  <div class='ocr_page' id='page_1' title='image "/cluster/home/n/w/nwhite01/storage/ocr_20150623/54:no.4:pt.2/coo.31924054869544/155.png"; bbox 0 0 3974 6460; ppageno 0'>
   <div class='ocr_carea' id='block_1_1' title="bbox 420 436 523 493">
    <p class='ocr_par' dir='ltr' id='par_1_1' title="bbox 420 436 523 493">
     <span class='ocr_line' id='line_1_1' title="bbox 420 436 523 493; baseline -0.01 -1"><span class='ocrx_word' id='word_1_1' title='bbox 420 436 523 493; x_wconf 71' lang='grc' dir='ltr'><strong>εἰξτ</strong></span> 
     </span>
    </p>
   </div>
   <div class='ocr_carea' id='block_1_2' title="bbox 422 536 2005 606">
    <p class='ocr_par' dir='ltr' id='par_1_2' title="bbox 422 536 2005 606">
     <span class='ocr_line' id='line_1_2' title="bbox 422 536 2005 606; baseline -0.01 0"><span class='ocrx_word' id='word_1_2' title='bbox 422 550 853 606; x_wconf 71' lang='lat' dir='ltr'><strong>benevolentiam</strong></span> <span class='ocrx_word' id='word_1_3' title='bbox 879 547 1048 601; x_wconf 83' lang='lat' dir='ltr'><strong>virtus</strong></span> <span class='ocrx_word' id='word_1_4' title='bbox 1075 544 1165 598; x_wconf 89' lang='lat' dir='ltr'><strong>lilii</strong></span> <span class='ocrx_word' id='word_1_5' title='bbox 1196 541 1297 596; x_wconf 84' lang='lat' dir='ltr'><strong>sibi</strong></span> <span class='ocrx_word' id='word_1_6' title='bbox 1325 538 1649 596; x_wconf 66' lang='lat' dir='ltr'><strong>conciliavit.</strong></span> <span class='ocrx_word' id='word_1_7' title='bbox 1675 536 1811 591; x_wconf 87' lang='lat' dir='ltr'><strong>Cum</strong></span> <span class='ocrx_word' id='word_1_8' title='bbox 1844 536 2005 606; x_wconf 89' lang='lat' dir='ltr'><strong>igitur</strong></span> 
     </span>
    </p>
   </div>
   <div class='ocr_carea' id='block_1_3' title="bbox 423 629 2007 711">
    <p class='ocr_par' dir='ltr' id='par_1_3' title="bbox 423 629 2007 711">
     <span class='ocr_line' id='line_1_3' title="bbox 423 629 2007 711; baseline -0.011 -16"><span class='ocrx_word' id='word_1_9' title='bbox 423 652 698 711; x_wconf 81' lang='lat' dir='ltr'><strong>oporteret</strong></span> <span class='ocrx_word' id='word_1_10' title='bbox 719 642 837 696; x_wconf 85' lang='lat' dir='ltr'><strong>illos</strong></span> <span class='ocrx_word' id='word_1_11' title='bbox 862 636 1052 694; x_wconf 90' lang='lat' dir='ltr'><strong>imitari</strong></span> <span class='ocrx_word' id='word_1_12' title='bbox 1074 635 1310 697; x_wconf 79' lang='lat' dir='ltr'><strong>fratrem,</strong></span> <span class='ocrx_word' id='word_1_13' title='bbox 1334 641 1390 687; x_wconf 90' lang='lat' dir='ltr'><strong>et</strong></span> <span class='ocrx_word' id='word_1_14' title='bbox 1407 631 1646 685; x_wconf 53' lang='lat' dir='ltr'><strong>simulari</strong></span> <span class='ocrx_word' id='word_1_15' title='bbox 1668 645 1844 684; x_wconf 81' lang='lat' dir='ltr'><strong>mores</strong></span> <span class='ocrx_word' id='word_1_16' title='bbox 1868 629 2007 697; x_wconf 79' lang='lat' dir='ltr'><strong>ejus,</strong></span> 
     </span>
    </p>
   </div>
   <div class='ocr_carea' id='block_1_4' title="bbox 425 718 2010 800">
    <p class='ocr_par' dir='ltr' id='par_1_4' title="bbox 425 718 2010 800">
     <span class='ocr_line' id='line_1_4' title="bbox 425 718 2010 800; baseline -0.009 -13"><span class='ocrx_word' id='word_1_17' title='bbox 425 745 486 787; x_wconf 87' lang='grc' dir='ltr'><strong>ιιι</strong></span> <span class='ocrx_word' id='word_1_18' title='bbox 510 734 589 787; x_wconf 86' lang='lat' dir='ltr'><strong>sic</strong></span> <span class='ocrx_word' id='word_1_19' title='bbox 614 742 668 787; x_wconf 85' lang='lat' dir='ltr'><strong>et</strong></span> <span class='ocrx_word' id='word_1_20' title='bbox 694 730 794 800; x_wconf 84' lang='lat' dir='ltr'><strong>ipsi</strong></span> <span class='ocrx_word' id='word_1_21' title='bbox 821 739 1021 799; x_wconf 81' lang='lat' dir='ltr'><strong>patrem</strong></span> <span class='ocrx_word' id='word_1_22' title='bbox 1042 726 1143 781; x_wconf 83' lang='lat' dir='ltr'><strong>sibi</strong></span> <span class='ocrx_word' id='word_1_23' title='bbox 1164 723 1535 782; x_wconf 84' lang='lat' dir='ltr'><strong>conciliarent,</strong></span> <span class='ocrx_word' id='word_1_24' title='bbox 1567 737 1637 775; x_wconf 90' lang='lat' dir='ltr'><strong>ne</strong></span> <span class='ocrx_word' id='word_1_25' title='bbox 1666 719 1769 774; x_wconf 89' lang='lat' dir='ltr'><strong>hoc</strong></span> <span class='ocrx_word' id='word_1_26' title='bbox 1791 718 2010 789; x_wconf 83' lang='lat' dir='ltr'><strong>quidem</strong></span> 
     </span>
    </p>
   </div>
   <div class='ocr_carea' id='block_1_5' title="bbox 428 810 2011 879">
    <p class='ocr_par' dir='ltr' id='par_1_5' title="bbox 428 810 2011 879">
     <span class='ocr_line' id='line_1_5' title="bbox 428 810 2011 879; baseline -0.009 -1"><span class='ocrx_word' id='word_1_27' title='bbox 428 823 532 878; x_wconf 82' lang='lat' dir='ltr'><strong>illis</strong></span> <span class='ocrx_word' id='word_1_28' title='bbox 574 823 628 877; x_wconf 88' lang='lat' dir='ltr'><strong>iu</strong></span> <span class='ocrx_word' id='word_1_29' title='bbox 672 829 906 874; x_wconf 87' lang='lat' dir='ltr'><strong>mentem</strong></span> <span class='ocrx_word' id='word_1_30' title='bbox 942 817 1115 879; x_wconf 81' lang='lat' dir='ltr'><strong>venit,</strong></span> <span class='ocrx_word' id='word_1_31' title='bbox 1158 815 1255 872; x_wconf 87' lang='lat' dir='ltr'><strong>sed</strong></span> <span class='ocrx_word' id='word_1_32' title='bbox 1296 813 1567 869; x_wconf 87' lang='lat' dir='ltr'><strong>communi</strong></span> <span class='ocrx_word' id='word_1_33' title='bbox 1611 812 1738 866; x_wconf 86' lang='lat' dir='ltr'><strong>odio</strong></span> <span class='ocrx_word' id='word_1_34' title='bbox 1785 810 1950 864; x_wconf 86' lang='lat' dir='ltr'><strong>lilium</strong></span> <span class='ocrx_word' id='word_1_35' title='bbox 1980 823 2011 863; x_wconf 92' lang='lat' dir='ltr'><strong>a</strong></span> 
     </span>
    </p>
   </div>
   <div class='ocr_carea' id='block_1_6' title="bbox 434 900 2010 982">
    <p class='ocr_par' dir='ltr' id='par_1_6' title="bbox 434 900 2010 982">
     <span class='ocr_line' id='line_1_6' title="bbox 434 900 2010 982; baseline -0.008 -17"><span class='ocrx_word' id='word_1_36' title='bbox 434 923 583 982; x_wconf 88' lang='lat' dir='ltr'><strong>patre</strong></span> <span class='ocrx_word' id='word_1_37' title='bbox 606 911 858 966; x_wconf 88' lang='lat' dir='ltr'><strong>dilectum</strong></span> <span class='ocrx_word' id='word_1_38' title='bbox 881 907 1361 979; x_wconf 79' lang='lat' dir='ltr'><strong>prosequebantur.</strong></span> <span class='ocrx_word' id='word_1_39' title='bbox 1395 904 1460 959; x_wconf 89' lang='lat' dir='ltr'><strong>Et</strong></span> <span class='ocrx_word' id='word_1_40' title='bbox 1488 903 1564 958; x_wconf 87' lang='lat' dir='ltr'><strong>illi</strong></span> <span class='ocrx_word' id='word_1_41' title='bbox 1591 902 1830 973; x_wconf 79' lang='lat' dir='ltr'><strong>quidem,</strong></span> <span class='ocrx_word' id='word_1_42' title='bbox 1859 900 2010 971; x_wconf 89' lang='lat' dir='ltr'><strong>quasi</strong></span> 
     </span>
    </p>
   </div>
   <div class='ocr_carea' id='block_1_7' title="bbox 435 989 2012 1067">
    <p class='ocr_par' dir='ltr' id='par_1_7' title="bbox 435 989 2012 1067">
     <span class='ocr_line' id='line_1_7' title="bbox 435 989 2012 1067; baseline -0.01 -10"><span class='ocrx_word' id='word_1_43' title='bbox 435 1003 617 1057; x_wconf 74' lang='lat' dir='ltr'><strong>hostes</strong></span> <span class='ocrx_word' id='word_1_44' title='bbox 646 1000 791 1067; x_wconf 88' lang='lat' dir='ltr'><strong>facti,</strong></span> <span class='ocrx_word' id='word_1_45' title='bbox 816 1001 959 1054; x_wconf 90' lang='lat' dir='ltr'><strong>intus</strong></span> <span class='ocrx_word' id='word_1_46' title='bbox 988 999 1244 1054; x_wconf 89' lang='lat' dir='ltr'><strong>latentem</strong></span> <span class='ocrx_word' id='word_1_47' title='bbox 1270 995 1526 1050; x_wconf 78' lang='lat' dir='ltr'><strong>malitiam</strong></span> <span class='ocrx_word' id='word_1_48' title='bbox 1557 993 1850 1063; x_wconf 85' lang='lat' dir='ltr'><strong>parientes,</strong></span> <span class='ocrx_word' id='word_1_49' title='bbox 1882 989 2012 1044; x_wconf 83' lang='lat' dir='ltr'><strong>nihil</strong></span> 
     </span>
    </p>
   </div>
   <div class='ocr_carea' id='block_1_8' title="bbox 437 1082 2014 1163">
    <p class='ocr_par' dir='ltr' id='par_1_8' title="bbox 437 1082 2014 1163">
     <span class='ocr_line' id='line_1_8' title="bbox 437 1082 2014 1163; baseline -0.01 -15"><span class='ocrx_word' id='word_1_50' title='bbox 437 1092 655 1163; x_wconf 75' lang='lat' dir='ltr'><strong>pacifica</strong></span> <span class='ocrx_word' id='word_1_51' title='bbox 697 1091 747 1147; x_wconf 93' lang='lat' dir='ltr'><strong>ei</strong></span> <span class='ocrx_word' id='word_1_52' title='bbox 771 1132 789 1158; x_wconf 91' lang='lat'><strong>,</strong></span> <span class='ocrx_word' id='word_1_53' title='bbox 833 1088 931 1145; x_wconf 90' lang='lat' dir='ltr'><strong>sed</strong></span> <span class='ocrx_word' id='word_1_54' title='bbox 971 1104 1093 1143; x_wconf 91' lang='lat' dir='ltr'><strong>cum</strong></span> <span class='ocrx_word' id='word_1_55' title='bbox 1124 1087 1251 1142; x_wconf 89' lang='lat' dir='ltr'><strong>dolo</strong></span> <span class='ocrx_word' id='word_1_56' title='bbox 1292 1085 1690 1155; x_wconf 89' lang='lat' dir='ltr'><strong>loquebantur:</strong></span> <span class='ocrx_word' id='word_1_57' title='bbox 1719 1082 1805 1136; x_wconf 91' lang='lat' dir='ltr'><strong>ille</strong></span> <span class='ocrx_word' id='word_1_58' title='bbox 1833 1088 2014 1135; x_wconf 83' lang='lat' dir='ltr'><strong>autem</strong></span> 
     </span>
    </p>
   </div>
   <div class='ocr_carea' id='block_1_9' title="bbox 434 1174 2015 1240">
    <p class='ocr_par' dir='ltr' id='par_1_9' title="bbox 434 1174 2015 1240">
     <span class='ocr_line' id='line_1_9' title="bbox 434 1174 2015 1240; baseline -0.01 -1"><span class='ocrx_word' id='word_1_59' title='bbox 434 1184 762 1240; x_wconf 77' lang='lat' dir='ltr'><strong>admirabilis</strong></span> <span class='ocrx_word' id='word_1_60' title='bbox 783 1181 1075 1237; x_wconf 78' lang='lat' dir='ltr'><strong>fraternam</strong></span> <span class='ocrx_word' id='word_1_61' title='bbox 1103 1177 1523 1235; x_wconf 84' lang='lat' dir='ltr'><strong>benevolentiam</strong></span> <span class='ocrx_word' id='word_1_62' title='bbox 1541 1191 1661 1229; x_wconf 90' lang='lat' dir='ltr'><strong>cum</strong></span> <span class='ocrx_word' id='word_1_63' title='bbox 1679 1174 1757 1229; x_wconf 88' lang='lat' dir='ltr'><strong>eis</strong></span> <span class='ocrx_word' id='word_1_64' title='bbox 1776 1187 2015 1237; x_wconf 82' lang='lat' dir='ltr'><strong>servans,</strong></span> 
     </span>
    </p>
   </div>
   <div class='ocr_carea' id='block_1_10' title="bbox 438 1262 2018 1344">
    <p class='ocr_par' dir='ltr' id='par_1_10' title="bbox 438 1262 2018 1344">
     <span class='ocr_line' id='line_1_10' title="bbox 438 1262 2018 1344; baseline -0.009 -15"><span class='ocrx_word' id='word_1_65' title='bbox 438 1274 678 1344; x_wconf 87' lang='lat' dir='ltr'><strong>nihilque</strong></span> <span class='ocrx_word' id='word_1_66' title='bbox 722 1272 1003 1342; x_wconf 85' lang='lat' dir='ltr'><strong>suspicans</strong></span> <span class='ocrx_word' id='word_1_67' title='bbox 1024 1309 1040 1337; x_wconf 91' lang='lat'><strong>,</strong></span> <span class='ocrx_word' id='word_1_68' title='bbox 1080 1279 1138 1325; x_wconf 91' lang='lat' dir='ltr'><strong>ut</strong></span> <span class='ocrx_word' id='word_1_69' title='bbox 1166 1268 1415 1324; x_wconf 78' lang='lat' dir='ltr'><strong>fratribus</strong></span> <span class='ocrx_word' id='word_1_70' title='bbox 1443 1266 1580 1322; x_wconf 78' lang='lat' dir='ltr'><strong>bene</strong></span> <span class='ocrx_word' id='word_1_71' title='bbox 1610 1264 1811 1329; x_wconf 87' lang='lat' dir='ltr'><strong>fidens,</strong></span> <span class='ocrx_word' id='word_1_72' title='bbox 1840 1262 2018 1317; x_wconf 82' lang='lat' dir='ltr'><strong>omnia</strong></span> 
     </span>
    </p>
   </div>
   <div class='ocr_carea' id='block_1_11' title="bbox 437 1360 1801 1434">
    <p class='ocr_par' dir='ltr' id='par_1_11' title="bbox 437 1360 1801 1434">
     <span class='ocr_line' id='line_1_11' title="bbox 437 1360 1801 1434; baseline -0.005 -16"><span class='ocrx_word' id='word_1_73' title='bbox 437 1380 558 1434; x_wconf 78' lang='lat' dir='ltr'><strong>qua:</strong></span> <span class='ocrx_word' id='word_1_74' title='bbox 584 1364 636 1418; x_wconf 91' lang='lat' dir='ltr'><strong>in</strong></span> <span class='ocrx_word' id='word_1_75' title='bbox 661 1377 721 1419; x_wconf 87' lang='lat' dir='ltr'><strong>se</strong></span> <span class='ocrx_word' id='word_1_76' title='bbox 739 1372 891 1417; x_wconf 84' lang='lat' dir='ltr'><strong>erant</strong></span> <span class='ocrx_word' id='word_1_77' title='bbox 919 1360 1165 1416; x_wconf 78' lang='lat' dir='ltr'><strong>faciebat.</strong></span> <span class='ocrx_word' id='word_1_78' title='bbox 1797 1395 1801 1398; x_wconf 53' lang='grc' dir='ltr'><strong><em>μ</em></strong></span> 
     </span>
    </p>
   </div>
   <div class='ocr_carea' id='block_1_12' title="bbox 507 1443 2019 1513">
    <p class='ocr_par' dir='ltr' id='par_1_12' title="bbox 507 1443 2019 1513">
     <span class='ocr_line' id='line_1_12' title="bbox 507 1443 2019 1513; baseline -0.006 -7"><span class='ocrx_word' id='word_1_79' title='bbox 507 1451 564 1506; x_wconf 70' lang='grc'><strong>2.</strong></span> <span class='ocrx_word' id='word_1_80' title='bbox 599 1452 693 1507; x_wconf 90' lang='lat' dir='ltr'><strong>llic</strong></span> <span class='ocrx_word' id='word_1_81' title='bbox 716 1451 944 1507; x_wconf 89' lang='lat' dir='ltr'><strong>morbus</strong></span> <span class='ocrx_word' id='word_1_82' title='bbox 998 1448 1067 1503; x_wconf 89' lang='lat' dir='ltr'><strong>ab</strong></span> <span class='ocrx_word' id='word_1_83' title='bbox 1092 1447 1240 1504; x_wconf 91' lang='lat' dir='ltr'><strong>initio</strong></span> <span class='ocrx_word' id='word_1_84' title='bbox 1266 1456 1321 1503; x_wconf 91' lang='lat' dir='ltr'><strong>et</strong></span> <span class='ocrx_word' id='word_1_85' title='bbox 1340 1446 1470 1501; x_wconf 86' lang='lat' dir='ltr'><strong>Cain</strong></span> <span class='ocrx_word' id='word_1_86' title='bbox 1496 1487 1514 1513; x_wconf 92' lang='lat'><strong>,</strong></span> <span class='ocrx_word' id='word_1_87' title='bbox 1536 1456 1590 1501; x_wconf 91' lang='lat' dir='ltr'><strong>ut</strong></span> <span class='ocrx_word' id='word_1_88' title='bbox 1620 1444 1835 1500; x_wconf 78' lang='lat' dir='ltr'><strong>fratrem</strong></span> <span class='ocrx_word' id='word_1_89' title='bbox 1873 1443 2019 1498; x_wconf 89' lang='lat' dir='ltr'><strong>occi-</strong></span> 
     </span>
    </p>
   </div>
   <div class='ocr_carea' id='block_1_13' title="bbox 442 1536 2023 1609">
    <p class='ocr_par' dir='ltr' id='par_1_13' title="bbox 442 1536 2023 1609">
     <span class='ocr_line' id='line_1_13' title="bbox 442 1536 2023 1609; baseline -0.005 -11"><span class='ocrx_word' id='word_1_90' title='bbox 442 1543 624 1607; x_wconf 84' lang='lat' dir='ltr'><strong>deret,</strong></span> <span class='ocrx_word' id='word_1_91' title='bbox 654 1541 899 1597; x_wconf 76' lang='lat' dir='ltr'><strong>armavit.</strong></span> <span class='ocrx_word' id='word_1_92' title='bbox 929 1540 997 1596; x_wconf 77' lang='lat' dir='ltr'><strong>Et</strong></span> <span class='ocrx_word' id='word_1_93' title='bbox 1040 1541 1179 1597; x_wconf 76' lang='lat' dir='ltr'><strong>sicut</strong></span> <span class='ocrx_word' id='word_1_94' title='bbox 1219 1539 1303 1594; x_wconf 85' lang='lat' dir='ltr'><strong>isti</strong></span> <span class='ocrx_word' id='word_1_95' title='bbox 1349 1547 1564 1609; x_wconf 83' lang='lat' dir='ltr'><strong>propter</strong></span> <span class='ocrx_word' id='word_1_96' title='bbox 1605 1536 2023 1592; x_wconf 84' lang='lat' dir='ltr'><strong>benevolentiam</strong></span> 
     </span>
    </p>
   </div>
   <div class='ocr_carea' id='block_1_14' title="bbox 444 1627 2027 1702">
    <p class='ocr_par' dir='ltr' id='par_1_14' title="bbox 444 1627 2027 1702">
     <span class='ocr_line' id='line_1_14' title="bbox 444 1627 2027 1702; baseline -0.001 -20"><span class='ocrx_word' id='word_1_97' title='bbox 444 1632 639 1702; x_wconf 77' lang='lat' dir='ltr'><strong>patris,</strong></span> <span class='ocrx_word' id='word_1_98' title='bbox 669 1646 825 1701; x_wconf 90' lang='lat' dir='ltr'><strong>quam</strong></span> <span class='ocrx_word' id='word_1_99' title='bbox 853 1646 977 1701; x_wconf 82' lang='lat' dir='ltr'><strong>erga</strong></span> <span class='ocrx_word' id='word_1_100' title='bbox 1007 1629 1171 1684; x_wconf 88' lang='lat' dir='ltr'><strong>lilium</strong></span> <span class='ocrx_word' id='word_1_101' title='bbox 1216 1629 1552 1695; x_wconf 87' lang='lat' dir='ltr'><strong>declarabat,</strong></span> <span class='ocrx_word' id='word_1_102' title='bbox 1576 1627 1700 1681; x_wconf 90' lang='lat' dir='ltr'><strong>odio</strong></span> <span class='ocrx_word' id='word_1_103' title='bbox 1728 1628 1874 1681; x_wconf 91' lang='lat' dir='ltr'><strong>illum</strong></span> <span class='ocrx_word' id='word_1_104' title='bbox 1903 1641 2027 1696; x_wconf 90' lang='lat' dir='ltr'><strong>pro-</strong></span> 
     </span>
    </p>
   </div>
   <div class='ocr_carea' id='block_1_15' title="bbox 445 1708 2026 1793">
    <p class='ocr_par' dir='ltr' id='par_1_15' title="bbox 445 1708 2026 1793">
     <span class='ocr_line' id='line_1_15' title="bbox 445 1708 2026 1793; baseline -0.004 -16"><span class='ocrx_word' id='word_1_105' title='bbox 445 1722 834 1793; x_wconf 85' lang='lat' dir='ltr'><strong>sequebantur,</strong></span> <span class='ocrx_word' id='word_1_106' title='bbox 863 1731 917 1776; x_wconf 91' lang='lat' dir='ltr'><strong>ct</strong></span> <span class='ocrx_word' id='word_1_107' title='bbox 945 1722 1252 1790; x_wconf 88' lang='lat' dir='ltr'><strong>impugnare</strong></span> <span class='ocrx_word' id='word_1_108' title='bbox 1298 1708 1673 1782; x_wconf 76' lang='lat' dir='ltr'><strong>moliebantur,</strong></span> <span class='ocrx_word' id='word_1_109' title='bbox 1699 1726 1756 1773; x_wconf 92' lang='lat' dir='ltr'><strong>et</strong></span> <span class='ocrx_word' id='word_1_110' title='bbox 1791 1716 2026 1787; x_wconf 88' lang='lat' dir='ltr'><strong>quotidie</strong></span> 
     </span>
    </p>
   </div>
   <div class='ocr_carea' id='block_1_16' title="bbox 445 1808 2019 1882">
    <p class='ocr_par' dir='ltr' id='par_1_16' title="bbox 445 1808 2019 1882">
     <span class='ocr_line' id='line_1_16' title="bbox 445 1808 2019 1882; baseline -0.003 -15"><span class='ocrx_word' id='word_1_111' title='bbox 445 1812 612 1882; x_wconf 68' lang='lat' dir='ltr'><strong>ipsius</strong></span> <span class='ocrx_word' id='word_1_112' title='bbox 638 1812 840 1868; x_wconf 65' lang='lat' dir='ltr'><strong>caedent</strong></span> <span class='ocrx_word' id='word_1_113' title='bbox 866 1810 1226 1880; x_wconf 86' lang='lat' dir='ltr'><strong>parturiebant</strong></span> <span class='ocrx_word' id='word_1_114' title='bbox 1253 1826 1269 1865; x_wconf 91' lang='lat'>:</span> <span class='ocrx_word' id='word_1_115' title='bbox 1294 1810 1481 1866; x_wconf 86' lang='lat' dir='ltr'><strong>eodem</strong></span> <span class='ocrx_word' id='word_1_116' title='bbox 1504 1824 1633 1865; x_wconf 84' lang='lat' dir='ltr'><strong>sane</strong></span> <span class='ocrx_word' id='word_1_117' title='bbox 1657 1809 1818 1863; x_wconf 87' lang='lat' dir='ltr'><strong>modo</strong></span> <span class='ocrx_word' id='word_1_118' title='bbox 1838 1819 1892 1863; x_wconf 93' lang='lat' dir='ltr'><strong>et</strong></span> <span class='ocrx_word' id='word_1_119' title='bbox 1912 1808 2019 1872; x_wconf 79' lang='lat' dir='ltr'><strong>ille,</strong></span> 
     </span>
    </p>
   </div>
   <div class='ocr_carea' id='block_1_17' title="bbox 447 1899 2026 1972">
    <p class='ocr_par' dir='ltr' id='par_1_17' title="bbox 447 1899 2026 1972">
     <span class='ocr_line' id='line_1_17' title="bbox 447 1899 2026 1972; baseline -0.003 -14"><span class='ocrx_word' id='word_1_120' title='bbox 447 1915 501 1958; x_wconf 91' lang='lat' dir='ltr'><strong>ut</strong></span> <span class='ocrx_word' id='word_1_121' title='bbox 531 1904 660 1958; x_wconf 83' lang='lat' dir='ltr'><strong>vidit</strong></span> <span class='ocrx_word' id='word_1_122' title='bbox 705 1904 881 1959; x_wconf 85' lang='lat' dir='ltr'><strong>fratris</strong></span> <span class='ocrx_word' id='word_1_123' title='bbox 926 1903 1064 1957; x_wconf 89' lang='lat' dir='ltr'><strong>dona</strong></span> <span class='ocrx_word' id='word_1_124' title='bbox 1117 1904 1225 1957; x_wconf 89' lang='lat' dir='ltr'><strong>Deo</strong></span> <span class='ocrx_word' id='word_1_125' title='bbox 1267 1902 1434 1972; x_wconf 87' lang='lat' dir='ltr'><strong>magis</strong></span> <span class='ocrx_word' id='word_1_126' title='bbox 1461 1912 1676 1971; x_wconf 82' lang='lat' dir='ltr'><strong>accepta</strong></span> <span class='ocrx_word' id='word_1_127' title='bbox 1724 1900 1925 1965; x_wconf 84' lang='lat' dir='ltr'><strong>fuisse,</strong></span> <span class='ocrx_word' id='word_1_128' title='bbox 1958 1899 2026 1954; x_wconf 85' lang='lat' dir='ltr'><strong>ad</strong></span> 
     </span>
    </p>
   </div>
   <div class='ocr_carea' id='block_1_18' title="bbox 443 1990 2029 2063">
    <p class='ocr_par' dir='ltr' id='par_1_18' title="bbox 443 1990 2029 2063">
     <span class='ocr_line' id='line_1_18' title="bbox 443 1990 2029 2063; baseline -0.003 -14"><span class='ocrx_word' id='word_1_129' title='bbox 443 2010 564 2049; x_wconf 86' lang='lat' dir='ltr'><strong>eum</strong></span> <span class='ocrx_word' id='word_1_130' title='bbox 590 1994 938 2050; x_wconf 89' lang='lat' dir='ltr'><strong>occidendum</strong></span> <span class='ocrx_word' id='word_1_131' title='bbox 966 2003 1282 2063; x_wconf 89' lang='lat' dir='ltr'><strong>provocatus</strong></span> <span class='ocrx_word' id='word_1_132' title='bbox 1316 2003 1400 2049; x_wconf 88' lang='lat' dir='ltr'><strong>est</strong></span> <span class='ocrx_word' id='word_1_133' title='bbox 1421 2033 1438 2055; x_wconf 91' lang='lat'><strong>,</strong></span> <span class='ocrx_word' id='word_1_134' title='bbox 1463 2003 1519 2048; x_wconf 90' lang='lat' dir='ltr'><strong>et</strong></span> <span class='ocrx_word' id='word_1_135' title='bbox 1539 1993 1741 2062; x_wconf 86' lang='lat' dir='ltr'><strong>inquit,</strong></span> <span class='ocrx_word' id='word_1_136' title='bbox 1775 1990 2029 2063; x_wconf 80' lang='lat' dir='ltr'><strong>Egredio-</strong></span> 
     </span>
    </p>
   </div>
   <div class='ocr_carea' id='block_1_19' title="bbox 447 2081 2031 2154">
    <p class='ocr_par' dir='ltr' id='par_1_19' title="bbox 447 2081 2031 2154">
     <span class='ocr_line' id='line_1_19' title="bbox 447 2081 2031 2154; baseline -0.001 -17"><span class='ocrx_word' id='word_1_137' title='bbox 447 2101 563 2138; x_wconf 79' lang='lat' dir='ltr'><strong>mur</strong></span> <span class='ocrx_word' id='word_1_138' title='bbox 590 2084 639 2137; x_wconf 87' lang='lat' dir='ltr'><strong>in</strong></span> <span class='ocrx_word' id='word_1_139' title='bbox 657 2100 893 2153; x_wconf 85' lang='lat' dir='ltr'><strong>campum</strong></span> <span class='ocrx_word' id='word_1_140' title='bbox 928 2082 1081 2152; x_wconf 78' lang='lat' dir='ltr'><strong>(Gen.</strong></span> <span class='ocrx_word' id='word_1_141' title='bbox 1110 2085 1163 2138; x_wconf 72' lang='grc'><strong>4.</strong></span> <span class='ocrx_word' id='word_1_142' title='bbox 1197 2084 1276 2154; x_wconf 84' lang='lat'><strong>8).</strong></span> <span class='ocrx_word' id='word_1_143' title='bbox 1315 2083 1473 2139; x_wconf 85' lang='lat' dir='ltr'><strong>Vides</strong></span> <span class='ocrx_word' id='word_1_144' title='bbox 1514 2082 1655 2137; x_wconf 85' lang='lat' dir='ltr'><strong>hunc</strong></span> <span class='ocrx_word' id='word_1_145' title='bbox 1701 2083 1861 2137; x_wconf 87' lang='lat' dir='ltr'><strong>etiam</strong></span> <span class='ocrx_word' id='word_1_146' title='bbox 1899 2081 2031 2136; x_wconf 82' lang='lat' dir='ltr'><strong>nihil</strong></span> 
     </span>
    </p>
   </div>
   <div class='ocr_carea' id='block_1_20' title="bbox 448 2173 2033 2243">
    <p class='ocr_par' dir='ltr' id='par_1_20' title="bbox 448 2173 2033 2243">
     <span class='ocr_line' id='line_1_20' title="bbox 448 2173 2033 2243; baseline 0.001 -16"><span class='ocrx_word' id='word_1_147' title='bbox 448 2173 774 2243; x_wconf 79' lang='lat' dir='ltr'><strong>suSpicatum</strong></span> <span class='ocrx_word' id='word_1_148' title='bbox 797 2214 815 2237; x_wconf 93' lang='lat'><strong>,</strong></span> <span class='ocrx_word' id='word_1_149' title='bbox 861 2174 1149 2229; x_wconf 88' lang='lat' dir='ltr'><strong>conlidisse</strong></span> <span class='ocrx_word' id='word_1_150' title='bbox 1187 2173 1371 2239; x_wconf 82' lang='lat' dir='ltr'><strong>fratri,</strong></span> <span class='ocrx_word' id='word_1_151' title='bbox 1403 2182 1459 2230; x_wconf 86' lang='lat' dir='ltr'><strong>et</strong></span> <span class='ocrx_word' id='word_1_152' title='bbox 1492 2174 1690 2229; x_wconf 83' lang='lat' dir='ltr'><strong>exiisse</strong></span> <span class='ocrx_word' id='word_1_153' title='bbox 1731 2187 1796 2228; x_wconf 91' lang='lat' dir='ltr'><strong>ac</strong></span> <span class='ocrx_word' id='word_1_154' title='bbox 1838 2182 2033 2243; x_wconf 55' lang='lat' dir='ltr'><strong>praeter</strong></span> 
     </span>
    </p>
   </div>
   <div class='ocr_carea' id='block_1_21' title="bbox 452 2263 2032 2319">
    <p class='ocr_par' dir='ltr' id='par_1_21' title="bbox 452 2263 2032 2319">
     <span class='ocr_line' id='line_1_21' title="bbox 452 2263 2032 2319; baseline 0.001 -2"><span class='ocrx_word' id='word_1_155' title='bbox 452 2264 613 2318; x_wconf 89' lang='lat' dir='ltr'><strong>animi</strong></span> <span class='ocrx_word' id='word_1_156' title='bbox 642 2265 963 2319; x_wconf 87' lang='lat' dir='ltr'><strong>sententiam</strong></span> <span class='ocrx_word' id='word_1_157' title='bbox 1012 2266 1064 2319; x_wconf 92' lang='lat' dir='ltr'><strong>itt</strong></span> <span class='ocrx_word' id='word_1_158' title='bbox 1116 2264 1376 2319; x_wconf 70' lang='lat' dir='ltr'><strong>nefariam</strong></span> <span class='ocrx_word' id='word_1_159' title='bbox 1429 2265 1570 2319; x_wconf 85' lang='lat' dir='ltr'><strong>illam</strong></span> <span class='ocrx_word' id='word_1_160' title='bbox 1612 2264 1852 2319; x_wconf 79' lang='lat' dir='ltr'><strong>dextram</strong></span> <span class='ocrx_word' id='word_1_161' title='bbox 1898 2263 2032 2319; x_wconf 86' lang='lat' dir='ltr'><strong>inci-</strong></span> 
     </span>
    </p>
   </div>
   <div class='ocr_carea' id='block_1_22' title="bbox 452 2354 2033 2427">
    <p class='ocr_par' dir='ltr' id='par_1_22' title="bbox 452 2354 2033 2427">
     <span class='ocr_line' id='line_1_22' title="bbox 452 2354 2033 2427; baseline 0.001 -18"><span class='ocrx_word' id='word_1_162' title='bbox 452 2354 634 2410; x_wconf 78' lang='lat' dir='ltr'><strong>disse?</strong></span> <span class='ocrx_word' id='word_1_163' title='bbox 679 2355 768 2413; x_wconf 85' lang='lat' dir='ltr'><strong>Sic</strong></span> <span class='ocrx_word' id='word_1_164' title='bbox 808 2371 937 2412; x_wconf 87' lang='lat' dir='ltr'><strong>sane</strong></span> <span class='ocrx_word' id='word_1_165' title='bbox 976 2367 1030 2412; x_wconf 91' lang='lat' dir='ltr'><strong>et</strong></span> <span class='ocrx_word' id='word_1_166' title='bbox 1070 2356 1399 2412; x_wconf 84' lang='lat' dir='ltr'><strong>admirabilis</strong></span> <span class='ocrx_word' id='word_1_167' title='bbox 1424 2356 1619 2427; x_wconf 82' lang='lat' dir='ltr'><strong>Joscplt</strong></span> <span class='ocrx_word' id='word_1_168' title='bbox 1649 2355 1894 2411; x_wconf 89' lang='lat' dir='ltr'><strong>nesciens</strong></span> <span class='ocrx_word' id='word_1_169' title='bbox 1915 2371 2033 2410; x_wconf 87' lang='lat' dir='ltr'><strong>ma-</strong></span> 
     </span>
    </p>
   </div>
   <div class='ocr_carea' id='block_1_23' title="bbox 457 2444 2032 2518">
    <p class='ocr_par' dir='ltr' id='par_1_23' title="bbox 457 2444 2032 2518">
     <span class='ocr_line' id='line_1_23' title="bbox 457 2444 2032 2518; baseline 0.001 -20"><span class='ocrx_word' id='word_1_170' title='bbox 457 2444 559 2499; x_wconf 88' lang='lat' dir='ltr'><strong>lum</strong></span> <span class='ocrx_word' id='word_1_171' title='bbox 592 2446 812 2502; x_wconf 87' lang='lat' dir='ltr'><strong>fratrum</strong></span> <span class='ocrx_word' id='word_1_172' title='bbox 836 2463 1055 2503; x_wconf 87' lang='lat' dir='ltr'><strong>suorum</strong></span> <span class='ocrx_word' id='word_1_173' title='bbox 1080 2462 1399 2503; x_wconf 71' lang='lat' dir='ltr'><strong>consensum</strong></span> <span class='ocrx_word' id='word_1_174' title='bbox 1426 2488 1442 2514; x_wconf 91' lang='lat'><strong>,</strong></span> <span class='ocrx_word' id='word_1_175' title='bbox 1477 2457 1742 2518; x_wconf 84' lang='lat' dir='ltr'><strong>tamquam</strong></span> <span class='ocrx_word' id='word_1_176' title='bbox 1772 2462 1893 2501; x_wconf 90' lang='lat' dir='ltr'><strong>cum</strong></span> <span class='ocrx_word' id='word_1_177' title='bbox 1920 2444 2032 2500; x_wconf 87' lang='lat' dir='ltr'><strong>fra-</strong></span> 
     </span>
    </p>
   </div>
   <div class='ocr_carea' id='block_1_24' title="bbox 454 2535 2034 2609">
    <p class='ocr_par' dir='ltr' id='par_1_24' title="bbox 454 2535 2034 2609">
     <span class='ocr_line' id='line_1_24' title="bbox 454 2535 2034 2609; baseline 0 -19"><span class='ocrx_word' id='word_1_178' title='bbox 454 2537 623 2592; x_wconf 86' lang='lat' dir='ltr'><strong>tribus</strong></span> <span class='ocrx_word' id='word_1_179' title='bbox 647 2553 771 2592; x_wconf 85' lang='lat' dir='ltr'><strong>cum</strong></span> <span class='ocrx_word' id='word_1_180' title='bbox 798 2537 877 2593; x_wconf 89' lang='lat' dir='ltr'><strong>eis</strong></span> <span class='ocrx_word' id='word_1_181' title='bbox 901 2537 1234 2609; x_wconf 83' lang='lat' dir='ltr'><strong>loquebatur,</strong></span> <span class='ocrx_word' id='word_1_182' title='bbox 1257 2547 1312 2592; x_wconf 88' lang='lat' dir='ltr'><strong>et</strong></span> <span class='ocrx_word' id='word_1_183' title='bbox 1340 2538 1600 2593; x_wconf 76' lang='lat' dir='ltr'><strong>insomnia</strong></span> <span class='ocrx_word' id='word_1_184' title='bbox 1642 2537 1753 2606; x_wconf 84' lang='lat' dir='ltr'><strong>ipsa</strong></span> <span class='ocrx_word' id='word_1_185' title='bbox 1789 2552 1909 2605; x_wconf 74' lang='lat' dir='ltr'><strong>qua:</strong></span> <span class='ocrx_word' id='word_1_186' title='bbox 1931 2535 2034 2591; x_wconf 80' lang='lat' dir='ltr'><strong>sibi</strong></span> 
     </span>
    </p>
   </div>
   <div class='ocr_carea' id='block_1_25' title="bbox 456 2626 2033 2698">
    <p class='ocr_par' dir='ltr' id='par_1_25' title="bbox 456 2626 2033 2698">
     <span class='ocr_line' id='line_1_25' title="bbox 456 2626 2033 2698; baseline 0.001 -20"><span class='ocrx_word' id='word_1_187' title='bbox 456 2627 593 2680; x_wconf 76' lang='lat' dir='ltr'><strong>licus</strong></span> <span class='ocrx_word' id='word_1_188' title='bbox 640 2627 969 2683; x_wconf 70' lang='lat' dir='ltr'><strong>revelaverat</strong></span> <span class='ocrx_word' id='word_1_189' title='bbox 990 2670 1006 2693; x_wconf 93' lang='lat'><strong>,</strong></span> <span class='ocrx_word' id='word_1_190' title='bbox 1033 2627 1406 2698; x_wconf 66' lang='lat' dir='ltr'><strong>praesignando</strong></span> <span class='ocrx_word' id='word_1_191' title='bbox 1442 2627 1666 2697; x_wconf 85' lang='lat' dir='ltr'><strong>gloriam</strong></span> <span class='ocrx_word' id='word_1_192' title='bbox 1701 2626 1805 2680; x_wconf 86' lang='lat' dir='ltr'><strong>sibi</strong></span> <span class='ocrx_word' id='word_1_193' title='bbox 1826 2627 2033 2681; x_wconf 84' lang='lat' dir='ltr'><strong>obven-</strong></span> 
     </span>
    </p>
   </div>
   <div class='ocr_carea' id='block_1_26' title="bbox 454 2716 2032 2788">
    <p class='ocr_par' dir='ltr' id='par_1_26' title="bbox 454 2716 2032 2788">
     <span class='ocr_line' id='line_1_26' title="bbox 454 2716 2032 2788; baseline 0.001 -17"><span class='ocrx_word' id='word_1_194' title='bbox 454 2727 624 2772; x_wconf 75' lang='lat' dir='ltr'><strong>turam</strong></span> <span class='ocrx_word' id='word_1_195' title='bbox 650 2728 703 2773; x_wconf 83' lang='lat' dir='ltr'><strong>et</strong></span> <span class='ocrx_word' id='word_1_196' title='bbox 724 2716 948 2774; x_wconf 84' lang='lat' dir='ltr'><strong>fratrum</strong></span> <span class='ocrx_word' id='word_1_197' title='bbox 973 2718 1382 2788; x_wconf 76' lang='lat' dir='ltr'><strong>subiectionem,</strong></span> <span class='ocrx_word' id='word_1_198' title='bbox 1411 2719 1465 2773; x_wconf 91' lang='lat' dir='ltr'><strong>in</strong></span> <span class='ocrx_word' id='word_1_199' title='bbox 1502 2718 1733 2773; x_wconf 87' lang='lat' dir='ltr'><strong>tuedittm</strong></span> <span class='ocrx_word' id='word_1_200' title='bbox 1765 2732 2032 2787; x_wconf 88' lang='lat' dir='ltr'><strong>propone-</strong></span> 
     </span>
    </p>
   </div>
   <div class='ocr_carea' id='block_1_27' title="bbox 456 2806 2028 2879">
    <p class='ocr_par' dir='ltr' id='par_1_27' title="bbox 456 2806 2028 2879">
     <span class='ocr_line' id='line_1_27' title="bbox 456 2806 2028 2879; baseline 0 -17"><span class='ocrx_word' id='word_1_201' title='bbox 456 2809 564 2862; x_wconf 90' lang='lat' dir='ltr'><strong>bat.</strong></span> <span class='ocrx_word' id='word_1_202' title='bbox 594 2810 648 2865; x_wconf 88' lang='lat'><strong>5.</strong></span> <span class='ocrx_word' id='word_1_203' title='bbox 670 2806 798 2864; x_wconf 86' lang='lat' dir='ltr'><strong>Cum</strong></span> <span class='ocrx_word' id='word_1_204' title='bbox 821 2810 964 2864; x_wconf 87' lang='lat' dir='ltr'><strong>enim</strong></span> <span class='ocrx_word' id='word_1_205' title='bbox 982 2811 1298 2871; x_wconf 83' lang='lat' dir='ltr'><strong>somniasset.</strong></span> <span class='ocrx_word' id='word_1_206' title='bbox 1320 2810 1589 2870; x_wconf 78' lang='lat' dir='ltr'><strong>somnium,</strong></span> <span class='ocrx_word' id='word_1_207' title='bbox 1618 2809 1804 2879; x_wconf 88' lang='lat' dir='ltr'><strong>inquit,</strong></span> <span class='ocrx_word' id='word_1_208' title='bbox 1831 2825 2028 2862; x_wconf 86' lang='lat' dir='ltr'><strong>annun-</strong></span> 
     </span>
    </p>
   </div>
   <div class='ocr_carea' id='block_1_28' title="bbox 456 2897 2037 2969">
    <p class='ocr_par' dir='ltr' id='par_1_28' title="bbox 456 2897 2037 2969">
     <span class='ocr_line' id='line_1_28' title="bbox 456 2897 2037 2969; baseline -0.001 -17"><span class='ocrx_word' id='word_1_209' title='bbox 456 2898 596 2952; x_wconf 83' lang='lat' dir='ltr'><strong>tinoit</strong></span> <span class='ocrx_word' id='word_1_210' title='bbox 619 2898 858 2969; x_wconf 75' lang='lat' dir='ltr'><strong>fratribus</strong></span> <span class='ocrx_word' id='word_1_211' title='bbox 883 2900 1007 2967; x_wconf 81' lang='lat' dir='ltr'><strong>suis,</strong></span> <span class='ocrx_word' id='word_1_212' title='bbox 1030 2898 1086 2954; x_wconf 83' lang='lat'><strong>6.</strong></span> <span class='ocrx_word' id='word_1_213' title='bbox 1107 2908 1154 2953; x_wconf 83' lang='lat' dir='ltr'><strong>et</strong></span> <span class='ocrx_word' id='word_1_214' title='bbox 1172 2900 1301 2953; x_wconf 68' lang='lat' dir='ltr'><strong>dixit</strong></span> <span class='ocrx_word' id='word_1_215' title='bbox 1320 2899 1392 2953; x_wconf 84' lang='lat' dir='ltr'><strong>eis</strong></span> <span class='ocrx_word' id='word_1_216' title='bbox 1422 2913 1442 2953; x_wconf 82' lang='lat'><strong>.&#39;</strong></span> <span class='ocrx_word' id='word_1_217' title='bbox 1467 2897 1649 2953; x_wconf 79' lang='lat' dir='ltr'><strong>Audite</strong></span> <span class='ocrx_word' id='word_1_218' title='bbox 1673 2899 1922 2952; x_wconf 86' lang='lat' dir='ltr'><strong>somnium</strong></span> <span class='ocrx_word' id='word_1_219' title='bbox 1941 2898 2037 2951; x_wconf 84' lang='lat' dir='ltr'><strong>Itoc</strong></span> 
     </span>
    </p>
   </div>
   <div class='ocr_carea' id='block_1_29' title="bbox 455 2987 2033 3060">
    <p class='ocr_par' dir='ltr' id='par_1_29' title="bbox 455 2987 2033 3060">
     <span class='ocr_line' id='line_1_29' title="bbox 455 2987 2033 3060; baseline 0 -18"><span class='ocrx_word' id='word_1_220' title='bbox 455 3005 640 3042; x_wconf 59' lang='lat' dir='ltr'><strong>utrum.</strong></span> <span class='ocrx_word' id='word_1_221' title='bbox 664 2989 716 3042; x_wconf 89' lang='lat'><strong>7.</strong></span> <span class='ocrx_word' id='word_1_222' title='bbox 740 2987 988 3043; x_wconf 81' lang='lat' dir='ltr'><strong>Putabam</strong></span> <span class='ocrx_word' id='word_1_223' title='bbox 1004 3005 1094 3044; x_wconf 89' lang='lat' dir='ltr'><strong>nos</strong></span> <span class='ocrx_word' id='word_1_224' title='bbox 1119 2989 1405 3059; x_wconf 81' lang='lat' dir='ltr'><strong>manipulos</strong></span> <span class='ocrx_word' id='word_1_225' title='bbox 1428 2991 1588 3060; x_wconf 78' lang='lat' dir='ltr'><strong>ligare</strong></span> <span class='ocrx_word' id='word_1_226' title='bbox 1616 2989 1666 3042; x_wconf 89' lang='lat' dir='ltr'><strong>in</strong></span> <span class='ocrx_word' id='word_1_227' title='bbox 1703 2989 1864 3043; x_wconf 76' lang='lat' dir='ltr'><strong>medio</strong></span> <span class='ocrx_word' id='word_1_228' title='bbox 1891 3004 2033 3059; x_wconf 86' lang='lat' dir='ltr'><strong>agro,</strong></span> 
     </span>
    </p>
   </div>
   <div class='ocr_carea' id='block_1_30' title="bbox 455 3079 2036 3149">
    <p class='ocr_par' dir='ltr' id='par_1_30' title="bbox 455 3079 2036 3149">
     <span class='ocr_line' id='line_1_30' title="bbox 455 3079 2036 3149; baseline 0.001 -17"><span class='ocrx_word' id='word_1_229' title='bbox 455 3089 504 3134; x_wconf 89' lang='lat' dir='ltr'><strong>et</strong></span> <span class='ocrx_word' id='word_1_230' title='bbox 517 3079 733 3134; x_wconf 71' lang='lat' dir='ltr'><strong>surrexit</strong></span> <span class='ocrx_word' id='word_1_231' title='bbox 757 3080 1047 3149; x_wconf 78' lang='lat' dir='ltr'><strong>manipulus</strong></span> <span class='ocrx_word' id='word_1_232' title='bbox 1070 3096 1240 3147; x_wconf 75' lang='lat' dir='ltr'><strong>meus,</strong></span> <span class='ocrx_word' id='word_1_233' title='bbox 1267 3090 1312 3134; x_wconf 83' lang='lat' dir='ltr'><strong>et</strong></span> <span class='ocrx_word' id='word_1_234' title='bbox 1332 3091 1526 3135; x_wconf 83' lang='lat' dir='ltr'><strong>erectus</strong></span> <span class='ocrx_word' id='word_1_235' title='bbox 1551 3090 1623 3135; x_wconf 85' lang='lat' dir='ltr'><strong>est</strong></span> <span class='ocrx_word' id='word_1_236' title='bbox 1650 3095 1670 3137; x_wconf 73' lang='grc' dir='ltr'><strong><em>ε</em></strong></span> <span class='ocrx_word' id='word_1_237' title='bbox 1696 3079 2036 3134; x_wconf 80' lang='lat' dir='ltr'><strong>circumstan-</strong></span> 
     </span>
    </p>
   </div>
   <div class='ocr_carea' id='block_1_31' title="bbox 458 3171 2037 3242">
    <p class='ocr_par' dir='ltr' id='par_1_31' title="bbox 458 3171 2037 3242">
     <span class='ocr_line' id='line_1_31' title="bbox 458 3171 2037 3242; baseline 0.003 -19"><span class='ocrx_word' id='word_1_238' title='bbox 458 3180 531 3224; x_wconf 90' lang='lat' dir='ltr'><strong>tes</strong></span> <span class='ocrx_word' id='word_1_239' title='bbox 551 3181 718 3224; x_wconf 86' lang='lat' dir='ltr'><strong>autem</strong></span> <span class='ocrx_word' id='word_1_240' title='bbox 734 3171 980 3240; x_wconf 85' lang='lat' dir='ltr'><strong>manipuli</strong></span> <span class='ocrx_word' id='word_1_241' title='bbox 1000 3171 1146 3226; x_wconf 85' lang='lat' dir='ltr'><strong>vestri</strong></span> <span class='ocrx_word' id='word_1_242' title='bbox 1159 3172 1496 3225; x_wconf 82' lang='lat' dir='ltr'><strong>adoraverunt</strong></span> <span class='ocrx_word' id='word_1_243' title='bbox 1517 3172 1830 3242; x_wconf 84' lang='lat' dir='ltr'><strong>manipulum</strong></span> <span class='ocrx_word' id='word_1_244' title='bbox 1853 3187 2037 3228; x_wconf 77' lang='lat' dir='ltr'><strong>meum.</strong></span> 
     </span>
    </p>
   </div>
   <div class='ocr_carea' id='block_1_32' title="bbox 464 3259 2037 3333">
    <p class='ocr_par' dir='ltr' id='par_1_32' title="bbox 464 3259 2037 3333">
     <span class='ocr_line' id='line_1_32' title="bbox 464 3259 2037 3333; baseline 0 -16"><span class='ocrx_word' id='word_1_245' title='bbox 464 3260 496 3317; x_wconf 82' lang='lat'>8</span> <span class='ocrx_word' id='word_1_246' title='bbox 568 3259 816 3315; x_wconf 70' lang='lat' dir='ltr'><strong>Dixerunt</strong></span> <span class='ocrx_word' id='word_1_247' title='bbox 844 3271 1010 3317; x_wconf 82' lang='lat' dir='ltr'><strong>autem</strong></span> <span class='ocrx_word' id='word_1_248' title='bbox 1052 3262 1097 3317; x_wconf 85' lang='lat' dir='ltr'><strong>ei</strong></span> <span class='ocrx_word' id='word_1_249' title='bbox 1121 3264 1304 3333; x_wconf 79' lang='lat' dir='ltr'><strong>fratres</strong></span> <span class='ocrx_word' id='word_1_250' title='bbox 1333 3278 1352 3317; x_wconf 91' lang='lat'><strong><em>:</em></strong></span> <span class='ocrx_word' id='word_1_251' title='bbox 1383 3260 1524 3315; x_wconf 87' lang='lat' dir='ltr'><strong>Nunt</strong></span> <span class='ocrx_word' id='word_1_252' title='bbox 1549 3278 1766 3333; x_wconf 78' lang='lat' dir='ltr'><strong>regnans</strong></span> <span class='ocrx_word' id='word_1_253' title='bbox 1802 3262 2037 3332; x_wconf 72' lang='lat' dir='ltr'><strong>regnabis</strong></span> 
     </span>
    </p>
   </div>
   <div class='ocr_carea' id='block_1_33' title="bbox 459 3353 2041 3425">
    <p class='ocr_par' dir='ltr' id='par_1_33' title="bbox 459 3353 2041 3425">
     <span class='ocr_line' id='line_1_33' title="bbox 459 3353 2041 3425; baseline 0.001 -21"><span class='ocrx_word' id='word_1_254' title='bbox 459 3366 609 3421; x_wconf 84' lang='lat' dir='ltr'><strong>super</strong></span> <span class='ocrx_word' id='word_1_255' title='bbox 636 3368 746 3420; x_wconf 88' lang='lat' dir='ltr'><strong>nos,</strong></span> <span class='ocrx_word' id='word_1_256' title='bbox 778 3363 867 3406; x_wconf 86' lang='lat' dir='ltr'><strong>aut</strong></span> <span class='ocrx_word' id='word_1_257' title='bbox 889 3353 1155 3409; x_wconf 87' lang='lat' dir='ltr'><strong>dominans</strong></span> <span class='ocrx_word' id='word_1_258' title='bbox 1182 3353 1518 3408; x_wconf 83' lang='lat' dir='ltr'><strong>dominaberis</strong></span> <span class='ocrx_word' id='word_1_259' title='bbox 1562 3354 1721 3408; x_wconf 79' lang='lat' dir='ltr'><strong>nostri</strong></span> <span class='ocrx_word' id='word_1_260' title='bbox 1740 3354 1767 3408; x_wconf 84' lang='lat'><strong><em>?</em></strong></span> <span class='ocrx_word' id='word_1_261' title='bbox 1789 3353 1855 3408; x_wconf 79' lang='lat' dir='ltr'><strong>Et</strong></span> <span class='ocrx_word' id='word_1_262' title='bbox 1878 3369 2041 3425; x_wconf 80' lang='lat' dir='ltr'><strong>appo-</strong></span> 
     </span>
    </p>
   </div>
   <div class='ocr_carea' id='block_1_34' title="bbox 455 3445 2040 3516">
    <p class='ocr_par' dir='ltr' id='par_1_34' title="bbox 455 3445 2040 3516">
     <span class='ocr_line' id='line_1_34' title="bbox 455 3445 2040 3516; baseline 0.001 -19"><span class='ocrx_word' id='word_1_263' title='bbox 455 3453 660 3498; x_wconf 80' lang='lat' dir='ltr'><strong>sueram</strong></span> <span class='ocrx_word' id='word_1_264' title='bbox 703 3445 872 3499; x_wconf 81' lang='lat' dir='ltr'><strong>adhuc</strong></span> <span class='ocrx_word' id='word_1_265' title='bbox 910 3461 1024 3499; x_wconf 83' lang='lat' dir='ltr'><strong>eum</strong></span> <span class='ocrx_word' id='word_1_266' title='bbox 1064 3446 1184 3501; x_wconf 82' lang='lat' dir='ltr'><strong>odio</strong></span> <span class='ocrx_word' id='word_1_267' title='bbox 1237 3446 1466 3516; x_wconf 76' lang='lat' dir='ltr'><strong>prosequi</strong></span> <span class='ocrx_word' id='word_1_268' title='bbox 1517 3456 1721 3516; x_wconf 76' lang='lat' dir='ltr'><strong>propter</strong></span> <span class='ocrx_word' id='word_1_269' title='bbox 1757 3445 1954 3499; x_wconf 84' lang='lat' dir='ltr'><strong>somnia</strong></span> <span class='ocrx_word' id='word_1_270' title='bbox 1991 3454 2040 3500; x_wconf 86' lang='lat' dir='ltr'><strong>et</strong></span> 
     </span>
    </p>
   </div>
   <div class='ocr_carea' id='block_1_35' title="bbox 465 3537 2039 3609">
    <p class='ocr_par' dir='ltr' id='par_1_35' title="bbox 465 3537 2039 3609">
     <span class='ocr_line' id='line_1_35' title="bbox 465 3537 2039 3609; baseline 0.001 -19"><span class='ocrx_word' id='word_1_271' title='bbox 465 3538 612 3592; x_wconf 76' lang='lat' dir='ltr'><strong>verba</strong></span> <span class='ocrx_word' id='word_1_272' title='bbox 643 3555 757 3593; x_wconf 87' lang='lat' dir='ltr'><strong>sua.</strong></span> <span class='ocrx_word' id='word_1_273' title='bbox 784 3538 1069 3609; x_wconf 80' lang='lat' dir='ltr'><strong>Propterea</strong></span> <span class='ocrx_word' id='word_1_274' title='bbox 1100 3539 1248 3609; x_wconf 85' lang='lat' dir='ltr'><strong>prius</strong></span> <span class='ocrx_word' id='word_1_275' title='bbox 1270 3554 1482 3609; x_wconf 88' lang='lat' dir='ltr'><strong>quoque</strong></span> <span class='ocrx_word' id='word_1_276' title='bbox 1510 3539 1689 3593; x_wconf 89' lang='lat' dir='ltr'><strong>docuit</strong></span> <span class='ocrx_word' id='word_1_277' title='bbox 1711 3539 1831 3592; x_wconf 90' lang='lat' dir='ltr'><strong>illos</strong></span> <span class='ocrx_word' id='word_1_278' title='bbox 1857 3537 2039 3592; x_wconf 88' lang='lat' dir='ltr'><strong>odium</strong></span> 
     </span>
    </p>
   </div>
   <div class='ocr_carea' id='block_1_36' title="bbox 457 3627 2041 3699">
    <p class='ocr_par' dir='ltr' id='par_1_36' title="bbox 457 3627 2041 3699">
     <span class='ocr_line' id='line_1_36' title="bbox 457 3627 2041 3699; baseline -0.001 -16"><span class='ocrx_word' id='word_1_279' title='bbox 457 3643 582 3699; x_wconf 86' lang='lat' dir='ltr'><strong>erga</strong></span> <span class='ocrx_word' id='word_1_280' title='bbox 609 3644 729 3684; x_wconf 90' lang='lat' dir='ltr'><strong>eum</strong></span> <span class='ocrx_word' id='word_1_281' title='bbox 767 3640 922 3684; x_wconf 86' lang='lat' dir='ltr'><strong>antea</strong></span> <span class='ocrx_word' id='word_1_282' title='bbox 948 3630 1255 3685; x_wconf 82' lang='lat' dir='ltr'><strong>exhibuisse</strong></span> <span class='ocrx_word' id='word_1_283' title='bbox 1274 3672 1290 3696; x_wconf 90' lang='lat'><strong>,</strong></span> <span class='ocrx_word' id='word_1_284' title='bbox 1320 3637 1378 3684; x_wconf 86' lang='lat' dir='ltr'><strong>ut</strong></span> <span class='ocrx_word' id='word_1_285' title='bbox 1416 3645 1483 3684; x_wconf 91' lang='lat' dir='ltr'><strong>ne</strong></span> <span class='ocrx_word' id='word_1_286' title='bbox 1514 3637 1756 3698; x_wconf 85' lang='lat' dir='ltr'><strong>putemus</strong></span> <span class='ocrx_word' id='word_1_287' title='bbox 1783 3644 1876 3684; x_wconf 83' lang='lat' dir='ltr'><strong>eos</strong></span> <span class='ocrx_word' id='word_1_288' title='bbox 1916 3627 2041 3682; x_wconf 89' lang='lat' dir='ltr'><strong>hinc</strong></span> 
     </span>
    </p>
   </div>
   <div class='ocr_carea' id='block_1_37' title="bbox 457 3718 2039 3789">
    <p class='ocr_par' dir='ltr' id='par_1_37' title="bbox 457 3718 2039 3789">
     <span class='ocr_line' id='line_1_37' title="bbox 457 3718 2039 3789; baseline 0.001 -19"><span class='ocrx_word' id='word_1_289' title='bbox 457 3720 749 3788; x_wconf 86' lang='lat' dir='ltr'><strong>sumpsisse</strong></span> <span class='ocrx_word' id='word_1_290' title='bbox 788 3718 896 3773; x_wconf 91' lang='lat' dir='ltr'><strong>odii</strong></span> <span class='ocrx_word' id='word_1_291' title='bbox 945 3720 1025 3774; x_wconf 89' lang='lat' dir='ltr'><strong>sui</strong></span> <span class='ocrx_word' id='word_1_292' title='bbox 1075 3726 1259 3775; x_wconf 89' lang='lat' dir='ltr'><strong>contra</strong></span> <span class='ocrx_word' id='word_1_293' title='bbox 1286 3735 1407 3774; x_wconf 90' lang='lat' dir='ltr'><strong>cum</strong></span> <span class='ocrx_word' id='word_1_294' title='bbox 1454 3720 1752 3774; x_wconf 79' lang='lat' dir='ltr'><strong>exordium.</strong></span> <span class='ocrx_word' id='word_1_295' title='bbox 1781 3719 2039 3789; x_wconf 70' lang='lat' dir='ltr'><strong>Apposita-</strong></span> 
     </span>
    </p>
   </div>
   <div class='ocr_carea' id='block_1_38' title="bbox 458 3811 2041 3893">
    <p class='ocr_par' dir='ltr' id='par_1_38' title="bbox 458 3811 2041 3893">
     <span class='ocr_line' id='line_1_38' title="bbox 458 3811 2041 3893; baseline 0.004 -31"><span class='ocrx_word' id='word_1_296' title='bbox 458 3818 577 3863; x_wconf 85' lang='lat' dir='ltr'><strong>runt</strong></span> <span class='ocrx_word' id='word_1_297' title='bbox 609 3812 749 3865; x_wconf 89' lang='lat' dir='ltr'><strong>enim</strong></span> <span class='ocrx_word' id='word_1_298' title='bbox 785 3811 951 3866; x_wconf 80' lang='lat' dir='ltr'><strong>adhuc</strong></span> <span class='ocrx_word' id='word_1_299' title='bbox 985 3828 1099 3893; x_wconf 66' lang='lat' dir='ltr'><strong>eum</strong></span> <span class='ocrx_word' id='word_1_300' title='bbox 1140 3812 1257 3866; x_wconf 89' lang='lat' dir='ltr'><strong>odio</strong></span> <span class='ocrx_word' id='word_1_301' title='bbox 1296 3813 1528 3883; x_wconf 83' lang='lat' dir='ltr'><strong>prosequi</strong></span> <span class='ocrx_word' id='word_1_302' title='bbox 1555 3827 1576 3866; x_wconf 89' lang='lat'><strong><em>:</em></strong></span> <span class='ocrx_word' id='word_1_303' title='bbox 1600 3811 1701 3867; x_wconf 92' lang='lat' dir='ltr'><strong>hoc</strong></span> <span class='ocrx_word' id='word_1_304' title='bbox 1726 3822 1807 3866; x_wconf 89' lang='lat' dir='ltr'><strong>est</strong></span> <span class='ocrx_word' id='word_1_305' title='bbox 1827 3854 1842 3878; x_wconf 94' lang='lat'><strong>,</strong></span> <span class='ocrx_word' id='word_1_306' title='bbox 1874 3812 2041 3868; x_wconf 87' lang='lat' dir='ltr'><strong>multo</strong></span> 
     </span>
    </p>
   </div>
   <div class='ocr_carea' id='block_1_39' title="bbox 459 3900 2042 3979">
    <p class='ocr_par' dir='ltr' id='par_1_39' title="bbox 459 3900 2042 3979">
     <span class='ocr_line' id='line_1_39' title="bbox 459 3900 2042 3979; baseline 0.005 -25"><span class='ocrx_word' id='word_1_307' title='bbox 459 3900 628 3970; x_wconf 88' lang='lat' dir='ltr'><strong>magis</strong></span> <span class='ocrx_word' id='word_1_308' title='bbox 653 3902 923 3972; x_wconf 87' lang='lat' dir='ltr'><strong>augebant</strong></span> <span class='ocrx_word' id='word_1_309' title='bbox 957 3902 1137 3979; x_wconf 72' lang='lat' dir='ltr'><strong>odium</strong></span> <span class='ocrx_word' id='word_1_310' title='bbox 1169 3912 1223 3958; x_wconf 92' lang='lat' dir='ltr'><strong>et</strong></span> <span class='ocrx_word' id='word_1_311' title='bbox 1246 3903 1550 3959; x_wconf 86' lang='lat' dir='ltr'><strong>inimicitias</strong></span> <span class='ocrx_word' id='word_1_312' title='bbox 1573 3915 1756 3959; x_wconf 87' lang='lat' dir='ltr'><strong>contra</strong></span> <span class='ocrx_word' id='word_1_313' title='bbox 1801 3921 1943 3960; x_wconf 88' lang='lat' dir='ltr'><strong>euttt.</strong></span> <span class='ocrx_word' id='word_1_314' title='bbox 1976 3906 2042 3962; x_wconf 72' lang='lat' dir='ltr'><strong>lit</strong></span> 
     </span>
    </p>
   </div>
   <div class='ocr_carea' id='block_1_40' title="bbox 459 3991 2037 4069">
    <p class='ocr_par' dir='ltr' id='par_1_40' title="bbox 459 3991 2037 4069">
     <span class='ocr_line' id='line_1_40' title="bbox 459 3991 2037 4069; baseline 0.003 -25"><span class='ocrx_word' id='word_1_315' title='bbox 459 3991 579 4047; x_wconf 86' lang='lat' dir='ltr'><strong>vide</strong></span> <span class='ocrx_word' id='word_1_316' title='bbox 629 3992 818 4048; x_wconf 89' lang='lat' dir='ltr'><strong>miram</strong></span> <span class='ocrx_word' id='word_1_317' title='bbox 847 3993 1392 4069; x_wconf 36' lang='lat' dir='ltr'><strong>illorumuctecitatem</strong></span> <span class='ocrx_word' id='word_1_318' title='bbox 1421 4012 1436 4050; x_wconf 88' lang='lat'><strong>:</strong></span> <span class='ocrx_word' id='word_1_319' title='bbox 1462 3995 1558 4065; x_wconf 89' lang='lat' dir='ltr'><strong>ipsi</strong></span> <span class='ocrx_word' id='word_1_320' title='bbox 1598 3996 1743 4051; x_wconf 90' lang='lat' dir='ltr'><strong>enim</strong></span> <span class='ocrx_word' id='word_1_321' title='bbox 1771 3997 2037 4051; x_wconf 88' lang='lat' dir='ltr'><strong>somnium</strong></span> 
     </span>
    </p>
   </div>
   <div class='ocr_carea' id='block_1_41' title="bbox 457 4074 2042 4166">
    <p class='ocr_par' dir='ltr' id='par_1_41' title="bbox 457 4074 2042 4166">
     <span class='ocr_line' id='line_1_41' title="bbox 457 4074 2042 4166; baseline 0.002 -30"><span class='ocrx_word' id='word_1_322' title='bbox 457 4092 748 4152; x_wconf 85' lang='lat' dir='ltr'><strong>exponunt.</strong></span> <span class='ocrx_word' id='word_1_323' title='bbox 776 4074 1048 4166; x_wconf 44' lang='lat' dir='ltr'><strong>Nomius</strong></span> <span class='ocrx_word' id='word_1_324' title='bbox 1074 4094 1159 4141; x_wconf 90' lang='lat' dir='ltr'><strong>est</strong></span> <span class='ocrx_word' id='word_1_325' title='bbox 1185 4085 1492 4153; x_wconf 89' lang='lat' dir='ltr'><strong>dicendum,</strong></span> <span class='ocrx_word' id='word_1_326' title='bbox 1524 4100 1618 4142; x_wconf 91' lang='lat' dir='ltr'><strong>eos</strong></span> <span class='ocrx_word' id='word_1_327' title='bbox 1645 4096 1860 4156; x_wconf 87' lang='lat' dir='ltr'><strong>propter</strong></span> <span class='ocrx_word' id='word_1_328' title='bbox 1886 4085 2042 4158; x_wconf 82' lang='lat' dir='ltr'><strong>igno-</strong></span> 
     </span>
    </p>
   </div>
   <div class='ocr_carea' id='block_1_42' title="bbox 461 4148 2040 4264">
    <p class='ocr_par' dir='ltr' id='par_1_42' title="bbox 461 4148 2040 4264">
     <span class='ocr_line' id='line_1_42' title="bbox 461 4148 2040 4264; baseline 0.004 -39"><span class='ocrx_word' id='word_1_329' title='bbox 461 4173 683 4226; x_wconf 89' lang='lat' dir='ltr'><strong>rantiam</strong></span> <span class='ocrx_word' id='word_1_330' title='bbox 714 4148 1086 4264; x_wconf 42' lang='grc' dir='ltr'><strong>θοι-ιιιῇἒζιᾶη</strong></span> <span class='ocrx_word' id='word_1_331' title='bbox 1116 4174 1289 4231; x_wconf 82' lang='lat' dir='ltr'><strong>futura</strong></span> <span class='ocrx_word' id='word_1_332' title='bbox 1313 4188 1466 4232; x_wconf 88' lang='lat' dir='ltr'><strong>erant</strong></span> <span class='ocrx_word' id='word_1_333' title='bbox 1485 4217 1501 4241; x_wconf 88' lang='lat'><strong>,</strong></span> <span class='ocrx_word' id='word_1_334' title='bbox 1525 4176 1775 4231; x_wconf 90' lang='lat' dir='ltr'><strong>invidiam</strong></span> <span class='ocrx_word' id='word_1_335' title='bbox 1809 4177 2040 4245; x_wconf 79' lang='lat' dir='ltr'><strong>gessisse</strong></span> 
     </span>
    </p>
   </div>
   <div class='ocr_carea' id='block_1_43' title="bbox 461 4264 2036 4333">
    <p class='ocr_par' dir='ltr' id='par_1_43' title="bbox 461 4264 2036 4333">
     <span class='ocr_line' id='line_1_43' title="bbox 461 4264 2036 4333; baseline 0.004 -18"><span class='ocrx_word' id='word_1_336' title='bbox 461 4270 648 4317; x_wconf 89' lang='lat' dir='ltr'><strong>contra</strong></span> <span class='ocrx_word' id='word_1_337' title='bbox 688 4277 834 4328; x_wconf 90' lang='lat' dir='ltr'><strong>eum;</strong></span> <span class='ocrx_word' id='word_1_338' title='bbox 862 4264 956 4318; x_wconf 88' lang='lat' dir='ltr'><strong>sed</strong></span> <span class='ocrx_word' id='word_1_339' title='bbox 1002 4273 1059 4320; x_wconf 88' lang='lat' dir='ltr'><strong>ut</strong></span> <span class='ocrx_word' id='word_1_340' title='bbox 1117 4265 1286 4321; x_wconf 89' lang='lat' dir='ltr'><strong>futura</strong></span> <span class='ocrx_word' id='word_1_341' title='bbox 1327 4282 1393 4322; x_wconf 90' lang='lat' dir='ltr'><strong>ex</strong></span> <span class='ocrx_word' id='word_1_342' title='bbox 1438 4267 1659 4321; x_wconf 89' lang='lat' dir='ltr'><strong>somniis</strong></span> <span class='ocrx_word' id='word_1_343' title='bbox 1697 4266 2036 4333; x_wconf 88' lang='lat' dir='ltr'><strong>didicerunt,</strong></span> 
     </span>
    </p>
   </div>
   <div class='ocr_carea' id='block_1_44' title="bbox 458 4353 2035 4427">
    <p class='ocr_par' dir='ltr' id='par_1_44' title="bbox 458 4353 2035 4427">
     <span class='ocr_line' id='line_1_44' title="bbox 458 4353 2035 4427; baseline 0.006 -23"><span class='ocrx_word' id='word_1_344' title='bbox 458 4360 668 4406; x_wconf 88' lang='lat' dir='ltr'><strong>auctum</strong></span> <span class='ocrx_word' id='word_1_345' title='bbox 718 4362 799 4408; x_wconf 76' lang='lat' dir='ltr'><strong>est</strong></span> <span class='ocrx_word' id='word_1_346' title='bbox 847 4353 1026 4408; x_wconf 90' lang='lat' dir='ltr'><strong>odium</strong></span> <span class='ocrx_word' id='word_1_347' title='bbox 1057 4370 1261 4411; x_wconf 84' lang='lat' dir='ltr'><strong>comm.</strong></span> <span class='ocrx_word' id='word_1_348' title='bbox 1303 4357 1348 4411; x_wconf 85' lang='lat'>0</span> <span class='ocrx_word' id='word_1_349' title='bbox 1388 4356 1652 4427; x_wconf 76' lang='lat' dir='ltr'><strong>ingentem</strong></span> <span class='ocrx_word' id='word_1_350' title='bbox 1706 4358 2035 4414; x_wconf 81' lang='lat' dir='ltr'><strong>amentiam!</strong></span> 
     </span>
    </p>
   </div>
   <div class='ocr_carea' id='block_1_45' title="bbox 457 4442 2039 4518">
    <p class='ocr_par' dir='ltr' id='par_1_45' title="bbox 457 4442 2039 4518">
     <span class='ocr_line' id='line_1_45' title="bbox 457 4442 2039 4518; baseline 0.003 -20"><span class='ocrx_word' id='word_1_351' title='bbox 457 4442 744 4512; x_wconf 78' lang='lat' dir='ltr'><strong>Oportebat</strong></span> <span class='ocrx_word' id='word_1_352' title='bbox 788 4446 890 4500; x_wconf 90' lang='lat' dir='ltr'><strong>hoc</strong></span> <span class='ocrx_word' id='word_1_353' title='bbox 924 4447 1158 4503; x_wconf 90' lang='lat' dir='ltr'><strong>scientes</strong></span> <span class='ocrx_word' id='word_1_354' title='bbox 1188 4448 1442 4516; x_wconf 86' lang='lat' dir='ltr'><strong>majorem</strong></span> <span class='ocrx_word' id='word_1_355' title='bbox 1481 4463 1602 4518; x_wconf 83' lang='lat' dir='ltr'><strong>erga</strong></span> <span class='ocrx_word' id='word_1_356' title='bbox 1630 4448 1777 4503; x_wconf 87' lang='lat' dir='ltr'><strong>illuttt</strong></span> <span class='ocrx_word' id='word_1_357' title='bbox 1807 4449 2039 4505; x_wconf 90' lang='lat' dir='ltr'><strong>benevo—</strong></span> 
     </span>
    </p>
   </div>
   <div class='ocr_carea' id='block_1_46' title="bbox 459 4536 2038 4612">
    <p class='ocr_par' dir='ltr' id='par_1_46' title="bbox 459 4536 2038 4612">
     <span class='ocr_line' id='line_1_46' title="bbox 459 4536 2038 4612; baseline 0.004 -23"><span class='ocrx_word' id='word_1_358' title='bbox 459 4536 674 4592; x_wconf 87' lang='lat' dir='ltr'><strong>lentiam</strong></span> <span class='ocrx_word' id='word_1_359' title='bbox 698 4538 971 4595; x_wconf 71' lang='lat' dir='ltr'><strong>declarare</strong></span> <span class='ocrx_word' id='word_1_360' title='bbox 990 4580 1004 4602; x_wconf 94' lang='lat'><strong>,</strong></span> <span class='ocrx_word' id='word_1_361' title='bbox 1033 4553 1065 4597; x_wconf 89' lang='lat' dir='ltr'><strong>e</strong></span> <span class='ocrx_word' id='word_1_362' title='bbox 1094 4539 1271 4596; x_wconf 88' lang='lat' dir='ltr'><strong>medio</strong></span> <span class='ocrx_word' id='word_1_363' title='bbox 1298 4541 1484 4597; x_wconf 88' lang='lat' dir='ltr'><strong>tollere</strong></span> <span class='ocrx_word' id='word_1_364' title='bbox 1506 4541 1613 4596; x_wconf 87' lang='lat' dir='ltr'><strong>odii</strong></span> <span class='ocrx_word' id='word_1_365' title='bbox 1636 4556 1850 4596; x_wconf 90' lang='lat' dir='ltr'><strong>causam</strong></span> <span class='ocrx_word' id='word_1_366' title='bbox 1875 4552 2038 4612; x_wconf 88' lang='lat' dir='ltr'><strong>atque</strong></span> 
     </span>
    </p>
   </div>
   <div class='ocr_carea' id='block_1_47' title="bbox 457 4627 2038 4700">
    <p class='ocr_par' dir='ltr' id='par_1_47' title="bbox 457 4627 2038 4700">
     <span class='ocr_line' id='line_1_47' title="bbox 457 4627 2038 4700; baseline 0.005 -21"><span class='ocrx_word' id='word_1_367' title='bbox 457 4627 688 4700; x_wconf 87' lang='lat' dir='ltr'><strong>ell&#39;ugare</strong></span> <span class='ocrx_word' id='word_1_368' title='bbox 718 4629 1021 4686; x_wconf 66' lang='lat' dir='ltr'><strong>invidentia:</strong></span> <span class='ocrx_word' id='word_1_369' title='bbox 1044 4631 1289 4688; x_wconf 82' lang='lat' dir='ltr'><strong>affectum</strong></span> <span class='ocrx_word' id='word_1_370' title='bbox 1317 4650 1333 4688; x_wconf 92' lang='lat'><strong>:</strong></span> <span class='ocrx_word' id='word_1_371' title='bbox 1359 4633 1691 4689; x_wconf 89' lang='lat' dir='ltr'><strong>obtenebrati</strong></span> <span class='ocrx_word' id='word_1_372' title='bbox 1737 4642 1952 4699; x_wconf 88' lang='lat' dir='ltr'><strong>mente,</strong></span> <span class='ocrx_word' id='word_1_373' title='bbox 1984 4643 2038 4688; x_wconf 92' lang='lat' dir='ltr'><strong>et</strong></span> 
     </span>
    </p>
   </div>
   <div class='ocr_carea' id='block_1_48' title="bbox 457 4720 2034 4794">
    <p class='ocr_par' dir='ltr' id='par_1_48' title="bbox 457 4720 2034 4794">
     <span class='ocr_line' id='line_1_48' title="bbox 457 4720 2034 4794; baseline 0.004 -22"><span class='ocrx_word' id='word_1_374' title='bbox 457 4734 562 4773; x_wconf 91' lang='lat' dir='ltr'><strong>non</strong></span> <span class='ocrx_word' id='word_1_375' title='bbox 608 4720 850 4777; x_wconf 86' lang='lat' dir='ltr'><strong>videntes</strong></span> <span class='ocrx_word' id='word_1_376' title='bbox 892 4737 952 4778; x_wconf 91' lang='lat' dir='ltr'><strong>se</strong></span> <span class='ocrx_word' id='word_1_377' title='bbox 1005 4733 1190 4779; x_wconf 89' lang='lat' dir='ltr'><strong>contra</strong></span> <span class='ocrx_word' id='word_1_378' title='bbox 1230 4724 1548 4794; x_wconf 88' lang='lat' dir='ltr'><strong>semetipsos</strong></span> <span class='ocrx_word' id='word_1_379' title='bbox 1590 4724 1768 4779; x_wconf 89' lang='lat' dir='ltr'><strong>omnia</strong></span> <span class='ocrx_word' id='word_1_380' title='bbox 1824 4723 2034 4790; x_wconf 86' lang='lat' dir='ltr'><strong>facere,</strong></span> 
     </span>
    </p>
   </div>
   <div class='ocr_carea' id='block_1_49' title="bbox 457 4811 2035 4882">
    <p class='ocr_par' dir='ltr' id='par_1_49' title="bbox 457 4811 2035 4882">
     <span class='ocr_line' id='line_1_49' title="bbox 457 4811 2035 4882; baseline 0.003 -19"><span class='ocrx_word' id='word_1_381' title='bbox 457 4811 622 4864; x_wconf 90' lang='lat' dir='ltr'><strong>multo</strong></span> <span class='ocrx_word' id='word_1_382' title='bbox 649 4812 852 4880; x_wconf 81' lang='lat' dir='ltr'><strong>majore</strong></span> <span class='ocrx_word' id='word_1_383' title='bbox 888 4813 1012 4868; x_wconf 88' lang='lat' dir='ltr'><strong>odio</strong></span> <span class='ocrx_word' id='word_1_384' title='bbox 1040 4817 1091 4869; x_wconf 89' lang='lat' dir='ltr'><strong>in</strong></span> <span class='ocrx_word' id='word_1_385' title='bbox 1117 4829 1239 4870; x_wconf 90' lang='lat' dir='ltr'><strong>eum</strong></span> <span class='ocrx_word' id='word_1_386' title='bbox 1281 4820 1615 4870; x_wconf 83' lang='lat' dir='ltr'><strong>exarserunt.</strong></span> <span class='ocrx_word' id='word_1_387' title='bbox 1637 4817 1814 4882; x_wconf 85' lang='lat' dir='ltr'><strong>Quare</strong></span> <span class='ocrx_word' id='word_1_388' title='bbox 1831 4857 1846 4881; x_wconf 89' lang='lat'><strong>,</strong></span> <span class='ocrx_word' id='word_1_389' title='bbox 1872 4829 1907 4869; x_wconf 92' lang='grc' dir='ltr'><strong>ο</strong></span> <span class='ocrx_word' id='word_1_390' title='bbox 1932 4814 2035 4868; x_wconf 82' lang='lat' dir='ltr'><strong>uti-</strong></span> 
     </span>
    </p>
   </div>
   <div class='ocr_carea' id='block_1_50' title="bbox 457 4900 2034 4971">
    <p class='ocr_par' dir='ltr' id='par_1_50' title="bbox 457 4900 2034 4971">
     <span class='ocr_line' id='line_1_50' title="bbox 457 4900 2034 4971; baseline 0.005 -18"><span class='ocrx_word' id='word_1_391' title='bbox 457 4900 561 4954; x_wconf 85' lang='lat' dir='ltr'><strong>seri</strong></span> <span class='ocrx_word' id='word_1_392' title='bbox 602 4909 654 4955; x_wconf 89' lang='lat' dir='ltr'><strong>ct</strong></span> <span class='ocrx_word' id='word_1_393' title='bbox 694 4901 988 4956; x_wconf 70' lang='lat' dir='ltr'><strong>calamitosi</strong></span> <span class='ocrx_word' id='word_1_394' title='bbox 1014 4945 1031 4970; x_wconf 89' lang='lat'><strong>,</strong></span> <span class='ocrx_word' id='word_1_395' title='bbox 1063 4912 1260 4959; x_wconf 86' lang='lat' dir='ltr'><strong>tantam</strong></span> <span class='ocrx_word' id='word_1_396' title='bbox 1287 4906 1596 4961; x_wconf 86' lang='lat' dir='ltr'><strong>declarastis</strong></span> <span class='ocrx_word' id='word_1_397' title='bbox 1615 4905 1863 4961; x_wconf 91' lang='lat' dir='ltr'><strong>invidiam</strong></span> <span class='ocrx_word' id='word_1_398' title='bbox 1887 4948 1901 4971; x_wconf 93' lang='lat'><strong>,</strong></span> <span class='ocrx_word' id='word_1_399' title='bbox 1928 4921 2034 4961; x_wconf 88' lang='lat' dir='ltr'><strong>non</strong></span> 
     </span>
    </p>
   </div>
   <div class='ocr_carea' id='block_1_51' title="bbox 454 4992 2029 5064">
    <p class='ocr_par' dir='ltr' id='par_1_51' title="bbox 454 4992 2029 5064">
     <span class='ocr_line' id='line_1_51' title="bbox 454 4992 2029 5064; baseline 0.005 -18"><span class='ocrx_word' id='word_1_400' title='bbox 454 4993 748 5061; x_wconf 85' lang='lat' dir='ltr'><strong>cogitantes</strong></span> <span class='ocrx_word' id='word_1_401' title='bbox 768 5001 823 5047; x_wconf 90' lang='lat' dir='ltr'><strong>et</strong></span> <span class='ocrx_word' id='word_1_402' title='bbox 850 4992 1141 5049; x_wconf 86' lang='lat' dir='ltr'><strong>fraternum</strong></span> <span class='ocrx_word' id='word_1_403' title='bbox 1171 4997 1437 5052; x_wconf 81' lang='lat' dir='ltr'><strong>vinculum</strong></span> <span class='ocrx_word' id='word_1_404' title='bbox 1458 5039 1474 5064; x_wconf 94' lang='lat'><strong>,</strong></span> <span class='ocrx_word' id='word_1_405' title='bbox 1502 5007 1560 5053; x_wconf 89' lang='lat' dir='ltr'><strong>et</strong></span> <span class='ocrx_word' id='word_1_406' title='bbox 1581 5000 1908 5054; x_wconf 89' lang='lat' dir='ltr'><strong>somniorum</strong></span> <span class='ocrx_word' id='word_1_407' title='bbox 1941 5014 2029 5054; x_wconf 82' lang='lat' dir='ltr'><strong>ro-</strong></span> 
     </span>
    </p>
   </div>
   <div class='ocr_carea' id='block_1_52' title="bbox 455 5081 2023 5157">
    <p class='ocr_par' dir='ltr' id='par_1_52' title="bbox 455 5081 2023 5157">
     <span class='ocr_line' id='line_1_52' title="bbox 455 5081 2023 5157; baseline 0.005 -22"><span class='ocrx_word' id='word_1_408' title='bbox 455 5085 771 5138; x_wconf 84' lang='lat' dir='ltr'><strong>veiatiouem</strong></span> <span class='ocrx_word' id='word_1_409' title='bbox 811 5081 1146 5138; x_wconf 83' lang='lat' dir='ltr'><strong>manifestam</strong></span> <span class='ocrx_word' id='word_1_410' title='bbox 1180 5085 1275 5140; x_wconf 92' lang='lat' dir='ltr'><strong>Dei</strong></span> <span class='ocrx_word' id='word_1_411' title='bbox 1301 5100 1425 5157; x_wconf 82' lang='lat' dir='ltr'><strong>erga</strong></span> <span class='ocrx_word' id='word_1_412' title='bbox 1457 5087 1605 5142; x_wconf 90' lang='lat' dir='ltr'><strong>illum</strong></span> <span class='ocrx_word' id='word_1_413' title='bbox 1629 5088 1905 5143; x_wconf 88' lang='lat' dir='ltr'><strong>declarare</strong></span> <span class='ocrx_word' id='word_1_414' title='bbox 1936 5088 2023 5143; x_wconf 81' lang='lat' dir='ltr'><strong>lte-</strong></span> 
     </span>
    </p>
   </div>
   <div class='ocr_carea' id='block_1_53' title="bbox 452 5172 2036 5249">
    <p class='ocr_par' dir='ltr' id='par_1_53' title="bbox 452 5172 2036 5249">
     <span class='ocr_line' id='line_1_53' title="bbox 452 5172 2036 5249; baseline 0.004 -22"><span class='ocrx_word' id='word_1_415' title='bbox 452 5174 841 5230; x_wconf 73' lang='lat' dir='ltr'><strong>ttevolcntiam?</strong></span> <span class='ocrx_word' id='word_1_416' title='bbox 861 5172 1036 5230; x_wconf 87' lang='lat' dir='ltr'><strong>Nolite</strong></span> <span class='ocrx_word' id='word_1_417' title='bbox 1059 5174 1199 5230; x_wconf 90' lang='lat' dir='ltr'><strong>enim</strong></span> <span class='ocrx_word' id='word_1_418' title='bbox 1226 5177 1537 5232; x_wconf 81' lang='lat' dir='ltr'><strong>existimare</strong></span> <span class='ocrx_word' id='word_1_419' title='bbox 1560 5193 1680 5249; x_wconf 69' lang='lat' dir='ltr'><strong>qua:</strong></span> <span class='ocrx_word' id='word_1_420' title='bbox 1707 5193 1738 5233; x_wconf 91' lang='lat' dir='ltr'><strong>a</strong></span> <span class='ocrx_word' id='word_1_421' title='bbox 1768 5178 1877 5235; x_wconf 87' lang='lat' dir='ltr'><strong>Deo</strong></span> <span class='ocrx_word' id='word_1_422' title='bbox 1898 5195 2036 5249; x_wconf 75' lang='lat' dir='ltr'><strong>pnn-</strong></span> 
     </span>
    </p>
   </div>
   <div class='ocr_carea' id='block_1_54' title="bbox 451 5267 2030 5338">
    <p class='ocr_par' dir='ltr' id='par_1_54' title="bbox 451 5267 2030 5338">
     <span class='ocr_line' id='line_1_54' title="bbox 451 5267 2030 5338; baseline 0.004 -18"><span class='ocrx_word' id='word_1_423' title='bbox 451 5267 657 5338; x_wconf 85' lang='lat' dir='ltr'><strong>signata</strong></span> <span class='ocrx_word' id='word_1_424' title='bbox 686 5277 829 5335; x_wconf 87' lang='lat' dir='ltr'><strong>sunt,</strong></span> <span class='ocrx_word' id='word_1_425' title='bbox 865 5283 1020 5338; x_wconf 87' lang='lat' dir='ltr'><strong>posse</strong></span> <span class='ocrx_word' id='word_1_426' title='bbox 1043 5268 1303 5324; x_wconf 86' lang='lat' dir='ltr'><strong>subverti.</strong></span> <span class='ocrx_word' id='word_1_427' title='bbox 1332 5268 1463 5323; x_wconf 85' lang='lat' dir='ltr'><strong>Nam</strong></span> <span class='ocrx_word' id='word_1_428' title='bbox 1489 5271 1627 5325; x_wconf 88' lang='lat' dir='ltr'><strong>sicut</strong></span> <span class='ocrx_word' id='word_1_429' title='bbox 1651 5273 1915 5326; x_wconf 84' lang='lat' dir='ltr'><strong>somnium</strong></span> <span class='ocrx_word' id='word_1_430' title='bbox 1942 5273 2030 5327; x_wconf 78' lang='lat' dir='ltr'><strong>di-</strong></span> 
     </span>
    </p>
   </div>
   <div class='ocr_carea' id='block_1_55' title="bbox 448 5356 2029 5431">
    <p class='ocr_par' dir='ltr' id='par_1_55' title="bbox 448 5356 2029 5431">
     <span class='ocr_line' id='line_1_55' title="bbox 448 5356 2029 5431; baseline 0.006 -21"><span class='ocrx_word' id='word_1_431' title='bbox 448 5356 744 5425; x_wconf 83' lang='lat' dir='ltr'><strong>judicastis,</strong></span> <span class='ocrx_word' id='word_1_432' title='bbox 774 5359 846 5413; x_wconf 87' lang='lat' dir='ltr'><strong>ita</strong></span> <span class='ocrx_word' id='word_1_433' title='bbox 867 5357 968 5414; x_wconf 90' lang='lat' dir='ltr'><strong>erit</strong></span> <span class='ocrx_word' id='word_1_434' title='bbox 997 5375 1099 5413; x_wconf 88' lang='lat' dir='ltr'><strong>non</strong></span> <span class='ocrx_word' id='word_1_435' title='bbox 1124 5368 1248 5431; x_wconf 85' lang='lat' dir='ltr'><strong>post</strong></span> <span class='ocrx_word' id='word_1_436' title='bbox 1268 5361 1492 5415; x_wconf 89' lang='lat' dir='ltr'><strong>multum</strong></span> <span class='ocrx_word' id='word_1_437' title='bbox 1520 5364 1793 5431; x_wconf 88' lang='lat' dir='ltr'><strong>temporis,</strong></span> <span class='ocrx_word' id='word_1_438' title='bbox 1822 5364 2029 5420; x_wconf 88' lang='lat' dir='ltr'><strong>etiamsi</strong></span> 
     </span>
    </p>
   </div>
   <div class='ocr_carea' id='block_1_56' title="bbox 453 5445 2028 5520">
    <p class='ocr_par' dir='ltr' id='par_1_56' title="bbox 453 5445 2028 5520">
     <span class='ocr_line' id='line_1_56' title="bbox 453 5445 2028 5520; baseline 0.006 -21"><span class='ocrx_word' id='word_1_439' title='bbox 453 5445 732 5502; x_wconf 90' lang='lat' dir='ltr'><strong>innumera</strong></span> <span class='ocrx_word' id='word_1_440' title='bbox 783 5449 1087 5520; x_wconf 87' lang='lat' dir='ltr'><strong>excogitare</strong></span> <span class='ocrx_word' id='word_1_441' title='bbox 1122 5451 1420 5507; x_wconf 88' lang='lat' dir='ltr'><strong>volueritis.</strong></span> <span class='ocrx_word' id='word_1_442' title='bbox 1453 5451 1635 5508; x_wconf 82' lang='lat' dir='ltr'><strong>Solers</strong></span> <span class='ocrx_word' id='word_1_443' title='bbox 1661 5454 1804 5508; x_wconf 90' lang='lat' dir='ltr'><strong>enim</strong></span> <span class='ocrx_word' id='word_1_444' title='bbox 1844 5465 1899 5509; x_wconf 93' lang='lat' dir='ltr'><strong>et</strong></span> <span class='ocrx_word' id='word_1_445' title='bbox 1938 5470 2028 5508; x_wconf 86' lang='lat' dir='ltr'><strong>sa-</strong></span> 
     </span>
    </p>
   </div>
   <div class='ocr_carea' id='block_1_57' title="bbox 453 5536 2029 5609">
    <p class='ocr_par' dir='ltr' id='par_1_57' title="bbox 453 5536 2029 5609">
     <span class='ocr_line' id='line_1_57' title="bbox 453 5536 2029 5609; baseline 0.005 -19"><span class='ocrx_word' id='word_1_446' title='bbox 453 5536 605 5606; x_wconf 87' lang='lat' dir='ltr'><strong>piens</strong></span> <span class='ocrx_word' id='word_1_447' title='bbox 625 5551 749 5591; x_wconf 90' lang='lat' dir='ltr'><strong>cum</strong></span> <span class='ocrx_word' id='word_1_448' title='bbox 776 5539 846 5592; x_wconf 87' lang='lat' dir='ltr'><strong>sit</strong></span> <span class='ocrx_word' id='word_1_449' title='bbox 869 5542 1105 5597; x_wconf 89' lang='lat' dir='ltr'><strong>omnium</strong></span> <span class='ocrx_word' id='word_1_450' title='bbox 1152 5542 1404 5598; x_wconf 89' lang='lat' dir='ltr'><strong>Dominus</strong></span> <span class='ocrx_word' id='word_1_451' title='bbox 1425 5584 1441 5609; x_wconf 92' lang='lat'><strong>,</strong></span> <span class='ocrx_word' id='word_1_452' title='bbox 1476 5551 1533 5597; x_wconf 92' lang='lat' dir='ltr'><strong>ut</strong></span> <span class='ocrx_word' id='word_1_453' title='bbox 1564 5557 1675 5598; x_wconf 70' lang='lat' dir='ltr'><strong>sua:</strong></span> <span class='ocrx_word' id='word_1_454' title='bbox 1696 5544 1904 5599; x_wconf 86' lang='lat' dir='ltr'><strong>virtutis</strong></span> <span class='ocrx_word' id='word_1_455' title='bbox 1938 5543 2029 5598; x_wconf 92' lang='lat' dir='ltr'><strong>de-</strong></span> 
     </span>
    </p>
   </div>
   <div class='ocr_carea' id='block_1_58' title="bbox 452 5625 2026 5704">
    <p class='ocr_par' dir='ltr' id='par_1_58' title="bbox 452 5625 2026 5704">
     <span class='ocr_line' id='line_1_58' title="bbox 452 5625 2026 5704; baseline 0.004 -24"><span class='ocrx_word' id='word_1_456' title='bbox 452 5625 620 5683; x_wconf 81' lang='lat' dir='ltr'><strong>claret</strong></span> <span class='ocrx_word' id='word_1_457' title='bbox 664 5629 955 5697; x_wconf 87' lang='lat' dir='ltr'><strong>potentiam</strong></span> <span class='ocrx_word' id='word_1_458' title='bbox 980 5670 997 5691; x_wconf 86' lang='lat'><strong>.</strong></span> <span class='ocrx_word' id='word_1_459' title='bbox 1034 5646 1179 5702; x_wconf 64' lang='lat' dir='ltr'><strong>saepe</strong></span> <span class='ocrx_word' id='word_1_460' title='bbox 1222 5634 1388 5689; x_wconf 88' lang='lat' dir='ltr'><strong>multa</strong></span> <span class='ocrx_word' id='word_1_461' title='bbox 1452 5635 1711 5704; x_wconf 88' lang='lat' dir='ltr'><strong>permittit</strong></span> <span class='ocrx_word' id='word_1_462' title='bbox 1759 5634 2026 5704; x_wconf 89' lang='lat' dir='ltr'><strong>interponi</strong></span> 
     </span>
    </p>
   </div>
   <div class='ocr_carea' id='block_1_59' title="bbox 450 5716 2022 5793">
    <p class='ocr_par' dir='ltr' id='par_1_59' title="bbox 450 5716 2022 5793">
     <span class='ocr_line' id='line_1_59' title="bbox 450 5716 2022 5793; baseline 0.007 -24"><span class='ocrx_word' id='word_1_463' title='bbox 450 5716 832 5789; x_wconf 73' lang='lat' dir='ltr'><strong>impedimenta</strong></span> <span class='ocrx_word' id='word_1_464' title='bbox 855 5761 869 5787; x_wconf 94' lang='lat'><strong>,</strong></span> <span class='ocrx_word' id='word_1_465' title='bbox 901 5732 957 5775; x_wconf 91' lang='lat' dir='ltr'><strong>ut</strong></span> <span class='ocrx_word' id='word_1_466' title='bbox 981 5721 1047 5777; x_wconf 92' lang='lat' dir='ltr'><strong>iis</strong></span> <span class='ocrx_word' id='word_1_467' title='bbox 1074 5736 1194 5793; x_wconf 72' lang='lat' dir='ltr'><strong>que</strong></span> <span class='ocrx_word' id='word_1_468' title='bbox 1227 5724 1325 5778; x_wconf 88' lang='lat' dir='ltr'><strong>sibi</strong></span> <span class='ocrx_word' id='word_1_469' title='bbox 1352 5725 1554 5793; x_wconf 85' lang='lat' dir='ltr'><strong>pridem</strong></span> <span class='ocrx_word' id='word_1_470' title='bbox 1580 5726 1690 5780; x_wconf 88' lang='lat' dir='ltr'><strong>visa</strong></span> <span class='ocrx_word' id='word_1_471' title='bbox 1722 5736 1877 5780; x_wconf 88' lang='lat' dir='ltr'><strong>erant</strong></span> <span class='ocrx_word' id='word_1_472' title='bbox 1898 5741 2022 5792; x_wconf 83' lang='lat' dir='ltr'><strong>per-</strong></span> 
     </span>
    </p>
   </div>
   <div class='ocr_carea' id='block_1_60' title="bbox 451 5806 2019 5879">
    <p class='ocr_par' dir='ltr' id='par_1_60' title="bbox 451 5806 2019 5879">
     <span class='ocr_line' id='line_1_60' title="bbox 451 5806 2019 5879; baseline 0.004 -13"><span class='ocrx_word' id='word_1_473' title='bbox 451 5806 602 5867; x_wconf 74' lang='lat' dir='ltr'><strong>lcctis</strong></span> <span class='ocrx_word' id='word_1_474' title='bbox 625 5850 640 5879; x_wconf 91' lang='lat'><strong>,</strong></span> <span class='ocrx_word' id='word_1_475' title='bbox 669 5825 931 5870; x_wconf 88' lang='lat' dir='ltr'><strong>summam</strong></span> <span class='ocrx_word' id='word_1_476' title='bbox 957 5813 1169 5873; x_wconf 83' lang='lat' dir='ltr'><strong>virtutis</strong></span> <span class='ocrx_word' id='word_1_477' title='bbox 1211 5830 1325 5872; x_wconf 80' lang='lat' dir='ltr'><strong>sua:</strong></span> <span class='ocrx_word' id='word_1_478' title='bbox 1374 5816 1609 5874; x_wconf 83' lang='lat' dir='ltr'><strong>declaret</strong></span> <span class='ocrx_word' id='word_1_479' title='bbox 1654 5819 2019 5875; x_wconf 77' lang='lat' dir='ltr'><strong>eminentiam.</strong></span> 
     </span>
    </p>
   </div>
   <div class='ocr_carea' id='block_1_61' title="bbox 1098 409 3705 484">
    <p class='ocr_par' dir='ltr' id='par_1_61' title="bbox 1098 409 3705 484">
     <span class='ocr_line' id='line_1_61' title="bbox 1098 409 3705 484; baseline -0.007 0"><span class='ocrx_word' id='word_1_480' title='bbox 1098 428 1155 484; x_wconf 88' lang='lat' dir='ltr'><strong>S.</strong></span> <span class='ocrx_word' id='word_1_481' title='bbox 1193 426 1469 484; x_wconf 70' lang='lat' dir='ltr'><strong>JOANNIS</strong></span> <span class='ocrx_word' id='word_1_482' title='bbox 1495 421 1972 481; x_wconf 71' lang='lat' dir='ltr'><strong>CIIRYSOSTOMI</strong></span> <span class='ocrx_word' id='word_1_483' title='bbox 2012 419 2326 477; x_wconf 73' lang='lat' dir='ltr'><strong>AllClllEP.</strong></span> <span class='ocrx_word' id='word_1_484' title='bbox 2368 413 2902 475; x_wconf 71' lang='lat' dir='ltr'><strong>CONS’I‘ANTINOP.</strong></span> <span class='ocrx_word' id='word_1_485' title='bbox 3610 409 3705 467; x_wconf 75' lang='lat'><strong>59.8</strong></span> 
     </span>
    </p>
   </div>
   <div class='ocr_carea' id='block_1_62' title="bbox 2118 522 3703 596">
    <p class='ocr_par' dir='ltr' id='par_1_62' title="bbox 2118 522 3703 596">
     <span class='ocr_line' id='line_1_62' title="bbox 2118 522 3703 596; baseline -0.006 -9"><span class='ocrx_word' id='word_1_486' title='bbox 2118 533 2313 589; x_wconf 83' lang='lat' dir='ltr'><strong>Verum</strong></span> <span class='ocrx_word' id='word_1_487' title='bbox 2345 534 2414 587; x_wconf 85' lang='lat' dir='ltr'><strong>ita</strong></span> <span class='ocrx_word' id='word_1_488' title='bbox 2440 548 2500 588; x_wconf 91' lang='lat' dir='ltr'><strong>se</strong></span> <span class='ocrx_word' id='word_1_489' title='bbox 2526 531 2685 586; x_wconf 86' lang='lat' dir='ltr'><strong>habet</strong></span> <span class='ocrx_word' id='word_1_490' title='bbox 2704 528 2898 584; x_wconf 85' lang='lat' dir='ltr'><strong>invidia</strong></span> <span class='ocrx_word' id='word_1_491' title='bbox 2922 568 2939 596; x_wconf 92' lang='lat'><strong>,</strong></span> <span class='ocrx_word' id='word_1_492' title='bbox 2972 525 3104 581; x_wconf 87' lang='lat' dir='ltr'><strong>nihil</strong></span> <span class='ocrx_word' id='word_1_493' title='bbox 3130 538 3329 580; x_wconf 81' lang='lat' dir='ltr'><strong>eorum</strong></span> <span class='ocrx_word' id='word_1_494' title='bbox 3351 522 3589 593; x_wconf 86' lang='lat' dir='ltr'><strong>cogitare</strong></span> <span class='ocrx_word' id='word_1_495' title='bbox 3614 540 3703 595; x_wconf 66' lang='lat' dir='ltr'><strong>po.</strong></span> 
     </span>
    </p>
   </div>
   <div class='ocr_carea' id='block_1_63' title="bbox 2117 616 3703 696">
    <p class='ocr_par' dir='ltr' id='par_1_63' title="bbox 2117 616 3703 696">
     <span class='ocr_line' id='line_1_63' title="bbox 2117 616 3703 696; baseline -0.008 -13"><span class='ocrx_word' id='word_1_496' title='bbox 2117 637 2242 696; x_wconf 71' lang='lat' dir='ltr'><strong>test,</strong></span> <span class='ocrx_word' id='word_1_497' title='bbox 2272 628 2366 683; x_wconf 86' lang='lat' dir='ltr'><strong>sed</strong></span> <span class='ocrx_word' id='word_1_498' title='bbox 2393 629 2634 692; x_wconf 86' lang='lat' dir='ltr'><strong>omnino,</strong></span> <span class='ocrx_word' id='word_1_499' title='bbox 2663 635 2720 679; x_wconf 91' lang='grc' dir='ltr'><strong>ιιι</strong></span> <span class='ocrx_word' id='word_1_500' title='bbox 2740 624 2812 678; x_wconf 89' lang='lat' dir='ltr'><strong>ita</strong></span> <span class='ocrx_word' id='word_1_501' title='bbox 2839 622 3036 686; x_wconf 79' lang='lat' dir='ltr'><strong>dicant,</strong></span> <span class='ocrx_word' id='word_1_502' title='bbox 3064 619 3152 674; x_wconf 90' lang='lat' dir='ltr'><strong>ubi</strong></span> <span class='ocrx_word' id='word_1_503' title='bbox 3180 616 3412 674; x_wconf 81' lang='lat' dir='ltr'><strong>invidus</strong></span> <span class='ocrx_word' id='word_1_504' title='bbox 3440 627 3618 687; x_wconf 85' lang='lat' dir='ltr'><strong>captus</strong></span> <span class='ocrx_word' id='word_1_505' title='bbox 3640 621 3703 672; x_wconf 90' lang='lat' dir='ltr'><strong>ab</strong></span> 
     </span>
    </p>
   </div>
   <div class='ocr_carea' id='block_1_64' title="bbox 2119 709 3703 782">
    <p class='ocr_par' dir='ltr' id='par_1_64' title="bbox 2119 709 3703 782">
     <span class='ocr_line' id='line_1_64' title="bbox 2119 709 3703 782; baseline -0.007 -6"><span class='ocrx_word' id='word_1_506' title='bbox 2119 722 2223 776; x_wconf 92' lang='lat' dir='ltr'><strong>hoc</strong></span> <span class='ocrx_word' id='word_1_507' title='bbox 2264 719 2451 775; x_wconf 87' lang='lat' dir='ltr'><strong>morbo</strong></span> <span class='ocrx_word' id='word_1_508' title='bbox 2479 718 2669 782; x_wconf 90' lang='lat' dir='ltr'><strong>fuerit,</strong></span> <span class='ocrx_word' id='word_1_509' title='bbox 2698 724 2884 771; x_wconf 84' lang='lat' dir='ltr'><strong>contra</strong></span> <span class='ocrx_word' id='word_1_510' title='bbox 2927 728 3078 769; x_wconf 86' lang='lat' dir='ltr'><strong>suam</strong></span> <span class='ocrx_word' id='word_1_511' title='bbox 3123 712 3297 782; x_wconf 84' lang='lat' dir='ltr'><strong>ipsius</strong></span> <span class='ocrx_word' id='word_1_512' title='bbox 3340 710 3570 764; x_wconf 82' lang='lat' dir='ltr'><strong>salutem</strong></span> <span class='ocrx_word' id='word_1_513' title='bbox 3594 709 3703 765; x_wconf 75' lang='lat' dir='ltr'><strong>facit</strong></span> 
     </span>
    </p>
   </div>
   <div class='ocr_carea' id='block_1_65' title="bbox 2119 801 3697 878">
    <p class='ocr_par' dir='ltr' id='par_1_65' title="bbox 2119 801 3697 878">
     <span class='ocr_line' id='line_1_65' title="bbox 2119 801 3697 878; baseline -0.007 -10"><span class='ocrx_word' id='word_1_514' title='bbox 2119 814 2319 868; x_wconf 86' lang='lat' dir='ltr'><strong>omnia.</strong></span> <span class='ocrx_word' id='word_1_515' title='bbox 2348 813 2411 866; x_wconf 87' lang='lat' dir='ltr'><strong>Et</strong></span> <span class='ocrx_word' id='word_1_516' title='bbox 2433 810 2507 865; x_wconf 90' lang='lat' dir='ltr'><strong>illi</strong></span> <span class='ocrx_word' id='word_1_517' title='bbox 2534 808 2749 878; x_wconf 85' lang='lat' dir='ltr'><strong>quidem</strong></span> <span class='ocrx_word' id='word_1_518' title='bbox 2781 808 3087 861; x_wconf 63' lang='lat' dir='ltr'><strong>narratione</strong></span> <span class='ocrx_word' id='word_1_519' title='bbox 3115 801 3526 858; x_wconf 86' lang='lat' dir='ltr'><strong>somniiodium</strong></span> <span class='ocrx_word' id='word_1_520' title='bbox 3555 818 3697 857; x_wconf 76' lang='lat' dir='ltr'><strong>auxe-</strong></span> 
     </span>
    </p>
   </div>
   <div class='ocr_carea' id='block_1_66' title="bbox 2122 892 3706 968">
    <p class='ocr_par' dir='ltr' id='par_1_66' title="bbox 2122 892 3706 968">
     <span class='ocr_line' id='line_1_66' title="bbox 2122 892 3706 968; baseline -0.008 -8"><span class='ocrx_word' id='word_1_521' title='bbox 2122 915 2291 968; x_wconf 85' lang='lat' dir='ltr'><strong>runt;</strong></span> <span class='ocrx_word' id='word_1_522' title='bbox 2353 901 2682 957; x_wconf 86' lang='lat' dir='ltr'><strong>admirabilis</strong></span> <span class='ocrx_word' id='word_1_523' title='bbox 2726 909 2902 954; x_wconf 89' lang='lat' dir='ltr'><strong>autem</strong></span> <span class='ocrx_word' id='word_1_524' title='bbox 2948 896 3146 967; x_wconf 80' lang='lat' dir='ltr'><strong>Juseph</strong></span> <span class='ocrx_word' id='word_1_525' title='bbox 3193 894 3293 950; x_wconf 90' lang='lat' dir='ltr'><strong>ubi</strong></span> <span class='ocrx_word' id='word_1_526' title='bbox 3337 904 3397 948; x_wconf 89' lang='lat' dir='ltr'><strong>et</strong></span> <span class='ocrx_word' id='word_1_527' title='bbox 3451 892 3589 947; x_wconf 85' lang='lat' dir='ltr'><strong>aliud</strong></span> <span class='ocrx_word' id='word_1_528' title='bbox 3629 909 3706 947; x_wconf 87' lang='lat' dir='ltr'><strong>so-</strong></span> 
     </span>
    </p>
   </div>
   <div class='ocr_carea' id='block_1_67' title="bbox 2122 984 3702 1061">
    <p class='ocr_par' dir='ltr' id='par_1_67' title="bbox 2122 984 3702 1061">
     <span class='ocr_line' id='line_1_67' title="bbox 2122 984 3702 1061; baseline -0.006 -12"><span class='ocrx_word' id='word_1_529' title='bbox 2122 996 2325 1049; x_wconf 88' lang='lat' dir='ltr'><strong>mnium</strong></span> <span class='ocrx_word' id='word_1_530' title='bbox 2353 994 2502 1055; x_wconf 84' lang='lat' dir='ltr'><strong>vidit,</strong></span> <span class='ocrx_word' id='word_1_531' title='bbox 2532 1008 2638 1047; x_wconf 91' lang='lat' dir='ltr'><strong>uon</strong></span> <span class='ocrx_word' id='word_1_532' title='bbox 2670 991 2797 1061; x_wconf 86' lang='lat' dir='ltr'><strong>ipsis</strong></span> <span class='ocrx_word' id='word_1_533' title='bbox 2825 987 3021 1053; x_wconf 89' lang='lat' dir='ltr'><strong>solum,</strong></span> <span class='ocrx_word' id='word_1_534' title='bbox 3055 986 3149 1042; x_wconf 90' lang='lat' dir='ltr'><strong>sed</strong></span> <span class='ocrx_word' id='word_1_535' title='bbox 3176 995 3235 1040; x_wconf 90' lang='lat' dir='ltr'><strong>et</strong></span> <span class='ocrx_word' id='word_1_536' title='bbox 3263 984 3411 1054; x_wconf 86' lang='lat' dir='ltr'><strong>patri</strong></span> <span class='ocrx_word' id='word_1_537' title='bbox 3437 994 3629 1037; x_wconf 87' lang='lat' dir='ltr'><strong>narrat.</strong></span> <span class='ocrx_word' id='word_1_538' title='bbox 3654 986 3702 1039; x_wconf 81' lang='lat'><strong>9.</strong></span> 
     </span>
    </p>
   </div>
   <div class='ocr_carea' id='block_1_68' title="bbox 2125 1076 3700 1155">
    <p class='ocr_par' dir='ltr' id='par_1_68' title="bbox 2125 1076 3700 1155">
     <span class='ocr_line' id='line_1_68' title="bbox 2125 1076 3700 1155; baseline -0.006 -17"><span class='ocrx_word' id='word_1_539' title='bbox 2125 1087 2286 1155; x_wconf 79' lang='lat' dir='ltr'><strong>Quasi</strong></span> <span class='ocrx_word' id='word_1_540' title='bbox 2313 1087 2390 1139; x_wconf 86' lang='lat' dir='ltr'><strong>sol</strong></span> <span class='ocrx_word' id='word_1_541' title='bbox 2417 1095 2462 1140; x_wconf 85' lang='lat' dir='ltr'><strong>et</strong></span> <span class='ocrx_word' id='word_1_542' title='bbox 2491 1084 2613 1139; x_wconf 78' lang='lat' dir='ltr'><strong>luna</strong></span> <span class='ocrx_word' id='word_1_543' title='bbox 2654 1093 2701 1136; x_wconf 88' lang='lat' dir='ltr'><strong>et</strong></span> <span class='ocrx_word' id='word_1_544' title='bbox 2735 1081 2965 1135; x_wconf 84' lang='lat' dir='ltr'><strong>undecim</strong></span> <span class='ocrx_word' id='word_1_545' title='bbox 2992 1077 3151 1133; x_wconf 69' lang='lat' dir='ltr'><strong>stella</strong></span> <span class='ocrx_word' id='word_1_546' title='bbox 3170 1076 3467 1130; x_wconf 77' lang='lat' dir='ltr'><strong>adorabunt</strong></span> <span class='ocrx_word' id='word_1_547' title='bbox 3507 1091 3599 1127; x_wconf 88' lang='lat' dir='ltr'><strong>me.</strong></span> <span class='ocrx_word' id='word_1_548' title='bbox 3628 1076 3700 1129; x_wconf 84' lang='lat' dir='ltr'><strong>l0.</strong></span> 
     </span>
    </p>
   </div>
   <div class='ocr_carea' id='block_1_69' title="bbox 2125 1166 3702 1247">
    <p class='ocr_par' dir='ltr' id='par_1_69' title="bbox 2125 1166 3702 1247">
     <span class='ocr_line' id='line_1_69' title="bbox 2125 1166 3702 1247; baseline -0.01 -13"><span class='ocrx_word' id='word_1_549' title='bbox 2125 1180 2193 1235; x_wconf 78' lang='lat' dir='ltr'><strong>Et</strong></span> <span class='ocrx_word' id='word_1_550' title='bbox 2238 1178 2512 1247; x_wconf 78' lang='lat' dir='ltr'><strong>increpavit</strong></span> <span class='ocrx_word' id='word_1_551' title='bbox 2553 1192 2667 1230; x_wconf 85' lang='lat' dir='ltr'><strong>eum</strong></span> <span class='ocrx_word' id='word_1_552' title='bbox 2716 1183 2858 1245; x_wconf 86' lang='lat' dir='ltr'><strong>pater</strong></span> <span class='ocrx_word' id='word_1_553' title='bbox 2884 1188 3037 1233; x_wconf 85' lang='lat' dir='ltr'><strong>sttus,</strong></span> <span class='ocrx_word' id='word_1_554' title='bbox 3070 1180 3116 1223; x_wconf 92' lang='lat' dir='ltr'><strong>et</strong></span> <span class='ocrx_word' id='word_1_555' title='bbox 3146 1169 3279 1223; x_wconf 73' lang='lat' dir='ltr'><strong>dixit</strong></span> <span class='ocrx_word' id='word_1_556' title='bbox 3327 1168 3378 1222; x_wconf 84' lang='lat' dir='ltr'><strong>ei</strong></span> <span class='ocrx_word' id='word_1_557' title='bbox 3408 1183 3429 1220; x_wconf 91' lang='lat'><strong><em>:</em></strong></span> <span class='ocrx_word' id='word_1_558' title='bbox 3461 1166 3604 1233; x_wconf 77' lang='lat' dir='ltr'><strong>Quod</strong></span> <span class='ocrx_word' id='word_1_559' title='bbox 3641 1177 3702 1219; x_wconf 81' lang='lat' dir='ltr'><strong>est</strong></span> 
     </span>
    </p>
   </div>
   <div class='ocr_carea' id='block_1_70' title="bbox 2124 1257 3705 1337">
    <p class='ocr_par' dir='ltr' id='par_1_70' title="bbox 2124 1257 3705 1337">
     <span class='ocr_line' id='line_1_70' title="bbox 2124 1257 3705 1337; baseline -0.009 -12"><span class='ocrx_word' id='word_1_560' title='bbox 2124 1270 2376 1325; x_wconf 75' lang='lat' dir='ltr'><strong>somnium</strong></span> <span class='ocrx_word' id='word_1_561' title='bbox 2402 1268 2514 1332; x_wconf 77' lang='lat' dir='ltr'><strong>Itoe,</strong></span> <span class='ocrx_word' id='word_1_562' title='bbox 2539 1266 2675 1337; x_wconf 82' lang='lat' dir='ltr'><strong>quod</strong></span> <span class='ocrx_word' id='word_1_563' title='bbox 2698 1263 2963 1319; x_wconf 83' lang='lat' dir='ltr'><strong>somniasti</strong></span> <span class='ocrx_word' id='word_1_564' title='bbox 2981 1261 3007 1315; x_wconf 72' lang='lat'><strong>1’</strong></span> <span class='ocrx_word' id='word_1_565' title='bbox 3040 1259 3312 1327; x_wconf 77' lang='lat' dir='ltr'><strong>Numquid</strong></span> <span class='ocrx_word' id='word_1_566' title='bbox 3346 1269 3525 1313; x_wconf 82' lang='lat' dir='ltr'><strong>euntes</strong></span> <span class='ocrx_word' id='word_1_567' title='bbox 3545 1257 3705 1310; x_wconf 73' lang='lat' dir='ltr'><strong>ibimus</strong></span> 
     </span>
    </p>
   </div>
   <div class='ocr_carea' id='block_1_71' title="bbox 2126 1353 3705 1436">
    <p class='ocr_par' dir='ltr' id='par_1_71' title="bbox 2126 1353 3705 1436">
     <span class='ocr_line' id='line_1_71' title="bbox 2126 1353 3705 1436; baseline -0.011 -18"><span class='ocrx_word' id='word_1_568' title='bbox 2126 1381 2218 1436; x_wconf 86' lang='lat' dir='ltr'><strong>ego</strong></span> <span class='ocrx_word' id='word_1_569' title='bbox 2240 1373 2288 1417; x_wconf 84' lang='lat' dir='ltr'><strong>et</strong></span> <span class='ocrx_word' id='word_1_570' title='bbox 2336 1372 2494 1415; x_wconf 82' lang='lat' dir='ltr'><strong>mater</strong></span> <span class='ocrx_word' id='word_1_571' title='bbox 2518 1370 2606 1413; x_wconf 76' lang='lat' dir='ltr'><strong>tua</strong></span> <span class='ocrx_word' id='word_1_572' title='bbox 2624 1399 2639 1421; x_wconf 88' lang='lat'><strong>,</strong></span> <span class='ocrx_word' id='word_1_573' title='bbox 2667 1368 2711 1413; x_wconf 85' lang='lat' dir='ltr'><strong>et</strong></span> <span class='ocrx_word' id='word_1_574' title='bbox 2739 1362 2921 1428; x_wconf 78' lang='lat' dir='ltr'><strong>fratres</strong></span> <span class='ocrx_word' id='word_1_575' title='bbox 2962 1355 3033 1408; x_wconf 85' lang='lat' dir='ltr'><strong>tui</strong></span> <span class='ocrx_word' id='word_1_576' title='bbox 3054 1395 3069 1419; x_wconf 90' lang='lat'><strong>,</strong></span> <span class='ocrx_word' id='word_1_577' title='bbox 3103 1364 3157 1407; x_wconf 82' lang='lat' dir='ltr'><strong>tu</strong></span> <span class='ocrx_word' id='word_1_578' title='bbox 3184 1353 3467 1406; x_wconf 79' lang='lat' dir='ltr'><strong>adoremus</strong></span> <span class='ocrx_word' id='word_1_579' title='bbox 3490 1359 3538 1404; x_wconf 85' lang='lat' dir='ltr'><strong>te</strong></span> <span class='ocrx_word' id='word_1_580' title='bbox 3573 1366 3705 1417; x_wconf 75' lang='lat' dir='ltr'><strong>suptr</strong></span> 
     </span>
    </p>
   </div>
   <div class='ocr_carea' id='block_1_72' title="bbox 2127 1442 3705 1512">
    <p class='ocr_par' dir='ltr' id='par_1_72' title="bbox 2127 1442 3705 1512">
     <span class='ocr_line' id='line_1_72' title="bbox 2127 1442 3705 1512; baseline -0.011 0"><span class='ocrx_word' id='word_1_581' title='bbox 2127 1456 2348 1512; x_wconf 80' lang='lat' dir='ltr'><strong>terram?</strong></span> <span class='ocrx_word' id='word_1_582' title='bbox 2377 1456 2464 1510; x_wconf 82' lang='lat' dir='ltr'><strong>ll.</strong></span> <span class='ocrx_word' id='word_1_583' title='bbox 2496 1452 2753 1507; x_wconf 78' lang='grc' dir='ltr'>ΑΞίιιιιΙαιὶ</span> <span class='ocrx_word' id='word_1_584' title='bbox 2777 1460 2943 1503; x_wconf 74' lang='lat' dir='ltr'><strong>autem</strong></span> <span class='ocrx_word' id='word_1_585' title='bbox 2967 1457 3082 1503; x_wconf 87' lang='lat' dir='ltr'><strong>sunt</strong></span> <span class='ocrx_word' id='word_1_586' title='bbox 3109 1463 3221 1500; x_wconf 86' lang='lat' dir='ltr'><strong>eum</strong></span> <span class='ocrx_word' id='word_1_587' title='bbox 3242 1442 3447 1512; x_wconf 72' lang='lat' dir='ltr'><strong>fratres</strong></span> <span class='ocrx_word' id='word_1_588' title='bbox 3459 1444 3554 1506; x_wconf 85' lang='lat' dir='ltr'><strong>sui,</strong></span> <span class='ocrx_word' id='word_1_589' title='bbox 3585 1451 3705 1512; x_wconf 75' lang='lat' dir='ltr'><strong>pater</strong></span> 
     </span>
    </p>
   </div>
   <div class='ocr_carea' id='block_1_73' title="bbox 2128 1532 3705 1607">
    <p class='ocr_par' dir='ltr' id='par_1_73' title="bbox 2128 1532 3705 1607">
     <span class='ocr_line' id='line_1_73' title="bbox 2128 1532 3705 1607; baseline -0.011 -4"><span class='ocrx_word' id='word_1_590' title='bbox 2128 1564 2243 1603; x_wconf 70' lang='lat' dir='ltr'><strong>vero</strong></span> <span class='ocrx_word' id='word_1_591' title='bbox 2276 1545 2551 1601; x_wconf 80' lang='lat' dir='ltr'><strong>observavit</strong></span> <span class='ocrx_word' id='word_1_592' title='bbox 2576 1544 2798 1596; x_wconf 78' lang='lat' dir='ltr'><strong>uerbum.</strong></span> <span class='ocrx_word' id='word_1_593' title='bbox 2823 1540 3011 1595; x_wconf 89' lang='lat' dir='ltr'><strong>Sciens</strong></span> <span class='ocrx_word' id='word_1_594' title='bbox 3040 1546 3191 1607; x_wconf 89' lang='lat' dir='ltr'><strong>pater</strong></span> <span class='ocrx_word' id='word_1_595' title='bbox 3233 1534 3384 1605; x_wconf 88' lang='lat' dir='ltr'><strong>quod</strong></span> <span class='ocrx_word' id='word_1_596' title='bbox 3417 1533 3602 1588; x_wconf 85' lang='lat' dir='ltr'><strong>fratres</strong></span> <span class='ocrx_word' id='word_1_597' title='bbox 3637 1532 3705 1586; x_wconf 57' lang='lat' dir='ltr'><strong>in.</strong></span> 
     </span>
    </p>
   </div>
   <div class='ocr_carea' id='block_1_74' title="bbox 2133 1628 3705 1705">
    <p class='ocr_par' dir='ltr' id='par_1_74' title="bbox 2133 1628 3705 1705">
     <span class='ocr_line' id='line_1_74' title="bbox 2133 1628 3705 1705; baseline -0.013 -10"><span class='ocrx_word' id='word_1_598' title='bbox 2133 1641 2379 1695; x_wconf 86' lang='lat' dir='ltr'><strong>viderent</strong></span> <span class='ocrx_word' id='word_1_599' title='bbox 2417 1637 2465 1692; x_wconf 89' lang='lat' dir='ltr'><strong>ei</strong></span> <span class='ocrx_word' id='word_1_600' title='bbox 2487 1677 2503 1703; x_wconf 91' lang='lat'><strong>,</strong></span> <span class='ocrx_word' id='word_1_601' title='bbox 2531 1644 2756 1705; x_wconf 73' lang='lat' dir='ltr'><strong>ptopter</strong></span> <span class='ocrx_word' id='word_1_602' title='bbox 2784 1634 2888 1687; x_wconf 87' lang='lat' dir='ltr'><strong>hoc</strong></span> <span class='ocrx_word' id='word_1_603' title='bbox 2933 1628 3223 1699; x_wconf 81' lang='lat' dir='ltr'><strong>increpavit</strong></span> <span class='ocrx_word' id='word_1_604' title='bbox 3247 1642 3516 1697; x_wconf 87' lang='lat' dir='ltr'><strong>puerum,</strong></span> <span class='ocrx_word' id='word_1_605' title='bbox 3546 1636 3594 1677; x_wconf 91' lang='lat' dir='ltr'><strong>et</strong></span> <span class='ocrx_word' id='word_1_606' title='bbox 3622 1640 3705 1676; x_wconf 81' lang='lat' dir='ltr'><strong>cx-</strong></span> 
     </span>
    </p>
   </div>
   <div class='ocr_carea' id='block_1_75' title="bbox 2131 1716 3702 1804">
    <p class='ocr_par' dir='ltr' id='par_1_75' title="bbox 2131 1716 3702 1804">
     <span class='ocr_line' id='line_1_75' title="bbox 2131 1716 3702 1804; baseline -0.009 -21"><span class='ocrx_word' id='word_1_607' title='bbox 2131 1734 2306 1804; x_wconf 80' lang='lat' dir='ltr'><strong>posuit</strong></span> <span class='ocrx_word' id='word_1_608' title='bbox 2334 1732 2494 1787; x_wconf 90' lang='lat' dir='ltr'><strong>etiam</strong></span> <span class='ocrx_word' id='word_1_609' title='bbox 2521 1730 2635 1799; x_wconf 88' lang='lat' dir='ltr'><strong>ipse</strong></span> <span class='ocrx_word' id='word_1_610' title='bbox 2663 1727 2960 1787; x_wconf 84' lang='lat' dir='ltr'><strong>somnium,</strong></span> <span class='ocrx_word' id='word_1_611' title='bbox 2989 1738 3052 1777; x_wconf 89' lang='lat' dir='ltr'><strong>ac</strong></span> <span class='ocrx_word' id='word_1_612' title='bbox 3080 1722 3403 1787; x_wconf 75' lang='lat' dir='ltr'><strong>coniectans</strong></span> <span class='ocrx_word' id='word_1_613' title='bbox 3435 1734 3463 1770; x_wconf 91' lang='lat' dir='ltr'><strong>a</strong></span> <span class='ocrx_word' id='word_1_614' title='bbox 3504 1716 3604 1770; x_wconf 82' lang='lat' dir='ltr'><strong>Deo</strong></span> <span class='ocrx_word' id='word_1_615' title='bbox 3629 1731 3702 1770; x_wconf 85' lang='lat' dir='ltr'><strong>re-</strong></span> 
     </span>
    </p>
   </div>
   <div class='ocr_carea' id='block_1_76' title="bbox 2133 1805 3703 1882">
    <p class='ocr_par' dir='ltr' id='par_1_76' title="bbox 2133 1805 3703 1882">
     <span class='ocr_line' id='line_1_76' title="bbox 2133 1805 3703 1882; baseline -0.015 -4"><span class='ocrx_word' id='word_1_616' title='bbox 2133 1823 2452 1880; x_wconf 76' lang='lat' dir='ltr'><strong>velationettt</strong></span> <span class='ocrx_word' id='word_1_617' title='bbox 2502 1822 2550 1876; x_wconf 91' lang='lat' dir='ltr'><strong>ei</strong></span> <span class='ocrx_word' id='word_1_618' title='bbox 2594 1819 2822 1882; x_wconf 89' lang='lat' dir='ltr'><strong>factam,</strong></span> <span class='ocrx_word' id='word_1_619' title='bbox 2869 1811 3193 1868; x_wconf 83' lang='lat' dir='ltr'><strong>observabat</strong></span> <span class='ocrx_word' id='word_1_620' title='bbox 3234 1808 3485 1863; x_wconf 88' lang='lat' dir='ltr'><strong>verbum.</strong></span> <span class='ocrx_word' id='word_1_621' title='bbox 3532 1805 3703 1860; x_wconf 69' lang='lat' dir='ltr'><strong>\‘erunt</strong></span> 
     </span>
    </p>
   </div>
   <div class='ocr_carea' id='block_1_77' title="bbox 2134 1897 3705 1975">
    <p class='ocr_par' dir='ltr' id='par_1_77' title="bbox 2134 1897 3705 1975">
     <span class='ocr_line' id='line_1_77' title="bbox 2134 1897 3705 1975; baseline -0.016 -2"><span class='ocrx_word' id='word_1_622' title='bbox 2134 1932 2239 1973; x_wconf 90' lang='lat' dir='ltr'><strong>non</strong></span> <span class='ocrx_word' id='word_1_623' title='bbox 2269 1916 2340 1970; x_wconf 84' lang='lat' dir='ltr'><strong>ita</strong></span> <span class='ocrx_word' id='word_1_624' title='bbox 2368 1912 2632 1969; x_wconf 88' lang='lat' dir='ltr'><strong>faciebant</strong></span> <span class='ocrx_word' id='word_1_625' title='bbox 2652 1910 2860 1964; x_wconf 88' lang='lat' dir='ltr'><strong>fratres.</strong></span> <span class='ocrx_word' id='word_1_626' title='bbox 2890 1905 2996 1961; x_wconf 88' lang='lat' dir='ltr'><strong>Sed</strong></span> <span class='ocrx_word' id='word_1_627' title='bbox 3017 1902 3172 1975; x_wconf 82' lang='lat' dir='ltr'><strong>quid?</strong></span> <span class='ocrx_word' id='word_1_628' title='bbox 3198 1901 3403 1956; x_wconf 88' lang='lat' dir='ltr'><strong>lterum</strong></span> <span class='ocrx_word' id='word_1_629' title='bbox 3427 1897 3589 1952; x_wconf 90' lang='lat' dir='ltr'><strong>multo</strong></span> <span class='ocrx_word' id='word_1_630' title='bbox 3610 1911 3705 1950; x_wconf 84' lang='lat' dir='ltr'><strong>ma-</strong></span> 
     </span>
    </p>
   </div>
   <div class='ocr_carea' id='block_1_78' title="bbox 2132 1989 3701 2080">
    <p class='ocr_par' dir='ltr' id='par_1_78' title="bbox 2132 1989 3701 2080">
     <span class='ocr_line' id='line_1_78' title="bbox 2132 1989 3701 2080; baseline -0.016 -17"><span class='ocrx_word' id='word_1_631' title='bbox 2132 2010 2214 2080; x_wconf 88' lang='lat' dir='ltr'><strong>gis</strong></span> <span class='ocrx_word' id='word_1_632' title='bbox 2236 2007 2646 2063; x_wconf 64' lang='lat' dir='ltr'><strong>aemulabantur.</strong></span> <span class='ocrx_word' id='word_1_633' title='bbox 2672 2001 2781 2056; x_wconf 83' lang='lat' dir='ltr'><strong>Cur</strong></span> <span class='ocrx_word' id='word_1_634' title='bbox 2809 1999 2980 2054; x_wconf 87' lang='lat' dir='ltr'><strong>insani</strong></span> <span class='ocrx_word' id='word_1_635' title='bbox 3022 1995 3197 2051; x_wconf 86' lang='lat' dir='ltr'><strong>fuistis</strong></span> <span class='ocrx_word' id='word_1_636' title='bbox 3215 1993 3241 2047; x_wconf 86' lang='lat'><strong>?</strong></span> <span class='ocrx_word' id='word_1_637' title='bbox 3270 2008 3371 2047; x_wconf 89' lang='lat' dir='ltr'><strong>cur</strong></span> <span class='ocrx_word' id='word_1_638' title='bbox 3397 1989 3701 2060; x_wconf 88' lang='lat' dir='ltr'><strong>stttpidorutn</strong></span> 
     </span>
    </p>
   </div>
   <div class='ocr_carea' id='block_1_79' title="bbox 2133 2081 3700 2170">
    <p class='ocr_par' dir='ltr' id='par_1_79' title="bbox 2133 2081 3700 2170">
     <span class='ocr_line' id='line_1_79' title="bbox 2133 2081 3700 2170; baseline -0.016 -13"><span class='ocrx_word' id='word_1_639' title='bbox 2133 2114 2296 2170; x_wconf 80' lang='lat' dir='ltr'><strong>opera</strong></span> <span class='ocrx_word' id='word_1_640' title='bbox 2341 2096 2577 2153; x_wconf 83' lang='lat' dir='ltr'><strong>fecistis?</strong></span> <span class='ocrx_word' id='word_1_641' title='bbox 2601 2094 2717 2149; x_wconf 89' lang='lat' dir='ltr'><strong>Non</strong></span> <span class='ocrx_word' id='word_1_642' title='bbox 2746 2091 3050 2163; x_wconf 78' lang='lat' dir='ltr'><strong>cogitastis,</strong></span> <span class='ocrx_word' id='word_1_643' title='bbox 3078 2085 3382 2143; x_wconf 88' lang='lat' dir='ltr'><strong>secundum</strong></span> <span class='ocrx_word' id='word_1_644' title='bbox 3408 2081 3700 2137; x_wconf 87' lang='lat' dir='ltr'><strong>insomnium</strong></span> 
     </span>
    </p>
   </div>
   <div class='ocr_carea' id='block_1_80' title="bbox 2135 2172 3699 2255">
    <p class='ocr_par' dir='ltr' id='par_1_80' title="bbox 2135 2172 3699 2255">
     <span class='ocr_line' id='line_1_80' title="bbox 2135 2172 3699 2255; baseline -0.015 -9"><span class='ocrx_word' id='word_1_645' title='bbox 2135 2207 2242 2246; x_wconf 87' lang='lat' dir='ltr'><strong>non</strong></span> <span class='ocrx_word' id='word_1_646' title='bbox 2273 2199 2505 2251; x_wconf 86' lang='lat' dir='ltr'><strong>temere,</strong></span> <span class='ocrx_word' id='word_1_647' title='bbox 2537 2198 2713 2255; x_wconf 87' lang='lat' dir='ltr'><strong>neque</strong></span> <span class='ocrx_word' id='word_1_648' title='bbox 2733 2180 2952 2237; x_wconf 90' lang='lat' dir='ltr'><strong>fortuito</strong></span> <span class='ocrx_word' id='word_1_649' title='bbox 2982 2179 3179 2234; x_wconf 87' lang='lat' dir='ltr'><strong>factum</strong></span> <span class='ocrx_word' id='word_1_650' title='bbox 3206 2190 3336 2231; x_wconf 84' lang='lat' dir='ltr'><strong>esse</strong></span> <span class='ocrx_word' id='word_1_651' title='bbox 3364 2191 3380 2228; x_wconf 86' lang='lat'><strong>:</strong></span> <span class='ocrx_word' id='word_1_652' title='bbox 3408 2172 3502 2228; x_wconf 92' lang='lat' dir='ltr'><strong>sed</strong></span> <span class='ocrx_word' id='word_1_653' title='bbox 3530 2181 3699 2226; x_wconf 89' lang='lat' dir='ltr'><strong>uteuttt</strong></span> 
     </span>
    </p>
   </div>
   <div class='ocr_carea' id='block_1_81' title="bbox 2135 2263 3696 2338">
    <p class='ocr_par' dir='ltr' id='par_1_81' title="bbox 2135 2263 3696 2338">
     <span class='ocr_line' id='line_1_81' title="bbox 2135 2263 3696 2338; baseline -0.017 0"><span class='ocrx_word' id='word_1_654' title='bbox 2135 2278 2428 2338; x_wconf 87' lang='lat' dir='ltr'><strong>didiceritis</strong></span> <span class='ocrx_word' id='word_1_655' title='bbox 2454 2277 2673 2333; x_wconf 90' lang='lat' dir='ltr'><strong>omnino</strong></span> <span class='ocrx_word' id='word_1_656' title='bbox 2723 2273 2900 2329; x_wconf 87' lang='lat' dir='ltr'><strong>futura</strong></span> <span class='ocrx_word' id='word_1_657' title='bbox 2947 2285 3072 2325; x_wconf 87' lang='lat' dir='ltr'><strong>esse</strong></span> <span class='ocrx_word' id='word_1_658' title='bbox 3112 2282 3237 2338; x_wconf 66' lang='lat' dir='ltr'><strong>quae</strong></span> <span class='ocrx_word' id='word_1_659' title='bbox 3280 2263 3535 2336; x_wconf 63' lang='lat' dir='ltr'><strong>praedicta</strong></span> <span class='ocrx_word' id='word_1_660' title='bbox 3563 2269 3696 2322; x_wconf 87' lang='lat' dir='ltr'><strong>sunt,</strong></span> 
     </span>
    </p>
   </div>
   <div class='ocr_carea' id='block_1_82' title="bbox 2135 2352 3701 2431">
    <p class='ocr_par' dir='ltr' id='par_1_82' title="bbox 2135 2352 3701 2431">
     <span class='ocr_line' id='line_1_82' title="bbox 2135 2352 3701 2431; baseline -0.017 0"><span class='ocrx_word' id='word_1_661' title='bbox 2135 2372 2360 2430; x_wconf 77' lang='lat' dir='ltr'><strong>cessatis</strong></span> <span class='ocrx_word' id='word_1_662' title='bbox 2389 2366 2636 2424; x_wconf 89' lang='lat' dir='ltr'><strong>meditari</strong></span> <span class='ocrx_word' id='word_1_663' title='bbox 2677 2362 3026 2419; x_wconf 88' lang='lat' dir='ltr'><strong>fratricidium</strong></span> <span class='ocrx_word' id='word_1_664' title='bbox 3047 2401 3063 2426; x_wconf 87' lang='lat'><strong>,</strong></span> <span class='ocrx_word' id='word_1_665' title='bbox 3093 2366 3282 2428; x_wconf 79' lang='lat' dir='ltr'><strong>utpote</strong></span> <span class='ocrx_word' id='word_1_666' title='bbox 3311 2370 3427 2411; x_wconf 89' lang='lat' dir='ltr'><strong>rem</strong></span> <span class='ocrx_word' id='word_1_667' title='bbox 3452 2352 3701 2431; x_wconf 83' lang='lat' dir='ltr'><strong>molien&#39;cs</strong></span> 
     </span>
    </p>
   </div>
   <div class='ocr_carea' id='block_1_83' title="bbox 2138 2448 3700 2536">
    <p class='ocr_par' dir='ltr' id='par_1_83' title="bbox 2138 2448 3700 2536">
     <span class='ocr_line' id='line_1_83' title="bbox 2138 2448 3700 2536; baseline -0.019 -15"><span class='ocrx_word' id='word_1_668' title='bbox 2138 2460 2567 2536; x_wconf 80' lang='lat' dir='ltr'><strong>impossibilem?</strong></span> <span class='ocrx_word' id='word_1_669' title='bbox 2594 2457 2758 2529; x_wconf 87' lang='lat' dir='ltr'><strong>Igitur</strong></span> <span class='ocrx_word' id='word_1_670' title='bbox 2784 2452 3067 2525; x_wconf 88' lang='lat' dir='ltr'><strong>oportebat</strong></span> <span class='ocrx_word' id='word_1_671' title='bbox 3095 2448 3317 2521; x_wconf 86' lang='lat' dir='ltr'><strong>quidem</strong></span> <span class='ocrx_word' id='word_1_672' title='bbox 3347 2461 3464 2510; x_wconf 89' lang='lat' dir='ltr'><strong>vos,</strong></span> <span class='ocrx_word' id='word_1_673' title='bbox 3492 2457 3604 2498; x_wconf 88' lang='lat' dir='ltr'><strong>cum</strong></span> <span class='ocrx_word' id='word_1_674' title='bbox 3623 2456 3700 2494; x_wconf 90' lang='lat' dir='ltr'><strong>eo-</strong></span> 
     </span>
    </p>
   </div>
   <div class='ocr_carea' id='block_1_84' title="bbox 2135 2542 3699 2630">
    <p class='ocr_par' dir='ltr' id='par_1_84' title="bbox 2135 2542 3699 2630">
     <span class='ocr_line' id='line_1_84' title="bbox 2135 2542 3699 2630; baseline -0.019 -16"><span class='ocrx_word' id='word_1_675' title='bbox 2135 2556 2396 2630; x_wconf 84' lang='lat' dir='ltr'><strong>gitarctis,</strong></span> <span class='ocrx_word' id='word_1_676' title='bbox 2424 2565 2477 2611; x_wconf 90' lang='lat' dir='ltr'><strong>et</strong></span> <span class='ocrx_word' id='word_1_677' title='bbox 2506 2556 2557 2609; x_wconf 92' lang='lat' dir='ltr'><strong>itt</strong></span> <span class='ocrx_word' id='word_1_678' title='bbox 2590 2563 2822 2607; x_wconf 88' lang='lat' dir='ltr'><strong>mentem</strong></span> <span class='ocrx_word' id='word_1_679' title='bbox 2845 2544 3157 2616; x_wconf 83' lang='lat' dir='ltr'><strong>acciperetis</strong></span> <span class='ocrx_word' id='word_1_680' title='bbox 3175 2542 3469 2597; x_wconf 89' lang='lat' dir='ltr'><strong>fraternam</strong></span> <span class='ocrx_word' id='word_1_681' title='bbox 3498 2542 3699 2590; x_wconf 75' lang='lat' dir='ltr'><strong>vestram</strong></span> 
     </span>
    </p>
   </div>
   <div class='ocr_carea' id='block_1_85' title="bbox 2136 2634 3699 2719">
    <p class='ocr_par' dir='ltr' id='par_1_85' title="bbox 2136 2634 3699 2719">
     <span class='ocr_line' id='line_1_85' title="bbox 2136 2634 3699 2719; baseline -0.019 -15"><span class='ocrx_word' id='word_1_682' title='bbox 2136 2648 2569 2719; x_wconf 74' lang='lat' dir='ltr'><strong>coniunctionem</strong></span> <span class='ocrx_word' id='word_1_683' title='bbox 2596 2686 2611 2712; x_wconf 89' lang='lat'><strong>,</strong></span> <span class='ocrx_word' id='word_1_684' title='bbox 2657 2643 2887 2698; x_wconf 89' lang='lat' dir='ltr'><strong>futuram</strong></span> <span class='ocrx_word' id='word_1_685' title='bbox 2934 2636 3111 2693; x_wconf 84' lang='lat' dir='ltr'><strong>ftatris</strong></span> <span class='ocrx_word' id='word_1_686' title='bbox 3156 2634 3390 2705; x_wconf 75' lang='lat' dir='ltr'><strong>gloriam</strong></span> <span class='ocrx_word' id='word_1_687' title='bbox 3427 2646 3519 2700; x_wconf 91' lang='lat' dir='ltr'><strong>pro</strong></span> <span class='ocrx_word' id='word_1_688' title='bbox 3553 2635 3699 2680; x_wconf 65' lang='lat' dir='ltr'><strong>nstra</strong></span> 
     </span>
    </p>
   </div>
   <div class='ocr_carea' id='block_1_86' title="bbox 2139 2717 3695 2806">
    <p class='ocr_par' dir='ltr' id='par_1_86' title="bbox 2139 2717 3695 2806">
     <span class='ocr_line' id='line_1_86' title="bbox 2139 2717 3695 2806; baseline -0.019 -9"><span class='ocrx_word' id='word_1_689' title='bbox 2139 2717 2355 2797; x_wconf 84' lang='lat' dir='ltr'><strong>ducere.</strong></span> <span class='ocrx_word' id='word_1_690' title='bbox 2387 2736 2648 2806; x_wconf 84' lang='lat' dir='ltr'><strong>Quoniam</strong></span> <span class='ocrx_word' id='word_1_691' title='bbox 2693 2747 2875 2788; x_wconf 83' lang='lat' dir='ltr'><strong>au&#39;etn</strong></span> <span class='ocrx_word' id='word_1_692' title='bbox 2904 2730 2969 2784; x_wconf 87' lang='lat' dir='ltr'><strong>ad</strong></span> <span class='ocrx_word' id='word_1_693' title='bbox 3018 2730 3117 2782; x_wconf 90' lang='lat' dir='ltr'><strong>hoc</strong></span> <span class='ocrx_word' id='word_1_694' title='bbox 3160 2741 3273 2780; x_wconf 91' lang='lat' dir='ltr'><strong>non</strong></span> <span class='ocrx_word' id='word_1_695' title='bbox 3320 2717 3695 2792; x_wconf 70' lang='grc' dir='ltr'><strong>τρειιίρίυιιιιιίε.</strong></span> 
     </span>
    </p>
   </div>
   <div class='ocr_carea' id='block_1_87' title="bbox 2139 2819 3696 2900">
    <p class='ocr_par' dir='ltr' id='par_1_87' title="bbox 2139 2819 3696 2900">
     <span class='ocr_line' id='line_1_87' title="bbox 2139 2819 3696 2900; baseline -0.021 -11"><span class='ocrx_word' id='word_1_696' title='bbox 2139 2843 2473 2900; x_wconf 70' lang='lat' dir='ltr'><strong>consequens</strong></span> <span class='ocrx_word' id='word_1_697' title='bbox 2521 2827 2618 2880; x_wconf 88' lang='lat' dir='ltr'><strong>fuit</strong></span> <span class='ocrx_word' id='word_1_698' title='bbox 2641 2823 2768 2879; x_wconf 88' lang='lat' dir='ltr'><strong>illttd</strong></span> <span class='ocrx_word' id='word_1_699' title='bbox 2797 2821 3052 2892; x_wconf 82' lang='lat' dir='ltr'><strong>cogitare,</strong></span> <span class='ocrx_word' id='word_1_700' title='bbox 3081 2832 3176 2871; x_wconf 85' lang='lat' dir='ltr'><strong>vos</strong></span> <span class='ocrx_word' id='word_1_701' title='bbox 3213 2830 3322 2869; x_wconf 92' lang='lat' dir='ltr'><strong>non</strong></span> <span class='ocrx_word' id='word_1_702' title='bbox 3352 2819 3535 2867; x_wconf 81' lang='lat' dir='ltr'><strong>contra</strong></span> <span class='ocrx_word' id='word_1_703' title='bbox 3559 2821 3663 2861; x_wconf 86' lang='lat' dir='ltr'><strong>cum</strong></span> <span class='ocrx_word' id='word_1_704' title='bbox 3682 2843 3696 2870; x_wconf 90' lang='lat'><strong>,</strong></span> 
     </span>
    </p>
   </div>
   <div class='ocr_carea' id='block_1_88' title="bbox 2139 2897 3697 2989">
    <p class='ocr_par' dir='ltr' id='par_1_88' title="bbox 2139 2897 3697 2989">
     <span class='ocr_line' id='line_1_88' title="bbox 2139 2897 3697 2989; baseline -0.019 -12"><span class='ocrx_word' id='word_1_705' title='bbox 2139 2920 2235 2977; x_wconf 85' lang='lat' dir='ltr'><strong>sed</strong></span> <span class='ocrx_word' id='word_1_706' title='bbox 2255 2897 2439 2977; x_wconf 80' lang='lat' dir='ltr'><strong>contra</strong></span> <span class='ocrx_word' id='word_1_707' title='bbox 2460 2917 2698 2989; x_wconf 87' lang='lat' dir='ltr'><strong>omnium</strong></span> <span class='ocrx_word' id='word_1_708' title='bbox 2731 2914 3040 2976; x_wconf 72' lang='lat' dir='ltr'><strong>Dominum,</strong></span> <span class='ocrx_word' id='word_1_709' title='bbox 3071 2910 3160 2980; x_wconf 91' lang='lat' dir='ltr'><strong>qui</strong></span> <span class='ocrx_word' id='word_1_710' title='bbox 3190 2907 3298 2962; x_wconf 90' lang='lat' dir='ltr'><strong>hoc</strong></span> <span class='ocrx_word' id='word_1_711' title='bbox 3328 2904 3377 2960; x_wconf 91' lang='lat' dir='ltr'><strong>ei</strong></span> <span class='ocrx_word' id='word_1_712' title='bbox 3400 2903 3505 2974; x_wconf 82' lang='lat' dir='ltr'><strong>jam</strong></span> <span class='ocrx_word' id='word_1_713' title='bbox 3526 2897 3697 2989; x_wconf 64' lang='lat' dir='ltr'><strong>reveL-ta</strong></span> 
     </span>
    </p>
   </div>
   <div class='ocr_carea' id='block_1_89' title="bbox 2139 2985 3695 3079">
    <p class='ocr_par' dir='ltr' id='par_1_89' title="bbox 2139 2985 3695 3079">
     <span class='ocr_line' id='line_1_89' title="bbox 2139 2985 3695 3079; baseline -0.019 -12"><span class='ocrx_word' id='word_1_714' title='bbox 2139 3015 2255 3077; x_wconf 87' lang='lat' dir='ltr'><strong>vit,</strong></span> <span class='ocrx_word' id='word_1_715' title='bbox 2302 2988 2737 3079; x_wconf 79' lang='lat' dir='ltr'><strong>bellutttgerere.</strong></span> <span class='ocrx_word' id='word_1_716' title='bbox 2779 3002 2976 3059; x_wconf 79' lang='lat' dir='ltr'><strong>Verum</strong></span> <span class='ocrx_word' id='word_1_717' title='bbox 3024 3001 3096 3054; x_wconf 91' lang='lat' dir='ltr'><strong>illi</strong></span> <span class='ocrx_word' id='word_1_718' title='bbox 3136 2996 3359 3070; x_wconf 89' lang='lat' dir='ltr'><strong>quidem</strong></span> <span class='ocrx_word' id='word_1_719' title='bbox 3384 3037 3400 3061; x_wconf 87' lang='lat'><strong>,</strong></span> <span class='ocrx_word' id='word_1_720' title='bbox 3427 2992 3555 3046; x_wconf 87' lang='lat' dir='ltr'><strong>sicut</strong></span> <span class='ocrx_word' id='word_1_721' title='bbox 3580 2985 3695 3051; x_wconf 90' lang='lat' dir='ltr'><strong>dixi,</strong></span> 
     </span>
    </p>
   </div>
   <div class='ocr_carea' id='block_1_90' title="bbox 2142 3080 3693 3173">
    <p class='ocr_par' dir='ltr' id='par_1_90' title="bbox 2142 3080 3693 3173">
     <span class='ocr_line' id='line_1_90' title="bbox 2142 3080 3693 3173; baseline -0.019 -14"><span class='ocrx_word' id='word_1_722' title='bbox 2142 3117 2316 3173; x_wconf 85' lang='lat' dir='ltr'><strong>neque</strong></span> <span class='ocrx_word' id='word_1_723' title='bbox 2343 3109 2545 3155; x_wconf 79' lang='lat' dir='ltr'><strong>natura:</strong></span> <span class='ocrx_word' id='word_1_724' title='bbox 2573 3096 2842 3152; x_wconf 90' lang='lat' dir='ltr'><strong>vinculum</strong></span> <span class='ocrx_word' id='word_1_725' title='bbox 2875 3091 3110 3154; x_wconf 89' lang='lat' dir='ltr'><strong>reveriti,</strong></span> <span class='ocrx_word' id='word_1_726' title='bbox 3146 3102 3327 3160; x_wconf 82' lang='lat' dir='ltr'><strong>neque</strong></span> <span class='ocrx_word' id='word_1_727' title='bbox 3364 3086 3416 3139; x_wconf 90' lang='lat' dir='ltr'><strong>in</strong></span> <span class='ocrx_word' id='word_1_728' title='bbox 3441 3080 3604 3137; x_wconf 86' lang='lat' dir='ltr'><strong>mente</strong></span> <span class='ocrx_word' id='word_1_729' title='bbox 3618 3091 3693 3130; x_wconf 83' lang='lat' dir='ltr'><strong>ca-</strong></span> 
     </span>
    </p>
   </div>
   <div class='ocr_carea' id='block_1_91' title="bbox 2144 3173 3693 3266">
    <p class='ocr_par' dir='ltr' id='par_1_91' title="bbox 2144 3173 3693 3266">
     <span class='ocr_line' id='line_1_91' title="bbox 2144 3173 3693 3266; baseline -0.019 -16"><span class='ocrx_word' id='word_1_730' title='bbox 2144 3196 2349 3266; x_wconf 76' lang='lat' dir='ltr'><strong>pientes</strong></span> <span class='ocrx_word' id='word_1_731' title='bbox 2377 3199 2575 3265; x_wconf 89' lang='lat' dir='ltr'><strong>quanta</strong></span> <span class='ocrx_word' id='word_1_732' title='bbox 2606 3190 2696 3245; x_wconf 90' lang='lat' dir='ltr'><strong>ille</strong></span> <span class='ocrx_word' id='word_1_733' title='bbox 2720 3201 2951 3258; x_wconf 76' lang='lat' dir='ltr'><strong>superna</strong></span> <span class='ocrx_word' id='word_1_734' title='bbox 2993 3180 3373 3240; x_wconf 85' lang='lat' dir='ltr'><strong>benevolentia</strong></span> <span class='ocrx_word' id='word_1_735' title='bbox 3412 3173 3693 3231; x_wconf 87' lang='lat' dir='ltr'><strong>muniretur,</strong></span> 
     </span>
    </p>
   </div>
   <div class='ocr_carea' id='block_1_92' title="bbox 2144 3263 3694 3357">
    <p class='ocr_par' dir='ltr' id='par_1_92' title="bbox 2144 3263 3694 3357">
     <span class='ocr_line' id='line_1_92' title="bbox 2144 3263 3694 3357; baseline -0.021 -15"><span class='ocrx_word' id='word_1_736' title='bbox 2144 3263 2323 3342; x_wconf 77' lang='lat' dir='ltr'><strong>odium</strong></span> <span class='ocrx_word' id='word_1_737' title='bbox 2347 3263 2583 3357; x_wconf 82' lang='lat' dir='ltr'><strong>quotidie</strong></span> <span class='ocrx_word' id='word_1_738' title='bbox 2612 3286 2875 3336; x_wconf 82' lang='lat' dir='ltr'><strong>auxerunt</strong></span> <span class='ocrx_word' id='word_1_739' title='bbox 2900 3296 2913 3332; x_wconf 92' lang='lat'><strong>:</strong></span> <span class='ocrx_word' id='word_1_740' title='bbox 2937 3285 2991 3332; x_wconf 89' lang='lat' dir='ltr'><strong>et</strong></span> <span class='ocrx_word' id='word_1_741' title='bbox 3010 3275 3218 3330; x_wconf 88' lang='lat' dir='ltr'><strong>occulte</strong></span> <span class='ocrx_word' id='word_1_742' title='bbox 3246 3274 3386 3326; x_wconf 89' lang='lat' dir='ltr'><strong>intra</strong></span> <span class='ocrx_word' id='word_1_743' title='bbox 3415 3263 3694 3357; x_wconf 70' lang='lat' dir='ltr'><strong>sentctipsus</strong></span> 
     </span>
    </p>
   </div>
   <div class='ocr_carea' id='block_1_93' title="bbox 2143 3351 3693 3448">
    <p class='ocr_par' dir='ltr' id='par_1_93' title="bbox 2143 3351 3693 3448">
     <span class='ocr_line' id='line_1_93' title="bbox 2143 3351 3693 3448; baseline -0.021 -15"><span class='ocrx_word' id='word_1_744' title='bbox 2143 3394 2330 3448; x_wconf 82' lang='lat' dir='ltr'><strong>rogum</strong></span> <span class='ocrx_word' id='word_1_745' title='bbox 2364 3351 2767 3438; x_wconf 67' lang='lat' dir='ltr'><strong>accenderunt,</strong></span> <span class='ocrx_word' id='word_1_746' title='bbox 2811 3385 2984 3442; x_wconf 88' lang='lat' dir='ltr'><strong>neque</strong></span> <span class='ocrx_word' id='word_1_747' title='bbox 3033 3380 3216 3438; x_wconf 83' lang='lat' dir='ltr'><strong>patre,</strong></span> <span class='ocrx_word' id='word_1_748' title='bbox 3255 3376 3430 3433; x_wconf 88' lang='lat' dir='ltr'><strong>neque</strong></span> <span class='ocrx_word' id='word_1_749' title='bbox 3469 3357 3569 3413; x_wconf 83' lang='lat' dir='ltr'><strong>filio</strong></span> <span class='ocrx_word' id='word_1_750' title='bbox 3608 3351 3693 3448; x_wconf 77' lang='lat' dir='ltr'><strong>tale</strong></span> 
     </span>
    </p>
   </div>
   <div class='ocr_carea' id='block_1_94' title="bbox 2143 3442 3688 3541">
    <p class='ocr_par' dir='ltr' id='par_1_94' title="bbox 2143 3442 3688 3541">
     <span class='ocr_line' id='line_1_94' title="bbox 2143 3442 3688 3541; baseline -0.018 -17"><span class='ocrx_word' id='word_1_751' title='bbox 2143 3442 2414 3541; x_wconf 77' lang='lat' dir='ltr'><strong>quidpiam</strong></span> <span class='ocrx_word' id='word_1_752' title='bbox 2453 3463 2878 3536; x_wconf 70' lang='lat' dir='ltr'><strong>suspicantibus,</strong></span> <span class='ocrx_word' id='word_1_753' title='bbox 2912 3474 3083 3530; x_wconf 86' lang='lat' dir='ltr'><strong>neque</strong></span> <span class='ocrx_word' id='word_1_754' title='bbox 3124 3451 3487 3527; x_wconf 74' lang='lat' dir='ltr'><strong>cogitantibus</strong></span> <span class='ocrx_word' id='word_1_755' title='bbox 3532 3460 3614 3541; x_wconf 77' lang='lat' dir='ltr'><strong>eos</strong></span> <span class='ocrx_word' id='word_1_756' title='bbox 3648 3442 3688 3541; x_wconf 71' lang='grc' dir='ltr'><strong>ιιι</strong></span> 
     </span>
    </p>
   </div>
   <div class='ocr_carea' id='block_1_95' title="bbox 2145 3533 3689 3625">
    <p class='ocr_par' dir='ltr' id='par_1_95' title="bbox 2145 3533 3689 3625">
     <span class='ocr_line' id='line_1_95' title="bbox 2145 3533 3689 3625; baseline -0.017 -8"><span class='ocrx_word' id='word_1_757' title='bbox 2145 3571 2346 3617; x_wconf 89' lang='lat' dir='ltr'><strong>tantam</strong></span> <span class='ocrx_word' id='word_1_758' title='bbox 2376 3559 2636 3615; x_wconf 80' lang='lat' dir='ltr'><strong>insaniam</strong></span> <span class='ocrx_word' id='word_1_759' title='bbox 2663 3571 2783 3612; x_wconf 90' lang='lat' dir='ltr'><strong>esse</strong></span> <span class='ocrx_word' id='word_1_760' title='bbox 2811 3560 3206 3625; x_wconf 86' lang='lat' dir='ltr'><strong>prepcraturos.</strong></span> <span class='ocrx_word' id='word_1_761' title='bbox 3246 3547 3371 3602; x_wconf 89' lang='lat' dir='ltr'><strong>Ideo</strong></span> <span class='ocrx_word' id='word_1_762' title='bbox 3394 3542 3475 3597; x_wconf 90' lang='lat' dir='ltr'><strong>ubi</strong></span> <span class='ocrx_word' id='word_1_763' title='bbox 3502 3533 3689 3625; x_wconf 77' lang='lat' dir='ltr'><strong>profecti</strong></span> 
     </span>
    </p>
   </div>
   <div class='ocr_carea' id='block_1_96' title="bbox 2145 3622 3690 3719">
    <p class='ocr_par' dir='ltr' id='par_1_96' title="bbox 2145 3622 3690 3719">
     <span class='ocr_line' id='line_1_96' title="bbox 2145 3622 3690 3719; baseline -0.021 -11"><span class='ocrx_word' id='word_1_764' title='bbox 2145 3660 2271 3708; x_wconf 90' lang='lat' dir='ltr'><strong>sunt</strong></span> <span class='ocrx_word' id='word_1_765' title='bbox 2298 3652 2493 3707; x_wconf 87' lang='lat' dir='ltr'><strong>fratres</strong></span> <span class='ocrx_word' id='word_1_766' title='bbox 2514 3650 2578 3704; x_wconf 90' lang='lat' dir='ltr'><strong>ad</strong></span> <span class='ocrx_word' id='word_1_767' title='bbox 2604 3661 2793 3719; x_wconf 85' lang='lat' dir='ltr'><strong>greges</strong></span> <span class='ocrx_word' id='word_1_768' title='bbox 2811 3622 2834 3699; x_wconf 21' lang='lat' dir='ltr'><strong>ﬁ:</strong></span> <span class='ocrx_word' id='word_1_769' title='bbox 2860 3622 2946 3700; x_wconf 69' lang='lat' dir='ltr'><strong>l3.</strong></span> <span class='ocrx_word' id='word_1_770' title='bbox 2976 3641 3141 3707; x_wconf 72' lang='lat' dir='ltr'><strong>Dixit,</strong></span> <span class='ocrx_word' id='word_1_771' title='bbox 3174 3640 3369 3710; x_wconf 88' lang='lat' dir='ltr'><strong>ittqtttt,</strong></span> <span class='ocrx_word' id='word_1_772' title='bbox 3393 3643 3525 3706; x_wconf 80' lang='lat' dir='ltr'><strong>pater</strong></span> <span class='ocrx_word' id='word_1_773' title='bbox 3542 3625 3603 3679; x_wconf 78' lang='lat' dir='ltr'><strong>ad</strong></span> <span class='ocrx_word' id='word_1_774' title='bbox 3616 3622 3690 3719; x_wconf 74' lang='lat' dir='ltr'><strong>Jo-</strong></span> 
     </span>
    </p>
   </div>
   <div class='ocr_carea' id='block_1_97' title="bbox 2142 3716 3688 3813">
    <p class='ocr_par' dir='ltr' id='par_1_97' title="bbox 2142 3716 3688 3813">
     <span class='ocr_line' id='line_1_97' title="bbox 2142 3716 3688 3813; baseline -0.016 -13"><span class='ocrx_word' id='word_1_775' title='bbox 2142 3745 2266 3813; x_wconf 87' lang='lat' dir='ltr'><strong>seph</strong></span> <span class='ocrx_word' id='word_1_776' title='bbox 2294 3759 2313 3798; x_wconf 91' lang='lat'><strong><em>:</em></strong></span> <span class='ocrx_word' id='word_1_777' title='bbox 2342 3741 2528 3797; x_wconf 85' lang='lat' dir='ltr'><strong>Nonne</strong></span> <span class='ocrx_word' id='word_1_778' title='bbox 2555 3716 2736 3811; x_wconf 74' lang='lat' dir='ltr'><strong>fratres</strong></span> <span class='ocrx_word' id='word_1_779' title='bbox 2760 3739 2833 3793; x_wconf 86' lang='lat' dir='ltr'><strong>tui</strong></span> <span class='ocrx_word' id='word_1_780' title='bbox 2862 3744 3074 3808; x_wconf 84' lang='lat' dir='ltr'><strong>pascunt</strong></span> <span class='ocrx_word' id='word_1_781' title='bbox 3098 3750 3211 3787; x_wconf 83' lang='lat' dir='ltr'><strong>oves</strong></span> <span class='ocrx_word' id='word_1_782' title='bbox 3227 3734 3284 3786; x_wconf 86' lang='lat' dir='ltr'><strong>in</strong></span> <span class='ocrx_word' id='word_1_783' title='bbox 3303 3723 3550 3801; x_wconf 79' lang='lat' dir='ltr'><strong>Syc/tem?</strong></span> <span class='ocrx_word' id='word_1_784' title='bbox 3571 3716 3688 3775; x_wconf 72' lang='lat' dir='ltr'><strong>Vetti.</strong></span> 
     </span>
    </p>
   </div>
   <div class='ocr_carea' id='block_1_98' title="bbox 2144 3815 3688 3901">
    <p class='ocr_par' dir='ltr' id='par_1_98' title="bbox 2144 3815 3688 3901">
     <span class='ocr_line' id='line_1_98' title="bbox 2144 3815 3688 3901; baseline -0.02 -10"><span class='ocrx_word' id='word_1_785' title='bbox 2144 3838 2337 3891; x_wconf 86' lang='lat' dir='ltr'><strong>mittam</strong></span> <span class='ocrx_word' id='word_1_786' title='bbox 2364 3844 2411 3889; x_wconf 86' lang='lat' dir='ltr'><strong>te</strong></span> <span class='ocrx_word' id='word_1_787' title='bbox 2436 3834 2504 3887; x_wconf 83' lang='lat' dir='ltr'><strong>ad</strong></span> <span class='ocrx_word' id='word_1_788' title='bbox 2531 3849 2636 3887; x_wconf 87' lang='lat' dir='ltr'><strong>eos.</strong></span> <span class='ocrx_word' id='word_1_789' title='bbox 2664 3830 2900 3901; x_wconf 74' lang='lat' dir='ltr'><strong>Dixitque</strong></span> <span class='ocrx_word' id='word_1_790' title='bbox 2923 3827 2968 3882; x_wconf 86' lang='lat' dir='ltr'><strong>ei</strong></span> <span class='ocrx_word' id='word_1_791' title='bbox 2994 3843 3013 3880; x_wconf 90' lang='lat'><strong><em>:</em></strong></span> <span class='ocrx_word' id='word_1_792' title='bbox 3044 3824 3171 3880; x_wconf 83' lang='lat' dir='ltr'><strong>Ecce</strong></span> <span class='ocrx_word' id='word_1_793' title='bbox 3190 3840 3309 3895; x_wconf 89' lang='lat' dir='ltr'><strong>ego.</strong></span> <span class='ocrx_word' id='word_1_794' title='bbox 3344 3815 3524 3875; x_wconf 84' lang='lat' dir='ltr'><strong>Vidisti</strong></span> <span class='ocrx_word' id='word_1_795' title='bbox 3552 3815 3688 3901; x_wconf 68' lang='lat' dir='ltr'><strong>patrui</strong></span> 
     </span>
    </p>
   </div>
   <div class='ocr_carea' id='block_1_99' title="bbox 2143 3895 3688 3999">
    <p class='ocr_par' dir='ltr' id='par_1_99' title="bbox 2143 3895 3688 3999">
     <span class='ocr_line' id='line_1_99' title="bbox 2143 3895 3688 3999; baseline -0.023 -14"><span class='ocrx_word' id='word_1_796' title='bbox 2143 3944 2267 3999; x_wconf 82' lang='lat' dir='ltr'><strong>erga</strong></span> <span class='ocrx_word' id='word_1_797' title='bbox 2318 3927 2456 3982; x_wconf 85' lang='lat' dir='ltr'><strong>filios</strong></span> <span class='ocrx_word' id='word_1_798' title='bbox 2483 3927 2499 3958; x_wconf 82' lang='grc'><strong>¹</strong></span> <span class='ocrx_word' id='word_1_799' title='bbox 2531 3895 2918 3980; x_wconf 75' lang='lat' dir='ltr'><strong>dilectionem?</strong></span> <span class='ocrx_word' id='word_1_800' title='bbox 2966 3917 3143 3973; x_wconf 88' lang='lat' dir='ltr'><strong>vidisti</strong></span> <span class='ocrx_word' id='word_1_801' title='bbox 3188 3915 3286 3969; x_wconf 90' lang='lat' dir='ltr'><strong>lilii</strong></span> <span class='ocrx_word' id='word_1_802' title='bbox 3334 3895 3688 3999; x_wconf 68' lang='lat' dir='ltr'><strong>obedientiam?</strong></span> 
     </span>
    </p>
   </div>
   <div class='ocr_carea' id='block_1_100' title="bbox 2146 3994 3686 4075">
    <p class='ocr_par' dir='ltr' id='par_1_100' title="bbox 2146 3994 3686 4075">
     <span class='ocr_line' id='line_1_100' title="bbox 2146 3994 3686 4075; baseline -0.018 -1"><span class='ocrx_word' id='word_1_803' title='bbox 2146 3994 2287 4075; x_wconf 55' lang='lat' dir='ltr'><strong>Disit</strong></span> <span class='ocrx_word' id='word_1_804' title='bbox 2310 4028 2488 4073; x_wconf 78' lang='lat' dir='ltr'><strong>autem</strong></span> <span class='ocrx_word' id='word_1_805' title='bbox 2513 4017 2561 4072; x_wconf 89' lang='lat' dir='ltr'><strong>ei</strong></span> <span class='ocrx_word' id='word_1_806' title='bbox 2596 4032 2610 4069; x_wconf 91' lang='lat'>:</span> <span class='ocrx_word' id='word_1_807' title='bbox 2640 4013 2722 4069; x_wconf 68' lang='lat' dir='ltr'><strong>l4.</strong></span> <span class='ocrx_word' id='word_1_808' title='bbox 2758 4011 2898 4065; x_wconf 84' lang='lat' dir='ltr'><strong>Vade</strong></span> <span class='ocrx_word' id='word_1_809' title='bbox 2917 4052 2931 4075; x_wconf 94' lang='lat'><strong>,</strong></span> <span class='ocrx_word' id='word_1_810' title='bbox 2961 4019 3006 4064; x_wconf 90' lang='lat' dir='ltr'><strong>et</strong></span> <span class='ocrx_word' id='word_1_811' title='bbox 3033 4009 3176 4075; x_wconf 80' lang='lat' dir='ltr'><strong>vide,</strong></span> <span class='ocrx_word' id='word_1_812' title='bbox 3207 4000 3461 4060; x_wconf 83' lang='lat' dir='ltr'><strong>numsaui</strong></span> <span class='ocrx_word' id='word_1_813' title='bbox 3481 3997 3569 4051; x_wconf 81' lang='lat' dir='ltr'><strong>sint</strong></span> <span class='ocrx_word' id='word_1_814' title='bbox 3592 3994 3686 4061; x_wconf 77' lang='lat' dir='ltr'><strong>[m-</strong></span> 
     </span>
    </p>
   </div>
   <div class='ocr_carea' id='block_1_101' title="bbox 2142 4101 3087 4173">
    <p class='ocr_par' dir='ltr' id='par_1_101' title="bbox 2142 4101 3087 4173">
     <span class='ocr_line' id='line_1_101' title="bbox 2142 4101 3087 4173; baseline -0.014 -6"><span class='ocrx_word' id='word_1_815' title='bbox 2142 4123 2242 4167; x_wconf 81' lang='lat' dir='ltr'><strong>tres</strong></span> <span class='ocrx_word' id='word_1_816' title='bbox 2267 4111 2359 4173; x_wconf 87' lang='lat' dir='ltr'><strong>tui,</strong></span> <span class='ocrx_word' id='word_1_817' title='bbox 2382 4120 2427 4164; x_wconf 87' lang='lat' dir='ltr'><strong>et</strong></span> <span class='ocrx_word' id='word_1_818' title='bbox 2457 4125 2592 4173; x_wconf 85' lang='lat' dir='ltr'><strong>oves,</strong></span> <span class='ocrx_word' id='word_1_819' title='bbox 2612 4105 2917 4161; x_wconf 85' lang='lat' dir='ltr'><strong>etannuntia</strong></span> <span class='ocrx_word' id='word_1_820' title='bbox 2942 4101 3087 4156; x_wconf 83' lang='lat' dir='ltr'><strong>mihi.</strong></span> 
     </span>
    </p>
   </div>
   <div class='ocr_carea' id='block_1_102' title="bbox 2213 4176 3676 4272">
    <p class='ocr_par' dir='ltr' id='par_1_102' title="bbox 2213 4176 3676 4272">
     <span class='ocr_line' id='line_1_102' title="bbox 2213 4176 3676 4272; baseline -0.018 -14"><span class='ocrx_word' id='word_1_821' title='bbox 2213 4205 2266 4259; x_wconf 72' lang='grc'><strong>5.</strong></span> <span class='ocrx_word' id='word_1_822' title='bbox 2297 4202 2491 4271; x_wconf 70' lang='lat' dir='ltr'><strong>Ioseph</strong></span> <span class='ocrx_word' id='word_1_823' title='bbox 2515 4202 2679 4272; x_wconf 82' lang='lat' dir='ltr'><strong>ﬁgura</strong></span> <span class='ocrx_word' id='word_1_824' title='bbox 2699 4197 2903 4252; x_wconf 81' lang='lat' dir='ltr'><strong>Christi.</strong></span> <span class='ocrx_word' id='word_1_825' title='bbox 2931 4226 3001 4235; x_wconf 91' lang='lat'><strong><em>—</em></strong></span> <span class='ocrx_word' id='word_1_826' title='bbox 3028 4194 3152 4249; x_wconf 72' lang='lat' dir='ltr'><strong>[hcc</strong></span> <span class='ocrx_word' id='word_1_827' title='bbox 3178 4200 3357 4246; x_wconf 87' lang='lat' dir='ltr'><strong>autem</strong></span> <span class='ocrx_word' id='word_1_828' title='bbox 3384 4181 3552 4272; x_wconf 79' lang='lat' dir='ltr'><strong>omnia</strong></span> <span class='ocrx_word' id='word_1_829' title='bbox 3566 4176 3676 4230; x_wconf 58' lang='lat' dir='ltr'><strong>facit</strong></span> 
     </span>
    </p>
   </div>
   <div class='ocr_carea' id='block_1_103' title="bbox 2143 4269 3679 4359">
    <p class='ocr_par' dir='ltr' id='par_1_103' title="bbox 2143 4269 3679 4359">
     <span class='ocr_line' id='line_1_103' title="bbox 2143 4269 3679 4359; baseline -0.024 -8"><span class='ocrx_word' id='word_1_830' title='bbox 2143 4304 2269 4351; x_wconf 88' lang='lat' dir='ltr'><strong>sunt</strong></span> <span class='ocrx_word' id='word_1_831' title='bbox 2292 4334 2308 4358; x_wconf 93' lang='lat'><strong>,</strong></span> <span class='ocrx_word' id='word_1_832' title='bbox 2337 4303 2394 4347; x_wconf 91' lang='lat' dir='ltr'><strong>ut</strong></span> <span class='ocrx_word' id='word_1_833' title='bbox 2416 4269 2472 4347; x_wconf 83' lang='lat' dir='ltr'><strong>ct</strong></span> <span class='ocrx_word' id='word_1_834' title='bbox 2494 4269 2710 4359; x_wconf 80' lang='lat' dir='ltr'><strong>Juseplti</strong></span> <span class='ocrx_word' id='word_1_835' title='bbox 2750 4303 2873 4359; x_wconf 86' lang='lat' dir='ltr'><strong>erga</strong></span> <span class='ocrx_word' id='word_1_836' title='bbox 2915 4285 3108 4341; x_wconf 87' lang='lat' dir='ltr'><strong>fratres</strong></span> <span class='ocrx_word' id='word_1_837' title='bbox 3146 4282 3523 4337; x_wconf 87' lang='lat' dir='ltr'><strong>monstraretur</strong></span> <span class='ocrx_word' id='word_1_838' title='bbox 3544 4269 3679 4359; x_wconf 78' lang='lat' dir='ltr'><strong>bette-</strong></span> 
     </span>
    </p>
   </div>
   <div class='ocr_carea' id='block_1_104' title="bbox 2143 4356 3677 4448">
    <p class='ocr_par' dir='ltr' id='par_1_104' title="bbox 2143 4356 3677 4448">
     <span class='ocr_line' id='line_1_104' title="bbox 2143 4356 3677 4448; baseline -0.02 -9"><span class='ocrx_word' id='word_1_839' title='bbox 2143 4384 2395 4448; x_wconf 86' lang='lat' dir='ltr'><strong>volctttia,</strong></span> <span class='ocrx_word' id='word_1_840' title='bbox 2418 4394 2469 4438; x_wconf 90' lang='lat' dir='ltr'><strong>et</strong></span> <span class='ocrx_word' id='word_1_841' title='bbox 2490 4381 2700 4436; x_wconf 88' lang='lat' dir='ltr'><strong>illorum</strong></span> <span class='ocrx_word' id='word_1_842' title='bbox 2722 4373 3060 4447; x_wconf 82' lang='lat' dir='ltr'><strong>sanguinaria</strong></span> <span class='ocrx_word' id='word_1_843' title='bbox 3077 4388 3227 4427; x_wconf 87' lang='lat' dir='ltr'><strong>mens</strong></span> <span class='ocrx_word' id='word_1_844' title='bbox 3248 4370 3401 4427; x_wconf 87' lang='lat' dir='ltr'><strong>fieret</strong></span> <span class='ocrx_word' id='word_1_845' title='bbox 3421 4356 3677 4420; x_wconf 62' lang='lat' dir='ltr'><strong>mauiledn.</strong></span> 
     </span>
    </p>
   </div>
   <div class='ocr_carea' id='block_1_105' title="bbox 2145 4454 3678 4540">
    <p class='ocr_par' dir='ltr' id='par_1_105' title="bbox 2145 4454 3678 4540">
     <span class='ocr_line' id='line_1_105' title="bbox 2145 4454 3678 4540; baseline -0.026 -6"><span class='ocrx_word' id='word_1_846' title='bbox 2145 4477 2362 4534; x_wconf 78' lang='lat' dir='ltr'><strong>Factum</strong></span> <span class='ocrx_word' id='word_1_847' title='bbox 2389 4484 2474 4532; x_wconf 87' lang='lat' dir='ltr'><strong>est</strong></span> <span class='ocrx_word' id='word_1_848' title='bbox 2498 4483 2674 4528; x_wconf 90' lang='lat' dir='ltr'><strong>autem</strong></span> <span class='ocrx_word' id='word_1_849' title='bbox 2697 4471 2825 4526; x_wconf 90' lang='lat' dir='ltr'><strong>etin</strong></span> <span class='ocrx_word' id='word_1_850' title='bbox 2856 4469 3075 4540; x_wconf 87' lang='lat' dir='ltr'><strong>figuram</strong></span> <span class='ocrx_word' id='word_1_851' title='bbox 3104 4454 3556 4525; x_wconf 67' lang='lat' dir='ltr'><strong>fttturorum,.utitt</strong></span> <span class='ocrx_word' id='word_1_852' title='bbox 3584 4461 3678 4540; x_wconf 82' lang='lat' dir='ltr'><strong>utn-</strong></span> 
     </span>
    </p>
   </div>
   <div class='ocr_carea' id='block_1_106' title="bbox 2144 4537 3677 4624">
    <p class='ocr_par' dir='ltr' id='par_1_106' title="bbox 2144 4537 3677 4624">
     <span class='ocr_line' id='line_1_106' title="bbox 2144 4537 3677 4624; baseline -0.023 0"><span class='ocrx_word' id='word_1_853' title='bbox 2144 4571 2237 4624; x_wconf 88' lang='lat' dir='ltr'><strong>bra</strong></span> <span class='ocrx_word' id='word_1_854' title='bbox 2261 4568 2427 4623; x_wconf 90' lang='lat' dir='ltr'><strong>multo</strong></span> <span class='ocrx_word' id='word_1_855' title='bbox 2455 4575 2611 4621; x_wconf 79' lang='lat' dir='ltr'><strong>antea</strong></span> <span class='ocrx_word' id='word_1_856' title='bbox 2632 4562 2870 4618; x_wconf 85' lang='lat' dir='ltr'><strong>veritatis</strong></span> <span class='ocrx_word' id='word_1_857' title='bbox 2898 4537 2988 4615; x_wconf 73' lang='lat' dir='ltr'><strong>res</strong></span> <span class='ocrx_word' id='word_1_858' title='bbox 3017 4556 3460 4613; x_wconf 87' lang='lat' dir='ltr'><strong>describerentur.</strong></span> <span class='ocrx_word' id='word_1_859' title='bbox 3486 4543 3547 4599; x_wconf 87' lang='lat' dir='ltr'><strong>Et</strong></span> <span class='ocrx_word' id='word_1_860' title='bbox 3567 4537 3677 4592; x_wconf 74' lang='lat' dir='ltr'><strong>sicut</strong></span> 
     </span>
    </p>
   </div>
   <div class='ocr_carea' id='block_1_107' title="bbox 2141 4632 3673 4730">
    <p class='ocr_par' dir='ltr' id='par_1_107' title="bbox 2141 4632 3673 4730">
     <span class='ocr_line' id='line_1_107' title="bbox 2141 4632 3673 4730; baseline -0.022 -12"><span class='ocrx_word' id='word_1_861' title='bbox 2141 4662 2338 4730; x_wconf 88' lang='lat' dir='ltr'><strong>Juseph</strong></span> <span class='ocrx_word' id='word_1_862' title='bbox 2361 4661 2426 4715; x_wconf 89' lang='lat' dir='ltr'><strong>ad</strong></span> <span class='ocrx_word' id='word_1_863' title='bbox 2458 4660 2647 4714; x_wconf 86' lang='lat' dir='ltr'><strong>fratres</strong></span> <span class='ocrx_word' id='word_1_864' title='bbox 2676 4656 2804 4711; x_wconf 87' lang='lat' dir='ltr'><strong>abiit</strong></span> <span class='ocrx_word' id='word_1_865' title='bbox 2831 4652 3058 4710; x_wconf 76' lang='lat' dir='ltr'><strong>invisum</strong></span> <span class='ocrx_word' id='word_1_866' title='bbox 3088 4667 3202 4718; x_wconf 88' lang='lat' dir='ltr'><strong>eos,</strong></span> <span class='ocrx_word' id='word_1_867' title='bbox 3232 4661 3286 4706; x_wconf 92' lang='lat' dir='ltr'><strong>et</strong></span> <span class='ocrx_word' id='word_1_868' title='bbox 3313 4647 3386 4702; x_wconf 91' lang='lat' dir='ltr'><strong>illi</strong></span> <span class='ocrx_word' id='word_1_869' title='bbox 3411 4651 3567 4709; x_wconf 89' lang='lat' dir='ltr'><strong>neque</strong></span> <span class='ocrx_word' id='word_1_870' title='bbox 3588 4632 3673 4686; x_wconf 69' lang='lat' dir='ltr'><strong>lr-t-</strong></span> 
     </span>
    </p>
   </div>
   <div class='ocr_carea' id='block_1_108' title="bbox 2142 4729 3672 4820">
    <p class='ocr_par' dir='ltr' id='par_1_108' title="bbox 2142 4729 3672 4820">
     <span class='ocr_line' id='line_1_108' title="bbox 2142 4729 3672 4820; baseline -0.017 -12"><span class='ocrx_word' id='word_1_871' title='bbox 2142 4729 2464 4809; x_wconf 83' lang='lat' dir='ltr'><strong>teruitatent.</strong></span> <span class='ocrx_word' id='word_1_872' title='bbox 2493 4763 2666 4820; x_wconf 88' lang='lat' dir='ltr'><strong>neque</strong></span> <span class='ocrx_word' id='word_1_873' title='bbox 2690 4747 2947 4802; x_wconf 87' lang='lat' dir='ltr'><strong>adventus</strong></span> <span class='ocrx_word' id='word_1_874' title='bbox 2969 4758 3182 4799; x_wconf 86' lang='lat' dir='ltr'><strong>causam</strong></span> <span class='ocrx_word' id='word_1_875' title='bbox 3216 4735 3453 4798; x_wconf 83' lang='lat' dir='ltr'><strong>reveriti,</strong></span> <span class='ocrx_word' id='word_1_876' title='bbox 3484 4729 3672 4799; x_wconf 75' lang='lat' dir='ltr'><strong>prinmm</strong></span> 
     </span>
    </p>
   </div>
   <div class='ocr_carea' id='block_1_109' title="bbox 2140 4821 3670 4914">
    <p class='ocr_par' dir='ltr' id='par_1_109' title="bbox 2140 4821 3670 4914">
     <span class='ocr_line' id='line_1_109' title="bbox 2140 4821 3670 4914; baseline -0.02 -17"><span class='ocrx_word' id='word_1_877' title='bbox 2140 4842 2354 4914; x_wconf 85' lang='lat' dir='ltr'><strong>quidem</strong></span> <span class='ocrx_word' id='word_1_878' title='bbox 2382 4840 2448 4895; x_wconf 89' lang='lat' dir='ltr'><strong>de</strong></span> <span class='ocrx_word' id='word_1_879' title='bbox 2485 4836 2776 4894; x_wconf 81' lang='lat' dir='ltr'><strong>occidendo</strong></span> <span class='ocrx_word' id='word_1_880' title='bbox 2798 4836 2888 4891; x_wconf 90' lang='lat' dir='ltr'><strong>illo</strong></span> <span class='ocrx_word' id='word_1_881' title='bbox 2908 4832 3272 4889; x_wconf 72' lang='lat' dir='ltr'><strong>deliberabant</strong></span> <span class='ocrx_word' id='word_1_882' title='bbox 3296 4873 3311 4896; x_wconf 88' lang='lat'><strong>,</strong></span> <span class='ocrx_word' id='word_1_883' title='bbox 3335 4834 3500 4899; x_wconf 87' lang='lat' dir='ltr'><strong>postea</strong></span> <span class='ocrx_word' id='word_1_884' title='bbox 3524 4821 3670 4870; x_wconf 75' lang='lat' dir='ltr'><strong>autem</strong></span> 
     </span>
    </p>
   </div>
   <div class='ocr_carea' id='block_1_110' title="bbox 2137 4914 3670 4994">
    <p class='ocr_par' dir='ltr' id='par_1_110' title="bbox 2137 4914 3670 4994">
     <span class='ocr_line' id='line_1_110' title="bbox 2137 4914 3670 4994; baseline -0.019 -1"><span class='ocrx_word' id='word_1_885' title='bbox 2137 4936 2493 4994; x_wconf 86' lang='lat' dir='ltr'><strong>vendiderunt</strong></span> <span class='ocrx_word' id='word_1_886' title='bbox 2540 4933 2780 4989; x_wconf 83' lang='lat' dir='ltr'><strong>barbaris</strong></span> <span class='ocrx_word' id='word_1_887' title='bbox 2813 4948 2826 4984; x_wconf 90' lang='lat'>:</span> <span class='ocrx_word' id='word_1_888' title='bbox 2861 4932 2931 4985; x_wconf 90' lang='lat' dir='ltr'><strong>ita</strong></span> <span class='ocrx_word' id='word_1_889' title='bbox 2973 4938 3025 4984; x_wconf 89' lang='lat' dir='ltr'><strong>et</strong></span> <span class='ocrx_word' id='word_1_890' title='bbox 3055 4926 3313 4982; x_wconf 88' lang='lat' dir='ltr'><strong>Dominus</strong></span> <span class='ocrx_word' id='word_1_891' title='bbox 3357 4925 3524 4974; x_wconf 70' lang='lat' dir='ltr'><strong>noster</strong></span> <span class='ocrx_word' id='word_1_892' title='bbox 3547 4914 3670 4960; x_wconf 65' lang='lat' dir='ltr'><strong>sum&quot;</strong></span> 
     </span>
    </p>
   </div>
   <div class='ocr_carea' id='block_1_111' title="bbox 2138 5004 3668 5089">
    <p class='ocr_par' dir='ltr' id='par_1_111' title="bbox 2138 5004 3668 5089">
     <span class='ocr_line' id='line_1_111' title="bbox 2138 5004 3668 5089; baseline -0.025 -4"><span class='ocrx_word' id='word_1_893' title='bbox 2138 5042 2364 5085; x_wconf 88' lang='lat' dir='ltr'><strong>servans</strong></span> <span class='ocrx_word' id='word_1_894' title='bbox 2401 5023 2848 5089; x_wconf 84' lang='lat' dir='ltr'><strong>misericordiam,</strong></span> <span class='ocrx_word' id='word_1_895' title='bbox 2889 5019 3105 5075; x_wconf 84' lang='lat' dir='ltr'><strong>advenit</strong></span> <span class='ocrx_word' id='word_1_896' title='bbox 3147 5016 3378 5071; x_wconf 79' lang='lat' dir='ltr'><strong>invisens</strong></span> <span class='ocrx_word' id='word_1_897' title='bbox 3423 5004 3668 5089; x_wconf 65' lang='lat' dir='ltr'><strong>buutattunt</strong></span> 
     </span>
    </p>
   </div>
   <div class='ocr_carea' id='block_1_112' title="bbox 2136 5086 3666 5193">
    <p class='ocr_par' dir='ltr' id='par_1_112' title="bbox 2136 5086 3666 5193">
     <span class='ocr_line' id='line_1_112' title="bbox 2136 5086 3666 5193; baseline -0.012 -18"><span class='ocrx_word' id='word_1_898' title='bbox 2136 5135 2324 5193; x_wconf 85' lang='lat' dir='ltr'><strong>genus,</strong></span> <span class='ocrx_word' id='word_1_899' title='bbox 2349 5129 2403 5175; x_wconf 91' lang='lat' dir='ltr'><strong>ct</strong></span> <span class='ocrx_word' id='word_1_900' title='bbox 2419 5127 2664 5188; x_wconf 85' lang='lat' dir='ltr'><strong>suscepta</strong></span> <span class='ocrx_word' id='word_1_901' title='bbox 2681 5125 2876 5170; x_wconf 73' lang='lat' dir='ltr'><strong>nostra:</strong></span> <span class='ocrx_word' id='word_1_902' title='bbox 2906 5112 3090 5167; x_wconf 74' lang='lat' dir='ltr'><strong>forma:</strong></span> <span class='ocrx_word' id='word_1_903' title='bbox 3116 5122 3294 5173; x_wconf 86' lang='lat' dir='ltr'><strong>carne,</strong></span> <span class='ocrx_word' id='word_1_904' title='bbox 3328 5103 3551 5193; x_wconf 55' lang='lat' dir='ltr'><strong>digitallls</strong></span> <span class='ocrx_word' id='word_1_905' title='bbox 3577 5086 3666 5193; x_wconf 42' lang='lat' dir='ltr'><strong>“cf:</strong></span> 
     </span>
    </p>
   </div>
   <div class='ocr_carea' id='block_1_113' title="bbox 2140 5183 3663 5274">
    <p class='ocr_par' dir='ltr' id='par_1_113' title="bbox 2140 5183 3663 5274">
     <span class='ocr_line' id='line_1_113' title="bbox 2140 5183 3663 5274; baseline -0.02 -6"><span class='ocrx_word' id='word_1_906' title='bbox 2140 5183 2532 5274; x_wconf 35' lang='lat' dir='ltr'><strong>frater&#39;ttoster,</strong></span> <span class='ocrx_word' id='word_1_907' title='bbox 2561 5183 2638 5262; x_wconf 74' lang='lat' dir='ltr'><strong>sic</strong></span> <span class='ocrx_word' id='word_1_908' title='bbox 2679 5205 2915 5260; x_wconf 87' lang='lat' dir='ltr'><strong>advenit.</strong></span> <span class='ocrx_word' id='word_1_909' title='bbox 2965 5200 3033 5257; x_wconf 87' lang='lat' dir='ltr'><strong>Et</strong></span> <span class='ocrx_word' id='word_1_910' title='bbox 3056 5201 3249 5256; x_wconf 87' lang='lat' dir='ltr'><strong>clamat</strong></span> <span class='ocrx_word' id='word_1_911' title='bbox 3274 5193 3456 5253; x_wconf 85' lang='lat' dir='ltr'><strong>Paulus</strong></span> <span class='ocrx_word' id='word_1_912' title='bbox 3480 5183 3663 5238; x_wconf 66' lang='lat' dir='ltr'><strong>dicens:</strong></span> 
     </span>
    </p>
   </div>
   <div class='ocr_carea' id='block_1_114' title="bbox 2139 5274 3665 5372">
    <p class='ocr_par' dir='ltr' id='par_1_114' title="bbox 2139 5274 3665 5372">
     <span class='ocr_line' id='line_1_114' title="bbox 2139 5274 3665 5372; baseline -0.022 -12"><span class='ocrx_word' id='word_1_913' title='bbox 2139 5303 2262 5359; x_wconf 85' lang='lat' dir='ltr'><strong>Non</strong></span> <span class='ocrx_word' id='word_1_914' title='bbox 2305 5304 2435 5358; x_wconf 88' lang='lat' dir='ltr'><strong>enint</strong></span> <span class='ocrx_word' id='word_1_915' title='bbox 2466 5301 2672 5372; x_wconf 83' lang='lat' dir='ltr'><strong>angelos</strong></span> <span class='ocrx_word' id='word_1_916' title='bbox 2699 5297 2990 5367; x_wconf 87' lang='lat' dir='ltr'><strong>assumpsit,</strong></span> <span class='ocrx_word' id='word_1_917' title='bbox 3008 5295 3096 5350; x_wconf 84' lang='lat' dir='ltr'><strong>sed</strong></span> <span class='ocrx_word' id='word_1_918' title='bbox 3121 5309 3285 5351; x_wconf 80' lang='lat' dir='ltr'><strong>semen</strong></span> <span class='ocrx_word' id='word_1_919' title='bbox 3306 5282 3506 5343; x_wconf 79' lang='lat' dir='ltr'><strong>Abraltw</strong></span> <span class='ocrx_word' id='word_1_920' title='bbox 3559 5274 3665 5372; x_wconf 42' lang='lat' dir='ltr'><strong>uti?</strong></span> 
     </span>
    </p>
   </div>
   <div class='ocr_carea' id='block_1_115' title="bbox 2136 5354 3660 5466">
    <p class='ocr_par' dir='ltr' id='par_1_115' title="bbox 2136 5354 3660 5466">
     <span class='ocr_line' id='line_1_115' title="bbox 2136 5354 3660 5466; baseline -0.022 -15"><span class='ocrx_word' id='word_1_921' title='bbox 2462 5354 2631 5446; x_wconf 59' lang='lat' dir='ltr'><strong>annua</strong></span> <span class='ocrx_word' id='word_1_922' title='bbox 2669 5354 2913 5461; x_wconf 68' lang='lat' dir='ltr'><strong>fratribus</strong></span> <span class='ocrx_word' id='word_1_923' title='bbox 2957 5354 3136 5441; x_wconf 71' lang='lat' dir='ltr'><strong>similis</strong></span> <span class='ocrx_word' id='word_1_924' title='bbox 3168 5383 3279 5453; x_wconf 81' lang='lat' dir='ltr'><strong>ﬁeri</strong></span> <span class='ocrx_word' id='word_1_925' title='bbox 3317 5373 3485 5450; x_wconf 83' lang='lat' dir='ltr'><strong>(Hebr.</strong></span> 
     </span>
    </p>
   </div>
   <div class='ocr_carea' id='block_1_116' title="bbox 2138 5449 3660 5557">
    <p class='ocr_par' dir='ltr' id='par_1_116' title="bbox 2138 5449 3660 5557">
     <span class='ocr_line' id='line_1_116' title="bbox 2138 5449 3660 5557; baseline -0.021 -14"><span class='ocrx_word' id='word_1_926' title='bbox 2138 5449 2249 5557; x_wconf 48' lang='grc' dir='ltr'><strong>ιθ).</strong></span> <span class='ocrx_word' id='word_1_927' title='bbox 2281 5449 2385 5542; x_wconf 72' lang='lat' dir='ltr'><strong>Sed</strong></span> <span class='ocrx_word' id='word_1_928' title='bbox 2415 5483 2606 5555; x_wconf 85' lang='lat' dir='ltr'><strong>ingrati</strong></span> <span class='ocrx_word' id='word_1_929' title='bbox 2643 5449 2814 5537; x_wconf 49' lang='lat' dir='ltr'><strong>.l&#39;udzei</strong></span> <span class='ocrx_word' id='word_1_930' title='bbox 2846 5478 3144 5533; x_wconf 90' lang='lat' dir='ltr'><strong>animarum</strong></span> <span class='ocrx_word' id='word_1_931' title='bbox 3168 5449 3545 5542; x_wconf 74' lang='lat' dir='ltr'><strong>corporumque</strong></span> 
     </span>
    </p>
   </div>
   <div class='ocr_carea' id='block_1_117' title="bbox 2135 5540 3658 5638">
    <p class='ocr_par' dir='ltr' id='par_1_117' title="bbox 2135 5540 3658 5638">
     <span class='ocr_line' id='line_1_117' title="bbox 2135 5540 3658 5638; baseline -0.024 -5"><span class='ocrx_word' id='word_1_932' title='bbox 2135 5540 2312 5633; x_wconf 70' lang='lat' dir='ltr'><strong>dicam</strong></span> <span class='ocrx_word' id='word_1_933' title='bbox 2340 5540 2616 5630; x_wconf 63' lang='lat' dir='ltr'><strong>innumera</strong></span> <span class='ocrx_word' id='word_1_934' title='bbox 2667 5570 2922 5627; x_wconf 91' lang='lat' dir='ltr'><strong>miracula</strong></span> <span class='ocrx_word' id='word_1_935' title='bbox 2965 5566 3203 5638; x_wconf 88' lang='lat' dir='ltr'><strong>quotidie</strong></span> <span class='ocrx_word' id='word_1_936' title='bbox 3245 5560 3519 5633; x_wconf 84' lang='lat' dir='ltr'><strong>patrauteut</strong></span> <span class='ocrx_word' id='word_1_937' title='bbox 3544 5540 3658 5595; x_wconf 68' lang='lat' dir='ltr'><strong>oce“</strong></span> 
     </span>
    </p>
   </div>
   <div class='ocr_carea' id='block_1_118' title="bbox 2134 5638 3656 5734">
    <p class='ocr_par' dir='ltr' id='par_1_118' title="bbox 2134 5638 3656 5734">
     <span class='ocr_line' id='line_1_118' title="bbox 2134 5638 3656 5734; baseline -0.024 -9"><span class='ocrx_word' id='word_1_938' title='bbox 2134 5670 2262 5727; x_wconf 91' lang='lat' dir='ltr'><strong>dere</strong></span> <span class='ocrx_word' id='word_1_939' title='bbox 2287 5665 2461 5723; x_wconf 88' lang='lat' dir='ltr'><strong>conati</strong></span> <span class='ocrx_word' id='word_1_940' title='bbox 2491 5674 2614 5722; x_wconf 90' lang='lat' dir='ltr'><strong>sunt</strong></span> <span class='ocrx_word' id='word_1_941' title='bbox 2632 5706 2649 5734; x_wconf 92' lang='lat'><strong>,</strong></span> <span class='ocrx_word' id='word_1_942' title='bbox 2679 5674 2736 5719; x_wconf 91' lang='lat' dir='ltr'><strong>et</strong></span> <span class='ocrx_word' id='word_1_943' title='bbox 2774 5674 2939 5732; x_wconf 89' lang='lat' dir='ltr'><strong>opere</strong></span> <span class='ocrx_word' id='word_1_944' title='bbox 2964 5657 3362 5728; x_wconf 86' lang='lat' dir='ltr'><strong>compleverunt</strong></span> <span class='ocrx_word' id='word_1_945' title='bbox 3402 5640 3560 5700; x_wconf 84' lang='lat' dir='ltr'><strong>animo</strong></span> <span class='ocrx_word' id='word_1_946' title='bbox 3579 5638 3656 5682; x_wconf 70' lang='lat' dir='ltr'><strong>5W</strong></span> 
     </span>
    </p>
   </div>
   <div class='ocr_carea' id='block_1_119' title="bbox 2200 5814 3605 5890">
    <p class='ocr_par' dir='ltr' id='par_1_119' title="bbox 2200 5814 3605 5890">
     <span class='ocr_line' id='line_1_119' title="bbox 2200 5814 3605 5890; baseline -0.011 -10"><span class='ocrx_word' id='word_1_947' title='bbox 2200 5830 2217 5861; x_wconf 80' lang='grc' dir='ltr'>ί</span> <span class='ocrx_word' id='word_1_948' title='bbox 2250 5825 2387 5880; x_wconf 83' lang='lat' dir='ltr'><strong>savil.</strong></span> <span class='ocrx_word' id='word_1_949' title='bbox 2414 5834 2465 5879; x_wconf 89' lang='lat' dir='ltr'><strong>et</strong></span> <span class='ocrx_word' id='word_1_950' title='bbox 2485 5825 2676 5890; x_wconf 85' lang='lat' dir='ltr'><strong>quidam</strong></span> <span class='ocrx_word' id='word_1_951' title='bbox 2696 5830 2823 5884; x_wconf 65' lang='lat'><strong>3155.,</strong></span> <span class='ocrx_word' id='word_1_952' title='bbox 2846 5833 2964 5885; x_wconf 84' lang='lat' dir='ltr'><strong>erga</strong></span> <span class='ocrx_word' id='word_1_953' title='bbox 2982 5816 3162 5884; x_wconf 78' lang='lat' dir='ltr'><strong>ﬁbum;</strong></span> <span class='ocrx_word' id='word_1_954' title='bbox 3193 5817 3347 5866; x_wconf 82' lang='lat' dir='ltr'><strong>minus</strong></span> <span class='ocrx_word' id='word_1_955' title='bbox 3366 5814 3503 5859; x_wconf 72' lang='grc' dir='ltr'><strong>ι’θδιο·</strong></span> <span class='ocrx_word' id='word_1_956' title='bbox 3598 5870 3605 5877; x_wconf 36' lang='grc' dir='ltr'>η</span> 
     </span>
    </p>
   </div>
  </div>
