3974 6410
170 392 266 450 529
1175 394 1235 448 IN
1275 395 1406 450 CAP
1472 395 1734 453 XXXVII.

1858 401 2020 458 lNES.
2066 404 2292 462 ΗΟΜΙΙ..
2339 407 2472 464 LXI.

169 509 428 562 decretam
477 503 714 568 caulem;
748 517 808 558 ac
833 505 1216 563 crucitixerunt
1249 523 1374 563 eum
1416 510 1505 580 qui
1533 520 1752 579 propter

175 609 400 652 nostram
449 599 674 652 salutem
721 603 860 654 servi
905 600 1127 656 formam
1175 604 1450 674 suscipere
1505 603 1752 673 dignatus

169 702 260 746 est.
301 691 362 746 Et
403 691 486 746 isti
519 691 730 760 quidem
775 693 1168 762 apprehensum
1193 737 1208 760 ,
1240 705 1295 750 et
1317 697 1462 750 cruci
1492 697 1742 750 traditum

171 782 464 835 occiderunt
497 799 510 832 ε
543 780 615 834 illi
660 790 845 836 autem
903 787 1285 842 consultabant
1344 787 1594 857 quidem,
1654 790 1747 844 sed

173 887 318 940 opere
339 872 475 941 quod
502 874 854 929 consulebant
882 891 988 930 non
1037 878 1411 947 impleverunt.
1455 879 1750 948 Oportebat

175 974 340 1018 autem
393 962 618 1032 figuram
677 964 857 1020 minus
912 966 1153 1036 habere,
1207 985 1365 1039 quam
1423 972 1748 1026 veritatem:

174 1056 281 1123 quia
322 1054 511 1123 alioqui
555 1071 659 1108 non
708 1054 892 1110 fuisset
945 1059 1108 1127 figura
1141 1075 1326 1114 eorum
1369 1077 1491 1130 qme
1523 1062 1748 1130 posthac

176 1146 327 1196 lutum
358 1154 532 1197 erant.
567 1144 855 1213 Propterea
895 1147 1001 1200 illic
1030 1147 1244 1217 quidem
1283 1151 1434 1219 quasi
1460 1151 1510 1203 in
1560 1152 1748 1204 umbra

175 1236 467 1303 praes-ignota
513 1245 657 1289 sunt.
723 1237 793 1291 Et
856 1239 1222 1294 animadverte
1263 1255 1378 1294 rem
1429 1241 1746 1296 mirabilem.

175 1325 276 1379 Non
315 1325 655 1394 occiderunt,
699 1327 794 1382 sed
836 1329 1225 1396 vendiderunt,
1272 1341 1326 1386 et
1361 1342 1565 1387 vestem
1612 1333 1750 1388 ltmdi

173 1420 411 1489 sanguine
441 1420 786 1489 inquinantes
812 1423 1073 1478 dederunt
1095 1425 1232 1493 patri
1259 1467 1274 1489 ,
1303 1426 1632 1494 persuadere
1657 1441 1752 1480 vo-

174 1512 328 1568 lentes
361 1514 597 1569 occisum
626 1514 790 1574 fuisse
817 1517 982 1570 tilium
1024 1533 1203 1572 suum.
1231 1516 1396 1573 Vides
1422 1520 1600 1572 omnia
1632 1519 1750 1573 lucc

176 1604 295 1661 facta
316 1621 450 1672 esse,
480 1615 539 1660 ut
564 1607 718 1676 quasi
746 1607 798 1661 in
826 1608 1012 1662 umbra
1038 1609 1214 1678 imago
1241 1609 1330 1664 illa
1357 1625 1534 1664 rerum
1564 1610 1736 1676 fleret,

176 1704 228 1750 et
246 1697 426 1752 veritas
451 1697 848 1754 custodiretur?
876 1699 984 1754 Sed
1009 1700 1076 1754 ad
1106 1701 1301 1756 seriem
1333 1702 1598 1757 sermonis
1621 1703 1744 1756 red-

175 1806 355 1844 eamus.
385 1789 451 1843 Et
485 1793 627 1845 misit
668 1809 782 1845 eum
807 1834 820 1857 ,
852 1794 1020 1864 inquit
1040 1836 1055 1860 ,
1088 1806 1248 1865 pater,
1280 1805 1329 1849 et
1368 1797 1500 1849 venit
1545 1797 1600 1849 in
1639 1797 1745 1867 Sy-

177 1884 318 1937 cltem.
351 1887 432 1939 lii.
469 1881 535 1938 Et
565 1887 759 1939 inuenit
786 1903 900 1940 eum
926 1887 1074 1941 homo
1108 1898 1357 1942 errantem
1384 1890 1437 1943 in
1462 1907 1606 1961 agro.
1636 1891 1744 1944 Ro-

176 1977 289 2044 gavit
315 1986 475 2030 autem
502 1994 623 2030 cum
648 1979 798 2031 homo
823 1979 996 2033 dicens
1024 1994 1043 2033 :
1075 1979 1212 2046 Quid
1239 1981 1425 2050 quwris
1455 1982 1482 2034 ?
1529 1982 1616 2036 l6.
1648 1981 1750 2036 Ille

177 2076 320 2120 autem
342 2067 466 2122 dixit
492 2085 510 2122 :
541 2068 755 2123 Fratres
781 2087 916 2124 meos
936 2087 1127 2137 qurere.
1176 2073 1436 2126 Annuntia
1477 2074 1633 2138 mihi,
1663 2073 1750 2128 ubi

179 2168 364 2222 pascant
403 2174 536 2212 oves.
576 2159 867 2214 Considera
896 2162 1167 2231 quomodo
1208 2163 1292 2218 hic
1338 2179 1531 2234 magno
1572 2165 1749 2220 studio

177 2248 234 2301 tle
280 2249 518 2306 fratribus
568 2253 686 2307 suis
715 2253 969 2323 inquirit,
1001 2263 1055 2309 et
1081 2256 1294 2311 curiose
1339 2256 1660 2325 perlustrat,
1693 2267 1750 2314 et

178 2341 330 2392 omnia
359 2340 478 2396 facit
517 2351 578 2396 ut
623 2358 719 2398 eos
744 2345 928 2399 videre
956 2346 1139 2414 possit.
1174 2348 1261 2400 Π.
1305 2347 1449 2402 Dixit
1474 2361 1640 2403 autem
1664 2352 1709 2404 ei
1727 2393 1742 2416 ,

179 2431 342 2500 inquit,
365 2435 510 2488 homo
539 2452 562 2489 :
585 2436 771 2489 Audivi
797 2453 880 2490 eos
912 2439 1150 2502 dicentes,
1181 2439 1370 2493 Eamus
1396 2441 1448 2494 in
1485 2441 1743 2497 Dothaim.

182 2519 236 2572 Et
261 2524 336 2576 ivit
362 2523 576 2594 Joseplt,
609 2537 656 2577 et
679 2526 868 2580 invenit
894 2545 996 2582 eos.
1033 2529 1120 2582 18.
1142 2528 1296 2582 Prius
1326 2540 1490 2583 autent
1518 2533 1749 2587 viderunt

177 2629 275 2666 eum
295 2632 322 2666 a
347 2617 487 2687 longe
513 2627 786 2685 antequam
816 2622 1246 2692 appr-apinquaret
1266 2624 1334 2676 ad
1359 2640 1430 2686 se,
1463 2634 1509 2677 et
1532 2627 1751 2697 maligne

182 2705 461 2772 rogitabant,
490 2718 542 2761 ut
573 2709 858 2762 acciderent
898 2727 1030 2764 eum.
1058 2712 1348 2767 Considera
1381 2713 1500 2778 hic,
1534 2732 1746 2785 quaeso,

183 2794 262 2849 {lci
289 2800 551 2864 providam
583 2802 902 2870 sapientiam
923 2843 940 2868 ,
972 2805 1239 2872 quomodo
1270 2805 1345 2858 illi
1369 2807 1584 2876 quidem
1616 2825 1750 2863 con-

180 2888 304 2941 citati
328 2900 472 2945 erant
499 2891 553 2946 iu
577 2893 784 2947 eadem
806 2894 924 2962 eius
951 2911 966 2948 :
997 2895 1111 2963 ipse
1134 2905 1313 2951 autem
1345 2899 1520 2951 omnia
1550 2899 1749 2954 faciens

183 2988 228 3031 et
254 2987 601 3037 transmutans
632 2985 887 3052 permittit
915 2984 1128 3039 interim
1154 2988 1330 3040 omnia
1364 2988 1748 3057 impedimenta

184 3071 340 3141 obiici.
370 3075 650 3131 utathleta
677 3092 776 3130 suo
801 3078 1029 3132 clariore
1055 3077 1225 3143 facto,
1247 3089 1573 3148 postremum
1601 3097 1749 3136 som-

183 3164 367 3220 niorum
385 3167 620 3222 adducat
645 3179 920 3223 eventum.
958 3167 1113 3223 Prius
1141 3180 1310 3224 autem
1335 3171 1564 3225 viderunt
1595 3190 1706 3226 eum
1730 3211 1746 3238 ,

183 3253 350 3322 inquit,
375 3268 418 3312 et
442 3261 669 3329 maligne
695 3261 981 3330 cogitabant
1005 3271 1061 3314 ut
1081 3263 1363 3317 occiderent
1388 3280 1520 3318 eum.
1547 3265 1631 3320 i9.
1659 3266 1750 3320 Di-

180 3349 301 3401 cebat
318 3361 476 3405 autem
505 3355 858 3423 unusquisque
895 3356 965 3408 ad
990 3359 1200 3427 fratrem
1229 3373 1375 3411 suum
1405 3373 1424 3412 :
1449 3357 1582 3412 Ecce
1609 3376 1747 3413 som-

185 3438 328 3493 niator
371 3443 455 3497 ille
499 3445 642 3499 venit
671 3458 690 3498 :
715 3445 808 3498 20.
837 3461 970 3499 nunc
1013 3447 1169 3517 igitur
1215 3449 1413 3512 venite,
1460 3451 1749 3504 occidamns

182 3546 294 3599 cuiu,
322 3545 364 3588 et
390 3540 722 3609 proﬁciamus
749 3555 866 3592 eum
901 3541 957 3594 in
977 3540 1150 3594 lacum
1179 3557 1334 3594 unum
1364 3558 1428 3596 ea:
1457 3543 1534 3596 his
1556 3585 1569 3607 ,
1598 3553 1644 3596 et
1669 3545 1750 3596 di-

184 3638 328 3680 cemus
348 3669 361 3692 ,
411 3629 552 3684 Maia
605 3630 760 3684 bestia
789 3631 1043 3684 devoravit
1087 3648 1202 3686 eunt
1221 3675 1235 3698 ,
1258 3642 1304 3685 et
1329 3632 1604 3687 videbimus
1627 3635 1750 3704 quid

185 3729 309 3770 emat
332 3723 521 3776 somnia
547 3723 692 3792 ejus.

247 3809 358 3876 Qua:
380 3826 490 3869 sunt
525 3834 556 3868 a
593 3815 698 3869 Deo
729 3816 973 3885 praedicta
1003 3827 1246 3885 nequeunt
1277 3816 1531 3884 impediri.
1557 3847 1629 3856 —
1654 3817 1747 3872 Vi-

182 3897 287 3953 disti
310 3943 323 3966 ,
353 3919 440 3959 eos
464 3906 802 3961 somniorum
833 3915 1083 3961 eventum
1110 3917 1480 3975 exspectantes
1502 3907 1749 3963 occidere

183 4004 288 4046 eum
315 4008 525 4051 conatos
551 3999 705 4052 esse?
733 3998 836 4054 Sed
866 4009 920 4051 ttt
945 3999 1153 4053 disc:tnt
1171 4040 1185 4062 ,
1219 4015 1326 4052 non
1352 3999 1750 4068 esse'possibile

184 4099 236 4137 ca
265 4103 372 4156 quae
397 4107 426 4145 a
475 4093 591 4146 Deo
620 4102 746 4146 sunt
788 4093 1038 4161 praedicta
1065 4133 1080 4156 ,
1108 4107 1214 4146 non
1259 4107 1422 4161 opere
1449 4091 1705 4160 compleri
1730 4132 1745 4157 ,

184 4181 457 4236 consultant
479 4193 534 4238 et.
561 4192 852 4248 attentam,
885 4193 940 4237 et
969 4199 1121 4238 suam
1143 4184 1417 4239 declarant
1446 4183 1701 4238 malitiam
1729 4201 1744 4237 :

185 4279 229 4320 at
247 4273 440 4340 sapiens
460 4287 514 4330 et
541 4291 704 4344 sagax
735 4275 876 4330 Deus
901 4275 1240 4330 insidiatores
1261 4276 1564 4332 ministrare
1585 4277 1746 4331 etiam

186 4359 354 4420 invitos
377 4371 516 4438 cogit
544 4368 929 4436 dispensationi
962 4367 1282 4421 futurorum.
1315 4367 1577 4432 Quoniam
1605 4368 1747 4421 enim

184 4458 597 4525 conspiraverant
628 4465 677 4513 in
727 4469 954 4515 mortem
989 4460 1138 4528 ejus,
1166 4468 1220 4512 et
1249 4459 1300 4510 in
1334 4458 1610 4527 proposito
1633 4459 1742 4527 jam

185 4548 464 4604 occiderant
495 4552 629 4605 :21.
689 4551 758 4606 Ut
805 4550 1036 4614 audivit,
1085 4549 1292 4618 inquit,
1330 4549 1538 4612 Ruben,
1567 4550 1749 4618 eripuit

185 4652 280 4692 cum
302 4659 362 4696 ea:
385 4645 614 4698 manibus
641 4662 834 4708 eorum,
863 4654 908 4697 et
936 4645 1065 4697 dixit
1094 4660 1112 4697 :
1130 4643 1217 4696 22.
1252 4641 1376 4696 Νοη
1403 4644 1749 4713 percutiuntur

185 4748 282 4785 cum
305 4736 353 4789 in
379 4739 601 4792 animum
629 4755 648 4792 :
675 4754 774 4791 non
799 4737 1043 4804 effundite
1068 4736 1388 4804 sanguinem;
1409 4734 1613 4801 abjicite
1637 4752 1748 4789 eum

183 4825 227 4877 in
249 4826 401 4882 lacum
427 4832 575 4886 illum
611 4833 663 4885 in
690 4831 962 4886 solitudine
983 4871 998 4894 ,
1032 4845 1238 4882 manum
1275 4841 1443 4884 autem
1474 4845 1577 4882 non
1622 4829 1746 4899 inji-

183 4916 266 4969 cite
309 4920 358 4972 in
397 4937 508 4975 eum
531 4939 552 4977 :
575 4933 628 4976 ut
670 4939 784 4975 eum
831 4922 1043 4990 eriperet
1083 4937 1145 4974 ea:
1188 4920 1420 4974 manibus
1457 4935 1631 4974 eorum
1656 4961 1670 4986 ,
1703 4929 1750 4972 et

183 5011 388 5068 redderet
425 5033 534 5070 eam
566 5017 698 5088 patri
727 5033 838 5070 suo.
873 5014 1008 5070 Vide
1033 5025 1087 5070 et
1127 5017 1321 5079 istum,
1347 5014 1614 5085 quomodo
1641 5029 1746 5066 non

185 5102 321 5155 audet
351 5107 627 5163 manifeste
669 5109 879 5179 eripere
910 5108 1124 5161 fratrem
1147 5149 1162 5172 ,
1194 5107 1288 5162 sed
1315 5107 1424 5175 jam
1469 5105 1746 5160 occidendi

182 5205 409 5252 conatum
437 5209 493 5254 et
517 5201 766 5270 impetum
794 5198 1067 5254 refrenare
1091 5202 1295 5265 volens,
1326 5198 1453 5253 dicit
1480 5215 1493 5251 :
1527 5195 1646 5252 Non
1674 5201 1748 5266 ef-

182 5281 358 5348 fundite
383 5295 707 5361 sanguinem,
739 5293 827 5346 sed
872 5293 1070 5362 abjicite
1095 5308 1206 5344 eum
1233 5291 1285 5343 in
1321 5292 1506 5344 lacum.
1545 5290 1749 5345 Docere

177 5377 302 5432 enim
333 5397 426 5437 nos
456 5385 644 5440 volens
669 5387 844 5440 divina
889 5385 1162 5452 Scriptura
1189 5397 1408 5451 scopum
1436 5392 1490 5436 et
1515 5394 1748 5437 mentem

171 5467 358 5538 ltuhen,
385 5475 509 5529 dicit
532 5516 545 5527 .
581 5478 702 5532 [hcc
731 5488 908 5531 autem
933 5477 1176 5539 faciebat,
1213 5473 1280 5528 Ut
1308 5476 1517 5544 eriperet
1544 5491 1677 5535 eum,
1701 5484 1749 5526 et

164 5560 372 5618 redderet
389 5571 519 5638 patri
545 5586 669 5625 sua.
697 5569 764 5624 Et
789 5585 908 5623 eum
937 5570 1010 5623 illi
1039 5570 1154 5622 haec
1181 5568 1580 5631 consultarent,
1618 5583 1748 5620 non-

162 5653 272 5708 dum
314 5657 506 5729 .losepti
578 5665 905 5727 advenerat,
951 5661 1042 5716 sed
1095 5671 1374 5729 pOStquam
1421 5659 1746 5727 colloquium

167 5745 262 5802 huc
283 5751 654 5820 absolvermnt,
687 5756 778 5810 9.5.
820 5754 965 5809 Venit
989 5794 1004 5820 ,
1030 5753 1216 5822 inquit,
1247 5749 1442 5821 Joseplt
1465 5751 1532 5803 ad
1564 5749 1747 5818 fratres

179 5852 305 5893 suos.
324 5841 454 5898 Cum
481 5845 642 5916 igitur
667 5850 987 5918 oportuisset
1014 5845 1133 5902 illos
1161 5859 1443 5900 occurrere
1474 5843 1657 5910 fratri,
1688 5852 1744 5898 et

3345 430 3451 492 περ

1861 518 2151 585 amplexari
2174 563 2187 581 ,
2214 531 2267 575 et
2309 525 2578 592 quomodo
2600 543 2658 583 se
2687 543 2834 598 pater
2875 534 3112 607 haberet,
3139 543 3404 612 inquirere
3431 591 3446 612 ,

1862 605 1936 658 illi
1961 623 2088 661 vero
2123 611 2270 680 quasi
2299 614 2422 669 ferte
2462 616 2704 684 qumdam
2727 663 2742 688 ,
2771 624 2862 678 ubi
2905 605 3107 696 agnum
3129 605 3448 703 rouSpicattu

1861 695 2053 753 fuerint
2079 742 2090 761 ,
2121 704 2360 759 assiliunt
2389 748 2402 768 ,
2432 716 2485 761 et
2526 709 2790 766 Eruet-unt
2813 757 2826 778 ,
2862 695 3060 789 inquit,
3087 695 3280 792 Josepft
3318 742 3450 784 veste

1858 791 2017 851 rario,
2049 791 2138 844 ‘24.
2167 804 2212 845 et
2239 808 2495 867 acceptum
2522 817 2634 854 eum
2660 806 2979 875 projecerunt
2995 812 3046 865 in
3070 791 3256 872 lacum.
3281 817 3448 876 Lacus

1857 893 2024 935 autent
2053 897 2158 940 erat
2189 902 2393 954 vacuus,
2423 910 2605 963 aquam
2629 914 2728 952 non
2754 900 2961 958 Italicus.
2985 904 3444 970 Quemadmodum

1857 979 2201 1034 consuluerat
2227 982 2454 1047 Ruben.
2491 987 2560 1040 ita
2603 987 2861 1046 fecerunt.
2892 995 3171 1070 Etinjecto
3195 1001 3307 1064 illo,
3343 1003 3444 1057 Se-

1857 1066 2041 1122 derunt
2068 1072 2136 1123 ad
2162 1075 2523 1131 comedendum
2556 1097 2757 1149 panem.
2789 1084 2834 1139 Ο
2873 1066 3242 1145 crudelitatem
3263 1095 3276 1147 !
3301 1108 3334 1145 ο
3363 1095 3448 1148 iu-
3529 1078 3533 1083 1

1860 1157 2267 1218 humanitatem!
2300 1163 2393 1221 Ille
2413 1168 2627 1237 quidem
2655 1181 2856 1227 tantum
2892 1177 3095 1232 itineris
3119 1180 3444 1245 confecerat,

1855 1258 1908 1302 et
1938 1259 2084 1305 lauto
2109 1254 2286 1308 studio
2313 1257 2380 1312 de
2403 1258 2481 1311 eis
2504 1260 2830 1330 inquisierat,
2858 1276 2911 1320 ut
2936 1267 3138 1324 videret
3168 1282 3222 1324 et
3245 1288 3448 1326 annun-

1857 1342 2011 1397 tiaret
2059 1347 2194 1414 patri
2244 1351 2513 1417 quomodo
2553 1369 2612 1408 se
2650 1355 2909 1411 haberent
2943 1374 3030 1414 res
3076 1361 3286 1416 illorum
3319 1381 3333 1416 :
3364 1364 3443 1419 illi

1855 1447 1983 1488 vero
2003 1438 2152 1505 quasi
2187 1439 2394 1495 barbari
2417 1453 2468 1497 et
2497 1443 2775 1501 iultttmani
2797 1491 2811 1510 ,
2843 1451 2964 1517 quia
2997 1453 3341 1508 consuluerat
3364 1458 3443 1510 eis

1855 1525 2042 1582 Ruben
2072 1545 2138 1583 ne
2163 1530 2498 1588 effunderent
2521 1540 2834 1607 sanguinem
2896 1540 3036 1598 fame
3076 1545 3318 1601 occidere
3345 1564 3444 1600 vo-

1856 1618 2056 1673 lebant.
2085 1620 2191 1677 Sed
2223 1624 2484 1694 benignus
2533 1630 2672 1684 Deus
2716 1633 2891 1686 statim
2941 1653 3060 1690 cum
3095 1637 3334 1693 liberavit
3373 1643 3441 1693 ab

1855 1709 2058 1765 insania
2112 1713 2352 1769 fratrum.
2393 1718 2483 1773 25.
2516 1718 2641 1774 Cum
2669 1723 2810 1776 enim
2850 1729 3188 1783 consedissent
3205 1731 3279 1784 ad
3305 1749 3448 1785 com-

1855 1802 2102 1857 edendum
2132 1823 2331 1874 pauem.
2356 1810 2583 1864 viderunt
2608 1811 2902 1870 Ismaelitas
2927 1819 3138 1874 viatores
3160 1821 3430 1883 venientes,

1853 1904 1898 1947 et
1927 1893 2210 1967 Egi/ptum
2240 1916 2410 1954 versus
2454 1913 2644 1958 euntes.
2685 1905 2774 1962 26.
2810 1908 2875 1962 Et
2906 1911 3036 1965 dixit
3064 1911 3232 1966 ludas
3257 1930 3278 1969 :
3306 1915 3443 1980 Quid

1855 1990 2054 2056 prodest
2085 1991 2128 2044 si
2153 1993 2484 2048 acciderimus
2512 1999 2722 2067 fratrem
2751 2012 3010 2069 nostrum,
3039 2017 3087 2058 et
3111 2009 3441 2060 occultaret-i-

1852 2096 1964 2135 mus
1990 2085 2281 2152 sanguinem
2309 2088 2463 2156 ejus?
2483 2089 2570 2143 27.
2593 2089 2786 2159 Venite,
2815 2095 3087 2150 vendamus
3114 2114 3227 2150 eum
3253 2099 3444 2152 Ismar-

1853 2173 1955 2226 litis
1983 2174 2091 2228 istis
2115 2191 2134 2229 :
2157 2193 2338 2233 manus
2364 2190 2530 2236 autem
2576 2195 2763 2238 nostra;
2819 2204 2922 2241 non
2967 2189 3068 2244 sint
3106 2205 3258 2260 super
3293 2207 3406 2250 eum
3428 2235 3442 2252 .

1852 2265 1968 2332 quia
1992 2268 2151 2336 frater
2176 2280 2345 2323 noster
2370 2281 2415 2324 et
2443 2289 2562 2327 caro
2590 2284 2764 2329 nostra
2790 2287 2886 2330 est.

1921 2356 1978 2409 4.
2021 2355 2152 2411 Vide
2183 2361 2449 2427 quomodo
2495 2372 2549 2416 ct
2597 2365 2744 2434 prius
2796 2367 2982 2423 Ruben
3037 2371 3244 2426 minore
3287 2373 3431 2428 malo

1854 2447 2025 2515 majus
2072 2450 2364 2517 prohibuit,
2398 2463 2452 2507 et
2491 2471 2631 2509 nunc
2657 2473 2868 2527 quoque
2905 2460 3072 2515 Judas
3115 2464 3344 2518 consulit
3385 2475 3446 2524 ut

1853 2541 2110 2593 vendatur
2135 2541 2296 2596 frater
2319 2587 2333 2609 ,
2366 2560 2470 2614 quo
2497 2561 2618 2600 eum
2650 2547 2718 2600 ab
2749 2549 2962 2604 interitu
3005 2551 3216 2622 eripere
3257 2565 3441 2624 queat.

1855 2622 1964 2677 lloc
1988 2634 2164 2679 autem
2195 2635 2362 2680 totmn
2387 2630 2456 2682 ita
2488 2641 2693 2700 gestum
2723 2643 2804 2686 est
2828 2674 2841 2694 ,
2864 2646 2924 2687 ιιι
2952 2636 3111 2690 etiam
3140 2622 3318 2691 invitis
3341 2638 3445 2694 illis

1852 2729 1971 2785 qum
1995 2732 2024 2770 a
2056 2717 2164 2773 Deo
2194 2713 2443 2788 praedicta
2467 2721 2987 2793 fuerautevenirent,
3015 2738 3069 2781 et
3087 2727 3444 2798 dispensatio-

1854 2807 1906 2859 ni
1936 2806 2130 2862 divinze
2151 2810 2430 2866 servirent.
2467 2811 2531 2865 Et
2558 2815 2786 2884 probato,
2817 2815 3006 2886 inquit”,
3035 2819 3245 2873 consitio
3261 2817 3440 2886 Judte,

1852 2899 1940 2952 28-.
1965 2899 2243 2954 eduxerunt
2287 2919 2400 2956 eum
2426 2903 2488 2956 de
2513 2905 2726 2958 cisterna
2749 2947 2764 2971 ,
2796 2915 2841 2959 et
2871 2908 3199 2962 vendiderunt
3241 2908 3442 2964 famae-

1855 2989 1957 3043 litis
2004 2992 2184 3063 viginti
2235 2993 2422 3047 aureis.
2478 2994 2524 3049 Ο
2565 2996 2796 3064 iniquam
2848 3000 3297 3068 permutationem
3341 3001 3356 3053 !
3413 3017 3448 3051 o

1852 3081 2169 3136 damnosum
2220 3083 2526 3138 lucrumlo
2574 3085 2981 3154 injustissimam
3037 3088 3441 3145 venditionem!

1855 3171 1990 3226 Eum
2021 3172 2109 3241 qui
2139 3173 2289 3226 vobis
2331 3175 2590 3244 sanguine
2623 3176 3093 3243 conjunctissimus
3118 3188 3253 3242 erat,
3285 3195 3444 3250 quem

1854 3274 2006 3333 pater
2034 3267 2263 3318 maxime
2289 3266 2518 3329 amabat,
2543 3267 2631 3334 qui
2661 3267 2726 3319 ad
2756 3267 3033 3321 visendum
3065 3283 3159 3324 vos
3189 3281 3443 3332 venerat,

1853 3356 1940 3424 qui
1970 3371 2255 3425 numquam
2285 3373 2380 3410 vos
2406 3357 2489 3410 vel
2518 3357 2567 3410 in
2600 3372 2784 3426 parvo,
2804 3360 2886 3413 vel
2917 3355 2970 3413 ln
2993 3376 3183 3429 magno
3208 3360 3444 3416 offende-

1854 3458 1956 3513 rat,
1985 3446 2218 3502 vendere
2239 3447 2481 3513 audetis;
2513 3459 2566 3502 et
2597 3449 2826 3503 vendere
2857 3449 3158 3504 hominibus
3176 3451 3439 3515 barbaris.

1855 3551 1906 3593 ct
1937 3542 1987 3592 in
2015 3537 2303 3609 Egyptum
2331 3539 2816 3595 descendentibus?
2849 3539 2979 3607 Quae
3015 3550 3160 3596 tanta
3200 3542 3446 3595 insania?

1855 3646 1974 3700 qum
2001 3629 2239 3684 invidia?
2269 3631 2386 3700 quis
2435 3630 2610 3684 livor?
2636 3630 2766 3685 Nam
2811 3631 2856 3685 si
2907 3631 3009 3686 hoc
3038 3642 3183 3686 metu
3209 3633 3447 3686 somnio-

1857 3737 1971 3774 rum
2002 3720 2176 3774 facitis
2201 3763 2215 3787 ,
2243 3732 2298 3774 ttt
2328 3723 2565 3789 persuasi
2609 3723 2722 3776 lucc
2749 3722 2966 3777 omnino
2996 3731 3253 3777 eventura
3275 3738 3397 3778 esse
3426 3741 3441 3778 :

1855 3827 2023 3883 quare
2066 3812 2413 3881 impossibilia
2450 3813 2746 3878 attentatis,
2782 3822 2834 3867 et
2862 3812 3016 3866 factis
3047 3815 3236 3867 vestris
3258 3823 3444 3867 contra

1859 3906 2020 3959 Deum
2054 3904 2248 3958 bellum
2277 3905 2568 3969 assumitis,
2596 3904 2682 3974 qui
2708 3903 2821 3958 hzec
2837 3905 2886 3958 ei
2911 3905 3272 3973 prmdixerat?
3294 3904 3446 3971 Quod

1855 3999 1899 4050 si
1935 3997 2082 4049 nihili
2107 3995 2280 4050 facitis
2299 3996 2527 4060 somnia,
2568 3995 2663 4050 sed
2692 3996 3007 4049 existimatis
3029 4011 3151 4050 esse
3170 3997 3439 4059 delirium,

1857 4103 2028 4158 quare
2077 4087 2190 4141 haec
2242 4087 2397 4157 agitis
2447 4102 2565 4156 qua:
2614 4096 2922 4156 perpetuam
2976 4086 3129 4142 vobis
3182 4087 3444 4142 maculam

1857 4181 2088 4243 inurunt,
2117 4187 2173 4234 et
2193 4178 2392 4232 luctum
2417 4178 2804 4233 iudesinentem
2838 4177 2974 4248 patri
2995 4186 3174 4233 vestro
3185 4179 3448 4235 afferant?

1857 4270 1964 4325 Sed
1994 4285 2026 4324 ο
2049 4271 2421 4340 gravissimum
2449 4269 2720 4336 morbum,
2767 4270 2875 4322 imo
2905 4276 3138 4323 mentem
3163 4271 3446 4339 sanguina-

1857 4363 2031 4417 riam!
2057 4363 2188 4416 Cum
2216 4361 2357 4416 enim
2397 4362 2516 4432 quis
2545 4360 2807 4415 nefarium
2854 4376 2990 4430 opus
3039 4361 3364 4430 aggreditur,
3391 4371 3448 4413 et

1855 4454 2097 4508 obruitur
2121 4469 2150 4506 a
2172 4452 2580 4523 cogitationibus
2609 4452 2854 4506 absurdis
2877 4493 2892 4518 ,
2926 4453 2970 4505 is
2999 4465 3169 4520 neque
3202 4451 3450 4522 preponit

1855 4555 1980 4600 ante
2023 4545 2207 4598 oculos
2251 4545 2462 4598 oculum
2506 4544 2654 4596 illum
2692 4545 2780 4612 qui
2823 4558 2926 4596 non
2974 4544 3237 4615 quiescit:
3273 4558 3448 4613 neque

1858 4647 2132 4692 reveretur
2184 4645 2426 4689 naturam
2469 4636 2635 4702 ipsum
2672 4675 2686 4698 ,
2745 4650 2915 4704 neque
2963 4634 3187 4688 attendit
3247 4635 3446 4705 aliquid

1856 4731 1997 4802 quod
2021 4730 2087 4784 ad
2111 4729 2628 4785 commiscratiouem
2658 4743 2715 4782 se
2734 4727 2900 4796 possit
2923 4727 3208 4792 inducere;
3234 4727 3286 4781 id
3304 4729 3445 4798 quod

1857 4835 1909 4876 et
1936 4823 2040 4876 illis
2067 4822 2270 4875 evenit.
2293 4820 2408 4875 Non
2442 4821 2584 4875 enim
2613 4821 2913 4889 Cogitabam
2943 4818 3076 4889 quod
3105 4816 3263 4874 frater
3281 4833 3442 4885 esset,

1858 4929 2029 4983 neque
2076 4913 2217 4982 quod
2265 4911 2600 4974 adolescens,
2655 4927 2826 4981 neque
2865 4911 3006 4981 quod
3053 4922 3158 4964 tam
3205 4912 3447 4968 amabilis

1858 5009 2014 5076 patri,
2042 5021 2214 5075 neque
2240 5005 2381 5076 quod
2412 5021 2700 5074 numquam
2733 5005 2784 5057 itt
2827 5016 2967 5059 terra
2999 5006 3169 5057 aliena
3200 5006 3446 5064 vixisset.

1857 5111 1903 5152 et
1928 5097 2067 5169 apud
2098 5107 2347 5150 externos
2375 5112 2663 5166 numquam
2687 5107 2811 5150 ante
2832 5105 3200 5160 conversatus,
3227 5110 3365 5148 nunc
3394 5095 3444 5146 iu

1859 5206 1996 5248 terra
2029 5203 2136 5247 tam
2182 5201 2388 5247 semota
2426 5191 2566 5246 inter
2612 5190 2864 5244 barbaros
2898 5188 3229 5242 habitaturus
3254 5197 3396 5241 esset
3429 5205 3442 5238 :

1855 5286 1950 5340 sed
1980 5285 2124 5340 omni
2153 5284 2373 5338 honesta
2403 5283 2725 5352 cogitatione
2750 5281 2950 5348 objecta
2984 5295 3144 5332 unum
3167 5278 3448 5332 dumtaxat

1856 5377 2135 5443 curabant,
2164 5376 2432 5448 quomodo
2461 5375 2712 5430 invidiam
2742 5388 2913 5436 suam,
2945 5381 3001 5425 ut
3029 5370 3304 5438 putabant,
3323 5385 3444 5436 ope-

1859 5490 1916 5527 re
1940 5472 2238 5543 explerent.
2289 5471 2354 5526 Et
2377 5469 2449 5526 illi
2477 5467 2688 5538 quidem
2725 5474 2903 5519 mente
2933 5462 3216 5518 fratricida:
3245 5471 3398 5518 erant
3424 5477 3442 5517 :

1857 5569 1944 5638 qui
1972 5576 2148 5622 autem
2181 5565 2248 5618 ab
2275 5563 2354 5617 eis
2381 5574 2566 5630 passus
2585 5567 2686 5620 est,
2718 5558 2895 5614 omnia
2937 5558 3142 5612 fortiter
3163 5556 3299 5610 tulit.
3393 5607 3402 5614 .

1931 5657 2114 5712 Manus
2141 5653 2349 5708 Domini
2375 5649 2590 5708 custodit
2614 5648 2827 5719 Joseph.
2848 5679 2919 5691 -—
2939 5649 3282 5705 Custodiebat
3299 5649 3442 5704 enim

1857 5766 1979 5804 eum
2013 5761 2200 5803 manus
2245 5758 2498 5814 superna,
2533 5751 2587 5797 et
2636 5740 2812 5794 omnia
2860 5738 3094 5794 difficilia
3125 5739 3351 5794 faciebat
3393 5740 3445 5792 ei

1861 5843 2030 5897 facilia
2061 5849 2115 5895 et
2143 5837 2298 5893 levia.
2339 5834 2564 5904 Quando
2607 5834 2750 5889 enim
2794 5845 3023 5904 superna
3079 5831 3444 5888 benevolentia
