3974 6454
469 392 576 458 BSt

482 516 728 581 fruimur,
756 512 915 581 etiam
966 511 1101 566 inter
1130 510 1333 566 medios
1377 511 1652 565 barbaros.
1683 519 1737 565 et
1788 509 1840 564 in
1885 509 2055 564 aliena

479 607 701 676 regione
720 604 912 660 melius
928 612 982 658 et
999 602 1331 659 commodius
1352 602 1551 657 versari
1577 615 1877 671 possumus,
1895 615 2054 670 quam

482 698 516 751 ii
542 697 631 768 qui
655 697 799 752 domi
826 696 1080 760 habitant,
1109 703 1164 750 et
1186 695 1379 766 quibus
1401 709 1609 750 summa
1636 709 1761 749 cura
1790 694 2059 748 ministra-

485 795 572 842 tur
605 807 616 840 :
647 787 784 842 sicut
803 785 904 842 etsi
934 786 985 841 in
1008 786 1167 841 domu
1198 801 1494 850 versemur,
1513 794 1570 841 et
1587 785 1833 841 omnibus
1859 783 2064 839 deliciis

482 879 584 934 frui
612 877 910 943 videamur,
944 877 1192 932 destituti
1219 887 1396 932 autem
1417 877 1586 931 simus
1613 891 1846 946 superno
1877 879 2063 944 praesi-

479 969 589 1042 dio,
620 968 871 1024 omnibus
900 981 1085 1022 sumus
1115 968 1439 1022 miseriores.
1493 966 1738 1037 Magnum
1793 965 1936 1020 enim
1985 973 2068 1019 est

481 1058 691 1112 virtutis
719 1057 904 1124 robur,
935 1065 992 1112 et
1033 1057 1251 1112 malitiae
1279 1055 1563 1112 inﬁrmitas
1591 1072 1604 1108 :
1633 1064 1686 1110 et
1716 1055 1816 1110 hoc
1838 1055 2068 1109 maxime

479 1147 711 1203 Ostendit
738 1147 891 1202 nobis
919 1146 1164 1209 historia,
1195 1162 1353 1216 quam
1399 1146 1449 1200 iu
1494 1145 1740 1200 manibus
1787 1143 2065 1199 habemus.

378 1265 388 1273 -
481 1239 576 1294 Dic
605 1240 748 1296 enim
775 1247 917 1310 quos
941 1239 1166 1294 miseros
1187 1248 1242 1294 et
1272 1239 1564 1292 innumeris
1607 1238 1854 1308 lacrymis
1881 1237 2070 1306 dignos

480 1344 602 1385 esse
623 1339 796 1400 putas,
826 1323 1014 1385 il‘iosne
1034 1330 1125 1401 qui
1150 1338 1296 1384 tanta
1316 1327 1454 1384 mala
1479 1329 1736 1389 iecerunt,
1761 1343 1829 1382 an
1851 1327 2069 1382 fratrem

483 1423 572 1492 qui
617 1422 668 1476 in
719 1429 1042 1492 potestatem
1074 1420 1419 1476 barbarorum
1462 1420 1715 1475 venerat?
1739 1418 2070 1474 Manifestum

485 1514 627 1582 quod
675 1513 818 1568 illos.
871 1513 1055 1584 Cogita
1104 1512 1274 1577 enim,
1300 1510 1546 1578 obsecro,
1576 1511 1663 1565 hic
1700 1509 2070 1564 admirabilem

487 1607 656 1666 illum.
683 1606 773 1674 qui
805 1611 950 1660 tanta
977 1604 1342 1659 ministrorum
1371 1617 1498 1658 cura
1522 1602 1796 1665 educatus,
1821 1610 1880 1656 et
1904 1602 1959 1654 in
1991 1602 2071 1656 ul-

488 1700 572 1754 nis
618 1699 852 1768 paternis
899 1713 1110 1767 semper
1157 1695 1366 1750 hahitus
1405 1694 1525 1761 fuit,
1553 1694 1821 1764 quomodo
1849 1701 2071 1764 repente

485 1797 700 1843 coactus
728 1798 810 1843 est
839 1787 978 1843 ferre
1005 1800 1220 1857 gravem
1265 1786 1575 1841 servitutem
1601 1784 1741 1854 apud
1782 1785 1925 1839 viros
1953 1783 2075 1839 bar-

489 1880 664 1941 baros.
699 1894 804 1934 non
829 1879 1077 1934 meliores
1101 1878 1232 1948 ipsis
1247 1871 1459 1933 bestiis.
1488 1877 1593 1933 Sed
1620 1877 1858 1934 omnium
1887 1877 2070 1932 Domi-

489 1986 590 2024 nus
632 1980 786 2038 erat,
815 1972 902 2038 qui
932 1980 987 2026 et
1010 1970 1130 2026 illos
1161 1971 1424 2024 humanos
1469 1968 1748 2036 reddebat,
1780 1977 1836 2025 et
1884 1969 1971 2024 isti
2021 1969 2074 2023 in

488 2065 736 2124 omnibus
780 2063 1088 2134 patientiam
1147 2063 1385 2118 indebat.
1442 2063 1512 2118 Et
1551 2077 1671 2118 cum
1712 2061 2078 2118 vendidissent

493 2153 732 2216 fratrem,
756 2153 915 2224 quasi
946 2152 1294 2222 perfecissent
1341 2151 1671 2223 propositum
1719 2165 1873 2206 suum
1903 2149 2075 2206 affecti

490 2243 656 2305 tuere,
691 2243 782 2296 illo
823 2242 1002 2298 ablato
1031 2242 1282 2297 videlicet
1309 2257 1340 2297 e
1365 2241 1563 2308 medio,
1611 2243 1699 2296 cui
1748 2240 2076 2297 invidebant.

493 2333 585 2391 29.
612 2334 859 2389 Reversus
883 2343 956 2388 est
979 2344 1165 2397 autem,
1195 2333 1390 2403 inquit,
1423 2331 1597 2387 Ruben
1625 2333 1694 2386 ad
1711 2335 2002 2398 cisternam,
2033 2342 2081 2386 et

494 2441 596 2480 non
622 2427 743 2480 vidit
770 2425 1000 2497 Ioseph;
1029 2436 1077 2481 et
1101 2427 1315 2497 disrupit
1337 2427 1625 2481 vestimenta
1645 2442 1759 2494 sua,
1789 2425 1877 2482 30.
1894 2435 1940 2481 et
1959 2426 2079 2480 red-

503 2515 562 2572 iit
588 2518 656 2571 ad
678 2526 859 2584 fratres
883 2534 1037 2571 suos.
1075 2525 1124 2568 et
1165 2515 1293 2570 dixit
1315 2531 1336 2569 :
1367 2515 1502 2570 Puer
1539 2533 1640 2571 non
1675 2525 1781 2583 est,
1823 2533 1918 2588 ego
1963 2533 2080 2572 vero

500 2623 604 2678 quo
616 2607 700 2662 ibo
715 2608 858 2662 ultra
873 2600 1176 2668 2Quoniam
1195 2599 1513 2675 enimsupra
1525 2604 1709 2662 docuit
1748 2603 1924 2660 divina
1939 2605 2084 2661 Scri-

502 2705 674 2767 ptura,
703 2713 824 2752 eum
851 2706 1130 2767 propterea
1166 2699 1496 2756 consuluisse
1543 2715 1664 2756 eum
1710 2701 1760 2755 in
1793 2706 2080 2764 cisternam

496 2788 910 2857 conjiciendum,
939 2798 996 2844 ut
1014 2805 1078 2845 ex
1101 2791 1454 2861 sanguinariis
1483 2793 1726 2848 manibus
1753 2793 1898 2847 illum
1916 2796 2081 2863 eripe-

503 2886 588 2934 ret
611 2887 667 2934 et
695 2879 945 2934 redderet
972 2881 1105 2950 patri
1140 2897 1152 2933 :
1180 2897 1320 2937 nunc
1343 2923 1357 2947 ,
1389 2882 1588 2953 inquit,
1615 2883 1702 2938 ubi
1734 2883 1865 2938 vidit
1886 2898 1946 2939 se
1974 2884 2084 2938 voti

503 2978 805 3041 compotem
832 2985 938 3026 non
954 2971 1336 3037 -esse,discidit
1358 2973 1671 3029 vestimenta
1693 2989 1811 3040 sua,
1833 2983 1889 3030 et
1911 2973 2080 3030 dixit:

502 3059 643 3115 Puer
666 3071 882 3126 nonest,
913 3078 1004 3132 ego
1029 3073 1197 3116 autem
1222 3079 1320 3130 quo
1349 3063 1532 3117 vadunt
1557 3065 1582 3118 ?
1607 3064 1826 3131 Qualem
1869 3064 2089 3120 habebi-

503 3166 621 3207 mus
661 3152 1054 3218 dcfensioncm,
1079 3163 1134 3209 et
1173 3156 1404 3210 maxime
1438 3170 1536 3225 ego
1563 3155 1652 3223 qui
1683 3155 2089 3227 vobisprzeessc

507 3238 975 3300 videoriPutabat
1000 3245 1142 3300 enim
1172 3261 1293 3300 eum
1319 3245 1550 3302 occisum
1581 3247 1761 3304 fuisse.
1821 3247 1892 3303 At
1935 3259 2084 3320 post-

503 3351 664 3408 quam
711 3337 910 3392 factum
937 3348 1021 3392 est
1044 3337 1184 3408 quod
1209 3340 1538 3409 quaerebant,
1567 3349 1623 3396 et
1649 3344 1702 3396 in
1730 3341 1958 3398 alienam
1981 3350 2091 3397 ter.

505 3444 618 3482 ram
650 3427 912 3483 miserunt
940 3443 1070 3484 tcum
1109 3444 1266 3498 (luem
1304 3429 1429 3485 odio
1459 3429 1746 3496 habebant,
1775 3445 1935 3504 atque
1956 3432 2091 3487 invi-

500 3519 644 3574 diam
675 3533 828 3573 suam
853 3519 1032 3589 aliquo
1078 3520 1240 3576 modo
1283 3522 1596 3592 mitigarimt
1621 3537 1640 3575 :
1669 3533 1850 3592 postea
1897 3537 2088 3593 magna

503 3609 762 3665 Industria
786 3610 1089 3680 cogitarunt
1142 3617 1204 3666 u‘t
1243 3611 1555 3668 deluderent
1590 3623 1828 3684 patrem,
1851 3630 1919 3670 ne
1951 3615 2086 3669 mala

505 3716 599 3755 sua
627 3701 952 3771 conspiratio
989 3701 1064 3756 illi
1118 3703 1395 3758 manifesta
1441 3703 1614 3760 ﬁeret.
1667 3707 1756 3762 3t.
1809 3705 1877 3760 Et
1926 3707 2090 3760 occiso

511 3790 660 3845 Medo
678 3807 952 3862 caprarum
977 3832 992 3860 ,
1019 3792 1402 3864 inquinaverunt
1427 3806 1611 3850 vestem
1639 3799 1902 3868 sanguine.
1933 3798 2020 3853 32.
2045 3808 2089 3851 et

507 3886 780 3940 attulerunt
799 3895 982 3942 vestem
1012 3888 1144 3957 patri
1171 3903 1264 3941 suo
1284 3928 1300 3954 ,
1327 3898 1374 3942 et
1399 3888 1636 3943 dixerunt
1655 3905 1675 3944 :
1692 3888 1948 3962 Cognosce
1970 3908 2089 3945 nun:

508 3976 658 4030 vestis
683 3977 779 4046 ﬁlii
799 3977 974 4044 misit,
1006 3993 1175 4031 necne.
1207 3977 1342 4044 Quid
1368 3978 1613 4049 decipitis
1632 3981 1987 4050 vosmetipsos
2010 4022 2025 4046 ,
2057 3997 2090 4035 ο

513 4066 801 4120 insensati?
855 4066 987 4121 Nam
1039 4066 1163 4123 licet
1201 4077 1412 4138 patrem
1443 4068 1694 4140 decipere
1714 4072 1950 4141 possitis,
1983 4087 2088 4128 non

512 4166 690 4209 tamen
711 4153 940 4210 latebitis
966 4159 1177 4212 oculum
1204 4157 1351 4213 illum
1377 4158 1466 4230 qui
1493 4160 1659 4230 sopiri
1691 4163 1872 4232 nequit
1893 4203 1909 4226 ,
1931 4177 2089 4232 quem

517 4246 748 4301 maxime
772 4248 1008 4301 omnium
1025 4246 1316 4304 formidare
1341 4251 1640 4320 oportebat.
1691 4248 1796 4306 Sed
1818 4251 1888 4306 ita
1916 4267 1976 4307 se
1994 4251 2091 4306 ha-

513 4339 601 4393 bet
632 4337 862 4392 humaua
893 4347 1110 4404 natura,
1141 4338 1250 4394 imo
1289 4339 1363 4394 ita
1391 4355 1452 4396 se
1484 4339 1644 4397 habet
1682 4341 1969 4398 multorum
1998 4359 2092 4398 ne-

509 4427 672 4497 quitia
696 4469 711 4489 ,
741 4437 799 4483 ut
823 4429 1112 4483 humanum
1139 4429 1385 4484 timorem
1406 4438 1462 4485 et
1495 4436 1772 4500 praesentis
1803 4433 1926 4488 vitm
1959 4432 2091 4487 infa-

512 4521 671 4574 miam
705 4527 906 4574 tantum
939 4519 1176 4574 maxime
1194 4528 1447 4586 caveant,
1476 4521 1528 4576 in
1558 4529 1738 4577 mente
1779 4531 1956 4578 autem
1985 4539 2090 4578 non

511 4617 728 4665 versent
749 4609 987 4664 terribile
1015 4609 1143 4664 illud
1175 4609 1404 4666 tribunal
1429 4652 1446 4678 ,
1473 4620 1528 4667 et
1555 4612 1942 4669 iutolembiiem
1973 4628 2090 4684 pa:-

515 4711 659 4763 nam,
691 4697 784 4752 sed
812 4697 915 4754 hoc
946 4714 1106 4754 unum
1128 4709 1336 4768 curent,
1360 4699 1625 4771 quomodo
1640 4701 1875 4772 etTugerc
1891 4704 2093 4774 possint

516 4786 802 4842 humanam
829 4789 1302 4859 reprehensionem
1335 4810 1349 4846 :
1378 4793 1429 4848 id
1453 4791 1596 4864 quod
1639 4801 1695 4849 et
1736 4794 1808 4848 illi
1848 4804 2090 4865 egerunt,

515 4877 640 4932 dum
671 4887 876 4946 patrem
919 4893 1074 4933 suum
1114 4879 1361 4950 decipere
1393 4883 1725 4938 molirentur.
1749 4881 1839 4939 33.
1881 4886 2093 4956 Agnovit

513 4971 664 5036 enim,
697 4969 886 5040 inquit,
914 4981 1093 5024 vestem
1121 4982 1279 5042 pater,
1302 4983 1347 5026 et
1367 4974 1494 5028 dixit
1524 4991 1543 5029 :
1565 4973 1740 5050 Vestis
1752 4976 1847 5044 ﬁlii
1866 4977 1964 5030 mei
1982 4988 2055 5032 est
2073 4993 2092 5030 :

514 5063 623 5131 fera
638 5060 771 5115 mala
800 5061 1050 5114 devoravit
1071 5077 1202 5128 eum,
1230 5062 1338 5132 fera
1359 5066 1528 5133 rapuit
1553 5064 1762 5136 Ioseph.
1780 5067 1986 5122 Etenim
2002 5085 2092 5125 ve-

515 5168 573 5207 re
598 5151 747 5222 qnasi
775 5151 824 5206 iu
866 5151 1033 5205 maias
1059 5151 1255 5208 bestias
1278 5153 1568 5221 incidisset,
1599 5155 1775 5210 omnia
1805 5158 2094 5216 crudeliter

517 5258 706 5310 passus
733 5251 835 5298 est.
865 5243 953 5298 54.
982 5241 1198 5298 Discidit
1222 5253 1386 5298 autem
1414 5249 1703 5301 vestimenta
1722 5265 1836 5315 sua,
1853 5260 1899 5304 et
1927 5253 2092 5320 posuit

515 5349 712 5386 saccum
741 5349 892 5402 super
921 5333 1115 5388 lumbos
1144 5350 1263 5388 suos
1287 5377 1302 5400 ,
1333 5344 1377 5388 et
1399 5336 1526 5390 luxit
1551 5337 1713 5405 filium
1755 5355 1900 5393 suum
1920 5340 2092 5396 diebus

517 5421 707 5475 multis.
736 5422 958 5489 Quantis
983 5421 1266 5480 fuerintilli
1297 5425 1438 5495 digni
1461 5425 1728 5498 lacrymis,
1753 5431 1840 5500 qui
1868 5446 1972 5485 non
2000 5447 2089 5486 so-

518 5510 626 5564 lum
667 5509 885 5566 fratrem
927 5511 1167 5570 barbaris
1194 5516 1576 5582 vendiderunt,
1604 5519 1697 5574 sed
1725 5528 1778 5574 et
1807 5530 2008 5590 patrem
2035 5523 2089 5577 in

519 5609 758 5653 extrema
803 5611 1076 5657 senectute
1101 5604 1154 5658 in
1181 5613 1385 5661 tantum
1419 5607 1617 5664 luctum
1635 5609 1973 5678 iniecerunt?
1999 5612 2087 5667 35.

520 5689 820 5763 Congregnti
839 5703 1004 5749 autem
1033 5705 1147 5750 sunt
1175 5698 1271 5766 ﬁlii
1293 5699 1402 5769 ejus
1431 5710 1478 5755 et
1497 5702 1619 5771 ﬁlia
1647 5711 1699 5756 ut
1715 5702 2093 5759 consolarentur

1212 397 1270 454 S.
1300 392 1574 454 JO.\.\'NlS
1612 390 2081 452 CHRYSUSTOMI

2193 392 2434 453 lClllEP.
2476 393 3002 456 (ΣΟΝΒΤΛΝΤΙΝΟΡ.

3645 401 3744 456 559

2163 524 2296 570 eum,
2315 520 2360 564 et
2393 511 2574 576 noluit,
2606 512 2776 566 dicens
2803 527 2820 566 :
2854 511 3168 566 Descendam
3190 513 3257 565 ad
3276 509 3441 576 filium
3469 528 3639 566 neeum
3670 516 3744 565 lu-

2168 617 2288 670 gens
2310 601 2362 654 in
2385 602 2660 671 infernum.

2239 690 2294 746 5.
2333 691 2532 760 Opinor
2563 702 2618 746 et
2664 691 2765 746 hoc
2800 692 2903 748 illis
2938 691 3098 746 aliam
3139 691 3302 747 fuisse
3327 691 3561 762 plagam.
3595 691 3748 748 Vide-

2170 783 2296 838 bant
2322 783 2465 838 enim
2493 794 2694 853 patrem
2725 793 2926 839 tantum
2950 796 3162 854 tamque
3185 784 3481 839 ferventem
3508 800 3746 839 amorem

2171 873 2424 928 exhibere
2451 889 2576 944 erga
2595 889 2716 930 eum
2748 875 2837 944 qui
2866 891 2968 928 non
3005 876 3186 930 aderat
3213 917 3227 938 ,
3251 876 3358 930 imo
3382 884 3441 929 et
3467 878 3753 944 putabatur

2171 979 2200 1018 a
2227 965 2410 1020 bestiis
2455 965 2752 1036 discerptus
2774 1008 2787 1028 ,
2819 975 2872 1020 et
2909 966 3096 1034 majori
3141 965 3485 1022 tabescebant
3535 967 3750 1021 invidia.

2174 1054 2280 1109 Sed
2306 1055 2379 1109 illi
2409 1057 2621 1126 quidem
2643 1072 2766 1127 erga
2796 1055 3010 1111 fratrem
3033 1067 3087 1111 et
3106 1073 3226 1127 erga
3257 1066 3460 1127 patrem
3483 1057 3753 1123 crudeles,

2176 1145 2313 1198 nn'la
2338 1146 2530 1201 fuerint
2556 1148 2704 1201 venia
2738 1148 2924 1218 digni:
2957 1147 3254 1202 Madianita:
3309 1158 3486 1203 autem
3544 1159 3603 1203 et
3656 1148 3754 1216 ipsi

2175 1236 2368 1290 divinae
2421 1237 2660 1292 serviunt
2692 1237 3092 1308 dispensationi,
3142 1249 3197 1294 et
3243 1239 3419 1295 denuo
3459 1239 3755 1308 Josephum

2181 1329 2410 1385 vendunt
2433 1329 2694 1400 Petephre
2721 1329 3075 1401 archimagiro
3097 1330 3174 1402 (α)
3203 1331 3517 1386 Pharaonis.
3565 1330 3758 1386 Vidisti

2175 1421 2444 1490 quomodo
2467 1424 2718 1493 paulatim
2747 1423 3022 1493 procedit,
3052 1432 3108 1480 et
3132 1439 3226 1493 per
3251 1425 3432 1478 omnia
3460 1439 3616 1478 suam
3646 1424 3756 1477 vir-

2179 1522 2345 1568 tutem
2371 1523 2424 1569 et
2447 1517 2752 1585 patientiam
2782 1515 3040 1581 declarat,
3070 1525 3128 1571 ut
3159 1517 3237 1571 sic
3255 1517 3404 1587 quasi
3426 1517 3626 1571 athleta
3651 1517 3760 1570 for-

2179 1604 2301 1658 titer
2328 1614 2572 1672 certans,
2599 1605 2939 1662 redimiretur
2979 1621 3178 1662 corona
3220 1607 3390 1676 regni,
3436 1617 3490 1662 et,
3531 1617 3765 1662 eventus

2180 1696 2510 1750 somniorum
2564 1696 2911 1766 implerentur
2943 1713 2956 1750 :
2986 1712 3092 1767 quo
3121 1697 3443 1752 docerentur
3461 1699 3494 1752 ii
3520 1698 3609 1768 qni
3630 1711 3764 1752 eum

2179 1785 2547 1852 vendiderant,
2573 1800 2632 1841 se
2662 1786 2792 1841 nihil
2813 1786 3080 1842 commodi
3123 1802 3186 1842 ex
3214 1802 3308 1841 sua
3336 1787 3531 1841 malitia
3568 1802 3768 1854 repor-

2181 1877 2366 1932 tasse?
2412 1877 2636 1933 Tantum
2676 1879 2818 1934 enim
2849 1879 3011 1934 robur
3046 1878 3208 1934 habet
3234 1879 3423 1946 virtus,
3451 1889 3508 1934 ut
3557 1879 3770 1934 clarior

2183 1966 2299 2020 fieri
2326 1967 2494 2022 soleat
2521 1983 2642 2022 cum
2669 1969 2970 2024 infestatur.
2997 1968 3139 2023 Nihil
3168 1969 3309 2024 enim
3350 1984 3414 2025 ea
3440 1969 3716 2024 robustius
3743 2009 3768 2033 ,

2183 2058 2315 2113 nihil
2342 2059 2565 2114 validius
2598 2077 2612 2113 :
2639 2074 2744 2114 non
2767 2059 2909 2131 quod
2937 2061 3049 2130 ipsa
3079 2059 3195 2115 sola
3223 2069 3428 2116 tantum
3453 2060 3648 2117 habeat
3678 2077 3770 2115 ro-

2184 2149 2303 2216 bur,
2326 2147 2420 2203 sed
2447 2149 2569 2219 quia
2602 2149 2648 2203 is
2670 2150 2759 2219 qui
2787 2164 2904 2205 eam
2933 2148 3200 2220 possidet,
3225 2161 3280 2205 et
3303 2164 3584 2220 supernum
3601 2151 3773 2205 auxi-

2187 2239 2311 2293 lium
2341 2238 2502 2297 habet
2531 2257 2545 2293 :
2573 2255 2680 2311 quo
2709 2239 2956 2310 praesidio
2984 2250 3040 2297 et
3067 2256 3170 2311 ope
3189 2257 3311 2297 eum
3341 2242 3558 2309 fruatur,
3579 2244 3773 2297 omni-

2185 2333 2284 2388 bus
2312 2341 2397 2389 est
2421 2334 2686 2403 potentior
2713 2342 2769 2389 et
2793 2332 3042 2398 invictus,
3071 2347 3137 2388 ac
3165 2334 3283 2404 capi
3303 2334 3507 2404 nequit,
3529 2350 3642 2389 non
3673 2352 3774 2395 1...

2186 2425 2292 2478 lum
2306 2423 2578 2479 hominum
2601 2423 2822 2488 insidiis,
2847 2423 2940 2480 sed
2961 2433 3016 2479 et
3035 2424 3333 2480 daemonum
3354 2424 3776 2484 machinationi-

2188 2517 2304 2570 lms.
2365 2515 2420 2570 ld
2473 2515 2739 2582 scientes,
2768 2530 2836 2570 ne
2860 2515 3120 2585 fugiamus
3151 2515 3291 2570 male
3317 2515 3478 2571 afiici.
3500 2517 3589 2577 sed
3622 2522 3781 2577 male

2185 2620 2345 2675 agere
2373 2626 2386 2661 :
2420 2606 2522 2660 hoc
2548 2605 2690 2660 enim
2735 2614 2818 2660 est
2848 2620 2972 2661 vere
3002 2605 3141 2660 male
3168 2604 3330 2661 affici.
3359 2605 3488 2660 Nam
3517 2612 3606 2684 qui
3635 2628 3778 2683 pro-

2188 2698 2390 2752 ximunt
2417 2695 2655 2773 altligere
2681 2705 2868 2769 tentat,
2902 2697 2976 2758 illi
2995 2697 3209 2774 quidem
3233 2705 3452 2760 omnino
3493 2703 3624 2759 nihil
3667 2721 3778 2760 no-

2188 2804 2275 2848 cet
2305 2807 2321 2848 :
2350 2795 2476 2850 licet
2516 2796 2661 2852 enim
2717 2797 2784 2852 ad
2835 2813 3052 2868 parvum
3105 2807 3314 2870 tempus
3351 2799 3634 2863 noceat,in
3668 2799 3783 2854 hoc

2191 2895 2393 2941 tantum
2435 2887 2635 2943 saeculo
2657 2886 2715 2944 id
2742 2889 2902 2955 facit;
2945 2889 3046 2944 sibi
3071 2899 3248 2944 autem
3294 2889 3602 2945 immortalia
3660 2898 3782 2944 tor-

2190 2987 2368 3034 menta
2421 2979 2702 3047 recondit,
2732 2989 2786 3035 et
2817 2995 3001 3051 poenas
3026 2981 3428 3037 intolerabiles:
3469 2995 3594 3049 quas
3662 2996 3782 3036 non

2190 3071 2347 3126 aliter
2388 3070 2622 3142 effugere
2671 3087 2974 3143 possumus,
3003 3074 3102 3129 nisi
3147 3073 3506 3144 paraverimus
3549 3087 3659 3126 nos
3710 3074 3780 3128 ad

2192 3161 2437 3218 ferendas
2455 3163 2770 3220 alilictiones
2789 3203 2804 3228 ,
2828 3173 2882 3220 et
2900 3163 3192 3220 secundum
3209 3163 3502 3219 doctrinam
3531 3163 3781 3229 Domini,

2191 3271 2474 3326 precemur
2505 3273 2601 3328 pro
2641 3257 2706 3312 iis
2744 3257 2832 3328 qui
2872 3259 3027 3312 nobis
3073 3257 3294 3326 injurias
3344 3256 3592 3312 inferunt.
3658 3256 3784 3311 lluc

2191 3347 2333 3402 enim
2359 3346 2514 3402 nobis
2551 3363 2794 3418 magnam
2826 3349 3030 3418 parabit
3071 3349 3398 3416 mercedem,
3417 3359 3476 3404 et
3509 3349 3786 3404 concedet

2191 3437 2381 3509 dignos
2431 3437 2570 3494 eflici
2615 3454 2786 3510 regno
2840 3439 3092 3495 caelorum
3123 3457 3137 3494 :
3163 3441 3306 3512 quod
3361 3441 3511 3495 nobis
3565 3441 3784 3495 utinam

2192 3527 2532 3596 concedatur,
2559 3530 2733 3600 gratia
2764 3539 2820 3587 et
2848 3531 3174 3602 benignitate
3199 3533 3407 3588 Domini
3434 3533 3596 3588 nostri
3637 3533 3784 3589 Jesu

2192 3619 2410 3686 Christi,
2441 3621 2527 3676 cui
2571 3637 2691 3677 cum
2744 3622 2900 3678 Patre
2920 3636 2981 3679 et
3006 3635 3193 3680 sancto
3239 3625 3442 3696 Spiritu
3483 3626 3551 3680 sit
3572 3625 3784 3696 gloria,

2195 3711 2496 3780 imperium,
2529 3712 2718 3780 honor,
2751 3729 2892 3770 nunc
2916 3724 2970 3770 et
2994 3730 3208 3788 semper
3227 3757 3244 3782 ,
3275 3726 3329 3772 et
3367 3717 3419 3772 in
3446 3722 3636 3773 szccuta
3673 3731 3786 3774 sa:-

2192 3803 2455 3859 culorum.
2485 3807 2676 3860 Amen.

2739 3920 3015 3977 llOMlLlA
3057 3921 3217 3978 LXII.

2196 4025 2264 4082 Et
2291 4029 2416 4084 vidit
2441 4030 2609 4085 ludas
2631 4031 2848 4086 hominis
2874 4031 3150 4088 Chananwi
3190 4035 3382 4103 ﬁliani,
3413 4051 3522 4106 qua
3559 4038 3788 4093 vocaba-

2264 4127 2346 4172 tur
2375 4120 2529 4186 Savo,
2563 4132 2608 4175 et
2636 4121 2781 4176 duxit
2815 4140 2928 4177 eam
2951 4166 2967 4191 ,
2989 4133 3036 4178 et
3058 4125 3312 4195 ingrasus
3348 4137 3422 4182 est
3446 4127 3514 4180 ad
3537 4144 3648 4182 eam
3679 4145 3705 4183 :
3732 4141 3782 4184 et

2263 4211 2551 4280 concipiens
2599 4215 2790 4285 peperit
2821 4215 3006 4282 ﬁlium,
3033 4226 3082 4270 et
3114 4219 3305 4272 vocavit
3346 4235 3525 4273 nomen
3550 4220 3664 4290 ejus
3707 4221 3786 4275 Er

2262 4303 2421 4372 (Gen.
2453 4304 2544 4358 58.
2568 4306 2624 4359 2.
2649 4302 2726 4375 3).

2267 4438 2320 4492 l.
2361 4438 2500 4494 Satis
2522 4453 2692 4509 nuper
2714 4453 2780 4494 ex
2812 4439 3034 4495 historia
3053 4439 3254 4512 Joseph
3277 4441 3578 4508 didicimus,
3601 4459 3788 4514 quan-

2199 4540 2310 4584 tum
2331 4529 2511 4586 damni
2537 4539 2786 4590 nascatur
2805 4547 2869 4586 ex
2896 4531 3112 4596 invidia,
3140 4541 3196 4588 et
3222 4535 3489 4603 quomodo
3510 4535 3788 4604 pernicio-

2195 4635 2290 4676 sus
2319 4621 2409 4676 ille
2451 4620 2669 4677 morbus
2713 4622 2946 4678 animam
2976 4623 3203 4692 primum
3238 4633 3562 4694 corrumpat,
3587 4639 3619 4679 a
3667 4642 3785 4696 qua

2197 4712 2450 4766 nascitur.
2499 4711 2717 4768 Vidistis
2765 4713 3034 4782 quomodo
3080 4729 3175 4784 per
3221 4712 3361 4769 hanc
3402 4715 3784 4785 aegritudine

2198 4801 2387 4856 fratres
2427 4801 2628 4873 Joseph
2672 4813 2727 4857 et
2768 4805 3100 4877 cognationis
3123 4804 3272 4860 obliti
3297 4815 3455 4871 sunt,
3487 4817 3542 4862 et
3569 4807 3784 4864 bestia-

2197 4908 2315 4948 rum
2334 4893 2702 4948 crudelitatem
2737 4909 2862 4965 erga
2903 4909 3023 4949 eum
3051 4895 3141 4964 qui
3167 4895 3219 4950 in
3245 4895 3394 4951 nullo
3420 4896 3563 4967 ipsos
3603 4897 3784 4955 oﬂ'en-

2196 4983 2391 5051 derat,
2419 4995 2795 5050 exercuerunt,
2829 4985 3082 5040 malitiam
3128 4986 3348 5054 quidem
3399 5002 3548 5042 suam
3596 4991 3784 5057 potius

2196 5076 2531 5132 manifestam
2574 5077 2877 5141 reddentes,
2930 5093 3090 5148 quam
3137 5077 3285 5134 fratri
3336 5090 3611 5136 nocentes.
3665 5081 3782 5137 Ma-

2197 5168 2304 5224 litia
2349 5168 2491 5224 enim
2546 5181 2641 5222 sua
2693 5167 2849 5223 fratri
2901 5183 3001 5224 suo
3052 5183 3157 5223 non
3206 5178 3412 5224 tantum
3453 5183 3781 5238 nocuerunt,

2195 5268 2454 5329 quantum
2523 5259 2728 5327 seipsos
2796 5258 3084 5329 ignominia
3153 5258 3466 5316 aﬂecerunt.
3518 5260 3654 5316 Nam
3708 5262 3780 5317 li-

2196 5361 2282 5405 cet
2351 5351 2590 5406 barbaris
2661 5366 2781 5405 eum
2860 5351 3196 5406 vendiderint
3227 5392 3243 5418 ,
3317 5362 3373 5408 et
3426 5353 3505 5408 illi
3576 5354 3778 5409 iterum

2197 5439 2530 5494 vendiderint
2604 5441 2959 5512 archimagiro
3009 5441 3302 5498 Pharaonis
3329 5483 3347 5512 ,
3426 5442 3780 5499 nihilominus

2195 5531 2316 5600 quia
2383 5530 2564 5585 habuit
2625 5545 2912 5601 supernum
2981 5533 3239 5587 auxilium
3275 5572 3290 5597 ,
3346 5548 3376 5588 a
3433 5549 3540 5604 quo
3611 5535 3779 5604 jura.

2198 5623 2356 5678 batur
2386 5663 2402 5691 ,
2457 5623 2634 5678 omnia
2701 5624 2801 5694 ipsi
2848 5623 2984 5680 levia
3026 5633 3084 5680 et
3134 5624 3308 5680 facilia
3350 5625 3460 5684 visa
3506 5638 3651 5682 sunt.
3708 5627 3778 5682 Et

2259 5760 2333 5821 (α)
2723 5759 2768 5808 id
2794 5768 2896 5823 est,
2920 5759 3129 5824 principi
3159 5772 3454 5824 coquom;
3475 5761 3675 5825 Vulgata
3699 5772 3789 5812 re.

2199 5819 2277 5881 ro,’
2297 5819 2523 5885 magistro
2545 5819 2765 5871 mimum.
