3974 6434
219 331 322 388 53!

214 449 390 500 ’Όταν
416 445 528 518 7&9
556 448 654 519 τῆς
690 447 894 523 ἀνωθεν
929 448 1140 514 εὐνοίας
1183 451 1567 523 ἀπολαύωμεν,
1598 451 1704 506 κᾶν
1747 452 1805 504 ἐν

208 525 373 596 μέσῳ
399 525 695 598 βαρϐάρων
731 521 902 599 ὦμεν.
935 530 1038 583 κᾶν
1067 532 1155 584 ἐπ’
1188 521 1494 603 ἀλλοτρίας,
1520 532 1630 585 τῶν
1667 531 1805 585 οῖκοι

202 607 601 680 διατριϐόντων
668 611 764 663 καὶ
827 613 1003 683 πάσης
1058 614 1442 668 ἀπολαυόντων
1507 612 1805 686 θεραπείας

206 693 441 760 ἄμεινον
465 690 675 760 διάγειν
707 693 1004 763 δυνάμεθα·
1032 695 1223 768 ῶσπερ
1251 697 1355 752 κᾶν
1387 697 1480 752 ἐπὶ
1503 697 1601 768 τῆς
1626 697 1804 760 οἰκίας

204 774 605 845 διατρίϐωμεν,
633 777 736 830 κᾶν
765 779 946 850 πάσης
966 781 1507 844 ἀνέσεωςάπολαύειν
1537 781 1801 851 δοκῶμεν,

206 858 414 928 ἔρημοι
449 859 508 912 δὲ
543 854 698 929 ὦμεν
729 862 829 933 τῆς
854 863 1060 918 ἀνωθεν
1082 864 1352 936 βοηθείας,
1385 867 1603 920 πάντων
1635 865 1803 935 ἐσμὲν

204 942 588 1014 ἐλεεινότεροι.
624 944 798 1017 Πολλὴ
820 947 928 1019 7&9
960 949 1054 1002 καὶ
1082 949 1178 1018 τῆς
1210 949 1412 1019 ἀρετῆς
1439 951 1473 1020 ὴ
1507 949 1681 1018 ἰσχὺς,
1708 949 1804 1000 καὶ

205 1029 314 1097 τῆς
346 1025 548 1090 κακίας
573 1030 610 1100 ἡ
642 1030 915 1084 ἀσθένεια’
947 1033 1222 1085 καὶτοῦτο
1255 1032 1492 1103 μάλιστα
1531 1031 1802 1086 δείκνυσιν

203 1111 348 1180 ἡμῖν
375 1109 515 1182 αὕτη
543 1113 580 1183 η
607 1114 666 1165 ἐν
695 1115 886 1186 χερσὶν
918 1114 1152 1187 ἱστορία.
1188 1116 1352 1180 Τίνας
1377 1117 1504 1187 γὰρ,
1534 1115 1656 1170 είπέ
1685 1132 1798 1186 μοι,

204 1193 486 1258 ἐλεεινοὺς
528 1196 624 1249 καὶ
670 1197 882 1269 μυρίων
914 1197 1168 1271 δακρύων
1202 1198 1386 1264 ἀξίους
1413 1199 1638 1270 κρίνεις,
1674 1200 1801 1264 τοὺς

205 1277 455 1331 τοσαῦτα
475 1279 624 1333 κακά
653 1281 1066 1354 ἐργασαμένους
1098 1283 1188 1337 τὸν
1220 1283 1467 1353 ἀδελφὸν,
1501 1284 1535 1354 ἢ
1569 1283 1663 1338 τὸν
1695 1285 1802 1338 ὐπὸ

203 1361 276 1430 τῇ
321 1359 541 1432 δουλείᾳ
593 1361 704 1416 τῶν
748 1364 1042 1435 βαρϐάρων
1098 1368 1494 1438 γεγενημένον;
1546 1367 1801 1437 Δηλονότι

202 1443 456 1508 τούτους.
505 1447 707 1502 Ἐννόει
733 1449 842 1521 γάρ
868 1468 960 1522 μοι
997 1450 1182 1505 λοιπὸν
1211 1451 1302 1506 τὸν
1326 1451 1630 1523 θαυμάσιον
1653 1453 1800 1505 ἐκεῖ·

204 1545 322 1592 νον,
353 1529 447 1583 τὸν
469 1531 610 1600 μετά
642 1533 911 1605 τοσαύτης
929 1533 1254 1606 δορυφορίας
1281 1536 1682 1608 ἀνατραφέντα,
1704 1538 1800 1590 καὶ

201 1610 320 1664 ὐπὸ
353 1615 475 1676 ταῖς
505 1613 776 1682 ἀγκάλαις
804 1618 927 1680 ταῖς
954 1621 1246 1689 πατρικαῖς
1282 1619 1543 1690 διηνεκῶς
1575 1636 1800 1691 γεγενη-

201 1695 398 1766 μένον,
429 1696 629 1768 ἀθρόον
651 1699 1097 1772 ἀναγκαζόμενον
1133 1703 1378 1757 δουλείαν
1417 1703 1658 1776 χαλεπὴν
1697 1705 1798 1773 ύφ-

204 1779 484 1844 ίστασθαι,
513 1782 609 1835 καὶ
636 1781 880 1838 δουλείαν
909 1785 1061 1857 παρά
1092 1786 1386 1858 βαρϐάροις
1421 1789 1669 1860 ἀνδράσι,
1704 1789 1799 1841 καὶ

198 1861 418 1932 θηρίων
443 1864 598 1917 οὐδὲν
626 1866 850 1936 ἄμεινον
869 1867 1251 1939 διακειμένοις.
1283 1871 1422 1924 Ἀλλ’
1446 1873 1477 1925 ό
1497 1871 1606 1924 τῶν
1627 1870 1800 1925 ἀπάν-

200 1963 316 1998 των
344 1947 620 2018 Δεσπότης
651 1944 720 2019 ἦν
745 1952 774 2003 ό
805 1951 898 2004 καὶ
924 1951 1166 2016 ἐκείνους
1204 1954 1449 2026 ἡμέρους
1494 1953 1798 2026 ἐργαζόμε-

198 2046 322 2092 νος,
365 2027 604 2100 κάκείνῳ
634 2031 837 2101 πολλὴν
870 2033 1049 2098 διδοὺς
1077 2035 1174 2107 τὴν
1203 2037 1501 2110 ὑπομονήν.
1529 2038 1638 2092 Καὶ
1666 2039 1799 2091 ἀπο-

196 2111 426 2182 δόμενοι
480 2112 572 2166 τὸν
620 2113 872 2184 ἀδελφὸν,
919 2115 998 2180 ὡς
1051 2118 1131 2180 είς
1171 2118 1326 2184 τέλος
1367 2120 1668 2190 ἀγαγόντες
1707 2119 1798 2177 τὸν

196 2196 409 2248 οἰκεῖον
444 2196 669 2258 σκοπὸν,
701 2195 854 2250 οὕτω
863 2197 1050 2252 λοιπὸν
1076 2200 1358 2270 διέκειντο,
1385 2203 1628 2262 ἐκποδὼν
1649 2221 1800 2279 ποιη-

202 2281 452 2352 σάμενοι,
465 2281 556 2334 τὸν
581 2282 673 2334 ὑπ’
699 2281 881 2342 αὐτῶν
903 2283 1286 2356 φθονούμενον.
1323 2288 1675 2360 Ἀνέστρεψε
1705 2289 1796 2355 δὲ,

201 2367 366 2437 φησὶ,
413 2364 948 2433 Ῥουϐὴναέπίτὸν
970 2367 1222 2434 λάκκον,
1255 2371 1355 2424 καί
1400 2375 1516 2440 οὐχ
1543 2372 1654 2441 δρᾷ
1691 2374 1800 2428 τὸν

212 2448 457 2523 Ἰωσήφ·
498 2449 597 2502 καὶ
634 2449 908 2518 διέρρηξε
953 2453 1028 2506 τὰ
1081 2453 1280 2524 ἱμάτια
1319 2456 1528 2519 αὐτοῦ,
1555 2456 1655 2510 καί
1693 2456 1797 2514 ἀν-

196 2532 471 2600 έστρεψε
497 2533 647 2599 πρὸς
670 2533 813 2598 τοὺς
834 2532 1136 2604 ἀδελφοὺς
1169 2537 1377 2602 αὐτοῦ,
1409 2536 1510 2591 καὶ
1535 2534 1686 2592 εἶπεο
1727 2539 1796 2594 Τὸ

198 2615 528 2684 ,παιδάριον
550 2617 662 2673 οὐκ
679 2615 876 2682 ἔστιν,
905 2616 1019 2686 ἐγὼ
1040 2617 1109 2673 δὲ
1135 2619 1256 2675 ποῦ
1279 2622 1648 2690 πορεύσομαι
1673 2621 1796 2686 ἕεις

215 2700 442 2770 Ἐπειδὴ
477 2699 586 2776 γὰρ
612 2699 849 2765 ἐδίδαξεν
877 2700 1183 2773 ἀνωτέρωή
1215 2702 1336 2756 θεία
1366 2704 1580 2776 Γραφὴ,
1603 2705 1686 2759 ὃτι
1710 2705 1799 2759 διὰ

199 2783 377 2843 τοῦτο,
401 2783 788 2842 συνεϐούλευσε
821 2784 1048 2855 Ῥουϐὴν
1068 2787 1148 2849 είς
1169 2787 1262 2840 τὸν
1286 2786 1488 2842 λάκκον
1507 2791 1600 2842 τὸν
1630 2789 1796 2843 αὐτοῦ

200 2867 440 2937 ἀδελφὸν
465 2869 824 2940 ἐμϐληθῆναι,
849 2868 991 2923 ὥστε
1021 2870 1114 2923 καὶ
1145 2871 1255 2925 τῶν
1283 2873 1483 2944 χειρῶν
1513 2875 1676 2928 αὐτὸν
1705 2876 1789 2942 ἐξ·-

201 2950 426 3010 ελέσθαι
460 2951 569 3005 τῶν
591 2952 850 3022 φονικῶν,
882 2955 976 3008 καὶ
1011 2953 1304 3007 ἀποδοῦναι
1343 2955 1421 3026 τῷ
1456 2957 1644 3028 πατρί·
1678 2959 1794 3024 νῦν,

198 3036 396 3106 φησὶν,
433 3033 577 3101 ἰδὼν,
609 3037 694 3089 ὅτι
735 3037 1003 3110 διήμαρτε
1042 3038 1138 3092 τοῦ
1179 3040 1404 3108 σκοποῦ,
1437 3042 1690 3115 διέρρηξε
1726 3045 1796 3098 τὰ

201 3119 402 3189 ἱμάτια
442 3119 631 3184 αὐτοῦ,
669 3123 763 3174 καὶ
796 3117 938 3174 εῐπε·
983 3121 1056 3175 Τὸ
1095 3123 1413 3192 παιδάριον
1449 3129 1559 3180 οὐκ
1600 3130 1792 3193 ἐστιν,

194 3201 319 3272 ἐγὼ
349 3201 417 3254 δὲ
455 3201 574 3256 ποῦ
600 3205 968 3274 πορεύσομαι
991 3206 1120 3270 ἕτι;
1157 3206 1346 3272 Ποίαν,
1375 3209 1562 3280 φησὶν,
1598 3211 1794 3282 ἕξομεν

196 3285 523 3352 ἀπολογίαν,
575 3286 672 3340 καὶ
716 3287 954 3357 μάλιστα
1010 3289 1040 3341 ὁ
1082 3287 1255 3342 δοκῶν
1291 3289 1446 3360 ὑμῶν
1493 3295 1794 3364 πρωτεύειν

193 3371 350 3439 ἐγώς
385 3370 634 3440 Ἐνόμιζε
660 3371 769 3443 γάρ
803 3372 964 3426 αὐτὸν
994 3373 1319 3450 ἀνῃρῆσθαι.
1357 3375 1494 3430 Ἀλλ’
1518 3378 1706 3450 ἐπειδὴ
1734 3379 1794 3434 τὸ

200 3454 644 3525 σπουδαζόμενον
675 3457 860 3520 αὐτοῖς
900 3456 1168 3526 ἐγεγόνει,
1205 3458 1297 3511 καὶ
1323 3458 1416 3513 τὸν
1465 3460 1793 3532 μισούμενον

197 3541 284 3602 εἰς
333 3538 435 3608 τὴν
473 3537 766 3608 ἀλλοτρίαν
802 3538 1120 3610 ἐξέπεμψαν
1157 3541 1282 3612 γῆν,
1331 3543 1426 3596 καὶ
1466 3544 1558 3598 τὸν
1599 3545 1792 3613 φθόνον

195 3625 294 3678 τὸν
323 3623 526 3675 οἰκεῖον
554 3621 726 3686 οὕτως
750 3621 1098 3694 ἠδυνήθησαν
1129 3627 1653 3700 παραμυθήσασθαι,
1678 3637 1790 3689 λοι-

197 3708 305 3760 πὸν
337 3706 521 3761 πᾶσαν
553 3706 804 3784 μηχανὴν
835 3706 1258 3775 ἐπιδείκνυνται,
1302 3710 1445 3766 ὥστε
1478 3715 1792 3787 παρακρού-

198 3790 406 3844 σασθαι
434 3789 526 3846 τὸν
553 3790 786 3862 πατέρα,
815 3789 907 3844 καὶ
936 3791 1011 3861 μὴ
1036 3793 1342 3865 κατάδηλον
1361 3796 1512 3868 αὐτῷ
1535 3798 1789 3866 γενέσθαι

193 3876 301 3947 τὴν
327 3875 507 3946 κακὴν
535 3875 877 3945 συμφωνίαν.
918 3874 1029 3930 Καὶ
1063 3876 1430 3945 σφάξαντες,
1461 3884 1652 3952 φησὶν,
1673 3885 1789 3953 ἕρι-

194 3977 323 4030 ρον
348 3955 550 4026 αίγῶν,
571 3960 668 4011 καὶ
686 3958 1066 4027 μολύναντες
1090 3960 1198 4012 τὸν
1215 3961 1436 4029 χιτῶνα
1460 3965 1541 4030 τῷ
1563 3967 1785 4036 αἵματι,

194 4042 571 4110 εἰσήνεγκαν
594 4042 674 4108 τῷ
697 4040 875 4110 πατρί
905 4040 1124 4108 αὐτῶν,
1153 4045 1251 4100 καὶ
1272 4041 1458 4102 εἷπον.
1477 4047 1788 4119 Ἐ’πίγνωθι

193 4129 251 4181 εί
290 4125 478 4196 χιτὼν
506 4124 616 4180 τοῦ
657 4125 794 4180 υίοῦ
831 4126 948 4180 σού
981 4125 1172 4191 ἐστιν,
1218 4127 1258 4195 ἢ
1297 4127 1390 4181 οὔ.
1440 4129 1482 4181 Τ
1487 4129 1505 4182 ί
1539 4132 1786 4187 άπατᾶτε

193 4210 457 4274 ἑαυτοὺς,
486 4203 532 4262 ὦ
570 4207 825 4278 ἀνόητοι;
854 4207 972 4261 Κάν
1004 4209 1111 4280 γὰρ
1140 4209 1232 4263 τὸν
1272 4212 1486 4284 πατέρα
1521 4214 1786 4288 δυνηθῆτε

195 4290 717 4365 παρακρούσασθαι,
761 4291 898 4345 ἀλλά
933 4294 1025 4346 τὸν
1065 4294 1364 4365 ἀκοίμητον
1401 4296 1681 4370 ὀφθαλμὸν
1723 4301 1784 4360 οὐ

193 4376 458 4448 λήσεσθε,
480 4376 540 4428 ὃν
571 4375 806 4446 μάλιστα
832 4375 1048 4429 πάντων
1069 4375 1364 4430 δεδοικέναι
1398 4380 1588 4450 ἐχρῆν.
1627 4383 1788 4440 Ἀλλά

190 4458 445 4514 τοιοῦτον
489 4460 524 4529 ἡ
571 4455 886 4539 ἀνθρωπίνη
935 4456 1116 4526 φύσις,
1151 4458 1352 4528 μᾶλλον
1391 4461 1448 4514 δὲ
1483 4463 1781 4539 τοιοῦτονή

194 4541 450 4616 ῥᾳθυμία
470 4541 578 4594 τῶν
601 4538 829 4594 πολλῶν
861 4540 953 4593 τὸν
978 4540 1130 4610 παρά
1158 4541 1266 4594 τῶν
1293 4541 1596 4614 ἀνθρώπων
1623 4538 1790 4616 φόϐον,

192 4627 298 4679 καὶ
326 4626 429 4696 τὴν
465 4623 670 4676 τούτων
713 4623 976 4694 αἰσχύνην
1016 4621 1167 4695 [590]
1207 4623 1304 4695 τὴν
1344 4627 1481 4696 πρὸς
1512 4628 1574 4681 τὸ
1611 4633 1784 4702 παρὸν

195 4710 368 4778 μόνον
415 4707 542 4777 περὶ
580 4704 776 4758 πολλοῦ
825 4705 1156 4775 ποιούμενοι,
1197 4708 1258 4762 οὐ
1288 4707 1652 4779 λαμϐάνουσιν
1694 4702 1782 4768 ἐν·

190 4807 354 4845 νοιαν
380 4788 473 4841 τοῦ
505 4788 856 4859 δικαστηρίου
889 4788 1099 4841 ἐκείνου
1125 4788 1219 4842 τοῦ
1255 4792 1508 4863 φοϐεροῦ,
1550 4797 1644 4850 καὶ⁵
1681 4799 1782 4867 τῆς

193 4873 477 4934 κολάσεως
495 4871 596 4941 τῆς
617 4873 913 4942 ἀφορήτου,
933 4871 1045 4924 ἀλλ’
1059 4873 1175 4937 ἐνὸς
1197 4874 1358 4943 μόνου
1382 4877 1641 4946 γίνονται,
1665 4881 1785 4946 πῶς

190 4959 300 5029 τὴν
330 4955 482 5025 παρά
509 4956 616 5007 τῶν
649 4955 952 5025 ἀνθρώπων
987 4955 1192 5026 μέμψιν
1229 4957 1510 5028 διαφυγεῖν
1539 4962 1782 5033 δυνηθῶ..

194 5058 308 5095 σιν·
342 5041 370 5093 ὃ
393 5039 456 5110 δὴ
483 5039 578 5092 καὶ
601 5033 743 5092 οὗτοι
765 5037 1085 5107 πεπόνθασι,
1111 5042 1202 5095 καὶ
1226 5043 1317 5096 τὸν
1339 5046 1549 5117 πατέρα
1569 5047 1784 5120 ἀπατᾷν

192 5123 592 5194 ἐπιχειροῦσιν.
646 5120 900 5190 Ἐπέγνω
950 5121 1080 5192 γὰρ,
1131 5125 1284 5196 φησὶ,
1326 5127 1434 5181 τὸν
1477 5129 1698 5198 χιτῶνα
1749 5136 1784 5187 ό

190 5205 420 5272 πατὴρ,
456 5205 552 5258 καὶ
587 5201 736 5258 εἴπεο
761 5203 950 5260 Χιτὼν
971 5206 1077 5260 τοῦ
1099 5209 1231 5263 υἱοῦ
1254 5211 1373 5278 μού
1399 5211 1551 5266 ἐστι·
1576 5215 1790 5282 θηρίον·

191 5288 474 5356 πονηρὸν
514 5286 847 5356 κατέφαγεν
894 5288 1101 5354 αὐτὸν,
1135 5293 1344 5358 θηρίον
1396 5293 1630 5362 ἥρπασε
1675 5300 1789 5352 τόν·

95 5399 98 5402 .
204 5369 449 5439 Ἰωσήφ,
483 5369 596 5423 Καὶ
628 5368 736 5440 γὰρ
767 5369 1004 5441 ἀληθῶς,
1036 5371 1285 5445 καθάπερ
1312 5375 1519 5447 θηρίοις
1549 5396 1786 5449 περιπε-

191 5454 334 5519 σὼν,
365 5453 541 5515 οὕτως
568 5452 811 5522 ἀνηλεῶς
843 5454 1058 5508 ἅπαντα
1093 5457 1371 5527 ὑπέμεινε.
1403 5460 1682 5529 Διέρῤηεε
1717 5465 1787 5518 δὲ

186 5541 268 5592 τὰ
327 5535 528 5602 ἱμάτια
573 5535 782 5600 αὑτοῦ,
823 5537 922 5591 καὶ
971 5537 1214 5594 ἐπέθετο
1263 5541 1497 5597 σάκκον
1531 5547 1634 5598 ἐπὶ
1672 5550 1787 5619 τὴν

187 5619 404 5689 ὀσφὺν
437 5619 644 5683 αὐτοῦ,
671 5619 770 5672 καὶ
799 5619 1034 5702 ἐπένθει
1061 5621 1168 5675 τὸν
1192 5623 1326 5677 υἱὸν
1348 5627 1532 5681 αὐτοῦ
1557 5630 1784 5702 ἡμέρας

187 5718 274 5787 εξο
287 5702 459 5787 λλᾼάς.
481 5702 672 5787 ίῐόσων
698 5702 766 5787 ἀν
792 5697 901 5787 eis}:
922 5697 1068 5758 οὗτοι
1099 5705 1348 5778 δακρύων
1385 5708 1544 5776 ἄξιοι,
1574 5697 1684 5787 οὐ
1703 5697 1784 5771 δτὶ

186 5783 287 5843 τὸν
308 5779 538 5851 ἀδελφὺν
563 5782 676 5845 τοῖς
704 5779 1000 5854 βαρϐάροις
1018 5787 1335 5858 πεπράκασι
1359 5789 1622 5860 μόνονίάλ
1637 5779 1682 5850 >1"
1702 5798 1784 5852 δτι

258 5926 289 5963 ⁸-
305 5930 457 5988 δυὶι.
482 5926 668 5997 ubique
693 5927 855 5978 scribit
889 5929 1110 5996 Ῥουϐείμ

1201 334 1268 392 ΙΝ
1300 335 1452 394 CAP.
1493 335 1759 393 XXXVIII
1789 336 2035 393 GENES.
2080 336 2311 394 HOMIL.
2353 337 2514 393 LXII.

3386 335 3494 397 ειη

1913 451 2006 505 καὶ
2025 451 2118 506 τὸν
2141 451 2355 523 πατέρα
2387 453 2444 505 ἐν
2473 451 2687 522 ἐσχάτῳ
2711 450 2781 523 γή
2791 467 2860 523 ρᾳ
2887 449 3072 504 λοιπόν
3099 449 3228 505 ὄντα
3260 450 3501 516 τοσούτῳ

1911 533 2096 590 πένθει
2116 533 2474 606 περιέϐαλον;
2503 535 2909 604 Συνήχθησαν
2931 535 3018 600 δὲ,
3043 535 3229 606 φησὶν,
3257 533 3376 588 vlo!
3393 538 3493 588 αὑ-

1906 617 2015 672 τοῦ
2060 618 2160 674 καί
2205 621 2264 672 αὶ
2306 617 2626 688 θυγατέρες
2677 617 3094 686 παρακαλέσαι
3140 617 3349 684 αὐτὸν,
3392 619 3492 672 καί

1908 702 2019 754 οὐκ
2057 700 2260 768 ἤθελε,
2315 701 2513 770 λέγων
2551 701 2662 754 ὅτι·
2713 700 3137 771 Καταϐήσομαι
3183 697 3336 768 πρὸς
3385 699 3495 754 τὸν

1908 786 2043 839 υἱόν
2066 803 2188 854 μου
2217 784 2456 839 πενθῶν
2478 787 2566 852 είς
2586 784 2757 852 ᾅδου.

1977 874 2039 921 ε’.
2079 863 2367 938 οἶμαικαὶ
2396 867 2555 922 τοῦτο
2585 868 2800 939 πληγὴν
2827 867 3020 939 ἑτέραν
3059 867 3288 932 ἐκείνοις
3327 883 3493 936 γεγε-

1906 949 2121 1020 νῆσθαι.
2161 949 2380 1022 Ἑώρων
2408 951 2516 1021 7&9
2555 952 2636 1005 ὅτι
2679 951 2775 1005 καὶ
2809 951 2944 1023 πρὸς
2977 950 3069 1004 τὸν
3118 951 3193 1022 μὴ
3224 950 3489 1022 παρόντα,

1909 1032 2111 1104 μᾶλλον
2163 1033 2221 1086 δὲ
2252 1033 2346 1086 καὶ
2383 1034 2739 1106 νομιζόμενον
2786 1035 2893 1088 ὐπὸ
2926 1034 3132 1106 θηρίων
3159 1033 3490 1105 ἀνῃρῆσθαι,

1904 1115 2077 1179 οὕτως
2109 1115 2428 1186 ἀκμάζοντα
2463 1117 2554 1170 τὸν
2586 1117 2748 1172 πόθον
2781 1117 3168 1179 ἐπιδείκνυται,
3201 1117 3295 1170 καὶ
3327 1109 3509 1169 πλέον’

1905 1197 2013 1251 ὐπὸ
2036 1197 2130 1252 τοῦ
2153 1197 2350 1268 φθόνου
2373 1200 2756 1270 κατετήκοντο.
2785 1200 2923 1254 Ἀλλ’
2947 1193 3090 1254 οὗτοι
3115 1200 3212 1270 μὲν
3232 1198 3328 1252 καὶ
3353 1198 3491 1270 πρὸς

1903 1283 1996 1336 τὸν
2043 1281 2272 1353 ἀδελφόν
2317 1284 2414 1338 καὶ
2468 1283 2608 1355 πρὸς
2646 1285 2738 1338 τὸν
2776 1284 2986 1356 πατέρα
3026 1284 3168 1354 ὠμοὶ
3207 1282 3490 1351 γεγονότες

1900 1367 2160 1438 οὐδεμιᾶς
2198 1367 2265 1420 ἂν
2297 1361 2408 1420 εἷεν
2442 1366 2771 1439 συγγνώμης
2802 1368 2961 1432 ἄξιοιο
2992 1369 3041 1420 οί
3074 1367 3132 1419 δὲ
3161 1367 3490 1437 Μαδιηναῖοι

1903 1451 2000 1503 καὶ
2032 1451 2188 1504 αὐτοὶ
2225 1449 2386 1503 πάλιν
2423 1450 2753 1523 ὑπηρετοῦσι
2789 1453 2854 1522 τῇ
2889 1450 2983 1504 τοῦ
3013 1449 3149 1503 Θεοῦ
3187 1447 3488 1519 οἰκονομίᾳ,

1903 1535 1998 1588 καὶ
2036 1534 2198 1588 πάλιν
2237 1533 2578 1588 ἀποδίδονται
2615 1535 2706 1588 τὸν
2757 1533 2954 1605 Ἰωσὴφ
2978 1534 3230 1605 Πετεφρῇ
3273 1532 3351 1602 τῷ
3391 1533 3490 1602 ἀρ-

1901 1618 2210 1689 χιμαγείρῳ
2249 1617 2345 1671 τοῦ
2387 1617 2606 1689 Φαραώ.
2655 1615 2807 1683 Εἶδες
2839 1618 2957 1682 πῶς
2982 1617 3089 1688 ὁδῷ
3121 1619 3263 1672 κατά
3295 1617 3488 1687 μικρὸν

1902 1701 2138 1771 πρόεισι,
2179 1700 2274 1754 καὶ
2301 1701 2390 1754 διὰ
2419 1702 2638 1756 πάντων
2670 1701 2770 1772 τὴν
2803 1700 3011 1756 οἰκείαν
3036 1701 3238 1772 ἀρετὴν
3267 1699 3360 1754 καὶ
3389 1699 3489 1768 τὴν

1902 1782 2180 1854 ὑπομονὴν
2218 1783 2608 1848 ἐπιδείκνυται,
2665 1783 2731 1838 ἵν’
2771 1784 2915 1838 οὕτω
2953 1782 3208 1855 καθάπερ
3248 1781 3490 1854 ἀθλητὴς

1900 1865 2164 1933 γενναίως
2217 1867 2651 1937 ἀγωνισάμενος,
2693 1867 3029 1938 ἀναδήσηται
3066 1867 3173 1936 τῆς
3210 1863 3490 1936 βασιλείας

1899 1948 1992 2002 τὸν
2018 1949 2302 2017 στέφανον,
2327 1951 2422 2004 καὶ
2452 1949 2561 2004 τῶν
2585 1950 2880 2022 ὀνειράτων
2909 1952 2941 2021 ἡ
2970 1950 3195 2012 ἔκϐασις
3221 1951 3301 2012 είς
3327 1948 3490 2019 ἔργον

1900 2031 2213 2099 ἐξελθοῦσα,
2235 2033 2303 2086 δι’
2329 2033 2498 2104 αὐτῆς
2522 2033 2620 2104 τῆς
2642 2033 2838 2105 πείρας
2858 2033 3047 2106 διδάξῃ
3065 2033 3192 2096 τοὺς
3213 2031 3490 2103 πεπρακέ-

1899 2133 2019 2180 τας,
2070 2115 2150 2179 ὡς
2185 2115 2340 2168 οὐδὲν
2389 2117 2573 2180 αὐτοῖς
2619 2115 2810 2184 ὄφελος
2852 2116 3041 2184 γέγονε
3077 2117 3179 2186 τῆς
3219 2113 3489 2183 τοσαύτης

1904 2197 2156 2268 μηχανῆς
2177 2213 2193 2263 ς
2224 2196 2504 2268 Τοσαύτην
2531 2197 2642 2270 γὰρ
2670 2199 2704 2268 ὴ
2734 2197 2903 2270 ἀρετὴ
2927 2198 3041 2269 ἔχει
3077 2197 3177 2270 τὴν
3205 2196 3380 2267 ἰσχὺν,
3409 2195 3485 2260 ὡς

1899 2281 1998 2334 καὶ
2026 2280 2444 2354 πολεμουμένην
2465 2280 2636 2352 αὐτὴν
2665 2281 2980 2352 συμϐαίνειν
3010 2281 3103 2333 ἐπὶ
3137 2279 3299 2332 πλέον
3328 2295 3486 2350 περι-

1901 2365 2240 2434 φανεστέραν
2269 2363 2537 2432 γίνεσθαι.
2559 2363 2725 2418 οὐδὲν
2747 2363 2857 2434 7&9
2884 2363 3089 2434 ταύτης
3115 2363 3484 2435 ἰσχυρότερον,

1898 2447 2054 2500 οὐδὲν
2086 2447 2256 2516 αὐτῆς
2282 2446 2673 2518 δυνατώτερον*
2702 2448 2803 2500 οὐκ
2829 2445 3019 2516 ἐπειδὴ
3052 2445 3191 2515 αὐτὴ
3215 2444 3336 2498 καθ’
3365 2445 3486 2497 ἐαυο

1897 2531 1996 2600 τὴν
2025 2529 2296 2600 τοσαύτην
2339 2529 2452 2600 ἔχει
2494 2529 2591 2601 τὴν
2624 2531 2798 2600 ἰσχὺν,
2833 2529 2947 2583 ἀλλ’
2981 2529 3171 2600 ἐπειδὴ
3214 2531 3242 2582 ὁ
3274 2527 3483 2597 ταύτην

1898 2614 2235 2686 κεκτημένος
2267 2615 2363 2667 καὶ
2406 2614 2506 2684 τῆς
2529 2614 2734 2668 ἀνωθεν
2776 2613 3036 2668 ἀπολαύει
3069 2614 3263 2684 ῥοπῆςο
3299 2613 3398 2683 τῆς
3423 2610 3484 2666 δέ

1898 2699 2104 2754 ἄνωθεν
2138 2696 2426 2752 ἀπολαύων
2449 2698 2644 2768 ῥοπῆς,
2673 2699 2767 2751 καὶ
2797 2697 2897 2768 τῆς
2925 2697 3136 2751 ἐκεῖθεν
3163 2695 3484 2766 ἀξιούμενος

1901 2775 2239 2849 συμμαχίας,
2262 2775 2480 2830 πάντων
2509 2775 2575 2830 ἂν
2602 2775 2686 2846 εἴη
2721 2776 3108 2848 δυνατώτερος,
3142 2777 3237 2830 καὶ
3258 2775 3486 2846 ἀχείρω-

1897 2877 2008 2924 τος,
2041 2860 2136 2912 καὶ
2168 2858 2441 2923 ἀνάλωτος
2469 2859 2568 2912 οὐκ
2602 2857 2906 2931 ἀνθρώπων
2939 2860 3101 2931 μόνον
3142 2858 3480 2922 ἐπιϐουλαῖς,

1898 2943 2036 2998 ἀλλά
2064 2945 2160 2998 καὶ
2180 2947 2300 3007 ταῖς
2332 2943 2440 2996 τῶν
2466 2943 2736 3013 δαιμόνων
2768 2945 3055 3014 μηχαναῖς.
3083 2944 3261 3014 Ὅπερ
3283 2942 3484 3005 ειδότες

1900 3025 1977 3098 μὴ
2044 3025 2336 3096 φεύγωμεν
2381 3025 2442 3077 τὸ
2492 3025 2681 3088 κακῶς
2727 3026 2978 3096 πάσχειν,
3015 3024 3152 3079 ἀλλά
3195 3025 3257 3079 τὸ
3294 3023 3480 3086 κακῶς

1897 3113 2091 3166 ποιεῖν’
2115 3103 2275 3165 τοῦτο
2298 3111 2406 3181 γάρ
2434 3113 2550 3164 ἐστι
2574 3111 2636 3163 τὸ
2665 3110 2850 3174 κακῶς
2868 3111 3120 3182 πάσχειν.
3155 3111 3216 3164 '0
3247 3110 3358 3181 7&9
3389 3109 3483 3161 τὸν

1896 3193 2122 3264 πλησίον
2152 3193 2340 3256 κακῶς
2357 3192 2621 3247 διαθεῖναι
2650 3193 2969 3265 ἐπιχειρῶν,
2997 3196 3205 3247 ἐκεῖνον
3235 3193 3332 3263 μὲν
3358 3191 3480 3250 οὐδὲ

1894 3277 2030 3339 ὅλως
2050 3274 2410 3344 κατέϐλαψενο
2434 3275 2484 3326 εί
2505 3273 2614 3346 γάρ
2641 3275 2892 3347 καὶπρὸς
2918 3276 3095 3345 ὀλίγον
3115 3274 3247 3330 κατέ
3256 3273 3482 3343 ϐλάψεν,

1895 3360 1954 3412 ἐν
1985 3357 2064 3429 τῷ
2085 3357 2316 3429 παρόντι
2342 3356 2500 3410 αἰῶνι
2528 3357 2688 3411 τοῦτο
2726 3359 3045 3429 πεποίηκενο
3082 3356 3262 3428 ἐαυτῷ
3289 3356 3349 3410 δέ
3377 3355 3479 3418 τὰς

1893 3440 2195 3503 ἀθανάτους
2215 3440 2467 3501 κολάσεις
2487 3438 2827 3509 ταμιεύεται,
2850 3441 2944 3494 καὶ
2965 3441 3065 3504 τὰς
3087 3440 3358 3513 τιμωρίας
3377 3439 3478 3500 τὰς

1893 3524 2221 3595 ἀφορήτους,
2252 3521 2318 3586 ἃς
2338 3523 2438 3575 οὐκ
2468 3521 2535 3575 ἂν
2565 3522 2765 3592 ἐτέρως
2785 3523 3068 3592 διαφυγεῖν
3094 3521 3474 3593 δυνηθείημεν,

1892 3608 1943 3660 εί
1997 3606 2071 3678 μὴ
2118 3606 2642 3677 παρασκευάσαιμεν
2685 3607 2911 3670 ἑαυτοὺς
2958 3605 3207 3675 ἐτοίμους
3250 3605 3386 3677 πρὸς
3417 3605 3480 3659 τὸ

1892 3688 2123 3760 πάσχειν
2139 3687 2344 3752 κακῶς,
2367 3690 2482 3750 καὶ,
2516 3688 2656 3743 κατὰ
2681 3687 2780 3760 τὴν
2809 3688 3028 3760 διδαχὴν
3058 3689 3151 3743 τοῦ
3182 3688 3476 3751 Δεσπότου,

1890 3772 2180 3844 εὐχώμεθα
2212 3773 2352 3844 ὑπὲρ
2385 3772 2498 3826 τῶν
2536 3772 2705 3826 ταῦτα
2731 3775 2862 3844 ἡμῖν
2902 3773 3273 3828 διατιθέντων.
3308 3772 3481 3827 Τοῦτο

1889 3857 1996 3927 γάρ
2040 3859 2173 3927 ήμῖν
2220 3856 2390 3910 πολὺν
2424 3857 2746 3928 προξενήσει
2785 3855 2877 3909 τὸν
2919 3856 3132 3927 μισθὸν,
3171 3857 3266 3910 καὶ
3302 3871 3481 3928 παρα·

1892 3938 2146 3992 σκευάσει
2159 3939 2256 4007 τῆς
2282 3937 2392 3990 τῶν
2409 3939 2654 4010 οὐρανῶν
2677 3938 2950 4008 βασιλείας
2966 3939 3280 4011 ἀξιωθῆναι·
3302 3934 3370 4011 ἧς
3389 3939 3480 4008 γέν

1888 4037 2030 4074 νοιτο
2058 4019 2206 4093 [591]
2227 4021 2436 4084 πάντας
2456 4023 2606 4092 ἡμᾶς
2633 4022 2929 4092 ἐπιτυχεῖν,
2958 4024 3142 4094 χάριτι
3163 4025 3259 4078 καὶ
3284 4023 3475 4093 φιλαν-

1888 4103 2105 4176 θρωπίᾳ
2137 4103 2232 4157 τοῦ
2263 4105 2466 4176 Κυρίου
2491 4104 2650 4176 ήμῶν
2683 4106 2855 4176 Ἰησοῦ
2879 4105 3139 4177 Χριστοῦ.
3172 4105 3290 4177 μεθ’
3315 4097 3377 4158 οὗ
3399 4104 3480 4178 τῷ

1883 4188 2078 4259 Πατρὶ,
2117 4187 2236 4257 ἅμα
2268 4188 2348 4259 τῷ
2371 4189 2512 4259 ἁγίῳ
2544 4188 2842 4259 Πνεύματι,
2879 4188 3026 4261 δόξα,
3057 4189 3286 4263 κράτος,
3320 4189 3474 4261 τιμὴ,

1886 4272 1984 4327 νῦν
2014 4273 2110 4326 καὶ
2135 4271 2248 4337 ἀεὶ,
2265 4273 2361 4326 καὶ
2391 4274 2472 4336 είς
2495 4273 2621 4336 τοὺς
2651 4273 2851 4337 αίῶνας
2879 4273 2988 4326 τῶν
3011 4271 3242 4327 αἰώνων.
3281 4275 3335 4326 ’Δ
3345 4275 3472 4344 μήν.

1886 4469 1995 4525 Καὶ
2013 4465 2182 4523 εἶδεν
2213 4469 2432 4541 Ἰούδας
2461 4471 2748 4591 θυγατέρα
2774 4471 3088 4540 ἀνθρώπου
3108 4469 3473 4550 Χαναναίου.

1953 4537 1995 4591 δῖ)
2021 4539 2216 4591 ὄνομα
2242 4542 2428 4591 Σαὺα.
2462 4556 2540 4591 κα
2597 4540 2816 4591 ἐλαϐεν
2844 4541 3058 4591 αὐτὴν.
3089 4540 3190 4591 καὶ
3222 4542 3473 4591 εἰσῆλθε

1953 4537 1995 4607 ᾖ
2021 4539 2216 4609 ὄνομα
2242 4537 2428 4604 Σαὺα,
2462 4537 2563 4592 καὶ
2597 4540 2816 4593 ἐλαϐεν
2844 4537 3058 4606 αυτὴν,
3089 4540 3190 4592 καὶ
3222 4538 3473 4608 εἰσῆλθε

1955 4607 2113 4675 πρὸς
2131 4607 2359 4675 αὐτὴν,
2393 4609 2493 4662 καί
2525 4610 2927 4663 συλλαϐοῦσα
2951 4610 3158 4664 ἔτεκεν
3181 4607 3470 4675 υίὸν,καί

1954 4676 2222 4733 ἐκάλεσε
2246 4678 2313 4732 τὸ
2341 4678 2528 4748 ὄνομα
2557 4677 2744 4734 αὑτοῦ
2777 4681 2900 4746 Ἤρ.

1954 4769 2270 4832 α’.⁹ικανῶς
2288 4771 2436 4840 ἡμᾶς
2467 4767 2659 4841 πρώην
2688 4771 2722 4841 ή
2746 4770 2887 4824 κατὰ
2905 4770 2996 4824 τὸν
3030 4771 3228 4843 Ἰωσὴφ
3257 4770 3470 4843 ἱστορία

1886 4852 2097 4921 ἐδίδαξε
2133 4853 2228 4907 τοῦ
2264 4853 2458 4923 φθόνου
2493 4853 2592 4924 τὴν
2618 4852 2816 4924 λύμην,
2847 4854 2940 4907 καὶ
2972 4855 3120 4918 ὅπως
3143 4855 3204 4908 τὸ
3227 4854 3472 4926 ὀλέθρων

1884 4936 2046 4990 τοῦτο
2089 4937 2262 4998 πάθος
2303 4935 2400 5006 τὴν
2448 4935 2740 4990 τίκτουσαν
2800 4936 2931 4991 αὐτὸ
2977 4937 3155 5009 ψυχὴν
3206 4939 3471 5010 πρότερον

1888 5018 2208 5088 διαφθείρει.
2252 5019 2360 5071 Καὶ
2395 5018 2564 5072 είδετε
2589 5019 2737 5081 ὅπως
2773 5019 2879 5072 ὐπὸ
2913 5020 3106 5074 τούτου
3138 5021 3232 5074 τοῦ
3263 5021 3472 5086 πάθους

1891 5103 2242 5173 συσχεθέντες
2268 5105 2317 5156 οἱ
2337 5102 2558 5172 ἀδελφοὶ
2576 5101 2671 5156 τοῦ
2703 5102 2898 5175 Ἰωσὴφ
2920 5104 3132 5176 καὶτῆς
3153 5104 3471 5173 συγγενείας

1887 5184 2232 5252 ἐπελάθοντο,
2271 5185 2366 5240 καὶ
2415 5185 2619 5256 θηρίων
2661 5185 2869 5257 ἀγρίων
2913 5185 3169 5258 ὠμότητα
3203 5185 3339 5254 πρὸς
3376 5186 3481 5240 τὸν.

1887 5269 2037 5322 οὐδὲν
2063 5267 2362 5339 ἠδικηκότα
2387 5269 2750 5336 ἐπεδείξαντο,
2779 5269 2878 5341 τὴν
2910 5269 3008 5339 μὲν
3038 5269 3247 5322 ἐαυτῶν
3269 5268 3476 5324 κακίαν.

1887 5352 2109 5422 ἔκδηλον
2139 5352 2524 5424 πεποιηκότες,
2555 5353 2645 5406 τὸν
2676 5352 2733 5405 δὲ
2771 5351 2999 5420 ἀδελφὸν
3025 5351 3176 5404 οὐδὲν
3212 5350 3477 5410 τοσοῦτοι

1886 5433 2362 5503 καταϐλάψαντες,
2399 5436 2524 5488 ὅσον
2556 5434 2780 5496 ἑαυτοὺς
2815 5431 3045 5504 αἰσχύνῃ
3091 5433 3476 5504 περιέϐαλλον.

1887 5514 1950 5568 Εἰ
1997 5515 2108 5589 γὰρ
2153 5519 2246 5570 καὶ
2288 5516 2584 5590 βαρϐάροις
2629 5514 2791 5569 αὐτὸν
2839 5516 3180 5585 πεπράκασι,
3226 5519 3468 5572 κάκεῖνοι

1887 5599 2047 5654 πάλιν
2095 5599 2354 5652 ἀπέδοντο
2396 5597 2474 5668 τῷ
2517 5596 2610 5650 τοῦ
2650 5595 2849 5668 Φαραὼ
2896 5598 3299 5671 ἀρχιμαγείρῳ,
3347 5599 3464 5653 ἀλλ’

1887 5682 2040 5752 ὅμως
2071 5681 2256 5752 ἐπειδὴ
2286 5675 2400 5750 εἶχε
2426 5680 2525 5750 τὴν
2558 5679 2764 5733 ἄνωθεν
2793 5679 2942 5749 αὐτῷ
2980 5681 3156 5752 ῥοπὴν
3180 5684 3238 5734 ἐν
3261 5682 3472 5739 ἅπασιν,

1889 5761 2257 5834 ἐπαρκοῦσαν,
2291 5764 2468 5818 πάντα
2502 5761 2678 5832 κοῦφα
2707 5762 2801 5816 καὶ
2830 5762 2987 5833 ῥᾴδια
3013 5763 3162 5833 αὐτῷ
3190 5764 3462 5834 ἐφαίνετο.

1892 5849 1999 5900 Καὶ
2038 5847 2336 5917 ἐϐουλόμην
2370 5847 2468 5918 μὲν
2501 5847 2592 5900 καὶ
2623 5847 2858 5918 σήμερον
2886 5847 2984 5918 τῆς
3016 5847 3190 5918 αὐτῆς
3228 5849 3472 5921 ἱστορίας

1893 5931 2154 6006 ἅψασθαι,
2191 5932 2283 5988 καὶ
2314 5931 2564 5987 ἐντεῦθεν
2595 5931 2723 6002 ὑμῖν
2747 5931 2947 6002 ὐφᾶναι
2977 5931 3074 6006 τὴν
3094 5931 3462 5992 διδασκαλίανε
