3974 6434
296 362 418 417 533

298 474 551 528 volebam
596 471 758 526 etiam
802 470 962 525 hodie
1013 469 1256 525 eamdem
1310 468 1585 522 his10riam
1640 472 1890 526 tractare,

299 561 534 630 indeque
610 560 761 615 vobis
820 569 1108 613 contexere
1184 558 1443 612 doctrina:
1513 569 1814 609 sermnem
1876 571 1887 603 :

298 659 490 703 venit:
536 646 591 700 in
644 644 822 699 medio
872 644 972 697 alia
1017 644 1261 712 quietiam
1312 642 1548 695 narratio
1584 640 1879 708 interiacet,

294 753 463 811 quam
515 751 625 793 non
668 752 878 805 (equum
906 745 988 791 est
1027 750 1127 791 nos
1152 735 1468 804 prmterire;
1506 732 1598 786 sed
1638 747 1770 800 opus
1800 737 1888 784 est

296 840 357 883 ut
396 839 657 898 «mutum
702 828 953 898 possibile
989 838 1070 882 est
1112 835 1523 896 perscrutemur,
1569 832 1624 878 et
1658 824 1739 879 sic
1782 824 1884 876 ite-

292 935 422 973 rm:
466 919 535 974 ad
588 928 963 988 argumentum
1009 918 1229 987 Josepbi
1280 917 1581 972 redeamus.
1630 916 1885 981 Quasnam

297 1013 464 1079 igitur
484 1011 574 1065 illa
600 1026 719 1080 qna:
738 1010 1075 1066 interseritur
1098 1009 1374 1065 narratio?
1397 1010 1488 1063 llla
1516 1009 1584 1062 de
1610 1007 1765 1062 Juda.
1787 1005 1885 1060 llic

290 1103 446 1157 enim
464 1112 682 1171 accepta
702 1103 753 1157 in
776 1117 997 1157 uxorem
1022 1101 1128 1157 ﬁlia
1150 1100 1458 1164 Chananaei,
1485 1098 1619 1155 Sava
1647 1096 1881 1157 nomine,

294 1196 671 1264 suscepisque
702 1211 778 1250 ex
820 1195 913 1250 illa
954 1195 1125 1249 tribus
1154 1194 1301 1258 ﬁliis,
1332 1193 1503 1257 duxit,
1550 1192 1742 1260 inquit,
1776 1188 1884 1259 pri-

294 1286 573 1354 mogenita
612 1301 712 1341 suo
736 1286 813 1341 Er
855 1301 1079 1340 uxorem
1118 1285 1366 1341 Thamar.
1397 1283 1529 1353 Quia
1575 1292 1754 1338 autent
1794 1280 1883 1335 ille

292 1376 471 1432 inultis
494 1384 610 1430 emt
629 1390 820 1431 coram
838 1376 1083 1440 Domino,
1106 1374 1301 1429 occidit
1326 1389 1451 1430 eum
1470 1374 1629 1427 Deus.
1656 1372 1723 1425 Et
1743 1385 1881 1438 pra:-

286 1468 441 1534 ccpit
493 1469 705 1531 Atinati,
748 1478 809 1522 ut
846 1467 1004 1522 ducta
1046 1482 1215 1521 luxore
1256 1465 1439 1521 fratris
1481 1463 1585 1529 sui,
1626 1462 1876 1516 excitaret

292 1571 480 1611 senisu
506 1556 659 1611 fratri
682 1572 803 1614 suo.
844 1558 902 1614 id
928 1558 1072 1614 enim
1100 1558 1185 1612 lex
1210 1556 1387 1625 jussit,
1413 1570 1531 1624 qua:
1556 1553 1707 1619 dicit,
1736 1552 1874 1606 Mor-

293 1657 390 1701 tuo
416 1647 577 1703 [ratre
604 1648 721 1703 sine
744 1648 949 1715 liberis,
990 1648 1151 1703 frater
1171 1648 1331 1702 ducta
1358 1662 1524 1701 uxore
1551 1645 1748 1703 excitet
1788 1659 1878 1701 so—

284 1752 418 1793 meu
456 1736 603 1793 fratri
656 1736 846 1812 (Deut.
895 1738 985 1794 25.
1030 1739 1131 1809 5).
1182 1739 1375 1794 Verum
1422 1746 1478 1792 et
1526 1737 1697 1802 hunc,
1752 1736 1874 1805 quia

270 1830 467 1883 malus
487 1838 623 1895 erat,
646 1831 846 1887 occidit
872 1830 1145 1885 Dominus.
1169 1830 1282 1885 Hoc
1304 1828 1497 1884 ludam
1524 1838 1726 1881 terrore
1754 1842 1875 1895 per-

270 1920 443 1984 culit,
478 1920 745 1976 videntem
771 1920 906 1976 duos
928 1922 1069 1978 ﬁlios
1092 1931 1204 1975 tam
1230 1922 1336 1976 tato
1360 1920 1627 1974 interiisse
1651 1935 1665 1971 :
1695 1927 1749 1975 ct
1783 1934 1876 1970 vo-

284 2013 409 2068 lens
439 2014 670 2068 Thamar
704 2015 991 2082 consolari,
1024 2015 1265 2083 promisit
1315 2029 1374 2067 se
1416 2012 1579 2066 alium
1614 2010 1781 2066 ﬁlium
1825 2010 1873 2065 ei

282 2104 543 2161 daturum
577 2126 591 2161 :
621 2107 714 2163 sed
757 2123 863 2164 non
892 2108 1150 2178 implebat
1176 2106 1462 2173 promissa,
1494 2105 1697 2159 veritus
1722 2118 1792 2159 ne
1818 2113 1874 2157 et

278 2196 407 2259 ipse
440 2196 686 2252 eamdem
731 2213 943 2268 poenam
986 2198 1167 2264 ferret,
1197 2212 1356 2268 quam
1400 2196 1613 2252 fratres.
1654 2195 1873 2250 Talibus

283 2287 730 2354 promissionibus
750 2289 1069 2359 pascebatur
1092 2288 1340 2352 Thamar,
1385 2288 1545 2357 inque
1582 2287 1743 2342 domo
1778 2302 1873 2355 pa»

282 2378 386 2429 tris
412 2378 492 2429 sui
527 2378 766 2439 sedebat.
796 2390 1113 2450 exspectans
1140 2379 1355 2450 quando
1380 2380 1551 2434 soceri
1586 2380 1870 2448 promissio

282 2468 599 2535 impleretur
625 2488 639 2522 :
668 2479 725 2525 et
750 2470 934 2525 videns
965 2471 1154 2525 Judam
1184 2488 1289 2525 non
1322 2471 1459 2524 velle
1497 2471 1718 2539 implere
1750 2484 1868 2537 pro-

276 2563 473 2626 missa,
503 2564 710 2619 interim
741 2577 1018 2621 mansuete
1047 2567 1184 2633 tulit,
1217 2581 1319 2619 non
1346 2565 1615 2620 sustinens
1641 2564 1865 2617 aliormn

272 2655 553 2725 conjugis,
601 2657 696 2713 sed
732 2658 979 2727 amplexa
1022 2658 1353 2723 viduitatem,
1394 2665 1450 2709 et
1494 2666 1702 2724 tempus
1738 2669 1869 2708 con-

276 2762 476 2815 gruum
497 2758 813 2817 exstiectans
832 2767 846 2802 :
865 2749 1148 2804 festinabat
1164 2750 1306 2803 enim
1326 2758 1380 2803 ut
1399 2749 1535 2803 ﬁlios
1562 2754 1867 2817 procrearet

272 2856 346 2893 ex
374 2855 587 2895 socero.
616 2842 687 2895 Et
714 2844 834 2911 quia
866 2842 997 2897 vidit
1036 2858 1249 2897 socrum
1283 2854 1567 2904 mortuam,
1596 2849 1650 2894 et
1673 2839 1863 2895 ludam

279 2932 469 2986 venire
508 2932 563 2985 in
610 2932 848 2987 'Ibauina
880 2935 947 2988 ad
977 2933 1271 2989 tondemlas
1309 2948 1454 2996 oves,
1496 2932 1661 2988 iurari
1702 2930 1867 2986 voluit

276 3023 459 3075 soceri
481 3022 841 3089 amcubitum,
864 3032 925 3077 et
947 3040 1010 3078 ex
1041 3025 1131 3077 illo
1158 3024 1293 3078 ﬁlios
1323 3038 1623 3091 procreare,
1655 3036 1765 3077 non
1788 3023 1859 3077 li-

277 3112 517 3168 bidinem
550 3115 763 3185 explere
794 3116 1192 3185 concupiscens,
1224 3116 1362 3169 absit
1389 3116 1513 3179 hoc,
1556 3114 1656 3167 sed
1685 3128 1753 3168 ne
1784 3113 1864 3166 vi-

276 3200 501 3256 deretur
553 3219 673 3259 esse
718 3205 839 3260 sine
876 3206 1393 3276 nomine:alioquin
1443 3216 1497 3261 et
1532 3205 1864 3274 dispensatio

275 3303 397 3346 erat
431 3293 482 3347 id
513 3297 653 3364 quod
678 3296 859 3362 ﬁebat,
894 3298 1031 3353 unde
1056 3307 1111 3353 et
1149 3314 1310 3367 apere
1344 3298 1609 3367 completa
1648 3307 1773 3352 sunt
1798 3311 1859 3350 ea

274 3401 402 3451 qua:
433 3386 517 3440 illa
546 3387 875 3442 deliberavit.
908 3391 991 3444 14.
1028 3390 1278 3460 Depositis
1307 3391 1461 3455 enim,
1491 3389 1683 3457 inquit,
1714 3388 1864 3442 vesti-

275 3477 376 3530 bus
398 3478 652 3533 viduitatis
696 3497 820 3547 suto,
859 3491 906 3535 et
940 3482 1119 3535 induta
1159 3482 1409 3549 tiret-istm,
1437 3492 1487 3536 et
1527 3492 1706 3535 ornata
1735 3481 1861 3535 sedit

272 3570 419 3636 apud
459 3582 629 3639 portas
660 3571 809 3643 (Cap.
844 3574 955 3643 58).
1000 3574 1197 3632 Deinde
1234 3577 1383 3644 quasi
1432 3589 1692 3630 excusans
1741 3590 1858 3629 eam

276 3661 575 3729 Scriptura,
595 3663 729 3717 dixit
755 3681 769 3715 :
804 3664 938 3719 Vidit
952 3668 1088 3720 enim
1102 3667 1242 3736 quod
1262 3676 1489 3721 creverat
1519 3666 1728 3731 Seiani;
1755 3666 1862 3736 ipse

269 3761 445 3804 autem
490 3771 589 3807 non
631 3756 775 3810 daret
815 3757 980 3826 ipsam
1030 3759 1076 3812 ei
1122 3775 1348 3824 uxorem,
1391 3768 1445 3812 ct
1474 3766 1752 3827 propterea
1792 3756 1859 3811 ad

270 3843 649 3911 deorptionem
678 3846 823 3901 illam
844 3849 1167 3916 properavit.
1196 3848 1359 3902 ludas
1386 3848 1529 3902 enim
1557 3864 1679 3902 cum
1704 3856 1857 3917 puta-

272 3944 362 3989 rct
380 3952 497 3989 eam
522 3952 641 3991 esse
662 3946 899 3993 scortum
934 3940 1223 4011 (velaverat
1250 3939 1390 3993 enim
1420 3939 1503 3991 illa
1535 3938 1746 4001 faciem,
1793 3952 1860 3993 ne

270 4030 699 4097 agnosceretur),
727 4030 812 4083 l6.
858 4028 1070 4083 Dirertit
1099 4031 1165 4082 ad
1190 4046 1320 4082 eam.
1351 4029 1457 4083 Illa
1494 4038 1661 4082 autent
1689 4029 1816 4081 dixit
1840 4044 1858 4080 .-

273 4114 414 4178 Quid
454 4116 577 4167 mihi
607 4116 790 4171 dabis?
817 4117 917 4172 lite
957 4128 1124 4171 autem
1164 4120 1414 4187 pollicitus
1457 4129 1527 4172 est
1554 4120 1756 4171 lardum
1797 4134 1859 4173 ex

267 4205 509 4274 gregibus
551 4224 604 4259 se
643 4209 930 4262 missurum.
979 4210 1065 4263 l7.
1112 4210 1175 4265 At
1216 4210 1322 4263 Itazc
1348 4210 1524 4263 dixit:
1557 4210 1618 4265 Si
1661 4210 1859 4264 dederis

267 4295 630 4365 arrhabonem,
684 4299 841 4353 donec
884 4302 1075 4354 mittas.
1122 4301 1207 4355 18.
1244 4300 1310 4354 Et
1352 4300 1488 4355 dedit
1530 4302 1774 4357 annulum
1810 4312 1856 4353 et

262 4388 550 4454 armillam,
582 4400 629 4443 et
674 4390 929 4455 baculum,
972 4402 1020 4445 et
1049 4393 1251 4445 intravit
1292 4392 1359 4444 ad
1401 4409 1533 4457 eam,
1572 4404 1619 4448 et
1647 4395 1857 4461 gravida

266 4480 411 4549 [acta
441 4491 513 4535 est
541 4498 604 4536 ex
627 4499 708 4537 eo.

347 4571 574 4625 Christus
625 4589 690 4626 ex
742 4575 931 4628 semine
967 4573 1127 4627 Juda.
1151 4604 1222 4613 —-
1246 4574 1431 4629 Nullus
1471 4575 1585 4631 baac
1632 4577 1856 4631 audiens

264 4660 593 4716 condemnet
622 4663 855 4719 Thamar
881 4683 893 4718 :
924 4681 1067 4730 nam,
1097 4672 1156 4719 ut
1184 4664 1315 4732 dixi,
1346 4666 1725 4736 dispensationi
1754 4670 1855 4722 mi-

268 4751 520 4805 nistravit
548 4770 559 4805 :
587 4764 865 4822 prOpterea
908 4770 1080 4824 neque
1120 4755 1280 4808 ullam
1318 4756 1441 4811 inde
1475 4758 1852 4826 reprehensio-

267 4858 397 4896 nem
426 4856 678 4909 nteretur,
710 4863 879 4915 neque
906 4846 1067 4901 Judas
1096 4849 1407 4903 criminibus
1448 4849 1540 4903 fuit
1570 4852 1850 4905 obnoxius.

268 4936 485 4990 Etenim
523 4936 624 4991 hac
655 4938 734 4991 via
766 4938 1080 5007 procedens,
1128 4940 1364 4994 invenies
1410 4956 1476 4994 ex
1512 4943 1694 5009 pueris
1730 4942 1852 4997 inde

265 5027 410 5080 natis
428 5028 696 5083 Christum
717 5031 1006 5084 secundum
1037 5047 1247 5086 carnem
1273 5031 1468 5089 ducere
1495 5049 1679 5103 genus.
1705 5034 1854 5088 Prae-

266 5129 418 5172 terea
447 5119 554 5172 dno
598 5121 681 5174 isti
712 5122 802 5176 lilii
836 5138 932 5193 per
966 5139 1085 5177 cum
1123 5125 1252 5189 uati,
1284 5124 1507 5179 duorum
1538 5127 1849 5193 p0pulorum

265 5213 437 5279 tignra
468 5210 697 5274 fuerunt,
733 5222 783 5265 et
807 5212 1078 5276 prmdictio
1118 5215 1357 5283 quaedam
1387 5216 1507 5269 vitae
1536 5225 1642 5269 tum
1671 5215 1852 5271 iudai—

265 5315 369 5364 eae,
401 5310 511 5358 tum
556 5303 864 5371 spirituails.
911 5303 1014 5359 Sed
1056 5321 1193 5359 nunc
1222 5305 1496 5361 videamus
1530 5316 1647 5376 post
1674 5323 1850 5363 reces-

262 5404 385 5443 sum
406 5389 579 5457 Judze,
613 5393 879 5461 quomodo
909 5408 1076 5462 parvo
1103 5404 1288 5447 exacto
1315 5405 1569 5463 tempore,
1606 5407 1658 5453 ct
1689 5412 1850 5466 opere

264 5481 323 5535 in
355 5494 596 5551 aperttun
622 5485 897 5552 producto,
928 5486 1090 5541 Judas
1119 5490 1461 5557 semetipsum
1503 5490 1845 5557 condemnat,

267 5573 415 5627 illam
454 5590 482 5627 a
507 5576 821 5631 criminibus
844 5577 1100 5633 liberans.
1142 5578 1272 5633 Nam
1305 5589 1581 5649 postquam
1611 5581 1851 5650 implevit

264 5663 502 5719 Thamar
526 5664 668 5735 quod
698 5669 883 5731 voluit,
917 5670 1107 5723 iterum
1133 5680 1334 5723 mutato
1371 5669 1550 5723 habitu
1580 5671 1700 5724 inde
1728 5673 1845 5741 qui-

258 5756 385 5813 dem
418 5759 661 5825 rem“,
688 5770 741 5814 ct
769 5762 907 5817 venit
949 5764 999 5816 in
1034 5762 1247 5818 domum
1279 5778 1448 5819 suam.
1480 5762 1640 5819 Judas
1669 5774 1845 5821 autem

1272 356 1337 410 ΙΝ
1376 356 1526 409 CAP.
1571 350 1855 408 XXXVI“.
1898 344 2137 401 GENES.
2178 345 2405 400 ιιθωι..
2450 344 2606 400 LXII.

3481 350 3578 404 5'5!

2000 457 2131 512 nihil
2160 474 2343 513 eorum
2365 459 2562 522 sciens,
2590 459 2998 527 promissionem
3018 459 3262 530 inquevit
3284 472 3342 516 et
3366 463 3580 520 lucdmn

2004 551 2166 611 misit,
2201 558 2258 605 ut
2282 550 2635 605 arrhabanem
2665 566 2820 604 suum
2854 551 2926 605 illi
2955 549 3135 605 datum
3154 552 3423 621 reciperet
3452 558 3582 606 :sed

2002 656 2260 711 nusquam
2315 640 2529 695 inventa
2570 641 2813 709 muliere,
2866 644 3025 698 rediit
3070 659 3222 714 puer,
3268 645 3576 715 signiﬁcans

1997 730 2147 787 inda:
2186 746 2244 785 se
2270 747 2533 800 nusquam
2566 733 2804 788 invenire
2845 735 3123 789 mulierem
3163 735 3420 804 potuisse.
3445 737 3582 804 Qni-

1995 822 2096 877 bus
2132 822 2445 891 compertis,
2474 824 2639 877 Judas
2666 823 2817 892 dixit,
2858 826 3047 896 inquit,
3088 826 3165 881 Ne
3192 826 3331 883 forte
3368 828 3582 882 damne-

2000 929 2141 977 ntur,
2180 923 2238 968 ut
2268 913 2434 971 habili
2478 915 2690 983 ingrati.
2724 916 2906 984 Neque
2951 918 3092 973 enim
3121 919 3326 974 sciebat
3353 917 3573 973 factum.

1995 1004 2191 1062 Verum
2218 1007 2503 1076 praeteritis
2533 1008 2803 1063 mensibus
2832 1010 3022 1074 tribus,
3050 1018 3109 1064 et
3128 1011 3340 1065 sumina
3373 1012 3575 1065 ventris

1996 1106 2201 1165 parturn
2248 1098 2588 1167 przcdiccnte,
2636 1109 2690 1155 et
2739 1100 2887 1155 nullo
2928 1101 3037 1157 alio
3076 1101 3329 1157 furtivum
3368 1105 3577 1159 sciente

1988 1190 2330 1247 concubitum
2356 1208 2372 1247 :
2397 1192 2485 1246 24.
2517 1191 2902 1257 Αηηιηιίαικηι,
2936 1195 3123 1264 inquit,
3146 1204 3217 1248 est
3242 1192 3413 1262 ludia,
3444 1197 3579 1264 quod

1989 1291 2188 1335 uterum
2221 1293 2409 1353 gereret
2452 1300 2518 1338 ea:
2564 1284 2839 1339 adulterio.
2900 1285 2966 1339 Et
3008 1296 3067 1341 ut
3108 1286 3305 1354 didicit,
3362 1286 3575 1340 Educits

1987 1389 2119 1437 eam,
2148 1374 2332 1443 inquit,
2358 1384 2409 1428 et
2432 1379 2777 1429 rotabat-utar.
2822 1375 3004 1445 Magna
3038 1376 3351 1446 indignatio,
3386 1378 3570 1446 gravis

1989 1478 2166 1531 pruna,
2189 1466 2309 1534 quia
2337 1476 2391 1520 et
2416 1476 2692 1535 peccatum
2720 1467 2920 1536 grande
2954 1482 3077 1523 esse
3103 1468 3400 1523 videbatur.
3432 1468 3567 1535 Quid

1983 1556 2144 1625 igitur
2193 1556 2470 1612 Thamar?
2522 1558 2795 1615 Productis
2840 1558 2908 1613 iis
2952 1574 3073 1627 quae
3112 1560 3166 1613 in
3214 1558 3568 1613 arrhabonem

1985 1647 2149 1701 ludas
2194 1648 2501 1718 reliquerat,
2550 1649 2722 1717 inquit
2747 1667 2759 1702 :
2783 1649 2873 1705 25.
2917 1649 2979 1704 Si
3018 1651 3132 1720 quis
3168 1659 3243 1705 est
3278 1652 3429 1723 cujus
3462 1651 3569 1705 Ita’c

1982 1750 2123 1806 sunt,
2147 1742 2210 1795 ab
2237 1741 2326 1796 illo
2356 1742 2537 1797 ventris
2562 1744 2817 1795 sarcinam
2844 1743 3038 1811 accepi.

2052 1833 2106 1886 2.
2150 1834 2377 1889 Attende
2397 1834 2665 1903 quomodo
2694 1834 2860 1891 silens
2882 1834 2987 1889 ﬁde
3015 1834 3205 1904 dignos
3224 1843 3390 1891 testes
3408 1834 3566 1890 affert

1980 1926 2070 1995 qui
2092 1926 2391 1995 loquantur,
2414 1935 2470 1980 ct
2484 1927 2617 1981 satis
2632 1942 2753 1980 eam
2777 1927 3016 1980 criminis
3037 1926 3307 1981 innoxiam
3337 1927 3562 1982 demon-

1974 2026 2169 2073 strent.
2201 2016 2333 2083 Quia
2366 2017 2510 2072 etiim
2536 2017 2704 2072 tribus
2735 2017 2959 2072 testibus
2984 2018 3193 2088 egebat,
3236 2033 3355 2086 quae
3391 2018 3444 2071 in
3473 2018 3558 2071 tali

1974 2123 2140 2164 musa
2177 2109 2503 2179 arguebatur
2532 2127 2545 2162 :
2578 2110 2777 2167 idcirco
2803 2118 2861 2165 et
2899 2109 3016 2165 haec
3046 2110 3203 2180 quasi
3228 2110 3379 2165 claro
3404 2111 3561 2164 testi-

1972 2202 2159 2257 monio
2172 2200 2321 2267 dato,
2348 2211 2457 2258 tres
2475 2202 2836 2258 arrltabonmn
2856 2207 3064 2272 species
3084 2202 3266 2270 mittit,
3284 2203 3560 2268 amulum,

1972 2292 2256 2354 armillam,
2284 2300 2341 2347 et
2370 2292 2612 2348 baculum
2646 2310 2660 2347 :
2687 2302 2744 2350 et
2770 2294 2913 2349 domi
2944 2293 3139 2349 sedens
3176 2302 3469 2363 taceasque
3507 2294 3558 2347 in

1969 2401 2131 2442 causa
2172 2387 2313 2440 vicit.
2361 2386 2451 2441 26.
2488 2386 2656 2441 ludas
2703 2386 2845 2441 enini
2890 2402 3008 2440 cum
3054 2388 3353 2456 agnovisset,
3386 2387 3513 2440 diuit
3542 2402 3561 2439 :

1970 2476 2263 2545 Iusti/Scala
2287 2488 2361 2531 est
2386 2478 2547 2547 magis
2569 2493 2718 2546 quam
2741 2493 2851 2547 ego,
2878 2485 3143 2545 propterea
3161 2477 3419 2545 quodnon
3440 2477 3557 2529 dedi

1968 2584 2083 2621 eam
2110 2568 2218 2635 ﬁlio
2248 2584 2358 2621 uico
2386 2566 2579 2623 Selom.
2607 2566 2741 2633 Quid
2772 2576 2872 2631 est,
2901 2564 3192 2635 Iusti/itala
3216 2577 3289 2621 est
3317 2569 3427 2636 ipsa
3452 2584 3559 2619 nia-

1969 2657 2068 2728 gis,
2098 2674 2251 2727 quam
2279 2658 2408 2727 ego?
2446 2657 2538 2712 Illa
2564 2657 2800 2727 quidem,
2835 2658 3024 2727 inquit,
3072 2659 3286 2713 innoxia
3327 2669 3427 2723 est,
3456 2675 3555 2728 ego

1967 2758 2150 2803 autem
2193 2748 2456 2816 ncipsum
2505 2749 2843 2815 condemno,
2884 2758 2944 2805 et
2978 2748 3121 2805 nullo
3149 2762 3401 2817 urguente
3445 2767 3556 2805 tue-

1968 2839 2146 2908 ipsum
2178 2839 2383 2908 prodo;
2414 2840 2522 2895 imo
2556 2840 2767 2895 abunde
2790 2854 2880 2894 me
2913 2840 3261 2910 redarguunt,
3289 2856 3406 2909 qua:
3432 2840 3553 2895 data

1963 2938 2091 2983 sunt
2118 2930 2195 2987 illi
2223 2930 2278 2986 in
2304 2930 2681 2987 arrltabonem.
2710 2930 2776 2985 Et
2797 2929 2987 2985 deinde
3013 2932 3206 2985 iterum
3237 2931 3555 2988 Thamarent

1965 3036 2249 3087 excusans,
2278 3022 2447 3077 dicit:
2480 3022 2614 3088 Quia
2638 3038 2745 3077 non
2787 3022 2904 3076 dedi
2929 3039 3039 3075 eam
3069 3022 3241 3077 Selom
3268 3022 3375 3090 [ilia
3422 3038 3549 3074 meo.

1966 3110 2128 3168 Forte
2154 3120 2339 3169 autem
2360 3112 2466 3167 boc
2497 3111 2694 3168 factum
2739 3120 2821 3168 est
2844 3114 2918 3167 ob
2944 3111 3079 3167 hanc
3112 3128 3270 3183 quant
3312 3112 3552 3167 dicturus

1965 3217 2086 3256 sum
2122 3218 2362 3258 causam.
2409 3204 2541 3258 Nam
2582 3204 2707 3271 quia
2736 3204 2903 3259 Judas
2950 3204 3171 3273 putabat
3208 3204 3349 3261 illius
3394 3218 3552 3258 causa

1968 3304 2207 3348 mortuos
2235 3293 2310 3349 Er
2339 3305 2393 3348 ct
2421 3296 2631 3359 Aunan,
2663 3295 2822 3364 idque
2854 3304 3099 3349 metuens
3126 3309 3246 3350 eam
3275 3310 3380 3349 non
3405 3294 3553 3349 dedit

1966 3385 2164 3450 Seium,
2198 3386 2440 3455 quamvis
2483 3387 2532 3439 ei
2558 3385 2911 3455 promisisset,
2940 3395 2998 3439 ut
3031 3384 3313 3441 manifeste
3349 3401 3412 3440 ac
3439 3387 3551 3440 evic

1964 3477 2153 3533 denter
2187 3479 2350 3532 sciret
2390 3479 2556 3548 ipsam
2602 3493 2706 3532 non
2738 3478 2854 3532 istis
2882 3493 3095 3532 causam
3140 3478 3300 3533 fuisse
3335 3478 3544 3543 mortis,

1964 3569 2057 3623 sed
2089 3584 2181 3624 eos
2210 3579 2427 3640 propter
2464 3584 2612 3624 suam
2640 3570 2893 3626 malitiam
2924 3585 3109 3640 pronas
3137 3570 3349 3625 dedisse
3372 3572 3548 3640 (Occi-

1963 3663 2038 3715 dit
2080 3680 2215 3729 eum,
2258 3664 2444 3732 inquit,
2475 3662 2610 3718 Deus
2642 3673 2741 3719 :et
2767 3665 2955 3719 iterum
2978 3705 2993 3731 ,
3028 3665 3221 3717 Occidit
3254 3682 3366 3719 eum
3397 3665 3545 3735 (Gen.

1963 3754 2051 3809 '58.
2097 3755 2150 3808 7.
2186 3755 2334 3825 l0),
2388 3756 2559 3825 inquit
2588 3756 2751 3810 etiam
2801 3755 2869 3812 de
2920 3757 3226 3826 secundo),
3268 3766 3548 3826 prepterea

1965 3847 2178 3915 ignarus
2204 3847 2318 3916 ipse
2348 3863 2467 3901 cum
2492 3863 2629 3901 nuru
2648 3862 2744 3901 sua
2765 3864 2879 3904 rem
2900 3847 3083 3915 habet,
3109 3858 3159 3903 et
3186 3849 3335 3904 clare
3356 3848 3547 3902 didicit

1967 3939 2135 4004 ipsam
2167 3953 2272 3991 non
2305 3938 2356 3990 in
2385 3952 2545 3993 causa
2574 3939 2760 4005 fuisse,
2789 3938 2883 3993 sed
2915 3938 3125 3993 illorum
3170 3939 3423 3993 malitiam
3451 3954 3545 3993 eos

1962 4043 2081 4084 reos
2118 4044 2294 4100 ptume
2337 4029 2527 4085 fecisse
2566 4046 2580 4081 :
2613 4039 2667 4084 et
2701 4029 2979 4085 confessus
3024 4040 3301 4099 peccatum
3346 4044 3541 4095 suum,

1960 4122 2119 4173 etiam
2146 4121 2286 4173 illaut
2314 4136 2343 4175 a
2371 4121 2631 4189 supplicio
2670 4121 2933 4175 liberavit.
2967 4119 3087 4174 Non
3111 4119 3317 4190 adjecit,
3354 4120 3542 4189 inquit,

1960 4220 2013 4263 ut
2030 4220 2349 4281 cognosceret
2377 4227 2506 4275 cam,
2529 4211 2670 4282 quod
2692 4211 2949 4273 declarat,
2974 4225 3145 4280 neque
3166 4211 3396 4280 primum
3422 4225 3542 4265 cum

1959 4318 2021 4356 ea
2062 4319 2175 4359 rem
2204 4304 2511 4359 habiturum
2540 4303 2725 4369 fuisse,
2768 4305 2811 4357 si
2837 4306 3145 4375 agnovisset
3172 4320 3311 4361 eam.
3340 4303 3543 4358 Deinde

1958 4402 2240 4465 postquam
2271 4395 2552 4467 diligenter
2583 4396 2819 4450 narravit
2862 4398 3015 4451 nobis
3053 4395 3230 4449 divina
3273 4394 3541 4463 Scriptura

1958 4484 2327 4554 deceptionem
2378 4502 2533 4555 quam
2581 4486 2777 4539 fecerat
2829 4486 3096 4549 Thamar,
3153 4493 3543 4554 consequenter

1958 4574 2114 4629 docet
2144 4591 2241 4629 nos
2270 4577 2359 4645 qui
2388 4577 2477 4631 ﬁlii
2506 4578 2555 4631 ei
2590 4576 2697 4631 sint
2735 4577 2862 4629 nati.
2888 4576 2975 4628 27.
3005 4574 3321 4629 Factumest
3348 4585 3539 4638 autem,

1958 4662 2147 4732 inquit,
2175 4681 2288 4719 cum
2314 4675 2527 4735 pareret,
2549 4674 2689 4717 erant
2708 4664 2906 4734 θειοιείιί
2932 4667 2983 4717 in
3006 4673 3172 4718 ventre
3194 4665 3303 4732 ejus
3323 4678 3341 4717 :
3358 4663 3446 4717 28.
3476 4663 3540 4715 Et

1956 4773 2068 4810 cum
2094 4766 2309 4826 pareret,
2332 4772 2463 4809 unus
2487 4756 2739 4824 protendit
2771 4772 2975 4808 manum
3002 4770 3022 4808 :
3050 4756 3414 4827 apprehensum
3443 4772 3540 4807 uu-

1958 4856 2055 4900 tem
2104 4846 2344 4901 obstetrix
2385 4848 2586 4899 coccino
2632 4846 2825 4916 ligavit,
2880 4847 3091 4900 dicens:
3123 4846 3223 4899 llic
3264 4850 3541 4917 egredietur

1958 4939 2168 5007 primus.
2214 4937 2347 4991 Vide
2387 4938 2492 5003 hic,
2539 4938 2781 5002 obsecro,
2821 4948 3213 4993 sacramentum
3261 4949 3315 4993 et
3345 4940 3539 5009 praedi-

1955 5033 2185 5086 ctionem
2224 5032 2544 5085 futurorum.
2576 5030 2707 5085 Nam
2750 5040 3027 5103 postquam
3070 5032 3251 5102 ligavit
3278 5032 3534 5085 obstetrix

1957 5139 2169 5177 manum
2223 5123 2462 5189 carcino,
2517 5123 2588 5175 ita
2639 5131 2695 5176 ut
2748 5124 2997 5193 cognosci
3042 5133 3220 5191 posset
3273 5123 3531 5186 exiturus,

1957 5227 2080 5270 tunc
2105 5217 2192 5271 29.
2238 5217 2466 5269 Retraxit
2500 5232 2724 5279 manum,
2757 5228 2805 5269 et
2849 5217 2968 5269 exiit
2994 5220 3154 5287 frater
3183 5218 3308 5285 ejus.
3338 5216 3531 5281 Cessit,

1956 5308 2140 5378 inquit,
2172 5308 2339 5373 fratri,
2386 5316 2442 5362 ut
2486 5308 2629 5376 prior
2654 5308 3018 5378 egrederetur,
3048 5317 3104 5360 et
3141 5306 3228 5375 qui
3270 5306 3532 5373 posterior

1956 5398 2251 5466 putabatur,
2299 5398 2445 5467 prior
2489 5398 2635 5463 exiit,
2683 5404 2737 5451 et
2782 5396 2867 5465 qui
2921 5396 3065 5463 prior
3109 5395 3533 5461 existimabatur,

1952 5489 2215 5556 posterior
2239 5503 2484 5558 egressus
2525 5498 2625 5541 est.
2662 5486 2724 5540 Et
2753 5487 2881 5540 dixit
2920 5486 3203 5540 obstetrix:
3238 5488 3406 5553 Quare
3446 5488 3532 5540 tli-

1952 5581 2054 5632 visa
2076 5591 2147 5633 est
2171 5588 2373 5648 praptcr
2400 5589 2445 5631 te
2468 5594 2606 5648 sepes
2628 5577 2652 5629 ?
2678 5578 2744 5629 Et
2771 5578 2956 5631 vocavit
2981 5594 3158 5632 nomen
3181 5580 3287 5650 ejus
3309 5576 3505 5631 Phares

1955 5671 2331 5725 Dissectioncm
2361 5669 2503 5722 enim
2542 5676 2596 5722 ct
2627 5668 2773 5738 quasi
2815 5669 3150 5737 partitionem
3193 5672 3295 5724 hoc
3330 5684 3523 5723 notnen

1951 5763 2231 5832 significat.
2279 5759 2367 5815 50.
2422 5758 2487 5813 Et
2517 5769 2625 5829 post
2674 5761 2804 5814 hunc
2847 5777 3069 5832 egressus
3101 5772 3171 5816 est
3200 5762 3359 5831 frater
3380 5761 3516 5829 ejus,
