3974 6462
463 333 569 392 $35

462 451 554 521 qui
577 452 779 522 signum
820 453 878 508 in
910 466 1065 508 manu
1097 452 1300 507 destera
1333 461 1618 524 acceperat,
1660 463 1708 507 et
1735 455 1930 510 vocarit
1963 469 2060 506 no-

469 558 586 597 men
615 544 726 614 ejus
752 541 912 608 lora,
944 544 1085 616 quod
1112 546 1492 614 interpretatur
1510 545 1702 602 Oriens
1724 544 1822 619 (a).

539 632 678 690 Zara
703 637 871 708 ﬁgura
891 635 1157 692 Ecclesia.
1186 637 1294 692 Le:
1321 648 1525 709 peccata
1553 638 1882 692 demonstrat.
1905 667 1976 678 —
1995 636 2066 692 Et

467 726 610 796 quod
638 741 742 782 non
771 735 972 782 temere
1005 737 1060 782 et
1085 729 1287 799 absque
1311 746 1471 784 causa
1503 729 1619 784 hasc
1645 728 1778 784 facta
1809 730 1937 793 sint,
1969 727 2064 783 Sed

471 823 638 889 ﬁgura
677 821 972 873 futurorum
1020 819 1241 887 fuerint,
1284 824 1429 893 resil
1452 835 1526 876 sa:
1554 821 1850 876 declarant.
1881 819 2066 890 Neque

470 913 613 966 enim
659 911 956 966 secundum
1000 921 1205 968 naturae
1261 911 1505 967 ordinem
1559 912 1664 968 hoc
1708 910 1908 968 factum
1959 919 2063 966 est.

470 1006 753 1072 ρυοηιοιιο
772 1007 915 1061 enim
946 1014 1064 1061 erat
1091 1005 1364 1076 possibile,
1396 1014 1452 1060 ut
1474 1014 1760 1076 postquam
1787 1018 1976 1059 manus
2003 1004 2070 1060 li-

473 1111 596 1168 gata
621 1095 720 1151 fuit
744 1099 990 1164 coccino,
1017 1099 1132 1166 ipsa
1161 1099 1352 1152 iterum
1376 1097 1811 1164 contraheretur,
1838 1107 1892 1152 et
1915 1097 2070 1152 daret

472 1190 757 1258 posteriori
799 1190 1105 1255 transitum,
1134 1189 1237 1244 nisi
1270 1189 1450 1244 divina
1479 1189 1726 1260 quasdam
1759 1191 1926 1243 virtus
1954 1188 2070 1243 haec

477 1280 626 1350 prius
650 1280 1038 1351 dispensasset,
1067 1291 1124 1335 et
1159 1281 1300 1335 sicut
1327 1280 1382 1335 in
1411 1281 1598 1335 umbra
1625 1281 1854 1350 quadam
1883 1280 2069 1349 praeli-

475 1382 740 1441 gornsset,
771 1372 911 1443 quod
937 1372 1118 1427 statim
1143 1372 1214 1426 ab
1243 1372 1392 1426 initio
1415 1371 1570 1438 Zara,
1601 1371 1742 1441 quod
1770 1380 1853 1426 est
1879 1370 2073 1425 Oriens

478 1466 591 1538 (hic
615 1466 760 1521 enim
792 1465 960 1536 figura
1003 1473 1119 1519 erat
1161 1464 1464 1532 Ecclesiae),
1492 1473 1838 1534 prospectare
1865 1463 2026 1531 capit
2055 1479 2070 1516 :

479 1573 589 1626 quo
612 1557 881 1626 paulisper
918 1556 1266 1626 procedente,
1298 1571 1361 1608 ac
1389 1571 1512 1610 mox
1563 1553 1960 1620 retrocedente,
1993 1554 2072 1608 le-

480 1649 618 1718 galis
652 1650 956 1712 observatio
1008 1663 1108 1721 per
1142 1649 1344 1705 Phares
1381 1649 1675 1719 signiﬁcata
1719 1647 2066 1714 subintravit,

481 1757 603 1812 quze
650 1752 931 1811 postquam
975 1741 1066 1796 diu
1113 1755 1336 1811 regnum
1378 1741 1658 1806 tenuisset,
1706 1754 1774 1795 eo
1813 1739 1901 1810 qui
1929 1738 2075 1810 prius

479 1842 742 1899 cesserat,
793 1831 928 1886 Zara
975 1831 1242 1899 videlicet,
1290 1845 1478 1886 rursus
1521 1829 1868 1901 procedente,
1915 1830 2078 1885 cessit

483 1922 738 1978 Ecclesia:
768 1923 940 1977 ouinis
967 1921 1186 1978 Iudaica
1217 1922 1591 1978 consuetudo?
1619 1922 1725 1978 Sed
1770 1921 1909 1978 forte
1934 1935 2079 1977 nunc

481 2013 641 2068 fuerit
671 2014 1033 2072 necessarium
1086 2013 1226 2068 idem
1271 2015 1488 2069 brevius
1526 2021 1582 2070 et
1630 2013 1828 2069 clarius
1873 2013 2075 2068 dicere.

483 2104 742 2172 Fuerunt,
797 2106 937 2160 sicut
986 2104 1122 2159 Zara
1169 2107 1258 2176 qui
1310 2121 1526 2160 manum
1575 2105 1814 2174 protulit,
1865 2103 1981 2160 Noe
2025 2111 2083 2159 et

484 2195 781 2262 Abraham,
813 2196 922 2251 imo
958 2208 1085 2251 alue
1113 2194 1226 2252 Noe
1254 2197 1388 2252 Abel
1429 2204 1486 2250 et
1510 2196 1718 2262 Enoch,
1747 2196 1942 2265 quibus
1967 2211 2083 2250 ma-

486 2303 651 2357 gnum
691 2287 928 2343 studium
961 2287 1060 2344 fuit
1109 2297 1167 2344 ut
1209 2289 1482 2358 placerent
1521 2287 1656 2344 Deo.
1686 2287 1889 2343 Deinde
1930 2297 2080 2358 post-

484 2396 646 2450 quam
677 2381 729 2434 in
760 2381 961 2437 multos
1003 2377 1300 2453 propagati,
1341 2382 1504 2437 multa
1545 2391 1883 2452 peccatorum
1914 2396 2077 2438 onera

484 2472 841 2543 collegerunt,
871 2489 1006 2544 opus
1040 2482 1218 2529 autem
1245 2483 1360 2528 erat
1392 2484 1448 2528 ut
1475 2473 1558 2528 vel
1595 2487 1812 2542 parvam
1851 2473 2080 2545 aliquam

484 2565 904 2620 consolationem
948 2565 1212 2621 haberent
1239 2582 1252 2620 :
1279 2565 1402 2620 data
1445 2575 1528 2620 est
1569 2567 1654 2620 lex
1679 2575 1737 2620 ut
1764 2565 1950 2620 umbra
1985 2565 2084 2620 ali-

485 2675 612 2728 qua,
664 2675 772 2713 non
816 2667 1037 2730 peccata
1083 2658 1296 2724 tollens,
1337 2656 1432 2711 sed
1475 2673 1539 2712 ea
1587 2657 1983 2722 demonstrans,
2029 2665 2085 2711 et

485 2751 767 2806 manifesta
792 2751 872 2806 eis
897 2749 1117 2816 faciens,
1151 2759 1210 2804 ut
1248 2757 1520 2819 tamquam
1550 2746 1846 2817 imperfecti
1875 2746 1968 2801 lilii
1994 2747 2084 2816 qui

488 2845 626 2897 lacte
657 2851 967 2911 pascuntur,
996 2839 1306 2895 adolescere
1339 2847 1578 2910 possent.
1609 2838 1809 2894 Verum
1841 2839 1964 2908 quia
1990 2853 2086 2893 ne-

487 2946 597 3006 que
618 2932 722 2992 hoc
747 2931 834 2990 his
865 2931 1081 3006 proluit,
1108 2931 1226 3002 sed,
1256 2931 1340 2990 vel
1368 2931 1486 3006 lege
1507 2940 1846 2997 peccatorum
1876 2931 2087 3000 magni-

489 3030 729 3090 tudinem
781 3038 1134 3094 monstrante,
1185 3027 1282 3098 ipsi
1340 3029 1536 3083 iterum
1584 3025 1774 3082 iisdem
1829 3018 2087 3097 inquinati

489 3131 638 3188 sunt,
671 3121 966 3184 adveniens
995 3121 1294 3175 communis
1323 3119 1578 3173 Dominus
1600 3127 1806 3184 noster,
1833 3117 2088 3187 spiritua-

494 3216 603 3270 lem
639 3214 780 3274 hanc
819 3222 874 3268 et
903 3213 1186 3270 virtutibus
1212 3212 1414 3267 claram
1456 3212 1613 3265 vitam
1647 3209 1884 3264 humano
1903 3207 2086 3279 generi

489 3306 713 3378 largitus
739 3315 842 3373 est,
875 3307 1029 3375 cujus
1059 3306 1280 3378 ﬁguram
1317 3302 1450 3363 Zara
1482 3302 1756 3374 implebat.
1790 3301 1858 3356 Et
1887 3301 2088 3356 idcirco

489 3401 813 3471 evangelista
839 3398 1000 3459 etiam
1041 3396 1286 3452 meminit
1308 3394 1562 3461 Thamar,
1593 3403 1649 3448 et
1677 3408 1863 3448 eormn
1893 3391 1985 3462 qui
2021 3405 2087 3444 ex

490 3492 578 3546 illa
607 3493 717 3554 uati
759 3500 904 3557 sunt,
936 3500 993 3546 et
1015 3489 1184 3548 dicit:
1212 3489 1379 3544 Iudas
1416 3497 1584 3541 autem
1608 3485 1782 3556 genuit
1814 3481 2012 3537 Phares
2040 3491 2086 3536 et

489 3583 680 3645 Harant
707 3583 771 3636 de
797 3581 1025 3642 Thamar
1043 3580 1256 3651 (Matth.
1291 3580 1342 3634 i.
1371 3578 1452 3650 5).

566 3675 620 3728 ὅ.
659 3673 740 3728 Ne
764 3673 923 3742 igitur
947 3683 1148 3727 temere
1173 3680 1556 3742 pnetereamus
1585 3683 1649 3724 ea
1672 3682 1792 3738 qua:
1812 3667 1867 3720 in
1886 3665 2090 3721 divinis

491 3765 786 3834 Scripturis
808 3774 932 3818 sunt
961 3763 1192 3834 prodita,
1222 3775 1397 3832 neque
1421 3777 1487 3816 ea
1512 3776 1632 3831 qua:
1658 3759 1911 3814 dicuntur
1932 3772 1962 3809 a
1998 3772 2091 3811 su-

494 3857 714 3929 perﬁcie
734 3857 1064 3924 salutemus;
1091 3857 1186 3912 sed
1211 3855 1437 3926 ingressi
1458 3855 1525 3909 ad
1549 3855 1720 3924 ipsum
1745 3849 2088 3922 profundum,

493 3965 617 4012 cum
645 3949 861 4010 divitias
889 3966 1009 4021 qua:
1037 3949 1108 4004 ibi
1139 3950 1306 4004 latent
1329 3946 1698 4012 didicerimus,
1728 3944 2092 4016 glorilicemus

495 4042 781 4097 Dominum
811 4052 1072 4107 nostrum,
1099 4041 1189 4112 qui
1214 4056 1337 4096 cum
1366 4049 1510 4094 tanta
1537 4038 1796 4109 sapientia
1817 4035 2094 4106 dispensat

494 4133 696 4193 omnia.
713 4131 847 4188 Nam
869 4135 914 4187 si
945 4133 1272 4188 noluerimus
1293 4143 1528 4191 mentem
1543 4143 1596 4186 et
1617 4145 1834 4186 causam
1849 4133 2090 4186 omnium

495 4241 618 4305 qua:
649 4223 782 4286 facta
827 4235 952 4278 sunt
997 4225 1301 4294 exquirere,
1350 4239 1458 4278 non
1495 4223 1671 4278 solum
1712 4222 1851 4277 hanc
1890 4223 2091 4279 conde-

495 4317 822 4385 mnabimus,
841 4317 982 4387 quod
1013 4332 1134 4371 cum
1161 4331 1353 4372 socero
1379 4332 1478 4372 suo
1513 4315 1880 4386 concubuerit,
1912 4316 2006 4372 sed
2036 4325 2093 4371 et

495 4413 770 4476 Abraham
819 4410 1298 4482 reprehendemus,
1334 4420 1394 4465 ut
1420 4410 1750 4482 puericidam
1793 4410 1974 4464 animo
2015 4409 2096 4464 ia-

497 4519 668 4572 ctum,
697 4516 752 4562 et
791 4505 1051 4567 Pbineem
1078 4515 1137 4560 ut
1166 4504 1366 4576 gemini
1409 4503 1571 4559 simul
1611 4502 1884 4558 homicidii
1916 4518 2090 4558 reum.

497 4600 591 4656 Sin
621 4608 798 4663 autem
831 4601 1251 4671 uniuscujusque
1275 4612 1494 4654 causam
1521 4597 1808 4667 diligenter
1833 4595 2090 4651 didiceri-

496 4705 639 4757 mus,
683 4703 738 4749 et
766 4691 886 4748 illos
911 4707 944 4752 a
972 4677 1198 4756 crimine
1233 4690 1604 4752 liberabimus,
1629 4700 1686 4745 et
1725 4703 1824 4744 nos
1868 4688 2092 4743 multam

497 4785 623 4844 inde
660 4785 941 4844 utilitatem
990 4787 1364 4866 percipietnus.
1405 4785 1670 4841 Caeterum
1720 4797 1820 4838 nos
1854 4799 1975 4852 qua;
2025 4782 2093 4837 ad

495 4874 779 4940 historiam
803 4879 940 4930 hanc
963 4877 1212 4944 attinent,
1241 4893 1340 4947 pro
1369 4877 1502 4934 virili
1533 4886 1715 4936 nostra
1744 4875 2095 4947 pertractavi-

497 4984 617 5028 mus
643 4966 851 5034 caritati
883 4977 1093 5022 vestrae.

571 5057 852 5122 Historiam
874 5057 1091 5134 Iosephi
1119 5076 1330 5114 narrare
1364 5063 1558 5134 pergit;
1583 5062 1749 5133 ipsum
1773 5062 1941 5134 gratia
1965 5078 2088 5116 con-

496 5153 640 5215 tinuo
665 5152 903 5223 adjutam
933 5153 1169 5208 ostendit.
1194 5183 1264 5193 —
1289 5154 1441 5221 Quod
1467 5157 1512 5209 si
1541 5161 1660 5210 'non
1695 5155 2010 5229 fatigamini,
2039 5166 2094 5212 et

498 5247 798 5315 volueritis,
829 5249 990 5303 etiam
1017 5248 1296 5322 sequentia
1342 5249 1687 5318 attingemus,
1717 5258 1772 5304 et
1798 5249 1990 5304 iterum
2023 5247 2089 5302 ad

499 5339 863 5401 narrationem
886 5339 1217 5402 admirabilis
1239 5337 1458 5407 Iosephi
1498 5341 1794 5405 veniemus,
1830 5350 1886 5393 ut
1927 5339 2096 5394 disca-

497 5441 573 5490 tts.
595 5446 658 5486 ex
693 5431 901 5501 iisquae
932 5431 1092 5496 hodie
1127 5434 1268 5490 dicta
1313 5443 1458 5499 sunt,
1503 5447 1625 5504 quae
1662 5449 1958 5504 generosus
2002 5431 2093 5488 ille

496 5522 717 5587 athleta,
750 5533 873 5600 post
910 5525 1118 5590 somnia
1150 5527 1237 5592 illa
1270 5542 1494 5597 regnum
1525 5536 1579 5582 et
1611 5526 1965 5598 principatum
1987 5527 2094 5582 fra—

501 5623 640 5675 trum
667 5617 769 5672 sibi
802 5618 1188 5695 promittentis,
1221 5621 1557 5689 sustinuerit,
1589 5633 1644 5677 et
1667 5621 1938 5694 quomodo
1964 5638 2088 5679 cer-

560 5789 641 5865 (α)
665 5793 771 5854 Vat
794 5795 1030 5856 Hebr-nica
1054 5805 1131 5854 est
1149 5802 1270 5866 ππ,
1289 5798 1378 5850 sed
1403 5797 1686 5868 fequentius

1199 334 1266 392 'S.
1306 336 1585 393 IOANNIS
1619 331 2095 394 CIIRYSOSTOMI
2144 336 2457 393 ARCHIEP.
2481 334 3015 396 CONSTANTINOP.
3633 344 3723 400 556

2174 451 2460 507 taminibus
2485 453 2782 508 certamina
2803 493 2820 512 .
2859 454 3245 511 tentationibus
3285 457 3596 512 tentationes
3631 473 3731 513 suc-

2170 542 2459 608 cesserint;
2489 544 2556 598 ita
2585 552 2643 598 ut
2671 543 3131 600 increbrescerent
3156 543 3435 615 naufragia
3455 587 3470 613 ,
3502 563 3594 602 nec
3623 550 3734 605 sub-

2174 645 2508 706 mergeretur
2546 636 2874 706 gubernator
2900 654 2914 690 :
2939 645 2993 691 et
3036 651 3157 690 eum
3204 635 3436 692 validior
3475 637 3737 710 insurgeret

2174 734 2484 796 tempestas,
2503 728 2655 797 quasi
2681 727 2746 782 ad
2775 729 3132 799 gubernacula
3158 729 3382 797 sedens,
3411 732 3580 784 navim
3610 748 3736 802 rege.-

2172 826 2273 873 ret.
2302 817 2344 872 Ε
2373 833 2432 873 re
2454 828 2630 872 autem
2662 820 2996 876 fueritverba
3019 822 3128 890 ipsa
3152 821 3378 888 audire,
3407 832 3464 876 ut
3485 822 3737 894 diligenter

2174 909 2353 962 omnia
2383 909 2590 964 discere
2617 911 2903 980 possimus.
2937 913 2989 966 l.
3012 910 3208 983 Ioseph
3233 921 3407 967 autem
3431 911 3660 968 deductus
3681 926 3739 968 (vt

2173 1001 2228 1053 in
2255 999 2563 1073 Egyptian,
2605 1012 2652 1058 et
2688 1005 2807 1057 emit
2849 1020 2964 1058 eum
2989 1005 3364 1078 archimagirus
3399 1004 3668 1060 Pharaonis
3688 1013 3740 1060 de

2177 1107 2332 1145 manu
2366 1090 2743 1147 Ismaetitarum
2773 1092 2960 1165 (Caput
2988 1095 3104 1166 59).
3151 1095 3361 1152 Deinde
3397 1106 3656 1168 postquam
3680 1098 3739 1152 illi

2177 1184 2416 1240 moribus
2452 1185 2684 1250 barbari,
2711 1186 2801 1256 qui
2830 1202 2860 1239 a
2884 1188 3136 1243 fratribus
3156 1203 3284 1242 eum
3320 1196 3574 1252 emerant,
3602 1187 3740 1260 Egy-

2180 1279 2292 1347 ptio
2317 1278 2678 1350 archimagiro
2722 1279 3037 1348 Pharaonis,
3067 1281 3445 1347 vendiderunt,
3472 1282 3638 1337 varios
3658 1282 3740 1336 do-

2181 1368 2355 1422 minos
2381 1371 2604 1424 sortitus
2623 1379 2706 1425 est
2735 1370 2848 1436 ille,
2879 1371 2970 1442 qui
3001 1371 3140 1426 inter
3161 1372 3319 1426 ulnas
3340 1374 3502 1442 patris
3521 1372 3740 1428 educatus

2181 1460 2356 1516 fuerat
2376 1477 2389 1515 :
2415 1471 2472 1516 ut
2497 1476 2565 1517 ne
2581 1461 2908 1518 admiremur
2921 1463 3192 1533 quomodo
3208 1465 3391 1520 tulerit
3407 1480 3608 1534 gravem
3625 1464 3740 1518 illam

2179 1555 2489 1612 servitutem
2505 1555 2818 1611 adolescens
2833 1598 2848 1623 ,
2865 1565 2920 1610 et
2933 1556 3152 1611 omnino
3171 1556 3323 1612 durae
3341 1555 3626 1627 hujusmodi
3642 1556 3741 1609 vitae

2180 1647 2510 1717 inexpertus,
2543 1646 2796 1717 domique
2811 1662 2999 1718 magna
3019 1647 3186 1717 patris
3203 1647 3566 1704 benevolentia
3581 1649 3743 1702 enutri-

2184 1745 2272 1793 tus
2289 1753 2303 1793 ε
2325 1736 2560 1792 subdidit
2575 1737 2849 1807 Scriptura
2866 1738 3051 1794 dicens
3067 1758 3081 1794 :
3096 1739 3153 1794 2.
3180 1738 3248 1793 Et
3271 1750 3380 1794 erat
3401 1739 3634 1796 Dominus
3646 1756 3738 1793 cum

2180 1828 2396 1901 Ioseph,
2410 1840 2456 1884 et
2467 1839 2574 1885 erat
2593 1830 2669 1884 vir
2686 1846 2952 1899 assequens
2984 1828 3081 1904 (a).
3103 1832 3245 1900 Quid
3263 1839 3367 1898 est,
3390 1831 3514 1885 Erat
3535 1830 3742 1886 Dominus

2185 1939 2300 1976 cum
2313 1921 2507 1992 Ioseph
2523 1921 2551 1976 .9
2561 1921 2926 1978 Comitabatur
2942 1937 3088 1988 eum,
3107 1922 3303 1992 inquit,
3328 1922 3502 1977 divina
3516 1922 3681 1992 gratia,
3699 1929 3742 1976 c‘.

2183 2014 2439 2070 reddebat
2455 2015 2504 2069 ei
2525 2013 2694 2069 facilia
2713 2014 2889 2070 omnia
2907 2029 3027 2084 qua:
3038 2017 3221 2085 gravia
3241 2025 3414 2070 erant.
3436 2015 3552 2069 lla-0
3565 2013 3742 2082 dispen-

2184 2107 2337 2163 sabat
2377 2122 2564 2163 omnes
2581 2108 2695 2178 ejus
2713 2122 2820 2174 res,
2840 2106 2956 2162 hate
2967 2108 3365 2163 mansuetiores
3382 2108 3431 2162 ei
3445 2106 3654 2162 reddidit
3665 2123 3740 2161 nec

2186 2200 2498 2269 gotiatores,
2522 2209 2577 2255 et
2598 2199 2833 2255 vendere
2847 2199 3210 2270 archimagiro
3228 2201 3425 2271 coegit,
3454 2208 3512 2254 ut
3530 2198 3739 2269 paulatim

2187 2290 2288 2346 hac
2315 2292 2398 2346 via
2428 2291 2746 2362 procedens,
2770 2301 2824 2346 et
2849 2306 2946 2362 per
2975 2293 3304 2347 tentationes
3325 2292 3441 2346 illas
3459 2291 3657 2356 vadens,
3683 2290 3733 2344 ad

2186 2385 2393 2456 regium
2424 2385 2616 2440 solium
2655 2384 2946 2441 ascendere
2977 2385 3199 2440 valeret.
3233 2384 3432 2440 Verum
3462 2394 3534 2450 tu,
3560 2383 3737 2442 dilecte,

2187 2475 2413 2532 audiens
2440 2491 2564 2532 eum
2606 2476 2923 2531 sustinuisse
2965 2475 3280 2531 servitutem
3326 2473 3462 2546 apud
3490 2473 3739 2545 negotiato-

2193 2583 2302 2634 res,
2349 2567 2546 2622 deinde
2598 2568 2887 2622 servivisse
2929 2567 3071 2638 apud
3123 2566 3554 2637 archimagirum,
3599 2563 3740 2634 cogita

2187 2660 2458 2730 quomodo
2486 2675 2592 2715 non
2623 2660 2866 2716 turbatus
2903 2661 2992 2726 sit,
3041 2675 3218 2729 neque
3256 2658 3575 2730 cogitaverit,
3602 2671 3738 2726 neque

2190 2750 2513 2806 haesitaverit
2554 2766 2738 2806 secum
2777 2751 3001 2805 dicens:
3031 2750 3163 2819 Quae
3203 2751 3529 2806 somniorum
3565 2748 3738 2803 illurull

2189 2842 2455 2912 deceptio,
2511 2858 2630 2913 qua:
2679 2852 2879 2897 tantam
2922 2842 3146 2913 gloriam
3203 2842 3584 2916 pollicebatur?
3631 2839 3739 2900 Ecce

2189 2933 2334 2989 enim
2365 2943 2486 3004 post
2511 2934 2720 2990 somnia
2755 2934 2844 2992 illa
2868 2934 3119 3006 servitus,
3152 2949 3210 2997 et
3235 2942 3464 2997 servitus
3483 2939 3661 3011 gravis.
3689 2951 3736 2990 ac

2189 3024 2395 3086 domini
2447 3029 2615 3086 varii:
2645 3031 2714 3086 ab
2759 3031 2861 3087 hoc
2901 3041 3114 3087 transeo
3158 3031 3230 3086 ad
3269 3032 3448 3098 illum;
3490 3031 3553 3086 ab
3591 3029 3668 3085 illo
3690 3025 3739 3080 ad

2193 3123 2356 3177 alium
2399 3131 2504 3178 :et
2542 3137 2709 3193 cogor
2759 3121 3110 3177 barbarorum
3165 3136 3480 3178 assuescere
3527 3119 3737 3175 moribus.

2191 3215 2460 3288 Numquid
2488 3215 2730 3272 derelicti
2760 3214 2985 3270 sumus?
3008 3213 3271 3286 numquid
3291 3212 3568 3282 contempti
3593 3223 3740 3264 sumus

2192 3324 2222 3363 a
2253 3323 2490 3380 superno
2512 3309 2808 3379 praesidio?
2835 3306 2976 3363 Nihil
3002 3307 3111 3362 tale
3139 3311 3225 3362 vel
3252 3307 3386 3361 dixit
3413 3305 3493 3360 vel
3517 3299 3737 3373 cogitat“.

2193 3399 2287 3456 sed
2310 3400 2428 3455 tulit
2455 3401 2634 3454 omnia
2657 3409 2933 3454 mansuete
2955 3408 3011 3454 et
3036 3398 3271 3454 fortiter.
3299 3395 3426 3450 Erat
3451 3396 3582 3452 enim
3601 3387 3742 3445 Domi-

2193 3507 2290 3545 nus
2318 3506 2432 3544 cum
2452 3487 2667 3562 Ioseph,
2698 3500 2746 3544 et
2771 3500 2878 3544 erat
2904 3489 2983 3542 uir
3006 3505 3301 3558 assequeris.
3333 3486 3467 3556 Quid
3491 3495 3586 3550 est,
3625 3483 3740 3535 Asse-

2194 3601 2352 3655 quens
2368 3586 2394 3640 γ
2416 3583 2607 3639 Omnia
2632 3585 2680 3639 ei
2712 3597 2968 3654 prospere
3005 3582 3390 3646 succedebant,
3431 3579 3610 3647 ubique
3633 3586 3739 3643 prm-

2195 3677 2420 3732 cedehat
2459 3691 2579 3731 eum
2623 3690 2855 3746 superna
2901 3673 3258 3745 providentia,
3303 3681 3359 3728 et
3401 3671 3470 3724 ita
3507 3662 3736 3722 manifesta

2196 3777 2312 3825 erat
2338 3769 2530 3841 gratia,
2563 3783 2684 3839 qua:
2705 3768 2930 3823 florebat
2949 3782 3113 3838 super
3137 3783 3287 3834 euut,
3313 3773 3369 3820 ut
3391 3764 3542 3818 etiam
3562 3755 3740 3813 domino

2196 3863 2314 3934 ejus
2359 3861 2716 3932 archimagiro
2746 3859 3088 3916 manifestum
3135 3859 3243 3915 hoc
3285 3859 3454 3914 fleret.
3497 3855 3548 3910 ὅ.
3576 3845 3742 3906 θεία-αι

2197 3955 2348 4019 enim,
2375 3953 2562 4022 inquit,
2587 3953 2821 4006 dominus
2841 3954 2970 4022 ejus,
2993 3951 3130 4022 quod
3159 3949 3411 4005 Dominus
3427 3954 3546 4001 esset
3566 3953 3738 4000 renuo.

2195 4057 2242 4102 et
2270 4047 2440 4103 omnia
2468 4062 2796 4117 quaecumque
2830 4045 3064 4118 faciebat,
3108 4043 3364 4097 Dominus
3391 4051 3613 4111 prospera
3646 4029 3740 4084 ml-

2197 4142 2344 4195 debat
2389 4142 2442 4199 in
2475 4141 2706 4195 manibus
2749 4140 2882 4210 ejus.
2925 4140 2980 4194 4.
3022 4137 3226 4192 Invenit
3254 4146 3421 4191 autem
3445 4127 3622 4200 Ioseph
3646 4138 3740 4196 grue

2196 4233 2319 4286 tiam
2345 4248 2518 4287 coram
2547 4231 2752 4288 domino
2767 4248 2880 4296 suo,
2909 4239 2958 4285 et
2981 4230 3242 4284 constituit
3273 4244 3385 4283 eum
3409 4237 3551 4294 super
3575 4219 3742 4272 άοηιιίνη

2196 4339 2364 4390 suam,
2408 4332 2455 4376 et
2500 4323 2672 4377 omnia
2711 4337 3039 4392 quacumque
3081 4321 3319 4384 habebat,
3358 4316 3490 4372 dedit
3515 4312 3564 4366 in
3599 4315 3741 4363 manu!

2195 4413 2413 4484 Ioseph.
2445 4414 2638 4470 Vidisti
2671 4422 2930 4485 quantum
2958 4413 3029 4468 sit
3061 4427 3296 4483 superna
3323 4423 3476 4464 manu
3503 4392 3740 4472 adjuvari?

2199 4505 2340 4562 Ecce
2364 4506 2508 4562 enim
2538 4514 2595 4560 et
2613 4505 2794 4573 juveni
2819 4514 2874 4559 et
2900 4503 3180 4574 peregrino
3203 4511 3259 4557 et
3287 4498 3494 4570 captivo
3523 4495 3740 4552 servnqu

2196 4614 2226 4653 a
2255 4599 2472 4653 domino
2493 4607 2600 4653 tota
2622 4598 2812 4652 domus
2833 4596 3070 4651 creditur
3098 4612 3110 4648 :
3143 4593 3212 4649 Et
3237 4591 3526 4660 omniaquae
3545 4577 3736 4676 Ιωῦεὺαξο

2197 4693 2336 4747 dedit
2362 4692 2415 4745 in
2441 4707 2620 4745 manus
2650 4691 2779 4760 ejus.
2805 4688 3022 4755 Quare?
3045 4687 3178 4756 Quia
3219 4700 3345 4741 cum
3373 4689 3592 4751 snperuo
3617 4680 3737 4723 aust-

2199 4784 2270 4838 lio
2289 4791 2340 4838 et
2371 4797 2498 4837 suos
2523 4781 2702 4836 attulit
2726 4793 2926 4836 mores.
2950 4777 3138 4833 Gratus
3159 4778 3304 4833 enim
3324 4774 3370 4829 ei
3391 4779 3530 4834 erat;
3552 4764 3640 4818 hoc
3656 4763 3735 4814 θεῖν

2199 4890 2320 4929 cum
2351 4887 2540 4944 magna
2560 4873 2728 4942 gratia
2757 4870 2984 4926 faciebat
3003 4869 3202 4924 omnia.
3233 4863 3432 4922 Deinde
3451 4857 3618 4914 volens
3641 4858 3737 4902 eum

2201 4965 2461 5036 benignus
2505 4965 2644 5018 Deus
2674 4962 2726 5017 in
2756 4962 2948 5031 majori
2985 4961 3271 5017 securitate
3306 4951 3627 5036 constituere,
3652 4949 3736 5036 oft"

2200 5026 2444 5112 liberavit
2480 5070 2510 5109 a
2561 5026 2859 5120 servitute;
2876 5068 3050 5122 neque
3077 5050 3377 5106 libertatem
3413 5043 3460 5099 ei
3488 5026 3736 5132 dedit.'llic

2199 5149 2342 5204 enim
2388 5163 2505 5202 mos
2549 5157 2632 5202 est
2660 5147 2791 5210 Deo,
2817 5154 2874 5199 ut
2917 5160 3023 5198 non
3073 5143 3265 5198 liberet
3299 5154 3328 5191 a
3370 5129 3596 5206 periculis
3622 5128 3736 5216 νίξξνε

2201 5241 2394 5295 virtute
2422 5239 2627 5303 claros,
2661 5252 2833 5306 neque
2872 5251 2904 5292 e
2933 5232 3315 5291 tentationibus
3343 5227 3528 5282 eximat
3553 5235 3566 5276 :
3697 5219 3734 5316 l"

2201 5333 2329 5403 ipsis
2357 5304 2985 5386 tentationibustautum
3028 5342 3181 5383 suum
3221 5319 3460 5379 ostendat
3497 5304 3730 5403 auxilitlltl.

2201 5392 2261 5478 ut
2287 5422 2602 5477 tentationes
2633 5422 2761 5491 ipsze
2801 5421 2879 5475 eis
2910 5421 3038 5474 llant
3066 5416 3277 5473 occasio
3307 5401 3601 5467 festivitatis.
3627 5392 3732 5491 Pro:

2203 5476 2320 5584 pter
2349 5512 2452 5567 hoc
2480 5523 2534 5568 et
2568 5476 2753 5566 beatus
2786 5511 2950 5566 David
2981 5510 3192 5565 dicebat
3220 5526 3234 5561 :
3265 5505 3330 5560 In
3355 5476 3732 5589 tribulationeff‘

2201 5575 2376 5662 latasti
2415 5621 2494 5660 me
2533 5603 2702 5676 (Psat.
2734 5603 2788 5659 4.
2829 5601 2912 5674 2).
2961 5600 3080 5657 Non
3127 5594 3529 5655 tribulationem,
3574 5575 3727 5642 inquit.

2267 5740 2341 5802 (α)
2367 5739 2602 5790 Hebraice
2617 5715 2794 5793 τώγε
2851 5741 2983 5797 tmte,
3009 5734 3083 5785 vir
3104 5741 3325 5797 prospere
3345 5733 3496 5789 agens,
3509 5723 3593 5779 quo
3607 5703 3721 5763 *ἕψω

2205 5801 2358 5868 sensu
2379 5809 2536 5860 locum
2559 5808 2771 5876 explicat
2787 5821 2801 5856 t
2820 5806 3151 5870 hrysostomus
3173 5801 3304 5854 inira.
