3974 6424
305 352 417 410 535

300 466 568 533 ἐξῆλθεν
594 463 629 517 ό
666 460 929 530 ἁδελφὸς
956 459 1140 514 αὑτοῦ
1173 463 1205 514 ὀ
1237 458 1304 513 τὸ
1342 457 1593 528 σημεῖον
1635 457 1734 509 ἐπὶ
1774 453 1879 522 τῆς

300 546 505 617 χειρὸς
555 544 669 610 τῆς
723 542 925 609 δεξιᾶς
973 542 1323 611 δεξάμενος,
1370 543 1467 596 καὶ
1513 540 1769 594 ἐκάλεσε
1816 539 1883 592 τὸ

300 630 495 697 ὄνομα
525 626 713 682 αὑτοῦ
752 624 932 696 Ζαρᾶ,
957 626 985 679 δ
1010 626 1368 699 ἑρμηνεύεται
1396 624 1647 695 ἀνατολή.

368 790 481 843 Καὶ
513 788 593 842 δτι
631 788 730 859 ούχ
760 788 947 852 ἁπλῶς
983 788 1155 843 ταῦτα
1192 789 1504 861 γεγένηται,
1548 787 1684 842 ἀλλά
1714 785 1877 849 τύπος

288 865 363 943 ἦν
392 873 499 925 τῶν
530 872 833 942 μελλόντων
859 872 1097 935 ἔσεσθαι.
1127 874 1265 927 αύτά
1287 873 1435 945 δηλοῖ
1463 873 1529 926 τά
1558 872 1875 943 πράγματα.

293 954 435 1008 Οὐδὲ
476 955 584 1023 γὰρ
616 954 757 1008 κατά
790 954 1003 1023 φύσεως
1049 955 1370 1009 ἀκολουθίαν
1415 952 1482 1027 ἦν
1529 955 1588 1009 τὸ
1638 955 1876 1023 γεγονός.

294 1036 426 1100 Πῶς
454 1035 565 1107 γάρ
600 1031 669 1107 ἦν
701 1037 945 1097 δυνατὸν,
984 1038 1121 1107 μετά
1147 1039 1208 1091 τὸ
1236 1038 1451 1109 δεθῆναι
1484 1039 1583 1108 τὴν
1613 1040 1770 1107 χεῖρα
1800 1037 1879 1106 τῷ

292 1119 557 1188 κοκκίνῳ,
596 1118 757 1172 πάλιν
789 1119 1139 1189 συσταλῆναι,
1181 1121 1273 1174 καὶ
1306 1121 1488 1174 δοῦναι
1528 1120 1756 1190 πάροδον
1800 1117 1878 1187 τῷ

294 1200 440 1271 μετά
489 1200 695 1263 ταῦτα,
738 1202 787 1253 εί
825 1200 900 1272 μὴ
951 1202 1070 1255 θεία
1119 1219 1202 1266 τις
1247 1199 1315 1274 ἦν
1366 1203 1592 1273 δύναμις
1637 1204 1671 1272 ή
1708 1201 1880 1255 ταῦτα

290 1283 783 1353 πρωικονομοῦσα,
817 1284 911 1337 καὶ
940 1284 1189 1356 καθάπερ
1217 1286 1275 1339 ἐν
1308 1287 1436 1357 σκιᾷ
1458 1302 1563 1339 τινι
1596 1283 1877 1355 προδιετυ-

291 1366 485 1428 ποῦτο,
514 1367 596 1419 δτι
627 1366 687 1431 ἐξ
715 1367 892 1438 ἀρχῆς
925 1367 1019 1421 καὶ
1049 1369 1113 1420 ἐκ
1152 1368 1454 1440 προοιμίων
1489 1370 1518 1421 6
1544 1368 1715 1437 Ζαρά,
1745 1367 1877 1437 ὅπερ

290 1449 446 1501 ἐστὶν
472 1449 704 1520 ἀνατολὴ
729 1462 752 1489 ι
785 1441 963 1517 (οὗτος
994 1450 1102 1521 γάρ
1130 1452 1159 1502 6
1182 1450 1351 1514 τύπος
1379 1451 1477 1521 τῆς
1507 1449 1873 1519 Ἐκκλησίας)ν

288 1531 500 1601 ῆρξατο
546 1531 901 1602 προκύπτειν,
936 1533 1031 1586 καὶ
1071 1533 1265 1607 μικρὸν
1315 1533 1669 1604 προελθόντος
1711 1529 1876 1585 αὑτοῦ

288 1616 391 1668 καὶ
445 1615 921 1686 ὑποχωρήσαντος,
965 1617 999 1687 ή
1047 1615 1245 1688 νομικὴ
1280 1617 1660 1687 παρατήρησις
1702 1618 1736 1687 ή
1790 1614 1878 1668 διὰ

286 1696 389 1749 106
418 1698 592 1765 Φαρὲς
640 1697 952 1769 μηνυομένη
992 1698 1300 1770 ἐπεισῆλθε.
1336 1700 1431 1752 καὶ
1476 1698 1652 1769 χρόνῳ
1700 1695 1877 1768 πολλῷ

288 1779 590 1849 κρατοῦσα,
613 1779 775 1834 πάλιν
800 1780 893 1834 106
929 1781 1193 1853 πρότερον
1223 1781 1372 1853 [594]
1398 1781 1873 1852 ὑποχωρήσαντος,

285 1861 387 1914 106
424 1864 577 1933 Ζαρά
617 1862 782 1931 λέγω,
813 1863 1189 1933 προελθόντος,
1217 1862 1578 1934 παρεχώρησε
1621 1860 1781 1915 πάλιν
1807 1863 1875 1932 τῇ

285 1943 590 2015 Ἐκκλησία
610 1945 759 1998 πᾶσα
780 1946 814 2015 ὴ
846 1944 1110 2016 Ἰουδαῖκὴ
1132 1945 1374 1999 πολιτεία
1394 1962 1409 2011 ;
1441 1945 1599 1997 Ἀλλά
1618 1945 1758 2013 τάχα
1779 1942 1879 1997 νῦν

284 2028 588 2093 ἀναγκαῖον
621 2026 1028 2098 συντομώτερον
1059 2028 1221 2081 πάλιν
1258 2028 1390 2081 αὐτὸ
1424 2028 1517 2081 καὶ
1544 2027 1876 2097 σαφέστερον

283 2111 485 2163 εἰπεῖν.
510 2106 806 2181 Ἤρξαντο,
859 2110 1115 2181 καθάπερ
1157 2114 1184 2164 ὁ
1224 2112 1376 2181 Ζαρᾶ
1410 2111 1508 2180 τὴν
1540 2112 1697 2181 χεῖρα
1737 2126 1876 2181 προ-

283 2190 605 2262 εξήνεγκεν,
628 2197 656 2245 6
681 2192 805 2245 Νῶε
839 2193 933 2246 καὶ
958 2194 986 2245 6
1019 2192 1289 2265 Ἀϐραάμ,
1333 2193 1535 2263 μᾶλλον
1560 2193 1617 2246 δὲ
1649 2193 1754 2264 πρὸ
1779 2192 1876 2246 106

282 2276 413 2328 Νῶε
442 2277 471 2329 6
499 2274 663 2329 ’Δδελ
696 2278 791 2330 καὶ
818 2276 847 2328 6
888 2274 1057 2346 Ἑνὼχ
1100 2277 1198 2346 τῆς
1235 2277 1371 2347 πρὸς
1407 2276 1500 2329 τὸν
1532 2275 1662 2329 Θεὸν
1693 2276 1879 2349 εὐαρε-

285 2359 532 2427 στήσεως
604 2358 773 2412 πολὺν
826 2358 1097 2412 ποιεῖσθαι
1150 2358 1329 2427 λόγον.
1384 2354 1517 2411 Εἶτα
1566 2358 1751 2429 ἐπειδὴ
1796 2360 1875 2421 εἰς

282 2442 497 2510 πλῆθος
535 2441 859 2506 ἐκταθέντες
887 2441 1058 2494 πολλά
1089 2442 1284 2513 φορτία
1310 2441 1724 2512 ἁμαρτημάτων
1756 2457 1877 2492 συν-

280 2524 558 2589 ελέξαντο.
607 2526 713 2578 ἔδει
743 2525 799 2578 δέ
848 2526 1052 2595 μικρᾶς
1100 2542 1246 2588 τινος
1287 2525 1481 2587 αὐτοὺς
1529 2522 1876 2593 παραμυθίας

280 2604 600 2673 ἀπολαύειν,
628 2608 703 2672 ὠς
728 2609 855 2662 σκιά
880 2625 964 2671 τις
998 2610 1026 2661 6
1050 2607 1211 2678 νόμος
1252 2607 1427 2678 ἐδόθη,
1455 2607 1552 2677 ούχ
1578 2607 1659 2659 ὅτι
1701 2607 1876 2677 ἀμαρ-

278 2691 501 2759 τήματα
531 2690 793 2762 ἀναιρῶν,
822 2690 958 2744 ἀλλά
990 2690 1162 2743 ταῦτα
1188 2690 1508 2753 ἀποδεικνὺς
1542 2690 1632 2742 καὶ
1666 2688 1877 2759 φανερά

282 2774 471 2837 αὐτοῖς
522 2773 908 2843 ἐργαζόμενος,
940 2773 1025 2825 ἵνα
1081 2772 1330 2845 καθάπερ
1361 2773 1430 2825 τά
1478 2772 1639 2842 ἀτελῆ
1691 2771 1875 2826 παιδία

278 2858 518 2927 γάλακτι
550 2857 977 2931 τρεφόμεναιείς
1020 2858 1206 2927 ἀκμὴν
1253 2858 1469 2929 ἡλικίας
1503 2856 1675 2909 ἐλθεῖν
1712 2856 1875 2925 δυνη-

282 2940 475 2995 θῶσιν.
511 2940 651 2993 Ἀλλ’
682 2938 871 3011 ἐπειδὴ
902 2939 1024 2992 οὐδὲ
1070 2939 1242 3003 οὕτως
1278 2940 1563 2993 άπώναντό
1590 2956 1641 2992 τι
1660 2980 1676 3004 ,
1717 2938 1872 3004 ἀλλά,

281 3025 463 3080 καίτοι
500 3024 942 3086 ὑποδεικνύοντος
974 3023 1070 3077 τοῦ
1115 3024 1280 3095 νόμου
1319 3024 1427 3077 τῶν
1460 3024 1873 3095 ἁμαρτημάτων

281 3111 352 3164 τὸ
391 3107 644 3179 μέγεθος,
674 3101 818 3161 οὗτοι
868 3107 1032 3159 πάλιν
1073 3106 1282 3169 τούτοις
1312 3106 1662 3177 ἀνεφύροντο,
1700 3123 1874 3174 παρα-

280 3191 576 3261 γενόμενος
610 3192 638 3245 6
671 3189 847 3254 κοινὸς
886 3189 1163 3259 Δεσπότης
1193 3188 1290 3259 τὴν
1326 3187 1699 3259 πνευματικὴν
1738 3188 1871 3241 ταύ-

276 3290 385 3345 την
417 3274 509 3326 καὶ
557 3274 812 3344 ἐνάρετον
846 3272 1119 3326 πολιτείαν
1152 3271 1231 3342 τῷ
1271 3272 1379 3324 τῶν
1410 3270 1713 3341 ἀνθρώπων
1744 3273 1870 3341 ἐχα-

281 3357 478 3425 ρίσατο
514 3356 682 3423 γένει,
710 3351 779 3428 ἦς
811 3354 980 3409 τύπον
1022 3356 1050 3407 6
1082 3357 1235 3425 Ζαρᾶ
1282 3353 1541 3425 ἐπλήρου.
1570 3354 1669 3407 Διά
1715 3353 1871 3406 10610

281 3440 382 3492 καὶ
419 3440 448 3492 6
492 3438 883 3511 εύαγγελιστὴς
920 3439 1193 3510 μέμνηται
1240 3438 1331 3490 καὶ
1378 3440 1479 3508 τῆς
1528 3436 1727 3507 Θάμαρ
1778 3439 1871 3490 καί

278 3521 396 3574 τῶν
443 3524 498 3589 ἐξ
548 3524 717 3593 αὐτῆς
770 3522 1093 3593 τεχθέντων,
1149 3521 1242 3573 καί
1295 3536 1493 3591 φησιν’
1538 3521 1758 3585 Ἰούδας
1804 3519 1872 3571 δὲ

278 3605 577 3676 ἐγέννησε
605 3607 713 3659 τὸν
740 3606 931 3675 Φαρὲς
957 3605 1055 3658 καί
1086 3604 1195 3659 τὸν
1222 3602 1381 3673 Ζαρᾶ
1410 3604 1479 3659 ἐκ
1510 3602 1619 3672 τῆς
1650 3602 1868 3671 Θάμαρ.

358 3766 427 3836 γ’.
446 3766 538 3838 Μὴ
553 3768 731 3823 τοίνυν
752 3768 939 3832 ἀπλῶς
959 3786 1035 3822 πα
1040 3768 1287 3841 ρατρέχω
1294 3786 1391 3840 μεν
1407 3769 1474 3821 τά
1489 3770 1547 3821 ἐν
1561 3770 1681 3832 ταῖς
1699 3769 1872 3833 θείαις

279 3851 527 3921 Γραφαῖς
574 3851 837 3922 κείμενα,
880 3852 1017 3923 μηδέ
1059 3850 1384 3921 ἐξεπιπολῆς
1411 3854 1524 3914 τοῖς
1555 3850 1870 3921 λεγομένοις

282 3934 663 4005 προσέχωμεν,
691 3934 806 3988 ἀλλ’
832 3937 912 3998 είς
938 3935 998 3987 τὸ
1028 3933 1189 4004 βάθος
1215 3934 1441 3996 ἑαυτοὺς
1468 3933 1745 3995 καθέντες,
1779 3935 1873 3986 καὶ

279 4018 380 4070 τὸν
408 4019 829 4088 ἐναποκείμενον
853 4017 1084 4070 πλοῦτον
1106 4016 1535 4087 καταμαθόντες,
1557 4014 1869 4085 δοξάζωμεν

280 4104 379 4156 τὸν
426 4102 689 4173 ἡμέτερον
716 4102 1015 4173 Δεσπότην,
1056 4100 1146 4153 τὸν
1187 4099 1324 4171 μετά
1370 4098 1634 4169 τοσαύτης
1680 4099 1871 4168 σοφίας

280 4188 501 4242 ἅπαντα
529 4186 936 4256 οίκονομοῦντα.
966 4185 1027 4237 El
1060 4183 1168 4255 γάρ
1202 4182 1277 4254 μὴ
1304 4183 1392 4236 τὸν
1421 4182 1621 4235 σκοπὸν
1651 4183 1745 4235 καί
1772 4182 1872 4253 τὴν

280 4270 468 4324 αἰτίαν
517 4269 749 4323 ἑκάστου
798 4266 908 4321 τὼν
969 4267 1271 4337 γινομένων
1320 4266 1595 4332 ἐξετάζειν
1662 4264 1869 4335 βουλοί-

284 4350 452 4422 μεθα,
482 4352 542 4403 06
576 4351 736 4421 μόνον
775 4349 979 4421 ταύτης
1008 4350 1479 4419 κατηγορήσομεν,
1510 4348 1587 4411 ώς
1624 4346 1703 4417 τῷ
1738 4364 1867 4401 πεν-

279 4435 433 4508 θερῷ
482 4436 649 4507 αὐτῆς
683 4433 956 4505 μιγείσης,
986 4432 1119 4485 ἀλλά
1150 4432 1243 4485 καὶ
1282 4433 1372 4484 τὸν
1410 4430 1657 4502 Ἀϐραάμ
1696 4431 1872 4484 αἰτια-

280 4519 516 4589 σόμεθα,
546 4519 620 4583 ὡς
661 4517 1007 4571 παιδοκτόνον
1031 4519 1098 4587 τῇ
1127 4513 1320 4588 γνώμῃ
1346 4514 1730 4585 γεγενημένον,
1777 4515 1872 4567 καὶ

277 4603 381 4654 τὸν
405 4602 608 4665 Φινεὲς,
649 4601 724 4665 ώς
766 4602 885 4654 κατ’
930 4600 1091 4653 αὑτὸν
1117 4599 1210 4651 δύο
1242 4600 1434 4666 φόνους
1471 4597 1864 4669 ἐργασάμενον.

293 4685 427 4739 Ἐἀν
453 4685 508 4738 δὲ
542 4686 773 4739 ἑκάστου
805 4685 906 4756 τὴν
940 4683 1119 4737 αἰτίαν
1153 4681 1394 4754 ἀκριϐῶς
1441 4682 1867 4750 καταμάθωμεν,

279 4772 573 4832 κάκείνους
608 4768 867 4840 μέμψεως
912 4765 1314 4836 ἀπαλλάξομεν,
1351 4764 1446 4819 καὶ
1475 4765 1629 4818 αὐτοὶ
1670 4764 1870 4832 πολλὴν

277 4853 497 4907 ἐκεῖθεν
538 4854 637 4924 τήν
668 4852 936 4921 ὠφέλειαν
997 4847 1422 4919 καρπωσόμεθα.
1464 4846 1626 4899 Ἀλλά
1667 4846 1734 4899 τά
1772 4846 1870 4916 μὲν

278 4938 426 4989 κατὰ
455 4936 551 5007 τὴν
592 4935 830 5006 ἱστορίαν
862 4933 1086 5004 ταύτην,
1117 4932 1193 4995 ὡς
1222 4934 1352 5001 ήμῑν
1395 4926 1506 4983 οἷόν
1538 4947 1597 4982 τε
1626 4924 1714 5001 ῆν,
1741 4930 1871 4996 6:55-

279 5019 625 5088 εληλύθαμεν
651 5021 742 5071 ἐπὶ
778 5021 875 5090 τῆς
906 5016 1176 5088 ὑμετέρας
1201 5016 1443 5086 ἀγάπης.

358 5194 420 5246 Εἰ
452 5192 508 5244 δὲ
545 5190 619 5262 μὴ
656 5190 991 5259 ἀπεκάμετε,
1028 5186 1120 5239 καὶ
1164 5181 1438 5254 βούλεσθε,
1482 5179 1576 5262 καί
1608 5176 1715 5230 τῶν
1745 5175 1870 5262 ἑξῆς

280 5260 633 5346 ἐφαψάμεθα,
663 5274 755 5326 καὶ
788 5271 947 5323 πάλιν
978 5270 1070 5321 ἐπὶ
1100 5268 1198 5338 τὴν
1241 5264 1382 5321 κατὰ
1426 5263 1515 5316 τὸν
1560 5260 1870 5346 θαυμαστρν

296 5341 499 5427 Ἰωσὴφ
547 5357 794 5427 διήγησιν
827 5352 1050 5424 ἥξομεν,
1099 5351 1185 5403 ἵνα
1238 5349 1446 5420 μάθητε
1467 5345 1595 5427 ῌκαὶ
1647 5346 1715 5427 ἐκ
1764 5341 1871 5427 τῶν

285 5424 530 5513 σήμερον
577 5424 902 5509 λεγομένων,
948 5436 1049 5487 ὅσα
1088 5436 1116 5488 6
1157 5424 1613 5513 γενναῖοςοῦτοςΔ
1637 5425 1871 5513 ἀθλητὴς

476 5522 546 5575 τὰ
591 5506 845 5593 ὀνείρατα
892 5521 1103 5583 ἐκεῖνα,
1155 5514 1224 5569 τά
1273 5514 1369 5584 τὴν
1405 5510 1681 5597 βασιλείαν
1726 5506 1873 5597 αύτῷ

288 5589 571 5680 μηνύοντα
618 5589 717 5659 καί
766 5603 865 5675 τὴν
913 5601 1056 5656 κατά
1102 5599 1210 5653 τῶν
1251 5595 1497 5665 ἀδελφῶν
1537 5592 1732 5680 ἀρχὴνέ

287 5673 498 5762 ἔμεινε,
530 5689 623 5741 καὶ
658 5673 959 5750 δπωςτάπὸ
986 5683 1213 5753 ἀγώνων
1255 5680 1463 5751 ἀγῶνες
1499 5678 1658 5731 αὑτὸν
1704 5673 1871 5762 διεδέῗ

286 5758 475 5847 χοντο,
519 5773 615 5826 καὶ
660 5772 986 5842 πειρασμοῖς
1030 5766 1331 5839 πειρασμοὶ
1376 5762 1728 5847 συνήπτοντο,
1778 5758 1874 5810 καὶ

288 5842 572 5925 ἐπάλληλα
613 5850 680 5925 ῆν
712 5853 779 5905 τὰ
802 5852 1054 5919 ναυάγια.
1086 5850 1179 5904 καὶ
1205 5849 1233 5901 6
1272 5846 1609 5917 κυϐερνήτης
1645 5842 1706 5895 06
1746 5856 1873 5893 κατ-

290 5938 629 6003 ιποντίζετο,
676 5937 767 5991 καὶ
825 5935 1173 6007 σφοδροτέρου
1229 5934 1319 5986 τοῦ
1384 5928 1645 6000 χειμῶνος
1704 5927 1869 5980 37:1?-

1256 346 1320 399 IN
1364 345 1515 398 (IAI‘.
1557 338 1818 398 XXXVIII
1860 339 2106 397 GENES.
2144 338 2377 398 HOMIL.
2422 338 2579 400 LXII.

3463 340 3569 402 5‘56

1993 455 2313 526 ισταμένου,
2368 456 2616 527 καθάπερ
2675 454 2768 509 ἐπὶ
2825 453 2934 507 τῶν
2975 452 3175 509 οίάκων
3228 453 3569 528 καθήμενος,

1986 538 2128 591 οὕτω
2170 540 2270 609 τὴν
2322 539 2450 593 ναῦν
2497 539 2694 594 ἴθυνεν.
2728 538 2912 603 Ἄξιον
2953 539 3011 592 δὲ
3044 539 3275 593 ἀκοῦσαι
3323 541 3417 593 καὶ
3469 542 3570 595 αύ-

1986 621 2092 674 τῶν
2139 622 2246 673 τῶν
2295 622 2578 692 ῥημάτων,
2617 622 2703 675 ἵνα
2740 622 2919 675 πάντα
2957 622 3093 691 μετὰ
3133 622 3419 693 ἀκριϐείας
3466 640 3570 691 μα-

1987 702 2098 755 θεῖν
2148 704 2485 775 δυνηθῶμεν.
2534 705 2749 773 Ἰωσὴφ
2799 704 2898 769 δὲ,
2947 705 3115 775 φησὶ,
3178 705 3446 773 κατήχθη
3483 707 3570 770 είς

1984 785 2318 853 Αἴγυπτον,
2362 786 2457 840 καί
2503 786 2801 853 ἐκτήσατο
2849 787 3034 840 αὐτὸν
3073 790 3106 839 ὀ
3153 786 3570 856 ἀρχιμάγειρος

1984 869 2193 933 Φαραὼ
2221 869 2288 921 ἐκ
2317 869 2514 937 χειρὸς
2558 868 2962 937 Ἰσμαηλιτῶν.
2996 866 3129 922 Εἶτα
3160 871 3345 939 ἐπειδὴ
3374 872 3467 923 καὶ⁵
3514 872 3565 922 οἱ

1984 953 2132 1016 παρὰ
2158 950 2265 1001 τῶν
2295 951 2539 1019 ἀδελφῶν
2568 951 2727 1004 αὑτὸν
2756 952 3096 1021 ὠνησάμενοι
3131 952 3395 1023 βάρὸαροί
3421 968 3567 1015 τινες

1982 1048 2075 1084 και
2102 1032 2377 1086 ἀλλόκοτοι
2408 1030 2548 1104 ῆσαν
2571 1034 2632 1086 τὸ
2649 1030 2800 1104 ἦθος,
2830 1035 2924 1087 καὶ
2941 1034 3101 1086 πάλιν
3117 1035 3271 1087 αὐτοὶ
3294 1034 3371 1103 τῷ
3396 1035 3565 1102 Δίγυ-

1983 1115 2124 1185 πτίῳ
2155 1116 2234 1187 τῷ
2280 1117 2663 1188 ἀρχιμαγείρῳ
2704 1115 2797 1170 τοῦ
2831 1116 3029 1189 Φαραὼ
3070 1119 3233 1171 αὑτὸν
3281 1116 3562 1180 ἀπέδοντο,

1982 1198 2076 1249 καὶ
2100 1198 2389 1267 διαφόρους
2416 1200 2613 1269 ήμειδε
2652 1199 2919 1263 δεσπότας
2959 1202 2988 1253 ό
3032 1202 3093 1254 ἐν
3133 1202 3255 1263 ταῖς
3299 1198 3567 1269 ἀγκάλαις

1979 1279 2074 1331 106
2131 1280 2334 1351 πατρὸς
2379 1281 2746 1351 ἀνατραφείς·
2786 1282 2875 1335 ἵνα
2904 1282 2979 1352 μὴ
3029 1280 3365 1352 ξενιζώμεθα
3409 1279 3563 1351 1595]

1981 1360 2098 1424 πῶς
2131 1362 2330 1432 ῆνεγκε
2349 1364 2447 1434 τὴν
2470 1362 2750 1434 μοχθηράν
2779 1364 2996 1435 ἐκείνην
3024 1364 3271 1417 δουλείαν
3302 1364 3423 1426 νέος
3466 1362 3563 1428 ῶν,

1980 1444 2074 1495 καὶ
2120 1445 2304 1515 πάσης
2341 1445 2597 1517 τοιαύτης
2642 1446 3060 1517 σκληραγωγίας
3090 1448 3317 1516 ἄπειρος
3338 1486 3353 1511 ,
3381 1447 3475 1500 καὶ
3505 1448 3566 1499 ἐν

1977 1527 2126 1599 οἰκίᾳ
2158 1528 2295 1598 μετά
2321 1529 2527 1601 πολλῆς
2559 1529 2659 1599 τῆς
2707 1530 2982 1601 πατρικῆς
3022 1529 3401 1601 φιλοστοργίας
3428 1532 3561 1583 ἀνα-

1976 1611 2227 1680 τραφεὶς,
2275 1611 2554 1681 ἐπήγαγεν
2595 1613 2629 1683 ή
2673 1612 2861 1683 Γραφή
2902 1612 3165 1681 λέγουσα⁶
3197 1614 3305 1667 Kal
3340 1609 3419 1683 ἦν
3445 1612 3565 1666 K6-

1970 1707 2104 1760 ριος
2130 1693 2282 1760 μετὰ
2332 1692 2578 1761 Ἰωσὴφ,
2633 1694 2730 1747 καὶ
2774 1690 2855 1763 ἦν
2924 1694 3083 1762 ἀνὴρ
3124 1693 3560 1763 ἐπιτυγχάνων.

1977 1773 2044 1825 Τί
2073 1775 2208 1839 ἐστι,
2256 1777 2365 1829 Καὶ
2391 1772 2473 1846 ἦν
2502 1778 2721 1844 Κύριος
2743 1776 2893 1845 μετὰ
2943 1778 3203 1847 Ἰωσήφ;
3259 1777 3564 1847 Συμπαρῆν

1979 1856 2153 1927 αὐτῷ,
2181 1859 2368 1929 φησὶν,
2399 1862 2433 1930 ή
2467 1859 2673 1913 ἀνωθεν
2695 1862 2875 1933 χάρις,
2911 1862 3007 1915 καὶ
3033 1862 3174 1932 αὑτὴ
3196 1862 3344 1931 αὐτῷ
3384 1864 3561 1915 πάντα

1973 1942 2045 1995 τὰ
2072 1942 2309 2014 δυσχερῆ
2358 1942 2737 2015 ἐξευμάριζεν.
2772 1945 2923 2016 Αὕτη
2950 1947 3127 2001 πάντα
3149 1946 3218 2000 τά
3243 1947 3363 2000 κατ’
3397 1947 3562 1999 αὑτὸν

1973 2022 2241 2097 ᾠκονόμει
2260 2043 2273 2056 ·
2302 2026 2439 2097 αὕτη
2472 2028 2567 2080 καὶ¹
2594 2030 2721 2093 τοὺς
2751 2029 3024 2100 ἐμπόρους
3054 2030 3297 2092 ἐκείνους
3343 2032 3564 2100 ήμερω-

1973 2109 2166 2179 τέρους
2212 2110 2360 2179 αὐτῷ
2396 2112 2696 2180 κατέστησε
2721 2154 2735 2176 ,
2769 2114 2863 2166 καὶ
2897 2112 3187 2167 ἀποδόσθαι
3217 2112 3294 2184 τῷ
3321 2116 3561 2185 ἀρχιμα-

1974 2191 2145 2262 γείρῳ
2179 2194 2616 2263 κατηνάγκασεν,
2654 2195 2742 2249 ἵνα
2770 2196 2877 2267 όδῷ
2908 2197 3217 2266 προὸαίνων
3245 2196 3388 2250 οὕτω
3421 2199 3561 2253 κατὰ

1976 2275 2171 2345 μικρὸν
2193 2315 2207 2339 ,
2239 2277 2335 2329 καὶ
2373 2276 2461 2331 διά
2498 2276 2608 2330 τῶν
2656 2279 2982 2349 πειρασμῶν
3010 2280 3214 2333 τούτων
3243 2280 3440 2333 ὁδεύων
3469 2282 3563 2335 ἐπὶ

1972 2357 2063 2409 τὸν
2088 2360 2187 2427 τῆς
2214 2358 2493 2429 βασιλείας
2526 2358 2713 2430 θρόνον
2746 2361 2988 2415 ἀνελθεῖν
3018 2362 3241 2433 δυνηθῇ.
3274 2363 3433 2417 Ἀλλά
3467 2366 3557 2426 σὺ,

1972 2440 2263 2509 ἀγαπητέ,
2328 2441 2542 2494 ἀκούων
2587 2443 2668 2495 ὅτι
2717 2443 2977 2513 ὑπέμεινε
3024 2444 3122 2515 τὴν
3168 2445 3417 2499 δουλείαν
3457 2447 3558 2516 τὴν

1973 2520 2123 2592 παρά
2162 2523 2275 2584 τοῖς
2325 2523 2627 2593 ἐμπόροις,
2671 2520 2789 2577 εἶτα
2835 2525 3104 2592 διεδέξατο
3135 2529 3169 2597 ή
3208 2526 3419 2581 δουλεία
3462 2529 3559 2583 τοῦ

1973 2605 2374 2677 ἀρχιμαγείρου
2396 2647 2411 2673 ,
2446 2606 2668 2676 λογίζου
2690 2646 2706 2672 ,
2753 2608 2871 2671 πῶς
2905 2609 3005 2662 ούκ
3039 2611 3397 2682 ἐταράττετο,
3438 2612 3559 2665 οὐδὲ

1971 2686 2297 2756 διελογίζετο
2326 2689 2448 2743 καθ’
2481 2691 2671 2744 ἐαυτὸν
2707 2691 2803 2745 καὶ
2835 2692 3030 2764 ήπόρει
3058 2694 3150 2746 καὶ
3182 2693 3367 2761 ἔλεγε·
3396 2695 3490 2757 Τίς
3521 2697 3557 2765 ή

1968 2770 2079 2824 τῶν
2112 2772 2408 2842 ὀνειράτων
2436 2775 2661 2829 ἐκείνων
2683 2775 2866 2845 ἀπάτη
2896 2778 2929 2845 ή
2958 2775 3227 2847 τοσαύτην
3260 2777 3359 2848 τὴν
3398 2795 3557 2849 περι-

1972 2856 2200 2924 φάνειάν
2228 2873 2314 2926 μοι
2359 2857 2675 2926 μηνύουσας
2718 2858 2847 2911 Ἰδοὺ
2877 2860 2986 2929 γάρ
3018 2860 3155 2929 μετά
3202 2860 3273 2913 τά
3303 2860 3556 2929 ὀνείρατα

1973 2940 2156 2991 ἐκεῖνα
2197 2939 2443 3006 δουλεία,
2475 2942 2569 2994 καὶ
2610 2942 2824 2995 δουλεία
2862 2943 3108 3014 χαλεπή,
3150 2943 3245 2997 καὶ
3286 2944 3556 3008 δεσπότας

1970 3023 2186 3092 ἀμείὸω
2207 3064 2223 3089 ,
2254 3022 2364 3077 ἀπὸ
2397 3024 2591 3079 τούτου
2632 3025 2771 3096 πρὸς
2812 3027 3042 3089 ἐκεῖνον,
3079 3027 3173 3079 καὶ
3219 3027 3315 3081 ἀπ’
3348 3028 3557 3081 ἐκείνω

1970 3106 2109 3177 πρὸς
2153 3105 2341 3159 τοῦτον
2363 3147 2378 3170 ,
2422 3108 2518 3161 καὶ
2586 3107 2969 3178 ἀναγκάζομαι
3019 3107 3198 3163 ἔθεσιν
3242 3109 3558 3174 ἀλλοκότοις

1972 3188 2490 3258 συναναμίγνυσθαι.
2534 3185 2683 3260 ’Δρα
2733 3190 2808 3261 μὴ
2861 3190 3398 3264 ἐγκατελείφθημεν;
3447 3190 3560 3264 ἄρα

1973 3271 2047 3341 μὴ
2093 3270 2470 3341 παρώφθημεν
2527 3273 2677 3344 παρὰ
2717 3273 2817 3340 τῆς
2868 3273 3075 3326 ἀνωθεν
3124 3274 3336 3345 ροπῆςς
3392 3277 3560 3330 Οὐδὲν

1967 3351 2207 3406 τοιοῦτον
2235 3355 2335 3406 οὐκ
2364 3350 2539 3420 εἶπεν,
2570 3355 2669 3407 οὐκ
2696 3356 2999 3425 ἐνενόησεν,
3035 3355 3153 3408 ἀλλ’
3178 3358 3341 3428 ἔφερε
3372 3359 3556 3412 πάντα

1969 3437 2160 3507 πράως
2210 3437 2305 3491 καὶ
2350 3438 2632 3506 γενναίως.
2676 3434 2789 3493 Ἦν
2829 3438 2934 3508 γὰρ
2987 3440 3206 3507 Κύριος
3236 3441 3389 3508 μετὰ
3434 3443 3556 3495 Ἰω-

1968 3518 2101 3587 σὴφ
2126 3560 2140 3582 ,
2175 3519 2274 3573 καὶ
2301 3515 2381 3590 ἦν
2410 3520 2569 3589 ἀνὴρ
2606 3520 3022 3590 ἐπιτυγχάνων
3086 3521 3152 3573 Τί
3191 3524 3359 3586 ἐστιν,
3398 3524 3555 3576 Ἐπι-

1968 3603 2304 3673 τυγχάνων.
2350 3605 2536 3658 Πάντα
2573 3604 2722 3675 αὐτῷ
2755 3604 3083 3668 κατευώδου,
3121 3606 3396 3675 πανταχοῦ
3425 3623 3558 3675 προ-

1967 3686 2221 3740 ωδοποίει
2244 3687 2392 3758 αύτῷ
2434 3690 2465 3757 ή
2499 3686 2706 3742 ἀνωθεν
2732 3689 2925 3759 χάρις,
2958 3688 3053 3742 καὶ
3088 3688 3228 3742 οὕτω
3253 3691 3462 3762 φανερά
3488 3687 3557 3763 ῆν

1968 3770 2001 3837 ή
2039 3769 2348 3823 ἐπανθοῦσα
2374 3770 2521 3841 αὐτῷ
2553 3772 2712 3841 χάρις
2731 3812 2747 3836 ,
2778 3772 2853 3835 ὡς
2893 3772 2989 3825 καὶ
3016 3770 3094 3841 τῷ
3122 3771 3358 3844 δεσπότῃ
3389 3773 3555 3827 αὐτοῦ

1967 3850 2047 3921 τῷ
2097 3852 2476 3924 ἀρχιμαγείρῳ
2514 3853 2817 3924 κατάδηλον
2860 3852 3020 3905 10610
3073 3853 3349 3920 γενέσθαι.
3388 3855 3556 3926 ’ῌδει

1966 3932 2100 4002 γὰρ,
2154 3936 2339 4005 φησὶν,
2386 3940 2419 3989 ό
2466 3938 2665 4003 κύριος
2694 3936 2902 4000 αὑτοῦ,
2939 3936 3029 3989 ὅτι
3061 3937 3280 4005 Κύριος
3320 3934 3401 4005 ἧν
3426 3939 3556 4006 μετ’

1968 4014 2175 4079 αὑτοῦ,
2208 4017 2307 4069 καὶ
2338 4017 2535 4070 πάντα
2567 4017 2684 4071 ὅσα
2712 4017 2789 4071 ἂν
2813 4017 2956 4085 ποιῇ
2976 4058 2990 4080 ,
3024 4018 3236 4085 Κύριος
3261 4019 3465 4073 εὑοὸοῖ
3486 4020 3557 4073 ἐν

1969 4098 2100 4165 ταῖς
2130 4100 2343 4169 χερσίν
2373 4100 2583 4155 αὑτοῦ.
2620 4098 2777 4169 Εὗρε
2818 4101 2887 4153 δὲ
2933 4100 3155 4170 Ἰωσὴφ
3180 4101 3359 4171 χάριν
3380 4104 3554 4157 ἐναν-

1968 4184 2101 4236 τιον
2130 4183 2236 4237 τοῦ
2283 4184 2494 4252 κυρίου
2539 4184 2761 4247 αὐτοῦ,
2811 4184 2909 4238 καὶ
2960 4184 3337 4253 κατέστησεν
3368 4189 3556 4241 αῠτίν

1968 4263 2067 4317 ἐπὶ
2098 4269 2206 4320 τοῦ
2245 4266 2416 4321 οἴκου
2462 4268 2651 4321 αὑτοῦ
2673 4306 2687 4331 ,
2728 4267 2826 4320 καὶ
2870 4266 3066 4321 πάντα
3102 4268 3221 4322 ὅσα
3265 4265 3344 4338 ἦν
3394 4268 3555 4334 αὐτῷ

1968 4348 2153 4402 ἔδωκε
2178 4348 2276 4402 διὰ
2302 4348 2501 4418 χειρὸς
2532 4348 2767 4418 Ἰωσήφ.
2800 4345 2953 4413 Εἶδες
2975 4351 3099 4404 ὅσον
3143 4351 3291 4403 ἐστὶν
3317 4351 3421 4403 ὑπὸ
3452 4350 3555 4419 τῆς

1970 4429 2178 4483 ἀνωθεν
2226 4430 2539 4501 βοηθεῖσθαι
2570 4431 2785 4497 δεξιάς;
2827 4431 2957 4484 Ἰδοὺ
3008 4431 3116 4501 γὰρ
3166 4432 3259 4484 καὶ
3299 4432 3417 4494 νέος
3456 4432 3552 4484 καὶ

1971 4514 2122 4580 ξένος
2170 4515 2265 4567 καὶ
2301 4515 2647 4585 αἰχμάλωτος
2677 4515 2773 4568 καὶ
2802 4513 3009 4577 δοῦλος,
3043 4516 3139 4567 καὶ
3168 4516 3349 4567 πᾶσαν
3374 4516 3554 4583 ἐγχειο

1972 4598 2181 4668 ρίζεται
2213 4597 2364 4668 παρὰ
2392 4597 2485 4650 106
2516 4597 2776 4649 δεσπότου
2822 4598 2923 4669 τὴν
2959 4598 3161 4651 οίκίαν.
3209 4597 3322 4651 Καὶ
3355 4597 3553 4653 πάντα

1970 4679 2070 4732 διὰ
2103 4678 2299 4748 χειρὸς
2342 4680 2531 4735 αὐτοῦ
2571 4679 2813 4743 δέδωκε,
2862 4678 3014 4750 φησί.
3063 4680 3162 4733 Διά
3203 4680 3290 4745 τί;
3334 4680 3554 4752 Ἐπειδὴ

1975 4761 2112 4832 μετά
2158 4762 2256 4831 τῆς
2302 4761 2506 4815 ἀνωθεν
2556 4761 2847 4833 συνεργίας
2877 4763 2971 4816 καὶ
2999 4762 3091 4816 τὸν
3122 4765 3320 4817 οἰκεῖον
3353 4763 3553 4835 τρόπον

1971 4847 2308 4917 εἰσήνεγκεν.
2343 4844 2669 4913 Εὺηρέστει
2701 4846 2810 4917 γάρ
2838 4845 2999 4911 αὐτῷ
3018 4885 3032 4907 ,
3064 4846 3250 4917 φησὶν,
3286 4848 3406 4900 ἀντὶ
3431 4844 3553 4914 106,

1974 4928 2125 4982 Μετά
2155 4928 2356 4999 πολλῆς
2381 4930 2594 4993 εὐνοίας
2620 4929 2838 4983 ἅπαντα
2861 4930 3234 5000 διεπράττετο.
3272 4926 3404 4983 Εἶτα
3431 4929 3555 5000 βουο

1970 5013 2193 5083 λόμενος
2232 5013 2393 5065 αὑτὸν
2425 5015 2454 5066 6
2481 5013 2863 5083 φιλάνθρωπος
2887 5014 3019 5076 Θεὸς
3047 5014 3106 5067 ἐν
3135 5014 3340 5067 πλείονι
3376 5030 3552 5067 κατα-

1974 5098 2171 5167 στῆσαι
2200 5096 2385 5168 ἀδείᾳ,
2431 5098 2533 5150 οὐκ
2574 5096 2852 5167 ἀπήλλαξε
2882 5098 2981 5167 τῆς
3017 5097 3261 5159 δουλείας
3280 5138 3295 5161 ,
3339 5095 3461 5148 οὐδὲ
3492 5097 3551 5149 ἐν

1971 5178 2252 5251 ἐλευθερίᾳ
2284 5178 2699 5250 παρεσκεύασεν
2726 5175 2886 5232 εἶναι.
2926 5178 3095 5232 Τοῦτο
3126 5183 3233 5247 γὰρ
3256 5176 3405 5247 αὐτῷ
3430 5176 3551 5238 ἔθος

1973 5262 2079 5325 ἀεὶ,
2132 5264 2259 5325 τοὺς
2310 5263 2598 5334 ἐναρέτους
2648 5262 2849 5333 ἄνδρας
2890 5263 2990 5315 οὐκ
3035 5260 3398 5313 ἀπαλλάττειν
3442 5258 3551 5309 τῶν

1972 5346 2253 5409 κινδύνων,
2293 5346 2413 5399 οὐδὲ
2463 5345 2782 5416 ἐλευθεροῦν
2810 5345 2919 5397 τῶν
2950 5342 3291 5414 πειρασμῶν,
3339 5341 3455 5393 ἀλλ’
3493 5343 3551 5392 ἐν

1971 5431 2155 5491 αὐτοῖς
2197 5436 2311 5493 τοῖς
2340 5432 2668 5500 πειρασμοῖς
2698 5428 2967 5497 τοσαύτην
3011 5425 3416 5480 ἐπιδείκνυσθαι
3450 5424 3551 5494 τὴν

1971 5513 2175 5566 οἰκείαν
2207 5513 2410 5582 ῥοπὴν,
2438 5514 2513 5575 ὡς
2545 5512 2740 5573 αὐτοὺς
2767 5512 2894 5573 τοὺς
2926 5510 3267 5581 πειρασμοὺς
3292 5508 3550 5562 ὑπόθεσιν

1970 5597 2152 5659 αὐτοῖς
2185 5597 2379 5665 ἑορτῆς
2420 5594 2682 5663 γίνεσθαι.
2736 5594 2836 5646 Διά
2877 5591 3035 5646 10610
3072 5594 3166 5647 καὶ
3210 5595 3238 5646 6
3280 5591 3550 5663 μακάριος

1970 5678 2133 5732 Δαυτδ
2179 5678 2386 5746 ἔλεγεν⁸
2439 5677 2535 5729 Ἐν
2559 5676 2763 5744 θλίψει
2788 5674 3135 5743 ὲπλάτυνάς
3164 5692 3262 5745 με.
3291 5676 3425 5744 Οὐχὶ
3452 5674 3552 5746 τὴν

1973 5761 2151 5831 θλίψιν
2188 5759 2477 5830 ἀπήλασας
2497 5800 2513 5825 ,
2544 5759 2728 5829 φησὶν,
2759 5759 2880 5813 οὐδὲ
2908 5758 3112 5830 ταύτης
3154 5757 3467 5823 ἀπαλλάξας
3494 5758 3553 5811 ἐν

1972 5845 2153 5899 ἀνέσει
2187 5860 2252 5912 με
2279 5839 2419 5899 εἶναι
2440 5842 2766 5914 πεποίηκας,
2794 5843 2909 5897 ἀλλ’
2934 5844 3071 5914 ὅπερ
3097 5842 3213 5896 ἐστὶ
3237 5840 3553 5913 θαυμαστὸν

1974 5930 2066 5984 καὶ
2104 5927 2402 6000 παράδοξον
2422 5967 2436 5992 ,
2467 5928 2524 5981 ἐν
2560 5926 2709 5999 μέσῳ
2734 5928 2842 5983 τῶν
2872 5927 3106 5999 θλίιξεων
3129 5927 3462 5999 τυγχάνοντα
3494 5920 3552 5980 ἐν
