3974 6410
273 324 386 380 557

281 437 573 499 abstulisti,
601 452 772 504 neque
789 435 856 490 ab
872 453 934 490 ca
967 435 1246 490 liberatum
1276 435 1328 488 in
1357 435 1739 504 tranquillitate
1764 450 1884 488 esse

287 529 501 584 voluisti
527 546 540 583 :
565 527 662 584 scd
695 527 746 582 id
777 526 915 596 quod
946 535 1030 582 cst
1065 527 1404 590 miraculum,
1433 535 1489 581 et
1513 542 1769 596 perquam
1796 543 1884 579 ra-

277 639 428 688 rum,
459 621 512 675 in
546 620 724 674 Inedia
762 619 1121 674 tribulationis
1159 620 1533 687 constitutum,
1562 620 1767 690 absque
1793 636 1890 690 pa-

279 729 413 770 vore
437 727 560 767 esse
589 727 676 766 me
708 711 877 765 fecisti
911 730 922 764 :
955 712 1082 766 illud
1108 727 1244 767 sane
1269 721 1323 767 et
1357 711 1446 767 hic
1467 711 1590 768 fecit
1624 713 1886 782 benignus

279 805 564 860 Dominus.
607 805 660 859 5.
699 801 965 856 Benedia‘it
1005 803 1138 857 enim
1173 804 1379 858 domum
1404 803 1645 875 {Egyptii
1684 815 1890 876 propter

277 895 502 964 Joseph.
538 895 601 948 Et
623 893 807 947 didicit
830 903 1012 963 postea
1045 893 1322 960 barbarus,
1355 911 1478 950 eum
1505 896 1592 965 qui
1621 907 1674 949 ut
1701 911 1889 951 servus

281 986 602 1048 habebatur,
641 985 752 1039 Deo
774 987 1115 1055 peculiariter
1151 995 1359 1056 gratum
1389 1001 1530 1054 esse,
1565 987 1630 1040 Et
1657 988 1886 1058 permisit

281 1077 463 1131 omnia
483 1091 602 1146 qua:
627 1075 840 1130 habebat
870 1095 922 1130 tn
951 1079 1182 1131 mallibus
1205 1079 1436 1150 Joseph;
1464 1080 1515 1134 6.
1548 1087 1596 1132 et
1627 1096 1727 1133 non
1755 1081 1885 1133 scie—

277 1172 372 1224 bat
407 1168 707 1240 quidquam,
755 1180 943 1240 praeter
972 1185 1154 1240 pauent
1193 1187 1343 1241 quem
1380 1171 1693 1226 comedebat.
1725 1172 1887 1239 Quasi

276 1263 566 1317 dominum
608 1262 774 1318 totius
801 1261 997 1317 domus
1041 1263 1336 1318 constituit.
1373 1263 1455 1319 En
1491 1279 1680 1319 servus
1715 1273 1772 1319 et
1797 1279 1891 1317 ca-

278 1357 464 1425 ptivus
488 1355 588 1410 sub
613 1370 775 1409 manu
800 1369 898 1410 sua
925 1354 1089 1409 habet
1114 1356 1292 1410 omnia
1316 1371 1438 1427 qum
1477 1367 1630 1412 erant
1659 1356 1886 1410 domini.

282 1449 461 1503 Tanta
487 1463 573 1502 res
599 1457 684 1502 est
711 1447 882 1502 virtus
911 1466 923 1500 :
948 1463 1069 1502 nam
1101 1448 1424 1519 ubicumque
1454 1449 1541 1503 illa
1563 1451 1887 1518 apparuerit,

279 1541 544 1598 omnibus
565 1541 946 1596 dominatur-et
971 1542 1244 1612 prmvalet.
1277 1542 1489 1597 Etenim
1515 1545 1656 1598 sicut
1684 1544 1892 1598 oriente

282 1637 406 1692 sole
428 1635 669 1690 tenebr=e
695 1634 1072 1701 discutiuntur,
1108 1637 1178 1689 ita
1218 1644 1275 1689 et
1303 1651 1445 1690 nunc
1471 1644 1762 1706 app-arente
1787 1637 1890 1690 vir-

283 1738 406 1784 tute
433 1743 465 1783 e
489 1727 669 1782 medio
697 1726 902 1782 tollitur
923 1726 1103 1782 omnis
1129 1728 1354 1781 malitia.

357 1821 416 1875 4.
454 1818 598 1873 Victa
621 1835 656 1872 α
678 1818 908 1890 Iosephi)
943 1835 1076 1874 uxor
1104 1819 1448 1890 Putipharis;
1491 1819 1626 1874 Deus
1665 1823 1804 1875 solus
1825 1822 1896 1874 ti-

283 1915 506 1968 mendus
532 1911 816 1968 est—Sed
848 1913 984 1966 mala
1004 1913 1172 1967 bestia
1194 1914 1457 1977 diabolus,
1487 1923 1544 1968 ut
1561 1914 1794 1984 primum
1819 1916 1897 1967 vi-

281 2003 369 2056 dit
393 2003 597 2071 justum
629 2012 839 2072 gratum
869 2015 1012 2068 esse,
1045 2012 1102 2057 et
1146 2017 1241 2074 per
1268 2018 1329 2058 ea
1359 2019 1478 2074 quae
1508 2015 1758 2074 putantur
1774 2020 1896 2061 esse

283 2095 513 2149 adversa
546 2096 828 2149 clariorem
867 2093 1008 2161 fieri,
1049 2093 1232 2151 fremit
1258 2095 1509 2151 dentibus
1552 2106 1606 2151 et
1650 2096 1843 2150 insanit
1876 2114 1892 2152 :

282 2203 467 2260 neque
494 2187 678 2243 videre
720 2198 895 2257 potest
916 2188 1114 2256 justum
1139 2189 1374 2258 quotidie
1409 2191 1578 2258 magis
1624 2205 1685 2244 ac
1727 2191 1896 2261 magis

283 2281 610 2346 clarescere,
637 2279 735 2336 sed
765 2280 1085 2350 profundum
1109 2282 1418 2335 barathrum
1443 2282 1644 2346 eﬂ‘odit,
1675 2292 1728 2336 et
1752 2299 1893 2353 pra:-

286 2372 529 2442 cipitium
578 2381 760 2440 parat,
813 2388 920 2442 quo
970 2373 1114 2427 ilium
1167 2373 1420 2438 maximo,
1474 2383 1530 2428 ut
1582 2373 1893 2441 arbitratur,

283 2462 486 2516 damno
513 2461 740 2526 alliciat;
773 2471 826 2516 et
866 2471 1238 2533 tempestatem
1293 2465 1524 2528 excitat,
1569 2480 1685 2535 qure
1729 2465 1897 2535 possit

286 2553 583 2609 violentum
629 2555 728 2625 ipsi
773 2555 1106 2625 naufragium
1139 2571 1329 2625 parere
1368 2575 1382 2612 :
1423 2558 1518 2612 sed
1561 2558 1744 2613 didicit
1788 2574 1894 2613 non

286 2658 414 2717 post
447 2648 662 2718 longum
693 2658 922 2718 tempus,
953 2663 1015 2704 se
1039 2660 1228 2704 contra
1269 2651 1543 2706 stimulum
1591 2652 1892 2720 calcitrarc,

286 2749 345 2794 et
366 2747 556 2795 contra
596 2755 752 2793 suum
775 2748 938 2808 caput
966 2741 1178 2809 operari
1209 2743 1406 2797 omnia.
1452 2742 1518 2796 Et
1543 2753 1651 2798 erat
1679 2743 1893 2812 Ioseph,

279 2832 482 2900 inquit,
513 2831 722 2901 pulcher
751 2832 932 2901 specie,
960 2842 1007 2886 et
1039 2835 1291 2902 [aromatis
1317 2846 1541 2902 aspectu.
1575 2835 1752 2903 Quare
1793 2851 1896 2891 no-

289 2925 377 2978 bis
404 2926 644 2993 corporis
677 2925 1126 2993 pulchritudinem
1151 2928 1368 2980 narrat?
1389 2926 1457 2982 Ut
1479 2927 1748 2982 discamus
1772 2944 1894 2982 eum

289 3034 402 3073 non
431 3018 604 3073 solum
628 3019 801 3072 anima
837 3019 1114 3088 pulchrum
1140 3018 1323 3086 fuisse,
1354 3022 1446 3076 sed
1485 3031 1538 3076 et
1559 3037 1802 3092 corpore.
1839 3021 1896 3077 In

288 3111 413 3178 ipse
441 3109 583 3163 enim
609 3110 747 3165 flore
775 3111 949 3165 :etatis
972 3121 1086 3166 erat
1110 3129 1123 3163 :
1147 3110 1361 3181 juvenis
1403 3123 1539 3179 erat,
1573 3123 1627 3168 et
1671 3114 1898 3170 Pulcher

286 3200 479 3266 specie,
510 3209 557 3252 et
578 3201 830 3270 formosus
854 3204 1005 3272 facie.
1031 3203 1156 3257 “me
1186 3212 1362 3258 autem
1394 3205 1540 3275 prius
1569 3209 1804 3262 narravit
1828 3207 1897 3263 de

287 3307 363 3344 ro
386 3291 682 3360 Scriptura.
732 3303 791 3347 ut
835 3294 1023 3349 doceat
1057 3312 1152 3349 nos
1189 3295 1492 3368 IEgyptiam
1540 3299 1896 3357 adolescentis

291 3383 689 3452 pulchritudine
712 3396 921 3455 captam
948 3387 1013 3440 ad
1041 3389 1282 3443 illicitum
1302 3405 1422 3444 cum
1453 3392 1791 3446 concubitum
1817 3393 1891 3446 in-

286 3478 509 3532 citasse.
540 3477 592 3533 7.
624 3476 689 3531 Et
711 3478 900 3546 factum
927 3490 999 3533 est
1023 3491 1134 3551 post
1164 3482 1288 3535 haec.
1312 3484 1448 3549 Quid
1476 3494 1576 3546 est,
1602 3484 1725 3539 Post
1751 3487 1899 3540 hinc?

290 3568 585 3638 Postquam
618 3569 668 3622 ei
698 3570 1002 3624 concredita
1037 3582 1273 3642 potestas
1313 3576 1475 3629 totius
1503 3576 1714 3639 domus,
1750 3590 1895 3646 post-

288 3676 458 3725 quam
490 3669 695 3729 tantum
725 3662 982 3717 honorem
1003 3678 1034 3718 a
1057 3664 1274 3720 domino
1294 3681 1390 3719 suo
1412 3679 1770 3736 consequutus
1793 3679 1895 3734 est,

293 3751 481 3822 lnjecit
527 3769 656 3806 uxor
695 3753 888 3807 domini
928 3755 1008 3808 sui
1053 3757 1224 3811 oculos
1268 3774 1385 3812 suos
1423 3760 1476 3812 in
1517 3758 1731 3829 Ioseph.
1765 3761 1898 3816 Vide

289 3846 758 3912 intemperantiam
808 3847 1018 3903 lascivas
1073 3849 1335 3906 mulieris.
1368 3850 1482 3905 Non
1520 3852 1683 3907 subiit
1721 3853 1795 3907 illi
1845 3855 1898 3909 in

291 3945 529 3993 mentem
558 3953 618 3994 se
650 3939 831 3994 haberi
863 3941 1154 4008 dominam,
1185 3959 1290 3998 non
1319 3944 1566 4015 cogitavit
1607 3945 1755 4000 illum
1777 3961 1900 4002 esse

293 4045 532 4094 servum,
563 4031 659 4086 sed
684 4047 714 4084 a
747 4031 1075 4088 formositate
1095 4044 1272 4104 capta,
1295 4044 1348 4089 et
1367 4036 1630 4092 diabolico
1653 4037 1898 4092 incendio

291 4132 570 4191 suscepto,
601 4123 652 4177 in
692 4123 938 4194 juvenem
969 4139 1154 4198 postea
1194 4129 1399 4184 insilire
1439 4140 1645 4185 teutat:
1677 4131 1902 4186 malam-

291 4231 399 4284 que
423 4215 566 4269 illam
595 4217 971 4286 cogitationem
1000 4220 1052 4274 in
1083 4231 1264 4278 mente
1285 4238 1530 4290 servans,
1566 4231 1776 4296 tempus
1811 4226 1899 4280 iu—

292 4307 547 4376 quirebat
573 4317 628 4364 et
655 4309 1021 4378 solitudinem,
1044 4329 1164 4384 qua:
1205 4325 1422 4384 possent
1447 4318 1494 4371 ei
1524 4320 1801 4388 cooperari
1832 4319 1898 4375 ad

295 4398 538 4454 illicitum
581 4415 734 4455 suum
783 4414 1053 4459 conatum.
1115 4405 1299 4460 Verum
1343 4407 1434 4461 ille
1475 4409 1636 4464 notuit
1665 4425 1685 4464 :
1726 4427 1902 4481 neque

296 4496 496 4563 paruit,
525 4513 700 4566 neque
724 4499 883 4552 verba
911 4500 1052 4554 illius
1081 4503 1339 4571 suscepit.
1369 4501 1582 4559 Sciebat
1606 4505 1748 4559 enim
1776 4506 1901 4561 Ilith

292 4586 398 4641 sibi
422 4603 668 4659 magnam
701 4593 990 4660 perniciem
1019 4596 1196 4649 enasci
1224 4614 1236 4650 :
1265 4605 1319 4650 ct
1345 4612 1448 4651 non
1472 4598 1640 4652 solum
1664 4613 1750 4654 res
1775 4616 1900 4655 suas

291 4680 596 4748 spectabat,
645 4682 739 4738 sed
789 4699 1004 4754 operam
1033 4686 1194 4741 dabat
1243 4696 1302 4741 ut
1347 4697 1399 4742 et
1441 4689 1609 4756 illam,
1641 4701 1898 4760 quantum

297 4773 557 4838 possibile
587 4784 723 4839 erat,
755 4775 823 4830 ab
854 4778 1055 4832 insania
1083 4777 1184 4833 hac
1213 4779 1484 4847 liberaret,
1517 4790 1572 4835 et
1611 4783 1681 4836 ab
1715 4783 1899 4837 illicita

294 4871 399 4921 ista
432 4873 862 4939 concupiscentia
896 4912 909 4924 .
941 4882 1100 4942 atque
1143 4874 1424 4928 consilium
1452 4876 1500 4928 ei
1545 4876 1719 4941 affert,
1756 4878 1900 4946 quod

292 4958 600 5014 sufﬁciebat
630 4962 678 5016 ei
704 4971 758 5016 ut
785 4963 1100 5032 pudeﬁeret,
1125 4972 1179 5018 et
1207 4965 1330 5033 quid
1359 4966 1457 5020 sibi
1488 4978 1631 5021 esset
1663 4968 1902 5036 profutu-

295 5067 419 5104 rum
454 5065 824 5120 cognosceret.
854 5056 905 5109 8.
947 5054 1092 5108 Dixit
1129 5057 1284 5122 enim,
1320 5057 1510 5127 inquit,
1542 5060 1691 5112 uxori
1711 5060 1901 5114 domini

294 5147 375 5196 sui
411 5146 647 5212 (domina
688 5163 719 5199 a
764 5163 919 5201 servo
959 5147 1240 5202 consilium
1266 5149 1492 5220 accep‘t)
1517 5168 1532 5204 :
1561 5150 1624 5205 Si
1665 5151 1900 5206 dominus

297 5251 444 5285 mena-
467 5247 670 5304 propter
697 5255 773 5289 me
795 5239 922 5292 nihil
948 5240 1039 5293 scit
1063 5239 1117 5292 in
1143 5240 1292 5293 domo
1313 5257 1426 5302 sua,
1459 5241 1548 5294 sed
1569 5242 1739 5295 omnia
1763 5259 1902 5314 qua:-

295 5342 514 5390 cumque
538 5327 707 5392 habet,
735 5329 868 5382 dedit
895 5331 946 5384 in
972 5347 1150 5385 manus
1177 5348 1333 5386 meas.
1357 5331 1402 5387 0
1423 5342 1635 5403 gratum
1662 5334 1760 5387 viri
1787 5336 1904 5387 ani-

295 5418 486 5472 mum!
518 5419 648 5475 V’ide
687 5423 956 5490 quomodo
994 5435 1272 5480 enumerat
1302 5425 1559 5481 beneficia
1587 5427 1811 5490 domini,
1842 5438 1902 5483 ut

294 5508 494 5564 doceat
519 5513 893 5592 quantumilla
916 5529 975 5569 se
997 5514 1254 5586 ingratam
1278 5531 1400 5587 erga
1423 5519 1702 5590 conjugcm
1720 5529 1901 5576 osten-

297 5603 410 5654 dat.
442 5600 496 5655 Si
526 5605 668 5656 enim
696 5619 814 5673 ego,
850 5605 1052 5675 inquit,
1075 5608 1164 5677 qui
1203 5607 1427 5662 famulus
1455 5624 1572 5664 sum
1596 5653 1612 5677 ,
1643 5612 1732 5682 qui
1776 5629 1898 5682 pcr-

296 5696 541 5760 egrinus.
574 5695 664 5762 qui
689 5696 949 5764 captivus,
976 5707 1120 5751 tanta
1149 5698 1292 5753 fruor
1313 5700 1448 5768 apud
1478 5717 1599 5755 eum
1630 5703 1895 5769 libertate,

297 5795 354 5838 ut
382 5783 565 5840 omnia
605 5799 702 5840 sua
741 5784 842 5840 sub
881 5804 1040 5845 manu
1073 5806 1185 5847 mea
1221 5792 1496 5847 tradiderit
1529 5810 1540 5822 ·
1575 5803 1629 5850 ct
1654 5794 1784 5851 nihil
1814 5807 1896 5852 cst

1276 320 1340 376 IN
1376 321 1530 375 CAP.
1575 319 1823 376 XXXIX.
1865 319 2112 376 GENES.
2157 321 2387 378 llOMlL.
2433 323 2590 379 LXII.

3133 308 3160 317 ι.

3487 320 3589 378 55b

1992 435 2135 504 quod
2164 437 2376 507 excepit
2403 438 2472 492 de
2498 452 2658 492 tnanu
2695 452 2838 504 mea,
2881 445 3078 508 ιιι-τρια·
3117 444 3168 490 te
3209 453 3222 489 :
3253 443 3309 491 et
3345 439 3594 491 oamilms

1992 527 2112 581 aliis
2135 543 2237 598 ego
2265 543 2515 598 prtesum,
2547 529 2648 584 soli
2679 538 2856 583 autem
2894 527 2985 582 tibi
3012 527 3285 595 subjicior,
3308 544 3474 598 esque
3502 544 3594 583 ex-

1996 627 2076 672 tra
2106 635 2278 674 meam
2310 627 2650 690 potestatem.
2704 618 2908 674 Deinde
2939 627 2998 672 ut
3035 618 3248 673 letalem
3287 619 3339 673 ei
3383 619 3592 688 plagam

1992 711 2167 778 daret,
2213 723 2268 766 et
2317 713 2370 767 in
2417 722 2651 768 mentem
2693 724 2972 767 revocaret
3000 711 3094 766 \il'i
3141 711 3589 772 benevolentiam,

1995 804 2451 874 persuaderetque
2474 805 2523 859 ei
2557 820 2623 859 ne
2654 814 2758 859 tam
2783 805 2983 874 ingrata
3003 812 3145 857 esset
3161 818 3283 870 erga
3307 803 3593 870 coniugem

1996 911 2172 961 suum,
2199 898 2406 966 inquit:
2433 898 2498 950 Et
2528 905 2580 949 tu
2605 906 2885 966 propterea
2905 907 3052 950 extra
3079 904 3394 963 potestatem
3419 909 3592 948 meam

1996 1004 2054 1042 es
2081 1028 2098 1053 ,
2124 1004 2194 1043 eo
2217 988 2271 1042 9.
2302 987 2452 1054 Quod
2475 997 2529 1040 tu
2555 1003 2688 1042 uxor
2714 988 2825 1058 ejus
2853 987 2939 1040 sis.
2973 985 3105 1040 Cum
3135 987 3294 1054 igitur
3319 1001 3451 1038 uxor
3477 985 3596 1052 ejus

1995 1080 2090 1143 sis,
2121 1078 2390 1144 Quomodo
2429 1079 2616 1149 faciam
2663 1080 2758 1132 hoc
2805 1077 2993 1131 malum
3039 1077 3261 1143 uerbum,
3291 1088 3339 1129 et
3378 1075 3595 1146 peccubo

1995 1189 2166 1226 coram
2203 1172 2312 1226 Deo
2332 1173 2358 1225 .9
2382 1171 2643 1238 Quoniam
2665 1171 2808 1226 enim
2839 1169 2928 1224 illa
2955 1169 3298 1223 solitudinem
3329 1167 3592 1222 observa-

1998 1266 2107 1330 bat,
2141 1275 2195 1321 et
2222 1275 2432 1334 tempus
2461 1263 2805 1334 exspectabat
2837 1277 2945 1332 quo
2981 1262 3145 1315 latere
3191 1269 3371 1328 pos.~et
3394 1260 3591 1324 virum,

1996 1367 2050 1413 ct
2079 1372 2267 1412 omnes
2294 1358 2384 1428 qui
2429 1358 2482 1412 in
2527 1358 2687 1411 domo
2725 1364 2900 1425 erant,
2930 1355 3061 1411 dicit
3089 1371 3102 1407 :
3129 1352 3393 1419 Quomodo
3421 1362 3602 1420 potero

1998 1455 2166 1521 facere
2195 1453 2386 1505 malum
2428 1451 2546 1517 hoc,
2575 1459 2622 1503 et
2653 1449 2866 1518 peccabo
2890 1463 3061 1501 coram
3093 1444 3244 1499 Deo?
3271 1443 3410 1511 Quid
3447 1443 3594 1496 enim

1999 1547 2193 1616 putas?
2225 1545 2443 1600 Etiamsi
2495 1543 2782 1599 fecerimus
2833 1551 2892 1596 ut
2942 1555 3029 1596 res
3063 1540 3201 1593 clam
3233 1538 3301 1593 sit
3327 1535 3596 1597 omnibus,

1995 1640 2214 1694 oculum
2238 1648 2417 1694 tamen
2440 1638 2611 1704 illum,
2641 1637 2731 1707 qui
2749 1635 3039 1691 dormitare
3064 1632 3267 1703 nequit,
3296 1631 3463 1684 latere
3488 1644 3600 1682 nun

1999 1732 2295 1803 poterimus
2326 1749 2339 1784 :
2373 1730 2521 1785 illum
2551 1729 2729 1783 solum
2771 1728 2961 1781 timere
3001 1733 3234 1796 Oportet,
3284 1732 3338 1777 et
3370 1730 3599 1776 tremere

1997 1840 2060 1879 ac
2084 1839 2301 1895 patere,
2335 1831 2393 1876 nt
2415 1837 2483 1876 ne
2511 1823 2564 1875 in
2589 1828 2883 1888 conspectu
2925 1817 3040 1886 ejus
3070 1815 3194 1868 mali
3220 1812 3490 1884 quidpiam
3520 1810 3596 1862 fa-

1999 1918 2228 1973 ciamus.
2255 1917 2320 1970 Et
2347 1925 2405 1969 ut
2424 1915 2692 1969 discamus
2712 1911 2840 1981 justi
2863 1909 3213 1965 excellentem
3236 1907 3512 1968 virtutem,
3544 1911 3599 1956 et

2001 2027 2123 2067 eum
2153 2025 2258 2064 non
2293 2009 2464 2064 semel
2504 2023 2677 2077 neque
2718 2006 2823 2071 bis,
2867 2004 2964 2058 sed
3004 2011 3059 2057 et
3100 2001 3296 2071 saepius
3325 2007 3596 2054 certamen

2000 2104 2103 2158 hoc
2123 2102 2460 2164 sustinuisse,
2489 2113 2545 2155 et
2566 2099 2892 2167 colloquium
2923 2095 3025 2149 hoc
3057 2095 3262 2156 tulisse,
3292 2089 3601 2145 consulere-

2001 2212 2106 2266 que
2135 2211 2240 2249 non
2263 2194 2583 2256 cessavisse,
2614 2190 2790 2246 subdit
2813 2188 3090 2258 Scriptura
3118 2203 3131 2242 :
3160 2184 3247 2240 10.
3277 2181 3406 2238 Cum
3436 2190 3601 2233 autem

2003 2286 2284 2358 loqueretur
2308 2287 2371 2340 de
2387 2286 2469 2339 die
2487 2287 2539 2338 in
2562 2285 2712 2348 diem,
2741 2291 2786 2336 et
2813 2298 2912 2334 non
2936 2279 3158 2334 obedire!
3185 2277 3230 2330 ei
3257 2293 3274 2330 :
3297 2275 3385 2328 ubi
3415 2273 3601 2338 obser-

2001 2380 2145 2434 vavit
2167 2380 2218 2433 in
2252 2378 2414 2432 domo
2443 2376 2727 2431 facientem
2753 2369 2975 2441 aliquid,
3005 2369 3196 2424 assiliit
3242 2368 3295 2422 in
3322 2370 3598 2432 juvenem,

2001 2474 2140 2525 sicut
2193 2470 2304 2524 fera
2347 2469 2596 2523 dentibus
2641 2464 2913 2526 frendens,
2953 2470 3010 2516 et
3050 2457 3400 2530 apprehensis
3433 2454 3599 2508 vesti-

2002 2565 2196 2620 mentis
2241 2563 2416 2617 tcnuit
2444 2577 2587 2616 cum.
2620 2558 2735 2613 Non
2790 2555 3105 2628 simpliciter
3158 2552 3261 2606 hoc
3308 2557 3600 2620 prmterea-

2004 2672 2143 2724 mus,
2193 2655 2287 2712 scd
2331 2655 2627 2725 cogitemus
2673 2660 2926 2722 quantum
2969 2657 3242 2702 certamen
3289 2640 3602 2698 sustinuerit

1997 2755 2176 2821 justus
2206 2751 2313 2805 ille.
2361 2749 2476 2803 Non
2518 2747 2661 2801 enim
2687 2753 2802 2800 erat
2842 2753 2951 2796 tam
2998 2736 3335 2802 admirabile,
3379 2743 3434 2787 ut
3471 2731 3598 2786 mihi

2001 2847 2233 2914 videtur,
2264 2845 2314 2898 in
2348 2844 2560 2897 fornace
2609 2836 2896 2910 Babylonis
2942 2832 3144 2888 versari
3189 2843 3298 2885 tres
3327 2843 3518 2898 pueros
3547 2834 3602 2880 et

2005 2940 2196 2993 illaesos
2230 2949 2562 3007 permanere,
2607 2931 2847 3001 nihilque
2874 2929 2942 2982 ab
2966 2928 3086 2998 igne
3110 2923 3214 2994 pati
3245 2923 3406 2995 (Dtm.
3429 2919 3508 2990 ὖ),
3543 2927 3602 2971 ut

2001 3031 2314 3087 admirabile
2343 3028 2445 3082 hoc
2473 3035 2526 3080 et
2571 3039 2775 3090 rarum,
2815 3035 3009 3090 nempe
3046 3014 3416 3072 admirandum
3452 3011 3600 3064 illtnn

1998 3123 2247 3193 juvenem
2275 3118 2497 3175 retineri
2523 3113 2857 3170 vestimentis
2883 3126 2911 3165 a
2937 3109 3164 3165 scelesta
3193 3106 3280 3160 illa
3304 3114 3357 3159 et
3382 3102 3601 3165 lasciva,

2005 3231 2104 3271 nec
2131 3226 2307 3270 tamen
2338 3213 2412 3266 illi
2445 3212 2656 3272 cedere.
2701 3207 2796 3262 sed
2825 3214 2878 3260 et
2905 3203 3146 3259 vestibus
3171 3199 3372 3255 relictis
3402 3196 3453 3249 in
3485 3209 3599 3249 ma-

2005 3307 2160 3363 nibus
2189 3306 2331 3360 illius
2363 3304 2589 3359 resilire.
2621 3300 2769 3356 Sicut
2789 3299 2930 3353 enim
2961 3307 3068 3351 tres
3098 3293 3246 3365 pueri
3283 3292 3353 3346 illi
3386 3298 3599 3360 propter

2003 3415 2154 3454 suam
2186 3398 2434 3450 virtutem
2462 3408 2694 3463 superno
2720 3390 2839 3445 freti
2867 3388 3082 3451 auxilio,
3113 3387 3232 3456 igne
3264 3379 3594 3453 prmsmntio-

2004 3507 2092 3547 res
2125 3491 2224 3546 visi
2251 3499 2377 3545 sunt
2407 3508 2419 3543 :
2453 3489 2522 3542 ita
2551 3496 2607 3542 et
2636 3484 2744 3548 ille,
2769 3485 2891 3554 quia
2921 3481 3062 3552 quod
3104 3480 3155 3532 in
3192 3493 3251 3530 se
3271 3484 3385 3530 erat
3414 3472 3602 3526 affere-

2003 3586 2115 3648 bat,
2147 3593 2200 3639 et
2229 3580 2573 3637 continentia:
2611 3577 2904 3632 certamina
2933 3588 3052 3628 cum
3090 3583 3280 3639 magna
3317 3563 3603 3622 exhibebat

2004 3675 2326 3741 constantia,
2373 3685 2567 3741 magno
2597 3680 2936 3739 supt‘ranue
2965 3661 3213 3734 praesidio
3244 3657 3600 3712 muniebatur.

2005 3768 2187 3838 Neque
2214 3766 2357 3821 enim
2407 3763 2687 3834 potuisset,
2736 3759 2955 3815 dextera
3004 3755 3097 3809 Dei
3145 3768 3250 3807 non
3281 3755 3605 3819 c00perante

2003 3859 2074 3924 ei,
2102 3866 2307 3912 tantum
2331 3866 2602 3911 certamen
2624 3861 2854 3917 certare,
2891 3856 2947 3904 et
2975 3863 3004 3901 a
3029 3845 3230 3901 retibus
3259 3842 3398 3896 illius
3429 3839 3606 3928 libidi-

2002 3965 2150 4005 nosm
2179 3947 2419 4002 mulieris
2458 3945 2731 4014 aufugero.
2764 3943 2829 3997 Et
2864 3940 3056 3994 licebat
3085 3946 3269 4006 postea
3299 3933 3479 3986 videre
3503 3931 3603 3983 ad-

2006 4043 2304 4099 mirabilem
2331 4042 2500 4106 illum,
2529 4039 2730 4095 nudum
2750 4036 2965 4108 quidem
2989 4033 3220 4090 vestibus
3250 4033 3416 4094 exire,
3447 4028 3603 4082 indu-

2006 4146 2117 4190 tum
2146 4145 2323 4190 autem
2368 4133 2714 4191 continentia:
2743 4128 3094 4193 vestimentis,
3139 4135 3194 4182 et
3233 4124 3385 4196 quasi
3422 4122 3490 4177 ab
3518 4122 3602 4175 in-

2004 4227 2196 4283 cendio
2237 4236 2292 4282 et
2337 4227 2553 4281 fornace
2583 4224 2807 4279 illaesum
2846 4221 3124 4292 effugere:
3171 4234 3234 4272 ac
3281 4233 3387 4270 non
3431 4214 3604 4268 solum

2005 4338 2112 4376 non
2149 4321 2416 4388 adustum,
2445 4318 2539 4375 sed
2570 4327 2626 4374 et
2653 4317 2822 4374 multo
2846 4313 3182 4386 fulgidiorem
3223 4320 3282 4366 et
3320 4308 3606 4364 clariorem

2005 4415 2223 4470 factum.

2077 4509 2130 4562 5.
2161 4507 2264 4562 Sed
2297 4506 2415 4561 vide
2444 4512 2564 4576 post
2591 4512 2790 4559 tantam
2817 4500 3115 4560 victoriam.
3148 4504 3372 4564 postque
3401 4500 3602 4546 tantam

2005 4599 2390 4662 fortitudinem,
2438 4597 2590 4667 cujus
2633 4609 2793 4650 causa
2835 4592 2984 4646 illum
3021 4587 3300 4659 oportebat
3333 4584 3602 4649 coronari,

2005 4702 2060 4747 et
2105 4693 2260 4762 cujus
2307 4705 2464 4744 causa
2522 4686 2805 4759 oportebat
2857 4685 3010 4739 illum
3059 4679 3359 4753 praedicari,
3409 4679 3605 4732 iterum

2005 4787 2155 4856 quasi
2180 4801 2334 4841 reum
2353 4795 2406 4840 et
2432 4784 2720 4839 obnoxium
2750 4781 3031 4834 innumera
3059 4775 3411 4832 sustinentem
3440 4771 3604 4826 inala.

2006 4879 2137 4934 Nam
2163 4876 2409 4948 [Egyptia
2433 4876 2522 4930 illa
2556 4891 2660 4930 non
2688 4873 2865 4928 ferens
2888 4871 3144 4942 pudorem
3166 4881 3218 4924 et
3233 4867 3603 4937 opprobrium,

2007 4973 2058 5026 in
2091 4988 2209 5042 qua:
2245 4970 2478 5038 seipsam
2517 4968 2775 5038 iniecerat
2807 4963 3155 5035 impossibilia
3181 4970 3470 5025 attentaus,
3499 4959 3609 5028 pri-

2007 5079 2153 5118 mum
2180 5061 2395 5133 quidem
2422 5060 2736 5115 convocavit
2759 5073 2853 5114 eos
2876 5059 2963 5128 qui
2993 5056 3046 5112 in
3075 5056 3238 5111 domo
3257 5060 3431 5116 erant,
3455 5065 3606 5105 accu-

2005 5169 2133 5208 sans
2170 5153 2565 5208 adolescentem
2609 5169 2622 5205 :
2671 5149 3088 5217 testificaturque
3116 5146 3263 5200 illum
3291 5142 3493 5197 dixisse
3540 5156 3605 5194 ea

2004 5262 2123 5317 qua:
2153 5246 2220 5300 ab
2245 5246 2356 5315 ipsa
2377 5260 2572 5316 magno
2599 5245 2778 5298 furore
2805 5242 3086 5312 proposita
3102 5239 3329 5302 fuerant,
3353 5244 3512 5305 atque
3529 5234 3606 5288 ita

2005 5352 2195 5393 omnes
2233 5336 2486 5407 decipere
2523 5344 2710 5391 tentat.
2757 5333 2854 5389 llic
2879 5333 3022 5388 enim
3065 5345 3185 5385 mos
3231 5337 3316 5384 est
3363 5326 3602 5389 malitiae,

2006 5445 2219 5500 semper
2257 5439 2446 5485 contra
2494 5430 2745 5484 virtutem
2795 5433 3014 5496 pugnat,
3052 5435 3112 5478 et
3155 5423 3203 5478 ei
3247 5437 3341 5476 sua
3385 5429 3604 5492 peccata

2006 5520 2312 5576 adscribere
2342 5522 2574 5590 satagit:
2606 5519 2660 5574 id
2684 5517 2825 5588 quod
2865 5527 2916 5571 et
2959 5516 3075 5570 bare
3111 5513 3358 5578 faciebat,
3416 5511 3605 5566 adole-

2009 5623 2250 5668 scentem
2275 5613 2423 5680 quasi
2450 5613 2894 5679 intemperantem
2924 5608 3214 5664 criminans
3244 5616 3298 5662 et
3343 5620 3403 5660 se
3429 5603 3603 5658 conti-

2009 5714 2201 5759 nentia:
2232 5705 2376 5756 larva
2421 5712 2622 5773 legens,
2656 5701 2948 5772 diceusque
2977 5710 3196 5770 propter
3227 5698 3329 5751 hoc
3357 5706 3410 5750 ct
3456 5695 3604 5750 illum

2011 5807 2184 5853 vestes
2211 5795 2509 5867 reliquisse,
2539 5805 2594 5853 et
2620 5812 2678 5854 sc
2702 5794 2986 5853 retinuisse
3013 5793 3150 5849 illas.
3187 5790 3450 5862 Bcnignns
3470 5797 3600 5840 vero
