3974 6418
433 315 540 376 569

437 431 580 488 licus
610 433 724 488 Ita-c
752 434 865 488 fieri
895 433 1168 504 permittit,
1193 443 1248 487 ut
1279 449 1373 502 per
1393 434 1567 488 omnia
1595 431 1846 488 famulum
1861 447 2016 487 suum

435 526 718 580 clariorem
754 523 971 579 efliciat.
1000 523 1131 579 Nam
1162 524 1273 578 haec
1297 525 1474 578 omnia
1504 525 1732 579 venienti
1755 525 1871 578 viro
1896 539 2018 578 cum

436 629 628 684 magna
658 615 854 669 malitia
882 615 1048 679 dixit,
1099 624 1154 669 et
1177 614 1571 670 adolescentem
1598 617 1865 669 accusavit
1891 654 1905 677 ,
1932 613 2018 668 di-

435 717 566 757 cens
601 723 614 759 :
647 705 732 759 ΓΙ.
764 701 979 758 Intravit
1001 705 1068 758 ad
1097 721 1176 760 nte
1203 722 1328 775 pater
1354 703 1620 769 Hebraeus,
1647 721 1794 776 quem
1829 705 2019 760 duxisti

437 793 505 846 ad
525 809 635 858 nos,
668 804 722 846 ut
749 795 980 848 illuderet
1005 795 1146 848 mihi.
1171 795 1215 850 0
1241 796 1432 851 misera
1463 805 1517 850 et
1536 795 1873 850 calamitosa!
1901 795 2017 850 Non

439 886 550 953 ipse
582 886 888 950 introduxit,
921 897 979 942 ut
1020 887 1266 942 illndcret
1293 887 1384 942 tibi
1419 905 1434 941 :
1465 887 1560 942 sed
1585 887 1825 943 diabolus
1855 896 1907 942 te
1936 887 2022 940 in.

435 975 605 1041 duxit,
635 986 690 1031 ut
712 993 818 1032 non
844 978 1017 1034 solum
1056 978 1295 1034 adultera
1339 980 1513 1045 lieres,
1544 978 1638 1034 scd
1663 989 1718 1033 et
1746 989 1822 1042 ut,
1853 993 2022 1048 quan-

439 1078 550 1122 tum
582 1069 632 1123 in
662 1078 713 1124 te
752 1071 867 1136 fuit,
903 1071 1247 1126 homicidium
1277 1082 1530 1141 patrares.
1566 1071 1632 1125 Et
1656 1070 1888 1125 ostendit
1926 1083 2023 1138 po-

435 1170 551 1215 stea
578 1161 643 1215 ad
667 1162 1156 1234 comprobationem
1183 1180 1365 1220 eorum
1396 1179 1516 1235 quae
1539 1163 1681 1219 dicta
1711 1171 1866 1218 erant
1887 1162 2015 1217 ado-

441 1251 616 1304 lescen
624 1249 691 1306 tis
711 1261 906 1308 vestes.

513 1339 610 1395 Dei
635 1343 946 1411 providentia
963 1361 1083 1416 erga
1109 1343 1411 1414 Iosephum.
1433 1375 1503 1385 —
1523 1342 1835 1409 Considera,
1859 1341 1991 1396 ohse
2005 1371 2018 1379 -

438 1447 553 1498 cro,
609 1432 694 1487 hic
739 1435 1036 1489 communis
1082 1439 1321 1491 omnium
1374 1435 1582 1490 Domini
1630 1433 2016 1489 clementiam:

441 1523 581 1577 sicut
607 1523 748 1578 enim
782 1539 810 1578 a
839 1525 1089 1582 fratribus
1132 1527 1278 1582 illum
1321 1527 1535 1598 eripuit,
1575 1526 1871 1581 volentibus
1897 1541 2019 1580 cum

441 1614 741 1672 interficere
777 1633 791 1671 :
841 1625 895 1672 et
934 1618 1112 1674 effecit
1145 1620 1372 1689 primum
1401 1618 1615 1689 quidem
1646 1627 1702 1674 ut
1727 1617 2021 1673 secundum

440 1707 721 1762 consilium
743 1708 926 1764 Ruben
955 1710 1004 1763 in
1025 1710 1309 1766 cisternam
1335 1712 1727 1778 immitteretur,
1757 1719 1812 1766 et
1837 1719 2020 1780 postea

441 1797 632 1852 iterum
662 1799 950 1854 secundum
973 1801 1252 1855 consilium
1279 1799 1430 1856 ludar
1451 1800 1864 1871 negotiatoribus
1891 1814 2022 1854 ven-

439 1888 674 1955 deretur,
707 1899 765 1944 ut
787 1891 1117 1946 somniorum
1140 1905 1362 1949 eventus
1385 1893 1796 1962 complerentur,
1830 1890 2020 1947 iidem-

439 1995 544 2049 que
591 1980 824 2037 facerent
855 1983 1022 2054 justo,
1070 1999 1175 2040 non
1221 1987 1412 2042 frustra
1461 2001 1634 2056 neque
1671 1995 1872 2040 temere
1907 1984 2022 2039 haec

440 2073 754 2143 praesignata
785 2075 949 2132 fuisse
984 2095 998 2132 :
1030 2077 1100 2132 ita
1124 2087 1180 2134 et
1218 2095 1358 2134 nunc
1394 2094 1626 2149 superna
1673 2093 1864 2133 manus
1902 2085 2023 2132 erat

441 2179 560 2233 qua:
591 2165 871 2223 barbarum
903 2168 1150 2239 detinuit,
1179 2180 1235 2227 et
1258 2187 1365 2227 non
1401 2173 1639 2242 permisit
1671 2181 1728 2226 ut
1755 2171 1932 2227 statim
1954 2170 2022 2226 ad

441 2256 642 2312 caedem
666 2258 793 2328 justi
823 2259 1115 2317 festinaret.
1150 2263 1286 2330 Quid
1331 2265 1474 2320 enim
1519 2263 1875 2333 prohibuisset
1899 2278 2022 2318 eum

441 2351 544 2407 hoc
572 2351 764 2418 facere,
810 2370 931 2409 cum
980 2355 1297 2425 intelligeret
1339 2357 1486 2412 illum
1518 2358 1712 2413 violare
1757 2373 1909 2411 suum
1939 2356 2021 2412 le-

439 2452 584 2497 ctum
613 2444 941 2500 tentavissc?
987 2445 1182 2501 Verum
1227 2447 1477 2516 providus
1510 2449 1648 2504 Deus
1676 2448 1796 2504 ideo
1822 2457 2019 2502 tantam

439 2534 640 2588 curavit
681 2535 751 2589 ab
804 2535 896 2591 illo
933 2536 1172 2592 exhiberi
1213 2537 1574 2601 clementiam,
1620 2548 1676 2592 ut
1713 2537 1937 2607 injectus
1967 2538 2018 2592 in

438 2631 726 2684 carcerem,
757 2621 917 2674 etiam
949 2621 1057 2675 illic
1083 2637 1235 2676 suam
1260 2621 1553 2678 declararet
1575 2624 1842 2689 virtutem,
1869 2634 1924 2680 et
1944 2623 2023 2677 sic

439 2706 506 2760 ad
535 2709 882 2779 principatum
907 2711 1055 2782 regni
1086 2715 1404 2781 perveniret.
1433 2714 1520 2768 19.
1545 2715 1845 2770 Suet-enauit
1864 2719 2018 2785 enim,

442 2798 629 2866 inquit,
661 2800 893 2854 dominus
919 2803 1048 2871 ejus.
1088 2803 1176 2858 20.
1223 2812 1270 2858 et
1306 2805 1440 2858 misit
1468 2821 1581 2858 eum
1627 2806 1679 2859 in
1717 2807 2020 2876 custodiam,

442 2887 528 2941 ubi
550 2889 700 2942 vincti
726 2891 858 2961 regis
901 2891 1270 2948 detinebantur.
1315 2893 1420 2950 Sed
1465 2895 1753 2964 siquidem
1780 2912 1886 2952 non
1905 2913 2023 2953 cre-

440 2978 620 3046 debat,
647 2996 751 3035 non
777 2982 1054 3050 oportebat
1083 2998 1204 3038 eum
1236 2984 1286 3038 in
1308 3000 1578 3040 carcerem
1606 2987 1908 3056 conjicere:
1937 2989 2020 3044 sin

440 3071 691 3128 credebat
709 3088 894 3128 verum
912 3088 1031 3130 esse
1059 3074 1197 3146 quod
1218 3075 1466 3148 Egyptia
1498 3076 1742 3144 ﬁnxerat,
1771 3087 1897 3133 tunc
1923 3095 2021 3134 ne-

441 3176 545 3232 que
577 3177 792 3218 carcere
829 3163 1020 3234 dignus
1048 3174 1182 3232 erat,
1225 3167 1317 3222 sed
1360 3166 1515 3236 plecti
1537 3168 1710 3238 capite
1746 3177 1802 3224 et
1837 3178 2022 3226 extre-

441 3269 582 3308 mam
629 3269 840 3324 pmnam
889 3255 994 3326 pati
1047 3256 1290 3314 debebat.
1351 3257 1547 3313 Verum
1603 3259 1816 3329 quando
1864 3274 2022 3316 suum

438 3344 689 3399 auxilium
720 3346 905 3402 dextra
936 3363 1166 3418 superna
1193 3349 1446 3414 ostendit,
1474 3351 1654 3406 omnia
1692 3351 1831 3407 levia
1859 3361 1915 3408 et
1937 3351 2016 3431 fa-

437 3436 558 3491 cilia
589 3435 749 3503 fiunt;
780 3447 835 3493 et
857 3439 1061 3495 feroces
1087 3442 1474 3497 mansuetiores
1493 3455 1552 3497 se
1573 3450 1843 3512 praestant.
1869 3441 2022 3498 Tunc

439 3536 616 3583 autem
661 3545 947 3599 supernum
994 3531 1294 3599 praesidium
1334 3533 1559 3589 ubertim
1599 3535 1753 3589 nobis
1798 3536 2016 3600 assistit,

437 3617 651 3685 quando
695 3619 911 3673 multam
941 3629 996 3674 et
1023 3636 1121 3676 nos
1159 3623 1551 3678 ostenderimus
1575 3626 1844 3682 virtutem.
1886 3627 2019 3683 Nam

440 3706 526 3760 hic
553 3709 801 3777 quoniam
844 3710 1066 3765 multum
1093 3714 1337 3780 certavit,
1379 3724 1656 3784 propterea
1698 3717 1858 3772 etiam
1904 3733 2020 3772 ma-

437 3812 568 3865 gnas
597 3799 967 3857 retributiones
993 3805 1354 3874 consequitur.
1386 3805 1452 3860 Et
1483 3815 1601 3875 post
1629 3815 1828 3862 tantam
1862 3809 2016 3864 forti-

440 3888 670 3943 tudinem
698 3890 976 3947 abducitur
1017 3893 1070 3948 in
1099 3908 1391 3960 carcerem,
1428 3905 1483 3952 et
1516 3896 1736 3953 silenter
1769 3897 1872 3955 fert
1898 3915 2018 3955 om-

438 3978 545 4032 nia.
576 3979 735 4037 Scitis
755 3983 895 4037 enim
923 3995 1120 4054 quanta
1164 3986 1198 4040 ii
1231 3986 1322 4058 qui
1364 4002 1467 4043 non
1511 3997 1635 4043 sunt
1679 3989 1778 4044 sibi
1817 3990 2018 4046 conscii

441 4069 692 4136 malitiae,
745 4073 957 4142 quando
1004 4077 1141 4130 sicut
1183 4076 1261 4132 rei
1312 4077 1752 4145 condemnantur,
1803 4088 2020 4135 utantur

440 4175 584 4231 saepe
631 4162 844 4230 fiducia,
891 4165 1208 4236 dicendique
1249 4168 1491 4225 libertate
1541 4171 1778 4225 instructi
1819 4173 2016 4241 ingenti

437 4249 618 4306 animo
659 4250 933 4323 insurgant
976 4266 1160 4311 contra
1204 4273 1296 4312 eos
1345 4260 1434 4328 qui
1481 4261 1777 4316 insontibus
1812 4266 2018 4319 crimen

439 4341 718 4398 intentant.
763 4343 960 4400 Verum
1005 4345 1095 4401 ille
1146 4362 1250 4402 non
1289 4349 1412 4404 sic:
1453 4350 1546 4405 sed
1587 4351 1728 4416 silet,
1757 4361 1812 4406 et
1836 4354 2014 4408 omnia

438 4443 711 4489 mansuete
752 4434 876 4502 fert,
906 4445 959 4491 et
987 4452 1173 4508 magna
1201 4453 1322 4494 cum
1352 4439 1602 4509 patientia
1635 4441 1723 4496 Dei
1744 4451 2017 4512 exspectat

436 4526 751 4582 subsidium.
779 4527 909 4584 Vide
936 4529 1076 4584 enim
1107 4531 1374 4601 quomodo
1403 4540 1459 4588 et
1499 4533 1551 4587 in
1577 4548 1792 4590 carcere
1821 4536 2016 4604 princi-

438 4626 616 4683 patum
645 4633 858 4674 otnnem
881 4621 1105 4692 accipiat
1127 4638 1156 4676 a
1181 4623 1403 4678 custode
1427 4626 1678 4690 carceris,
1709 4625 1867 4695 idque
1896 4643 2012 4682 me-

437 4706 540 4759 rito
572 4722 585 4758 :
612 4707 702 4760 2t.
742 4707 872 4763 Erat
895 4711 1035 4765 enim
1067 4710 1314 4767 Dominus
1339 4731 1455 4768 cum
1498 4713 1710 4783 Ioseph,
1750 4717 1934 4786 inquit,
1966 4727 2014 4772 et

437 4795 722 4861 effundebat
747 4800 793 4853 ei
825 4815 969 4855 suam
990 4803 1402 4861 misericordiam.
1459 4805 1592 4874 Quid
1615 4815 1716 4870 est,
1760 4805 2012 4874 Effunde-

435 4887 520 4939 bat
545 4886 588 4939 ei
613 4903 759 4939 suam
785 4889 1218 4946 misericordiam?
1241 4893 1320 4947 Ad
1352 4894 1745 4950 miserationem
1776 4897 2013 4953 inﬂecte-

437 4976 527 5032 bat
555 4977 862 5048 praefectum
897 4983 1148 5046 carceris,
1182 4995 1237 5037 et
1273 4985 1406 5040 mire
1445 5002 1567 5056 erga
1599 4988 1746 5043 illum
1777 4989 2012 5046 benevo-

436 5067 656 5123 lentiatn
680 5084 831 5124 suam
859 5070 1116 5125 declarari
1145 5075 1361 5128 curabat
1404 5093 1418 5130 :
1462 5076 1612 5130 Dedit
1649 5079 1790 5132 enim
1821 5080 1866 5133 ei
1893 5097 2012 5150 gra-

433 5159 554 5212 tiam
573 5177 742 5213 coram
761 5161 872 5216 illo.
896 5160 1034 5216 Vere
1058 5162 1188 5216 nihil
1216 5163 1419 5218 beatius
1443 5181 1506 5218 eo
1527 5167 1615 5235 qui
1652 5167 1746 5221 Dei
1776 5168 2011 5224 benevo-

435 5249 592 5304 lentia
621 5250 827 5306 fruitur.
855 5250 946 5308 22.
981 5251 1127 5307 Dedit
1164 5255 1326 5318 enim,
1374 5255 1560 5324 inquit,
1607 5258 1870 5326 prwfectus
1892 5276 2010 5312 car-

432 5342 560 5394 ceris
580 5359 826 5397 carcerem
846 5345 898 5398 in
921 5361 1126 5398 manum
1145 5345 1358 5416 Ioseph.
1385 5345 1515 5402 Vide
1534 5350 1800 5417 quomodo
1827 5361 2010 5408 custos

433 5435 664 5486 carceris
702 5435 898 5505 aliquid
947 5437 1167 5494 honoris
1203 5438 1254 5494 ei
1296 5438 1487 5508 defert,
1534 5443 2008 5514 auctoritatemque

434 5522 484 5575 ei
508 5525 779 5591 permittit,
807 5537 965 5598 atque
1002 5545 1188 5586 omnes
1217 5531 1306 5601 qui
1356 5532 1408 5587 in
1455 5548 1670 5588 carcere
1693 5541 1864 5600 erant,
1889 5549 2009 5590 esse

429 5613 583 5684 jubet
625 5615 727 5670 sub
774 5627 1030 5684 potestate
1066 5622 1200 5691 ejus.
1245 5622 1332 5678 25.
1381 5622 1450 5676 Et
1473 5625 1715 5678 nesciebat
1743 5627 2008 5692 praefectus

432 5706 650 5761 carceris
673 5708 865 5778 aliquid
889 5725 910 5765 :
938 5713 1104 5766 omnia
1130 5712 1262 5768 enim
1282 5727 1423 5770 erant
1449 5733 1500 5770 tn
1528 5732 1680 5770 manu
1703 5713 1915 5787 Ioseph,
1945 5733 2004 5771 eo

1141 317 1194 372 S.
1235 315 1510 372 JOANNIS
1545 313 2019 375 CHRYSOSTOHI
2056 313 2372 371 ARCHIEP.
2412 315 2944 375 CONS’I'ANTINOP.

3605 325 3713 380 διδ

2127 432 2265 502 quod
2295 430 2541 486 Dominus
2569 443 2674 486 erat
2697 451 2809 486 cum
2832 451 2910 498 eo,
2941 445 2987 489 et
3015 437 3185 488 omnia
3209 453 3322 506 qua:
3346 439 3455 505 ipse
3475 441 3711 506 faciebat,

2127 520 2374 576 Dominus
2399 538 2696 592 prosperare
2712 525 2925 594 faciebat
2948 524 3002 579 in
3025 527 3256 581 manibus
3274 529 3404 597 ejus.
3435 527 3714 600 Videquo-

2127 611 2286 666 modo
2324 612 2678 667 comitabatur
2708 629 2831 669 eum
2869 627 3125 684 perpetuo
3166 632 3396 687 superna
3442 621 3632 690 gratia,
3655 632 3716 676 et

2124 703 2298 756 Omnia
2325 717 2445 771 quae
2467 701 2712 770 faciebat,
2739 713 2892 759 erant
2920 705 3072 774 plena
3091 708 3280 775 gratia.

2199 792 2411 848 Hordiis
2437 794 2683 864 epilogus.
2703 793 2798 848 Dei
2818 797 2983 865 gratia
3005 797 3148 866 efﬁcit
3177 807 3232 850 ut
3255 800 3426 852 omnia
3447 798 3573 854 bene
3595 819 3716 854 sitc-

2126 883 2537 938 cedtmt.o—iloc
2567 884 2724 954 igitur
2748 893 2803 939 et
2830 901 2928 940 nos
2968 887 3296 953 studeamus,
3335 900 3393 944 ut
3433 890 3714 945 nobiscum

2125 987 2336 1041 setupcr
2361 973 2647 1030 habeamus
2677 975 2977 1040 Dominum,
3004 987 3059 1032 et
3087 988 3144 1032 ut
3170 995 3290 1048 qua:
3311 995 3343 1034 a
3375 981 3530 1036 nobis
3558 982 3714 1046 iiutu,

2125 1062 2313 1118 abillo
2352 1075 2747 1134 prosperantur.
2791 1066 2923 1122 Nam
2949 1069 3038 1138 qui
3083 1068 3226 1125 illius
3262 1070 3520 1125 auxilium
3561 1086 3716 1127 asse-

2124 1155 2325 1224 quitur,
2373 1157 2532 1210 etiam
2583 1158 2636 1212 in
2678 1159 2868 1214 mediis
2912 1159 3064 1214 malis
3103 1162 3372 1217 exsistens
3397 1162 3616 1230 ridebit,
3647 1179 3717 1220 ac

2125 1245 2275 1300 nihili
2305 1247 2508 1316 putabit
2531 1249 2732 1312 omnia,
2765 1249 2990 1306 Domino
3008 1252 3245 1306 omnium
3277 1252 3504 1309 faciente
3520 1264 3579 1310 et
3603 1257 3720 1311 dis-

2128 1345 2360 1406 ponente
2388 1346 2599 1401 cuncta,
2629 1349 2686 1392 ut
2717 1354 2969 1410 prospere
3005 1342 3295 1396 succedant
3314 1345 3511 1410 omnia,
3554 1356 3720 1416 atque

2125 1427 2291 1481 ardua
2335 1428 2507 1482 facilia
2552 1429 2827 1486 reddente.
2873 1433 3156 1498 Quomodo
3201 1445 3380 1490 autem
3419 1440 3718 1506 poterimus

2127 1519 2404 1575 nobiscum
2453 1521 2651 1577 habere
2701 1523 3014 1591 Dominum,
3062 1525 3132 1580 ita
3181 1535 3239 1581 ut
3289 1525 3405 1595 ipso
3449 1527 3719 1600 dirigente

2127 1623 2384 1680 prospere
2412 1626 2632 1681 agamus
2659 1613 2711 1667 in
2741 1614 3028 1669 omnibus?
3054 1614 3110 1671 Si
3137 1617 3302 1672 sobrii
3328 1619 3718 1690 vigilantesque

2129 1699 2403 1768 fuerimus,
2433 1711 2489 1756 et
2518 1702 2707 1758 imitati
2739 1703 2995 1761 fuerimus
3023 1707 3238 1776 juvenis
3275 1709 3414 1764 illius
3440 1712 3720 1766 continen-

2127 1791 2253 1846 tiam
2283 1802 2337 1846 et
2362 1794 2495 1848 alias
2516 1795 2761 1862 virtutes,
2789 1797 3131 1869 animumque
3166 1815 3510 1876 generosum,
3531 1818 3601 1857 ac
3629 1805 3717 1858 vi-

2124 1884 2362 1942 derimus
2388 1887 2466 1942 sic
2493 1889 2670 1943 omnia
2720 1889 2832 1944 fieri
2861 1890 3141 1961 diligenter
3179 1903 3447 1964 oportere,
3476 1905 3534 1948 ut
3561 1910 3720 1951 nutu-

2124 1991 2283 2046 quam
2309 1993 2338 2030 a
2369 1977 2591 2032 Domino
2609 1981 3062 2047 condemnemur;
3089 1982 3182 2038 sed
3208 1983 3439 2040 sciamus
3459 1986 3721 2055 possibile

2127 2081 2230 2121 non
2257 2082 2397 2134 esse,
2430 2077 2486 2122 ut
2513 2070 2803 2126 occultetur
2829 2071 3028 2142 aliquid
3066 2073 3136 2128 ab
3161 2075 3318 2130 oculo
3347 2075 3440 2131 illo
3465 2078 3556 2147 qi
3581 2076 3716 2132 dor-

2125 2157 2316 2212 mitare
2343 2157 2546 2228 nequit,
2573 2173 2758 2214 verum
2789 2175 3008 2217 necesse
3029 2163 3248 2218 omnino
3271 2178 3413 2230 esse,
3444 2175 3502 2220 ut
3544 2165 3590 2220 is
3623 2165 3722 2234 qui

2127 2256 2328 2317 peccat,
2363 2250 2635 2320 suppliciis
2667 2250 2932 2308 obnoxius
2957 2253 3066 2308 flat.
3096 2253 3278 2324 Neque
3303 2256 3520 2325 majoris
3549 2257 3718 2312 facia-

2126 2354 2244 2394 mus
2284 2340 2528 2396 timorem
2583 2342 2878 2409 hominutn,
2925 2360 3085 2415 quam
3132 2346 3546 2417 indignationem
3596 2350 3716 2411 Dei.

2125 2429 2219 2484 sed
2248 2445 2512 2486 memores
2541 2433 2708 2487 simus
2735 2449 2948 2503 semper
2967 2435 3252 2490 verborum
3291 2436 3488 2506 Ioseph
3523 2439 3719 2494 dicen.

2127 2521 2194 2576 tis
2224 2538 2238 2575 :
2269 2521 2534 2587 Quomodo
2572 2525 2758 2592 faciam
2785 2527 2986 2580 verbum
3031 2527 3126 2581 hoc
3161 2528 3372 2593 malunt,
3404 2541 3452 2584 et
3495 2534 3720 2600 peccaba

2127 2631 2298 2669 coram
2330 2615 2480 2670 Deo?
2508 2616 2672 2688 Igitur
2701 2617 2912 2688 quando
2955 2634 3054 2675 nos
3095 2621 3270 2690 aliqua
3300 2622 3549 2692 cogitatio
3587 2637 3719 2692 per-

2129 2707 2325 2774 turbat,
2354 2708 2454 2763 hoc
2480 2709 2532 2763 in
2558 2718 2736 2764 mente
2774 2726 3046 2766 versemus
3071 2712 3311 2780 verbum,
3343 2722 3398 2768 et
3422 2715 3607 2768 statim
3633 2714 3721 2768 ef-

2127 2801 2289 2871 fugiet
2314 2802 2485 2855 onmis
2526 2802 2702 2856 iliicita
2732 2803 3178 2874 concupiscentia.
3213 2803 3393 2876 Itaque
3436 2807 3552 2861 sive
3591 2809 3721 2876 quis

2125 2905 2406 2960 corporum
2449 2893 2873 2962 concupiscentia
2915 2895 3173 2964 capiatur,
3209 2897 3321 2951 sive
3365 2898 3722 2966 pecuniarum

2125 2995 2329 3048 amore,
2358 2981 2472 3037 sive
2515 2982 2617 3038 alia
2657 2983 2882 3053 quadam
2926 2984 3152 3040 absurda
3197 2987 3488 3056 voluptate.
3527 2990 3720 3046 statiua

2127 3071 2229 3128 hoc
2253 3073 2471 3143 cogitet,
2503 3074 2650 3130 illum
2687 3091 2877 3146 nempe
2903 3091 3024 3132 esse
3050 3077 3139 3148 qui
3181 3093 3278 3133 nos
3305 3080 3646 3146 condemnet,
3686 3099 3720 3138 a

2125 3179 2229 3236 quo
2254 3179 2360 3220 non
2389 3174 2472 3220 est
2489 3165 2740 3236 possibile
2759 3168 3028 3222 occultare
3052 3168 3210 3223 etiam
3230 3183 3292 3224 ea
3314 3185 3433 3240 quae
3449 3171 3502 3224 in
3529 3181 3721 3227 mente

2126 3265 2306 3312 nostra
2337 3265 2616 3312 versantur
2647 3276 2661 3312 :
2690 3267 2742 3313 et
2765 3258 2984 3312 omnino
3005 3259 3318 3330 eil‘ugiemus
3338 3261 3498 3316 etiam
3521 3261 3720 3316 diaboo

2126 3347 2253 3403 licas
2282 3349 2717 3413 machinationes,
2749 3366 3047 3423 magnoque
3073 3351 3336 3423 adjutorio
3359 3367 3596 3424 superno
3619 3355 3720 3424 ju-

2125 3440 2394 3506 vabimur;
2423 3456 2529 3510 quo
2549 3441 2700 3496 nobis
2723 3441 2823 3495 frui
2851 3443 3122 3512 contingat
3150 3445 3397 3498 omnibus
3424 3449 3591 3515 gratia
3649 3455 3718 3500 et

2126 3531 2448 3603 benignitate
2473 3533 2678 3588 Domini
2706 3534 2870 3589 nostri
2897 3533 3249 3601 JesuChristi,
3279 3535 3364 3589 cui
3404 3551 3524 3590 cum
3547 3535 3718 3592 Patre

2123 3634 2177 3680 et
2205 3636 2388 3680 sancto
2407 3625 2602 3696 Spiritu
2629 3626 2697 3681 sit
2724 3627 2912 3697 gloria,
2945 3628 3246 3698 imperium,
3272 3629 3462 3712 honor,
3488 3643 3629 3683 nunc
3650 3638 3720 3686 et

2124 3731 2356 3788 semper,
2383 3727 2438 3774 et
2456 3719 2510 3774 in
2535 3719 2727 3775 sacula
2753 3719 3088 3775 saeculorum.
3120 3722 3311 3776 Amen.

2676 3847 2949 3904 HOMILIA
2982 3848 3164 3904 LXIII.

2124 3957 2194 4014 Et
2221 3960 2466 4014 nesciebat
2503 3958 2699 4030 aliquid
2740 3963 3006 4032 prtefectus
3031 3961 3244 4015 carceris
3271 3971 3473 4032 prapter
3505 3963 3711 4034 Ioseph

2726 4050 2880 4123 (Gen.
2906 4051 2996 4109 sa.
3023 4051 3136 4123 ss).

2194 4164 2246 4219 Ι.
2280 4162 2552 4234 Reliquias
2584 4179 2770 4219 eorum
2799 4179 2920 4234 qua:
2947 4179 2977 4218 a
3020 4163 3176 4219 nobis
3214 4163 3327 4219 heri
3367 4163 3507 4219 dicta
3529 4175 3662 4220 sunt
3686 4208 3707 4232 ,

2122 4254 2364 4308 volumus
2409 4252 2568 4309 hodie
2612 4254 2835 4309 reddere
2874 4254 3082 4310 caritati
3135 4265 3328 4312 vestra:
3355 4295 3370 4319 ,
3402 4263 3458 4310 et
3506 4256 3707 4312 iterum

2121 4347 2382 4416 attingere
2412 4345 2686 4400 historiam
2708 4345 2950 4417 Iosephi.
2979 4346 3137 4402 Scitis
3155 4348 3297 4402 enim
3321 4347 3570 4404 hesterno
3591 4363 3706 4405 ser-

2122 4451 2280 4490 mone
2325 4437 2576 4506 prolixius
2617 4446 2839 4492 extenso
2863 4479 2878 4504 ,
2911 4451 3009 4494 nos
3051 4452 3158 4493 non
3205 4439 3441 4510 potuisse
3478 4440 3707 4496 ulterius

2121 4529 2388 4598 progredi,
2419 4527 2512 4583 sed
2536 4528 2769 4584 sermoni
2795 4527 2949 4583 liuent
2969 4528 3315 4602 imposuisse,
3330 4529 3546 4602 quando
3575 4546 3702 4600 pro-

2121 4630 2238 4690 pter
2266 4619 2529 4691 }Egyptia:
2553 4620 2872 4675 calumniam
2897 4623 2965 4674 ab
2983 4621 3332 4691 archimagiro
3356 4620 3703 4678 incarcerem

2119 4720 2202 4766 est
2221 4711 2512 4778 eonjectus.
2538 4710 2660 4764 ideo
2681 4710 2836 4765 hodie
2863 4725 3040 4780 Opera:
3069 4711 3294 4779 pretium
3325 4711 3480 4765 fuerit
3504 4711 3703 4767 docere

2119 4811 2348 4855 vestram
2374 4801 2669 4867 caritatem,
2695 4815 2815 4870 quae
2841 4801 2894 4855 in
2923 4815 3138 4855 carcere
3157 4799 3206 4855 ei
3234 4800 3544 4855 acciderint.
3566 4800 3702 4856 Nam

2121 4899 2395 4960 postquam
2418 4891 2469 4944 in
2497 4904 2764 4945 carcerem
2789 4897 2876 4946 est
2897 4890 3191 4958 conjectus,
3218 4900 3274 4944 et
3303 4891 3530 4945 traditus
3559 4887 3699 4960 prai-

2120 4984 2255 5036 fecto
2281 4981 2530 5047 carceris,
2553 4981 2711 5036 etiam
2739 4981 2846 5036 illic
2876 4990 3076 5036 tantum
3103 4981 3197 5036 Dei
3226 4981 3521 5036 subsidium
3550 4997 3700 5037 asse-

2117 5081 2314 5142 quutus
2339 5081 2422 5126 est
2444 5113 2458 5136 ,
2493 5080 2548 5126 ut
2577 5072 2738 5126 totius
2765 5071 2992 5126 carceris
3030 5072 3356 5142 principatus
3389 5088 3418 5124 a
3449 5071 3700 5140 prasfecto

2116 5167 2347 5222 carceris
2372 5166 2472 5237 ipsi
2497 5164 2895 5220 concederetur.
2929 5164 2994 5219 Et
3021 5165 3266 5218 nesciebat
3292 5165 3486 5233 aliquid
3516 5169 3698 5234 prefe-

2115 5267 2223 5310 cttts
2245 5257 2460 5310 carceris
2491 5265 2693 5326 prapter
2719 5255 2930 5325 Ioseph.
2958 5253 3150 5308 Vidisti
3186 5253 3455 5323 quomodo
3483 5256 3535 5307 in
3569 5254 3698 5324 ipsis

2116 5347 2370 5402 aerumnis
2393 5360 2611 5401 versans
2631 5388 2646 5412 ,
2677 5345 3050 5400 adversitatem
3079 5359 3146 5399 ne
3189 5344 3418 5398 senserit
3441 5343 3654 5413 quidem
3679 5384 3693 5408 ,

2115 5439 2206 5493 sed
2257 5438 2476 5508 provida
2515 5439 2772 5507 sapientia
2812 5437 2902 5490 Dei
2945 5435 3121 5489 omnia
3162 5449 3350 5503 aspera
3394 5433 3614 5488 verterit
3643 5434 3693 5485 in

2109 5529 2361 5599 jucunda.
2392 5529 2458 5582 Et
2497 5529 2632 5583 sicut
2672 5529 2793 5582 licet
2819 5527 2937 5596 quis
2979 5524 3314 5594 margaritam
3347 5523 3459 5576 luto
3483 5523 3686 5586 obruat,

2113 5620 2456 5676 nihilominus
2497 5621 2723 5674 nativam
2773 5620 2967 5674 retinet
3009 5614 3457 5688 pulchritudinem
3488 5656 3502 5670 .
3535 5616 3612 5669 sic
3641 5627 3691 5668 et

2115 5713 2301 5779 virtus,
2331 5727 2664 5784 quocumque
2688 5727 2802 5768 cam
2825 5709 3134 5784 proieceris,
3161 5721 3310 5764 suam
3339 5706 3448 5764 vim
3473 5706 3690 5768 merit,
