3974 6424
318 368 424 423 539

320 485 419 539 καὶ
464 484 737 557 ἠνείχετο,
785 484 870 539 ἵνα
920 484 1009 537 διά
1051 484 1270 538 πάντων
1316 484 1407 537 τὸν
1447 484 1640 539 ἐαυτοῦ
1688 483 1906 553 οἰκέτην

321 568 717 640 λαμπρότερον
765 569 1042 639 ἀποφήνῃ.
1098 568 1283 621 Ταῦτα
1313 567 1421 639 7&9
1458 568 1673 622 ἅπαντα
1704 565 1910 621 ἐλθόντι

318 651 404 722 τῷ
433 650 592 721 ἀνδρὶ
623 649 762 721 μετά
791 649 991 721 πολλῆς
1028 651 1129 720 τῆς
1181 651 1521 720 κακουργίας
1548 649 1779 704 εἰποῦσα
1819 648 1912 702 καὶ

324 736 760 807 κατηγορήσασα
794 735 887 788 τοῦ
915 736 1197 789 νεανίσκου
1221 736 1406 804 ἔλεγεν
1429 751 1443 764 ·
1466 735 1733 805 Εἰσῆλθε
1760 735 1910 802 πρός

315 838 400 891 με
431 824 465 875 ὀ
492 820 637 886 παῖς
675 823 709 873 ὀ
748 818 1016 888 Ἐϐραῖος
1035 863 1049 885 ,
1084 819 1156 874 ὃν
1182 821 1503 891 εἰσήγαγες
1529 821 1681 889 ,πρὸς
1715 820 1873 888 ἡμᾶς
1893 858 1907 882 ,

317 901 611 970 ἐμπαῖξαι
645 919 768 970 μοι.
825 903 1008 955 Ἀθλία
1056 903 1151 957 καὶ
1190 904 1526 974 ταλαίπωρε.
1579 905 1693 958 Οὑκ
1748 903 1913 966 αὑτὸς

320 988 623 1057 εισήγαγεν
649 986 793 1039 ὥστε
821 986 1087 1056 ἐμπαῖξαι
1117 1005 1218 1052 σοι,
1238 988 1351 1041 ἀλλ’
1382 990 1410 1041 ὁ
1432 988 1677 1051 διάϐολός
1700 1005 1760 1040 σε
1791 990 1912 1040 εισ-

322 1073 539 1142 ήγαγεν
557 1112 572 1133 ,
601 1068 744 1122 ὥστε
795 1070 871 1140 μὴ
919 1070 1076 1141 μόνον
1104 1069 1387 1141 μοιχαλίδα
1419 1071 1671 1140 γενέσθαι
1697 1112 1711 1137 ,
1753 1070 1910 1133 ἀλλὰ,

320 1156 387 1209 τὸ
411 1150 548 1226 ἧκον
581 1155 661 1215 είς
706 1154 789 1212 σὲ,
834 1155 928 1206 καὶ
965 1154 1125 1222 φόνον
1176 1155 1532 1225 ἐργάσασθαι.
1559 1156 1667 1209 Καὶ⁵
1700 1155 1913 1208 ἐδείκνυ

319 1236 514 1293 λοιπὸν
569 1238 649 1300 είς
674 1235 949 1302 ἀπόδειξιν
974 1236 1085 1289 τῶν
1116 1237 1247 1308 παρ’
1293 1238 1463 1308 αὑτῆς
1508 1238 1814 1308 λεγομένων
1846 1240 1915 1290 τά

322 1322 525 1392 ἱμάτια
548 1318 643 1372 τοῦ
669 1319 974 1371 νεανίσκου.

409 1414 609 1468 Ἐννόει
639 1431 730 1485 μοι
760 1414 995 1468 ἐνταῦθα
1019 1414 1112 1468 τοῦ
1153 1414 1333 1469 κοινοῦ
1362 1416 1581 1470 πάντων
1609 1415 1913 1488 ἀνθρώπων

320 1502 601 1554 Δεσπότου
628 1500 727 1571 τὴν
757 1500 1187 1569 φιλανθρωπίαν.
1218 1500 1432 1573 Ὥσπερ
1463 1502 1571 1572 γὰρ
1611 1499 1717 1553 τῶν
1754 1500 1911 1555 ἀδελ-

321 1585 446 1653 φῶν
491 1583 653 1636 αὑτὸν
683 1583 919 1649 ἐξείλετο
972 1582 1314 1653 βουλομένων
1359 1584 1523 1637 αὑτὸν
1553 1584 1784 1648 ἀνελεῖν,
1820 1586 1913 1637 καὶ

328 1668 718 1738 παρεσκεύασε
751 1667 1016 1738 πρότερον
1046 1668 1144 1739 μὲν
1174 1669 1317 1723 κατά
1342 1669 1441 1741 τὴν
1474 1670 1784 1741 συμϐουλὴν
1818 1671 1911 1722 τοῦ

334 1751 564 1821 Ῥουϐὴν
592 1752 671 1813 είς
699 1749 792 1803 τὸν
825 1750 1029 1803 λάκκον
1059 1750 1419 1822 ἐμϐληθῆναι,
1450 1753 1542 1805 καὶ
1573 1753 1712 1823 μετά
1740 1753 1913 1806 ταῦτα

320 1834 491 1887 πάλιν
519 1833 659 1887 κατὰ
690 1833 791 1903 τὴν
822 1833 1132 1905 συμϐουλὴν
1158 1834 1252 1887 τοῦ
1304 1833 1474 1889 Ἰούδα
1502 1838 1616 1899 τοῖς
1650 1836 1912 1907 ἐμπόροις

317 1918 716 1988 διαπραθῆναι,
748 1917 836 1971 ἴνα
868 1915 975 1969 τῶν
997 1916 1293 1987 ὀνειράτων
1325 1919 1358 1987 ἡ
1390 1916 1616 1981 ἔκϐασις
1642 1921 1723 1981 εἰς
1753 1920 1913 1989 ἔργον

318 2001 557 2056 ἐλθοῦσα
588 2000 753 2073 πείσῃ
783 2001 875 2055 τὸν
908 2000 1139 2065 δίκαιον,
1182 2001 1259 2063 ὼς
1292 2002 1353 2054 οὑ
1401 2002 1580 2073 μάτην
1636 2002 1755 2055 οὑδὲ
1789 2004 1910 2073 είκῆ

319 2086 509 2138 ἐκεῖνα
535 2084 685 2155 αὑτῷ
721 2083 1100 2154 προεμηνύετο
1125 2100 1139 2112 ·
1188 2083 1332 2137 οὕτω
1358 2085 1454 2137 καὶ
1488 2085 1583 2136 νῦν
1633 2086 1666 2154 ἡ
1708 2085 1914 2139 ἀνωθεν

324 2170 456 2241 χεὶρ
479 2165 548 2241 ἦν
579 2170 614 2240 ἡ
651 2168 741 2222 τὸν
774 2167 1053 2239 βάρϐαρον
1090 2169 1298 2221 ἐκεῖνον
1329 2168 1638 2238 κατέχουσα
1657 2208 1672 2229 ,
1702 2169 1796 2221 καὶ⁵
1839 2169 1914 2239 μὴ

314 2252 737 2323 συγχωρήσασα
780 2249 984 2313 εὑθέως
1032 2251 1125 2302 ἐπὶ
1158 2251 1257 2320 τὴν
1290 2251 1505 2321 σφαγὴν
1547 2252 1785 2321 ὁρμῆσαι
1818 2250 1912 2303 τοῦ

318 2338 627 2389 νεανίσκου.
659 2333 723 2388 Τί
753 2335 862 2406 γὰρ
895 2330 961 2405 ῆν
984 2334 1044 2387 τὸ
1074 2334 1304 2397 κωλύον,
1334 2334 1575 2404 μαθόντα
1597 2335 1673 2397 ὡς
1706 2336 1785 2396 είς
1818 2333 1915 2387 αὑ-

315 2419 425 2491 τὴν
452 2418 549 2489 τὴν
577 2416 737 2489 εὑνὴν
763 2416 1021 2487 ἀδικῆσαι
1061 2416 1225 2470 αὑτὸν
1252 2416 1576 2488 ἐπεχείρησε
1594 2457 1608 2479 ,
1644 2415 1718 2486 μὴ
1755 2414 1914 2469 τοῦτο

321 2502 589 2571 ποιῆσαις
654 2500 794 2553 Ἀλλ’
844 2502 872 2554 ό
918 2500 1228 2571 εὐμήχανος
1278 2498 1407 2562 Θεὸς
1456 2499 1726 2570 τοσαύτην
1772 2517 1914 2569 παρ-

320 2584 627 2638 εσκεύασεν
657 2584 820 2638 αὑτὸν
848 2582 1218 2648 ἐπιδείξασθαι
1243 2581 1339 2652 τὴν
1370 2582 1679 2653 πραΰτητα,
1699 2584 1786 2637 ἴνα
1810 2584 1911 2651 ἐμ-

320 2668 547 2738 ϐληθεὶς
576 2667 654 2737 τῷ
686 2666 1066 2737 δεσμωτηρίῳ,
1098 2666 1193 2720 καὶ
1226 2664 1391 2718 πάλιν
1418 2668 1535 2719 ἐκεῖ
1558 2665 1657 2736 τὴν
1705 2667 1913 2718 οίκείαν

320 2750 739 2820 ἐπιδειξάμενος
769 2748 994 2821 ἀρετὴν,
1021 2749 1194 2812 οὑτως
1224 2749 1316 2802 ἐπὶ
1352 2748 1452 2819 τὴν
1484 2747 1659 2819 ἀρχὴν
1688 2749 1785 2818 τῆς
1819 2749 1914 2817 βα-

321 2834 534 2897 σιλείας
570 2831 971 2904 παραγένηται.
1014 2832 1318 2901 Ἐθυμώθη
1350 2833 1481 2902 γὰρ,
1520 2832 1707 2903 φησὶν,
1744 2836 1776 2886 ὀ
1809 2833 1913 2884 κύ-

315 2936 452 2985 ριος
490 2916 701 2975 αὑτοῦ,
733 2916 834 2971 καὶ
867 2914 1156 2970 ἐνέϐαλεν
1184 2915 1370 2968 αὐτὸν
1397 2916 1485 2980 είς
1515 2914 1580 2967 τὸ
1612 2916 1910 2983 ὀχύρωμα,

320 3002 482 3054 ὅπου
514 3003 567 3055 οὶ
609 2997 915 3069 δεσμῶται
950 2997 1057 3052 τοῦ
1086 2997 1397 3063 ,βασιλέως
1443 2997 1810 3067 κατέχονται.
1851 2998 1913 3051 Εἰ

324 3087 429 3156 μὲν
455 3084 565 3156 γὰρ
599 3082 674 3155 μὴ
704 3082 1015 3145 ἐπίστευσε,
1042 3082 1142 3134 οὐκ
1177 3081 1344 3152 ἐχρῆν
1372 3081 1535 3133 αὑτὸν
1564 3080 1820 3151 ἐμϐαλεῖν
1855 3082 1913 3133 ἐν

318 3168 403 3238 τῷ
428 3166 787 3238 δεσμωτηρίῳ
805 3181 816 3194 ·
854 3166 902 3217 εί
930 3165 987 3218 δέ
1016 3165 1308 3218 ἐπίστευσε
1335 3162 1498 3217 πάλιν
1538 3163 1736 3233 ἀληθὲς
1773 3159 1912 3215 εἶναι

320 3251 390 3303 τὸ
413 3249 565 3321 παρά
592 3250 691 3321 τῆς
720 3248 1025 3316 Αἰγυπτίας
1053 3247 1367 3317 λεγόμενον,
1390 3246 1512 3299 οὑδέ
1541 3245 1684 3298 οὑτω
1708 3245 1915 3315 δεσμω-

320 3335 519 3407 τηρίου
543 3333 695 3399 ἄξιος
722 3326 812 3404 ὴν,
847 3332 985 3385 ἀλλά
1016 3331 1401 3401 ἀποτμηθῆναι
1436 3330 1530 3383 καὶ
1551 3329 1708 3400 δίκην
1730 3327 1911 3381 δοῦναι

320 3418 426 3487 τὴν
465 3417 718 3488 ἐσχάτην.
760 3416 899 3469 Ἀλλ’
935 3417 1064 3469 ὅταν
1096 3416 1129 3485 ἡ
1162 3414 1368 3467 ἄνωθεν
1400 3411 1551 3479 δεξιὰ
1588 3412 1685 3483 τὴν
1713 3412 1913 3482 ἑαυτῆς

323 3502 587 3571 πρόνοιαν
612 3498 979 3552 ἐπιδείκνυται
1001 3539 1014 3562 ,
1052 3499 1229 3551 πάντα
1261 3495 1458 3549 εὔκολα
1498 3496 1593 3548 καὶ
1631 3495 1794 3566 ῥᾴδια
1828 3496 1913 3563 γί-

322 3601 501 3646 νεται,
526 3585 621 3637 καὶ
643 3584 691 3635 οί
719 3582 901 3652 ἄγριοι
924 3581 1267 3652 ἡμερώτεροι
1288 3579 1661 3633 καθίστανται.
1695 3579 1829 3631 Τότε
1856 3578 1913 3631 δὲ

322 3670 480 3739 καὶὴ
507 3667 714 3723 ἀνωθεν
758 3666 899 3736 ῥοπὴ
942 3666 1079 3734 μετὰ
1118 3664 1394 3733 δαψιλείας
1441 3665 1572 3733 ἡμῖν
1613 3661 1911 3732 παραγίνε-

321 3771 439 3815 ται,
458 3753 585 3805 ὃταν
607 3749 807 3820 πολλὴν
831 3750 925 3803 καὶ
952 3750 1111 3819 ἡμεῖς
1134 3749 1233 3819 τὴν
1266 3746 1465 3819 ἀρετὴν
1496 3744 1911 3816 ἐπιδειξὼμεθα.

337 3835 562 3906 Ἐπειδὴ
584 3832 693 3905 7&9
721 3832 972 3903 μεγάλως
1000 3825 1154 3893 οὗτος
1172 3830 1501 3898 ἠγωνίσατο,
1521 3829 1608 3881 διὰ
1635 3826 1793 3879 τοῦτο
1823 3829 1915 3880 καί

329 3918 584 3989 μεγάλων
611 3916 876 3971 ἀπολαύει
914 3915 1020 3967 τῶν
1055 3912 1318 3984 ἀμοιϐῶν.
1352 3914 1461 3965 Καὶ
1499 3910 1636 3981 μετὰ
1665 3909 1765 3980 τὴν
1800 3926 1915 3962 τοσ-

323 4000 503 4071 αύτην
550 3998 804 4071 ἀνδρείαν
847 3998 1092 4068 ἀπήγετο
1144 3998 1223 4059 είς
1265 3996 1326 4047 τὸ
1369 3993 1774 4064 δεσμωτήριον,
1820 3992 1914 4045 καὶ

328 4087 463 4155 σιγῇ
487 4085 665 4136 πάντα
700 4080 993 4152 ὑπέμενεν.
1026 4080 1169 4132 Ἶστε
1198 4078 1308 4149 γὰρ
1345 4078 1494 4140 ὅπως
1522 4079 1570 4129 οἱ
1604 4075 1769 4147 μηδὲν
1790 4077 1913 4129 ἐαυο

322 4170 442 4230 τοῖς
469 4165 767 4228 συνειδότες
799 4163 1056 4236 πονηρὸν,
1085 4163 1306 4216 ἐπειδάν
1334 4161 1409 4225 ὡς
1432 4158 1722 4213 ὑπεύθυνοι
1745 4176 1914 4213 κατα-

322 4248 682 4313 δικάζωνται,
719 4247 865 4320 πόσῃ
899 4248 1197 4319 κέχρηνται
1231 4244 1492 4305 πολλάκις
1526 4244 1592 4313 τῇ
1630 4242 1914 4314 παρρησίᾳ

324 4334 424 4387 καὶ
452 4335 518 4403 τῇ
547 4331 1004 4403 ἐλευθεροστομίᾳ
1026 4369 1041 4391 ,
1078 4327 1592 4396 κατεξανιστάμενοι
1639 4328 1731 4379 καὶ
1760 4325 1911 4397 [599]

330 4413 868 4485 μεγαλοφρονοῦντες
898 4412 1039 4466 κατὰ
1070 4412 1178 4465 τῶν
1207 4411 1305 4479 τὴν
1347 4409 1503 4478 δίκην
1542 4409 1723 4471 αὑτοῖς
1759 4410 1914 4461 ἀνευ-

326 4499 512 4562 θύνοις
548 4494 697 4551 οὖσιν
724 4498 1056 4566 ἐπαγόντων.
1090 4495 1228 4548 Ἀλλ’
1256 4486 1410 4556 οὗτος
1439 4493 1537 4562 οὑχ
1566 4491 1758 4555 οὑτως,
1781 4491 1914 4546 ἀλλά

327 4584 428 4636 καὶ
474 4584 601 4653 σιγᾷ
626 4622 641 4645 ,
682 4583 776 4635 καὶ
826 4581 1003 4634 πάντα
1045 4579 1233 4649 πράως
1273 4576 1506 4645 δέχεται,
1551 4574 1642 4626 καὶ
1686 4576 1912 4644 ἀνέμενε

329 4667 473 4739 μετά
496 4667 695 4737 πολλῆς
725 4666 823 4736 τῆς
847 4666 1123 4734 ὑπομονῆς
1150 4662 1249 4731 τὴν
1277 4660 1369 4713 τοῦ
1396 4658 1531 4711 Θεοῦ
1565 4660 1755 4729 ῥοπήν.
1774 4660 1915 4729 Ὅρα

323 4752 444 4821 7&9
478 4750 593 4813 πῶς
629 4750 723 4803 καὶ
752 4750 809 4800 ἐν
830 4746 908 4816 τῷ
936 4744 1295 4815 δεσμωτηρίῳ
1331 4741 1405 4794 ῶν
1432 4740 1594 4795 πάλιν
1623 4740 1721 4811 τὴν
1740 4742 1913 4813 ἀρχὴν

327 4835 551 4889 ἃπασαν
596 4832 759 4894 αὑτὸς
800 4830 1013 4900 ἐδέχετο
1045 4827 1195 4898 παρά
1224 4826 1318 4879 τοῦ
1359 4824 1799 4895 δεσμοφύλακος·
1832 4827 1913 4878 εί-

328 4917 540 4979 κότωςο
570 4910 694 4969 Ἦν
726 4913 855 4984 γάρ,
900 4912 1069 4981 φησι,
1100 4911 1317 4978 Κύριος
1338 4908 1485 4978 μετὰ
1526 4907 1747 4977 Ἰωσὴφ
1770 4948 1783 4968 ,
1815 4908 1914 4962 καὶ

326 4999 617 5070 κατέχεεν
640 4998 828 5052 αὑτοῦ
861 4995 1053 5059 ἕλεος.
1075 4994 1139 5047 Τί
1163 4995 1279 5045 ἐστι
1305 4992 1386 5056 τὸ,
1404 4991 1702 5061 Κατέχεεν
1726 4990 1915 5045 αὐτοῦ

334 5084 540 5149 “seu
565 5083 705 5153 Πρὸς
734 5077 914 5134 οἶκτον
944 5076 1230 5147 ἐπέκαμψε
1252 5075 1343 5129 τὸν
1376 5074 1910 5145 ἀρχιδεσμοφύλακα,

330 5166 430 5220 καὶ
466 5165 664 5237 πολλὴν
692 5164 820 5235 περὶ
846 5162 1007 5217 αὑτὸν
1043 5158 1141 5231 τὴν
1169 5157 1382 5212 εὖνοιαν
1410 5157 1782 5223 ἐπιδείξασθαι
1810 5173 1913 5211 πα-

333 5249 691 5319 ρεσκεύασεψ
726 5246 945 5300 Ἔδωκε
977 5246 1087 5313 γὰρ
1111 5244 1271 5309 αὐτῷ
1305 5242 1481 5311 χάριν
1505 5242 1783 5296 ἐναντίον
1809 5244 1915 5295 αὑ·-

332 5331 463 5388 τοῦ.
520 5331 745 5403 ⁸Ᾱληθῶς
774 5330 927 5383 οὐδὲν
962 5328 1426 5399 μακαριστότερον
1454 5325 1547 5378 τοῦ
1576 5326 1676 5395 τῆς
1710 5325 1916 5379 ἄνωθεν

335 5415 547 5479 εὑνοίας
598 5413 981 5475 ἀπολαύοντος.
1019 5410 1239 5463 Ἔδωκε
1272 5409 1381 5479 γὰρ
1406 5451 1420 5472 ,
1455 5409 1649 5478 φησὶν,
1683 5411 1711 5461 ό
1752 5410 1917 5477 ἀρχι-

332 5498 729 5569 δεσμοφύλιιξ
758 5496 824 5550 τό
855 5492 1263 5564 δεσμωτήριον
1303 5490 1401 5545 διὰ
1435 5491 1631 5559 χειρὸς
1674 5491 1753 5556 τῷ
1799 5493 1916 5547 Ἰως

329 5582 487 5652 σήςρ.
516 5584 655 5652 Ὅρα
700 5581 815 5644 πῶς
846 5579 1200 5645 ὑπεξίσταται
1228 5577 1256 5628 ό
1292 5573 1657 5645 δεσμοφύλαξ,
1688 5576 1782 5629 καὶ
1808 5593 1915 5629 πα-

338 5669 597 5737 ραχωρεῖ,
646 5667 739 5718 καὶ
788 5662 939 5733 αὐτῷ
990 5661 1089 5732 τὴν
1131 5657 1417 5712 αύθεντίαν
1466 5658 1787 5730 ἐπιτρέπει,
1824 5661 1917 5713 καὶ

332 5750 546 5812 πάντας
576 5750 702 5812 τοὺς
744 5748 801 5799 ἐν
832 5746 908 5819 τῷ
941 5741 1299 5814 δεσμωτηρίῳ
1323 5739 1430 5794 ὑπὸ
1455 5740 1553 5812 τὴν
1585 5741 1796 5796 ἐκείνου
1828 5742 1917 5809 ἐξ-

329 5833 523 5887 ουσίαν
550 5827 688 5885 εἷναι
715 5830 986 5884 ἐκέλευσε.
1019 5827 1129 5881 Καὶ
1162 5827 1273 5880 οὐκ
1296 5820 1376 5895 ἦν
1410 5827 1443 5879 ό
1468 5824 1914 5894 ἀρχιδεσμοφύ-

333 5917 457 5982 λοξ
487 5914 797 5990 γινώσκων
833 5910 1038 5969 οὐδέν·
1084 5910 1281 5967 πάντα
1320 5909 1431 5988 γὰρ
1464 5903 1547 5976 ἦν
1587 5907 1684 5961 διὰ
1718 5909 1916 5977 χειρὸς

1288 360 1361 421 ΊΝ
1400 363 1551 422 CAP.
1584 360 1805 417 XXXIX
1842 358 2085 416 GENES.
2132 360 2365 417 IIOMIL.
2408 362 2566 417 LXIII

3495 362 3601 419 MO

2032 479 2275 549 Ἰωσὴφ,
2303 481 2399 533 διὰ
2426 481 2491 534 τὸ
2524 482 2634 534 τὸν
2663 482 2881 549 Κύριον
2906 482 3033 550 μετ’
3067 480 3259 535 αὑτοῦ
3289 476 3464 543 εἶναι,
3504 487 3597 541 καί

2013 561 2131 616 ὅσα
2157 565 2339 629 αὐτὸς
2372 565 2560 618 ἐποίει
2581 603 2595 625 ,
2631 566 2849 632 Κύριος
2879 564 3107 618 εὐώδου
3136 566 3204 618 ἐν
3232 565 3362 631 ταῖς
3390 568 3603 634 χερσὶν

2013 646 2220 700 αὐτοῦ.
2258 647 2457 701 Σκόπει
2491 645 2608 710 πῶς
2646 648 2941 719 συμπαρῆν
2966 647 3115 719 αὑτῷ
3154 647 3419 718 διηνεκῶς
3450 648 3603 721 ἡχάο

2016 745 2101 799 ρις
2142 729 2176 799 ἡ
2214 728 2442 793 ἀνωθεν,
2478 729 2574 783 καὶ
2603 729 2783 784 πάντα
2816 730 2961 801 άπερ
2999 730 3237 801 ἔπραττε
3266 732 3492 802 χάριτος
3530 728 3604 802 ἦν

2016 812 2445 884 πεπληρωμένα.

2086 896 2258 951 Τοῦτο
2298 897 2474 952 τοίνυν
2524 897 2617 950 καὶ
2664 896 2825 968 ἡμεῖς
2873 895 3288 967 σπουδάσωμεν,
3346 895 3433 949 ἵνα
3480 897 3603 968 μεθ’

2015 980 2225 1033 ἐαυτῶν
2248 980 2459 1050 ἔχωμεν
2479 980 2567 1033 ἀεὶ⁸
2595 979 2686 1032 τὸν
2708 979 2931 1050 Κύριον,
2961 980 3055 1030 καὶ
3078 979 3166 1031 ἵνα
3186 981 3257 1036 τὰ
3284 982 3415 1049 παρ’
3439 982 3601 1051 ἡμῶν

2014 1063 2276 1132 γινόμενα
2328 1063 2419 1115 ὑπ’
2467 1061 2678 1116 ἐκείνου
2717 1061 3105 1115 κατευοδῶται.
3155 1060 3215 1114 '0
3255 1062 3367 1132 7&9
3397 1067 3600 1134 ταύτης

2014 1145 2264 1210 ἀξιωθεὶς
2290 1148 2387 1215 τῆς
2423 1145 2619 1216 ῥοπῆς,
2655 1145 2757 1199 κᾶν
2794 1146 2978 1216 μέσοις
3002 1149 3112 1208 τοῖς
3146 1146 3337 1209 δεινοῖς
3370 1145 3445 1199 ὢν
3468 1164 3599 1217 τυγ..

2014 1229 2174 1299 χάνῃ,
2208 1228 2639 1297 καταγελάσεται
2672 1228 2912 1291 πάντων,
2954 1228 3048 1282 καὶ
3090 1228 3243 1280 οὐδὲν
3287 1228 3426 1281 αὑτά
3455 1232 3598 1301 ἡγή-

2017 1329 2189 1378 σεται,
2229 1312 2322 1366 τοῦ
2346 1313 2619 1367 Δεσπότου
2655 1313 2765 1366 τῶν
2793 1313 2951 1380 ὅλων,
2978 1312 3072 1365 τοῦ
3106 1312 3284 1365 πάντα
3316 1313 3597 1378 ποιοῦντος

2015 1395 2109 1448 καὶ
2153 1398 2685 1466 μετασκευάζοντος,
2731 1395 3145 1458 κατευοδοῦντος
3188 1395 3337 1467 αὑτῷ
3384 1397 3601 1450 ἅπαντα

2015 1480 2108 1533 καὶ
2133 1479 2202 1533 τά
2228 1480 2465 1551 δυσχερῆ
2499 1480 2656 1552 ῥᾴδια
2700 1478 3151 1550 ἀπεργαζομένου
3169 1490 3217 1531 α.
3272 1478 3396 1542 Πῶς
3422 1479 3480 1533 δέ
3510 1478 3599 1532 δυο

2013 1562 2294 1633 νησόμεθα
2323 1562 2443 1632 μεθ’
2472 1562 2682 1616 ἐαυτῶν
2706 1562 2849 1633 ἔχειν
2876 1561 2967 1615 τὸν
2998 1559 3223 1633 Κύριον,
3260 1562 3355 1614 καὶ
3385 1562 3477 1614 ὑπ’
3503 1563 3601 1614 αὑ-

2013 1645 2107 1697 τοῦ
2138 1642 2574 1699 κατευοδοῦσθαι
2605 1647 2663 1698 ἐν
2699 1646 2935 1709 άπασιν;
2983 1645 3109 1697 Ἐάν
3148 1645 3410 1715 νήφοντες
3448 1639 3601 1716 ὦμεν

2014 1729 2107 1782 καὶ
2134 1730 2526 1802 ἐγρηγορότες,
2558 1731 2653 1783 καὶ
2686 1730 3059 1800 μιμησώμεθα
3101 1727 3198 1782 τοῦ
3242 1728 3366 1782 νέου
3406 1730 3598 1783 τούτου

2012 1812 2111 1881 τὴν
2133 1812 2509 1883 σωφροσύνην,
2534 1814 2630 1866 καὶ
2665 1812 2763 1882 τὴν
2786 1812 2952 1882 ἄλλην
2993 1811 3215 1882 ἀρετὴν,
3254 1813 3348 1865 καὶ
3376 1811 3438 1866 τὸ
3465 1813 3599 1885 φρό-

2013 1912 2161 1965 νημα
2197 1895 2258 1948 τὸ
2287 1898 2563 1963 γενναῖον,
2602 1895 2695 1947 καὶ
2732 1894 2932 1963 ἴδωμεν
2975 1893 3058 1945 ὅτι
3118 1893 3261 1947 οὑτω
3300 1894 3407 1965 χρὴ
3458 1897 3599 1965 μετά

2013 1978 2301 2049 ἀκριϐείας
2330 1979 2546 2032 ἅπαντα
2582 1978 3033 2049 διαπράττεσθαι,
3072 1978 3148 2041 ὡς
3179 1979 3449 2049 μηδέποτε
3492 1980 3599 2033 ὑπὸ

2012 2062 2109 2115 τοῦ
2151 2063 2423 2116 Δεσπότου
2467 2063 2957 2132 καταγνωσθῆναι,
2998 2061 3112 2114 ἀλλ’
3144 2063 3230 2114 ὅτι
3259 2064 3357 2132 οὑχ
3387 2059 3497 2116 οἷόν
3536 2066 3597 2117 τέ

2014 2161 2134 2198 τινα
2159 2143 2340 2198 λαθεῖν
2365 2145 2571 2198 ἐκεῖνον
2604 2146 2697 2198 τὸν
2727 2145 3029 2213 ἀκοίμητον
3058 2144 3338 2214 ὀφθαλμὸν
3370 2145 3595 2209 εἰδέναι,

2014 2227 2128 2280 ἀλλ’
2162 2228 2374 2299 ἀνάγκη
2416 2228 2635 2291 πάντως
2666 2228 2758 2281 τὸν
2786 2228 3104 2298 ἁμαρτόντα
3150 2230 3270 2290 ταῖς
3299 2229 3597 2298 τιμωρίαις

2017 2309 2315 2364 ὑπεύθυνον
2333 2310 2603 2380 γενέσθαι.
2630 2311 2739 2364 Καὶ
2766 2310 2843 2381 μὴ
2870 2312 3264 2381 προτιμότερον
3292 2310 3599 2382 ἡγώμεθαδ

2014 2394 2104 2447 τὸν
2122 2393 2228 2446 τῶν
2246 2392 2546 2463 ἀνθρώπων
2566 2393 2729 2462 φόϐον
2756 2395 2857 2462 τῆς
2879 2392 2971 2445 τοῦ
2993 2392 3128 2445 Θεοῦ
3153 2394 3595 2465 ἀγανακτήσεως,

2016 2474 2155 2529 ἀλλά
2204 2475 2632 2545 μνημονεύωμεν
2669 2475 2759 2528 διά
2796 2475 2996 2540 παντὸς
3042 2475 3153 2527 τῶν
3197 2477 3460 2546 ῥημάτων
3500 2477 3596 2530 τοῦ

2026 2560 2224 2631 Ἰωσὴφ
2258 2559 2534 2627 λέγοντος⁶
2573 2560 2705 2624 Πῶς
2739 2559 2973 2623 ποιήσω
3011 2559 3077 2612 τὸ
3104 2557 3273 2627 ῥῆμα
3309 2560 3375 2612 τὸ
3410 2572 3597 2627 πονη-

2005 2642 2122 2712 ρὸν
2148 2642 2324 2696 τοῦτο
2340 2682 2355 2707 ,
2388 2642 2487 2695 καὶ
2520 2642 2936 2711 ἀμαρτήσομαι
2961 2642 3241 2695 ἐναντίον
3266 2642 3375 2696 τοῦ
3401 2642 3551 2696 Θεοῦ
3576 2660 3597 2701 :

2017 2728 2185 2781 Ὅταν
2213 2745 2297 2791 τις
2320 2722 2413 2780 οὖν
2444 2726 2701 2797 λογισμὸς
2722 2727 2869 2795 ἡμᾶς
2894 2724 3249 2799 διαταράττῃ,
3268 2726 3428 2779 τοῦτο
3451 2728 3509 2779 ἐν
3528 2730 3597 2798 τῇ

2013 2810 2223 2882 διανοίᾳ
2250 2810 2574 2881 στρέφωμεν
2610 2810 2671 2863 τὸ
2702 2812 2853 2880 ῥῆμα
2874 2848 2889 2871 ,
2921 2810 3018 2863 καὶ
3052 2811 3397 2881 παραχρῆμα
3422 2828 3597 2879 φυγα-

2013 2894 2227 2947 δεύεται
2272 2896 2420 2947 πᾶσα
2451 2894 2650 2954 ἄτοπος
2697 2892 2985 2963 ἐπιθυμία.
3036 2893 3161 2945 Είτε
3204 2890 3297 2947 οὖν
3327 2894 3597 2963 σωμάτων

2015 2976 2283 3047 ἐπιθυμίᾳ
2312 2994 2395 3038 τις
2426 2974 2539 3043 ἁλῷ
2564 3015 2579 3039 ,
2616 2975 2725 3028 εἴτε
2754 2976 3059 3047 χρημάτων
3094 2976 3257 3045 έρωτι
3277 3015 3291 3039 ,
3324 2978 3431 3029 εῖτε
3460 2976 3598 3049 ἄλλῃ

2014 3060 2121 3113 τινὶ
2150 3060 2337 3129 ἀτόπῳ
2363 3060 2546 3130 ἡδονῇ,
2574 3058 2781 3121 εὐθέως
2810 3056 2968 3112 τοῦτο
2994 3057 3313 3127 λογιζέσθω,
3342 3060 3423 3113 ὃτι
3453 3061 3597 3113 ἐκεῖ·

2015 3160 2102 3205 νος
2134 3144 2265 3212 ἡμῖν
2304 3144 2450 3193 ἐστιν
2478 3144 2505 3194 ό
2535 3142 2789 3205 δικάζων,
2822 3141 2880 3194 ὃν
2908 3141 3006 3212 οὑχ
3043 3137 3154 3195 οἷόν
3182 3159 3241 3195 τε
3268 3142 3449 3196 λαθεῖν
3477 3142 3597 3196 οὐδὲ

2014 3228 2082 3280 τὰ
2113 3228 2168 3276 ὲν
2198 3228 2262 3296 τῇ
2302 3226 2509 3295 διανοίᾳ
2554 3224 2949 3294 βουλευόμενα·
2990 3226 3083 3279 καὶ
3130 3227 3347 3289 πάντως
3375 3226 3599 3295 διαφευ-

2015 3308 2217 3378 ξόμεθα
2256 3309 2350 3362 καὶ
2378 3308 2477 3371 τὰς
2510 3308 2604 3361 τοῦ
2632 3308 2880 3362 διαϐόλου
2922 3309 3171 3380 μηχανάς
3189 3349 3204 3372 ,
3243 3311 3337 3363 καὶ
3361 3309 3598 3363 ἀπολαύ·

2017 3408 2182 3460 σομεν
2225 3390 2424 3460 πολλῆς
2466 3391 2567 3459 τῆς
2612 3391 2819 3444 ἀνωθεν
2868 3392 3226 3461 συμμαχίας·
3275 3388 3343 3463 ἦς
3386 3392 3598 3459 γένοιτο

2015 3477 2223 3537 πάντας
2252 3476 2398 3545 ἡμᾶς
2425 3476 2728 3545 ἐπιτυχεῖν,
2755 3476 2939 3545 χάριτι
2971 3476 3064 3527 καὶ
3085 3474 3474 3547 φιλανθρωπίᾳ
3497 3474 3595 3529 τοῦ

2014 3559 2219 3629 Κυρίου
2248 3558 2403 3629 ἡμῶν
2443 3558 2616 3627 Ἰησοῦ
2664 3556 2924 3629 Χριστοῦ,
2952 3556 3105 3629 [600]
3149 3558 3267 3628 μεθ’
3298 3553 3359 3613 οὗ
3385 3559 3463 3629 τῷ
3493 3560 3599 3611 ﬂa-

2014 3642 2124 3713 τρὶ,
2150 3642 2267 3713 ἅμα
2291 3642 2370 3712 τῷ
2397 3642 2538 3712 ἀγίῳ
2566 3641 2866 3713 Πνεύματι,
2890 3640 3041 3707 δόξα,
3076 3640 3299 3713 κράτος,
3323 3641 3479 3713 τιμὴ,
3500 3641 3597 3695 νῦν

2014 3726 2107 3779 καὶ
2134 3726 2242 3793 ἀεὶ,
2271 3727 2365 3779 καὶ
2389 3725 2469 3789 εἰς
2500 3726 2627 3790 τοὺς
2653 3725 2857 3787 αἰῶνας
2888 3723 2998 3777 τῶν
3024 3724 3255 3780 αἰώνων.
3297 3726 3488 3796 Ἀμήν.

2304 3941 2384 4009 ἦν
2417 3940 2727 4011 γινώσκων
2763 3940 2946 4011 οὐδέν
2987 3943 3021 3993 ό
3060 3938 3597 4009 ἀρχιδεσμοφύλιιε

2609 4010 2710 4063 διὰ
2744 4010 2979 4080 Ἰωσήφ.

2085 4108 2152 4162 α’.
2184 4109 2265 4162 Τὰ
2282 4108 2510 4177 λείψανα
2526 4105 2634 4160 τῶν
2651 4104 2779 4178 χθὲς
2806 4108 2937 4177 ἡμῖν
2960 4105 3266 4177 εἰρημένων
3291 4105 3596 4179 βουλόμεθα

2017 4193 2258 4263 σήμερον
2288 4191 2664 4262 ἀποδοῦναιτῇ
2701 4191 2946 4261 ὑμετέρᾳ.
2963 4190 3171 4261 ἀγάπῃ,
3203 4189 3299 4243 καί
3325 4190 3425 4261 τῆς
3454 4190 3596 4244 κατὰ

2014 4274 2106 4329 τὸν
2154 4275 2354 4345 Ἰωσὴφ
2394 4275 2557 4328 πάλιν
2592 4273 2834 4344 ἱστορίας
2875 4272 3139 4343 ἆψασθαι.
3176 4274 3322 4326 ’Ίστε
3366 4272 3475 4343 γάρ
3509 4273 3593 4325 δτι

2016 4358 2139 4428 χθές
2159 4360 2239 4421 εἰς
2265 4357 2440 4427 μῆκος
2456 4360 2589 4428 ἡμῖν
2612 4357 2935 4420 ἐκταθέντος
2960 4355 3053 4409 τοῦ
3078 4356 3237 4423 λόγου
3256 4355 3356 4409 οὑκ
3374 4355 3596 4424 ἰσχύσα-

2020 4459 2118 4512 μεν
2152 4440 2463 4512 περαιτέρω
2515 4440 2822 4512 προελθεῖν,
2859 4439 2995 4492 ἀλλά
3022 4442 3217 4509 μέχρις
3248 4438 3456 4491 ἐκείνου
3502 4438 3595 4491 τὸν

2015 4522 2173 4590 λόγον
2203 4524 2535 4593 ἐστήσαμεν,
2566 4523 2727 4592 ἡνίκα
2755 4522 2844 4575 διὰ
2864 4521 2961 4593 τὴν
2986 4521 3084 4590 τῆς
3099 4520 3401 4588 Αἰγυπτίας
3435 4536 3595 4574 συκο-

2018 4608 2244 4676 φαντίαν
2278 4608 2383 4660 ὑπὸ
2430 4607 2523 4660 τοῦ
2558 4606 2960 4677 ἀρχιμαγείρου
3003 4608 3085 4667 είς
3130 4604 3189 4657 τὸ
3223 4604 3594 4675 δεσμωτήριον

2016 4690 2298 4760 ἐνεϐλήθη.
2332 4690 2423 4742 Διὸ
2452 4690 2691 4760 σήμερον
2724 4690 3020 4754 ἀναγκαῖον
3048 4686 3255 4750 διδάξαι
3279 4687 3375 4757 τὴν
3398 4687 3596 4757 ὑμετέ·

2019 4789 2113 4843 ραν
2144 4772 2366 4841 ἀγάπην
2395 4772 2463 4825 τὰ
2482 4772 2623 4825 κατὰ
2656 4770 2717 4824 τὸ
2738 4771 3109 4840 δεσμωτήριον
3132 4768 3281 4840 αὑτῷ
3314 4770 3594 4843 συμϐεϐη-

2018 4856 2172 4909 κότα.
2194 4854 2416 4926 Ἐπειδὴ
2436 4856 2543 4926 γὰρ
2568 4853 2832 4924 ἐνεϐλήθη
2855 4855 2935 4916 είς
2949 4854 3009 4905 τὸ
3024 4851 3306 4925 ὀχύρωμα,
3331 4856 3424 4907 καὶ
3453 4870 3595 4925 παρ-

2016 4938 2171 5008 εδόθη
2219 4936 2297 5008 τῷ
2343 4935 2868 5008 ἁρχιδεσμοφύλακι,
2905 4937 3066 4989 κάκεῖ
3104 4937 3339 5008 τοσαύτη
3371 4938 3595 5004 γέγονεν

2022 5023 2103 5085 εἰς
2131 5022 2344 5092 αὑτὺνὴ
2368 5020 2523 5094 παρὰ
2537 5021 2630 5074 τοῦ
2661 5019 2797 5074 Θεοῦ
2827 5019 2991 5091 ῥοπὴ,
3016 5020 3091 5084 ὼς
3108 5022 3288 5073 πᾶσαν
3314 5019 3409 5088 τὴν
3420 5018 3595 5090 ἀρχὴν

2014 5106 2108 5159 τοῦ
2135 5106 2513 5176 δεσμωτηρίου
2535 5104 2696 5158 αὑτὸν
2717 5103 3147 5173 ἐμπιστευθῆναι
3163 5100 3314 5172 παρά
3328 5100 3420 5154 τοῦ
3438 5102 3596 5171 ἀρχι-

2015 5190 2444 5260 δεσμοφύλακος.
2477 5190 2585 5242 Καὶ
2604 5190 2716 5242 οὐκ
2743 5184 2824 5258 ἦν
2850 5186 3179 5256 γινώσκων,
3200 5184 3383 5254 φησιν,
3412 5183 3596 5236 οὐδὲν

2016 5277 2048 5329 ὁ
2076 5273 2615 5343 ἀρχιδεσμοφύλαξ
2656 5271 2753 5325 διὰ
2793 5270 3036 5338 Ἰωσήφ.
3078 5262 3227 5330 Εἶδες
3257 5266 3373 5329 πῶς
3402 5268 3460 5318 ἐν
3496 5267 3595 5318 αύ-

2017 5360 2136 5420 ταῖς
2158 5359 2279 5420 ταῖς
2301 5356 2512 5425 θλίψεσι
2546 5354 2833 5423 γενόμενος
2858 5350 3113 5421 οὐδεμίαν
3143 5348 3395 5419 αἴσθησιν
3425 5347 3596 5419 ἐλάμ-

2018 5440 2147 5492 ϐανε
2173 5439 2281 5492 τῶν
2301 5438 2580 5509 λυπηρῶν,
2608 5436 2720 5489 ἀλλ’
2741 5437 2774 5505 ἡ
2806 5435 3112 5503 εὐμήχανος
3138 5431 3233 5486 τοῦ
3266 5431 3403 5485 Θεοῦ
3432 5430 3597 5501 σοφία

2018 5523 2194 5576 πάντα
2218 5521 2510 5592 μετέϐαλλε
2532 5520 2600 5572 τὰ
2615 5518 2855 5586 λυπηρά.
2876 5518 2987 5570 Καὶ
3002 5515 3253 5585 καθάπερ
3267 5514 3358 5567 τὸν
3377 5530 3595 5584 μαργα-

2020 5606 2175 5677 ρίτην
2189 5606 2292 5659 κᾶν
2317 5606 2374 5656 ἐν
2393 5601 2637 5673 βορϐόρῳ
2664 5618 2748 5665 τις
2770 5599 3130 5669 καταχώσειε,
3152 5599 3211 5653 τὸ
3239 5600 3436 5653 οἰκεῖον
3461 5597 3597 5651 κάλ-

2017 5689 2106 5753 λος
2137 5686 2507 5741 ἐπιδείκνυται
2528 5700 2541 5713 ·
2562 5683 2706 5737 οὑτω
2720 5684 2813 5736 καὶ
2834 5681 3075 5754 ἡάρετὴ,
3101 5683 3235 5739 ὅπου
3260 5682 3306 5738 δ’
3329 5681 3397 5738 ἂν
3422 5684 3595 5757 αὑτὴν

2014 3942 2122 3995 Καὶ
2156 3942 2267 3995 οὐκ

2062 5856 2110 5885 ν⁸
2133 5855 2350 5915 Quatuor
2372 5867 2486 5902 mss.
2513 5852 2935 5916 κατεργαζομένου.

2089 5916 2115 5952 δ
2142 5917 2240 5966 Sex
2266 5930 2363 5966 mss
2402 5917 2465 5978 μή
2490 5917 2713 5978 πρότερον
2731 5916 2952 5977 ἡγώμεθα
