3974 6418
209 383 304 439 541

202 499 364 548 etiam
379 495 436 550 in
456 496 905 552 scr'vitute.etiam
925 494 974 547 i’n
994 503 1223 557 carecre,
1243 497 1465 548 etiamin
1483 495 1788 558 afﬂictione,

202 590 366 639 etiam
397 589 456 639 in
489 589 857 656 prosperitate.
883 587 1144 653 Quoniam
1174 586 1330 656 igitur
1355 596 1408 640 et
1448 589 1499 640 in
1525 602 1796 641 carcerem

198 679 476 746 conjectus
506 680 606 733 sibi
633 679 937 732 conciliavit
959 677 1266 748 przefectum
1290 679 1538 744 carceris,
1561 688 1616 733 et
1638 694 1800 746 super

200 784 393 823 omnes
417 771 506 839 qui
535 770 604 823 ibi
637 779 787 824 erant
815 780 1129 838 potestatem
1151 771 1219 824 ab
1242 784 1307 823 eo
1332 771 1538 839 accepit
1569 789 1586 822 :
1607 771 1792 823 vide-a-

201 875 325 915 mus
350 873 404 915 et
434 861 520 915 bic
546 861 812 929 quomodo
838 861 940 913 vim
972 859 1157 930 gratiae
1184 860 1281 913 sibi
1312 873 1580 914 concessae
1622 859 1790 912 mani-

200 950 430 1005 festat-it.
461 953 512 1006 i.
545 949 758 1005 Factam
801 962 876 1006 est
920 953 1082 1014 enim,
1113 952 1314 1019 inqttit,
1345 962 1460 1020 post
1503 949 1648 1003 verba
1687 950 1792 1001 lucc

205 1039 361 1112 (Cap.
389 1043 502 1113 ΔΟ).
527 1042 748 1108 Qualia?
780 1043 912 1109 Quae
940 1045 1170 1096 narravit
1200 1053 1318 1111 post
1356 1042 1549 1095 factam
1591 1041 1792 1094 calum-

202 1133 371 1196 niam,
391 1145 671 1202 postquam
688 1133 1070 1187 condemnatus
1091 1142 1173 1186 est
1199 1132 1264 1185 ad
1291 1145 1558 1186 carcerem
1585 1149 1596 1183 :
1617 1141 1669 1185 et
1686 1145 1789 1185 non

205 1227 306 1279 hoc
344 1227 515 1279 solum
541 1267 553 1286 ,
588 1226 679 1280 sed
709 1235 762 1278 et
793 1236 1068 1294 postquam
1110 1225 1459 1294 significatum
1509 1232 1592 1277 est
1638 1221 1790 1275 nobis

205 1318 490 1370 Dominum
522 1331 640 1370 cum
670 1317 758 1370 illo
786 1316 972 1382 fuisse,
1002 1327 1054 1371 et
1082 1316 1386 1387 put-fectum
1411 1315 1642 1370 carceris
1670 1329 1790 1368 om-

200 1410 288 1461 nia
323 1423 444 1477 qua:
474 1408 542 1460 ibi
569 1415 721 1460 erant
749 1407 846 1475 ipsi
875 1408 1224 1471 commisisse,
1249 1415 1308 1460 ut
1336 1421 1428 1476 per
1446 1405 1593 1458 illum
1616 1404 1788 1457 aduri-

202 1499 578 1552 nistrat-untur.
609 1495 823 1551 Factum
850 1508 941 1560 est,
973 1499 1161 1568 inquit,
1188 1507 1300 1568 post
1322 1498 1468 1550 verba
1497 1497 1622 1561 lucc,
1647 1506 1791 1565 post-

198 1607 361 1658 quam
377 1589 603 1659 injectus
620 1591 770 1644 estin
790 1603 1079 1653 carcerem,
1099 1607 1216 1643 cum
1233 1599 1512 1659 peccassent
1528 1589 1789 1659 praefectus

200 1683 562 1750 pincernarum
581 1692 631 1735 et
655 1685 922 1754 prtefectus
949 1682 1210 1753 pistorum,
1243 1682 1298 1734 2.
1324 1690 1379 1735 et
1396 1683 1448 1736 5.
1474 1681 1790 1735 condemnati

198 1782 319 1826 sunt
344 1791 375 1825 a
415 1788 562 1843 rege,
601 1783 656 1825 ut
695 1775 746 1826 in
790 1789 1038 1826 carcerem
1065 1773 1396 1837 mitterentur,
1420 1774 1471 1827 4.
1501 1789 1624 1843 quos
1653 1786 1785 1838 prat-

199 1870 360 1934 fectus
403 1869 618 1917 carceris
654 1863 877 1935 Josepho
921 1865 1303 1918 commendavit.
1337 1864 1516 1933 Neque
1559 1864 1702 1917 enim
1732 1870 1789 1916 ut

206 1956 389 2008 vincto
422 1969 546 2008 usus
572 1967 650 2009 est
680 1956 787 2020 illo,
821 1957 916 2010 sed
944 1965 1000 2010 ut
1021 1971 1266 2010 eurarum
1300 1958 1574 2025 participe,
1605 1957 1711 2009 imo
1733 1965 1790 2010 ut

199 2060 266 2098 eo
291 2046 381 2114 qui
414 2046 482 2099 ibi
505 2045 840 2100 detentorum
865 2047 1103 2102 miserias
1132 2047 1289 2102 solari
1313 2057 1511 2117 posset.
1539 2047 1606 2100 Et
1629 2048 1788 2100 aditi.

201 2138 261 2188 tit
285 2139 357 2190 eis
380 2178 396 2202 ,
427 2137 614 2206 inquit.
641 2134 780 2204 Quid
802 2147 884 2192 est
904 2179 917 2202 ,
952 2140 1151 2192 Adstitit
1180 2139 1248 2192 eis
1271 2139 1296 2192 .9
1318 2140 1429 2193 Hoc
1463 2147 1563 2203 est,
1592 2154 1787 2193 consi-

201 2227 338 2279 Iatus
359 2235 443 2279 est
462 2268 476 2292 ,
501 2227 772 2281 roboravit
793 2243 977 2282 eorum
1003 2239 1228 2294 mentes,
1262 2231 1431 2284 erexit
1458 2246 1640 2283 eonnn
1669 2230 1785 2282 aui-

199 2332 317 2370 mos
342 2360 356 2381 ,
386 2328 441 2370 et
477 2333 579 2371 non
627 2321 865 2386 permisit
902 2319 1172 2374 absorberi
1218 2336 1328 2389 pro:
1363 2323 1592 2375 tristitia.
1624 2321 1787 2375 Erant

195 2418 369 2461 autem
410 2409 583 2461 diebus
628 2410 800 2463 multis
826 2412 876 2463 in
905 2426 1101 2463 carcere
1122 2453 1135 2474 ,
1161 2411 1213 2466 5.
1242 2421 1287 2464 et
1317 2412 1546 2464 viderunt
1585 2422 1787 2480 uterque

196 2498 507 2551 insomnium
535 2499 586 2551 in
613 2511 755 2553 nocte
774 2516 893 2564 una,
920 2501 1188 2569 prtefectus
1212 2503 1560 2570 pincernarum
1588 2512 1636 2554 et
1655 2518 1786 2572 pra:-

195 2594 361 2658 fectns
409 2591 672 2658 pistorum.
703 2589 810 2646 Sed
841 2592 1024 2646 beatus
1065 2593 1154 2646 ille
1177 2631 1192 2657 ,
1224 2593 1308 2646 cui
1338 2607 1479 2647 cura:
1508 2603 1622 2647 crat
1649 2608 1778 2662 quc-

200 2681 362 2734 inodn
393 2683 758 2736 consolaretur
783 2683 898 2737 illos
924 2726 938 2750 ,
971 2694 1028 2738 ut
1057 2685 1184 2738 vidit
1216 2699 1307 2739 eos
1329 2687 1397 2739 ob
1421 2687 1676 2739 visionem
1707 2686 1786 2738 in-

197 2775 530 2828 somniorum
565 2777 783 2840 turbari,
818 2786 871 2830 et
897 2786 1074 2832 mente
1104 2777 1379 2844 confundi,
1407 2778 1534 2832 dicit
1563 2796 1576 2833 :
1605 2779 1655 2832 7.
1685 2777 1788 2831 Cur

198 2867 355 2932 [acies
381 2875 558 2919 vestra:
585 2868 732 2920 hodie
769 2877 871 2920 tant
897 2868 1144 2922 obnubitur
1186 2876 1231 2921 et
1271 2880 1458 2921 maesta!
1476 2875 1500 2924 .9
1522 2870 1782 2922 Ostende-

202 2959 326 3010 hant
342 2958 481 3010 enim
507 2958 667 3012 facies
684 2974 866 3013 eorum
887 2959 1026 3012 intus
1043 2961 1289 3014 latentem
1308 2959 1779 3029 perturbationem.

202 3048 491 3116 Propterea
530 3058 584 3102 et
626 3050 836 3117 sapiens
865 3050 1076 3119 quidatn
1107 3050 1317 3104 dicebat
1347 3072 1361 3103 :
1393 3051 1557 3104 Corde
1587 3053 1784 3105 (tutante

197 3138 347 3205 ﬂoret
373 3139 546 3205 facies,
579 3139 631 3191 in
662 3141 864 3192 tristitia
886 3152 1054 3193 autem
1085 3142 1377 3204 emittente,
1401 3153 1575 3193 moeret
1603 3140 1779 3210 (Prov.

199 3229 286 3282 15.
327 3229 436 3296 15).
469 3227 628 3296 igitur
653 3231 773 3298 quia
800 3231 930 3284 vidit
970 3245 1062 3284 eos
1091 3232 1297 3284 tristitia
1329 3231 1545 3284 aﬂ'cctos
1574 3241 1736 3300 proptu
1759 3244 1788 3285 r

199 3318 586 3372 insomniorum
613 3320 871 3374 visionem
892 3363 904 3384 ,
936 3336 1147 3374 causam
1177 3322 1383 3376 discere
1412 3321 1596 3375 volens
1626 3337 1783 3391 roga-

199 3407 438 3464 vit.Vide
465 3411 732 3479 quomodo
755 3421 809 3466 et
832 3413 882 3466 in
910 3429 1120 3468 carcere
1145 3415 1407 3468 cxsistens
1431 3430 1578 3468 suam
1606 3425 1786 3469 osten-

197 3503 276 3554 dit
327 3502 570 3554 virtutem
598 3542 616 3568 ,
645 3510 699 3556 ct
744 3503 965 3557 aliorum
1008 3519 1265 3559 metueres
1299 3506 1527 3559 alierum
1564 3506 1783 3560 studuit.

199 3593 336 3660 Quid
369 3593 531 3661 igitur
568 3594 682 3648 illi?
709 3595 760 3650 8.
798 3595 1063 3650 Somnium
1101 3598 1345 3662 vidimus,
1379 3608 1426 3652 et
1453 3615 1551 3652 non
1582 3607 1652 3652 est
1697 3600 1785 3668 qui

198 3687 446 3754 conjectet
482 3686 630 3739 illud.
667 3686 986 3757 lgnorabaut
1013 3691 1322 3759 sapientiam
1369 3690 1485 3761 ejus
1530 3706 1651 3745 cum
1680 3707 1786 3761 quo

200 3775 573 3845 loquebantur,
597 3776 686 3831 sed
710 3777 980 3847 vulgarem
1002 3780 1232 3850 aliquem
1256 3795 1374 3836 esse
1389 3782 1784 3849 existimabant,

197 3875 251 3919 et
283 3877 562 3935 propterea
592 3868 858 3923 somnium
881 3871 929 3923 ei
955 3885 1059 3924 non
1091 3881 1342 3937 narrant,
1375 3873 1466 3927 sed
1498 3882 1696 3926 tantum
1728 3889 1787 3929 se

197 3957 402 4012 vidisse
443 3957 657 4024 dicunt,
687 3969 742 4013 et
782 3960 1022 4016 addunt:
1050 3961 1239 4017 Nullus
1281 3965 1478 4034 estqui
1523 3965 1788 4033 conjectet

202 4046 355 4098 illud.
387 4045 584 4101 Verum
613 4049 940 4105 admirabilis
983 4051 1071 4107 ille
1103 4053 1186 4107 vir
1224 4055 1352 4108 dicit
1395 4056 1472 4109 eis
1498 4075 1512 4110 :
1544 4055 1729 4109 Nonne
1755 4074 1788 4110 a

203 4135 314 4189 Deo
350 4138 690 4208 manifestatio
728 4143 837 4212 ejus
861 4143 970 4196 est?
994 4141 1222 4200 Narrate
1243 4147 1399 4217 igitur
1420 4149 1562 4201 mihi.
1592 4149 1726 4202 Num
1757 4165 1784 4202 a

202 4240 289 4280 me
333 4224 454 4295 ipso
495 4230 749 4297 promitto
785 4233 936 4287 vobis
974 4233 1172 4305 aliquid
1205 4252 1289 4291 me
1315 4237 1617 4293 dicturum?
1649 4239 1786 4294 Deus

200 4328 280 4371 est
301 4319 391 4388 qui
411 4319 630 4376 revelat.
657 4320 880 4378 Narrate
897 4323 1050 4394 igitur
1070 4327 1210 4380 mihi.
1237 4327 1367 4383 Vide
1389 4329 1786 4399 intelligentiam

201 4423 254 4463 et
284 4411 598 4467 humilitatis
619 4414 1009 4470 excellentiam.
1039 4416 1152 4472 Non
1181 4417 1354 4485 dixit,
1387 4420 1494 4488 Ego
1519 4421 1669 4474 vobis
1702 4420 1786 4474 (li-

200 4502 402 4572 iudico,
432 4517 528 4573 ego
556 4505 706 4560 vobis
729 4507 848 4562 dico
869 4509 1194 4564 somniorum
1219 4513 1488 4576 eventum;
1513 4511 1606 4565 sed
1626 4512 1789 4582 quid?

206 4593 434 4647 Narrate
472 4595 628 4665 igitur
646 4598 788 4650 mihi.
824 4599 962 4653 Deus
990 4602 1132 4654 enim
1159 4611 1239 4656 est
1269 4602 1414 4655 solus
1443 4603 1530 4671 qui
1560 4605 1680 4655 talia
1705 4618 1789 4658 re-

203 4684 367 4738 velat.
400 4684 454 4740 9.
483 4685 552 4738 Et
592 4691 814 4742 narrauit
857 4691 1121 4758 praefectus
1163 4692 1536 4759 pincernarum.
1584 4694 1669 4747 12.
1721 4692 1788 4747 Ut

201 4786 375 4829 autem
404 4777 594 4831 audivit
611 4777 822 4850 Joseph,
849 4782 1045 4850 inquit:
1065 4781 1189 4836 Haec
1205 4792 1276 4837 est
1295 4784 1638 4851 interpretatio
1658 4786 1786 4854 ejus.

202 4869 295 4923 15.
324 4866 448 4922 Tres
476 4873 798 4941 propagines,
831 4883 929 4927 tres
955 4883 1072 4927 sunt
1092 4875 1195 4927 dies
1219 4889 1239 4927 :
1257 4875 1423 4926 adhuc
1454 4885 1553 4928 tres
1577 4875 1682 4928 dies
1700 4917 1712 4936 ,
1743 4886 1789 4928 et

199 4957 553 5013 recordubitar
597 4959 801 5015 Pharao
829 4971 929 5015 tute
969 4963 1322 5033 pincernarnm
1362 4969 1714 5036 prtcfecturat.’
1746 4975 1794 5018 et

200 5051 326 5103 hinc
349 5052 574 5105 restituet
602 5063 676 5117 te,
707 5064 752 5106 ct
780 5055 923 5107 dabis
948 5057 1185 5124 poculum
1215 5055 1481 5110 Pharaoni
1507 5057 1559 5110 in
1586 5073 1790 5110 manum

199 5145 318 5212 ejus
355 5143 509 5212 juxta
536 5145 803 5212 pristinum
847 5146 1060 5216 oﬁicium
1088 5158 1227 5200 tuum
1244 5189 1259 5213 ,
1283 5157 1337 5200 ut
1363 5149 1555 5201 solebas
1575 5190 1588 5210 ,
1622 5149 1792 5202 vinum

195 5237 497 5305 infundens.
524 5235 722 5290 H.8ed
741 5240 1004 5290 recordare
1027 5240 1126 5291 mei
1143 5255 1229 5308 per
1245 5240 1574 5307 temetipsum,
1591 5240 1795 5306 quando

195 5324 291 5376 tibi
322 5324 445 5376 bene
469 5324 579 5390 erit,
596 5336 642 5380 ct
662 5327 818 5395 facies
843 5328 966 5381 mihi
984 5330 1398 5394 misericordiam,
1421 5339 1468 5382 et
1485 5345 1676 5383 memor
1697 5331 1793 5383 eris

200 5415 308 5468 mei
337 5416 477 5482 apud
517 5416 837 5473 Pharaonem
861 5462 876 5484 ,
901 5430 950 5474 et
989 5422 1169 5476 educes
1212 5437 1291 5474 me
1325 5438 1388 5476 ea:
1429 5438 1627 5476 cm'cere
1654 5422 1746 5475 hoc
1766 5441 1785 5473 .-

199 5507 296 5561 15.
330 5507 450 5575 quia
477 5511 651 5578 furtim
691 5511 934 5566 abductus
962 5529 1070 5566 sum
1099 5529 1161 5566 ea:
1199 5523 1329 5567 terra
1357 5511 1715 5577 Hebraeorum,
1749 5523 1794 5567 et

201 5599 290 5650 hic
331 5598 434 5668 feci
474 5601 638 5666 nihil,
671 5613 717 5655 et
747 5603 1057 5658 immiserunt
1082 5621 1162 5658 me
1187 5605 1239 5658 in
1267 5605 1399 5658 hunc
1441 5605 1630 5658 lacum.
1661 5606 1794 5671 Quia

205 5688 534 5755 prmdixerat
574 5693 623 5746 ei
656 5692 789 5746 bona
813 5703 1069 5748 eventura
1089 5736 1105 5763 ,
1136 5705 1186 5750 et
1235 5695 1683 5750 reconciliandam
1713 5711 1797 5751 re-

198 5801 364 5858 gem,
414 5787 581 5843 dicit:
613 5789 809 5846 Memor
851 5803 953 5848 esto
1005 5793 1102 5846 mei
1153 5811 1232 5864 per
1285 5795 1495 5860 teipsum
1522 5831 1540 5854 .
1583 5793 1794 5861 quando

1247 376 1312 437 ΙΝ
1347 380 1497 438 CAP.
1541 381 1652 439 XL.
1695 376 1937 438 CENES.
1981 379 2187 437 "OM".
2250 371 2428 438 LXIII.
3374 396 3482 452 5.52

1905 494 2207 554 felicitatem
2248 505 2388 549 tuam
2414 497 2724 564 ohtinueris,
2754 502 3076 558 mentionem
3102 501 3342 564 faciendo
3365 513 3486 582 ejus

1900 586 1988 653 qui
2016 586 2128 638 luce
2153 586 2248 639 tibi
2275 587 2539 655 prmelixit,
2562 598 2618 643 et
2635 589 2797 644 facies
2822 591 2950 645 mihi
2971 594 3408 655 misericordiam.

1969 674 2023 731 2.
2048 674 2321 730 Fortitudo
2355 679 2513 731 animi
2537 678 2751 750 Iosephi
2774 694 2988 749 quanta;
3015 699 3208 754 quanta
3227 697 3338 760 ejus
3361 709 3482 764 ergo

1900 766 2188 833 proximum
2216 769 2419 823 caritas.
2445 799 2518 808 —
2543 770 2666 824 "me
2696 773 2921 827 audiens
2942 816 2959 841 ,
2992 777 3186 832 dilecte
3206 819 3223 846 ,
3248 797 3316 836 ne
3351 798 3482 838 cou-

1897 857 2120 914 demnes
2144 861 2627 929 pusillantmitatem
2649 867 2778 934 justi
2805 886 2823 922 :
2842 870 2939 923 sed
2963 870 3062 925 hac
3085 876 3292 928 ratione
3317 879 3482 944 potis-

1893 949 2086 1002 simum
2108 951 2442 1020 obstupesee,
2465 957 2604 1026 quod
2636 973 2753 1011 cum
2786 967 2892 1014 tam
2923 963 3086 1016 multa
3112 976 3291 1020 essent
3311 969 3480 1023 mole-

1895 1048 1996 1104 sta,
2031 1049 2134 1093 tam
2162 1040 2374 1097 fortiter
2400 1053 2455 1100 et
2493 1061 2646 1115 aequo
2673 1050 2856 1103 animo
2883 1051 3000 1105 tulit
3031 1053 3175 1108 illam
3206 1057 3474 1112 inhabita-

1899 1133 2118 1187 tionem.
2147 1134 2277 1188 Nam
2307 1137 2430 1192 licet
2457 1155 2705 1209 magnam
2728 1158 2758 1196 a
2788 1146 3010 1201 custode
3049 1151 3280 1205 carceris
3320 1164 3472 1220 pote-

1894 1234 2085 1278 statem
2105 1230 2418 1296 accepisset,
2440 1239 2674 1286 attamen
2691 1235 3071 1302 gravabatarin
3094 1248 3241 1294 tanto
3260 1243 3477 1310 paedore

1894 1328 2016 1368 cum
2045 1316 2274 1370 sordidis
2293 1327 2347 1372 et
2373 1322 2627 1390 squalidis
2650 1323 2877 1392 agendo.
2908 1325 3038 1381 Nam
3063 1329 3181 1384 vide
3211 1331 3326 1399 ejus
3353 1333 3470 1400 phi-

1897 1404 2222 1473 losophicam
2254 1419 2518 1477 mentem,
2548 1415 2816 1482 quomodo
2840 1416 3046 1471 fortiter
3074 1419 3253 1474 tulerit
3270 1426 3471 1489 omnia,

1895 1493 1948 1545 iu
1975 1496 2220 1552 omnibus
2255 1515 2504 1570 magnam
2544 1503 2827 1562 declarans
2867 1512 3060 1567 animus
3099 1515 3470 1576 humilitatem.

1894 1584 1960 1637 Et
1981 1587 2137 1654 facies
2159 1630 2173 1652 ,
2203 1591 2395 1660 inquit,
2426 1595 2482 1648 in
2503 1613 2585 1650 me
2605 1603 3019 1671 adsericordiam,
3054 1617 3102 1662 et
3134 1614 3478 1668 recordationis

1893 1679 1989 1728 mei
2016 1679 2157 1747 apud
2199 1680 2525 1738 Pharaonem
2542 1729 2557 1752 ,
2587 1698 2640 1742 et
2679 1691 2859 1748 edaces
2901 1711 2985 1750 me
3024 1715 3086 1752 ea:
3123 1716 3323 1757 carcere
3355 1705 3469 1760 hoc.

1893 1769 2122 1823 Attende
2145 1814 2159 1836 ,
2192 1773 2414 1828 obsecro
2443 1818 2457 1840 ,
2493 1779 2580 1833 hic
2620 1786 2887 1851 quomodo
2925 1788 3053 1842 nihil
3099 1776 3241 1846 dicat
3285 1807 3473 1850 contra

1892 1861 2168 1914 scelestam
2215 1865 2356 1918 illam
2386 1867 2680 1926 adulteram
2705 1914 2718 1938 ,
2744 1890 2917 1944 rte-que
2941 1893 3124 1948 arguat
3149 1885 3421 1941 dominum
3451 1927 3468 1952 ,

1892 1964 2064 2018 neque
2093 1964 2270 2008 narret
2295 1955 2518 2012 fratrum
2542 1961 2594 2014 in
2623 1977 2682 2016 se
2713 1964 3170 2035 inhumanitatem,
3199 1975 3293 2029 sed
3318 1979 3472 2032 tectis

1891 2043 2136 2098 onmibus
2157 2086 2171 2111 ,
2201 2046 2326 2102 dicit
2359 2066 2370 2101 :
2405 2051 2702 2110 Recordare
2734 2059 2834 2112 mei
2870 2101 2883 2123 ,
2918 2071 2972 2115 et
3002 2061 3083 2117 fac
3109 2066 3263 2121 educi
3292 2083 3378 2124 me
3403 2086 3468 2125 ex

1890 2151 2105 2192 carcere
2130 2139 2229 2194 hoc
2257 2161 2270 2195 :
2305 2143 2436 2208 Quid
2463 2149 2635 2215 furtim
2664 2151 2909 2206 abductus
2935 2172 3049 2207 sum
3076 2160 3143 2210 de
3179 2169 3309 2213 terra
3360 2161 3468 2215 fle-

1891 2229 2140 2285 brteorum
2161 2274 2176 2298 ,
2207 2243 2255 2287 et
2279 2235 2360 2288 hic
2402 2238 2532 2291 nihil
2556 2242 2686 2310 feci,
2718 2253 2766 2296 et
2788 2245 3100 2301 immiserunt
3126 2266 3204 2304 me
3227 2253 3277 2305 in
3305 2254 3474 2308 locum

1890 2322 2041 2374 hanc.
2071 2323 2148 2377 Ne
2178 2325 2534 2391 perfunctorie
2563 2331 2663 2385 hoc
2691 2345 3090 2402 praetereamus,
3114 2341 3212 2394 sed
3231 2345 3472 2398 conside-

1890 2426 2067 2465 remus
2107 2430 2262 2482 quam
2301 2418 2667 2488 philosophica
2711 2436 2891 2480 mente
2918 2430 3168 2496 prteditus
3193 2431 3385 2500 fuerit,
3417 2446 3474 2490 et

1887 2505 2154 2573 quomodo
2194 2508 2402 2564 inventa
2449 2517 2844 2581 opportunitate
2889 2523 3174 2589 temporis,
3204 2534 3256 2578 et
3295 2527 3469 2581 sciens-

1888 2597 2196 2662 praefectum
2228 2599 2597 2669 pinccrnarnm
2630 2606 2680 2658 in
2709 2606 2914 2661 felicem
2942 2621 3136 2665 statum
3168 2617 3470 2672 restitutum

1892 2699 2047 2752 posse
2099 2702 2260 2742 onmc
2312 2694 2578 2760 negotium
2626 2709 2780 2751 suum
2828 2700 2935 2769 regi
2993 2703 3329 2770 significare,
3361 2723 3473 2760 non

1889 2773 2193 2846 Egyptian)
2222 2782 2567 2849 reprehendit
2595 2786 2811 2854 (iterum
2844 2790 2989 2844 enim
3017 2794 3205 2848 eadem
3248 2796 3467 2868 dicam),

1888 2881 1996 2920 non
2013 2869 2288 2925 dominum
2310 2872 2460 2926 affert
2486 2875 2540 2928 in
2565 2877 2818 2942 medium,
2841 2895 2947 2934 non
2975 2882 3184 2948 fratres;
3215 2899 3322 2939 non
3344 2887 3472 2941 dicit

1888 2973 2103 3014 causam
2145 2976 2359 3032 propter
2385 2982 2538 3036 quam
2570 2971 2954 3028 condemnatus
2982 2976 3050 3028 sit
3080 2977 3134 3030 in
3165 2993 3433 3033 carcerem
3453 3021 3470 3039 .

1889 3063 2060 3119 neque.
2103 3055 2278 3108 scelus
2317 3055 2455 3111 inse
2498 3061 2842 3116 commissum
2881 3079 3099 3120 narrare
3137 3069 3346 3123 studet:
3375 3071 3471 3124 sed

1891 3142 1992 3196 hoc
2019 3159 2180 3198 unum
2219 3156 2399 3213 curat,
2431 3165 2536 3203 non
2563 3160 2618 3205 ut
2641 3152 2760 3207 illos
2785 3157 3102 3211 condemnet
3125 3199 3138 3223 ,
3167 3159 3259 3213 sed
3288 3169 3346 3214 ut
3373 3176 3475 3232 pro

1889 3248 1946 3288 se
1977 3237 2092 3290 solo
2121 3237 2277 3292 dicat.
2311 3240 2374 3294 Et
2405 3242 2628 3297 fratrum
2652 3245 2865 3314 quidem
2893 3264 3104 3304 causam
3145 3253 3423 3308 occultavit
3449 3296 3467 3321 ,

1889 3328 2070 3384 dicens
2098 3348 2110 3384 :
2134 3329 2296 3385 Furta
2316 3334 2560 3388 abductus
2577 3353 2689 3390 sum
2713 3355 2777 3392 ea:
2801 3350 2934 3392 terra
2963 3340 3290 3397 Ilebra'ornm
3314 3362 3331 3398 :
3354 3362 3467 3416 quae

1888 3433 2065 3478 autem
2091 3425 2338 3496 Aﬁgyptia
2372 3429 2453 3482 illa
2488 3429 2719 3496 fecerat,
2749 3447 2850 3486 non
2889 3435 3089 3503 profert
3117 3435 3166 3488 in
3195 3437 3425 3490 medium
3452 3481 3468 3501 ,

1892 3533 2061 3586 neque
2106 3518 2350 3587 injustam
2396 3520 2598 3575 domini
2643 3523 2722 3577 sui
2776 3539 2895 3594 erga
2929 3540 2986 3579 se
3032 3526 3459 3596 indignationem.

1890 3609 1998 3664 Sed
2036 3611 2159 3680 quid
2199 3613 2359 3667 dicit?
2384 3613 2482 3667 llic
2520 3615 2617 3686 feci
2658 3617 2816 3679 nihil,
2852 3626 2899 3670 et
2939 3617 3253 3672 inmiserunt
3296 3635 3374 3674 me
3417 3620 3475 3673 in

1891 3719 2139 3756 carcerem
2188 3705 2338 3758 hune.
2370 3705 2495 3760 Haec
2537 3706 2812 3762 audientes
2859 3707 3159 3772 discamus,
3186 3710 3231 3764 si
3268 3709 3318 3764 in
3348 3711 3479 3765 talia

1893 3793 2232 3850 ineiderimus
2255 3839 2270 3861 ,
2301 3805 2360 3850 ut
2385 3811 2668 3852 caveamus
2707 3813 2774 3852 ne
2799 3799 3054 3853 conviciis
3083 3801 3200 3854 illos
3222 3842 3237 3864 ,
3261 3801 3348 3870 qui
3376 3816 3472 3854 nos

1893 3897 2183 3954 vexarunt,
2213 3889 2539 3943 incessamus
2563 3931 2576 3953 ,
2606 3897 2660 3944 et
2702 3891 2768 3943 ad
2795 3891 3186 3945 accusationem
3216 3892 3234 3923 ⁸
3258 3891 3475 3945 illorum

1894 3979 2123 4048 linguam
2149 3995 2398 4033 acuamus
2427 3997 2438 4030 :
2471 3979 2560 4035 sed
2587 3980 2758 4035 solum
2786 3982 3212 4036 demonstremus
3243 3983 3296 4035 in
3326 3999 3476 4036 man-

1892 4070 2175 4126 suetudine
2215 4080 2269 4124 et
2295 4070 2512 4125 lenitate
2540 4086 2636 4125 nos
2664 4071 2907 4125 innoxios
2945 4087 3066 4126 esse
3087 4113 3102 4136 ,
3126 4081 3180 4126 et
3205 4073 3474 4126 imitemur

1895 4163 2041 4215 illum
2067 4161 2454 4226 admirabilem,
2488 4161 2577 4232 qui
2606 4177 2776 4231 neque
2805 4163 2858 4216 in
2883 4162 3186 4217 calamitate
3210 4165 3478 4219 assistens

1893 4254 2057 4308 voluit
2090 4255 2174 4308 vel
2221 4254 2397 4308 verbis
2438 4255 2781 4324 petulantiam
2810 4263 2864 4309 et
2893 4254 3168 4310 libidinem
3209 4255 3478 4326 Egyptia:

1893 4347 2182 4418 divulgare.
2234 4347 2389 4402 Scitis
2427 4349 2570 4402 enim
2616 4348 2811 4402 multos
2841 4349 3151 4403 criminibus
3186 4350 3345 4402 etiam
3374 4349 3478 4402 ob-

1895 4443 2080 4495 noxios
2100 4484 2113 4506 ,
2138 4457 2324 4511 magna
2353 4441 2676 4510 impudentia
2715 4441 2765 4494 in
2791 4440 2926 4495 alios
2955 4457 3048 4494 sua
3078 4441 3268 4494 delicta
3297 4450 3472 4494 trans-

1896 4534 2034 4589 ferre
2059 4536 2237 4586 conari
2271 4551 2284 4588 :
2312 4534 2395 4586 hic
2419 4541 2597 4586 autem
2626 4532 2739 4586 sole
2767 4529 2963 4585 clarior
2989 4532 3272 4594 exsistens,
3301 4540 3357 4586 et
3380 4534 3474 4602 qui

1895 4636 2096 4695 petcrat
2130 4625 2306 4678 omnia
2334 4639 2454 4676 cum
2484 4624 2709 4677 veritate
2735 4623 2932 4685 dicere,
2965 4633 3016 4676 et
3043 4622 3184 4675 illius
3213 4623 3474 4678 insaniam

1894 4716 2227 4771 manifestam
2259 4715 2452 4779 facere,
2483 4726 2535 4769 ct
2561 4715 2908 4782 semetipsum
2938 4714 3220 4768 clariorem
3247 4714 3474 4768 demou-

1894 4820 2064 4864 strare
2087 4850 2102 4870 ,
2133 4809 2262 4863 nihil
2302 4808 2510 4862 illorum
2562 4809 2613 4861 in
2649 4806 2883 4861 medium
2911 4805 3084 4861 alien.
3112 4806 3296 4876 Neque
3333 4808 3483 4864 enim

1898 4903 2179 4955 humanam
2206 4899 2498 4952 venabatur
2522 4899 2762 4967 gloriam,
2793 4898 2887 4952 sed
2917 4898 3281 4955 sufficiebatei
3314 4897 3479 4954 bene-

1896 4996 2124 5048 volentia
2151 5009 2398 5063 supcrna,
2428 5001 2484 5048 ct
2504 4992 2718 5046 oculum
2743 4991 2892 5045 illum
2921 4993 3093 5046 solum
3115 4991 3200 5060 qui
3225 5006 3328 5044 non
3355 4989 3481 5044 dor-

1896 5089 1993 5142 mit
2014 5086 2210 5141 habere
2234 5085 2444 5140 volebat
2467 5081 2797 5136 laudatorem
2815 5081 3076 5136 factorum
3097 5095 3329 5134 suorum.
3354 5079 3485 5133 Ideo

1897 5178 2085 5232 silente
2108 5191 2174 5231 eo
2198 5218 2212 5243 ,
2240 5186 2295 5230 et
2319 5176 2496 5230 omnia
2525 5174 2778 5244 obtegere
2805 5173 3076 5234 moliente,
3107 5171 3342 5224 clemens
3372 5169 3480 5221 Do-

1898 5273 2072 5328 minus
2103 5270 2154 5325 in
2183 5279 2380 5325 tantam
2419 5285 2539 5324 cum
2564 5268 2786 5338 gloriam
2817 5264 3078 5334 perduxit,
3112 5261 3322 5329 quando
3348 5261 3481 5316 vidit

1898 5365 2151 5418 athletam
2199 5377 2355 5416 suum
2393 5370 2536 5415 recte
2565 5369 2818 5414 certasse.
2847 5355 2962 5409 Jam
2993 5361 3168 5408 autem
3209 5352 3480 5406 discamus

1897 5468 1950 5512 et
1991 5472 2054 5510 ex
2104 5455 2168 5509 iis
2211 5470 2327 5524 qua:
2374 5462 2554 5522 postea
2602 5457 2896 5519 sequuntur
2933 5445 3030 5499 viri
3063 5443 3482 5513 patientiam,et

1899 5547 2166 5622 quomodo
2198 5563 2300 5601 non
2331 5544 2588 5616 gravatim
2622 5542 2720 5597 fert
2745 5537 3054 5596 dilationem
3078 5579 3092 5605 ,
3126 5551 3298 5608 neque
3327 5551 3356 5590 ει
3385 5551 3480 5590 sua

1899 5641 2172 5696 alacritate
2214 5633 2568 5700 cxcidit;sed
2621 5647 2772 5703 :eqno
2821 5631 3001 5686 animo
3036 5628 3214 5684 exmia
3259 5627 3397 5698 fert,
3429 5635 3482 5679 et

1969 5799 1987 5832 ί
2021 5794 2180 5855 Coisl.,
2207 5789 2569 5845 detractionem.
