3974 6418
471 343 582 402 διδ

473 469 720 533 prompte
753 457 953 530 gratias
981 455 1090 526 agit
1111 453 1333 510 Domino
1360 467 1460 507 suo
1484 493 1498 518 ,
1524 452 1614 522 qui
1642 451 1756 505 hanc
1784 451 1900 506 fieri
1933 466 2054 522 per-

471 550 735 606 mittebat.
765 547 858 603 llis
883 546 1093 612 auditis,
1111 545 1356 615 princeps
1382 543 1636 612 pistorum
1669 552 1814 597 ratus
1832 551 1887 596 et
1905 557 2058 596 suum

472 641 575 696 sibi
603 640 866 694 somnium
905 638 1026 691 boni
1067 634 1265 704 aliquid
1307 634 1653 703 praesignarc,
1681 641 1860 687 narrat
1885 634 1933 686 ei
1974 647 2061 687 so-

474 730 609 787 mnii
639 729 918 783 visionem.
941 726 1092 794 Quod
1121 735 1176 779 ut
1199 724 1366 779 audiit
1389 723 1610 794 Ioseph,
1639 732 1858 792 accepta
1898 724 2058 777 etiam

471 839 538 880 ex
565 835 792 891 superna
821 819 1146 874 revelatione
1174 817 1292 887 ejus
1323 815 1782 886 interpretatione,
1819 813 2059 883 przedicit

472 916 546 970 illi
590 916 859 969 interitum
905 913 1268 968 imminentem
1290 950 1307 978 ,
1336 919 1391 964 et
1419 909 1549 964 dicit
1579 926 1592 962 :
1622 908 1706 963 l9.
1737 907 1916 961 Adhuc
1958 916 2058 960 tres

471 1005 578 1059 dies
600 1045 615 1069 ,
647 1015 692 1058 et
719 1006 914 1076 auferet
944 1003 1154 1057 Pharao
1193 1013 1346 1072 caput
1375 1011 1516 1053 tuum
1543 1015 1576 1051 a
1604 1009 1650 1052 te
1671 1039 1685 1064 ,
1715 1007 1761 1051 et
1787 998 2058 1066 suspendet

471 1108 519 1152 te
556 1099 608 1151 in
637 1099 815 1168 ligno;
843 1107 888 1150 et
913 1096 1176 1150 comedent
1199 1096 1422 1149 volucres
1446 1094 1555 1148 ειειὲ
1584 1109 1760 1147 carnes
1785 1103 1898 1146 tuas
1923 1108 1956 1144 a
1986 1101 2054 1147 te.

470 1187 697 1256 Propter
721 1187 822 1241 hoc
848 1188 992 1256 prius
1009 1186 1275 1249 dicebam,
1299 1184 1490 1254 inquit,
1516 1197 1620 1238 non
1639 1197 1667 1236 a
1684 1181 1890 1250 meipso
1906 1181 2054 1235 vobis

469 1281 702 1349 praedico
722 1320 739 1346 ,
767 1279 858 1334 sed
889 1293 1240 1348 qutecumque
1274 1277 1412 1332 Dens
1455 1275 1779 1330 revelaverit
1803 1290 1816 1326 :
1843 1283 1900 1326 ut
1940 1273 2054 1328 sive

471 1374 670 1428 bonum
712 1371 910 1442 aliquid
938 1412 954 1437 ,
983 1369 1096 1426 sive
1142 1370 1342 1425 malum
1393 1368 1679 1438 prasignet
1727 1365 2053 1422 somniorum

475 1464 646 1530 visio,
675 1479 780 1518 non
807 1462 938 1517 mihi
967 1461 1303 1516 adscribatis.
1333 1459 1448 1514 Non
1478 1458 1620 1514 enim
1655 1472 1686 1510 a
1723 1471 1811 1512 me
1836 1455 1952 1510 lucc
1977 1455 2056 1509 lo-

472 1569 630 1622 quor,
653 1553 745 1607 sed
773 1553 860 1607 illa
889 1552 1038 1607 vobis
1061 1552 1296 1617 declare,
1317 1562 1664 1621 quaecumque
1681 1561 1908 1617 superna
1935 1561 2056 1616 gra-

473 1648 546 1701 tia
585 1645 712 1700 mihi
741 1644 1110 1700 manifestarit.
1133 1643 1396 1700 Caeterum
1435 1658 1558 1697 cum
1583 1640 1833 1696 adessent
1871 1639 2049 1693 statuti

469 1737 608 1803 dies,
638 1752 801 1805 opere
830 1736 1042 1806 impleta
1070 1744 1195 1789 sunt
1218 1750 1338 1805 quae
1355 1732 1553 1802 Ioseph
1578 1731 1787 1786 dixerat
1812 1739 1899 1783 :et
1915 1730 2052 1784 sicut

469 1828 584 1898 ipse
615 1828 991 1897 interpretatus
1033 1836 1150 1882 erat
1174 1867 1190 1892 ,
1223 1827 1292 1880 ita
1331 1824 1552 1893 contigit
1600 1823 1812 1890 utrique
1833 1861 1849 1885 ,
1877 1829 1934 1875 et
1963 1821 2050 1874 ille

467 1918 682 1988 quidem
729 1918 795 1973 ad
842 1919 1121 1990 pristinam
1170 1917 1328 1973 rediit
1371 1916 1710 1978 felicitatem,
1743 1913 1831 1968 bic
1874 1921 2049 1967 autem

469 2026 680 2080 pinnam
721 2012 836 2066 luit.
883 2011 975 2066 23.
1021 2009 1188 2066 Porro
1231 2012 1497 2080 praefectus
1545 2009 1934 2076 pincernarum,
1962 2004 2051 2073 qui

471 2111 673 2155 tantam
709 2101 1132 2156 consolationem
1175 2108 1484 2168 acceperat,
1514 2114 1614 2150 non
1653 2105 1724 2150 est
1761 2094 2053 2148 recordatus

469 2191 663 2260 Ioseph
688 2231 704 2254 ,
725 2190 818 2244 sed
845 2190 1026 2245 oblitus
1045 2199 1116 2244 est
1145 2191 1276 2262 ejus.
1302 2188 1432 2242 Vide
1453 2188 1643 2241 iterum
1661 2186 1861 2255 justmn
1885 2185 1938 2238 in
1963 2200 2054 2253 pa-

472 2283 648 2336 la‘stra
677 2282 850 2352 aliqua
877 2289 1170 2335 certantem
1196 2320 1212 2346 ,
1241 2287 1296 2334 et
1323 2293 1434 2333 sua:
1477 2277 1684 2332 virtutis
1711 2274 2054 2331 exhibenth

468 2373 783 2443 specimina,
815 2389 919 2427 non
951 2371 1268 2442 perturbari,
1300 2383 1472 2440 neque
1509 2366 1855 2432 commoveri,
1882 2380 2054 2435 neque

467 2480 610 2534 :rgre
629 2463 788 2519 ferre.
814 2462 947 2518 Nam
973 2463 1018 2516 si
1043 2463 1161 2532 quis
1187 2475 1252 2515 ex
1283 2459 1591 2530 vulgaribus
1618 2457 1824 2523 fuisset,
1846 2461 1916 2510 ita
1943 2455 2052 2511 fur-

471 2557 628 2611 tassis
651 2557 792 2611 intra
818 2571 878 2610 se
900 2554 1154 2610 dixisset:
1177 2553 1316 2620 Quid
1351 2553 1454 2608 hoc
1480 2552 1599 2607 rei?
1627 2553 1908 2622 praefectus
1931 2549 2051 2620 pin-

468 2662 789 2714 cernarum,
821 2662 942 2701 mox
976 2653 1036 2700 ut
1069 2646 1444 2714 interpretatus
1479 2657 1599 2698 sum
1638 2643 1687 2697 ei
1722 2641 2052 2697 sonmiorum

469 2736 729 2792 visionem
749 2776 763 2799 ,
793 2735 1074 2805 pristinam
1118 2733 1426 2788 felicitatem
1473 2733 1680 2801 accepit
1707 2750 1721 2786 :
1749 2741 1805 2786 et
1833 2748 1940 2786 non
1969 2741 2053 2788 est

470 2840 678 2881 memor
706 2825 822 2896 ejus
849 2826 936 2895 qui
963 2825 1063 2878 sibi
1094 2823 1356 2893 praedixit.
1387 2821 1480 2877 Ille
1505 2821 1722 2892 quidem
1747 2822 1901 2876 solita
1935 2823 2053 2877 feli-

467 2924 630 2972 citate
673 2914 864 2971 fruitur
887 2956 904 2978 ,
943 2930 1042 2984 ego
1070 2923 1249 2968 autem
1272 2952 1292 2980 ,
1328 2912 1418 2983 qui
1462 2913 1592 2967 nihil
1633 2913 1757 2968 mali
1804 2920 2056 2982 operatus

468 3023 609 3069 sum.
642 3005 727 3064 hic
747 3005 1038 3063 concludor
1059 3020 1180 3060 cum
1204 3003 1505 3069 homicidis,
1532 3019 1652 3058 cum
1677 3003 1899 3068 furibus,
1929 3019 2051 3058 cum

471 3097 786 3161 latronibus,
815 3112 936 3151 cum
965 3096 1029 3151 iis
1055 3094 1148 3166 qui
1173 3097 1448 3149 innumera
1484 3094 1621 3148 mala
1643 3095 2049 3148 commiserunt.

468 3186 608 3244 Nihil
633 3188 819 3244 hortun
841 3187 923 3243 vel
947 3185 1101 3252 dixit,
1129 3185 1210 3240 vel
1236 3183 1491 3254 cogitavit
1510 3200 1524 3237 :
1542 3183 1744 3238 sciebat
1767 3182 1910 3237 enim
1934 3198 2056 3237 am-

469 3280 637 3351 pliora
657 3280 760 3336 sibi
785 3280 953 3334 stadia
984 3277 1178 3349 parari,
1211 3285 1268 3332 ut
1296 3275 1530 3347 legitime
1548 3274 1806 3332 certando
1834 3276 2048 3330 clariuri

469 3371 807 3426 redimiretur
833 3384 1049 3425 corona.

537 3464 593 3518 5.
632 3463 924 3519 Considera
949 3463 1092 3517 enim
1119 3458 1387 3532 quomodo
1414 3467 1536 3531 post
1569 3458 1958 3514 restitutionem
1988 3456 2051 3510 il-

467 3554 573 3608 lius
594 3553 699 3607 duo
721 3553 847 3608 anni
876 3552 1246 3622 prmterierint.
1269 3551 1560 3621 Oportebat
1587 3549 1730 3603 enim
1753 3547 2050 3618 exspectari

470 3657 678 3713 tempus
703 3652 1079 3713 Opportunum,
1117 3651 1172 3696 nt
1201 3641 1388 3712 majori
1415 3656 1540 3696 cum
1568 3641 1738 3712 gloria
1765 3639 1888 3694 inde
1916 3639 2051 3694 edu-

465 3744 698 3790 ceretur.
723 3735 781 3791 Si
809 3735 953 3790 enim
981 3732 1270 3804 praefectus
1298 3732 1668 3803 pincernarum
1697 3741 1820 3786 ante
1846 3733 2049 3786 somnia

467 3828 758 3884 Pharaonis
783 3827 1093 3883 recordatus
1117 3869 1132 3893 ,
1163 3842 1286 3882 eum
1311 3825 1550 3881 subsidio
1587 3841 1686 3882 suo
1734 3825 2048 3888 liberasset,

465 3919 706 3976 fortassis
734 3935 844 3976 non
882 3929 991 3975 tam
1033 3919 1309 3990 perspicua
1350 3919 1538 3974 fuisset
1562 3918 1682 3973 aliis
1709 3917 1827 3988 ejus
1858 3916 2047 3971 virtus.

464 4009 619 4065 Nunc
643 4021 823 4067 autem
847 4011 1020 4067 solers
1043 4022 1099 4066 et
1118 4011 1331 4080 sapiens
1359 4009 1496 4082 Deus
1523 4009 1718 4077 sciens,
1750 4009 1888 4064 sicut
1913 4009 2052 4078 opti-

466 4118 586 4156 mus
607 4103 793 4158 artifex
818 4142 834 4166 ,
858 4112 1057 4172 quanto
1096 4111 1338 4172 tempore
1385 4104 1437 4156 in
1481 4103 1603 4174 igne
1642 4101 1835 4157 debeat
1857 4116 2048 4155 aurqu

465 4194 670 4259 teneri,
701 4204 758 4250 ct
783 4193 974 4249 iterum
1016 4193 1138 4248 inde
1164 4193 1386 4260 reduci,
1419 4193 1678 4263 permittit
1722 4192 1789 4247 ad
1841 4201 2052 4263 tempus

463 4289 691 4343 duorum
714 4303 974 4342 annorum
1001 4285 1311 4356 praefectum
1340 4285 1714 4355 pincernarum
1744 4285 1886 4340 illius
1913 4285 2052 4340 obli-

461 4379 594 4435 visci
617 4420 633 4443 ,
665 4389 720 4434 ut
745 4386 801 4433 et
823 4386 1030 4447 tempus
1056 4377 1389 4432 somniorum
1422 4377 1715 4432 Pharaonis
1740 4379 1918 4432 veniat
1945 4419 1960 4443 ,
1992 4388 2048 4432 ct

458 4473 818 4543 compellente
841 4469 1158 4526 necessitate
1179 4470 1312 4539 ipsa,
1339 4469 1516 4540 justus
1544 4469 1630 4524 ille
1659 4470 1708 4524 in
1744 4479 1854 4524 toto
1885 4486 2050 4539 regno

461 4565 757 4621 Pharaonis
803 4573 960 4620 notus
991 4563 1101 4617 fiat.
1133 4565 1184 4618 1.
1217 4562 1355 4618 Nam
1387 4573 1498 4634 post
1535 4563 1661 4617 duos
1695 4580 1856 4617 annos
1884 4565 2006 4617 uidit
2029 4606 2045 4630 ,

461 4654 671 4724 inquit,
695 4656 892 4709 somnia
923 4653 1149 4708 Pharao.
1177 4653 1229 4709 8.
1267 4653 1329 4708 Et
1357 4658 1547 4724 factum
1574 4665 1646 4708 est
1669 4671 1834 4719 inane,
1857 4665 1903 4708 et
1933 4665 2046 4708 tur-

461 4742 578 4796 bata
599 4755 670 4796 est
697 4745 866 4797 anima
893 4745 1022 4816 ejus.
1056 4743 1122 4798 Et
1147 4745 1301 4808 misit,
1324 4755 1370 4798 et
1392 4747 1581 4799 uocauit
1603 4763 1774 4800 omnes
1796 4746 2050 4816 conjecto-

462 4849 544 4887 res
592 4831 810 4902 Egypti
833 4874 848 4896 ,
877 4843 922 4887 et
959 4851 1130 4887 omnes
1164 4835 1411 4904 sapientes
1443 4853 1584 4903 suos,
1623 4846 1670 4889 et
1723 4837 1943 4890 narravit
1978 4838 2049 4890 eis

462 4921 674 4977 Pharao
693 4923 964 4988 somnium,
982 4933 1025 4975 et
1051 4941 1148 4976 non
1169 4935 1273 4978 erat
1293 4927 1602 4980 annuntians
1626 4926 1754 4980 illud
1789 4925 2048 4981 Pharaoni

463 5013 664 5085 (Caput
693 5011 820 5085 41).
857 5013 986 5068 Vide
1033 5015 1373 5084 multiplicem
1427 5017 1520 5072 Dei
1573 5015 2044 5086 dispensationem.

462 5108 618 5165 Prius
661 5107 920 5178 permittit
961 5121 1148 5160 onmes
1178 5108 1266 5177 qui
1297 5107 1368 5161 ibi
1415 5107 1743 5164 habebantur
1781 5110 2046 5177 sapientes

463 5203 688 5267 tentari,
727 5210 784 5255 ut
821 5200 1184 5255 demonstrata
1233 5214 1418 5253 eorum
1467 5200 1763 5271 ignorantia
1787 5241 1802 5265 ,
1833 5201 2044 5255 tandem

463 5291 548 5346 hic
575 5293 816 5359 vinctus,
843 5292 1118 5361 captivus,
1153 5305 1340 5346 servus
1361 5332 1378 5357 ,
1411 5290 1668 5346 Hebraeus
1709 5292 1761 5346 in
1809 5291 2043 5348 medium

463 5381 721 5437 adductus
741 5394 862 5437 nota
887 5382 1086 5438 faceret
1109 5398 1171 5438 ea
1189 5398 1307 5453 qua:
1334 5381 1516 5436 multis
1540 5381 1714 5450 ignota
1741 5392 1911 5448 erant,
1937 5397 2045 5452 quo

462 5472 712 5527 omnibus
741 5472 1167 5528 manifestaretur
1193 5489 1422 5543 superna
1463 5482 1630 5544 grana
1673 5473 1724 5528 in
1762 5473 1855 5530 illo
1883 5475 2048 5529 reful-

462 5577 612 5630 gens.
636 5561 769 5616 Cum
793 5562 950 5631 igitur
973 5577 1160 5619 omnes
1188 5565 1456 5634 sapientes
1484 5574 1776 5628 venissent,
1794 5576 1847 5619 et
1873 5579 2046 5635 neque

463 5653 642 5708 dicere
665 5652 861 5722 aliquid
889 5693 906 5719 ,
939 5669 1112 5724 neque
1135 5669 1198 5708 os
1224 5656 1433 5724 aperire
1471 5665 1689 5726 possent
1713 5674 1726 5710 :
1751 5666 1876 5710 tunc
1903 5658 2046 5725 prin-

465 5757 593 5812 ceps
621 5744 992 5811 pincernarum
1020 5745 1330 5800 recordatus
1366 5750 1632 5804 recensuit
1663 5749 1926 5804 Pharaoni
1974 5763 2038 5804 ea

1223 337 1280 393 S.
1311 334 1588 392 JOANNIS
1625 335 1968 392 (ZIIIHSUST
1982 340 2050 393 US

2158 339 2457 394 \liCHIEP.
2499 340 3029 400 CONSTANTINOP.

2166 470 2285 524 qua:
2315 455 2416 509 sibi
2452 455 2505 510 in
2531 471 2747 512 carcere
2769 461 3100 530 contigerant
3126 501 3142 526 ,
3173 467 3226 513 et
3251 458 3422 530 inquit
3446 477 3459 514 :
3483 459 3535 516 9.
3569 463 3752 518 Petu-

2168 556 2273 598 tum
2302 563 2465 600 nicum
2490 549 2784 603 reminiscor
2813 551 2979 606 hodie.
3013 550 3080 606 Et
3105 561 3286 606 narrat
3311 553 3495 607 statim
3527 569 3750 623 quomo-

2163 634 2237 690 do
2263 636 2315 690 in
2341 651 2614 692 carcerem
2641 638 2915 710 conjectus
2941 643 3012 695 sit
3048 642 3160 711 ipse
3185 650 3240 697 et
3268 643 3555 713 praefectus
3583 646 3750 714 pisto-

2163 745 2300 792 rum,
2325 739 2379 785 et
2405 731 2633 786 viderint
2655 733 2886 799 somnia,
2911 742 2967 788 et
2993 734 3486 802 interpretationem
3511 749 3699 791 eorum
3722 753 3754 790 a

2162 818 2358 890 Ioseph
2385 823 2720 891 acceperint,
2744 832 2799 878 et
2823 825 3091 892 quomodo
3116 825 3408 880 secundum
3437 824 3580 880 illius
3619 841 3752 896 pra:-

2161 910 2449 966 dictionem
2479 913 2608 981 ipsis
2633 914 2914 968 evenerint
2937 917 3136 969 omnia.
3168 916 3249 970 14.
3285 915 3407 969 flwc
3427 933 3543 969 cuin
3569 917 3751 970 audis-

2159 1010 2231 1054 set
2259 1018 2349 1056 rea:
2370 1042 2385 1066 ,
2408 1003 2543 1056 misit
2565 1004 2634 1056 ad
2663 1003 2877 1072 Ioseph,
2911 1015 2958 1059 et
2983 1006 3157 1060 eduxit
3197 1023 3309 1060 eum
3346 1023 3410 1060 ea:
3438 1023 3642 1062 carcere
3663 1047 3683 1076 ,
3708 1016 3757 1063 et

2159 1093 2481 1146 totonderunt
2515 1109 2628 1148 eum
2649 1134 2664 1160 ,
2687 1104 2734 1148 et
2772 1105 3086 1150 mutaverunt
3137 1098 3484 1152 vestimentum
3528 1099 3639 1169 ejus
3665 1139 3681 1163 ,
3710 1110 3757 1151 et

2159 1183 2363 1237 intravit
2409 1185 2480 1236 ad
2510 1182 2853 1240 Pharaonem.
2878 1185 3012 1241 Vide
3048 1188 3228 1240 statim
3253 1187 3322 1240 ab
3347 1187 3500 1240 initio
3525 1198 3759 1256 quantus

2161 1290 2301 1329 nunc
2330 1275 2522 1330 honor.
2547 1277 2831 1347 Postquam
2856 1278 2997 1333 enim
3031 1287 3288 1346 purgatus
3319 1287 3407 1332 est
3432 1294 3529 1348 per
3547 1282 3757 1348 patien-

2159 1367 2308 1432 tiam,
2322 1367 2462 1422 sicut
2478 1383 2667 1422 aurum
2687 1369 2910 1424 rutilans
2923 1369 3051 1423 exiit
3068 1370 3135 1423 de
3154 1379 3448 1433 carcere,et
3466 1368 3663 1424 ductus
3676 1380 3761 1422 est

2161 1456 2230 1511 ad
2257 1457 2610 1513 PharaOnem.
2646 1457 2836 1514 Vidisti
2870 1466 3127 1529 quantum
3155 1457 3282 1514 sita
3310 1474 3542 1529 superna
3582 1458 3756 1530 gratia
3804 1457 3807 1460 ’

2157 1549 2392 1618 adjuvari
2409 1549 2432 1602 ?
2453 1549 2584 1606 Vide
2601 1565 2741 1606 nunc
2755 1562 2951 1620 quanta
2964 1550 3266 1620 dispensata
3287 1551 3414 1616 sint,
3435 1560 3596 1606 utres
3608 1550 3759 1606 Iose-

2158 1640 2246 1708 phi
2263 1643 2677 1712 complerentur.
2698 1643 2828 1697 Nam
2848 1651 3122 1714 postquam
3143 1657 3409 1698 summum
3425 1638 3557 1698 illud
3578 1658 3759 1698 certa-

2159 1745 2280 1786 men
2297 1742 2635 1801 certasset,et
2645 1733 2886 1788 scelesta:
2899 1733 3307 1804 illiustEgyptite
3322 1733 3535 1803 pedicas
3546 1732 3761 1803 cli'ugis-

2157 1834 2258 1888 set,
2275 1832 2327 1878 et
2345 1824 2395 1878 in
2411 1838 2682 1880 carcerem
2692 1824 2968 1895 conjectus
2979 1825 3454 1893 esset,permisitut
3468 1824 3758 1893 pra-fectus

2159 1913 2532 1981 pincernarum
2557 1925 2612 1969 ct
2633 1915 2911 1984 praefectus
2929 1916 3186 1983 pistorum
3198 1913 3490 1968 Pharaonis
3513 1914 3757 1983 perilltnl

2159 2013 2366 2073 tempus
2391 2005 2444 2059 in
2479 2020 2748 2060 carcerem
2785 2006 2934 2060 illum
2960 2005 3303 2075 injicerentur
3326 2045 3341 2068 ,
3369 2013 3423 2059 et
3453 2021 3546 2075 per
3584 2006 3760 2059 inter.

2158 2098 2510 2166 pretationem
2542 2099 2872 2153 somniorum
2899 2098 3168 2153 discerent
3198 2098 3294 2150 viri
3317 2097 3659 2166 sapientiam,
3695 2106 3760 2151 ut

2155 2203 2340 2241 eorum
2357 2189 2491 2245 alter
2514 2203 2654 2244 nunc
2679 2188 2993 2258 tempestive
3013 2185 3151 2242 illius
3175 2189 3496 2242 mentionem
3520 2188 3754 2254 iaciens,

2155 2293 2278 2332 eum
2315 2280 2366 2332 in
2407 2279 2639 2334 medium
2680 2278 2960 2349 proferret.
2995 2280 3082 2334 i5.
3115 2278 3257 2332 Dixit
3297 2289 3465 2332 autem
3487 2320 3502 2344 ,
3533 2278 3714 2345 inquit
3737 2319 3756 2336 .

2158 2367 2366 2421 Pharao
2393 2369 2460 2421 ad
2482 2367 2676 2439 Ioseph
2699 2389 2716 2425 :
2739 2370 3009 2425 Somnium
3029 2370 3150 2432 uidi,
3169 2380 3217 2423 et
3246 2386 3348 2423 non
3372 2379 3443 2422 est
3469 2368 3554 2440 qui
3585 2369 3766 2420 inter-

2156 2467 2380 2520 metetur
2426 2459 2597 2513 illud:
2631 2476 2721 2530 ego
2758 2471 2923 2513 autent
2960 2460 3131 2513 audivi
3170 2459 3234 2514 de
3275 2470 3323 2514 te
3358 2461 3570 2513 dicentes
3602 2461 3757 2528 quod

2155 2565 2270 2602 cum
2296 2549 2518 2604 audieris
2544 2553 2759 2616 somnia,
2792 2552 2906 2620 ipsa
2931 2551 3289 2620 interpreteris.
3325 2549 3456 2605 Vide
3474 2551 3758 2622 quomodo

2156 2638 2410 2694 confusus
2441 2640 2648 2695 Pharao
2677 2656 2780 2696 non
2812 2641 2940 2696 dicit
2965 2643 3266 2706 manifeste,
3291 2642 3492 2696 nullum
3515 2656 3752 2696 suorum

2157 2731 2476 2800 sapientium
2519 2735 2756 2802 potuisse
2810 2734 3102 2804 dijudicare
3143 2735 3346 2788 somnia
3381 2751 3395 2787 :
3427 2733 3518 2788 sed
3561 2733 3759 2803 quid?

2158 2820 2424 2875 Somnium
2454 2824 2574 2890 vidi,
2595 2834 2640 2876 et
2666 2841 2765 2878 non
2792 2834 2864 2878 est
2899 2825 2985 2893 qui
3009 2826 3360 2896 interpretetur
3387 2824 3534 2879 illud.
3560 2823 3758 2880 Audivi

2157 2924 2324 2966 autem
2350 2915 2413 2968 de
2433 2925 2481 2968 te
2509 2917 2727 2970 dicentes
2750 2957 2767 2983 ,
2791 2915 2925 2987 quod
2950 2919 2992 2972 si
3018 2918 3239 2972 audieris
3259 2918 3454 2971 somnia
3475 2959 3491 2982 ,
3521 2918 3629 2986 ipsa
3661 2919 3722 2971 in
3739 2945 3757 2958 -

2159 3007 2463 3074 terpreteris.
2484 3006 2774 3064 Considera
2799 3049 2814 3072 ,
2846 3009 3094 3075 obsecro,
3125 3009 3215 3063 hic
3243 3023 3488 3078 magnam
3513 3006 3761 3078 pruden~

2159 3095 2287 3152 tiam
2307 3109 2363 3152 et
2394 3099 2644 3168 pietatem
2671 3097 2891 3169 Ioseph,
2917 3101 3186 3169 quomodo
3215 3100 3476 3154 Pharaoni
3515 3115 3757 3168 respon-

2155 3190 2298 3246 deat.
2327 3189 2407 3246 Ne
2448 3191 2770 3260 suspiceris,
2805 3190 3013 3261 inquit,
3044 3207 3130 3246 me
3154 3190 3351 3262 aliquid
3377 3207 3408 3246 a
3445 3207 3532 3246 me
3571 3189 3756 3246 dictu-

2157 3297 2276 3336 rutn
2299 3322 2314 3347 ,
2341 3282 2424 3336 vel
2450 3280 2748 3336 secundum
2773 3281 3057 3335 humanam
3086 3283 3400 3351 sapientiam
3430 3280 3759 3350 dijudicatu-

2158 3390 2296 3428 rum.
2321 3375 2654 3447 Nequeenim
2665 3370 3388 3444 possibileestsinesuperna
3419 3375 3757 3430 revelatione

2157 3465 2339 3518 talium
2370 3465 2614 3519 notitiam
2656 3464 2870 3518 habere.
2915 3463 3064 3518 Scias
3102 3464 3262 3534 igitur
3291 3464 3445 3528 ,sine
3489 3465 3595 3519 Deo
3635 3481 3754 3520 non

2157 3569 2315 3624 posse
2336 3569 2422 3608 me
2447 3554 2772 3624 respondere
2803 3555 2918 3609 tibi.
2946 3555 3034 3609 16.
3066 3555 3191 3610 Sine
3218 3553 3323 3609 Deo
3347 3597 3363 3621 ,
3396 3556 3603 3626 inquit,
3637 3575 3754 3613 non

2156 3644 2536 3714 respondebitur
2576 3644 2797 3698 salutare
2828 3643 3112 3699 Pharaoni.
3141 3646 3419 3717 Cognosce
3464 3648 3758 3702 universo-

2159 3751 2276 3789 rnm
2313 3735 2592 3790 Dominum
2619 3750 2736 3790 esse
2771 3737 2857 3806 qui
2889 3737 3090 3790 revelat
3118 3779 3131 3797 ,
3163 3745 3217 3790 et
3245 3752 3311 3791 ne
3340 3736 3408 3790 ab
3439 3737 3755 3792 hominibus

2155 3843 2354 3898 quzcre,
2383 3842 2500 3898 qua:
2523 3829 2688 3882 solius
2719 3828 2811 3882 Dei
2841 3837 2921 3882 est
2945 3828 3309 3882 manifestare.

2225 3919 2410 3974 Divina
2437 3921 2659 3991 potentia
2698 3937 2785 3990 per
2821 3919 3104 3990 Iosephnnt
3146 3922 3488 3988 manifestata.
3507 3950 3576 3961 —
3604 3920 3751 3976 Vide

2154 4011 2425 4082 quomodo
2459 4027 2718 4082 rcSponso
2743 4027 2840 4066 suo
2863 4013 3020 4068 docet
3049 4012 3402 4080 Pharaonem,
3450 4030 3610 4085 quam
3635 4015 3756 4068 sint

2156 4102 2352 4159 inlirmi
2381 4115 2436 4158 et
2477 4104 2691 4159 inutiles
2721 4105 2987 4174 sapientes
3015 4106 3153 4176 ejus,
3200 4117 3254 4162 et
3294 4118 3494 4178 quanta
3536 4109 3604 4161 sit
3643 4122 3753 4176 po-

2156 4198 2318 4252 tentia
2351 4195 2461 4252 Dci.
2493 4195 2652 4267 lgitnr
2674 4197 2926 4268 quoniam
2951 4198 3246 4268 cognovisti
3271 4213 3336 4252 ex
3358 4212 3467 4263 me,
3491 4212 3754 4268 nequeex

2155 4287 2382 4344 humana
2410 4287 2690 4355 sapientia,
2743 4303 2914 4358 neque
2951 4303 3017 4342 ex
3047 4287 3278 4358 propriis
3309 4287 3601 4341 rationibus
3627 4285 3756 4342 hac

2153 4392 2241 4432 me
2261 4377 2424 4448 loqui,
2451 4377 2538 4432 die
2555 4394 2675 4448 qua:
2695 4393 2727 4433 a
2750 4378 2860 4434 Deo
2881 4379 2973 4434 tibi
3003 4390 3126 4432 sunt
3152 4378 3505 4433 manifestata.
3536 4377 3754 4432 Pharao

2156 4467 2243 4522 ubi
2270 4467 2383 4522 haec
2415 4467 2601 4535 audiit,
2644 4476 2826 4526 narrat
2852 4470 3080 4535 somnia,
3106 4478 3161 4524 et
3186 4470 3414 4539 primum
3457 4477 3513 4524 et
3553 4483 3756 4523 secun-

2153 4558 2302 4624 dum,
2325 4568 2380 4614 et
2401 4560 2570 4628 inquit
2591 4577 2606 4613 :
2630 4559 2720 4614 24.
2751 4559 2872 4614 Dixi
2905 4560 3289 4630 conjectoribus,
3321 4571 3367 4614 et
3395 4577 3496 4615 non
3523 4571 3629 4615 erat
3659 4563 3753 4630 qui

2154 4649 2478 4703 annuntiaret
2502 4650 2643 4702 mihi.
2669 4649 2783 4704 Non
2814 4651 3027 4716 audisti,
3062 4651 3248 4720 inquit,
3281 4667 3312 4706 a
3342 4667 3449 4718 me,
3483 4667 3589 4706 non
3618 4667 3754 4708 esse

2155 4737 2400 4793 humana:
2426 4739 2698 4808 sapientia:
2723 4741 2842 4794 talia
2861 4741 3200 4812 significare?
3220 4743 3296 4798 Ne
3319 4744 3476 4814 igitur
3497 4744 3604 4798 illis
3624 4758 3754 4799 suc-

2153 4845 2405 4884 censeas:
2437 4845 2726 4900 numquam
2770 4832 2915 4886 enim
2960 4841 3210 4900 poterunt
3239 4833 3360 4887 talia
3393 4835 3753 4902 comprehen-

2153 4922 2300 4988 dere,
2331 4938 2449 4992 qua:
2479 4939 2708 4994 superna
2737 4934 2894 4994 egent
2921 4924 3263 4980 revelatione.
3292 4925 3383 4982 25.
3407 4925 3470 4980 Et
3497 4926 3628 4981 dixit
3650 4927 3761 4981 Io-

2152 5015 2296 5083 seph,
2331 5015 2533 5084 inquit:
2568 5015 2838 5070 Somnium
2888 5015 3178 5072 Pharaonis
3219 5035 3376 5072 unum
3406 5028 3495 5074 est.
3536 5019 3624 5075 32.
3681 5021 3753 5076 Ut

2151 5116 2318 5157 autem
2346 5106 2520 5159 credas
2550 5107 2683 5176 quod
2722 5124 2893 5161 uerum
2929 5109 3042 5173 erit,
3088 5110 3225 5178 quod
3245 5128 3278 5162 a
3309 5109 3414 5164 Deo
3454 5110 3540 5164 tibi
3568 5115 3758 5181 pra-si-

2151 5205 2362 5265 gnatum
2390 5207 2484 5259 est,
2511 5207 2557 5249 et
2580 5197 2716 5266 quod
2739 5199 3034 5253 accelerabit
3061 5196 3199 5254 Deus
3227 5201 3366 5254 istud
3390 5200 3579 5269 facere,
3603 5221 3754 5272 repn-

2153 5287 2298 5339 titum
2323 5295 2396 5341 est
2420 5288 2659 5342 secundo.
2688 5288 2956 5358 Repetitio
2974 5294 3141 5356 enim,
3174 5291 3363 5362 inquit,
3403 5293 3753 5348 confirmatio

2153 5387 2238 5434 est
2261 5381 2517 5444 visorum,
2551 5391 2606 5435 et
2633 5382 2902 5452 copiosior
2933 5384 3174 5452 probatio
3211 5384 3354 5454 quod
3378 5387 3602 5440 omnino
3631 5388 3749 5442 inec

2155 5471 2326 5525 futura
2358 5472 2485 5529 sint.
2514 5473 2578 5527 Et
2616 5485 2894 5544 postquam
2931 5475 3173 5530 distinxit
3219 5491 3501 5531 numerum
3535 5490 3748 5547 δι-ιδιιοιιι

2153 5563 2314 5616 boum
2335 5573 2388 5616 et
2418 5572 2622 5633 septem
2652 5565 2942 5632 spicarum,
2973 5581 3037 5621 ac
3074 5566 3206 5620 dixit
3234 5581 3482 5636 magnam
3511 5565 3746 5622 futuram

2153 5653 2550 5716 abundantiam,
2583 5664 2637 5710 et
2665 5665 2847 5725 postea
2873 5673 3090 5722 gravem
3119 5669 3462 5729 scquuturam
3505 5674 3625 5714 esse
3669 5661 3746 5712 fa-

2156 5758 2317 5810 mem,
2336 5743 2528 5802 deinde
2553 5748 2811 5815 optimum
2837 5748 3117 5805 consilium
3146 5749 3320 5814 atl‘crt,
3343 5761 3397 5804 et
3417 5749 3542 5804 dicit
3561 5765 3576 5809 ;
3597 5751 3741 5805 Coit-
