3974 6414
292 330 400 385 5ιῦ

292 446 458 497 stitue
477 440 650 494 virum
683 455 842 510 super
856 439 1167 512 (Egyptian,
1191 440 1277 508 qui
1306 441 1473 509 possit
1499 441 1749 510 colligere
1775 443 1900 496 red-

291 535 564 592 undantes
590 534 792 589 fructus
827 546 1032 603 septem
1073 548 1354 597 annorum,
1379 547 1441 586 ac
1461 534 1537 588 sic
1557 535 1932 611 dispensare,“

290 640 352 684 ut
381 629 550 700 possit
581 629 634 681 in
666 636 906 695 tempore
946 626 1098 679 famis
1129 625 1377 679 solatium
1407 625 1656 690 inveniri,
1703 634 1756 680 et
1787 641 1888 680 nou

287 722 385 776 fiat
411 717 720 775 omnimoda
765 717 1124 786 consumptio.
1159 718 1247 771 57.
1287 715 1592 770 Placuerunt
1619 717 1726 771 haec
1750 715 1893 770 Pha-

285 813 440 866 raoni
461 822 505 865 et
530 811 764 866 omnibus
783 811 938 865 servis
959 811 1085 880 ejus.
1131 809 1385 880 Tuncque
1409 809 1730 863 ministravit
1755 809 1892 863 Pha-

285 920 386 959 rao
417 904 582 960 exitui
628 904 958 958 somniorum
1000 901 1218 971 Josepb,
1267 918 1387 972 qua:
1429 903 1632 956 viderat
1675 901 1886 972 quando

286 998 434 1067 apud
465 1007 672 1068 patrem
701 997 911 1067 agebat.
944 997 1013 1050 Et
1037 996 1149 1067 ipse
1174 996 1389 1066 quidem
1418 997 1622 1050 somnia
1652 997 1882 1050 Pharao-

287 1091 374 1144 nis
401 1090 762 1156 dijndiCahat:
792 1088 1000 1142 Pharao
1039 1097 1218 1142 autem
1262 1089 1592 1142 somniorum
1636 1101 1886 1143 eventum

286 1184 546 1253 ignorans
576 1182 641 1235 ad
667 1183 829 1236 tinem
859 1181 1104 1236 ducebat.
1138 1181 1272 1236 Nam
1298 1190 1355 1236 ut
1381 1182 1494 1236 lure
1527 1182 1746 1247 audivit,
1796 1183 1884 1237 58.

288 1274 439 1329 Dixit
463 1274 618 1328 servis
651 1273 755 1326 suis
777 1289 794 1325 :
829 1272 968 1326 Nunt
994 1272 1303 1326 inveniemus
1327 1272 1577 1326 hominem
1603 1273 1776 1340 talem,
1800 1273 1887 1340 qui

283 1368 438 1422 habet
457 1369 689 1436 spiritum
717 1364 814 1419 Dei
842 1367 892 1419 in
921 1365 1222 1434 semetipso?

360 1464 414 1517 4.
461 1461 647 1514 Vidisti
699 1459 966 1529 quomodo
1007 1459 1256 1527 cognovit
1297 1465 1350 1512 et
1391 1457 1525 1527 ipse,
1559 1473 1622 1513 cx
1655 1473 1882 1528 superna

281 1554 616 1609 revelatione
659 1553 771 1606 haec
820 1552 867 1605 ei
910 1549 1249 1606 manifestata
1289 1549 1492 1606 fuisse?
1521 1553 1690 1618 Quem
1716 1552 1880 1614 enim,

283 1645 482 1716 inquit,
532 1642 885 1708 inveniemus,
919 1641 1008 1711 qui
1037 1650 1238 1696 tantam
1277 1652 1636 1706 consequutus
1663 1643 1730 1697 sit
1756 1659 1881 1712 gra-

282 1739 438 1803 tiam,
470 1745 528 1790 ut
568 1735 814 1804 spiritum
861 1734 950 1788 Dei
979 1734 1029 1788 in
1054 1749 1113 1789 se
1144 1733 1372 1788 habeat?
1399 1735 1487 1789 59.
1523 1734 1588 1787 Et
1618 1735 1768 1800 dixit,
1799 1736 1879 1789 in-

279 1831 423 1900 quit,
451 1830 516 1881 ad
539 1826 733 1896 Ioseph
755 1842 773 1879 :
799 1824 932 1890 Quia
961 1825 1256 1879 monstravit
1283 1826 1372 1879 tibi
1401 1825 1535 1879 Deus
1552 1827 1722 1879 omnia
1749 1825 1877 1891 htt'e,

278 1939 386 1976 non
408 1930 478 1974 est
503 1923 653 1974 homo
676 1919 969 1989 prudentior
992 1934 1144 1987 quant
1165 1926 1238 1972 tu.

361 2011 508 2065 Nihil
536 2009 745 2079 impedit
783 2009 1034 2062 decretum
1068 2007 1186 2061 Dei.
1223 2007 1478 2074 Quantum
1503 2009 1572 2062 sit
1607 2011 1739 2079 ferre
1765 2025 1881 2063 cum

277 2103 564 2175 gratiarum
585 2103 782 2154 actione
801 2101 1116 2154 tentationes.
1135 2129 1209 2139 —
1228 2099 1458 2154 Attende
1480 2099 1564 2154 hic
1588 2101 1876 2170 quomodo,

275 2195 731 2266 quandocumque
751 2193 978 2247 voluerit
997 2193 1244 2260 providus
1268 2193 1406 2247 Deus
1427 2208 1590 2262 opere
1610 2195 1879 2262 complere

276 2305 404 2359 quin
433 2288 529 2341 sibi
563 2287 673 2340 visa
703 2286 918 2352 fuerint,
954 2286 1081 2339 nihil
1113 2301 1299 2340 eorum
1328 2302 1446 2355 qua:
1495 2286 1545 2340 iu
1588 2288 1764 2342 meilio
1785 2289 1882 2342 oh-

277 2393 428 2437 stare
451 2382 716 2446 videntur,
745 2380 1002 2449 impedire
1027 2380 1212 2450 possit.
1243 2380 1382 2436 Ecce
1404 2380 1546 2435 enim
1571 2399 1598 2432 a
1632 2381 1877 2436 fratribus

278 2489 454 2545 prope
481 2475 691 2529 occisus
724 2474 913 2534 fuerat,
955 2481 1141 2542 postea
1173 2480 1354 2526 autem
1381 2471 1651 2535 venditus,
1697 2488 1880 2527 acces-

276 2578 426 2624 serat
452 2569 577 2622 item
597 2567 860 2622 calumnia
885 2565 936 2618 in
955 2576 1252 2620 extremum
1275 2565 1567 2634 periculum
1582 2565 1875 2634 adducens,

277 2670 336 2714 et
365 2660 416 2712 in
445 2672 660 2713 carcere
693 2665 840 2711 tanto
868 2665 1108 2725 tempore
1135 2655 1325 2719 fuerat,
1348 2664 1401 2710 et
1422 2666 1544 2725 post
1563 2656 1676 2710 lucc
1699 2658 1876 2712 omnia

277 2751 350 2804 ad
379 2751 570 2820 ipsum,
605 2763 770 2817 prope
798 2747 1051 2809 dixerim,
1101 2748 1243 2817 regis
1286 2747 1478 2803 solium
1517 2758 1732 2804 evectus
1770 2759 1874 2806 est.

282 2842 541 2910 Quoniam
566 2840 780 2894 ostendit
829 2839 918 2892 tibi
960 2838 1099 2892 Deus
1129 2839 1236 2892 hazc
1266 2840 1457 2905 omnia,
1490 2857 1589 2894 non
1619 2850 1690 2894 est
1730 2842 1878 2898 homo

279 2933 579 3004 prudentior
622 2942 666 2984 et
713 2930 1074 3002 intelligentior
1096 2940 1162 2986 te.
1186 2931 1276 2986 40.
1315 2931 1391 2984 Tu
1417 2933 1572 3003 igitur
1599 2935 1698 2987 eris
1727 2952 1881 3006 super

279 3030 492 3080 donum:
517 3043 701 3092 nteant,
730 3035 774 3079 et
802 3026 854 3079 in
881 3041 969 3078 ore
994 3036 1079 3079 tuo
1105 3025 1298 3080 obediet
1325 3028 1489 3081 omnis
1522 3028 1737 3096 papulas
1755 3045 1774 3082 :
1791 3046 1878 3084 ee-

276 3131 566 3174 rumtamen
595 3120 776 3173 throno
805 3135 895 3189 ego
917 3129 964 3172 te
991 3119 1306 3173 antecellam.
1333 3119 1467 3174 Vide
1497 3123 1764 3190 quomodo
1790 3139 1880 3179 ca-

278 3213 461 3282 ptivus
485 3220 707 3280 repente
731 3211 1078 3265 constituitur
1115 3227 1210 3266 rex
1243 3212 1402 3265 totius
1441 3212 1676 3284 Egypti,
1707 3225 1758 3271 et
1789 3217 1877 3286 qui

279 3306 355 3360 ab
380 3305 732 3375 archimagiro
763 3304 814 3358 in
851 3319 1127 3359 carcerem
1170 3304 1442 3374 conjectus
1474 3305 1661 3368 fuerat,
1691 3323 1718 3361 a
1752 3324 1879 3379 rege

280 3397 338 3452 in
387 3411 654 3453 summum
683 3395 893 3449 locum‘
925 3397 1187 3450 exaltatus
1215 3407 1330 3451 est:
1361 3412 1424 3452 ac
1451 3399 1537 3467 qui
1569 3399 1738 3453 fuerat
1763 3400 1879 3468 ejus

279 3489 552 3552 dominus,
582 3496 806 3556 repente
853 3487 984 3542 vidit
1022 3503 1180 3558 quem
1211 3497 1268 3541 ut
1293 3489 1593 3545 adulterum
1620 3492 1668 3544 in
1692 3506 1878 3546 carce-

203 3642 211 3649 _
280 3596 402 3635 rem
425 3580 662 3645 miserat,
691 3579 853 3634 totius
883 3577 1101 3650 Egypti
1129 3580 1431 3649 suscepisse
1453 3583 1758 3651 imperium.
1795 3584 1881 3638 V’i-

280 3672 410 3725 disti
437 3679 694 3740 quantum
720 3668 791 3724 sit
821 3668 966 3724 ferre
995 3685 1118 3726 cum
1140 3672 1428 3742 gratiarum
1466 3674 1674 3728 actione
1703 3684 1879 3729 tenta-

281 3763 494 3818 tiones?
521 3762 810 3832 Propterea
856 3762 1051 3816 Paulus
1077 3761 1310 3829 dicebat,
1341 3763 1553 3834 Αῇιῑεῑὶο
1587 3765 1880 3834 patientiam

281 3867 548 3925 operatur,
602 3854 844 3924 patientia
895 3854 1261 3923 probationem,
1310 3853 1540 3924 probatio
1569 3872 1729 3925 spent,
1767 3873 1882 3927 spes

281 3964 389 4000 non
441 3946 700 4018 pudefacit
774 3945 950 4018 (Rom.
984 3946 1038 4000 5.
1070 3945 1192 4001 5-5
1296 3944 1430 4000 Vide
1475 3946 1632 4015 igitur
1671 3966 1682 4000 :
1740 3947 1874 4001 afﬂi-

280 4042 494 4095 ctiones
522 4040 783 4108 patienter
812 4039 957 4104 tulit;
991 4038 1242 4107 patientia
1271 4037 1554 4107 probatum
1576 4054 1699 4093 eum
1722 4039 1876 4104 fecit;

283 4133 543 4204 probatus
572 4133 740 4187 lactus
769 4133 820 4186 in
850 4146 1040 4202 magna
1069 4147 1166 4202 spe
1191 4131 1412 4201 agebat;
1442 4147 1568 4201 spes
1589 4147 1692 4185 non
1721 4133 1882 4201 pude-

281 4229 433 4282 fecit.
465 4228 553 4280 41.
588 4225 728 4280 Dixit
755 4236 923 4279 autent
944 4224 1013 4277 ad
1040 4241 1152 4278 eum
1173 4241 1192 4277 :
1224 4224 1352 4278 Ecce
1377 4227 1626 4278 constituo
1658 4234 1703 4279 te
1733 4225 1884 4279 hodie

280 4336 444 4389 super
469 4335 667 4372 omnem
716 4329 901 4372 terram
932 4315 1170 4386 AEgypti.
1213 4315 1302 4370 42.
1351 4314 1418 4368 Et
1461 4315 1669 4370 Pharao
1713 4317 1880 4370 ablato

281 4412 482 4466 annulo
502 4411 565 4465 de
593 4429 746 4464 manu
785 4428 898 4478 sua,
928 4411 1092 4480 posuit
1127 4426 1241 4462 eum
1270 4409 1322 4462 in
1354 4426 1506 4462 manu
1539 4408 1752 4482 Joseph,
1797 4413 1881 4466 in-

282 4504 496 4573 duitque
519 4519 631 4556 eum
655 4512 788 4556 veste
828 4501 1051 4572 byssina,
1098 4509 1144 4553 et
1179 4499 1512 4553 circumdedit
1552 4501 1739 4555 collum
1775 4504 1884 4573 ejus

285 4608 468 4665 torque
489 4611 662 4656 aureo.
693 4595 783 4649 45.
812 4604 859 4648 et
891 4595 1007 4665 fecit
1049 4610 1160 4647 eum
1186 4593 1458 4647 ascendere
1495 4611 1648 4665 super
1676 4612 1882 4649 currum

281 4703 440 4744 suum
482 4688 775 4740 secundum.
822 4683 892 4738 Et
943 4685 1279 4755 promulgavit
1322 4701 1492 4737 coram
1533 4702 1589 4738 eo
1618 4702 1801 4754 prteco,
1837 4697 1884 4740 et

281 4780 548 4836 constituit
569 4796 681 4833 eum
699 4795 851 4850 super
878 4786 1033 4831 totam
1063 4776 1369 4848 :Egyptum.
1399 4776 1531 4832 Nam
1568 4778 1706 4833 Deus
1726 4795 1884 4848 quem

287 4871 526 4926 habebat
553 4886 757 4936 secum,
789 4879 940 4924 antea
969 4870 1017 4924 ei
1042 4870 1219 4923 omnia
1250 4869 1386 4925 bene
1411 4869 1770 4939 disposuerat,
1799 4881 1883 4925 at-

283 4979 396 5032 que
423 4978 546 5018 eum
589 4963 640 5017 in
687 4971 891 5017 tantum
916 4960 1098 5031 gloria:
1128 4961 1339 5014 culmen
1391 4962 1586 5017 evexit.
1617 4963 1705 5016 44.
1741 4961 1886 5017 Dixit

284 5066 461 5110 autem
493 5053 736 5108 Pharao:
759 5055 956 5124 Absque
981 5061 1026 5106 te
1046 5052 1216 5106 nullus
1237 5051 1418 5107 levabit
1443 5071 1646 5108 manum
1672 5073 1816 5109 suam
1835 5058 1888 5110 in

286 5148 433 5202 omni
459 5157 592 5200 terra
619 5145 852 5217 {Egypti
884 5145 972 5200 45.
1000 5142 1068 5197 Et
1101 5145 1292 5199 vocavit
1339 5145 1546 5199 Pharao
1583 5163 1763 5200 nomen
1789 5147 1888 5201 Jo-

287 5241 440 5303 3eph.
479 5239 1002 5309 Psomthomphrmech
1023 5253 1042 5291 :
1069 5237 1430 5307 appellatione
1458 5238 1644 5292 volens
1670 5241 1885 5308 sapien-

287 5336 424 5387 tiam
443 5331 561 5399 ejus
593 5338 845 5399 perpetua
874 5329 1129 5384 memoria
1162 5336 1406 5383 testatam
1432 5344 1574 5384 esse.
1611 5330 1719 5384 Hoc
1746 5333 1888 5385 enim

289 5423 582 5490 significat,
628 5419 952 5475 Occultorum
982 5421 1235 5492 cognitor,
1278 5435 1344 5474 eo
1372 5421 1512 5490 quod
1535 5437 1596 5475 ea
1627 5438 1745 5492 qure
1774 5437 1890 5478 om-

290 5515 454 5568 nibus
480 5511 692 5567 oeculta
735 5519 889 5566 erant
924 5511 1366 5576 manilestaverit,
1399 5511 1518 5567 ideo
1544 5528 1610 5568 ex
1640 5529 1699 5568 re
1737 5525 1888 5585 gesta

287 5604 711 5675 appellationem
733 5603 781 5658 ei
804 5603 1045 5672 imponit.
1068 5601 1134 5656 Et
1154 5604 1586 5660 utaccumularct
1607 5605 1887 5675 honorem,

359 5787 375 5818 ³
416 5784 521 5845 Alii,
551 5783 619 5833 ad
643 5795 872 5832 summam
892 5787 1182 5848 potestatem.

1333 326 1399 381 lN
1439 325 1588 381 CAP.
1633 327 1764 382 XLI.
1809 329 2053 385 GENES.
2097 332 2324 388 ΠΟΜΗ..
2366 335 2547 393 LXI".

3493 353 3598 408 5&6

2011 445 2102 500 dat
2130 448 2176 500 ei
2209 448 2370 504 filiam
2413 451 2690 522 Pctephru:
2738 454 2789 509 in
2831 472 3076 514 uxorem.
3108 461 3308 520 Deinde
3345 469 3466 536 quia
3498 471 3596 526 iste

1999 537 2239 606 ejusdem
2285 544 2516 598 nominis
2543 555 2660 599 crat
2689 561 2810 602 cum
2842 565 2905 604 eo
2933 550 3022 620 qui
3052 553 3298 612 dominus
3342 556 3458 629 ejus
3485 561 3593 615 fue-

2001 639 2101 690 rat,
2127 631 2276 694 dicit,
2311 633 2602 690 Sacerdotis
2639 637 2980 707 Hetiopoleos.
3026 645 3092 698 Et
3133 655 3190 700 ut
3231 648 3502 706 discamus
3541 657 3592 709 in

1998 737 2098 790 qua
2128 732 2285 778 aitate
2315 724 2472 780 fuerit
2500 728 2828 784 admirabilis
2859 731 2967 800 ille,
2993 733 3081 803 qui
3110 746 3312 792 tantam
3338 755 3600 813 assequu-

1999 823 2082 868 tus
2126 825 2208 869 est
2248 819 2569 885 mercedem,
2605 831 2856 894 tantaque
2883 829 3171 882 certamina
3201 831 3463 901 exhibuit,
3511 837 3587 890 iu-

1995 908 2142 975 quit:
2167 909 2255 963 46.
2286 908 2480 980 Ioseph
2512 924 2680 968 autem
2708 927 2814 970 erat
2842 920 3049 989 triginta
3076 939 3345 987 annorum,
3388 930 3594 995 quando

1994 1001 2127 1053 stetit
2153 1017 2325 1055 coram
2358 1002 2646 1061 Pharaone.
2676 1009 2753 1065 Ne
2776 1018 2978 1067 temere
3001 1024 3245 1083 putemus
3266 1020 3590 1090 assignatum

1993 1105 2112 1182 esse
2142 1109 2420 1148 numerum
2453 1112 2735 1163 annorum,
2769 1102 2864 1156 sed
2901 1113 2958 1156 ut
2995 1104 3263 1161 discamus
3303 1111 3593 1182 negligeuti

1994 1180 2240 1236 virtutem
2265 1186 2464 1240 nullam
2494 1201 2612 1242 esse
2634 1193 3029 1246 excusationem
3054 1213 3066 1248 :
3096 1211 3266 1267 neque
3294 1201 3435 1254 enim
3453 1180 3588 1256 licet

1991 1273 2145 1328 alicui
2177 1276 2410 1345 ohjicere
2434 1279 2794 1345 juventutem,
2836 1283 2922 1338 ubi
2954 1285 3120 1340 virtus
3156 1291 3451 1345 exercenda
3482 1302 3584 1347 est.

1993 1366 2133 1422 Ecce
2176 1367 2263 1424 ille
2291 1386 2394 1424 non
2423 1372 2595 1427 solum
2632 1374 2843 1442 juvenis
2871 1388 3015 1443 erat,
3056 1379 3148 1433 sed
3181 1382 3338 1435 etiam
3369 1384 3592 1451 pulcher

1991 1459 2193 1528 specie,
2225 1471 2277 1515 et
2310 1461 2576 1518 formosus
2619 1465 2771 1522 facie.
2815 1467 3089 1538 Contingit
3129 1471 3270 1525 enim
3300 1473 3587 1544 aliquando

1985 1548 2238 1618 juvenem
2267 1567 2407 1620 esse,
2437 1561 2493 1609 et
2522 1556 2664 1609 nulla
2695 1558 2936 1625 corporis
2963 1558 3363 1628 pulchritudine
3389 1564 3587 1633 praxdi-

1990 1649 2121 1695 tum.
2153 1640 2248 1696 llic
2285 1651 2464 1698 autem
2495 1653 2551 1699 et
2571 1644 2782 1714 juvenis
2808 1656 2862 1702 et
2890 1649 3112 1717 pulcher
3134 1661 3250 1705 erat
3275 1653 3475 1720 specie,
3506 1652 3586 1706 fa-

1988 1732 2177 1802 cieque
2217 1733 2466 1800 decorus,
2495 1751 2557 1790 ac
2582 1737 2732 1806 quasi
2764 1738 2816 1791 in
2849 1739 2965 1808 ipso
2991 1741 3283 1809 juventutis
3309 1742 3442 1799 ﬂore
3468 1760 3584 1800 seru

1988 1840 2084 1876 vus
2111 1832 2164 1878 et
2193 1825 2434 1893 captivus
2467 1827 2638 1882 factus
2663 1837 2764 1882 est.
2795 1829 2988 1884 Decem
3015 1833 3158 1885 enim
3181 1843 3232 1886 et
3256 1843 3457 1903 septem
3485 1835 3585 1890 ha-

1986 1913 2144 1969 bebat
2170 1930 2359 1978 annos,
2392 1917 2604 1986 quando
2629 1917 2890 1975 deductus
2914 1929 2998 1976 est
3023 1921 3074 1975 in
3105 1921 3396 1993 Egyptum
3428 1923 3581 1996 (Gen.

1986 2006 2072 2061 57.
2112 2009 2186 2078 1).
2219 2008 2419 2064 Deinde
2447 2011 2496 2062 in
2526 2011 2637 2080 ipsa
2669 2011 3456 2086 fornacejuventutis'positmn
3480 2020 3583 2072 Sol-

1989 2097 2207 2154 licita'.it
2235 2103 2597 2172 intemperans
2624 2103 2873 2175 Egyplia
2904 2106 3119 2160 domina
3150 2109 3285 2176 ejus,
3316 2126 3491 2180 neque
3507 2113 3583 2167 sic

1985 2193 2258 2260 superavit
2295 2193 2422 2261 justi
2456 2194 2551 2248 viri
2586 2193 2977 2262 fortitudinem;
3009 2199 3237 2269 denique
3284 2200 3335 2254 in
3366 2217 3582 2257 carcere

1988 2294 2134 2338 tanto
2164 2295 2402 2355 tempore
2432 2303 2767 2342 :crumnosus
2810 2289 2902 2345 fui!
2925 2308 2937 2342 :
2964 2299 3018 2344 et
3048 2293 3240 2346 mansit
3271 2295 3420 2362 quasi
3459 2295 3584 2348 ada-

1985 2395 2130 2444 mas;
2165 2396 2268 2434 non
2299 2381 2471 2436 solum
2501 2397 2606 2435 non
2642 2383 2808 2437 factus
2837 2383 3120 2451 infirmior,
3153 2385 3247 2439 sed
3277 2395 3332 2439 et
3357 2387 3471 2454 plus
3497 2402 3584 2440 ro-

1983 2469 2130 2525 boris
2175 2487 2476 2526 assumens.
2513 2473 2710 2527 llabuit
2739 2475 2881 2527 cnim
2929 2475 3271 2530 roborantem
3303 2492 3360 2531 se
3391 2493 3582 2547 snper-

1984 2578 2103 2616 nam
2134 2565 2378 2634 gratiam.
2409 2564 2670 2632 Quoniam
2704 2567 2853 2636 prius
2890 2566 3031 2636 quod
3063 2583 3216 2621 suum
3262 2579 3378 2623 erat
3411 2579 3579 2624 totum

1983 2658 2250 2720 attulerat,
2287 2667 2566 2726 propterea
2591 2672 2622 2712 e
2659 2672 2878 2712 carcere
2905 2658 2973 2713 ad
3017 2659 3374 2728 principatum
3422 2662 3583 2716 totius

1982 2748 2202 2821 Egypti
2228 2750 2516 2804 accersitus
2547 2758 2648 2804 est.

2055 2843 2108 2897 5.
2155 2840 2377 2896 Fortiter
2405 2842 2626 2913 ferenda:
2665 2853 2780 2897 sunt
2809 2844 3118 2914 aﬂlictionrs.
3147 2843 3320 2899 Oculis
3362 2846 3480 2912 fidei
3503 2864 3582 2900 res

1983 2932 2270 3003 spirituales
2295 2932 2666 3000 conspicienda:
2691 2943 2825 2997 sunt,
2856 2943 2901 2986 et
2929 2935 3072 2987 verbo
3098 2932 3193 2986 Dei
3224 2935 3436 3002 firmiter
3473 2953 3579 2990 cre-

1983 3015 2225 3069 dendum.
2247 3046 2319 3056 —-
2347 3016 2474 3071 “rec
2503 3017 2779 3071 audientes
2831 3017 2880 3070 in
2922 3018 3297 3072 afﬂ'clionihus
3343 3021 3578 3073 animum

1985 3125 2272 3180 numquam
2319 3109 2768 3180 despondeamus,
2820 3126 2993 3180 neque
3047 3112 3257 3180 propria
3304 3113 3580 3167 ratiocinia

1984 3211 2271 3272 sequentes
2317 3217 2460 3272 aegre
2516 3202 2932 3266 feramus:sed,
2963 3219 3208 3272 magnam
3267 3204 3578 3271 patientiam

1983 3293 2297 3349 exhibentes
2327 3309 2422 3364 spe
2443 3296 2582 3348 bona
2611 3293 2906 3358 foveamur,
2933 3296 3164 3349 scientes
3186 3295 3457 3349 solertiam
3489 3297 3582 3348 Do-

1984 3384 2113 3439 mini
2141 3385 2308 3438 nostri
2338 3402 2351 3437 :
2382 3385 2470 3454 qui
2499 3383 2679 3438 siuens
2712 3398 2810 3438 nos
2840 3399 3025 3453 aspera
3059 3386 3311 3452 experiri,
3345 3401 3451 3440 non
3484 3387 3580 3438 de-

1985 3477 2114 3531 Si-rit
2141 3491 2259 3541 nos,
2291 3475 2383 3529 sed
2409 3475 2516 3528 vult
2543 3484 2602 3529 ut
2627 3484 2897 3530 certantes
2937 3475 3150 3529 clariori
3195 3491 3391 3530 corona
3437 3476 3580 3530 redi-

1985 3570 2233 3622 miumur.
2268 3568 2338 3622 lta
2370 3583 2560 3622 omnes
2588 3567 2757 3621 sancti
2788 3549 2994 3636 probati
3021 3576 3165 3622 sunt.
3205 3568 3494 3638 Propterea
3527 3577 3582 3623 et

1984 3660 2211 3729 apostoli
2237 3660 2485 3714 dicebant
2508 3679 2520 3715 :
2548 3661 2653 3714 Per
2677 3661 2862 3713 multas
2890 3660 3179 3730 a/jiictiones
3201 3670 3396 3728 oportet
3418 3678 3508 3715 nos
3530 3663 3582 3715 in

1984 3771 2196 3823 regnum
2229 3752 2321 3806 Dei
2350 3754 2539 3806 intrare
2560 3752 2696 3822 (Act.
2728 3754 2815 3806 Μ.
2843 3752 2952 3823 ‘29.).
2991 3753 3054 3807 Et
3077 3755 3191 3821 ipse
3218 3751 3461 3808 Christus
3499 3753 3584 3808 di-

1985 3845 2139 3900 ccbat
2166 3844 2443 3913 discipulis
2469 3844 2614 3898 suis:
2646 3843 2712 3896 In
2755 3845 2944 3896 nmndo
2981 3845 3298 3914 aﬂlictionem
3341 3844 3584 3898 habebitis

1988 3940 2166 4013 (Joan.
2200 3941 2286 3994 16.
2317 3942 2432 4008 55).
2465 3940 2541 3994 Ne
2565 3941 2722 4010 igitur
2747 3956 3071 3996 maereamus
3104 3943 3155 3996 in
3181 3942 3578 4006 afflictionibus,

1985 4035 2078 4088 sed
2105 4032 2382 4087 audiamus
2405 4033 2623 4086 Paulum
2647 4033 2932 4099 dicentem,
2984 4034 3082 4100 Qui
3126 4035 3298 4088 volunt
3325 4036 3405 4105 pie
3426 4037 3585 4089 vivere

1985 4127 2038 4180 in
2066 4125 2268 4181 Christo
2309 4125 2456 4191 Jesu,
2482 4127 2906 4196 persequutioncnt
2950 4129 3204 4198 patientur
3234 4127 3328 4201 (2.
3360 4128 3493 4182 Tim.
3528 4130 3584 4184 5.

1988 4219 2098 4284 1‘2).
2135 4219 2202 4273 Et
2230 4233 2294 4273 ne
2325 4217 2672 4282 admiremur,
2707 4236 2879 4290 neque
2899 4237 3041 4290 aegre
3069 4220 3324 4289 feramus,
3348 4224 3441 4278 sed
3465 4239 3576 4276 om-

1988 4311 2074 4365 nia
2105 4326 2224 4365 cum
2261 4311 2568 4365 fortitudine
2609 4320 2664 4366 et
2708 4313 2962 4380 patientia
2995 4313 3310 4379 toleremus,
3365 4330 3469 4366 non
3516 4313 3582 4366 ad

1988 4403 2306 4458 afﬂictiones
2355 4405 2729 4472 respicientes,
2772 4404 2864 4457 scd
2911 4404 2976 4458 ad
3023 4405 3228 4459 lucrum
3277 4405 3420 4474 quod
3461 4404 3583 4460 inde

1989 4509 2376 4563 congregamus
2421 4513 2432 4546 :
2478 4495 2771 4564 Spiritualis
2817 4495 2958 4547 enim
3010 4496 3251 4564 quaulam
3297 4496 3584 4565 negotiatio

1990 4593 2094 4641 est.
2125 4585 2194 4639 Et
2219 4586 2358 4639 sicut
2387 4585 2475 4655 qui
2503 4586 2757 4653 pecunias
2785 4586 3036 4654 colligere
3066 4585 3270 4650 volunt,
3299 4595 3458 4656 atque
3486 4586 3582 4639 lm-

1985 4677 2074 4746 jus
2094 4677 2276 4731 szeculi
2305 4676 2716 4745 negotiationem
2742 4685 3012 4739 exercent,
3044 4692 3147 4730 non
3176 4678 3333 4733 aliter
3365 4687 3585 4746 possunt

1991 4782 2186 4837 augere
2212 4782 2334 4821 suas
2362 4781 2514 4836 opes,
2550 4767 2649 4823 nisi
2681 4767 2844 4820 multa
2870 4767 3106 4837 pericula
3151 4778 3289 4825 terra
3344 4771 3585 4838 marique

1993 4860 2343 4915 sustinuerint
2371 4860 2623 4929 (necesse
2649 4870 2731 4914 est
2758 4860 2899 4914 enim
2932 4871 2990 4914 ut
3020 4860 3194 4916 ferant
3234 4863 3500 4917 latronum
3531 4871 3586 4918 et

1995 4953 2284 5023 piratarum
2312 4951 2591 5021 insidias);
2625 4959 2860 5006 attamen
2888 4953 3065 5007 omnia
3095 4968 3284 5024 magna
3317 4954 3588 5008 alacritate

1995 5043 2310 5112 suscipiunt,
2341 5051 2396 5097 et
2422 5042 2492 5096 ob
2525 5043 2983 5112 exspectationem
3024 5045 3176 5107 lucri,
3227 5059 3583 5098 :ernmnarum

1995 5151 2212 5190 sensum
2242 5135 2444 5189 nullum
2470 5135 2695 5188 habent:
2723 5135 2911 5190 eodem
2941 5135 3098 5188 modo
3126 5144 3178 5188 et
3206 5150 3321 5197 nos,
3346 5136 3586 5205 cogitano

1999 5234 2078 5280 tes
2121 5223 2335 5278 divitias
2375 5233 2429 5277 et
2481 5224 2786 5293 Spirituales
2836 5239 3041 5277 merces
3071 5223 3110 5286 ί,
3144 5238 3274 5290 quas
3305 5223 3459 5276 nobis
3501 5224 3587 5276 hic

1995 5316 2250 5384 colligere
2293 5314 2435 5378 licet,
2479 5323 2692 5384 Oportet
2737 5314 2970 5384 gaudere
3000 5323 3056 5368 et
3080 5314 3371 5379 exsultare,
3401 5324 3453 5368 et
3481 5331 3588 5370 non

1997 5408 2346 5478 contemplari
2371 5422 2490 5477 qua:
2515 5406 2780 5468 videntur,
2804 5403 2898 5458 sed
2922 5419 3040 5474 qum
3064 5419 3165 5458 non
3189 5405 3455 5468 videntur,
3479 5408 3588 5459 s‘c-

1999 5507 2057 5552 ut
2085 5509 2140 5553 et
2183 5498 2379 5552 Paulus
2407 5496 2683 5560 admonet,
2731 5493 2950 5547 dicens:
2985 5491 3107 5547 Non
3157 5494 3588 5548 considerantibus

2000 5588 2144 5643 nobis
2169 5604 2227 5642 ea
2251 5603 2365 5658 qua:
2394 5585 2624 5640 videntur
2649 5583 2727 5653 (2.
2759 5581 2877 5637 Cor.
2901 5584 2954 5638 4.
2989 5583 3101 5655 l8).
3135 5584 3282 5639 Fidei
3314 5585 3454 5639 enim
3481 5593 3587 5651 est,

2064 5729 2079 5755 ι
2119 5729 2258 5789 iuxta
2282 5722 2644 5789 quinquenttss.
2681 5716 2950 5780 legendum
2995 5728 3089 5779 est,
3113 5716 3415 5782 spiritualent
3440 5721 3586 5771 abun—

2003 5785 2234 5844 dantiam,
2264 5781 2368 5847 pro,
2393 5781 2666 5845 spirituates
2689 5793 2890 5831 merces.
