3974 6432
522 350 622 404 547

521 480 627 520 non
671 464 1041 534 corporalibus
1081 464 1245 517 oculis
1283 470 1564 517 contentos
1608 478 1748 529 esse,
1796 462 1889 515 sed
1937 464 2105 514 oculis

522 557 714 612 ruentis
746 555 1017 624 intagiuari
1045 570 1105 607 ea
1135 568 1252 622 quac
1287 569 1392 606 non
1422 552 1687 607 videnlur.
1730 551 1861 606 Nam
1893 553 1976 605 illa
2004 550 2105 605 [ide

521 649 760 719 digniora
806 646 1067 701 credenda
1099 654 1243 710 sunt,
1276 660 1434 713 quam
1481 659 1544 697 ea
1582 644 1707 712 ’qua:
1738 642 2105 710 corporalibus
2138 634 2166 655 ⁸

517 741 687 795 oculis
718 739 990 793 videntur.
1022 736 1111 792 Sic
1157 735 1455 805 patriarcha
1484 745 1669 805 gratus
1696 734 1791 788 fuit
1822 735 1950 798 Deo,
1981 732 2104 802 quia

515 830 740 887 credidit
768 829 1105 899 promissioni
1136 832 1273 897 ejus,
1304 838 1358 882 et
1395 828 1641 897 superior
1680 836 1865 881 natura
1914 825 2101 891 factus,

516 922 868 990 humanisque
912 920 1234 983 rationibus;
1281 919 1400 974 ideo
1434 920 1741 989 Reputatum
1769 928 1842 972 est
1871 918 1914 971 ei
1943 917 1995 970 in
2011 917 2104 987 ju-

509 1014 700 1068 alitiatn
730 1012 905 1084 (Rom.
931 1014 983 1068 4.
1014 1013 1093 1083 5).
1116 1012 1430 1077 Considera,
1451 1011 1713 1081 justitiam
1739 1024 1860 1065 esse
1883 1008 2104 1064 credere

512 1108 576 1162 iis
594 1122 714 1177 qua:
743 1123 771 1159 a
804 1106 918 1160 Deo
935 1106 1204 1160 dicuntur.
1230 1104 1455 1171 Quando
1480 1106 1621 1159 cnim
1644 1104 1734 1160 ille
1759 1103 1959 1174 aliquid
1983 1116 2108 1173 pro-

512 1199 738 1266 miserit,
772 1214 839 1252 ne
867 1198 995 1252 mihi
1022 1197 1315 1253 secundum
1346 1197 1630 1253 humanam
1662 1197 2100 1267 consequentiam

509 1307 599 1349 res
629 1292 894 1364 expende,
930 1291 1023 1347 sed
1054 1292 1301 1362 superior
1325 1290 1629 1361 hujusmodi
1668 1292 1962 1345 rationibus
2005 1290 2098 1354 sis,

508 1399 572 1441 ac
595 1382 807 1439 conﬁde
837 1384 1090 1453 potentitc
1117 1383 1233 1452 ejus
1264 1383 1352 1452 qui
1385 1383 1650 1451 promisit.
1692 1382 1766 1437 lta
1811 1382 2100 1452 unusquis-

510 1493 613 1548 que
638 1477 904 1547 justorum
939 1477 1196 1546 probatus
1218 1474 1334 1540 fuit,
1360 1476 1429 1528 ita
1454 1484 1505 1530 et
1523 1475 1856 1530 admirabilis
1890 1475 1979 1528 ille
2004 1474 2096 1529 Jo-

510 1569 663 1639 seplt,
706 1582 827 1624 cum
873 1576 997 1639 post
1040 1568 1126 1623 illa
1171 1567 1380 1623 somnia
1423 1575 1565 1621 tanta
1599 1567 1874 1637 interjccta
1908 1565 2102 1621 fuerint.

512 1659 914 1729 impedimenta,
952 1673 1059 1713 non
1094 1660 1334 1713 turbatus
1363 1666 1443 1713 est
1470 1659 1673 1723 animo,
1717 1674 1824 1712 non
1863 1673 2100 1713 commo-

511 1760 593 1803 tus
623 1758 725 1816 cst,
750 1750 843 1803 sed
874 1750 1092 1804 robusta
1122 1759 1300 1804 mente
1327 1749 1535 1804 fortiter
1557 1750 1675 1804 tulit
1698 1752 1898 1816 omnia,
1922 1751 2099 1805 sciens

508 1857 613 1895 non
643 1856 764 1896 esse
793 1843 1043 1910 possibile
1065 1858 1124 1897 ea
1151 1858 1269 1912 quae
1300 1843 1439 1897 Deus
1461 1842 1696 1897 decrevit
1720 1858 1826 1898 non
1855 1844 2093 1899 evenire.

507 1933 628 1988 ideo
659 1942 780 2002 post
809 1934 1141 1998 servitutem,
1194 1943 1316 2004 post
1345 1949 1640 1999 carcerem,
1672 1944 1979 2004 tantamque
2004 1950 2095 1988 ca-

504 2027 783 2092 lumniam,
829 2027 1182 2097 principatum
1223 2029 1453 2094 suscepit
1485 2030 1646 2082 totius
1685 2027 1924 2098 Egypti.
1972 2029 2097 2083 llmc

506 2122 663 2190 igitur
700 2121 879 2175 omnia
906 2122 1224 2191 cogitantes,
1259 2121 1467 2174 fortiter
1495 2121 1852 2189 suscipiamus
1878 2133 1939 2176 ea
1970 2137 2089 2192 qua;

507 2212 824 2278 inferuntur,
863 2215 1169 2283 gratiasque
1197 2229 1415 2283 agamus
1442 2228 1540 2283 pro
1566 2215 1819 2270 omnibus
1844 2213 2092 2269 clementi

506 2305 636 2372 Deo,
665 2318 717 2361 et
751 2305 865 2376 ejus
885 2316 1265 2377 exspectemus
1311 2307 1758 2377 opitulationem:
1790 2324 1909 2379 qua:
1942 2309 2094 2363 nobis

500 2396 747 2451 omnibus
775 2396 1120 2462 concedatur,
1152 2399 1320 2468 gratia
1350 2407 1405 2453 et
1431 2398 1718 2455 clementia
1752 2400 1959 2455 Domini
2000 2417 2093 2456 no-

496 2487 594 2542 stri
622 2486 748 2542 Jcsu
788 2487 1008 2555 Christi,
1052 2489 1136 2544 cui
1166 2505 1289 2544 cum
1317 2490 1475 2546 Patre
1505 2499 1558 2545 et
1588 2502 1773 2548 sancto
1799 2492 1997 2563 Spiritu
2027 2493 2091 2547 sit

495 2578 679 2647 gloria,
728 2578 1033 2649 imperium,
1078 2588 1134 2635 et
1180 2580 1373 2646 honor,
1409 2597 1549 2636 mine
1590 2592 1641 2637 et
1684 2597 1920 2653 semper,
1951 2593 2006 2640 et
2039 2584 2090 2638 in

496 2668 690 2723 saecula
709 2669 1051 2724 saeculorum.
1082 2672 1273 2724 Amen.

1045 2802 1322 2858 llOMILM
1365 2803 1550 2857 LXIV.

492 2909 667 2963 Exirit
708 2919 877 2965 autem
915 2908 1105 2983 Ioseph
1150 2928 1180 2965 a
1227 2913 1350 2982 facie
1384 2913 1698 2982 Pharaonis,
1729 2927 1777 2972 et
1807 2923 2090 2992 peragravit

564 3017 763 3054 omnem
803 3010 988 3055 terram
1025 3000 1283 3073 Az'gyptt';
1311 3011 1360 3057 et
1403 3006 1519 3075 fecit
1558 3015 1691 3061 terra
1720 3010 1867 3063 annis
1901 3023 2090 3081 septem

566 3092 839 3162 fertilitatis
866 3090 1152 3164 manipulos
1176 3106 1195 3160 ,'
1218 3102 1266 3148 et
1292 3098 1610 3167 congregavit
1636 3102 1942 3168 frumentum
1961 3104 2091 3158 sicut

558 3201 770 3240 arenam
796 3185 951 3241 maris
990 3187 1008 3257 (
1034 3184 1161 3241 Gen.
1192 3187 1281 3242 41.
1305 3187 1526 3258 46-49).

561 3300 613 3354 1.
651 3299 815 3353 Vultis
834 3308 889 3353 ut
914 3309 966 3355 et
987 3299 1146 3355 hodie
1168 3301 1441 3357 historiam
1458 3301 1674 3373 Josephi
1700 3314 2004 3371 tractemus,
2036 3319 2089 3365 et

490 3390 766 3444 videamus
805 3390 1076 3460 quomodo
1122 3393 1202 3445 vir
1230 3391 1321 3447 ille
1350 3434 1364 3455 ,
1392 3405 1640 3463 suscepto
1686 3398 1847 3452 totius
1875 3397 2089 3471 Egypti

488 3482 820 3553 principatu,
874 3499 972 3552 per
1018 3485 1254 3538 innatam
1300 3484 1399 3539 sibi
1447 3486 1850 3557 intelligentiam
1901 3506 2089 3549 omnes

485 3576 795 3630 consulatus
842 3575 999 3630 fuerit
1024 3575 1046 3628 ἲ
1075 3576 1165 3630 46.
1199 3575 1372 3631 Exivit
1410 3578 1554 3632 enim
1581 3620 1596 3646 ,
1628 3580 1799 3649 inquit
1823 3623 1837 3647 ,
1879 3599 1912 3636 a
1956 3584 2088 3653 facie

488 3664 776 3721 Pharaonis
800 3707 815 3730 ,
863 3676 911 3719 et
938 3667 1165 3722 transit-it
1211 3683 1299 3736 per
1339 3683 1536 3722 omnem
1588 3678 1772 3723 terram
1828 3670 2089 3744 rEgypti;

486 3759 573 3812 47.
606 3768 650 3811 et
681 3758 796 3830 fecit
840 3768 972 3811 terra
1020 3759 1166 3811 annis
1207 3768 1393 3829 septem
1437 3760 1712 3830 fertilitatis
1759 3766 2088 3834 manipulos;

486 3850 573 3904 £9.
606 3861 653 3902 et
677 3850 996 3921 congregavit
1024 3850 1329 3919 frumentum
1354 3851 1481 3905 sicut
1520 3868 1727 3906 arenam
1762 3856 1933 3910 maris.
1960 3855 2088 3911 Sus-

487 3950 637 4009 cepta
665 3942 812 4011 prius
841 3956 869 3996 a
903 3957 1030 4013 rege
1062 3952 1323 4012 potestate
1364 3945 1546 4010 omni,
1588 3947 1837 4018 collegit,
1869 3950 2039 4020 inquit
2065 3993 2080 4017 ,

487 4031 684 4101 fruges,
711 4040 766 4087 et
795 4034 846 4086 in
874 4033 1174 4088 civitatibus
1196 4036 1453 4103 reposuit,
1478 4037 1765 4106 providens
1783 4038 1892 4108 jam
1917 4042 2086 4096 mul'o

488 4133 640 4176 antea
668 4163 682 4188 ,
716 4138 834 4192 quas
866 4122 1055 4178 futura:
1094 4127 1332 4193 penuriae
1374 4140 1689 4184 succurrere
1719 4140 1958 4198 possent.
2000 4133 2087 4186 Vi-

488 4214 607 4271 dis:i
635 4214 821 4285 quales
850 4216 1228 4272 retributiones
1255 4216 1577 4273 fortitudinis
1606 4229 1661 4275 et
1690 4222 1956 4289 patientiae
1984 4267 1999 4287 ,
2032 4234 2086 4279 et

487 4307 714 4361 aliarum
745 4308 1001 4362 virtutum
1031 4308 1188 4362 etiam
1233 4307 1319 4363 hic
1362 4312 1629 4378 acceperit
1650 4311 1825 4380 justus
1851 4355 1866 4377 ,
1896 4330 2015 4369 cum
2057 4331 2084 4369 a

488 4398 711 4454 vinculis
732 4398 796 4454 ad
822 4402 963 4469 regia
994 4399 1183 4470 palatia
1214 4400 1488 4455 ascendit?
1511 4402 1599 4457 50.
1630 4402 1755 4457 Nati
1776 4413 1891 4458 sunt
1915 4417 2081 4460 autem

481 4493 579 4559 illi,
605 4493 790 4563 inquit,
814 4492 914 4547 duo
936 4493 1051 4563 ﬁlii,
1076 4493 1369 4563 priusquam
1389 4494 1678 4550 advenirent
1695 4497 1817 4550 anni
1838 4499 2085 4568 penuritc:

484 4588 572 4640 bi.
601 4596 646 4639 et
675 4587 862 4641 vocavit
891 4603 1071 4642 nomen
1091 4587 1273 4656 prioris
1295 4587 1534 4643 Manasse
1557 4604 1575 4642 :
1596 4591 1835 4656 quoniam
1860 4593 2084 4647 oblivisci

487 4694 568 4732 me
594 4677 707 4745 fecit
732 4678 870 4733 Deus
898 4680 1122 4734 omnium
1150 4679 1379 4734 laborum
1411 4697 1654 4747 meorum,
1689 4692 1737 4736 et
1774 4701 1947 4739 eorum
1973 4701 2085 4755 gnte

482 4781 598 4825 sum
630 4772 786 4839 patris
811 4773 927 4825 mei.
958 4772 1188 4826 Attende
1215 4772 1300 4827 hic
1343 4773 1441 4827 viri
1474 4774 1789 4844 religionem
1819 4785 1873 4831 et
1912 4778 2083 4846 picta-

485 4871 612 4925 tem,
645 4861 913 4931 quomodo
944 4877 1039 4931 per
1059 4862 1150 4916 lilii
1178 4864 1590 4934 appellationem
1614 4868 1929 4922 memoriam
1962 4884 2081 4923 om-

483 4953 627 5006 nium
651 4952 943 5006 servaverit
965 4952 1037 5024 (α)
1059 4993 1072 5015 ,
1107 4963 1163 5008 ιιι
1192 4966 1442 5025 perpetuo
1469 4958 1665 5027 gratias
1686 4971 1886 5029 ageret,
1911 4971 1964 5015 et
1993 4963 2082 5030 qui

483 5059 549 5098 ex
584 5058 645 5099 se
670 5053 823 5098 natus
847 5051 981 5110 erat,
1012 5058 1106 5113 per
1129 5060 1278 5099 suam
1303 5048 1716 5116 appellationem
1739 5053 1880 5106 scire
1902 5062 2081 5121 posset

479 5136 771 5191 certamina
797 5178 811 5201 ,
845 5143 900 5191 et
946 5136 1255 5206 patientiam
1278 5177 1294 5202 ,
1342 5154 1461 5207 quae
1491 5140 1664 5207 justus
1705 5143 1979 5211 perferens
2029 5148 2079 5200 in

482 5236 683 5283 tantam
735 5228 1072 5298 pervenisset
1114 5227 1360 5298 gloriam.
1412 5228 1545 5295 Quia
1584 5232 1805 5286 oblivisci
1843 5251 1920 5288 me
1967 5236 2081 5302 fecit

482 5316 619 5374 Deus
636 5322 859 5375 omnium
879 5320 1109 5375 laborum
1131 5337 1375 5388 meorum,
1406 5332 1451 5375 et
1472 5323 1691 5377 omnium
1715 5343 1826 5393 qute
1854 5339 1969 5382 sunt
1991 5347 2083 5397 pu-

541 5497 617 5562 (a)
647 5505 747 5547 imo
761 5498 1056 5549 obiivionem
1081 5499 1295 5562 omnium
1312 5498 1519 5557 induxit,
1546 5499 1695 5562 idque
1718 5502 2075 5562 signiﬁcabatur

482 5561 679 5631 neruiue
702 5567 1024 5631 Manassenut
1048 5560 1207 5631 modo
1227 5560 1627 5631 dixitnscriptura
1654 5574 1666 5610 :
1694 5560 1909 5631 Manasse
1936 5566 2075 5631 enim

482 5621 717 5670 ltebraicc
740 5625 908 5674 nam
932 5620 984 5670 ﬁt
1007 5635 1071 5670 ex
1093 5626 1209 5672 me:
1232 5663 1244 5682 ,
1286 5619 1514 5672 oblivisci.
1533 5628 1709 5671 Verum
1725 5637 1830 5672 mos
1848 5625 2073 5681 obtinuit,

479 5695 533 5736 ut
556 5702 664 5754 cum
687 5691 1042 5754 quisserumnis
1064 5697 1115 5739 et
1132 5690 1270 5740 malis
1289 5692 1514 5741 omnibus
1538 5701 1741 5754 ereptus
1758 5692 1863 5750 fuit,
1891 5694 2076 5742 dicatur

481 5749 717 5798 malorum
730 5749 973 5806 oblivisci;
1000 5752 1045 5797 id
1071 5760 1163 5805 est,
1186 5754 1234 5801 in
1277 5765 1444 5802 eorum
1461 5749 1658 5802 sensum
1671 5767 1766 5803 non
1791 5749 1912 5804 ultra
1942 5757 2081 5805 veni-

482 5821 556 5868 re,
584 5810 679 5857 etsi
704 5809 891 5857 illorum
914 5813 1209 5861 recordetur.

1230 346 1286 401 S.
1328 347 1605 403 JOANNIS
1644 346 2116 404 CHRYSOSTONH
2162 346 2476 404 .\RClllEP.
2521 349 3054 410 CONSTANTINOP.

3630 375 3713 433 518

2216 462 2306 514 tris
2348 464 2465 516 mei.
2500 464 2634 532 Quid
2679 477 2759 521 est
2787 509 2801 531 ,
2838 467 3074 522 Omnium
3106 470 3323 526 laborum
3369 484 3715 543 nieoruiiiilliuc

2210 553 2547 611 subiudicarc
2588 559 2713 610 mihi
2745 560 2953 615 videtur
2976 563 3195 629 primam
3226 574 3270 618 et
3303 570 3558 625 secundum
3585 580 3715 631 servi-

2212 653 2396 711 tutem,
2425 655 2477 701 et
2507 650 2774 704 miseriam
2810 666 2966 721 qnam
2996 654 3047 707 in
3074 668 3281 709 carcere
3312 658 3433 712 tulit.
3466 660 3521 713 Et
3544 668 3717 721 omnium

2212 752 2325 801 qua:
2359 747 2477 791 sunt
2504 740 2662 809 patris
2691 742 2788 794 mei
2810 759 2829 795 :
2855 746 3269 813 segregationem
3299 749 3534 819 significat
3553 796 3565 818 ,
3597 772 3716 825 quam

2208 828 2461 883 sustinuit
2509 832 2763 901 abreptus
2784 833 2851 887 ab
2882 835 3018 889 ulnis
3058 839 3286 904 paternis
3308 880 3321 901 ,
3353 841 3463 909 quia
3496 843 3717 903 intutalttm

2209 928 2493 985 :etate,tant
2513 921 2801 978 liberaliter
2816 924 3086 988 educatus,
3102 927 3383 983 liberta'eat
3399 947 3504 986 cum
3521 938 3720 993 servitute

2207 1025 2237 1065 c
2262 1015 2564 1068 immolavit.
2587 1015 2673 1070 52.
2698 1015 2761 1068 Et
2781 1032 2958 1070 nomen
2978 1019 3180 1071 secundi
3201 1023 3380 1075 voravit
3395 1022 3719 1097 Ephroint,quia

2206 1121 2422 1159 crescere
2447 1107 2563 1177 fecit
2590 1124 2668 1160 me
2690 1106 2824 1162 Deus
2862 1109 2913 1162 in
2940 1118 3073 1163 terra
3093 1111 3379 1166 hunulitatis
3409 1130 3533 1168 mea.
3564 1117 3666 1172 l'idc
3681 1133 3719 1174 et

2208 1195 2367 1265 hujus
2397 1212 2593 1251 numen
2637 1199 2925 1267 gratiarum
2971 1200 3180 1257 actione
3209 1203 3429 1271 plenum.
3465 1205 3565 1262 Non
3589 1209 3718 1263 solum

2205 1287 2372 1353 enim,
2404 1286 2742 1342 adversitatis
2779 1289 2980 1344 oblitus
3009 1304 3125 1343 sum
3148 1333 3162 1355 ,
3190 1292 3280 1347 sed
3302 1302 3351 1349 et
3378 1302 3544 1350 auctus
3567 1313 3660 1351 sum
3682 1300 3718 1353 in

2206 1385 2347 1431 terra
2369 1418 2385 1442 ,
2419 1377 2469 1431 in
2498 1394 2600 1447 qua
2642 1387 2843 1434 tantam
2871 1381 3096 1435 sustinui
3128 1381 3521 1439 humiliationctn
3542 1428 3556 1453 ,
3582 1399 3719 1456 utpote

2207 1468 2259 1523 in
2303 1470 2559 1525 extremis
2604 1471 2856 1539 periculis
2899 1473 3061 1527 etiam
3104 1472 3174 1528 de
3216 1474 3316 1528 vita
3358 1476 3541 1531 anxius.
3571 1476 3717 1531 Verum

2204 1576 2344 1615 nunc
2384 1562 2565 1616 auditu
2615 1563 2772 1632 digna
2817 1572 2941 1618 sunt
2968 1579 3088 1634 qua:
3133 1575 3434 1635 sequuntur.
3472 1566 3585 1620 Nam
3627 1582 3714 1638 post

2203 1654 2523 1708 fertilitatem
2548 1663 2753 1725 septem
2774 1670 3057 1722 annorum,
3084 1665 3341 1712 venerint
3359 1668 3408 1712 et
3426 1669 3601 1727 septeni
3624 1662 3716 1717 anni

2203 1748 2439 1817 penuriae
2481 1756 2533 1802 et
2572 1747 2741 1812 famis,
2775 1747 3066 1803 secundum
3113 1748 3492 1819 prmdictionem
3531 1749 3716 1820 Joscplii.

2203 1839 2400 1894 Rerum
2430 1840 2574 1894 enim
2602 1848 2826 1896 eventus
2851 1855 3164 1896 concessam
3189 1842 3302 1895 viro
3329 1842 3608 1911 sapientiam
3630 1857 3715 1897 ont-

2208 1930 2364 1984 nibus
2391 1930 2716 2000 detegebat,
2761 1931 2918 2001 idque
2958 1930 3263 1997 alliciebat,
3300 1941 3357 1987 ut
3380 1946 3546 1988 omnes
3568 1934 3608 1987 ei
3631 1948 3719 1987 sise

2198 2022 2587 2078 sulnnittcrent.
2636 2022 2848 2078 Etcum
2895 2022 3064 2079 fames
3109 2023 3284 2078 valida
3310 2022 3436 2078 facta
3464 2032 3617 2091 easct,
3643 2025 3717 2093 pri-

2199 2129 2342 2168 mum
2372 2128 2466 2169 eos
2493 2114 2769 2183 penuriam
2796 2114 2995 2169 sentire
3022 2128 3127 2168 non
3164 2114 3414 2184 permisit.
3445 2115 3523 2169 54.
3548 2113 3718 2167 lnon

2197 2206 2338 2262 enim
2372 2214 2505 2259 terra
2524 2203 2889 2277 £gyptiorum
2908 2215 3051 2259 erant
3070 2222 3247 2277 panes.
3274 2205 3376 2262 Sed
3396 2222 3504 2260 cum
3531 2205 3717 2259 molestis

2204 2296 2357 2351 famis
2381 2297 2731 2351 invaleseerct
2752 2334 2766 2362 ,
2799 2295 3048 2350 clamavit
3077 2298 3306 2367 populus
3341 2296 3404 2349 ad
3433 2296 3718 2358 Pharaonem,

2197 2403 2384 2459 magna
2418 2401 2635 2457 pressus
2672 2387 2960 2458 indigentia
3002 2405 3014 2442 :
3057 2402 3086 2443 a
3129 2388 3269 2444 fame
3308 2388 3442 2442 enim
3472 2388 3646 2451 coacti,
3671 2387 3717 2439 ad

2197 2495 2375 2551 regem
2415 2487 2785 2534 cucurrerunt.
2828 2478 2996 2533 Porro
3015 2478 3138 2534 vide
3167 2479 3322 2549 hujus
3345 2477 3715 2533 benevolentiam.

2192 2572 2281 2625 55.
2321 2570 2461 2625 Dixit
2489 2578 2658 2625 autem
2698 2567 2908 2624 Pharao
2951 2569 3258 2641 Egyptiis:
3290 2569 3368 2625 Ite
3400 2570 3462 2622 ad
3483 2568 3718 2636 Joscph;rt

2190 2662 2439 2733 quidquid
2466 2663 2649 2716 dixerit
2679 2662 2837 2729 vobis,
2864 2662 3017 2733 facite
3038 2679 3058 2717 :
3083 2664 3238 2733 quasi
3269 2663 3462 2718 diceret
3489 2680 3501 2716 :
3525 2661 3636 2728 Quid
3658 2674 3719 2712 nte

2190 2753 2504 2824 suSpicitis?
2532 2754 2646 2809 t\'ou
2692 2754 2884 2810 videtis
2909 2769 2996 2810 me
3039 2755 3190 2825 regis
3233 2754 3460 2809 habitum
3503 2752 3720 2808 dumtaxat

2190 2855 2441 2917 gestare,
2472 2844 2729 2916 illumque
2781 2845 2935 2901 nobis
2979 2845 3233 2902 omnibus
3277 2846 3457 2902 salutis
3502 2851 3719 2899 auctorem

2190 2936 2429 2994 factum?
2455 2936 2532 2992 Ne
2554 2936 2712 3007 igitur
2734 2936 2828 2992 illo
2854 2936 3041 2992 relicto
3066 2936 3132 2991 ad
3157 2952 3244 2993 me
3267 2936 3499 3002 curratis,
3520 2933 3600 2990 sed
3616 2932 3720 2987 abite

2190 3031 2255 3086 ad
2287 3032 2457 3097 illum,
2491 3028 2557 3084 Et
2587 3046 2913 3101 quacumque
2932 3030 3117 3086 dixerit
3142 3030 3282 3086 vobis
3301 3071 3317 3098 ,
3342 3030 3500 3103 facite.
3520 3029 3596 3085 56.
3620 3026 3720 3095 Ape-

2189 3125 2290 3178 ruit
2310 3132 2475 3178 autem
2498 3122 2691 3193 Ioseph
2713 3123 2910 3188 horrea,
2940 3132 2988 3178 et
3010 3123 3238 3179 vendidit
3263 3122 3528 3194 zEgyptiis.
3551 3121 3606 3175 Et
3625 3131 3721 3188 qne-

2191 3216 2333 3270 niam
2361 3220 2548 3270 omnes
2568 3213 2913 3269 consumebat
2942 3211 3101 3269 famis
3131 3216 3438 3279 necessitas,
3458 3214 3535 3270 57.
3559 3211 3718 3270 Omnes.

2193 3306 2363 3376 inquit
2384 3347 2401 3371 ,
2428 3304 2699 3373 provincia:
2735 3305 2996 3359 veniebant
3038 3304 3090 3359 in
3119 3305 3437 3378 (Eggplum.
3468 3314 3516 3357 ut
3548 3309 3719 3357 emeruit

2190 3397 2497 3467 frumentum
2519 3414 2538 3451 :
2569 3396 2849 3450 inualuerat
2874 3396 3042 3462 enim,
3071 3396 3274 3466 inquit,
3311 3400 3464 3467 fames
3488 3409 3618 3463 super
3639 3406 3720 3444 om-

2191 3505 2305 3543 nem
2331 3497 2535 3543 tetram.
2567 3487 2700 3542 Vide
2724 3529 2737 3548 .
2763 3487 3016 3552 obsecro,
3045 3489 3318 3557 quomodo
3348 3487 3576 3559 paulatim
3600 3498 3719 3538 cvcn‘

2193 3589 2301 3633 tum
2331 3582 2572 3649 accipere
2602 3578 2855 3648 incipiant
2881 3578 3087 3633 somnia
3108 3578 3333 3650 Joseph.
3355 3579 3479 3633 Nam
3501 3576 3576 3632 ubi
3597 3574 3721 3628 binos

2192 3669 2451 3735 invaluit,
2484 3678 2537 3724 et
2568 3668 2849 3738 occupavit
2876 3678 3072 3723 terram
3097 3668 3386 3737 Chanaan,
3420 3670 3468 3723 in
3492 3682 3581 3737 qua
3605 3662 3720 3718 habi-

2194 3764 2335 3818 tabat
2362 3763 2527 3818 Jacnb
2570 3762 2727 3830 hujus
2756 3771 2904 3831 pater
2927 3803 2941 3828 ,
2987 3762 3074 3832 qui
3113 3764 3162 3817 l.
3198 3762 3470 3832 Postquam
3513 3755 3660 3812 didicit
3684 3756 3722 3803 in

2191 3854 2265 3910 1E
2270 3865 2422 3927 gyth
2445 3855 2751 3925 frumentum
2772 3854 3083 3919 venumdari,
3106 3854 3260 3924 dixit,
3292 3855 3474 3924 inquit,
3495 3853 3600 3920 ﬁliis
3616 3849 3723 3903 suis:

2192 3949 2362 4016 Quare
2389 3964 2564 4020 segnes
2594 3948 2748 4001 estis?
2773 3946 2825 4001 2.
2860 3946 2990 4002 Ecce
3014 3947 3185 4001 audivi
3211 3948 3350 4020 quod
3375 3951 3649 4018 fruntentum
3675 3936 3721 3990 sit

2188 4041 2239 4093 in
2263 4039 2514 4110 .Egypto.
2555 4037 2890 4105 Descendite,
2919 4047 2973 4092 ut
2999 4040 3304 4110 comparetis
3342 4037 3480 4094 nobis
3515 4047 3651 4106 pauca
3673 4027 3725 4081 εὶ·

2189 4132 2352 4198 baria,
2381 4143 2434 4184 ut
2460 4131 2683 4183 vivamus
2705 4171 2718 4192 ,
2746 4139 2793 4183 et
2824 4147 2925 4183 non
2950 4131 3229 4185 moriamur
3261 4130 3423 4202 (Cap.
3452 4124 3567 4196 42).
3593 4118 3721 4190 Quid.

2189 4222 2356 4290 inquit
2381 4262 2396 4287 ,
2440 4221 2523 4275 hic
2553 4221 2781 4276 sedetis?
2807 4220 2961 4276 Abite
2999 4221 3049 4275 in
3078 4220 3370 4292 Egyptum
3393 4262 3409 4287 ,
3439 4226 3491 4275 ct
3525 4217 3724 4270 alimetta

2189 4315 2341 4369 nobis
2367 4313 2567 4368 afferte.
2605 4312 2726 4367 ll.rc
2755 4322 2931 4367 autem
2951 4314 3129 4368 omnia
3162 4313 3299 4369 facta
3328 4322 3469 4379 sunt,
3499 4320 3549 4363 ut
3575 4307 3722 4361 fratres

2189 4405 2388 4475 Joscplt
2415 4405 2605 4459 visioui
2635 4403 2748 4471 ejus
2778 4403 2955 4458 omnia
2990 4405 3393 4459 ministrarent:
3423 4411 3473 4458 el
3503 4401 3719 4466 interpre'

2188 4501 2444 4555 tationem
2473 4496 2663 4551 somnii
2696 4512 2851 4565 quant
2878 4497 2977 4566 ipsi
3006 4496 3454 4566 CODjCClﬂVL‘I‘aIll,
3479 4508 3585 4545 cum
3610 4486 3719 4542 audin

2187 4600 2302 4644 rent
2334 4588 2532 4658 Joseph
2563 4589 2828 4642 somnium
2872 4596 3177 4642 narrantem
3197 4629 3211 4652 ,
3243 4587 3536 4656 implerent.
3561 4583 3606 4636 3.
3649 4576 3724 4629 Dc-

2186 4683 2485 4736 scetnlcrunt
2507 4681 2669 4744 enim,
2701 4679 2889 4749 inquit,
2919 4680 3087 4733 decem
3116 4683 3324 4750 fratres,
3356 4681 3403 4734 4.
3436 4688 3480 4731 et
3505 4669 3724 4744 Benjmaiu

2187 4789 2285 4827 non
2311 4781 2621 4840 ~.cceperunt,
2646 4771 2732 4841 qui
2757 4780 2872 4825 erat
2897 4769 3057 4825 frater
3075 4769 3272 4839 Ioseph
3296 4785 3362 4825 ex
3383 4767 3556 4823 eadem
3577 4767 3725 4816 matr».

2186 4865 2394 4919 Dicebat
2421 4865 2552 4918 enim
2581 4874 2722 4933 pater
2750 4864 2895 4932 ejus:
2928 4860 3008 4914 Ne
3042 4864 3172 4933 forte
3210 4862 3407 4914 accidat
3433 4859 3476 4912 ci
3508 4857 3688 4924 longua!
3714 4862 3727 4897 ἔ

2186 4974 2409 5029 parcens
2437 4972 2623 5027 puero,
2657 4972 2720 5011 eo
2746 4955 2884 5025 quod
2915 4962 3071 5009 aetate
3098 4954 3383 5007 immatura
3419 4958 3546 5006 erat.
3576 4947 3620 4999 li.
3657 4938 3726 4991 γε·

2184 5061 2364 5107 nerunt
2393 5060 2559 5104 autem
2579 5090 2594 5114 ,
2625 5060 2673 5102 et
2699 5047 2896 5118 Joseplt
2928 5047 3056 5101 sicut
3086 5045 3368 5115 principem
3400 5038 3604 5111 zEggpti
3625 5032 3724 5086 ado-

2183 5152 2417 5197 ruvertmt
2444 5158 2595 5211 super
2616 5142 2799 5212 faciem
2823 5155 2967 5194 suam
2993 5139 3043 5192 in
3076 5146 3229 5191 terra.
3266 5136 3331 5190 Et
3357 5149 3492 5190 nunc
3517 5132 3724 5201 ignoran-

2185 5244 2265 5289 tes
2304 5232 2518 5303 quidem
2568 5231 2681 5285 haec
2710 5230 2889 5286 omnia
2934 5227 3154 5284 faciunt.
3202 5226 3337 5280 Nam
3384 5225 3503 5293 quia
3545 5217 3727 5274 ιιηιΙῑιηι*

2188 5324 2439 5393 letttpnris
2469 5323 2861 5385 intercesserat,
2885 5318 3075 5374 faciem
3097 5317 3276 5372 fratris
3298 5331 3403 5370 non
3423 5311 3725 5385 agnovenml-

2188 5413 2481 5468 Verisimile
2511 5413 2652 5468 enim
2681 5419 2782 5476 cst,
2811 5411 3061 5480 juvenem
3089 5410 3239 5472 olim,
3269 5422 3411 5462 nunc
3440 5406 3728 5458 immutatum

2184 5508 2352 5561 forma
2396 5506 2579 5560 fuisse.
2622 5504 2787 5574 quue
2827 5511 2995 5558 totum
3036 5504 3230 5572 opinor
3272 5500 3465 5555 divina:
3492 5496 3726 5562 dispensa'

2186 5600 2346 5655 tionis
2373 5600 2555 5665 fuisse,
2590 5599 2658 5651 ita
2692 5607 2746 5651 ut
2773 5613 2877 5651 non
2910 5596 3175 5665 potuerint
3199 5593 3281 5649 vel
3306 5608 3373 5648 ex
3399 5597 3643 5645 sermone,
3668 5574 3729 5629 vel

2183 5710 2248 5749 ex
2276 5702 2494 5760 aspectu
2523 5691 2738 5746 fratrem
2759 5703 3067 5760 agnoscere.
3096 5684 3247 5743 Unde
3275 5685 3415 5740 enim
3444 5685 3667 5747 umquam

2185 5784 2320 5837 hanc
2341 5783 2645 5853 opinionem
2667 5781 2972 5838 venissent?
2998 5780 3202 5835 Etenim
3227 5777 3479 5847 putabant
3495 5784 3605 5828 eum
3624 5756 3729 5833 apud
