3964 6428
278 447 552 502 Ismaelitas
580 443 771 499 factum
802 457 1032 509 servum,
1062 442 1367 513 servireque
1390 443 1529 513 apud
1560 445 1834 514 barbaros,

276 538 404 592 unde
440 536 565 590 nihil
592 537 762 590 simile
790 535 894 589 illis
917 534 998 590 vel
1031 536 1081 588 in
1112 543 1342 590 mentem
1374 537 1555 592 venire
1585 545 1790 607 poterat
1817 554 1832 602 ;

274 637 323 681 cl.
349 643 446 681 non
469 634 791 695 agnoverunt
810 624 1027 693 .Ioseplt.
1061 625 1179 694 Ipse
1205 639 1331 679 vero
1365 626 1542 680 statim
1571 635 1626 680 ut
1657 627 1786 682 vidit
1813 668 1829 694 ,

270 717 467 786 agnovit
490 729 582 771 eos
610 732 624 768 :
651 724 705 770 et
747 724 803 769 ut
849 715 1181 785 ignoraretur
1209 715 1447 782 studuit,
1493 731 1557 771 ac
1599 733 1720 772 cum
1756 720 1834 774 eis

269 808 404 875 quasi
422 821 539 860 cum
589 806 774 860 alienis
821 822 976 876 agere
1004 807 1188 862 Voluit.
1221 808 1272 860 7.
1319 808 1643 862 Abalienabat
1689 811 1828 864 enim
1876 837 1885 842 —

265 895 388 950 scab
413 897 512 962 eis,
556 906 602 949 et
631 896 862 965 loquutus
889 907 960 950 est
992 897 1063 950 eis
1092 899 1259 962 dura;
1287 907 1334 952 et
1363 899 1491 952 dixit
1518 915 1538 953 :
1572 900 1718 954 Unde
1746 917 1831 954 ve-

269 987 436 1042 nistis?
474 987 694 1042 Simulat
724 987 1084 1042 omnimodam
1130 988 1475 1057 ignorantiam
1498 1031 1513 1056 ,
1559 1000 1616 1044 ut
1653 991 1829 1046 omnia

263 1077 528 1147 diligenter
546 1078 614 1131 ab
633 1079 710 1132 eis
735 1078 940 1132 discere
960 1087 1137 1148 queat.
1167 1079 1511 1134 Desiderabat
1529 1082 1670 1136 enim
1693 1083 1829 1140 scire

263 1183 368 1236 qua:
393 1166 456 1220 ad
485 1175 686 1235 patrem
717 1175 770 1222 et
794 1167 860 1221 ad
887 1166 1102 1222 fratrem
1132 1170 1460 1237 spectabant.

323 1258 372 1310 2.
399 1259 462 1312 Et
486 1260 712 1327 primum
739 1260 928 1328 qumrit
952 1275 1017 1314 ex
1047 1276 1148 1330 qua
1175 1263 1390 1331 regione
1408 1263 1538 1328 sint,
1565 1274 1618 1318 et
1643 1265 1827 1320 dicunt

259 1366 317 1404 es
338 1349 577 1404 Chanaan
605 1365 662 1405 se
689 1351 898 1406 venisse
925 1360 982 1405 ut
1023 1362 1264 1407 emerent
1291 1353 1572 1408 frumenta.
1605 1355 1780 1410 Famis
1803 1397 1820 1423 ,

257 1441 502 1511 inquiunt,
533 1442 822 1496 necessitas
847 1442 899 1496 in
924 1457 1083 1498 causa
1105 1451 1188 1497 est
1209 1459 1373 1514 quare
1395 1445 1446 1498 id
1475 1445 1678 1501 itineris
1697 1462 1824 1501 con-

257 1533 492 1598 fecimus,
525 1541 577 1586 et
605 1543 889 1602 prepterea
920 1535 1118 1590 relictis
1164 1537 1391 1605 propriis
1421 1536 1523 1591 huc
1556 1540 1816 1595 venimus.

254 1621 304 1674 9.
332 1621 392 1674 Et
417 1623 706 1677 recordatus
735 1634 841 1690 est,
875 1626 1041 1694 inquit
1071 1667 1087 1691 ,
1129 1625 1320 1694 Joseplt
1365 1629 1671 1682 somniorum
1710 1647 1822 1700 qua:

254 1714 346 1780 ipse
367 1713 566 1768 viderat.
593 1714 652 1768 In
676 1725 906 1770 mentem
929 1727 1186 1772 venerunt
1207 1719 1254 1772 ei
1283 1721 1507 1786 somnia,
1535 1732 1589 1774 et
1613 1723 1821 1779 videbat

252 1806 446 1860 evenire
470 1822 528 1860 ea
550 1848 564 1873 ,
602 1807 828 1878 ideoque
859 1808 1070 1863 volebat
1092 1809 1368 1879 diligenter
1393 1813 1570 1867 omnia
1591 1814 1817 1884 discere,

250 1905 299 1950 et
323 1912 498 1967 magna
547 1913 670 1952 cum
714 1900 1023 1956 austeritate
1063 1901 1142 1955 eis
1185 1903 1510 1972 respondet,
1537 1920 1600 1960 ac
1643 1906 1812 1964 dicit:

250 1985 584 2057 Exploratores
613 1991 752 2056 estis,
773 2000 819 2044 et
844 1991 913 2044 ad
936 1993 1303 2047 consideranda
1327 1996 1530 2064 vestigia
1554 2006 1699 2051 terra:
1728 2014 1814 2052 ve-

249 2079 392 2132 nistis.
425 2078 537 2132 Non
565 2089 732 2144 recta,
765 2083 970 2151 inquit,
1004 2092 1182 2137 mente
1205 2083 1512 2140 advenistis.
1555 2086 1813 2143 Videmiui

246 2176 346 2221 arte
384 2176 437 2222 et
463 2171 790 2239 malignitate
829 2172 1055 2241 quadam
1099 2172 1202 2228 huc
1242 2175 1478 2243 profecti.
1513 2175 1587 2229 Illi
1635 2187 1813 2234 autem

245 2259 367 2312 anxii
394 2260 636 2316 dixerunt
665 2279 681 2316 :
711 2263 798 2318 10.
829 2262 950 2317 Νοη
972 2304 986 2328 ,
1019 2265 1238 2318 domine.
1267 2266 1332 2320 Et
1361 2267 1412 2320 id
1446 2268 1584 2337 quod
1609 2269 1814 2326 discere

246 2350 470 2405 studebat
491 2351 714 2422 Josepb,
745 2353 844 2409 hoc
870 2370 898 2408 a
921 2356 1220 2426 semetipsis
1241 2356 1473 2424 docent,
1505 2368 1559 2414 et
1585 2359 1765 2415 dicunt
1793 2379 1807 2414 :

244 2438 372 2494 Servi
412 2443 482 2496 tui
518 2444 748 2497 venimus
771 2484 787 2512 ,
832 2455 886 2498 ut
933 2463 1156 2499 emamus
1201 2449 1465 2502 escale.
1502 2449 1685 2504 Omnes
1713 2451 1808 2519 filii

240 2546 396 2585 sumus
417 2533 558 2587 unius
588 2533 687 2587 viri
711 2575 726 2598 ,
757 2535 956 2604 paciﬁci
973 2553 1178 2603 sumus,
1209 2553 1308 2590 non
1328 2547 1443 2591 sunt
1463 2540 1590 2592 servi
1627 2541 1697 2593 tui
1725 2557 1809 2594 ex-

241 2623 518 2692 ploratores.
557 2624 751 2680 Adhuc
779 2626 846 2681 de
871 2627 1061 2697 seipsis
1091 2636 1292 2683 tantum
1332 2631 1588 2685 rationein
1619 2630 1808 2686 redde-

241 2715 381 2778 bant.
406 2728 457 2772 et
485 2734 594 2787 prae
625 2719 815 2774 timore
845 2720 1053 2774 attoniti
1095 2730 1302 2786 mente,
1341 2721 1570 2776 nondum
1602 2739 1716 2792 qua:
1741 2722 1808 2779 ad

239 2803 412 2877 Ioseph
456 2810 797 2878 pertinebant
822 2853 836 2876 ,
879 2810 1120 2866 dixerant
1149 2829 1162 2865 :
1193 2811 1311 2866 ideo
1339 2812 1426 2866 ille
1453 2827 1805 2881 perseverans

239 2898 424 2955 dicebat
453 2919 466 2954 :
495 2903 578 2958 l2.
611 2901 753 2966 Non,
781 2903 870 2958 sed
895 2905 1096 2958 venistis
1126 2913 1180 2957 ut
1214 2905 1600 2976 vestigia‘terrar
1626 2908 1806 2976 explo-

237 2990 358 3043 retis.
399 2992 773 3061 Snpervacue,
806 2993 1004 3063 inquit,
1055 2994 1168 3050 haec
1199 2995 1328 3050 mihi
1364 2995 1538 3051 dicitis
1567 3015 1581 3052 :
1610 2999 1806 3054 etenim

237 3080 308 3134 vel
330 3081 433 3151 ipsa
457 3083 724 3138 adventus
750 3084 910 3138 vestri
937 3085 1072 3140 ratio
1098 3084 1352 3150 declarat,
1385 3102 1479 3142 vos
1508 3089 1648 3141 malo
1674 3103 1807 3158 quo-

237 3168 345 3226 dam
373 3175 646 3246 proposito
677 3184 850 3230 motos
882 3175 984 3232 buc
1023 3179 1252 3234 venisse.
1287 3177 1366 3233 Illi
1406 3188 1581 3235 autem
1615 3197 1799 3237 neces-

237 3261 373 3318 sitate
397 3267 559 3322 coacti
589 3308 606 3333 ,
640 3275 692 3320 et
722 3267 966 3322 volentes
995 3283 1116 3322 eum
1146 3267 1212 3323 ad
1240 3269 1659 3324 misericordiam
1701 3272 1771 3326 lle

236 3362 363 3408 ctere
387 3355 573 3412 dicunt.
599 3376 612 3410 :
642 3359 726 3412 13.
759 3357 1032 3413 Duodecim
1072 3376 1248 3414 sumus
1275 3360 1456 3430 fratres
1483 3363 1615 3416 servi
1639 3364 1729 3416 tui.
1760 3362 1804 3418 Ο

236 3445 493 3501 verborum
525 3448 897 3518 deceptionem
922 3449 935 3502 Ξ
972 3449 1143 3503 Etiam
1170 3465 1294 3504 eum
1322 3466 1479 3521 quem
1509 3452 1801 3520 negotiato-

236 3532 364 3589 ribus
388 3537 776 3605 vendiderant,
828 3539 879 3592 in
929 3554 1152 3595 numero
1195 3555 1294 3595 suo
1336 3549 1657 3596 recensent:
1702 3557 1803 3597 nec

232 3621 439 3683 dicunt:
482 3627 776 3682 Duodecim
829 3629 1026 3684 fuimus
1054 3671 1070 3696 ,
1121 3630 1214 3685 sed
1241 3671 1255 3696 ,
1307 3630 1586 3685 Duodecim
1627 3649 1802 3686 sumus

233 3716 414 3782 fratres,
442 3726 487 3770 et
512 3734 631 3772 ecce
639 3719 824 3788 junior
848 3735 960 3771 cum
983 3729 1127 3790 patre
1164 3729 1356 3774 nostro.
1387 3720 1497 3774 Hoc
1523 3721 1664 3776 enim
1687 3731 1802 3777 erat

231 3805 355 3872 quod
382 3808 515 3863 scire
543 3807 815 3876 cupiebat,
845 3823 968 3862 num
993 3818 1045 3864 et
1073 3809 1288 3864 fratrem
1315 3809 1557 3864 similiter
1584 3809 1802 3866 amisis-

231 3905 354 3950 sent.
383 3895 448 3950 Et
473 3914 584 3951 ecce
601 3897 782 3968 junior
805 3914 918 3950 cum
945 3912 1088 3968 patre
1115 3895 1286 3952 nostra
1310 3914 1330 3962 ,'
1355 3900 1486 3953 alius
1512 3908 1677 3953 autent
1699 3916 1799 3954 non

232 3997 457 4054 superest.
487 3988 600 4042 Nec
627 3987 811 4042 dicunt
842 4003 954 4042 rem
986 3988 1281 4055 manifeste,
1311 3989 1401 4044 sed
1427 3998 1648 4056 tantum,
1677 3987 1799 4044 Non

227 4087 449 4144 superest.
479 4078 557 4132 Ex
594 4078 692 4132 boc
719 4094 838 4132 cum
880 4079 1238 4149 suspicaretur
1260 4121 1274 4146 ,
1303 4095 1371 4135 ne
1400 4079 1534 4135 forte
1573 4091 1626 4136 et
1658 4081 1797 4134 Ben-

224 4166 374 4229 jamin
402 4172 557 4224 simili
591 4171 750 4224 modo
795 4171 1130 4235 aﬂ'ecisscnt,
1165 4173 1254 4226 14.
1300 4171 1414 4226 Hoc
1447 4183 1558 4238 est,
1591 4173 1797 4243 inquit,

227 4261 347 4326 quod
367 4262 470 4315 dixi
492 4264 650 4328 vobis,
676 4263 1170 4334 Quod‘exploratores
1191 4265 1321 4318 sitis.
1347 4265 1434 4318 15.
1463 4263 1799 4334 Nequaquam

228 4349 334 4405 hinc
360 4355 486 4407 enim
517 4355 740 4415 exibitis.
771 4371 1030 4424 quousque
1055 4359 1213 4426 frater
1239 4364 1396 4408 vester
1416 4355 1598 4424 junior
1617 4355 1801 4406 venerit

227 4439 332 4495 huc.
364 4441 514 4500 Illum
542 4445 726 4500 videre
768 4445 922 4509 volo;
950 4445 1104 4514 cupio
1129 4444 1310 4498 videre
1337 4459 1458 4498 eum
1489 4444 1577 4513 qui
1605 4459 1667 4498 ex
1705 4458 1802 4498 co-

228 4529 341 4584 dem
371 4542 523 4588 utero
554 4543 708 4587 natus
747 4543 866 4588 est:
897 4537 1138 4602 suspicor
1165 4535 1308 4588 enim
1348 4549 1412 4587 cx
1452 4533 1532 4586 bis
1567 4550 1682 4603 qua:
1710 4535 1803 4586 aII-

225 4633 405 4676 versus
450 4639 537 4679 me
586 4624 806 4694 egistis,
852 4633 1086 4679 mentem
1129 4633 1359 4679 vestram
1410 4623 1643 4679 fraterno
1681 4624 1802 4678 odio

227 4705 480 4768 hborare.
516 4714 571 4769 Si
601 4714 758 4784 igitur
781 4714 939 4768 vultis
958 4756 972 4780 ,
1004 4715 1088 4769 16.
1132 4713 1318 4768 Mittite
1350 4731 1507 4768 unum
1537 4731 1598 4768 ex
1624 4717 1789 4782 vobis,

222 4810 267 4853 et
291 4804 525 4860 adducite
544 4823 656 4860 eum
688 4823 706 4860 :
729 4821 822 4860 vos
849 4818 1024 4861 autem
1054 4817 1262 4862 manete
1288 4808 1338 4861 in
1371 4823 1602 4873 carcere,
1629 4810 1802 4864 donec

225 4889 302 4944 ille
330 4897 555 4949 venerit.
598 4897 688 4950 llle
730 4898 871 4950 enim
915 4913 1034 4952 cum
1079 4897 1392 4962 advenerit,
1422 4899 1634 4953 docebit
1675 4916 1800 4954 lllltll

222 4999 336 5038 vera
354 4986 456 5041 sint
474 4988 855 5057 quaedicitis,et
872 4989 1112 5043 liberabit
1129 5005 1218 5043 vos
1238 4988 1304 5043 ab
1322 4991 1463 5042 omni
1481 4991 1799 5060 suspicione.

223 5071 345 5128 Nam
370 5077 411 5131 si
443 5077 546 5132 hoc
575 5094 679 5133 non
712 5078 902 5144 fuerit,
935 5079 1267 5133 manifestum
1297 5089 1379 5133 est
1402 5094 1514 5132 vos
1544 5081 1792 5148 explora-

224 5171 358 5217 tores
387 5180 524 5227 esse,
551 5177 604 5222 et
631 5177 909 5237 propterea
942 5168 1043 5223 huc
1069 5171 1295 5223 venisse.
1331 5169 1396 5222 Et
1428 5169 1527 5223 hoc
1559 5185 1679 5224 cum
1712 5171 1796 5224 di-

224 5252 398 5319 xisset,
417 5257 504 5312 Π.
527 5257 704 5312 Posuit
722 5276 808 5314 eos
830 5259 879 5311 in
896 5275 1114 5316 carcere.
1134 5260 1264 5314 Vide
1284 5260 1550 5330 quomodo
1567 5261 1800 5330 ipsorum

227 5344 403 5410 probat
430 5347 683 5413 animum,
706 5359 760 5404 et
786 5365 879 5418 per
906 5365 965 5403 ea
987 5365 1104 5419 qum
1127 5349 1179 5402 in
1209 5351 1327 5403 illos
1355 5351 1478 5420 agit,
1504 5366 1651 5405 suam
1674 5367 1798 5421 erga

223 5428 434 5487 fratrem
463 5436 700 5493 declarat
726 5440 1168 5495 benevolentiam.
1207 5439 1329 5493 Post
1357 5451 1455 5494 tres
1493 5451 1662 5494 autem
1694 5443 1801 5496 dies

223 5525 402 5577 vocatis
442 5525 564 5593 illis,
587 5529 714 5583 dixit
749 5546 770 5584 :
799 5531 884 5586 I8.
932 5529 1044 5584 Hoc
1073 5531 1256 5602 facite,
1298 5541 1344 5584 et
1385 5533 1554 5585 vivetis
1594 5548 1612 5585 .'
1638 5532 1802 5585 Deum

215 5612 347 5662 enim
367 5630 457 5683 ego
483 5617 650 5672 timeo.
681 5620 764 5675 l9.
805 5621 866 5676 Si
893 5622 1096 5690 pacifici
1127 5621 1241 5675 estis
1262 5662 1277 5688 ,
1309 5637 1438 5676 unus
1466 5622 1684 5690 fratrum
1710 5638 1795 5675 ve-

211 5709 437 5755 :trorum
489 5707 766 5765 detineatur
835 5714 915 5766 hic
968 5713 1022 5767 in
1067 5729 1297 5780 carcere,
1339 5729 1425 5766 vos
1459 5722 1624 5766 autem
1682 5730 1802 5782 pro-

1291 331 1355 386 IN
1393 332 1542 388 CAP.
1577 331 1731 388 XLII.
1764 333 2008 392 GENES.
2051 337 2274 393 IIOMIL.
2316 341 2498 398 LXIV.

3422 362 3525 418 δῖὶο

1948 450 2230 516 ﬁciscimini
2250 470 2271 517 ;
2313 466 2359 508 et
2418 461 2607 514 ave/tite
2657 463 2958 534 emptionem
2997 467 3396 533 frumentntionis
3440 487 3522 522 ve—

1941 549 2077 605 strae,
2104 541 2192 597 20.
2223 554 2266 598 et
2289 548 2493 616 fratrem
2515 563 2733 606 vestrum
2752 555 3012 624 juniorem
3041 560 3206 616 ducite
3243 564 3310 617 ad
3337 583 3414 619 me
3435 604 3450 628 ,
3480 575 3529 617 et

1938 623 2195 710 credibilia
2216 641 2359 682 erant
2377 632 2519 685 verba
2543 646 2698 689 vestra
2725 623 2904 707 {quod
2955 641 2999 692 si
3058 647 3229 701 minus
3254 685 3270 710 ,
3329 647 3527 702 morie-

1943 714 2096 753 ηιυη.

2012 798 2328 856 Conscientia
2368 805 2574 861 damnat
2615 815 2866 866 conscium
2899 816 3102 884 peccati.
3134 817 3517 874 —Considera

1939 893 2316 959 sagacitatem:
2354 897 2546 954 Volens
2582 915 2728 955 suam
2777 917 2900 973 erga
2935 905 3052 960 illos
3091 907 3516 965 benevolentiam

1938 979 2226 1049 declarare,
2271 997 2322 1041 et
2361 989 2518 1056 patris
2567 993 2835 1060 penuriam
2879 996 3366 1069 consolari,deque
3414 1001 3516 1052 fra-

1938 1077 2016 1124 tre
2065 1076 2334 1130 vcritatein
2398 1079 2646 1146 discere,
2697 1097 2800 1136 uno
2862 1096 3102 1152 retento,
3152 1089 3286 1142 alios
3365 1091 3512 1144 abire

1929 1159 2108 1228 jussit.
2155 1165 2258 1220 Sed
2332 1169 2453 1224 vide
2516 1187 2655 1227 nunc
2704 1177 2969 1243 quomodo
3033 1179 3352 1234 conscientia
3411 1196 3509 1237 eo-

1933 1269 2048 1309 rum
2081 1298 2092 1319 ,
2123 1258 2456 1330 incorruptus
2500 1263 2588 1318 ille
2609 1265 2791 1333 judex,
2821 1267 3072 1321 adversus
3101 1285 3196 1324 eos
3236 1272 3464 1341 insurgat
3489 1314 3505 1338 ,

1931 1353 1984 1398 ct
2015 1347 2155 1399 nullo
2178 1361 2429 1418 arguente
2452 1393 2465 1416 ,
2496 1353 2574 1406 vel
2602 1355 2653 1407 in
2682 1355 2908 1409 medium
2934 1358 3199 1427 quidpiam
3228 1361 3502 1424 afferente,

1930 1434 2029 1504 ipsi
2056 1439 2134 1491 sui
2161 1439 2394 1508 ipsorum
2422 1456 2755 1500 τιςευτ-ειιοιύε
2787 1446 2930 1500 fiant.
2963 1447 3101 1502 Dixit
3126 1451 3288 1517 enim,
3313 1453 3500 1521 inquit,

1928 1528 2267 1598 unusquisque
2293 1531 2361 1582 ad
2390 1534 2595 1601 fratrem
2624 1552 2767 1588 suum
2796 1577 2810 1600 ,
2842 1538 2930 1592 21.
2963 1537 3144 1592 Merito
3169 1556 3188 1594 :
3212 1542 3262 1594 in
3290 1546 3503 1612 peccatis

1927 1615 2058 1668 enim
2085 1634 2256 1672 sumus
2286 1632 2490 1689 promer
2513 1628 2720 1692 fratrem
2751 1637 2976 1680 nostrunt
2993 1669 3008 1693 ,
3041 1631 3158 1698 quia
3184 1630 3502 1700 despeximus

1923 1707 2235 1775 aﬂlictioncm
2275 1713 2458 1766 anima:
2483 1715 2621 1780 eius,
2653 1719 2852 1783 quando
2883 1719 3238 1790 deprecabatur
3285 1740 3409 1790 nos,
3455 1735 3502 1777 et

1923 1812 2023 1850 non
2058 1801 2400 1856 exaudivimus
2436 1821 2586 1871 eum;
2627 1817 2831 1875 propter
2879 1809 2974 1863 hoc
3024 1813 3155 1865 venit
3203 1830 3355 1883 super
3404 1833 3496 1870 nos

1921 1890 2083 1944 omnis
2134 1892 2333 1962 afflictio
2375 1895 2500 1949 lucc.
2557 1897 2628 1951 Ita
2669 1901 2808 1954 enim
2855 1917 2912 1957 se
2969 1904 3127 1959 habet
3175 1916 3491 1975 peccatum;

1920 1979 2129 2046 quando
2168 1995 2589 2040 consummatum
2619 1998 2780 2043 estet
2808 2005 2969 2059 opere
3011 1992 3302 2062 perfectura
3324 2038 3338 2061 ,
3373 2005 3496 2052 tunc

1919 2082 2030 2122 suae
2057 2070 2394 2129 absurditatis
2423 2078 2654 2131 ostendit
2682 2095 2980 2136 excessum.
3025 2083 3087 2136 Et
3130 2085 3267 2139 sicut
3293 2088 3493 2154 ebrius,

1918 2161 2132 2229 quando
2157 2165 2322 2219 multo
2343 2167 2467 2220 vino
2493 2183 2550 2222 se
2580 2170 2883 2240 ingurgitat,
2907 2173 3108 2228 nullum
3135 2177 3295 2230 sentit
3319 2192 3347 2230 a
3371 2178 3494 2232 vino

1918 2249 2205 2319 damnum,
2240 2265 2421 2324 postea
2447 2267 2620 2314 autem
2659 2264 2819 2315 sentit
2845 2266 3208 2333 experimento
3237 2278 3492 2336 quantum

1915 2340 1984 2394 sit
2005 2341 2410 2401 detrimentum:
2431 2348 2496 2402 ita
2515 2359 2566 2403 et
2587 2360 2877 2420 peccatum,
2891 2355 3061 2410 donec
3076 2368 3490 2425 consummetur,

1914 2435 2225 2490 obtenebrat
2243 2449 2492 2506 mentem,
2511 2451 2562 2494 et
2589 2443 2738 2510 quasi
2762 2444 2923 2499 densa
2951 2446 3135 2512 nubes,
3166 2449 3234 2501 ita
3261 2461 3489 2504 mentem

1914 2537 2146 2584 excaecat
2169 2547 2181 2583 :
2202 2530 2395 2588 deinde
2421 2535 2742 2589 conscientia
2770 2537 3008 2608 insurgit,
3039 2549 3091 2594 et
3119 2544 3304 2610 quovis
3334 2559 3488 2598 accu-

1911 2627 2088 2676 satore
2117 2632 2344 2678 mentem
2388 2627 2598 2694 gravius
2627 2627 2822 2682 arrodit
2849 2670 2862 2694 ,
2893 2640 3195 2687 monstrans
3237 2634 3484 2689 absurdi-

1913 2718 2073 2766 tatem
2099 2711 2242 2767 facti.
2273 2715 2554 2771 Enimvero
2584 2716 2702 2771 vide
2729 2733 2868 2773 nunc
2905 2719 3002 2774 bos
3040 2722 3090 2774 in
3137 2725 3331 2791 peccati
3359 2741 3484 2779 sen-

1912 2816 2029 2857 sum
2056 2805 2360 2872 venientes;
2386 2815 2436 2860 et
2471 2823 2589 2861 cum
2616 2808 2681 2862 de
2703 2825 2910 2864 summa
2955 2811 3140 2866 salutis
3191 2815 3482 2882 periculum

1910 2896 2248 2966 immineret,
2280 2908 2402 2954 tunc
2438 2899 2649 2955 tandem
2693 2903 3006 2960 confitentes
3050 2922 3167 2976 quae
3212 2907 3479 2974 fecerant,

1905 2995 1958 3040 et
1986 2985 2243 3053 dicentes,
2275 2989 2456 3043 Merito
2479 2990 2494 3020 ¹
2527 3009 2540 3044 :
2568 2993 2620 3044 in
2661 2995 2876 3062 peccatis
2917 2995 3048 3048 enim
3074 3011 3248 3050 sumus
3277 3009 3479 3069 prepter

1906 3077 2114 3145 fratrem
2129 3089 2370 3144 nostrum,
2388 3082 2622 3152 quoniam
2647 3084 2961 3151 despeximus
2977 3085 3286 3155 afflictione»:
3303 3091 3484 3142 animo:

1905 3169 2032 3223 eius.
2065 3169 2178 3224 Non
2207 3169 2442 3240 fortuito,
2475 3188 2645 3243 neque
2665 3173 2778 3229 sine
2806 3190 2962 3229 causa
2991 3175 3103 3230 liceo
3137 3179 3477 3244 sustinemus,

1903 3259 1994 3313 sed
2017 3261 2158 3328 juste
2186 3263 2402 3317 etvalde
2427 3265 2566 3333 justo
2586 3281 2767 3332 poenas
2784 3267 2977 3321 luimus
3001 3269 3396 3325 inhumanitatis
3429 3281 3482 3326 et

1903 3352 2226 3408 crudelitatis
2251 3369 2406 3424 quam
2435 3371 2557 3425 erga
2591 3355 2803 3409 fratrem
2835 3367 3071 3412 nostrum
3099 3359 3470 3427 exhibuimus;

1907 3443 2156 3509 Quoniam
2193 3446 2508 3516 despeximus
2553 3447 2864 3516 afflictione»:
2894 3453 3074 3502 anima:
3102 3453 3240 3519 ejus,
3271 3453 3474 3520 quando

1902 3539 2262 3607 deprecabatur
2311 3556 2401 3595 nos
2425 3583 2440 3607 ,
2471 3549 2514 3595 et
2541 3557 2638 3593 non
2689 3541 2968 3594 audivimus
2997 3558 3128 3596 eum.
3175 3541 3434 3608 Quoniam
3459 3585 3472 3609 ,

1903 3631 2102 3700 inquit,
2154 3632 2352 3700 absque
2400 3631 2860 3686 commiseratione
2907 3631 3099 3688 fuimus
3123 3674 3138 3700 ,
3169 3642 3224 3688 et
3253 3635 3472 3688 multam

1901 3721 2238 3776 exhibuimus
2279 3721 2639 3775 crudelitatem
2657 3764 2670 3785 ,
2700 3731 2974 3791 propterea
3003 3738 3143 3778 nunc
3169 3739 3265 3778 nos
3290 3726 3472 3780 eadem

1900 3812 2226 3879 experimur,
2261 3810 2667 3865 ctProvter/roc
2696 3815 2825 3866 venit
2889 3813 3101 3883 afflictio
3154 3816 3263 3870 lucc
3318 3830 3473 3882 super

1896 3910 2012 3950 ηοδ.

1965 3986 2018 4041 3.
2045 3984 2111 4039 Et
2131 3984 2244 4039 haec
2266 3984 2478 4055 quidem
2507 3985 2579 4038 illi
2607 3985 2744 4038 inter
2764 3999 2820 4038 se
2843 3985 3192 4046 disserebant,
3223 3999 3467 4054 pnumtes

1895 4077 2027 4131 nilnil
2070 4075 2258 4130 borum
2285 4075 2470 4130 audire
2497 4074 2807 4144 Josepltum.
2837 4074 2965 4128 Nam
2998 4075 3142 4142 quasi
3187 4076 3464 4144 ignorans,

1894 4178 1947 4224 et
1973 4167 2218 4222 nesciens
2245 4182 2428 4220 eorum
2476 4167 2739 4236 linguam,
2789 4182 2883 4234 per
2917 4167 3252 4235 interpretem
3285 4167 3468 4238 loque-

1897 4260 2050 4314 batur
2083 4259 2194 4326 eis,
2224 4259 2311 4328 qui
2341 4273 2402 4312 ea
2433 4273 2551 4328 qua:
2578 4258 2650 4310 illi
2677 4257 3048 4326 loquebantur,
3078 4267 3131 4311 et
3151 4273 3211 4312 ea
3238 4274 3356 4328 qua:
3383 4259 3469 4312 ille

1893 4352 2000 4416 eis,
2033 4352 2340 4420 explicaret.
2372 4350 2461 4404 22.
2505 4349 2724 4402 Audiens
2763 4359 2929 4402 autem
2963 4351 3066 4402 lucc
3113 4349 3315 4412 Ruben,
3344 4350 3470 4402 dixit

1893 4445 1964 4496 eis
1988 4458 2006 4496 :
2034 4442 2217 4496 Nonne
2241 4442 2474 4508 loquutus
2505 4457 2617 4494 sunt
2645 4440 2781 4493 vobis
2806 4440 2973 4491 dicens
2999 4453 3020 4492 :
3048 4437 3128 4490 Ne
3150 4439 3336 4506 injuria
3361 4441 3468 4507 affi-

1892 4534 2038 4586 ciatis
2076 4549 2305 4602 puerum,
2336 4541 2380 4585 et
2409 4547 2508 4583 non
2531 4531 2805 4583 exaudistis
2836 4545 2910 4581 me
2932 4529 2957 4581 ?
3007 4527 3070 4580 Et
3113 4544 3224 4580 ecce
3258 4529 3464 4598 sanguis

1894 4626 2002 4694 ejus
2051 4623 2346 4696 exquiritur.
2397 4620 2581 4674 Nonne
2626 4630 2782 4684 tune,
2845 4620 3039 4688 inquit,
3093 4620 3464 4684 eonsalebam,

1895 4729 2072 4768 nonne
2147 4711 2521 4775 obsecrabam,
2584 4725 2649 4763 ne
2714 4709 2853 4778 qimd
2907 4718 3174 4777 peceatum
3233 4709 3283 4763 in
3348 4726 3467 4764 eum

1895 4803 2290 4858 admitteretis‘l
2345 4803 2628 4871 PrOpterca
2673 4816 2811 4854 mtnc
2859 4801 3079 4872 Sanguis
3131 4802 3240 4872 ejus
3295 4806 3468 4872 exqui—

1895 4901 2041 4952 ritur.
2093 4897 2225 4953 Natn
2271 4906 2523 4966 quantum
2564 4895 2628 4948 ad
2693 4895 3018 4963 propositum
3061 4904 3330 4959 vestrum,
3382 4912 3472 4948 oc-

1895 4990 2096 5046 cidistis
2143 5006 2156 5041 :
2207 4989 2330 5042 licet
2395 4987 2534 5040 enim
2605 5002 2706 5038 non
2774 5000 2869 5053 per
2933 4984 3172 5053 jugulum
3240 4985 3470 5052 gladium

1898 5079 2295 5137 transmiseritis
2318 5118 2333 5143 ,
2367 5075 2606 5130 barbaris
2633 5087 2807 5130 tamen
2839 5076 2962 5128 viris
2991 5089 3110 5126 eum
3142 5074 3468 5136 vendidistis,

1895 5183 1949 5231 et
1975 5181 2144 5227 morte
2171 5169 2520 5225 difficiliorem
2549 5169 2596 5222 ei
2628 5167 2933 5220 servitutem
2964 5165 3327 5232 excogitastis:
3353 5162 3471 5216 ideo

1897 5279 2038 5320 nunc
2082 5262 2306 5332 Sanguis
2348 5260 2456 5330 ejus
2490 5258 2782 5326 exquiritur.
2833 5253 3012 5321 Cogita
3061 5263 3310 5322 quantum
3346 5254 3410 5304 sit
3441 5269 3469 5305 a

1895 5355 2217 5414 conscientia
2247 5368 2339 5407 sua
2367 5351 2601 5406 accusari
2627 5390 2640 5411 ,
2669 5347 2963 5413 habereque
2994 5353 3250 5413 perpetuo
3275 5360 3468 5412 urgen-

1899 5460 2000 5504 tem
2026 5457 2080 5502 et
2105 5447 2418 5500 clamantem
2446 5448 2835 5498 accusatorem,
2865 5445 2917 5488 et
2945 5435 3118 5489 scelus
3143 5451 3440 5489 connncmo

1895 5549 2120 5595 tantem.
2151 5537 2240 5591 εδ.
2272 5535 2336 5587 Et
2357 5541 2462 5587 hac
2482 5531 2639 5583 audiit
2674 5529 2873 5598 quidem
2909 5527 3129 5595 Ioseph,
3168 5528 3266 5596 ipsi
3309 5537 3471 5580 autem

1897 5631 2240 5692 nesciverunt,
2290 5640 2348 5677 eo
2393 5622 2526 5690 quod
2575 5622 2844 5689 interprete
2898 5628 3118 5672 uteretur
3161 5635 3180 5672 :
3230 5617 3322 5672 sed
3366 5635 3470 5672 non

1898 5723 2032 5777 ultra
2058 5719 2198 5774 ferre
2226 5715 2423 5787 potuit,
2454 5713 2688 5768 fraterna
2717 5719 2899 5765 natura
2930 5718 2984 5764 et
3012 5709 3470 5764 cornitiiscratietie
