3964 6412
444 327 537 384 55)
1238 318 1294 373 S.
1335 316 1612 374 JOANNIS
1672 313 2140 372 CHRYSOSTOMI
2183 315 2500 374 ARCHIEP.
2540 318 3080 378 CONSTANTINOP.

439 441 616 512 ipsum
649 447 922 506 arguentc.
952 437 1039 490 ἓξ.
1075 435 1137 488 Et
1163 451 1381 496 aversus,
1413 433 1614 501 inquit,
1645 431 1705 484 ab
1753 431 1841 493 eis,
1867 430 2034 500 ﬂevit,

445 543 501 588 ut
527 548 636 588 non
668 539 1044 601 agnosceretur
1069 527 1136 581 ab
1167 527 1262 580 eis.
1298 525 1363 578 Et
1392 526 1571 578 iterum
1600 523 1807 578 accessit
1837 523 1903 575 ad
1931 539 2035 587 eos,

443 635 487 680 et
548 626 787 696 loquutus
830 632 901 676 est
948 622 1036 674 eis.
1086 619 1179 674 25.
1249 617 1315 670 Et
1357 617 1547 686 accepit
1608 617 1946 685 Symconem,
1994 623 2038 667 et

443 720 600 773 vinxit
631 735 743 772 sunt
774 732 942 770 coram
973 714 1063 768 eis.
1099 713 1226 766 Vide
1253 711 1521 778 quomodo
1547 711 1724 764 on'inia
1752 709 1908 763 f.:ciat
1935 723 2038 778 quo

443 813 665 866 incutiat
693 810 770 865 eis
799 818 1058 864 terrorem
1087 822 1100 870 ;
1127 815 1183 860 ut
1209 805 1450 860 videntes
1479 802 1689 858 vincula
1719 803 2000 874 Symconis
2020 844 2034 869 ,

445 903 649 957 indiciis
676 917 732 957 se
765 900 1073 970 proderent,
1107 914 1174 952 an
1203 897 1381 952 fratris
1412 898 1641 967 aliquam
1686 895 2036 951 commisera-

442 995 641 1050 tionem
673 993 950 1049 haberent.
1007 992 1130 1046 lla~c
1157 992 1296 1044 cnim
1327 991 1501 1043 omnia
1536 990 1660 1043 facit
1691 989 1920 1058 probans
1948 1002 2038 1042 e0-

441 1104 558 1142 rum
581 1098 838 1152 mentem,
863 1086 1064 1140 etscire
1091 1084 1296 1146 volens,
1319 1098 1444 1136 num
1468 1091 1520 1137 et
1547 1090 1732 1136 contra
1758 1081 2035 1150 Benjamin

443 1180 574 1234 tales
603 1178 797 1232 fuerint
821 1195 832 1229 :
856 1185 1133 1246 propterea
1165 1187 1216 1228 et
1239 1175 1559 1244 Symconem
1588 1188 1768 1227 coram
1799 1173 1876 1226 eis
1908 1173 2036 1225 vin-

436 1272 534 1328 ciri
559 1271 728 1340 jubet,
762 1278 818 1322 ut
845 1268 1126 1336 diligenter
1154 1281 1247 1320 eos
1271 1265 1478 1334 probet,
1502 1272 1554 1317 et
1578 1263 1705 1317 sciat
1729 1276 1852 1316 num
1878 1277 2034 1331 quam

441 1362 782 1417 dilectionem
813 1375 937 1429 erga
981 1359 1124 1411 illum
1165 1357 1441 1410 haberent.
1491 1353 1622 1408 Nam
1668 1351 2034 1407 misericordia

443 1457 494 1510 in
542 1456 692 1510 illum
739 1452 998 1517 faciebat,
1045 1460 1101 1505 ut
1148 1450 1304 1503 citius
1344 1447 1618 1517 Benjamin
1663 1446 2032 1500 adducerent:

440 1549 583 1622 quod
615 1549 725 1603 fieri
759 1547 1003 1607 volebat,
1036 1553 1093 1598 ut
1117 1543 1346 1599 adventu
1378 1543 1553 1596 fratris
1593 1556 1813 1596 securus
1839 1539 2033 1595 redde-

444 1653 606 1697 retur.
634 1641 696 1694 Et
723 1637 999 1699 mandarit,
1035 1638 1221 1707 inquit,
1252 1646 1305 1689 ut
1343 1635 1477 1690 sacci
1503 1651 1676 1688 eorum
1703 1634 2035 1704 implerentur

442 1737 712 1806 frumento,
734 1746 780 1788 et
803 1744 1127 1802 reponeretur
1156 1733 1367 1800 pecunia
1404 1733 1798 1801 uniuscujusque
1829 1729 1881 1783 in
1916 1745 2032 1783 sac-

437 1845 551 1882 cum
570 1844 736 1893 suum,
758 1839 803 1880 et
825 1827 1030 1879 daretur
1050 1825 1119 1878 eis
1147 1823 1382 1877 viaticum
1400 1823 1452 1876 in
1477 1823 1673 1876 itinere.
1701 1821 1792 1876 26.
1834 1819 2034 1875 Etcum

437 1919 790 1990 imposuissent
825 1917 982 1971 asinis
1015 1915 1140 1983 suis,
1172 1915 1421 1969 abierunt.
1467 1913 1600 1968 Vide
1622 1922 1815 1984 quanta
1838 1911 2034 1968 libera-

438 2009 587 2063 litate
607 2016 808 2074 utalur,
849 2007 977 2061 dum
1031 2007 1190 2061 etiam
1245 2006 1424 2060 invitis
1468 2005 1545 2058 eis
1589 2003 1872 2072 benefacit,
1925 2020 2031 2059 non

437 2100 761 2155 frumentum
811 2098 982 2154 solum
1033 2097 1185 2162 dans,
1239 2096 1333 2152 sed
1383 2096 1544 2151 etiam
1595 2097 1894 2166 pecuniam,
1939 2096 2029 2150 27.

439 2190 566 2244 Cum
606 2201 781 2244 autem
832 2205 962 2242 unus
1010 2204 1072 2242 ea:
1122 2189 1191 2242 eis
1232 2187 1508 2256 aperuisset
1537 2203 1760 2252 saccum,
1812 2196 1868 2240 ut
1889 2186 2034 2240 daret

437 2279 680 2352 pabulum
724 2280 901 2344 asinis,
941 2279 1032 2334 28.
1062 2279 1184 2332 vidit
1227 2278 1513 2348 pecuniam,
1553 2287 1600 2331 et
1631 2278 1758 2331 dixit
1791 2277 2033 2348 fratribus

437 2375 563 2427 suis.
599 2372 820 2444 Propter
845 2371 940 2426 hoc
971 2372 1238 2425 attonitum
1269 2380 1342 2425 est
1385 2387 1472 2423 cor
1516 2386 1708 2434 eorum,
1757 2379 1801 2424 et
1847 2369 2034 2424 turbati

435 2473 556 2518 sunt
580 2475 755 2517 mutuo
789 2464 1009 2517 dicentes
1030 2477 1049 2516 :
1077 2461 1179 2516 Cur
1201 2462 1294 2515 hoc
1335 2461 1447 2530 fecit
1473 2462 1616 2516 nobis
1639 2461 1813 2516 Deus?
1833 2460 2031 2518 lterum

436 2557 604 2626 magis
630 2556 776 2610 anin
811 2555 928 2610 facti
953 2563 1098 2622 sunt,
1122 2554 1454 2623 suspicantes
1477 2569 1545 2607 ne
1570 2562 1622 2608 et
1652 2553 1751 2606 hoc
1776 2566 2033 2622 augmen-

437 2658 545 2702 tum
574 2648 651 2703 eis
678 2657 821 2702 esset
841 2646 1292 2707 critninationum,
1317 2654 1416 2699 eta
1433 2645 1757 2699 conscientia
1775 2644 2028 2708 accusati,

434 2737 613 2792 omnia
645 2737 946 2792 tribuebant
977 2744 1197 2806 peccato
1223 2735 1362 2806 quod
1383 2737 1432 2789 in
1455 2735 1654 2804 Joseph
1681 2734 2027 2791 admiserant.

435 2830 570 2883 Cum
601 2829 871 2883 venissent
897 2839 1072 2882 autem
1113 2825 1178 2880 ad
1210 2839 1436 2896 patrem,
1466 2835 1521 2880 ct
1552 2827 1730 2881 omnia
1768 2825 1817 2882 ei
1863 2826 2032 2881 mani-

438 2923 570 2977 feste
611 2920 997 2988 dcclarassent,
1049 2927 1400 2973 narraverunt
1429 2918 1848 2989 indignationem
1885 2919 2032 2990 prin—

434 3013 565 3082 cipis
589 3011 807 3085 Egypti
832 3053 847 3076 ,
879 3027 1036 3082 quam
1065 3009 1270 3080 experti
1292 3019 1416 3064 sunt
1447 3028 1459 3062 :
1487 3020 1540 3065 et
1583 3026 1667 3080 qu'
1691 3010 1724 3065 d
1767 3011 2033 3080 posuisset

433 3117 525 3158 eos
573 3105 627 3157 in
677 3102 959 3171 custodia,
1016 3102 1166 3173 quasi
1205 3103 1595 3170 exploratores.
1650 3103 1740 3158 5i.
1792 3102 2030 3159 Diximus

432 3206 600 3252 autem
623 3197 688 3263 ei,
721 3196 984 3266 inquiunt,
1042 3195 1179 3266 quod
1214 3195 1416 3266 pacifici
1463 3197 1640 3262 simus,
1673 3197 1765 3253 52.
1803 3207 1850 3252 et
1891 3197 2030 3269 quod

431 3289 695 3342 duodecim
717 3289 874 3343 simus
900 3290 1105 3360 fratres,
1139 3298 1185 3342 et
1213 3288 1348 3358 quod
1387 3305 1636 3344 unusnon
1672 3290 1907 3361 supersit,
1933 3291 2030 3345 mi-

431 3381 598 3434 nimus
641 3389 809 3434 autent
862 3381 927 3435 sit
981 3397 1096 3434 cum
1133 3391 1276 3452 patre
1313 3391 1500 3436 nostro.
1544 3383 1632 3437 55.
1683 3381 1827 3436 Dixit
1860 3392 2029 3437 autem

430 3473 571 3528 nobis
604 3472 714 3528 ειη
739 3475 834 3527 hoc
859 3472 1180 3526 deelarabitis
1209 3473 1344 3544 quod
1369 3474 1571 3544 paciﬁci
1611 3474 1742 3542 sitis,
1785 3475 1829 3528 si
1870 3477 2029 3547 fratre

430 3583 532 3620 uno
553 3566 634 3618 hic
653 3565 850 3632 relicto,
873 3565 959 3618 54.
994 3563 1255 3619 adducetis
1275 3569 1485 3635 fratrem
1504 3577 1723 3620 vestrum
1759 3568 2024 3636 minorem,

430 3668 486 3712 ut
511 3657 670 3712 sciam
713 3655 846 3722 quod
873 3672 972 3709 non
993 3654 1103 3708 sitis
1129 3655 1488 3725 exploratores.
1525 3655 1649 3710 llaec
1689 3656 1879 3712 iterum
1928 3672 2026 3712 ex-

430 3756 813 3819 asperaveruut
831 3747 956 3818 justi
980 3746 1304 3802 maestitiam.
1329 3747 1450 3801 Post
1475 3747 1830 3803 narrationem
1849 3761 2027 3806 autem

431 3842 570 3896 hanc
597 3841 821 3902 tristem,
864 3855 984 3894 eum
1013 3848 1360 3896 evacuassent
1403 3855 1589 3896 omnes
1639 3855 1824 3897 saccos
1862 3857 2022 3909 suos,

431 3935 634 3988 invenit
671 3933 1034 4003 unusquisque
1087 3932 1367 4002 pecuniam
1418 3947 1592 3999 suam,
1633 3941 1686 3988 et
1733 3937 2027 3991 timuerunt

431 4027 532 4096 ipsi
563 4035 617 4080 et
644 4033 791 4095 pater
817 4041 1027 4081 eorum.
1060 4025 1127 4079 Et
1155 4025 1293 4091 vide,
1326 4041 1442 4094 oro,
1486 4026 1675 4081 iterum
1713 4025 1798 4082 hic
1839 4043 2022 4084 senem

433 4119 750 4188 plorantem.
786 4117 851 4171 Et
891 4119 1142 4187 quidnam
1168 4119 1436 4174 dicitcis?
1485 4121 1573 4175 '56.
1629 4120 1716 4175 Me
1759 4121 1943 4192 absque
1971 4124 2024 4177 li-

435 4211 566 4266 beris
614 4227 721 4264 esse
757 4211 943 4280 fecistis
969 4229 987 4264 :
1013 4209 1207 4278 Joseplt
1251 4229 1349 4264 non
1382 4221 1474 4277 est,
1508 4212 1733 4282 Symeon
1781 4230 1881 4267 non
1916 4225 2021 4282 est,

427 4312 476 4357 et
502 4304 634 4357 hunc
654 4301 922 4374 Benjamin
953 4303 1250 4372 accipietis?
1284 4302 1455 4373 Super
1491 4321 1568 4358 me
1606 4309 1744 4376 facta
1779 4315 1892 4359 sunt
1920 4308 2028 4362 hau:

432 4396 624 4450 omnia.
646 4393 762 4448 Non
789 4393 1085 4449 sufficiebat
1110 4393 1258 4459 mihi,
1281 4395 1470 4464 inquit,
1491 4397 1662 4450 luctus
1683 4395 1901 4466 Joseph,
1928 4398 2024 4452 sed

433 4485 702 4555 adjeeistis
741 4486 788 4540 ei
821 4494 874 4539 et
920 4484 1242 4556 Symconem
1274 4502 1288 4538 :
1315 4495 1368 4540 et
1423 4501 1594 4556 neque
1649 4486 1733 4542 hic
1778 4487 2021 4543 dolorum

434 4594 673 4633 ineorum
707 4577 827 4632 finis
853 4586 956 4644 est,
1003 4577 1097 4632 sed
1137 4586 1192 4633 et
1228 4578 1504 4648 Benjamin
1552 4579 1796 4649 accipere
1840 4580 2020 4636 vultis.

434 4671 602 4739 Super
625 4684 704 4722 me
731 4671 864 4738 facta
889 4678 1004 4724 sunt
1027 4669 1134 4723 lucc
1164 4671 1354 4722 omnia.
1386 4667 1670 4724 Sufficiunt
1700 4671 1813 4726 lucc
1837 4672 2020 4740 verba,

433 4772 490 4816 ιιι
534 4762 776 4816 videatur
827 4777 985 4830 quam
1038 4762 1276 4831 disrupta
1326 4763 1524 4817 fuerint
1577 4763 1744 4832 patris
1795 4764 2021 4820 viscera.

434 4854 892 4923 Quemadmodum
952 4856 1091 4910 enim
1157 4856 1254 4923 ipsi
1299 4856 1474 4910 omnis
1533 4871 1657 4927 spes
1705 4857 1774 4913 de
1823 4858 2022 4929 Joseph

431 4948 679 5018 adempta
697 4955 813 5001 erat
840 4946 1078 5017 (putabat
1101 4948 1240 5001 enim
1263 4964 1384 5002 eum
1401 4965 1428 5001 a
1449 4949 1634 5006 bestiis
1649 4950 1984 5025 devoratum)
2005 4970 2019 5019 ;

435 5042 499 5096 ita
551 5049 605 5096 et
658 5055 831 5110 neque
883 5039 951 5093 de
1005 5041 1272 5110 Symcone
1319 5055 1468 5110 spem
1499 5043 1597 5096 sibi
1629 5043 2018 5111 pollicebatur:

433 5149 569 5189 nunc
591 5148 802 5204 quoque
829 5132 969 5186 idem
1006 5131 1074 5186 de
1120 5130 1393 5200 Benjamin
1425 5133 1690 5188 formidat.
1741 5135 2024 5190 Verumta-

428 5242 552 5282 .nten
598 5225 962 5281 reluctabatur
989 5224 1185 5291 adhuc,
1216 5233 1270 5278 et
1323 5240 1426 5278 non
1457 5225 1615 5279 dabat
1665 5243 1904 5296 puerum.
1931 5229 2020 5284 57.

430 5318 574 5372 Dixit
595 5328 763 5373 autem
813 5319 856 5372 ei
905 5317 1080 5371 Ruben
1133 5318 1494 5387 primogenitus
1519 5318 1838 5387 ejus:Duos
1888 5321 2024 5388 ﬁlios

434 5427 566 5464 meos
590 5411 777 5476 occide,
809 5411 853 5464 si
881 5427 981 5465 non
1023 5411 1262 5464 reducam
1308 5427 1420 5463 eum
1463 5411 1531 5464 ad
1574 5421 1637 5466 te.
1687 5411 1769 5465 Da
1817 5429 1932 5466 eum
1969 5415 2022 5467 in

432 5517 636 5554 manum
667 5517 849 5566 meam,
881 5512 928 5556 et
952 5518 1044 5571 ego
1063 5503 1301 5556 reducam
1327 5519 1438 5556 eum
1466 5502 1534 5556 ad
1562 5514 1625 5556 te.
1655 5503 1800 5565 Mihi,
1831 5504 2020 5575 inquit,

432 5605 552 5644 cum
578 5593 758 5657 crede,
794 5592 921 5646 mihi
946 5593 1117 5658 trade,
1146 5604 1199 5648 et
1221 5609 1320 5663 ego
1350 5595 1444 5648 tibi
1485 5611 1606 5650 eum
1639 5596 1910 5653 reducam.

504 5685 556 5738 Ι.
599 5685 711 5741 lloc
734 5696 912 5741 autem
945 5685 1168 5741 faciebat
1213 5686 1423 5751 Ruben,
1474 5689 1713 5758 cogitans
1754 5704 1862 5746 non
1902 5706 2023 5748 esse

440 5775 731 5842 ιιυςδὶὶιὶιρ,
782 5778 881 5830 nisi
931 5794 1058 5846 puer
1110 5779 1264 5832 simul
1311 5779 1695 5848 descenderet,
1751 5782 1892 5850 ipsos
1952 5785 2019 5839 ad

3635 326 3740 385 552

2151 430 2438 502 d'gyptum
2484 434 2700 499 redire,
2746 445 2800 490 et
2844 451 2964 506 qua:
2991 435 3059 491 ad
3107 435 3360 492 alimenta
3403 437 3737 507 pertinebant

2145 540 2344 580 exuere.
2379 525 2496 582 Non
2521 528 2664 583 cedit
2690 537 2866 584 tamen
2895 540 3063 600 pater,
3095 531 3188 586 sed
3212 531 3378 587 dicit:
3412 531 3503 588 58.
3536 531 3740 602 Nequa-

2144 635 2295 686 quam
2336 619 2599 674 descendet
2629 621 2768 689 ﬁlius
2797 639 2936 677 meus
2966 624 3241 678 vobiscum.
3288 624 3491 680 Deinde
3527 635 3582 680 et
3621 641 3742 680 eau-

2143 724 2256 763 sam
2287 709 2434 776 dicit,
2472 713 2623 782 quasi
2665 715 2924 768 rationem
2973 715 3205 770 reddens
3230 714 3391 770 ﬁliis:
3430 716 3562 782 Quia
3589 719 3744 789 frater

2144 801 2252 869 ejus
2283 813 2511 856 mortuus
2535 812 2625 867 est,
2662 814 2707 857 et
2736 805 2842 875 ipse
2863 805 3003 859 solus
3030 815 3100 860 est
3120 807 3345 861 relictus.
3377 806 3446 860 Et
3469 809 3740 878 continget,

2143 909 2255 944 eum
2281 903 2452 964 utpote
2487 895 2634 948 valde
2649 897 2889 966 juvenem
2919 897 2969 950 in
3002 897 3181 952 itinere
3210 897 3472 969 languere,
3512 909 3562 953 et
3587 899 3744 951 dedu-

2143 990 2262 1040 cetis
2289 998 2587 1042 senectutem
2614 1006 2774 1042 meam
2797 1006 2910 1042 cum
2939 991 3145 1044 tristitia
3171 991 3239 1044 ad
3284 992 3495 1061 inferos.
3530 991 3742 1057 Timeo,

2144 1078 2332 1147 inquit,
2367 1080 2506 1132 a-tati
2534 1078 2889 1135 adulescentis
2913 1123 2926 1146 ,
2971 1090 3024 1134 ct
3068 1083 3312 1150 suspicor
3343 1098 3409 1136 ne
3452 1083 3614 1137 etiam
3646 1082 3743 1137 hac

2141 1169 2508 1224 consolatione
2527 1170 2785 1239 privatus,
2803 1186 2922 1225 eum
2942 1171 3124 1226 dolore
3144 1171 3302 1224 vitam
3326 1172 3522 1226 finiam.
3548 1173 3744 1239 Quant-

2143 1261 2232 1315 diu
2265 1263 2404 1314 enim
2435 1262 2524 1316 ille
2553 1277 2764 1316 mecum
2793 1273 2896 1330 est,
2920 1262 3104 1317 videor
3125 1262 3254 1316 mihi
3287 1264 3485 1319 habere
3510 1264 3743 1333 aliquam

2142 1355 2590 1420 consolationem,
2625 1365 2676 1409 et
2701 1355 2857 1424 hujus
2878 1356 3213 1411 consuetudo
3244 1355 3434 1410 minuit
3479 1356 3611 1410 mihi
3650 1355 3743 1410 do-

2143 1446 2331 1510 lorem,
2363 1461 2519 1516 quem
2551 1461 2617 1500 es
2650 1447 2812 1502 fratre
2843 1447 2959 1516 ejus
2986 1447 3231 1516 concepi.
3261 1447 3326 1502 Et
3352 1462 3506 1501 amor
3523 1447 3742 1518 quidem

2140 1540 2258 1606 ejus
2277 1554 2401 1607 erga
2425 1537 2793 1606 Benjaminum
2814 1551 2918 1591 non
2945 1537 3275 1592 concedebat
3306 1547 3363 1592 ut
3390 1538 3537 1592 illum
3560 1539 3742 1592 dimito

2141 1639 2312 1695 teret;
2347 1631 2397 1684 1.
2439 1627 2720 1684 Violentior
2759 1640 2926 1684 autent
2958 1631 3108 1698 ﬁebat
3142 1631 3331 1700 fames,
3363 1640 3410 1686 et
3441 1631 3741 1700 deﬁciebant

2139 1723 2210 1777 eis
2235 1723 2350 1775 cibi.
2392 1720 2446 1774 2.
2480 1719 2546 1776 Et
2563 1722 2689 1775 dicit
2720 1722 2788 1776 eis
2808 1731 2950 1790 pater
2981 1737 3000 1776 :
3037 1721 3184 1776 Abite
3209 1723 3412 1790 iterum,
3441 1721 3626 1789 afferte
3650 1740 3742 1777 no-

2138 1813 2214 1867 bis
2247 1829 2410 1884 pauca
2441 1813 2632 1867 edulia.
2675 1813 2728 1868 5.
2779 1812 2922 1868 Dixit
2965 1825 3134 1869 autem
3161 1814 3207 1868 ei
3233 1812 3402 1869 ludas
3430 1831 3451 1869 :
3481 1813 3742 1870 Testando

2137 1915 2400 1959 attestatus
2428 1915 2502 1960 est
2521 1905 2664 1959 nobis
2693 1905 2866 1970 homo,
2912 1906 3086 1960 dicens
3105 1922 3124 1961 :
3157 1904 3278 1960 Non
3310 1907 3539 1961 uidebitis
3561 1910 3744 1980 faciem

2138 2012 2320 2061 meam,
2343 1997 2438 2050 nisi
2460 1996 2624 2066 frater
2639 2005 2798 2051 vester
2808 1997 2990 2066 junior
3003 1997 3258 2052 vobiscum
3281 1999 3459 2069 fuerit.
3478 2000 3532 2054 4.
3563 1999 3745 2071 Itaque

2137 2087 2182 2142 si
2205 2088 2361 2142 mittis
2401 2087 2661 2142 uobiscum
2712 2088 2926 2155 fratrem
2955 2099 3207 2154 nostrum,
3249 2088 3648 2155 descendemus,
3698 2101 3744 2144 et

2137 2193 2356 2233 emeatus
2383 2179 2473 2232 tibi
2496 2180 2786 2250 frumenta:
2816 2179 2869 2233 5.
2899 2179 2978 2232 sin
3007 2180 3195 2245 minus,
3242 2196 3342 2234 non
3360 2179 3565 2234 ibimus.
3601 2179 3740 2235 Nam

2138 2269 2288 2322 homo
2319 2269 2408 2323 ille
2433 2269 2564 2324 dixit
2586 2269 2730 2324 nobis
2760 2285 2779 2324 :
2810 2268 2931 2324 Non
2960 2271 3188 2324 videbitis
3212 2272 3396 2343 facient
3427 2289 3616 2340 meam,
3647 2275 3742 2328 nisi

2137 2367 2296 2436 frater
2325 2375 2485 2420 vester
2514 2366 2699 2437 junior
2738 2367 2891 2439 fuerit
2921 2367 3178 2422 vobiscum
3237 2367 3441 2440 (Caput
3487 2366 3616 2439 45).
3669 2367 3742 2424 Ne

2139 2468 2311 2526 putes,
2350 2457 2542 2527 inquit,
2571 2457 2688 2513 sine
2723 2457 2884 2512 fratre
2915 2473 3013 2512 nos
3047 2473 3204 2529 posse
3239 2457 3572 2514 descendere
3596 2460 3736 2514 illuc.

2135 2549 2188 2602 Si
2229 2549 2372 2603 enim
2387 2550 2466 2604 vis
2491 2561 2732 2606 nostrum
2766 2550 3082 2606 descensum
3110 2551 3342 2620 irritntn,
3360 2560 3532 2607 etnos
3553 2566 3742 2608 omnes

2137 2640 2388 2709 periculis
2415 2640 2651 2708 involvi,
2689 2642 2828 2696 viam
2861 2653 3099 2697 nostram
3131 2643 3410 2698 abeamus.
3452 2642 3610 2699 Scias
3651 2659 3742 2698 au-

2140 2739 2248 2784 tem
2279 2731 2426 2786 illum
2458 2742 2808 2802 protestatum
2847 2732 3045 2801 fuisse,
3086 2749 3185 2790 nos
3230 2750 3336 2790 non
3380 2736 3594 2791 visuros
3624 2750 3740 2792 esse

2137 2820 2323 2876 faciem
2369 2822 2522 2894 ejus,
2556 2824 2658 2878 nisi
2699 2823 2862 2879 frater
2901 2825 3082 2894 junior
3122 2826 3396 2881 nobiscum
3441 2826 3734 2882 advenerit.

2136 2914 2408 2985 Augustin:
2441 2915 2673 2986 undique
2701 2927 2856 2971 erant
2880 2917 3079 2986 Jacob;
3111 2917 3230 2973 ideo
3261 2919 3481 2987 plorans
3512 2918 3646 2974 dicit
3675 2919 3737 2975 ad

2135 3021 2265 3061 eos:
2295 3006 2348 3062 6.
2379 3007 2549 3073 Quare
2569 3008 2816 3079 aﬂiixistis
2843 3026 2922 3063 me
2943 3051 2957 3074 ,
2991 3011 3348 3064 annuntiantes
3378 3011 3487 3066 viro
3519 3012 3660 3083 quod
3677 3014 3738 3067 sit

2133 3100 2270 3154 vobis
2313 3101 2512 3172 frater?
2556 3100 2659 3156 Cur
2719 3118 2800 3156 me
2835 3103 3122 3173 aﬂlixistis?
3167 3102 3346 3170 Quare
3383 3103 3516 3159 mihi
3551 3105 3736 3160 horum

2135 3194 2395 3248 malorum
2423 3203 2672 3250 auctores
2695 3195 2814 3249 facti
2842 3195 3014 3251 estis?
3041 3195 3173 3250 Nam
3204 3197 3248 3251 si
3278 3196 3380 3252 hoc
3407 3197 3508 3267 ipsi
3535 3213 3641 3253 non
3671 3199 3738 3253 si-

2132 3287 2489 3358 gnificassctis
2510 3328 2525 3354 ,
2571 3303 2904 3360 nequaquam
2947 3289 3216 3360 Symcone
3250 3291 3490 3360 privatus
3523 3306 3731 3357 essem,

2135 3395 2236 3434 nec
2267 3380 2414 3434 illum
2439 3395 2466 3434 a
2498 3382 2650 3436 vobis
2676 3382 3061 3453 rcquisivisset.
3086 3383 3137 3436 7.
3166 3381 3254 3436 Illi
3274 3394 3446 3437 autem
3466 3385 3735 3438 dixerunt:

2135 3468 2472 3542 Intermgnvit
2516 3490 2606 3527 nos
2637 3475 2808 3541 homo,
2839 3491 2959 3527 nunt
3000 3475 3170 3529 adhuc
3202 3485 3345 3546 pater
3374 3485 3550 3530 noster
3574 3479 3733 3546 vivat,

2133 3571 2180 3616 et
2211 3579 2331 3614 num
2357 3563 2421 3615 sit
2445 3563 2586 3617 nobis
2610 3563 2790 3633 frater,
2825 3574 2871 3618 et
2896 3565 3306 3618 annuntiavimus
3327 3566 3393 3618 ei.
3434 3565 3585 3620 Num
3611 3568 3738 3622 scie-

2135 3651 2311 3705 bamus
2357 3653 2494 3722 quod
2533 3653 2760 3708 dicturus
2809 3664 2936 3709 esset
2985 3656 3163 3723 nobis,
3211 3656 3465 3711 Adducite
3526 3660 3735 3730 fratrem

2132 3745 2391 3800 vestrum?
2418 3745 2495 3802 Ne
2522 3755 2697 3816 putes,
2731 3747 2919 3818 inquit,
2955 3757 3148 3819 sponte
3173 3764 3270 3804 nos
3304 3749 3591 3806 confessos
3620 3767 3736 3808 esse

2130 3840 2267 3905 viro,
2303 3849 2362 3895 ut
2387 3856 2445 3896 se
2484 3840 2718 3897 habeant
2753 3857 2840 3898 res
2867 3854 3084 3902 nostra.
3118 3844 3380 3912 Quoniam
3407 3849 3556 3901 enim
3587 3847 3735 3918 quasi

2131 3933 2500 4002 exploratores
2523 3934 2572 3988 in
2599 3935 2956 4005 suspicionem
2984 3952 3105 3992 eum
3134 3939 3492 4006 venissemus,
3524 3955 3627 3994 nos
3647 3939 3737 3994 de-

2132 4026 2311 4092 tinuit,
2336 4026 2682 4098 interrogavit
2707 4039 2883 4085 autem
2912 4031 3196 4101 diligenter
3211 4030 3279 4086 de
3305 4033 3470 4087 rebus
3497 4033 3732 4088 nostris:

2130 4119 2372 4174 volentes
2413 4134 2535 4174 eum
2585 4136 2708 4176 vere
2761 4123 2936 4177 omnia
2991 4123 3222 4190 docere,
3281 4124 3403 4178 talia
3457 4124 3732 4180 diximus:

2131 4209 2181 4264 8.
2220 4209 2364 4264 Dixit
2394 4221 2560 4264 autem
2587 4228 2764 4266 rursus
2792 4212 2959 4267 ludas
3001 4214 3071 4267 ad
3117 4225 3310 4286 patrem
3356 4232 3507 4270 suum
3539 4232 3559 4269 :
3590 4215 3737 4269 Mitte

2132 4318 2344 4370 puerum
2375 4318 2590 4368 mecum,
2613 4313 2658 4356 et
2676 4315 2937 4375 surgentes
2965 4305 3168 4374 ibimus,
3196 4315 3250 4360 ut
3275 4307 3524 4375 vivamus,
3555 4317 3606 4361 et
3637 4323 3734 4360 non

2130 4392 2426 4446 moriamur.
2473 4392 2623 4458 Meas,
2654 4394 2842 4464 inquit,
2868 4395 2986 4451 fidei
3019 4398 3164 4451 illum
3195 4398 3424 4465 credito,
3459 4407 3520 4452 ιιι
3547 4399 3734 4453 accin-

2129 4495 2314 4551 gamus
2345 4498 2442 4538 nos
2470 4484 2666 4540 itineri.
2707 4487 3050 4556 Consumptis
3075 4490 3215 4544 enim
3247 4490 3380 4545 cibis
3406 4491 3556 4546 nulla
3582 4491 3736 4546 nobis

2130 4575 2316 4630 salutis
2345 4592 2470 4647 spes
2499 4578 2622 4646 erit,
2645 4594 2818 4649 neque
2843 4581 3056 4636 aliunde
3087 4583 3293 4638 consuli
3329 4584 3486 4640 nobis
3513 4584 3734 4655 poterit.

2129 4666 2183 4722 9.
2212 4667 2320 4738 Ego
2347 4671 2540 4740 accipio
2566 4687 2680 4725 eum
2699 4689 2731 4724 a
2753 4682 2840 4736 te;
2871 4674 2969 4726 nisi
2990 4675 3242 4729 reduxero
3264 4692 3404 4742 eum,
3436 4688 3485 4730 et
3507 4689 3738 4737 statuero

2129 4775 2298 4812 coram
2329 4771 2395 4826 te,
2425 4777 2511 4816 ero
2552 4763 2638 4817 ille
2680 4765 2768 4834 qui
2800 4766 3002 4832 peccavi
3035 4767 3122 4820 tibi
3143 4768 3376 4822 omnibus
3405 4770 3604 4825 diebus.
3649 4773 3733 4828 10.

2134 4848 2251 4904 Nisi
2280 4853 2412 4906 enint
2441 4853 2636 4907 tamdiu
2678 4856 2858 4909 morati
2889 4857 3188 4925 fuissemus,
3224 4859 3341 4929 jam
3381 4865 3610 4918 secundo
3658 4881 3738 4917 rc-

2131 4945 2466 5001 vertissemus.
2509 4946 2918 5004 Commiseratio
2943 4965 3102 5020 quam
3139 4953 3361 5008 exhibes
3392 4968 3564 5024 puero
3587 4997 3604 5022 ,
3655 4958 3737 5011 in-

2130 5034 2262 5104 quit,
2295 5036 2446 5091 uobis
2473 5038 2718 5094 omnibus
2747 5039 2852 5094 erit
2876 5055 3034 5095 causa
3058 5042 3326 5100 interitus.
3371 5043 3537 5101 Fame
3586 5049 3733 5102 enim

2131 5129 2424 5199 peribimus
2449 5173 2463 5196 ,
2495 5131 2596 5185 nisi
2635 5147 2757 5186 eum
2803 5134 3082 5190 nobiseum
3109 5136 3237 5191 velit
3261 5137 3555 5194 dimittere.
3599 5141 3734 5197 Vide

2133 5221 2344 5277 tandem
2376 5222 2480 5288 hic,
2513 5223 2729 5288 dilecte,
2757 5226 3027 5294 quomodo
3055 5226 3209 5283 famis
3239 5230 3535 5285 necessitas
3565 5233 3732 5302 patris

2130 5328 2369 5368 amorem
2397 5315 2606 5370 vicerit.
2639 5315 2836 5371 Videas
2856 5318 2999 5372 enim
3032 5334 3136 5372 non
3176 5319 3390 5376 aliunde
3416 5321 3618 5378 famem
3649 5338 3740 5378 sco

2131 5404 2243 5458 dari
2279 5421 2454 5473 ιιι-δερ,
2483 5421 2704 5477 eamque
2732 5407 2784 5461 in
2808 5407 2924 5463 dies
2954 5410 3123 5479 magis
3166 5426 3228 5464 ac
3258 5413 3428 5483 magis
3453 5413 3731 5470 incresce-

2131 5512 2189 5550 re
2225 5516 2236 5551 :
2274 5497 2330 5551 Si
2370 5499 2437 5552 ita
2469 5507 2587 5566 est,
2633 5501 2800 5570 inquit
2828 5542 2842 5566 ,
2876 5511 2928 5556 et
2955 5512 3166 5572 oportet
3196 5504 3297 5558 hoc
3325 5506 3548 5561 omnino
3576 5509 3691 5562 fieri
3711 5547 3728 5574 ,

2124 5589 2358 5654 potestis
2386 5590 2736 5657 descendere,
2762 5592 2860 5645 nisi
2889 5592 3029 5648 hunc
3051 5597 3391 5665 acceperitis,
3437 5597 3648 5653 debetis
3676 5608 3730 5654 et

2131 5676 2268 5731 dona
2295 5678 2485 5735 afferre
2511 5681 2647 5747 viro,
2667 5691 2721 5737 et
2745 5682 2944 5738 referre
2967 5686 3266 5752 pecuniam,
3299 5704 3456 5756 quam
3479 5690 3534 5742 in
3555 5691 3726 5744 saccis

2134 5768 2324 5824 vestris
2350 5769 2650 5826 invenistis.
2691 5773 2930 5843 Accipite
2956 5783 3133 5830 autem
3165 5785 3218 5832 et
3245 5777 3719 5849 pecuniamaliam,
