3964 6430
194 419 304 477 553

191 545 253 590 ut
279 544 460 589 emere
510 530 725 602 possitis
754 532 1037 583 frumenta.
1088 527 1176 581 15.
1212 524 1276 579 Et
1324 529 1534 593 fratrem
1575 533 1790 576 vestrum

197 626 438 697 accipite.
496 624 703 695 Surgite
742 623 896 692 igitur
923 662 938 688 ,
992 629 1038 675 et
1083 618 1367 674 descendite
1413 616 1482 669 ad
1511 613 1789 667 hominem.

192 720 282 773 14.
321 718 462 772 Deus
492 727 671 770 autem
700 731 838 768 meus
876 714 956 767 det
987 712 1120 766 vobis
1149 710 1362 782 gratiam
1390 725 1560 763 coram
1595 708 1795 761 homine

186 812 305 873 illo,
337 818 384 863 et
414 810 584 862 mittat
606 812 813 878 fratrem
843 814 1058 859 vestrum
1083 820 1240 857 unum
1268 812 1314 855 et
1341 800 1632 872 Benjamin.
1682 799 1792 868 Eyo

188 912 369 955 autem
398 899 827 970 quemadmodum
850 896 1017 950 liberis
1047 894 1252 949 orbatus
1281 893 1375 965 fui,
1402 892 1568 945 liberis
1589 890 1792 945 orbatus

185 1011 327 1048 sum.
373 992 509 1048 Vide
534 991 802 1062 quomodo
845 988 1093 1044 eximiam
1136 1002 1286 1041 suam
1318 984 1655 1039 dilectionem
1692 981 1790 1037 de-

186 1088 385 1151 clarat,
415 1101 574 1155 quam
604 1100 730 1154 erga
760 1081 958 1151 Ioseph
1010 1081 1211 1135 habuit.
1246 1078 1323 1133 Ne
1352 1077 1471 1148 quis
1505 1078 1647 1131 enim
1679 1074 1791 1129 exi-

184 1178 377 1233 stimet
425 1177 493 1231 de
540 1176 808 1247 Symeone
832 1216 846 1239 ,
875 1174 959 1228 vel
988 1173 1059 1227 de
1098 1170 1374 1241 Benjamin
1424 1167 1525 1221 hoc
1554 1181 1675 1221 esse
1711 1165 1792 1219 di—

184 1280 359 1333 ctum,
393 1268 506 1339 Ego
536 1268 664 1321 sicut
693 1267 816 1335 ﬁliis
856 1267 1063 1319 orbatus
1114 1261 1187 1331 fui
1214 1303 1227 1326 ,
1258 1260 1381 1330 ﬁliis
1409 1260 1615 1313 orbatus
1654 1271 1786 1321 sum,

186 1360 399 1415 idcirco
427 1358 682 1428 prmmisit
712 1376 724 1411 :
770 1356 907 1410 Deus
931 1365 1098 1408 autent
1124 1369 1263 1407 meus
1286 1353 1366 1406 det
1386 1351 1519 1405 vobis
1548 1349 1785 1421 gratiam,

183 1464 232 1507 et
256 1455 425 1507 mittat
447 1453 659 1523 fratrem
679 1460 897 1504 vestrum
925 1449 1069 1502 illum
1095 1463 1252 1500 unum
1277 1456 1320 1499 et
1342 1443 1631 1514 Benjamin.
1654 1441 1785 1495 Nam

185 1548 317 1601 licet
360 1546 456 1612 illi,
507 1545 706 1615 inquit,
761 1543 891 1598 salvi
934 1541 1148 1607 fuerint,
1172 1539 1266 1594 sed
1301 1536 1413 1608 Ego
1450 1536 1595 1605 quasi
1622 1534 1789 1588 liberis

183 1655 415 1703 caream,
450 1637 605 1691 orbus
633 1652 765 1690 sum.
796 1634 981 1704 Cogita
1011 1632 1120 1699 hic,
1151 1628 1424 1701 quomodo
1457 1636 1596 1683 totus
1617 1625 1787 1678 amori

182 1732 389 1802 Ioseph
411 1730 625 1785 deditus
652 1729 741 1784 sit.
776 1727 975 1783 Videas
1000 1727 1142 1782 enim
1176 1733 1379 1780 tantum
1404 1722 1624 1777 chorum
1657 1720 1786 1775 libe-

181 1837 371 1876 rorum
398 1835 459 1876 se.
486 1820 944 1885 circumstantem,
965 1817 1165 1887 absque
1192 1815 1318 1870 ﬁliis
1339 1830 1398 1869 se
1425 1828 1542 1868 esse
1560 1811 1783 1882 putavit,

181 1914 310 1984 quia
338 1913 431 1968 illo
466 1913 703 1982 privatus
726 1919 860 1966 erat.
912 1910 999 1965 15.
1034 1910 1345 1978 Acceperunt
1376 1914 1564 1971 autem,
1594 1902 1783 1973 inquit,

181 2007 280 2060 viri
324 2006 482 2071 dona,
517 2015 563 2059 et
592 2004 859 2075 pecuniam
886 2001 1162 2073 duplicem,
1191 2009 1237 2055 et
1265 1998 1537 2068 Benjamin
1557 2036 1572 2063 ,
1621 2006 1666 2050 et
1694 1996 1785 2049 de-

180 2098 489 2153 scenderunt
518 2098 569 2151 in
601 2095 892 2166 {Egyptum
923 2135 937 2161 ,
985 2102 1031 2147 et
1073 2100 1315 2147 steterunt
1359 2104 1530 2143 coram
1569 2086 1784 2155 Ioseph.

182 2190 274 2246 16.
308 2189 447 2244 Vidit
466 2200 637 2243 autem
661 2206 747 2243 eos
774 2188 989 2258 Ioseph,
1014 2197 1058 2239 et
1086 2184 1358 2256 Benjamin
1381 2187 1592 2256 fratrem
1613 2198 1782 2235 suum.

178 2281 339 2348 Quod
377 2281 736 2345 desiderabat,
774 2278 906 2334 vidit
939 2288 1043 2332 tam
1068 2285 1306 2346 Optatum
1335 2274 1456 2329 sibi.
1487 2272 1630 2327 Vidit
1656 2272 1787 2326 satis

180 2390 305 2429 csse
338 2374 536 2428 factum
568 2388 666 2427 suo
694 2370 981 2426 desiderio.
1015 2369 1079 2422 Et
1128 2369 1288 2434 dixit,
1323 2366 1512 2436 inquit,
1547 2367 1785 2435 prtefecto

180 2468 361 2521 domui
389 2482 496 2521 suae
540 2483 558 2520 :
599 2464 849 2518 Introduc
893 2462 1116 2516 homines
1148 2461 1200 2514 in
1243 2460 1482 2524 domum,
1528 2464 1572 2509 et
1617 2455 1786 2509 occide

178 2560 417 2612 victimas
457 2573 697 2611 :mccum
739 2555 871 2609 enim
900 2552 1160 2607 comedent
1200 2551 1314 2604 viri.
1346 2549 1431 2603 18.
1470 2546 1537 2602 Ut
1558 2546 1785 2599 viderunt

176 2658 354 2702 autem
380 2648 517 2718 quod
547 2644 823 2700 introducti
842 2652 958 2698 sunt
976 2643 1026 2695 in
1047 2643 1251 2695 domum
1268 2638 1483 2708 Ioseph,
1512 2637 1781 2691 dixerunt:

176 2739 413 2810 PrOpter
444 2738 733 2809 pecuniam,
767 2752 880 2805 quae
904 2734 1052 2788 rediit
1074 2734 1126 2788 in
1153 2749 1326 2786 saccos
1350 2740 1550 2786 nostros
1568 2730 1622 2784 in
1646 2728 1789 2799 prin-

176 2836 337 2905 cipio,
362 2832 675 2898 inducimur,
706 2839 759 2883 ut
788 2828 1095 2883 calumniam
1121 2825 1261 2880 nobis
1285 2825 1513 2888 intentet,
1547 2832 1593 2878 et
1622 2822 1787 2891 impo-

176 2934 269 2980 nat
303 2926 450 2979 nobis
476 2932 524 2977 et
569 2921 787 2992 accipiat
809 2936 899 2975 nos
940 2920 994 2972 in
1032 2934 1220 2984 servos,
1264 2926 1311 2972 et
1355 2917 1523 2971 asinos
1566 2923 1783 2968 nostros.

172 3014 386 3087 Ioseph
420 3014 635 3086 quidem
679 3028 832 3068 suam
860 3025 983 3080 erga
1031 3009 1153 3065 illos
1195 3008 1573 3079 benignitatem
1605 3005 1788 3059 decla-

173 3126 344 3176 rans,
395 3107 575 3163 omnia
621 3104 982 3177 disponebat:
1029 3102 1102 3158 illi
1133 3111 1310 3157 autem
1354 3101 1497 3155 anxii
1542 3101 1784 3166 fuerunt,

174 3205 526 3274 suspicantes
555 3217 623 3256 ne
652 3199 995 3271 pecuniarum
1032 3196 1201 3267 gratia
1242 3194 1618 3265 poenasluant,
1655 3200 1787 3245 tam-

172 3310 345 3367 quam
376 3294 540 3349 etiam
584 3293 637 3347 in
681 3290 783 3345 hoc
823 3288 962 3343 male
1006 3288 1276 3342 iecissent.
1330 3286 1620 3353 Propterea
1663 3295 1786 3338 cum

173 3386 583 3452 accessissent,
634 3396 851 3437 causam
903 3378 1201 3433 formidinis
1230 3375 1506 3447 proferunt
1534 3373 1787 3443 praefecto

174 3478 405 3542 domus,
437 3483 490 3530 et
519 3480 737 3528 narrant
763 3469 1033 3542 quomodo
1064 3468 1343 3538 pecuniam
1370 3467 1423 3520 in
1446 3465 1615 3520 saccis
1640 3464 1789 3519 inve-

176 3567 392 3633 nerint,
416 3574 469 3621 et
490 3565 673 3620 dicunt
701 3581 715 3617 :
760 3562 850 3616 9.2.
896 3560 1174 3632 Propterea
1216 3559 1469 3630 duplicem
1494 3574 1628 3611 nunc
1657 3566 1791 3610 attu-

178 3661 340 3715 limus
372 3657 636 3727 pecuniam
664 3654 946 3719 nobiscum,
978 3661 1032 3706 ut
1060 3661 1105 3706 et
1129 3652 1348 3723 priorem
1374 3649 1717 3716 restituamus,
1745 3654 1790 3702 et

177 3765 324 3805 nunc
353 3749 519 3803 denuo
548 3762 772 3801 emamus
798 3747 1068 3817 frumenta.

254 3844 318 3897 5.
350 3839 490 3896 Vide
519 3837 786 3909 quomodo
812 3838 1144 3893 calamitates
1168 3849 1354 3889 eorum
1382 3834 1616 3888 animum
1646 3832 1792 3887 miti~

174 3942 405 4004 garent,
456 3945 655 4001 eosque
698 3928 1030 3985 reddiderint
1076 3926 1484 3980 mansuetiores.
1514 3924 1604 3978 25.
1647 3922 1792 3977 Dixit

176 4036 359 4077 autem
388 4022 458 4076 eis
486 4038 503 4075 :
537 4020 798 4091 Propitius
818 4020 1009 4084 vobis’,
1040 4018 1192 4071 nolite
1222 4018 1432 4081 timere;
1458 4015 1592 4070 Deus
1611 4024 1790 4081 vester,

180 4130 227 4172 et
255 4116 402 4171 Deus
433 4116 592 4184 patris
624 4113 772 4168 vestri
798 4111 934 4166 dedit
977 4110 1113 4164 vobis
1144 4108 1402 4163 thesauros
1445 4108 1499 4161 in
1523 4107 1681 4162 saccis
1706 4122 1792 4160 ve-

181 4211 334 4273 stris;
374 4206 640 4277 pecuniam
689 4211 904 4258 vestram
936 4202 1055 4256 bene
1102 4200 1364 4270 probatam
1408 4197 1585 4252 habeo.
1626 4196 1704 4252 Ne
1727 4197 1791 4251 ti-

186 4299 415 4365 meatis,
445 4298 634 4367 inquit,
664 4308 836 4363 neque
865 4291 1023 4362 hujus
1046 4291 1213 4361 gratia
1240 4288 1382 4343 anxii
1406 4288 1541 4343 sitis.
1581 4285 1793 4342 Nullum

184 4392 351 4447 vobis
379 4389 504 4446 inde
538 4388 741 4444 crimen
783 4386 1118 4456 imponetur;
1150 4381 1427 4453 pecuniam
1455 4380 1609 4450 plene
1638 4394 1794 4434 acce-

191 4489 399 4557 pimus.
444 4485 484 4537 A
528 4484 639 4538 Deo
667 4489 847 4551 putate
879 4478 981 4533 hoc
1025 4491 1144 4532 esse
1190 4476 1408 4540 factum,
1437 4482 1490 4528 et
1518 4472 1796 4527 thesauros

190 4579 355 4635 vobis
402 4577 456 4631 in
507 4573 791 4643 marsupiis
819 4570 1014 4626 vestris
1038 4584 1157 4625 esse
1184 4575 1527 4622 monstratos.
1579 4564 1644 4619 Et
1684 4580 1796 4618 cum

193 4682 308 4725 tunc
338 4667 569 4733 dixisset,
599 4665 771 4720 eduxit
803 4663 1128 4734 Symeonem,
1156 4660 1247 4714 24.
1289 4648 1337 4713 εἰ
1375 4657 1545 4712 attulit
1588 4673 1792 4727 aquam,

191 4775 249 4819 ut
279 4764 572 4817 lavarentur
594 4759 742 4831 pedes
762 4772 957 4821 eorum,
981 4763 1027 4808 et
1052 4753 1237 4825 pabula
1262 4750 1398 4805 dedit
1418 4750 1575 4804 asinis
1601 4765 1793 4803 eorum.

201 4855 238 4905 ν’
248 4855 339 4909 ide
379 4850 649 4923 quomodo
695 4862 882 4919 preces
923 4845 1086 4915 patris
1124 4843 1302 4899 omnia
1332 4842 1408 4897 eis
1436 4855 1688 4911 prospera
1719 4838 1799 4893 fa-

193 4955 387 5003 cerent
415 4962 430 4998 :
458 4953 513 5000 et
555 4944 687 4999 sicut
730 4941 819 4996 ille
846 4940 924 4994 eis
971 4945 1287 5008 apprecatus
1329 4942 1446 5000 est,
1478 4947 1599 4987 cum
1641 4931 1795 4998 dixit,

200 5039 341 5093 Deus
374 5036 535 5107 patris.
553 5034 651 5088 mei
670 5032 887 5103 gratiam
903 5029 1038 5083 vobis
1064 5028 1167 5093 det,
1188 5027 1258 5080 ita
1281 5024 1460 5080 omnia
1479 5022 1616 5078 facta
1637 5030 1793 5077 sunt:

194 5134 255 5182 et
301 5126 586 5198 pra-fectus
645 5124 838 5179 domus
884 5121 1043 5176 etiam
1092 5127 1217 5174 ante
1268 5117 1553 5173 adventum
1596 5114 1797 5185 Ioseph

196 5235 423 5277 omnem
482 5220 561 5274 eis
606 5216 985 5287 benignitatem
1031 5211 1290 5267 exhibuit.
1338 5210 1430 5265 25.
1482 5208 1798 5262 Paraverunt

195 5322 373 5368 autem
403 5310 537 5364 dona
563 5307 780 5377 Ioseph.
808 5304 896 5359 26.
931 5303 997 5357 Et
1018 5302 1303 5357 obtulerunt
1330 5301 1373 5354 ei
1400 5315 1515 5353 cum
1543 5299 1798 5369 ingressus

196 5414 361 5469 esset,
394 5412 443 5456 et
471 5406 809 5455 adoraverunt
839 5411 952 5451 eum
979 5410 1131 5465 super
1156 5401 1359 5446 terram.
1390 5391 1481 5443 27.
1523 5387 1592 5443 Et
1619 5390 1801 5442 iterum

199 5495 532 5567 interrogavit
561 5508 647 5548 eos
690 5506 708 5544 :
740 5488 883 5544 Num
920 5486 1043 5540 bene
1084 5483 1229 5537 habet
1260 5491 1401 5551 pater
1426 5489 1585 5535 vester
1609 5480 1797 5544 senior,

197 5606 351 5658 quem
378 5587 577 5641 dixistis
602 5582 798 5637 vivere?
837 5580 928 5635 28.
980 5578 1043 5631 At
1091 5576 1167 5629 illi
1213 5574 1493 5629 dixerunt:
1524 5571 1697 5626 Sanus
1729 5579 1800 5623 est

199 5700 381 5744 servus
424 5690 541 5733 tuus
587 5684 731 5747 pater
773 5683 961 5728 noster.
1006 5668 1072 5723 Et
1103 5669 1274 5721 dixit:
1324 5664 1622 5719 Benedictus
1652 5662 1801 5716 homo

198 5778 295 5831 ille
322 5775 448 5828 Deo.
486 5769 551 5825 Et
581 5778 773 5823 curvati
794 5766 1152 5819 adoraverunt.
1198 5759 1289 5815 29.
1323 5757 1457 5813 Vidit
1500 5764 1668 5809 autem
1690 5758 1799 5825 fra-

228 5930 241 5959 ι
266 5928 322 5977 ln
342 5924 552 5977 Hebraeo
565 5926 659 5979 est,
670 5893 781 5974 ωδ
798 5892 967 5982 ωὺππ,
985 5925 1082 5978 pax
1107 5908 1249 5971 vobis,
1275 5906 1400 5973 quod
1425 5905 1599 5956 eodem
1612 5901 1801 5953 recidit.

1026 412 1092 467 IN
1133 411 1283 468 CAP.
1327 408 1507 466 XLIII.
1542 408 1629 465 ET
1670 407 1851 465 XLIV.
1896 408 2139 466 GENES.
2185 409 2411 467 HOMIL.
2454 413 2635 469 LXIV.

3390 425 3490 482 55$

1907 532 2030 578 trem
2078 540 2227 579 suum
2257 527 2509 581 uterinnm
2534 571 2548 593 ,
2581 540 2627 583 et
2657 531 2787 586 dixit
2814 550 2833 587 :
2866 534 2968 590 Hic
3015 548 3087 594 est
3137 541 3303 610 frater
3330 554 3489 597 vester

1893 613 2092 683 junior,
2142 614 2204 669 de
2243 632 2341 685 quo
2376 618 2617 674 dixeratis
2644 623 2788 691 mihi,
2830 637 2883 679 ut
2913 627 3160 686 duceretis
3180 636 3248 688 ad
3272 639 3391 693 me?
3429 639 3489 694 Et

1900 704 2027 757 dixit
2061 721 2079 759 :
2117 705 2257 799 Deus
2304 708 2597 764 misereatur
2626 714 2718 779 tui,
2764 716 2862 784 fili.
2908 719 3196 780 Considera
3235 742 3488 799 quantam

1898 808 2000 849 cun
2036 796 2253 852 tantiam
2285 814 2395 869 prae
2431 816 2491 856 se
2520 801 2687 870 ferat,
2735 818 2788 862 et
2827 810 3002 867 adhuc
3032 796 3381 885 ignorantiam
3417 828 3486 883 sic

1900 887 2085 990 molet,
2114 895 2171 942 ut
2198 904 2296 959 per
2324 895 2598 962 sequentia
2622 900 3043 967 experimentum
3060 909 3221 966 animi
3249 913 3487 983 ipsorum

1898 984 2142 1076 accipere
2172 984 2361 1076 possit,
2394 988 2662 1055 quomodo
2689 992 2794 1046 sint
2823 994 2993 1052 allecti
3031 1015 3154 1071 erga
3185 1003 3483 1076 Benjamin.

1900 1068 1965 1123 Et
1991 1070 2111 1140 quia
2141 1073 2447 1130 vincebatur
2471 1092 2499 1130 a
2524 1086 2710 1134 natura
2738 1098 2854 1151 sua,
2894 1087 2983 1143 50.
3017 1068 3458 1154 Conturbabantur

1898 1161 2116 1260 inquit,
2151 1165 2340 1220 viscera
2368 1169 2479 1239 ejus
2513 1181 2558 1225 et
2601 1176 2853 1242 qucerebat
2899 1189 2955 1233 ut
3003 1183 3165 1254 fleret.
3220 1141 3487 1260 lnge-siit;

1896 1264 2067 1354 autem
2099 1258 2152 1311 in
2198 1260 2521 1331 cubiculum,
2549 1266 2687 1334 flevit
2728 1268 2853 1323 illic.
2896 1272 2984 1327 51.
3028 1273 3096 1328 Et
3136 1258 3309 1333 abluta
3355 1286 3487 1354 facie

1896 1348 2081 1451 exivit;
2108 1360 2162 1451 et
2203 1363 2386 1451 postea
2429 1370 2587 1451 suam,
2628 1361 2965 1451 demonstrat
3000 1348 3399 1443 benignitatem,
3432 1389 3485 1434 et

1896 1438 2023 1493 dicit
2052 1457 2064 1493 :
2096 1441 2349 1512 Apponite
2379 1463 2555 1516 panes.
2579 1450 2669 1505 52.
2704 1451 2771 1506 Et
2800 1438 3145 1525 apposueruni
3171 1463 3217 1515 ei
3238 1465 3336 1519 soli
3357 1438 3486 1529 ξυι-

1895 1540 2017 1599 pote
2042 1540 2307 1603 tamquam
2336 1538 2447 1607 regi
2476 1549 2531 1594 et
2554 1542 2778 1614 principi
2812 1548 2974 1601 totius
3003 1548 3253 1622 Egypti;
3284 1553 3352 1609 Et
3382 1558 3486 1611 illis

1893 1638 2137 1690 seorsum,
2166 1636 2213 1681 et
2244 1628 2508 1701 rEgyptiis
2534 1635 2621 1704 qui
2644 1637 2799 1691 simul
2823 1641 3085 1696 cwnabant
3108 1661 3221 1699 cum
3248 1663 3304 1701 eo
3342 1665 3485 1703 seor-

1891 1729 2021 1766 sum.
2041 1714 2163 1770 Non
2188 1720 2321 1772 enim
2338 1734 2546 1790 possunt
2559 1724 2633 1777 1E
2635 1729 2799 1797 gyptii
2817 1733 3075 1787 comedere
3094 1750 3206 1788 cum
3224 1736 3481 1795 Hebraeis:

1891 1807 2201 1864 abominatio
2228 1812 2358 1865 enim
2384 1823 2457 1868 est
2477 1815 2759 1888 ﬁgyptiis.
2790 1822 2878 1877 55.
2912 1823 3166 1881 Sederunt
3191 1840 3359 1884 autent
3395 1849 3481 1887 co-

1890 1914 2002 2006 ram
2029 1916 2106 1963 eo,
2143 1902 2229 1971 qui
2258 1905 2471 1973 primus,
2500 1911 2777 1966 secundum
2819 1916 3169 1987 antiquitatem
3214 1939 3360 1978 suam
3383 1966 3399 1992 ,
3434 1936 3484 1980 et

1881 1995 2060 2064 junior
2083 1999 2359 2053 secundum
2394 2003 2706 2072 juventutem
2735 2022 2898 2060 suam.
2945 2008 3055 2064 lloc
3106 2011 3226 2067 illos
3254 2014 3305 2068 in
3360 2024 3479 2070 stu-

1892 2100 2075 2154 porem
2122 2088 2362 2155 adduxit;
2396 2101 2450 2147 et
2496 2095 2650 2150 valde
2695 2096 2858 2153 dubio
2885 2100 3064 2156 animo
3090 2102 3338 2171 luerunt,
3382 2123 3481 2161 un-

1891 2175 2081 2232 denam
2116 2181 2164 2234 ei
2194 2182 2428 2251 cognitio
2472 2184 2699 2243 diversa:
2748 2190 2963 2245 illorum
3002 2195 3195 2248 aztatis.
3255 2196 3323 2250 Et
3360 2213 3480 2254 cum

1891 2269 2043 2325 daret
2083 2274 2333 2330 omnibus
2370 2287 2582 2346 partes,
2632 2281 2946 2351 Benjamino
2990 2287 3342 2359 qnintnpliees
3370 2291 3479 2345 dat.

1890 2360 2075 2431 Neque
2111 2371 2289 2419 tamen
2332 2366 2679 2424 adverterunt
2718 2373 2844 2441 quid
2895 2376 2969 2428 rei
3001 2388 3181 2443 esset,
3240 2380 3334 2434 sed
3380 2397 3484 2451 pu-

1892 2452 2075 2506 tabant
2128 2454 2346 2510 fortuito
2374 2459 2602 2527 quodam
2643 2474 2836 2516 eventu
2886 2465 2952 2518 ab
2983 2480 3048 2520 eo
3092 2466 3229 2533 ﬁeri,
3260 2480 3314 2524 et
3359 2470 3485 2527 huic

1894 2553 2161 2615 tamquam
2187 2548 2387 2619 juniori
2420 2551 2567 2620 plura
2600 2552 2713 2607 dari
2742 2555 2839 2625 (a),
2871 2557 3108 2626 Cumque
3156 2559 3362 2615 ﬁnitum
3397 2577 3482 2617 es-

1890 2652 1970 2694 set
1996 2641 2320 2707 convivium,
2346 2643 2398 2697 I.
2430 2642 2656 2711 Vocavit,
2687 2646 2887 2716 inquit,
2920 2647 3111 2720 Ioseph
3139 2668 3252 2704 eum
3275 2653 3361 2721 qui
3386 2654 3479 2708 do-

1889 2731 1994 2783 mui
2020 2747 2128 2785 sua:
2157 2742 2388 2801 prteerat,
2420 2745 2466 2788 et
2496 2737 2754 2790 mandavit
2783 2739 2847 2804 ei,
2879 2740 3051 2794 dicens
3081 2741 3285 2813 :Imple
3312 2762 3481 2802 saccos

1890 2822 2151 2877 hominum
2195 2825 2480 2893 frumentis,
2508 2838 2700 2898 quanta
2749 2830 2881 2899 ferre
2923 2841 3195 2901 poterunt,
3225 2845 3269 2888 et
3324 2854 3481 2905 pecu-

1890 2916 2027 2967 niam
2073 2916 2301 2971 similiter
2342 2918 2395 2971 in
2437 2935 2610 2974 saccos
2658 2921 2995 2992 singulorum.
3042 2924 3096 2976 2.
3144 2936 3188 2980 et
3232 2930 3481 2997 scyphum

1890 3018 2180 3077 argenseum
2237 3010 2375 3063 mitte
2426 3011 2479 3064 in
2531 3028 2733 3066 saccum
2796 3014 3017 3084 junioris
3081 3015 3289 3088 (Caput
3336 3020 3405 3073 Η
3435 3019 3479 3088 ).

1890 3097 2024 3156 Vide
2054 3101 2246 3156 iterum
2262 3103 2473 3173 qualem
2499 3112 2668 3158 artem
2714 3106 3009 3176 excogitet,
3058 3118 3113 3161 ut
3137 3107 3483 3178 diligentissi-

1892 3209 1978 3249 me
2019 3204 2255 3251 mentem
2310 3196 2531 3250 fratrum
2566 3198 2839 3267 exploret,
2884 3215 3039 3267 quam
3085 3215 3208 3270 erga
3261 3200 3482 3257 fratrem

1893 3300 2047 3341 suum
2076 3286 2353 3355 Benjamin
2399 3286 2649 3341 habeant.
2684 3288 2750 3341 Et
2792 3286 2872 3343 bis
2900 3289 3051 3343 lactis
3076 3330 3090 3354 ,
3120 3290 3322 3344 dimisit
3364 3306 3479 3346 eos.

1892 3378 1959 3432 Et
1978 3392 2099 3432 cum
2117 3377 2228 3447 jam
2255 3378 2599 3447 arripuissent
2624 3379 2743 3447 iter,
2788 3381 2839 3435 4.
2866 3380 3009 3433 Dixit
3038 3385 3273 3451 pra’fecto
3304 3384 3481 3437 domus

1892 3485 1999 3523 sua:
2029 3486 2048 3522 :
2080 3468 2265 3539 Surge,
2296 3485 2588 3539 perse,uere
2611 3486 2717 3536 eos,
2744 3480 2789 3523 et
2820 3470 2954 3524 dices
2986 3486 3005 3524 :
3034 3472 3086 3526 5.
3134 3472 3303 3537 Quare
3330 3474 3480 3525 retrio

1893 3561 2069 3617 buistis
2118 3563 2253 3615 mala
2281 3578 2373 3632 pro
2421 3561 2609 3617 bonis?
2654 3562 2825 3629 Quare
2858 3562 3014 3632 furati
3063 3564 3178 3617 estis
3233 3563 3482 3633 scyphum

1895 3672 2061 3709 meum
2092 3655 2423 3727 argenteum?
2480 3653 2667 3709 Nonne
2712 3655 2793 3708 hic
2832 3664 2900 3710 est
2929 3671 2956 3709 e
2975 3672 3072 3726 quo
3098 3654 3217 3710 bibit
3248 3656 3494 3713 dominus

1894 3750 2069 3804 meus?
2084 3746 2205 3819 Ipse
2222 3757 2388 3803 autem
2405 3758 2687 3819 auguratur
2706 3748 2759 3801 in
2781 3764 2857 3804 eo.
2874 3747 3012 3802 Male
3035 3759 3148 3802 acta
3166 3759 3281 3802 sunt
3297 3765 3356 3802 ea
3373 3765 3485 3819 qua:

1896 3841 2102 3912 fecistis.
2126 3840 2414 3909 PoStquam
2436 3848 2612 3893 autem
2638 3838 2841 3893 invenit
2865 3853 2979 3906 eos,
3008 3839 3198 3909 inquit,
3223 3839 3352 3895 dicit
3380 3841 3479 3896 eis:

1895 3934 2071 4001 Quare
2098 3930 2421 3988 benefactori
2460 3931 2594 3984 mala
2625 3930 2987 4000 rependistis?
3028 3945 3191 3999 quare
3228 3931 3485 3986 malitiam

1897 4035 2129 4080 vestram
2148 4036 2382 4093 eousque
2406 4021 2742 4088 extendistis,
2762 4030 2817 4074 ut
2833 4019 2898 4075 ad
2917 4035 3039 4074 eum
3055 4036 3265 4090 quoque
3283 4024 3483 4091 pertin-

1896 4120 2051 4186 gerct
2093 4114 2182 4185 qni
2226 4128 2352 4184 erga
2400 4127 2494 4168 vos
2546 4121 2743 4168 tantam
2788 4111 3021 4167 ostendit
3063 4111 3486 4181 benignitatem?

1898 4222 2063 4278 quare
2108 4222 2214 4262 non
2254 4205 2470 4264 reveriti
2514 4205 2642 4260 estis
2673 4205 2769 4259 viri
2797 4218 2920 4274 erga
2962 4218 3057 4258 vos
3083 4204 3489 4274 magnanimita-

1900 4300 2039 4356 tem?
2068 4299 2196 4369 Quae
2223 4298 2339 4353 hate
2370 4306 2513 4352 tanta
2539 4296 2777 4351 malitia?
2803 4311 2920 4367 qua:
2940 4295 3143 4351 insania
3161 4310 3262 4364 qua
3290 4294 3489 4349 insani-

1901 4393 2006 4448 tis?
2034 4392 2257 4447 Neseitis
2287 4389 2428 4461 quod
2458 4390 2560 4444 hoc
2588 4390 2657 4443 sit
2686 4403 2799 4453 vas,
2828 4389 2880 4442 in
2924 4402 3030 4458 quo
3060 4387 3305 4441 dominus
3336 4402 3486 4441 meus

1899 4486 2224 4558 anguratur?
2253 4484 2444 4537 Malum
2468 4492 2546 4536 est
2577 4481 2678 4535 hoc
2699 4494 2833 4549 opus
2853 4489 3109 4545 vestrum,
3126 4476 3483 4546 perniciosum

1901 4579 2251 4650 propositum,
2272 4575 2424 4629 venia
2437 4572 2685 4643 indignus
2702 4581 2943 4635 conatus,
2965 4584 3153 4639 magna
3171 4567 3413 4634 audacia,
3434 4578 3491 4622 et

1900 4686 2111 4727 onmem
2143 4666 2527 4722 transcendens
2554 4662 2888 4717 malitiam.7.
2912 4659 3002 4713 Illi
3022 4668 3185 4713 autem
3207 4658 3442 4713 dixerunt
3470 4673 3490 4713 :

1904 4765 2072 4830 Quare
2102 4762 2321 4833 loquitur
2335 4760 2568 4813 dominus
2574 4757 2602 4827 j
2608 4765 2728 4810 uxta
2742 4757 2891 4808 verba
2908 4756 3014 4808 haec
3027 4753 3053 4807 ?
3077 4753 3275 4822 Quare,
3297 4752 3489 4822 inquit,

1901 4859 2087 4928 objicis
2112 4856 2265 4912 nobis
2292 4855 2392 4908 hoc
2411 4854 2635 4918 crimen,
2655 4865 2685 4904 a
2716 4866 2821 4920 quo
2847 4848 3065 4903 omnino
3090 4862 3274 4902 sumus
3297 4847 3491 4900 immu-

1903 4970 1997 5009 nes
2023 4954 2046 5007 Ἰ
2069 4951 2207 5006 Absit
2246 4958 2301 5003 ut
2328 4948 2455 5003 servi
2487 4947 2559 5001 tui
2593 4944 2871 5000 secundum
2900 4941 3107 4997 verbum
3134 4941 3227 4995 hoc
3254 4940 3484 5009 faciant;

1902 5046 2042 5100 absit
2066 5060 2096 5098 a
2120 5042 2274 5097 nobis
2300 5049 2356 5094 ut
2383 5038 2489 5093 tale
2510 5036 2634 5108 quid
2682 5049 2935 5105 umquam
2984 5040 3329 5088 attentemus.
3357 5028 3490 5084 Nam

1906 5138 1994 5209 qui
2024 5134 2305 5206 pecuniam
2350 5130 2615 5200 duplicem
2639 5128 2935 5191 attulimus,
2966 5138 3073 5194 quo
3107 5130 3261 5191 pacto
3288 5122 3492 5173 furare-

1904 5244 2022 5283 mur
2046 5233 2323 5297 argentum
2346 5222 2429 5277 vel
2454 5219 2665 5275 aurum?
2682 5218 2832 5286 Quod
2854 5217 2897 5271 si
2929 5215 3030 5268 hoc
3054 5221 3227 5283 putas,
3251 5209 3306 5265 9.
3339 5210 3493 5279 Apud

1903 5337 2051 5391 quem
2093 5320 2351 5373 inventum
2395 5314 2548 5386 fuerit
2586 5328 2673 5365 vas
2717 5308 2852 5379 quod
2879 5305 3126 5375 inquiris,
3166 5303 3253 5357 ille
3288 5301 3489 5391 quidem

1905 5390 2152 5466 moriatur
2176 5448 2191 5475 ,
2218 5419 2274 5464 ut
2302 5406 2393 5477 qui
2428 5404 2533 5460 tale
2579 5400 2769 5457 fecerit
2811 5410 2985 5466 opus;
3030 5409 3123 5447 nos
3152 5400 3321 5446 autem
3359 5390 3491 5445 servi

1906 5504 2112 5557 erimus.
2141 5495 2499 5561 Conscientia:
2527 5492 2666 5546 bona
2699 5487 2889 5542 ﬁducia
2915 5498 3011 5540 eos
3039 5482 3104 5538 ad
3128 5490 3234 5537 tam
3266 5480 3492 5536 ﬁdenter

1908 5590 2228 5664 loquendum
2258 5585 2557 5643 inducebat.
2584 5581 2670 5636 10.
2712 5577 2814 5634 Ille
2837 5586 3027 5644 autem,
3091 5573 3282 5644 inquit,
3326 5572 3499 5625 dixit:

1972 5703 2042 5765 (a)
2076 5708 2171 5749 Hoc
2188 5707 2283 5765 est,
2317 5693 2661 5765 existimabant
2692 5690 2868 5765 fratres
2898 5684 3417 5765 tosep‘hipnesgl‘ente‘s
3438 5694 3497 5731 se

1907 5745 2261 5821 wlﬁ’idsénib‘
2272 5745 2537 5821 esse,-ejus
2546 5756 2686 5821 jussu
2711 5754 2982 5821 Benjamiuo
3006 5745 3175 5821 inpete
3198 5745 3498 5821 adhuepue:

1909 5805 2244 5939 ᾖξιέἓίἷᾷνᾶὦῖ
2262 5805 2536 5886 [Edonias
2546 5805 2782 5867 'solcmus
2802 5805 2969 5877 pueris
3003 5805 3256 5877 pluaptam
3288 5805 3397 5860 aliis
3416 5805 3497 5856 ad-

2078 5901 2137 5938 rt.
