3964 6432
530 374 636 434 555

534 489 594 542 Et
620 505 774 556 nunc,
796 488 919 543 sicut
954 484 1170 548 dixistis,
1209 484 1320 537 erit.
1356 480 1506 553 Apud
1538 498 1681 551 quem
1726 480 1972 533 inventum
1995 480 2102 547 fae-

531 580 593 633 rit
625 580 882 650 poculum,
937 577 1015 629 hic
1064 576 1200 628 solus
1234 590 1367 627 meus
1414 588 1584 627 servas
1633 573 1759 636 erit,
1812 588 1896 623 vos
1942 582 2105 621 autrm

537 671 873 724 dimittcntini.
939 668 1001 721 lit
1046 681 1164 719 cum
1222 666 1333 718 Ita'c
1396 664 1696 728 dixissent,
1757 663 2100 730 peritum-runt

526 762 573 814 ei
606 768 661 813 ut
703 758 1012 813 scrutinium
1059 756 1271 811 faceret.
1324 754 1408 809 12.
1460 754 1525 807 Et
1565 764 1813 806 scrutatus
1861 764 1964 815 cs',
2003 752 2104 802 ini-

531 852 600 903 tio
622 867 653 902 a
678 850 873 903 seniore
897 851 1052 918 facto,
1082 847 1239 900 donec
1268 845 1451 898 veniret
1472 845 1539 896 ad
1564 843 1825 913 Benjamin
1848 884 1860 906 ,
1896 852 1938 893 et
1967 842 2103 893 illius

529 950 705 1008 aperto
754 955 932 1004 sacco,
968 937 1151 991 invenit
1191 935 1448 1005 poculum.
1491 935 1598 987 lloc
1648 932 1876 986 leneliri~
1918 931 2101 984 oll‘udit

526 1045 710 1083 eorum
765 1039 997 1083 mentem
1046 1046 1059 1083 :
1113 1030 1196 1083 15.
1235 1027 1297 1080 Et
1336 1028 1678 1097 disrupertmt,
1726 1025 1924 1094 inquit,
1958 1026 2106 1076 resti-

523 1134 691 1177 menta
716 1139 807 1176 sua
838 1138 854 1176 :
880 1133 923 1175 et
949 1124 1298 1190 imposuerunt
1329 1119 1573 1189 jumentis
1603 1129 1781 1169 iterum
1821 1132 1988 1169 saccos
2012 1156 2027 1179 ,
2056 1125 2101 1167 rt

524 1214 706 1267 reversi
730 1223 844 1265 sunt
872 1213 923 1265 in
964 1212 1227 1264 civitatem.
1273 1210 1359 1264 H.
1409 1206 1472 1261 Et
1512 1209 1763 1277 ingressus
1807 1205 2009 1269 Jadas,
2058 1214 2103 1256 tt

527 1308 704 1366 fratres
727 1303 801 1356 sui
818 1304 887 1356 ad
899 1301 1113 1372 Ioseph,
1136 1301 1420 1354 ceciderunt
1444 1315 1611 1351 coram
1640 1314 1695 1350 eo
1714 1314 1863 1366 super
1891 1307 2097 1349 terram.

527 1394 658 1449 Vide
691 1393 898 1465 quoties
920 1393 1282 1447 adorationcm
1317 1389 1644 1444 l'aeiunt.~15.
1679 1387 1821 1440 Dixit
1847 1397 2010 1439 autem
2032 1386 2101 1439 eis

524 1486 717 1553 Joseph
740 1501 759 1539 :
790 1485 959 1552 Quare
978 1484 1071 1536 ltoc
1102 1482 1330 1550 fecistis?
1360 1480 1669 1534 Nesciebatis
1690 1478 1822 1548 quod
1844 1495 2097 1546 auguran-

528 1581 591 1631 do
622 1579 673 1631 in
701 1580 795 1630 Itoc
820 1576 1083 1645 auguror?
1116 1574 1198 1628 16.
1232 1573 1370 1626 Dixit
1411 1582 1575 1625 autem
1597 1612 1610 1635 ,
1656 1570 1858 1638 inquit,
1890 1567 2054 1621 ludas
2083 1582 2102 1620 :

529 1671 664 1735 Quid
699 1670 1122 1732 contradiccmus,
1173 1666 1250 1720 vel
1290 1665 1410 1735 quid
1457 1665 1714 1733 loquemur
1754 1662 1956 1714 domino
1980 1702 1993 1722 ,
2027 1659 2101 1712 rel

525 1760 772 1829 quomodo
812 1758 1245 1831 justiﬁcabimur?
1294 1756 1428 1809 Deus
1455 1765 1623 1808 autem
1668 1754 1853 1807 invenit
1894 1753 2098 1822 injusti-

521 1850 642 1902 tiam
664 1866 916 1903 servorum
938 1859 1154 1902 tuorum.
1188 1849 1380 1902 lterum
1410 1855 1659 1901 revocant
1687 1846 1782 1899 sibi
1814 1845 1864 1899 in
1894 1863 2102 1900 memo-

519 1941 653 1995 riam
680 1956 738 1996 ea
768 1957 883 2011 qnze
915 1941 1040 1995 olim
1066 1948 1249 1995 contra
1286 1940 1430 1993 illum
1461 1938 1719 1993 fecerunt.
1769 1937 1900 1991 Ecce
1928 1956 2100 1992 sumus

519 2031 644 2084 servi
671 2031 873 2084 domino
894 2040 1065 2084 nostro
1107 2040 1155 2085 et
1199 2047 1289 2084 nos
1316 2040 1362 2084 et
1388 2030 1471 2084 ille
1496 2030 1633 2101 apud
1659 2046 1804 2099 quem
1839 2029 2096 2083 inventum

522 2131 594 2173 est
625 2121 879 2190 poculum.
912 2120 1027 2175 .lam
1068 2136 1311 2190 magnam
1340 2121 1613 2173 declarant
1654 2119 2095 2185 benevolentiam,

522 2221 577 2265 et
618 2213 822 2281 seipsos
849 2225 968 2266 cum
1012 2209 1173 2267 fratre
1216 2212 1266 2265 in
1310 2211 1617 2265 servitutem
1659 2210 1960 2278 subjiciunt.
2009 2212 2093 2264 ΓΙ.

527 2303 670 2356 Dixit
723 2313 885 2357 autem
928 2302 1119 2373 Joseplt
1172 2320 1191 2359 :
1246 2302 1389 2357 Absit
1435 2312 1488 2355 ut
1538 2302 1633 2356 hoc
1670 2303 1874 2373 faciam.
1930 2300 2098 2356 Homo

519 2396 661 2465 apud
694 2381 840 2466 qdctn
877 2397 1130 2462 inventum
1176 2396 1328 2466 fuerit
1371 2395 1604 2465 poculum
1625 2437 1642 2460 ,
1695 2395 1780 2448 ille
1826 2397 1917 2448 erit
1959 2411 2098 2448 meus

520 2505 691 2545 servus
713 2531 731 2559 ,
783 2505 870 2545 vos
920 2500 1087 2544 autem
1132 2488 1387 2544 ascendite
1428 2505 1542 2542 cum
1595 2487 1757 2543 salute
1800 2488 1869 2540 ad
1906 2495 2099 2559 patrem

515 2589 747 2635 rastrum.

586 2673 639 2727 6.
672 2672 803 2727 Vide
842 2671 1110 2743 quomodo
1152 2671 1203 2726 id
1240 2687 1345 2743 quo
1384 2671 1602 2726 timebat
1649 2681 1817 2741 pater,
1864 2671 1967 2726 hoc
2011 2673 2092 2726 eis

517 2765 775 2833 contingit
803 2780 817 2817 :
850 2774 904 2819 et
942 2764 992 2817 in
1029 2773 1136 2817 tam
1172 2779 1417 2833 magnam
1467 2764 1795 2818 devenerunt
1836 2763 2094 2817 turbatio-

522 2870 642 2908 ncm
668 2894 681 2919 ,
722 2863 777 2908 ut
812 2854 935 2923 quid
967 2853 1200 2908 lacerent
1228 2853 1514 2908 nescirent.
1549 2855 1631 2909 l8.
1668 2854 2097 2925 Appmpinquavit

517 2953 681 2997 autem
703 2941 869 2997 ludas
888 2984 902 3008 ,
926 2942 1126 3012 inquit,
1150 2951 1196 2997 et
1220 2943 1364 2996 dixit.
1388 2942 1520 3011 Quia
1548 2945 1659 3013 ipse
1680 2952 1794 2998 erat
1814 2944 1902 2998 ille
1930 2944 2016 3013 qui
2043 2953 2097 2998 et

516 3051 546 3090 a
578 3045 725 3106 patre
748 3050 870 3091 eum
899 3044 1196 3105 acceperat,
1224 3043 1277 3090 et
1304 3035 1512 3091 dixerat
1537 3055 1550 3091 :
1585 3033 1699 3089 Nisi
1719 3035 1962 3090 reduxcro
1980 3053 2096 3091 eum

521 3126 590 3180 ad
615 3136 681 3191 te,
706 3142 795 3179 ero
817 3126 903 3178 tibi
923 3134 1121 3194 peccato
1147 3125 1391 3179 obnoxius
1417 3125 1644 3179 omnibus
1672 3125 1845 3180 diebus
1861 3142 1880 3179 :
1901 3125 2097 3180 idcirco

522 3225 573 3272 et
615 3215 830 3285 prepior
862 3216 1027 3271 lactus
1071 3216 1353 3288 diligenter
1396 3223 1570 3271 narrat
1611 3217 1658 3273 ei
1701 3218 1876 3272 omnia
1902 3260 1917 3283 ,
1947 3227 2001 3272 ut
2043 3217 2094 3272 in

517 3307 1029 3362 commiserationem
1061 3322 1126 3363 eo
1148 3306 1377 3362 adducto
1400 3350 1415 3374 ,
1449 3307 1745 3363 libertatem
1771 3323 1934 3378 puero
1962 3324 2093 3363 con-

516 3400 739 3454 ciliaret.
774 3401 857 3454 l8.
888 3400 1320 3471 Appropinquavit
1345 3401 1499 3465 enim,
1531 3400 1719 3470 inquit,
1753 3401 1797 3453 ei
1820 3398 2021 3465 ludas,
2049 3409 2095 3453 et

515 3490 680 3544 dixit:
708 3490 833 3555 Oro,
864 3489 1083 3556 domine,
1116 3490 1351 3561 loquatur
1368 3506 1539 3545 servus
1563 3500 1697 3544 tuus.
1722 3490 1946 3545 Attende
1966 3506 2095 3560 quo-

520 3580 678 3634 modo
697 3596 793 3650 per
817 3580 992 3633 omnia
1009 3588 1066 3633 ut
1084 3579 1300 3634 domino
1318 3593 1504 3635 servus
1531 3579 1794 3650 loquitur;
1822 3589 1874 3634 ct
1902 3580 1953 3634 in
1980 3595 2095 3635 me-

521 3673 687 3728 moria
715 3671 854 3727 habe
875 3671 1079 3726 somnia
1108 3673 1517 3743 manipulorum,
1552 3683 1765 3743 propter
1791 3689 1908 3742 qua:
1930 3674 2096 3743 majo-

521 3777 636 3815 rcm
661 3776 785 3831 erga
817 3775 939 3815 eum
973 3760 1222 3815 invidiam
1260 3772 1510 3816 acuerant
1530 3804 1543 3826 ,
1574 3772 1625 3816 et
1652 3763 1966 3831 obsmpesce
2002 3778 2093 3817 sa-

519 3857 711 3909 lcrtem
743 3851 832 3908 Dei
862 3852 1175 3923 sapientiam
1200 3897 1213 3919 ,
1243 3854 1509 3923 quomodo
1538 3858 1697 3910 tantis
1726 3855 2012 3910 obstaculis
2041 3856 2093 3909 in

521 3942 697 4000 medio
735 3943 949 4014 positis,
982 3944 1156 3997 omnia
1198 3959 1358 4017 opere
1388 3955 1509 4000 sunt
1548 3946 1781 4016 impleta.
1810 3945 2091 4015 Loquatur,

515 4035 720 4103 inquit,
751 4051 922 4089 servus
948 4044 1063 4089 tuus
1092 4051 1261 4089 coram
1286 4044 1353 4102 te,
1389 4047 1435 4090 et
1461 4053 1525 4090 ne
1545 4037 1781 4091 irascaris
1809 4054 1948 4090 servo
1972 4046 2058 4091 tuo
2078 4076 2092 4102 ,

523 4128 740 4181 domine.
774 4128 859 4184 19.
889 4126 970 4181 Tu
997 4128 1317 4199 interrogasti
1343 4145 1509 4183 servos
1529 4140 1657 4194 tuos,
1680 4130 1849 4183 dicens
1873 4145 1891 4184 :
1920 4130 2093 4185 liabe-

525 4219 653 4272 tisne
681 4222 889 4293 fratrem
916 4219 991 4272 vel
1027 4228 1217 4290 patrem
1240 4221 1265 4274 .’
1290 4220 1381 4275 ΞΟ.
1411 4231 1455 4274 et
1482 4222 1705 4275 diximus
1726 4222 1928 4276 domino
1954 4240 1971 4277 :
2000 4222 2093 4278 Est

521 4309 662 4362 nobis
691 4318 833 4378 pater
851 4325 1025 4376 senex,
1050 4320 1095 4364 et
1116 4311 1277 4378 filium
1304 4313 1563 4365 senectutis
1583 4318 1815 4380 juvenem
1840 4315 1981 4369 habet
2003 4358 2015 4378 ,
2047 4325 2094 4370 et

520 4405 676 4466 frater
698 4400 808 4471 ejus
826 4411 1051 4454 mortuus
1071 4411 1160 4455 est.
1184 4400 1366 4471 Cogita
1390 4402 1475 4456 hic
1490 4404 1755 4471 quomodo
1776 4420 1833 4459 se
1855 4404 2095 4461 habuerit

516 4494 711 4562 Joscplt
745 4493 776 4547 b
796 4508 858 4548 rc
883 4493 1123 4549 audiens.
1156 4492 1256 4547 Ille
1282 4495 1419 4549 solus
1443 4496 1644 4549 relictus
1670 4506 1741 4549 est
1774 4498 1923 4551 matri
1948 4514 2093 4565 sure,-

522 4594 661 4655 jiater
685 4595 851 4638 autent
879 4600 989 4638 eum
1016 4585 1198 4657 diligit.
1231 4587 1402 4653 Quare
1428 4595 1605 4641 autem
1630 4596 1681 4641 et
1709 4586 1792 4641 hic
1823 4589 2089 4655 mentitur,

508 4674 594 4730 sic
620 4674 800 4729 dicens
829 4689 845 4728 :
880 4673 1066 4728 Frater
1082 4678 1193 4745 ejus
1222 4686 1446 4730 mortuus
1466 4676 1581 4730 est?
1608 4678 1768 4747 Atqui
1791 4694 1909 4734 eum
1933 4694 2095 4749 nego-

516 4762 795 4815 tiatoribus
822 4761 1188 4820 vendiderant.
1220 4765 1415 4820 Verum
1442 4767 1563 4836 quia
1593 4768 1671 4822 sic
1708 4768 1842 4838 patri
1872 4783 2092 4837 persua-

520 4859 704 4902 serunt
727 4890 742 4913 ,
775 4853 921 4919 quasi
951 4855 1157 4908 occisus
1183 4864 1360 4918 esset,
1392 4867 1446 4909 et
1478 4871 1508 4910 a
1550 4856 1737 4912 bestiis
1761 4858 2046 4914 devoratus
2075 4876 2089 4914 :

521 4938 755 5009 alioquin
784 4939 939 4993 etiam
969 4952 1286 5010 putaverunt
1323 4961 1446 5000 eum
1476 4962 1580 5001 non
1612 4948 1871 5003 fetentem
1900 4949 2091 5005 barba-

516 5045 699 5085 rerum
732 5030 1041 5086 servitutem
1060 5072 1074 5098 ,
1103 5031 1210 5101 jam
1237 5048 1356 5088 esse
1381 5045 1669 5105 mortuum,
1700 5048 1754 5093 et
1783 5040 1979 5095 idcirco
2006 5042 2091 5097 di-

511 5123 583 5174 cit
612 5139 626 5174 z
660 5120 846 5176 Frater
880 5124 990 5192 ejus
1032 5134 1258 5178 mortuus
1292 5135 1384 5178 est.
1414 5127 1503 5180 2i.
1534 5128 1717 5183 Diriin
1744 5142 1910 5185 autem
1938 5133 2091 5185 servis

507 5215 611 5269 tuis
637 5229 657 5267 :
679 5214 922 5269 Dedacite
946 5231 1057 5269 eam
1080 5216 1147 5269 ad
1173 5232 1252 5271 me
1268 5258 1282 5280 ,
1312 5228 1359 5272 et
1379 5235 1553 5274 curam
1579 5222 1765 5276 habebo
1797 5225 1968 5293 ipsius.
1995 5224 2087 5280 25.

513 5305 577 5359 Et
601 5307 775 5362 dixisti
799 5324 820 5364 :
849 5308 966 5364 Nisi
994 5311 1263 5365 descendat
1289 5316 1448 5383 frater
1479 5324 1635 5371 vester
1665 5317 1914 5372 vobiscum
1942 5363 1954 5378 .
1988 5337 2088 5374 non

509 5401 771 5468 apponetis
794 5410 847 5454 ut
871 5402 1080 5457 videatis
1107 5404 1285 5473 faciem
1315 5421 1494 5460 meant.
1522 5406 1613 5462 21.
1651 5407 1863 5463 Factum
1893 5421 1965 5463 est
1990 5428 2086 5464 au-

521 5491 823 5554 temauando
843 5493 1154 5547 ascendimus
1167 5495 1235 5548 ad
1260 5512 1453 5550 servum
1469 5504 1615 5551 tuum
1636 5508 1824 5569 patrem
1842 5511 2086 5567 nostrum,

504 5579 920 5635 annuntiavimus
958 5584 1001 5635 ei
1039 5585 1183 5637 verba
1220 5587 1425 5641 domini.
1456 5588 1543 5643 25.
1582 5590 1719 5644 Dixit
1747 5600 1910 5644 autem
1950 5604 2090 5662 pater

514 5674 687 5716 uoster
708 5667 851 5721 nobis
870 5687 888 5723 :
916 5669 997 5725 Ite
1018 5674 1218 5738 iterant,
1244 5679 1388 5731 emite
1415 5680 1554 5732 nobis
1580 5697 1738 5747 pauca
1762 5681 1971 5735 cibaria.
1993 5683 2083 5737 26.

521 5752 631 5805 Nos
658 5761 827 5808 autem
849 5760 1064 5813 diximus
1091 5762 1136 5813 ei
1168 5777 1183 5813 :
1224 5764 1333 5819 Non
1358 5769 1625 5834 poterimus
1650 5770 1968 5833 descendere,
1992 5773 2087 5826 nisi

1272 373 1327 427 S.
1367 368 1642 426 JOANNlS
1667 358 2136 422 CllRYSOSTOill
2173 363 2488 418 AllClllEl‘.
2531 364 3058 424 (ZONST.\.\'TiNOP.

3693 380 3795 437 556

2212 475 2369 546 frater
2388 488 2554 531 noster
2574 479 2839 533 descendat
2863 483 3136 537 nobiscum.
3158 484 3245 539 ‘27.
3273 485 3414 540 Dixit
3431 496 3594 544 autem
3628 509 3796 547 seri-as

2212 579 2326 623 tuus
2359 580 2502 639 pater
2530 582 2697 624 noster
2725 587 2744 625 :
2782 570 2879 625 Vos
2908 574 3043 627 scitis
3066 617 3081 639 ,
3111 577 3246 645 quod
3276 578 3406 631 duos
3442 583 3637 649 peperit
3668 584 3791 636 mihi

2211 676 2357 724 uaor,
2380 660 2469 715 28.
2500 673 2545 714 et
2573 680 2796 731 egressus
2823 675 2896 719 est
2923 682 3049 720 unus
3078 684 3108 719 α
3135 686 3213 723 me
3233 711 3245 731 ,
3276 682 3320 723 et
3347 672 3552 725 dixistis
3571 714 3588 737 ,
3611 678 3747 743 quod
3767 696 3794 727 a

2212 750 2365 802 bestia
2386 752 2447 804 sit
2468 754 2749 805 devoratus.
2773 753 3059 810 Considera
3088 760 3355 827 quomodo
3380 776 3476 827 per
3495 765 3794 817 excusatio-

2212 855 2332 894 nem
2361 840 2508 895 Juda:
2532 842 2728 914 Joscpb
2755 846 2930 899 omnia
2956 847 3235 917 diligenter
3255 851 3503 905 didicerit
3528 870 3653 923 qua:
3678 870 3792 925 post

2211 944 2360 985 suam
2386 933 2741 988 venditionem
2772 939 2975 1005 egerint
3007 937 3148 992 domi
3170 981 3183 1003 ,
3211 952 3263 994 ct
3290 942 3466 1009 qualia
3493 945 3632 1012 patri
3653 945 3719 999 de
3738 960 3793 1001 se

2210 1023 2555 1077 narraverint.
2582 1025 2671 1077 29.
2695 1025 2844 1079 Nunc
2864 1027 3036 1097 igitur,
3059 1029 3247 1098 inquit,
3271 1033 3317 1084 si
3340 1043 3386 1085 et
3407 1034 3543 1086 [tunc
3560 1036 3791 1102 tuleritis,

2209 1124 2257 1165 et
2278 1114 2510 1166 acciderit
2536 1116 2578 1167 ei
2600 1115 2813 1187 languor
2834 1117 2883 1171 in
2906 1120 3004 1182 via,
3032 1119 3285 1174 deducctis
3310 1134 3615 1178 senectutem
3634 1144 3793 1180 meant

2209 1219 2322 1255 cum
2359 1221 2571 1258 mwrore
2611 1207 2679 1258 ad
2712 1208 2918 1276 inferos.
2963 1207 3037 1263 lta
3079 1226 3204 1280 ergo
3245 1223 3395 1280 patre
3439 1224 3628 1268 nostro
3669 1233 3791 1286 erga

2211 1312 2434 1365 puerum
2471 1298 2662 1353 allecto
2690 1340 2703 1364 ,
2736 1301 3001 1369 quomodo
3031 1303 3320 1371 poterimus
3352 1304 3544 1360 faciem
3575 1307 3693 1376 ejus
3722 1311 3794 1361 vi—

2208 1388 2353 1452 dere,
2376 1405 2541 1459 puero
2563 1408 2666 1445 non
2689 1393 2975 1447 exsistcnte
2997 1394 3305 1450 nobiscum?
3330 1398 3418 1452 50.
3441 1397 3642 1454 Pendet
3661 1402 3793 1453 enim

2206 1482 2378 1533 anima
2411 1484 2522 1551 ejus
2549 1498 2611 1535 ea:
2639 1482 2789 1553 Itujas
2816 1484 3002 1535 anima.
3048 1486 3135 1538 51.
3180 1486 3240 1538 Ιίε
3283 1489 3530 1540 deducent
3565 1492 3698 1543 arri
3726 1494 3793 1543 tui

2206 1583 2503 1625 senectutem
2535 1573 2691 1642 patris
2721 1576 2873 1627 nostri
2904 1576 3029 1628 servi
3055 1577 3129 1628 tui
3154 1594 3267 1628 cum
3294 1595 3508 1632 incerare
3535 1582 3606 1631 ad
3630 1581 3789 1648 infer-

2207 1679 2345 1715 num.
2378 1662 2562 1716 Servus
2590 1668 2723 1717 enint
2751 1675 2866 1718 tuus
2894 1668 3085 1735 accepit
3115 1685 3323 1736 puerum
3351 1686 3384 1720 a
3414 1681 3560 1737 patre
3588 1688 3681 1725 suo
3710 1673 3788 1723 di-

2205 1772 2321 1808 cens
2352 1771 2371 1809 :
2402 1753 2519 1809 Nisi
2545 1756 2707 1825 ipsum
2730 1757 2798 1811 ad
2823 1767 2870 1811 te
2891 1758 3133 1812 reduxere
3156 1800 3172 1825 ,
3206 1771 3407 1828 peccato
3428 1761 3677 1815 obnoxias
3707 1780 3791 1817 ero

2205 1845 2292 1898 tibi
2324 1846 2553 1899 euntibus
2592 1846 2783 1899 diebus.
2833 1846 2937 1901 llas
2965 1849 3345 1917 promissiones
3393 1849 3496 1905 ieci
3531 1854 3703 1920 patri,
3738 1865 3791 1909 ut

2204 1949 2426 2005 puer-tun
2455 1937 2653 2006 possim
2696 1936 2958 1993 adducere
2978 1981 2992 2004 ,
3025 1946 3077 1991 cl
3104 1954 3162 1992 ea
3198 1940 3419 2008 implere
3446 1958 3570 2011 qum
3598 1951 3652 1996 tu
3678 1944 3790 2013 jus-

2203 2042 2371 2092 seras,
2401 2037 2800 2097 tuonstrareqne
2824 2043 2983 2097 quam
3012 2044 3135 2083 vere
3164 2029 3473 2095 dixerimus,
3503 2044 3561 2087 et
3592 2034 3788 2089 nullum

2204 2118 2539 2173 mendacium
2577 2133 2608 2172 τι
2644 2119 2796 2173 nobis
2830 2135 2950 2174 esse
2991 2120 3273 2189 prolatum.
3314 2123 3404 2176 53.
3446 2122 3501 2176 Ν
3508 2142 3607 2177 unc
3642 2126 3790 2196 igitur

2202 2210 2410 2263 manebo
2439 2227 2606 2264 servus
2638 2227 2727 2279 pro
2770 2227 2947 2281 puero,
2969 2213 3190 2281 famulus
3211 2213 3403 2266 domini
3427 2232 3447 2279 ;
3476 2233 3606 2283 puer
3630 2227 3787 2269 autem

2202 2300 2437 2353 ascendat
2466 2316 2578 2353 cum
2604 2301 2864 2369 fratribus.
2890 2302 2979 2357 24.
3008 2300 3271 2367 Quomodo
3301 2305 3434 2357 enim
3461 2305 3788 2360 ascemlenms

2200 2396 2268 2447 ad
2295 2405 2507 2462 patrem,
2534 2410 2648 2448 cum
2688 2411 2787 2448 non
2821 2396 2883 2449 sit
2924 2396 3178 2449 uobiscum
3211 2398 3375 2465 puer?
3404 2396 3467 2449 Et
3506 2415 3572 2449 ne
3597 2398 3784 2449 rideant

2201 2485 2371 2551 mala,
2410 2502 2521 2556 qua:
2560 2487 2804 2540 invenirnt
2853 2497 3042 2556 patrem
3090 2504 3271 2541 nteum.
3322 2488 3447 2543 11.ιό
3496 2489 3787 2559 Josoplmm

2200 2574 2376 2628 animo
2406 2586 2802 2629 commoverunt
2828 2619 2841 2640 ,
2875 2585 2925 2631 et
2972 2578 3101 2631 satis
3127 2578 3175 2632 ei
3204 2578 3648 2635 demonstrarunt
3675 2581 3785 2636 illus

2200 2674 2253 2720 et
2295 2676 2493 2735 patrem
2539 2667 2696 2736 digne
2739 2667 2915 2721 colere
2939 2709 2952 2730 ,
2984 2678 3037 2723 ct
3080 2668 3295 2723 fratrem
3329 2672 3560 2724 multum
3590 2689 3675 2724 ant
3711 2689 3782 2725 re.

2202 2759 2252 2813 1.
2290 2757 2352 2811 Et
2391 2776 2489 2812 non
2530 2759 2661 2811 ultra
2693 2759 2847 2824 potuit
2884 2761 3049 2829 ferre,
3090 2776 3247 2828 neque
3279 2761 3499 2814 tolerare
3536 2762 3784 2815 adstantes

2199 2849 2330 2913 sibi,
2364 2851 2452 2903 sed
2489 2851 2701 2920 repulsis
2737 2850 2965 2904 omnibus
2999 2852 3134 2905 solus
3170 2853 3299 2905 inter
3333 2871 3416 2907 eos
3458 2855 3670 2908 relictus
3693 2898 3706 2919 ,
3731 2855 3782 2908 ἓ.

2201 2943 2352 2997 ntissa
2374 2958 2487 2995 roce
2510 2959 2620 2995 cum
2648 2943 2771 3013 fletu
2796 2984 2810 3009 ,
2848 2952 3017 2995 notum
3058 2961 3110 2997 se
3146 2946 3261 3014 fecit
3287 2944 3560 3014 fratribus.
3599 2945 3664 2999 Et
3700 2947 3784 2999 ltoc

2199 3031 2414 3086 innotuit
2443 3034 2492 3085 in
2520 3040 2620 3086 toto
2657 3051 2839 3099 regno,
2874 3036 2922 3087 in
2960 3035 3109 3088 domo
3145 3034 3453 3089 Pharaonis.
3485 3038 3540 3090 5.
3580 3038 3643 3091 Et
3672 3039 3783 3091 dicit

2201 3121 2442 3194 fratribus
2482 3123 2584 3175 suis
2616 3138 2634 3176 :
2666 3121 2774 3192 Ego
2809 3140 2918 3175 sum
2954 3122 3164 3193 Joseplt.
3205 3122 3402 3179 Vivitne
3440 3128 3616 3181 adhuc
3656 3140 3783 3198 pater

2200 3230 2338 3267 meus
2373 3213 2538 3285 (Cap.
2583 3212 2719 3283 45)?
2757 3214 3019 3269 Admirari
3064 3217 3147 3270 hic
3186 3217 3325 3271 subit
3360 3226 3418 3272 ct
3459 3219 3607 3274 beati
3642 3221 3784 3289 hujus

2198 3306 2547 3360 constantiam
2569 3313 2766 3359 tantam
2788 3348 2804 3373 ,
2833 3315 2887 3361 et
2912 3306 3052 3376 quod
3082 3307 3352 3376 hucusque
3392 3312 3783 3366 squlationem

2198 3397 2526 3460 sustinuerit,
2551 3405 2600 3450 ct
2621 3397 2759 3466 quod
2782 3397 2900 3467 quis
2919 3409 3056 3453 esset
3079 3414 3183 3451 non
3214 3398 3259 3452 d.
3281 3400 3572 3454 duraverit
3597 3420 3610 3455 :
3639 3413 3785 3472 atque

2199 3487 2543 3543 vehementer
2564 3487 2902 3557 obstupesco,
2925 3491 3194 3559 quomodo
3225 3490 3295 3543 illi
3323 3493 3600 3559 potuerint
3632 3504 3781 3555 stare,

2200 3580 2281 3633 vel
2320 3593 2381 3632 os
2422 3588 2603 3649 postea
2639 3580 2847 3649 aperire
2872 3621 2886 3645 ,
2927 3580 3194 3649 quomodo
3225 3595 3328 3633 non
3361 3581 3597 3635 avolatit
3627 3584 3690 3635 ab
3717 3584 3784 3637 eis

2197 3672 2393 3735 anima,
2426 3670 2691 3740 quomodo
2720 3686 2902 3726 eorum
2943 3686 3092 3725 mens
3134 3680 3237 3725 tota
3280 3688 3383 3724 non
3414 3674 3783 3742 nbstupuerit,

2198 3761 2464 3832 quomodo
2494 3777 2597 3815 mn
2625 3777 2682 3816 se
2709 3762 3004 3815 abdiderint
3045 3761 3181 3815 intra
3211 3770 3430 3816 terram.
3472 3763 3541 3816 Et
3570 3782 3671 3817 non
3700 3782 3783 3833 po-

2200 3861 2418 3914 tuerunt,
2446 3851 2633 3921 inquit,
2661 3855 2842 3922 fratres
2862 3852 2971 3922 ejus
2997 3853 3298 3919 respondere
3318 3853 3365 3905 ei
3391 3869 3411 3907 :
3441 3855 3639 3909 turbati
3661 3858 3783 3911 enim

2197 3951 2358 3995 erant.
2388 3942 2575 3996 Merito
2604 3960 2616 3993 :
2644 3941 2936 4011 cogitantes
2966 3942 3231 4012 quomodo
3252 3958 3376 3997 eum
3403 3953 3782 4012 tractaverant,

2198 4044 2250 4088 ct
2276 4035 2444 4105 qualis
2471 4036 2582 4104 ipse
2611 4051 2733 4105 erga
2757 4034 2873 4088 illos
2909 4033 3080 4090 fixerat
3112 4052 3125 4088 :
3160 4046 3211 4090 ct
3238 4037 3539 4105 cogitantes
3569 4040 3782 4108 gloriam

2198 4127 2249 4181 in
2306 4142 2406 4196 qua
2436 4127 2752 4182 constitutus
2791 4136 2939 4191 erat,
2974 4128 3038 4181 de
3072 4140 3165 4180 sua
3196 4127 3364 4180 salute
3397 4130 3783 4196 propemodum

2197 4218 2336 4271 anxii
2364 4227 2534 4272 erant.
2559 4216 2843 4286 Propterea
2866 4216 3048 4272 volens
3068 4232 3161 4270 eos
3188 4218 3427 4271 animate
3453 4260 3466 4283 ,
3498 4220 3561 4273 4.
3596 4220 3783 4290 Appro-

2198 4310 2450 4379 pinquate,
2484 4307 2673 4377 inquit,
2705 4308 2773 4360 ad
2802 4324 2896 4361 me.
2929 4306 3006 4361 Ne
3034 4309 3385 4362 amoveamini
3416 4324 3513 4362 vos
3548 4331 3564 4363 :
3601 4328 3669 4365 nc
3696 4326 3782 4364 co—

2194 4398 2371 4468 gitetis
2390 4414 2480 4452 vos
2503 4399 2715 4467 proprio
2735 4398 2957 4451 consilio
2985 4397 3099 4451 ba-c
3125 4409 3309 4452 contra
3342 4415 3427 4453 me
3452 4401 3658 4469 egisse.
3692 4402 3783 4455 Ista

2197 4505 2302 4545 non
2329 4497 2433 4544 tzttn
2466 4500 2654 4544 vestra:
2682 4504 2807 4559 erga
2842 4506 2927 4543 me
2953 4487 3302 4543 adscribenda
3339 4503 3464 4543 sunt
3497 4493 3780 4563 iniquitati.

2196 4597 2352 4651 quam
2383 4581 2573 4635 divinas
2599 4580 2873 4649 sapientia:
2899 4589 2952 4633 et
2982 4580 3233 4633 iuclIabili
3263 4581 3658 4636 misericordia:
3690 4600 3703 4633 :
3732 4596 3781 4635 ut

2198 4673 2301 4727 huc
2324 4672 2611 4726 adveniens
2634 4713 2647 4737 ,
2679 4686 2825 4725 nunc
2847 4671 3157 4740 tempestive
3184 4680 3237 4724 ct
3263 4672 3414 4725 vobis
3445 4683 3501 4726 ct
3533 4676 3633 4727 toti
3669 4674 3783 4727 lmic

2196 4763 2395 4834 regioni
2434 4779 2643 4833 possem
2686 4763 3023 4832 suppeditare
3062 4761 3332 4817 alimenta.
3367 4761 3433 4815 Et
3462 4763 3597 4817 dixit
3629 4783 3649 4817 :
3681 4764 3782 4833 Ego

2194 4873 2302 4911 sum
2322 4854 2512 4924 Joseplt
2533 4858 2690 4927 frater
2708 4866 2887 4919 vester,
2913 4872 3055 4925 quem
3073 4856 3365 4909 vendidistis
3392 4856 3443 4908 in
3471 4855 3780 4927 .Egyptunt.

2195 4948 2245 5003 5.
2281 4946 2434 5000 Nunc
2458 4948 2612 5015 igitur
2637 4963 2696 4999 ne
2720 4946 2946 4999 dolentis.
2972 4945 3049 5000 Ne
3073 4962 3186 5008 vos,
3219 4947 3407 5015 inquit,
3433 4946 3537 5001 hoc
3561 4959 3783 5002 contur-

2194 5037 2313 5104 bet;
2356 5054 2423 5092 ne
2475 5052 2719 5107 asperum
2765 5036 2913 5089 vobis
2961 5037 3201 5090 videatur
3239 5039 3379 5105 quod
3436 5038 3641 5093 factum
3686 5049 3782 5092 cst.

2197 5127 2286 5183 Dei
2315 5129 2456 5182 enim
2492 5127 2884 5195 dispensatione
2913 5127 3248 5195 contigerunt
3285 5127 3419 5183 hscc.
3466 5127 3613 5183 Deus
3657 5131 3784 5182 enim

2194 5238 2273 5275 me
2300 5220 2431 5275 misit
2456 5221 2509 5273 in
2529 5223 2679 5273 vitam
2707 5230 2824 5273 ante
2843 5236 2944 5272 vos.
2976 5221 3028 5273 6.
3062 5219 3198 5271 Nam
3226 5220 3306 5273 hic
3334 5222 3590 5274 secundus
3619 5237 3783 5274 annus

2193 5312 2343 5383 famis
2380 5329 2530 5383 super
2557 5323 2740 5365 terram
2765 5353 2779 5376 ,
2815 5321 2859 5365 et
2889 5312 3057 5365 adhuc
3082 5324 3268 5365 restant
3294 5315 3511 5383 quinque
3537 5316 3667 5367 anni
3691 5356 3705 5378 ,
3734 5316 3782 5366 in

2192 5409 2367 5479 quibus
2395 5424 2493 5459 non
2520 5407 2607 5459 erit
2638 5406 2800 5458 oratio
2825 5446 2837 5469 ,
2871 5422 3027 5474 neque
3062 5407 3251 5459 messis.
3282 5406 3333 5459 7.
3375 5405 3518 5459 Misit
3542 5409 3679 5459 enim
3710 5422 3782 5458 me

2196 5499 2331 5553 Deus
2354 5508 2468 5551 ante
2485 5513 2585 5561 eos,
2611 5506 2664 5549 ut
2681 5497 3074 5563 relinquerentur
3093 5497 3225 5549 vobis
3252 5497 3477 5566 reliquiae
3502 5514 3660 5567 super
3681 5507 3777 5550 ter-

2193 5608 2317 5644 ram.
2346 5593 2397 5644 8.
2435 5588 2587 5642 Nunc
2612 5589 2764 5658 igitur
2783 5602 2882 5639 non
2902 5604 2988 5640 eos
3011 5604 3088 5640 me
3111 5589 3314 5641 misistis
3335 5590 3433 5640 Itue
3451 5630 3465 5650 ,
3499 5591 3590 5640 sed
3623 5588 3773 5640 Deus.

2263 5683 2313 5735 7.
2348 5681 2478 5736 Vide
2517 5679 2780 5751 quomodo
2810 5679 2974 5733 semel
3004 5687 3055 5731 et
3090 5679 3279 5732 iterum
3315 5689 3368 5732 et
3398 5680 3557 5733 tertio
3585 5694 3771 5732 ροηδε).

2196 5773 2474 5828 ιιιιιιτεὶιῑοε
2502 5812 2516 5838 ,
2548 5770 2729 5826 dicens
2758 5786 2816 5825 se
2847 5785 2951 5823 non
2988 5769 3114 5839 ipsis
3140 5769 3673 5825 adscribcrccausam
3693 5768 3770 5821 sui
