3964 6444
290 322 398 380 557

290 439 565 507 ingressus
594 435 645 489 iu
678 433 984 505 Egyptum,
1009 430 1102 487 sed
1130 432 1292 487 Deum
1322 430 1421 486 hoc
1450 431 1658 499 fecisse,
1682 441 1738 486 ut
1758 432 1871 501 ipse

290 530 349 583 in
377 529 513 580 hanc
529 526 737 579 veniret
756 522 998 594 gloriam.
1026 522 1181 586 Deus,
1204 521 1391 591 inquit,
1415 522 1546 576 misit
1572 538 1666 588 me,
1696 533 1741 574 et
1762 522 1877 593 fecit

292 636 375 671 me
399 617 542 687 quasi
573 626 767 685 patrem
802 613 1089 667 Pharaonis
1112 654 1127 678 ,
1160 622 1206 665 et
1234 613 1490 665 dominum
1522 613 1671 665 totius
1701 612 1878 665 domus

290 710 458 773 illius,
482 718 527 761 et
552 708 827 774 principem
851 706 1001 759 totius
1029 704 1262 774 Egypti.
1296 704 1407 767 Illa,
1441 704 1625 774 inquit,
1654 705 1879 758 servitus

294 800 444 852 hunc
484 796 833 866 principatum
874 795 1000 848 mihi
1039 794 1376 859 conciliavit,
1422 794 1509 847 illa
1554 795 1786 847 venditio
1826 794 1878 847 in

297 888 442 941 hanc
469 901 556 940 me
579 886 801 955 gloriam
830 884 1004 938 evexit
1031 924 1044 947 ,
1078 884 1163 936 illa
1193 883 1408 937 afﬂictio
1441 882 1595 951 hujus
1622 883 1749 937 mihi
1780 883 1879 936 lto-

296 980 449 1031 noris
488 977 698 1031 occasio
727 974 862 1041 fuit,
904 975 989 1028 illa
1017 974 1214 1028 invidia
1257 974 1392 1029 hanc
1431 974 1557 1028 mihi
1586 974 1877 1028 claritatem

297 1071 530 1140 peperit.
561 1069 685 1123 Hice
712 1081 809 1121 nos
835 1082 941 1122 non
965 1067 1136 1121 solum
1162 1066 1435 1120 audiamus
1457 1108 1471 1133 ,
1504 1066 1596 1120 sed
1624 1076 1673 1121 et
1705 1066 1880 1120 imite-

297 1179 424 1216 mur
448 1180 462 1217 :
489 1172 539 1216 et
568 1162 636 1215 ita
663 1160 897 1214 solemur
921 1174 1013 1213 eos
1036 1159 1129 1229 qui
1159 1174 1255 1213 nos
1281 1158 1538 1225 afﬂixere,
1570 1174 1674 1212 non
1707 1159 1881 1226 impu-

297 1264 477 1308 tantes
505 1254 584 1308 eis
607 1270 726 1323 qua:
759 1254 808 1307 in
839 1267 936 1308 nos
964 1252 1311 1318 admiserunt,
1345 1260 1397 1307 et
1421 1254 1598 1306 omnia
1624 1268 1742 1306 cum
1774 1267 1884 1305 ma-

296 1360 406 1413 gna
439 1346 667 1398 ferentes
701 1343 1090 1409 benevolentia,
1122 1342 1260 1398 sicut
1290 1344 1379 1397 ille
1411 1345 1489 1398 vir
1518 1328 1880 1397 admirandus.

297 1436 488 1505 Igitur,
522 1434 708 1504 inquit,
737 1450 860 1488 cum
891 1449 1201 1503 persuasum
1226 1435 1373 1489 vobis
1403 1436 1637 1496 fecerim,
1667 1450 1751 1489 me
1780 1450 1882 1489 non

298 1528 456 1582 vobis
483 1526 785 1580 adscribere
804 1541 866 1579 ea
887 1540 1005 1594 qua:
1025 1535 1207 1579 contra
1232 1540 1316 1579 me
1342 1541 1370 1578 a
1393 1526 1542 1579 vobis
1569 1525 1702 1579 facta
1729 1533 1851 1578 sunt
1867 1566 1883 1591 ,

300 1617 399 1670 Sed
432 1616 569 1685 quod
608 1616 827 1669 liberem
857 1631 951 1668 vos
980 1615 1296 1669 criminibus
1329 1633 1341 1668 :
1377 1616 1484 1669 Deo
1511 1626 1685 1668 autem
1717 1624 1882 1668 totum

304 1706 558 1770 tribuam,
582 1706 673 1775 qui
696 1706 783 1758 illa
806 1705 875 1758 ita
898 1703 1223 1772 dispensavit
1245 1715 1298 1757 ut
1325 1714 1635 1774 prmsentem
1666 1704 1886 1773 gloriam

301 1797 383 1850 sic
406 1796 737 1865 acquirerem
760 1812 771 1847 :
797 1794 849 1849 9.
884 1794 1007 1847 Ideo
1024 1796 1311 1865 festinantes
1334 1796 1582 1849 ascendite
1606 1795 1673 1846 ad
1695 1804 1887 1863 patrem

301 1902 470 1940 meum
496 1926 511 1949 ,
542 1895 588 1938 ct
613 1886 761 1938 dicite
780 1886 823 1938 ei
847 1898 868 1939 :
900 1884 1022 1939 Παῖς
1044 1886 1163 1937 dicit
1184 1886 1320 1953 [ilius
1342 1896 1454 1938 tuus
1478 1885 1667 1953 Joseph
1701 1901 1718 1937 :
1749 1884 1889 1937 Fecit

300 1994 386 2030 me
404 1977 540 2030 Deus
560 1977 817 2029 dominum
836 1978 984 2030 totius
1005 1984 1149 2029 terra:
1165 1975 1399 2046 /Egypti.
1429 1975 1684 2029 Descende
1703 1975 1768 2028 ad
1791 1991 1886 2042 me,

300 2080 353 2123 et
379 2086 441 2121 ne
466 2067 673 2135 diﬂeras
698 2086 716 2128 :
752 2068 837 2121 10.
867 2077 912 2121 et
951 2068 1195 2121 habitabis
1227 2069 1277 2120 in
1316 2078 1448 2120 terra
1474 2066 1648 2120 Gesetn
1674 2108 1687 2127 ,
1722 2076 1765 2119 et
1794 2067 1890 2119 eris

298 2160 450 2228 apud
472 2176 549 2212 me
574 2168 647 2224 tu,
676 2169 721 2211 et
744 2159 836 2227 ﬁlii
869 2159 961 2225 tui,
994 2170 1039 2213 et
1071 2159 1164 2225 ﬁlii
1189 2159 1407 2226 ﬁliorum
1440 2168 1654 2221 tuorum,
1684 2167 1727 2210 et
1756 2172 1888 2221 oves,

294 2262 354 2304 et
388 2252 530 2304 boves
553 2292 569 2312 ,
610 2261 655 2303 et
694 2266 1016 2319 qutvcutnque
1057 2251 1205 2303 habes
1231 2292 1246 2315 ,
1282 2252 1367 2304 ll.
1398 2260 1443 2302 et
1470 2251 1603 2303 alam
1632 2262 1677 2302 te
1708 2250 1893 2321 (adhuc

296 2343 443 2393 enim
458 2342 675 2410 quinque
693 2341 839 2393 annis
862 2338 1061 2410 fames),
1082 2351 1135 2392 ut
1158 2357 1255 2393 non
1277 2341 1492 2394 delearis
1517 2351 1590 2406 tu,
1619 2352 1664 2393 et
1682 2342 1775 2409 ﬁlii
1798 2341 1890 2405 tui,

292 2441 356 2484 »ει
369 2433 531 2485 omnis
542 2432 816 2485 substantia
827 2440 931 2484 tua.
951 2432 1034 2486 12.
1052 2430 1181 2485 Ecce
1193 2432 1325 2485 oculi
1338 2434 1483 2485 vestri
1499 2434 1681 2498 vident,
1703 2443 1745 2485 et
1762 2434 1895 2487 oculi

298 2521 579 2586 Beniamin
610 2526 780 2592 fratris
809 2524 977 2587 vestri,
1000 2523 1135 2594 quod
1160 2540 1245 2576 ore
1271 2539 1378 2575 meo
1405 2524 1538 2576 vobis
1565 2522 1763 2592 loquor.
1787 2524 1895 2577 An-

296 2617 543 2667 .rtuntiate
582 2616 715 2685 patri
759 2632 865 2669 meo
906 2632 1099 2668 omnem
1129 2615 1342 2685 gloriam
1381 2634 1541 2669 nteant
1581 2633 1693 2687 qua:
1731 2628 1802 2670 est
1841 2617 1895 2671 in

308 2705 547 2778 Egypto
565 2749 578 2771 ,
605 2716 650 2761 et
679 2724 1002 2777 quwcumque
1030 2710 1221 2762 vidistis
1238 2751 1251 2772 ,
1280 2718 1329 2762 et
1354 2709 1644 2778 festinantes
1671 2708 1897 2763 deducite

307 2815 449 2852 eum.
482 2799 765 2867 Postquam
796 2800 906 2852 lucc
946 2799 1121 2852 omnia
1150 2798 1321 2862 dixit,
1350 2807 1402 2851 ct
1433 2799 1559 2853 satis
1589 2814 1679 2852 eos
1708 2813 1898 2853 conso-

309 2887 450 2940 latus
479 2897 581 2953 est,
615 2888 1022 2957 mandatumque
1043 2887 1186 2942 dedit
1210 2896 1265 2942 ut
1283 2887 1348 2941 de
1374 2888 1531 2942 rebus
1552 2898 1605 2942 et
1630 2897 1771 2943 statu
1799 2904 1896 2943 suo

310 2987 519 3047 patrem
546 2980 828 3034 certiorem
860 2980 1143 3033 redderent
1174 3020 1188 3044 ,
1218 2980 1501 3049 statimque
1531 2980 1894 3045 adducerent,

311 3071 403 3125 14.
440 3071 627 3125 Cecidit
653 3072 704 3124 in
735 3073 920 3126 collum
950 3072 1215 3141 Benjamin
1247 3072 1415 3140 fratris
1443 3074 1552 3136 sui,
1575 3084 1621 3126 et
1647 3075 1779 3142 ﬂevit
1809 3075 1828 3144 (
1854 3074 1898 3127 is

312 3180 546 3232 namque
566 3172 683 3217 erat
703 3164 938 3218 uterinus
960 3163 1166 3232 frater),
1186 3174 1229 3218 et
1251 3165 1337 3217 ille
1357 3165 1569 3217 vicissim
1595 3166 1729 3234 ﬂevit
1750 3182 1899 3235 super

314 3269 409 3317 eo;
445 3264 489 3306 ct
525 3255 778 3307 osculatus
812 3264 881 3308 est
912 3272 1084 3308 omnes
1113 3258 1295 3325 fratres
1335 3270 1450 3307 suos
1472 3296 1484 3318 ,
1509 3264 1557 3307 et
1584 3256 1721 3324 ﬁevit
1748 3271 1899 3325 super

305 3361 421 3398 eos.
454 3346 689 3414 Denique
718 3355 835 3414 post
862 3355 1062 3400 tantum
1094 3346 1413 3415 colloquium
1441 3355 1492 3399 et
1520 3346 1813 3416 lacrymas,
1845 3355 1899 3399 et

300 3434 732 3489 consolationem
759 3476 775 3501 ,
803 3444 855 3488 et
886 3436 1163 3489 consilium
1202 3435 1342 3505 quod
1373 3434 1450 3488 eis
1480 3436 1654 3499 dedit,
1684 3436 1768 3488 vix
1800 3450 1897 3503 po-

315 3534 535 3579 tuerunt
562 3540 680 3579 cum
710 3541 773 3579 eo
804 3525 968 3593 loqui.
1000 3526 1082 3579 15.
1114 3523 1238 3577 Post
1263 3528 1368 3578 hwc
1398 3527 1559 3590 enim,
1593 3526 1791 3593 inquit,
1820 3525 1898 3579 lo-

296 3614 595 3686 .qucbantur
620 3616 683 3668 ei.
714 3615 801 3669 16.
835 3614 958 3668 Hazc
983 3625 1145 3668 autem
1173 3617 1341 3668 omnia
1368 3616 1624 3685 divulgata
1658 3626 1773 3669 sunt
1805 3658 1818 3679 ,
1855 3621 1900 3669 ct

308 3708 563 3760 celebrata
599 3707 651 3760 in
677 3708 826 3759 donta
853 3706 1136 3760 Pharaonis
1156 3748 1169 3771 ,
1203 3717 1248 3761 et
1277 3709 1475 3777 gavisus
1506 3718 1575 3761 est
1604 3748 1619 3770 ,
1658 3719 1703 3760 et
1730 3724 1899 3761 omnes

309 3802 403 3871 qui
443 3802 494 3853 in
535 3801 684 3852 domo
719 3802 846 3868 ejus.
879 3800 1221 3863 Exhilaravit,
1258 3800 1458 3869 inquit,
1487 3815 1673 3854 omnes
1703 3801 1899 3868 agnitio

312 3893 541 3945 fratrum
572 3891 787 3960 Joseph.
822 3892 907 3943 l7.
940 3889 1008 3943 Et
1035 3890 1182 3955 dixit,
1216 3890 1402 3958 inquit,
1428 3906 1517 3943 rex
1542 3888 1734 3959 Ioseph
1760 3907 1776 3944 :
1803 3888 1900 3942 Dic

314 3983 562 4053 fratribus
589 3982 685 4035 tuis
714 3998 732 4034 :
765 3980 876 4033 Hoc
903 3983 1052 4050 facite
1080 3996 1097 4032 :
1124 3979 1323 4049 implete
1347 3978 1573 4032 vehicula
1602 3989 1762 4032 vestra
1789 3980 1900 4047 fru-

315 4081 508 4137 mento,
543 4080 589 4124 et
624 4070 773 4124 abite.
812 4070 900 4124 18.
932 4067 997 4121 Et
1029 4077 1281 4139 assumpto
1312 4077 1455 4137 patre
1480 4079 1638 4121 vestro
1654 4068 1811 4121 redite
1834 4070 1898 4118 ad

314 4179 432 4227 me,
466 4176 513 4215 et
548 4162 676 4215 dabo
716 4161 849 4215 vobis
888 4161 951 4214 de
989 4160 1217 4213 omnibus
1256 4160 1395 4212 bonis
1429 4157 1647 4229 Afgypti
1679 4177 1695 4211 :
1726 4157 1812 4211 19.
1846 4168 1899 4211 tu

311 4263 487 4306 autem
512 4254 725 4319 manda,
756 4261 810 4306 ut
830 4252 1079 4320 accipiant
1105 4252 1329 4320 plaustra
1362 4251 1531 4319 pueris
1562 4260 1607 4303 et
1638 4251 1898 4305 uxoribus.

311 4343 457 4398 Vide
501 4353 554 4399 et
602 4359 778 4412 regem
804 4384 818 4407 ,
848 4342 1115 4411 quomodo
1139 4341 1247 4411 jam
1278 4356 1458 4394 curam
1499 4342 1606 4411 agit
1635 4340 1701 4393 de
1728 4340 1898 4394 reditu

323 4434 483 4489 Iacob
513 4433 607 4503 (a).
632 4430 700 4485 Et
726 4441 1005 4499 assumpto,
1038 4431 1229 4499 inquit,
1261 4441 1399 4499 patre
1420 4438 1578 4482 vestro
1604 4431 1782 4495 venite,
1806 4429 1897 4483 20.

316 4535 365 4577 et
394 4541 455 4577 ne
482 4524 703 4593 parcatis
727 4523 884 4577 oculis
915 4522 979 4575 de
1006 4522 1135 4575 vasis
1166 4520 1357 4573 vestris.
1400 4518 1586 4571 Omnia
1616 4520 1745 4572 enitn
1772 4521 1898 4573 bona

319 4615 542 4686 Egypti
562 4625 724 4669 vestra
748 4624 913 4669 erunt.
930 4613 991 4667 2|
1009 4654 1021 4667 .
1048 4612 1297 4667 Fecerunt
1317 4622 1481 4665 autem
1506 4611 1577 4663 sic
1598 4612 1692 4679 ﬁlii
1713 4610 1896 4664 lsraél.

313 4706 473 4760 Dedit
501 4715 667 4759 autent
695 4705 891 4773 Ioseph
912 4706 982 4757 eis
1010 4720 1207 4769 currus,
1232 4702 1384 4771 juxta
1410 4702 1701 4754 mandatum
1732 4703 1899 4771 regis;

312 4798 407 4850 22.
433 4806 480 4848 et
502 4796 734 4850 omnibus
763 4794 963 4865 quidem
984 4793 1119 4847 dedit
1142 4793 1282 4846 binas
1302 4791 1456 4845 stolas
1475 4831 1489 4855 ,
1520 4789 1784 4859 Benjamin
1809 4808 1900 4843 au-

316 4896 420 4940 tem
442 4887 579 4938 dedit
602 4894 844 4939 trecentos
866 4899 1067 4945 aureos,
1093 4890 1138 4935 et
1162 4882 1377 4951 quinque
1406 4881 1559 4934 stolas
1586 4880 1897 4944 mutatorias,

316 4976 412 5030 23.
439 4985 483 5028 et
505 4976 635 5045 patri
654 4990 744 5029 suo
762 4976 893 5028 misit
913 4974 1143 5027 similiter
1161 4980 1205 5025 et
1226 4972 1395 5025 decem
1419 4971 1587 5024 asinos
1608 4974 1818 5041 ferentes
1840 4971 1902 5024 de

315 5066 463 5119 bonis
481 5065 553 5117 1E
558 5066 718 5136 gypti,
744 5074 792 5120 et
811 5069 979 5119 decem
999 5064 1161 5117 mulas
1185 5064 1395 5132 ferentes
1413 5078 1564 5131 panes
1587 5062 1717 5131 patri
1738 5078 1829 5115 suo
1850 5063 1899 5116 itt

316 5158 473 5211 viam.
500 5156 589 5211 24.
624 5157 815 5223 Quibus
842 5154 1071 5210 omnibus
1101 5154 1233 5208 datis
1251 5195 1267 5222 ,
1300 5154 1434 5207 misit
1467 5155 1650 5223 fratres
1675 5169 1825 5216 suos,
1855 5161 1900 5206 et

383 5328 457 5390 (Aa)
489 5330 560 5377 sic
582 5341 752 5378 omnes
766 5341 873 5390 cum
887 5327 1024 5386 Editi,
1042 5331 1144 5376 tum
1164 5326 1482 5390 stattuscripti.
1500 5331 1558 5390 At
1575 5336 1803 5390 quorsum
1822 5321 1902 5390 hic

316 5384 506 5456 reditus
520 5391 684 5456 gaeobi
707 5393 755 5438 in
782 5384 1054 5453 «Egyptum,
1092 5389 1172 5450 qui
1198 5384 1457 5456 numquam
1468 5384 1747 5456 _1£gy'ptttm_
1764 5384 1899 5456 vide-

312 5449 427 5498 rat?
444 5460 507 5498 An
518 5451 595 5499 hic
614 5465 705 5499 vox
718 5447 891 5510 Graeca,
903 5447 1257 5510 namque.
1269 5447 1443 5506 reditu,
1467 5447 1784 5507 interpretata
1804 5451 1896 5510 est,

310 5512 473 5575 posita
499 5515 643 5575 tuerit
676 5508 952 5575 pro,si.o'sou,
979 5510 1056 5559 vel
1083 5508 1257 5575 potius,
1280 5516 1470 5575 _!a°6860,
1498 5521 1607 5575 qua:
1624 5520 1784 5575 _voces
1802 5508 1899 5567 jam

305 5568 434 5625 non.
459 5568 690 5627 reditum;
708 5568 813 5629 sed,
844 5568 1141 5629 descensum,
1167 5569 1494 5632 signiﬁcarent
1507 5568 1604 5632 ?_F.t
1624 5568 1701 5615 hic
1723 5579 1900 5615 sensus

305 5633 596 5695 quadraret,
620 5634 1007 5695 quandoquidem
1046 5634 1128 5694 qui
1154 5629 1403 5695 ea'Judaaa
1435 5631 1482 5679 in
1508 5629 1763 5692 JEgyptum
1784 5638 1898 5690 per-

306 5693 456 5758 gunt,
473 5694 777 5744 descendere
801 5693 854 5743 ut
876 5693 1131 5757 plurimum
1147 5693 1387 5741 dicuntur.

1333 319 1395 373 IN
1434 318 1587 373 CAP.
1632 317 1786 374 XLV.
1829 315 2067 373 GENES.
2111 318 2343 373 HOMEL.
2376 320 2537 375 LXV.
3454 321 3557 377 5358

1986 434 2200 503 profecti
2225 443 2340 487 sunt
2364 451 2381 487 :
2404 434 2629 501 dixitque
2657 434 2727 487 cis
2754 449 2771 487 :
2802 432 2884 487 Ne
2908 433 3196 487 irascamini
3220 435 3270 487 in
3298 436 3396 487 via.
3434 436 3562 489 Vide

1985 534 2221 579 mentem
2262 526 2501 580 moribus
2528 526 2741 596 optimis
2773 526 3066 594 praeditam.
3098 525 3211 579 Non
3242 526 3413 581 solum
3452 528 3563 597 ipse

1984 614 2186 667 dimisit
2215 616 2346 669 iram
2367 656 2381 680 ,
2412 626 2465 670 et
2491 631 2521 669 a
2548 616 2859 670 criminibus
2899 616 3177 682 liberavit,
3209 616 3303 671 sed
3336 625 3390 671 et
3420 618 3564 685 ipsos

1986 704 2236 759 admonet
2259 747 2271 768 ,
2315 721 2380 759 ne
2411 707 2705 760 irascantur
2732 707 2783 760 in
2810 707 2914 771 via,
2948 722 3121 775 neque
3144 722 3264 762 sese
3290 717 3473 762 mutuo
3498 707 3567 762 de

1989 794 2139 848 factis
2162 804 2427 849 accusent.
2460 796 2593 850 Nam
2622 797 2665 850 si
2698 812 2863 866 nuper
2888 813 3009 851 cum
3038 805 3294 851 steterant
3320 809 3442 853 ante
3466 799 3563 853 Jo-

1986 887 2139 955 sepb,
2160 886 2404 940 dicebant
2422 888 2558 941 inter
2582 902 2660 953 se,
2684 888 2862 942 Merito
2883 908 2901 941 :
2924 890 2974 942 in
3002 890 3217 958 peccatis
3238 890 3368 942 enim
3394 907 3565 944 sumus

1988 988 2191 1046 prapter
2215 982 2424 1047 fratrem
2450 989 2672 1032 nostrum
2693 1019 2708 1044 ,
2729 979 2846 1047 quia
2870 980 3185 1047 despeximus
3212 980 3318 1048 ejus
3338 980 3565 1050 afﬂictio-

1989 1085 2099 1122 nem
2130 1069 2290 1137 (Cen.
2316 1070 2402 1123 42.
2431 1070 2521 1123 21.
2547 1070 2643 1142 22)
2670 1088 2684 1136 ;
2707 1080 2761 1126 et
2789 1087 3075 1139 exsurgens
3102 1072 3287 1126 Ruben
3315 1073 3521 1127 dicebat
3552 1091 3564 1126 :

1991 1161 2177 1214 Nonne
2211 1160 2315 1215 dixi
2352 1162 2486 1215 vobis
2512 1204 2527 1229 ,
2564 1179 2625 1216 ne
2653 1160 2842 1233 injuria
2862 1162 3084 1233 officialis
3115 1181 3347 1232 puerum,
3388 1174 3433 1217 et
3466 1180 3567 1217 non

1989 1252 2263 1304 exaudistis
2300 1268 2377 1303 me
2397 1252 2422 1304 ξ’
2461 1252 2627 1306 multo
2663 1252 2832 1321 magis
2860 1252 3144 1307 verisimile
3172 1262 3305 1315 erat,
3337 1252 3481 1306 illum
3513 1252 3565 1305 in

1990 1343 2070 1396 via
2098 1358 2219 1396 cum
2248 1343 2368 1397 aliis
2395 1344 2687 1398 rixatnrnm
2715 1358 2851 1398 esse.
2899 1344 3181 1413 Propterea
3210 1346 3566 1414 comprimens

1986 1448 2174 1489 eorum
2203 1436 2335 1489 iram
2365 1444 2419 1490 et
2444 1437 2839 1491 contentionem
2868 1443 3122 1497 mutuam,
3154 1436 3279 1489 dicit
3307 1454 3319 1489 :
3353 1435 3434 1488 Ne
3460 1436 3568 1488 ira-

1989 1528 2201 1581 scamini
2222 1529 2273 1581 in
2300 1528 2409 1593 via;
2436 1528 2528 1582 sed
2554 1527 2846 1596 cogitantes
2874 1526 3013 1596 quod
3039 1542 3137 1596 ego
3164 1542 3267 1580 non
3295 1526 3568 1581 habuerim

1993 1634 2089 1688 pro
2114 1619 2336 1673 crimine
2362 1633 2478 1687 qua:
2506 1618 2558 1671 in
2586 1632 2672 1671 me
2704 1616 3013 1682 admisistis,
3046 1616 3145 1686 ipsi
3171 1616 3333 1671 etiam
3356 1631 3451 1671 vos
3475 1616 3569 1670 be-

1992 1712 2290 1765 nevolentia
2322 1710 2553 1763 vicissim
2586 1709 2997 1778 prosequamini.

2064 1797 2279 1852 Moralis
2306 1799 2604 1852 exhortatio.
2629 1828 2697 1837 —
2718 1798 2846 1863 Quis
2879 1812 2974 1866 pro
3000 1796 3253 1865 dignitate
3278 1795 3572 1849 admirare-

1997 1899 2081 1944 tur
2103 1889 2232 1958 justi
2264 1890 2359 1943 viri
2388 1889 2543 1958 hujus
2575 1889 2843 1953 virtutem,
2876 1888 2964 1957 qui
2997 1903 3147 1941 nova:
3180 1888 3309 1955 legis
3337 1887 3571 1955 philoso-

1993 1983 2171 2052 phiam
2220 1997 2405 2052 magna
2446 1980 2755 2049 adimplevit
2791 1979 3093 2048 diligentia;
3139 1986 3294 2048 atque
3340 1977 3389 2031 id
3433 1977 3570 2045 quod

1993 2073 2241 2127 Christus
2263 2074 2513 2127 admonet
2542 2072 2850 2141 discipulos,
2885 2070 3089 2140 Diligile
3108 2069 3335 2122 inimicos
3365 2076 3570 2131 vestros,

1997 2173 2135 2217 orate
2158 2180 2248 2232 pro
2280 2161 2683 2231 persequentibus
2710 2176 2794 2213 vos
2825 2159 3037 2228 (Matth.
3064 2159 3115 2213 5.
3141 2157 3256 2227 dli),
3283 2158 3382 2210 hoc
3411 2157 3495 2210 ille
3522 2166 3576 2210 et.

1998 2257 2163 2309 multo
2190 2256 2355 2324 magis
2385 2254 2545 2309 fecit?
2587 2252 2769 2323 Neque
2812 2253 2954 2307 enim
2996 2252 3167 2304 solum
3198 2259 3393 2303 tantam
3424 2248 3577 2303 exhi-

2000 2350 2113 2405 buit
2143 2349 2419 2404 caritatem
2452 2362 2576 2416 erga
2605 2362 2697 2400 cos
2726 2346 2813 2414 qui
2841 2361 2925 2406 se,
2960 2352 3211 2413 quantum
3242 2342 3294 2396 in
3324 2343 3400 2396 eis
3428 2351 3538 2395 erat
3558 2383 3573 2401 .

1998 2441 2333 2501 occiderant;
2364 2438 2456 2493 sed
2484 2438 2658 2491 omnia
2693 2438 2845 2499 facit,
2888 2445 2945 2489 ut
2971 2435 3300 2488 demonstret
3328 2433 3455 2485 nihil
3484 2446 3577 2486 eos

1999 2533 2049 2586 in
2080 2546 2137 2586 se
2165 2530 2365 2601 peccati
2396 2528 2692 2582 admisisse.
2725 2526 2768 2581 Ο
2798 2524 3147 2594 philosophia:
3172 2522 3573 2576 excellentiam!

1999 2637 2032 2676 ο
2057 2622 2324 2690 ingentem
2357 2618 2695 2689 probitatem,
2728 2625 2784 2671 et
2810 2614 3110 2669 dilectionis
3144 2612 3232 2666 Dei
3260 2611 3576 2679 magnitudi-

2001 2712 2296 2769 nemlNon
2329 2727 2451 2776 vos,
2498 2711 2688 2779 inquit,
2736 2708 2853 2761 hoc
2900 2706 3026 2760 mihi
3075 2706 3303 2769 fecistis;
3344 2704 3435 2757 sed
3486 2704 3575 2756 Dei

1999 2821 2123 2875 erga
2158 2820 2244 2859 me
2272 2802 2599 2875 providentia
2656 2800 2767 2854 huic
2799 2799 2909 2853 fieri
2934 2799 3191 2868 permisit,
3220 2804 3277 2850 ut
3307 2795 3434 2848 mibi
3484 2810 3576 2847 so-

2001 2897 2264 2951 mniorum
2287 2902 2507 2949 eventus
2530 2890 2884 2953 concedatur,
2929 2898 2982 2942 et
3016 2888 3165 2942 vobis
3207 2887 3391 2941 salutis
3418 2900 3575 2939 causa

2000 3002 2119 3042 esse
2148 2986 2367 3057 possim.
2398 2985 2471 3039 lta
2502 2991 2557 3036 ut
2581 2984 2630 3035 in
2663 2979 3032 3035 afﬂictionibus
3053 2987 3104 3032 et
3128 2978 3179 3031 in
3202 2976 3579 3031 tentationibus

2001 3092 2140 3141 esse,
2172 3076 2215 3130 si
2245 3075 2405 3129 sobrii
2436 3073 2624 3137 simus,
2648 3071 2838 3125 divinm
2867 3070 2933 3123 sit
2960 3084 3081 3138 erga
3114 3083 3211 3121 nos
3236 3064 3577 3135 providentiae

2002 3175 2055 3222 et
2075 3165 2459 3222 benevolentiae
2487 3164 2713 3232 signum.
2745 3161 2816 3214 Ne
2842 3161 2999 3230 igitur
3020 3161 3070 3213 in
3094 3157 3339 3212 omnibus
3362 3169 3577 3224 prospe-

2002 3258 2213 3311 ritatem
2236 3266 2287 3310 ct
2311 3254 2631 3308 afﬂuentiam
2658 3253 3003 3321 inquiramus,
3034 3250 3128 3303 sed
3154 3257 3207 3302 et
3232 3248 3343 3302 sive
3374 3247 3423 3299 in
3454 3260 3579 3315 pro-

2002 3348 2255 3417 speritate
2282 3347 2469 3401 simus.
2502 3344 2611 3395 sive
2656 3343 2707 3394 in
2738 3340 3078 3403 adversitate,
3112 3338 3355 3391 similiter
3384 3337 3576 3405 gratias

2002 3439 2286 3492 offeramus
2328 3434 2552 3490 Domino
2573 3477 2587 3497 ,
2623 3443 2677 3486 ut
2703 3433 2809 3485 visa
2839 3440 2985 3500 grata
3019 3437 3195 3484 mente
3225 3436 3399 3481 nostra
3428 3468 3443 3492 ,
3478 3428 3579 3477 lar-

2002 3533 2203 3601 gioretn
2248 3544 2395 3583 suam
2434 3542 2558 3596 erga
2606 3540 2702 3578 nos
2740 3524 2971 3577 declat-et
3008 3518 3386 3590 providentiam
3420 3532 3577 3584 :qu;e

2004 3625 2157 3679 nobis
2186 3621 2434 3677 omnibus
2460 3617 2780 3673 concedatur
2807 3614 2971 3685 gratia
2999 3622 3052 3667 et
3077 3608 3442 3666 misericordia
3476 3610 3577 3661 Do-

2004 3717 2132 3773 mini
2177 3715 2340 3769 nostri
2388 3713 2510 3767 Jesu
2560 3710 2793 3770 Christi,
2850 3708 3061 3776 quicum
3105 3703 3245 3759 Patri
3298 3711 3351 3755 et
3395 3710 3578 3753 sancto

2004 3809 2220 3879 Spiritui
2251 3809 2316 3861 sit
2342 3805 2528 3875 gloria.
2556 3802 2856 3870 imperium,
2886 3800 3075 3865 honor,
3104 3810 3241 3849 nunc
3266 3804 3317 3849 et
3343 3806 3573 3861 semper,

2003 3910 2056 3956 et
2087 3900 2136 3953 in
2169 3896 2360 3952 smcula
2385 3892 2723 3947 smculorutn.
2755 3892 2942 3943 Amen.

2552 4046 2829 4102 llOMlLIA
2867 4043 3025 4099 LXV.

2006 4187 2072 4241 Et
2110 4184 2469 4248 ascenderunt,
2514 4182 2716 4250 inquit,
2766 4195 2829 4233 ex
2876 4176 3139 4247 zEgypto,
3188 4184 3231 4227 et
3268 4181 3497 4225 venerunt
3526 4172 3578 4222 in

2077 4288 2259 4331 terram
2287 4274 2527 4328 Chanaan
2556 4271 2622 4324 ad
2641 4270 2799 4323 Jacob
2828 4278 3016 4337 patrem
3042 4281 3187 4318 suum
3205 4278 3222 4317 .'
3238 4272 3283 4316 et
3318 4262 3578 4313 nuntiave-

2075 4376 2193 4420 runt
2222 4365 2267 4418 ei
2293 4365 2547 4417 dicentes:
2572 4359 2617 4413 F
2617 4361 2735 4413 ilius
2755 4370 2868 4411 tuus
2893 4356 3079 4423 Ioseph
3109 4354 3243 4417 vivit,
3275 4360 3318 4403 et
3346 4349 3581 4401 domina-

2077 4467 2156 4509 tur
2186 4456 2274 4508 toti
2295 4466 2437 4507 terra:
2464 4450 2697 4520 Afgypti.
2734 4449 2797 4501 Et
2827 4446 3073 4515 obstupuit
3097 4440 3256 4495 Iacob
3274 4456 3293 4506 ;
3323 4456 3420 4492 non
3446 4439 3578 4492 enim

2075 4547 2283 4602 credidit
2309 4548 2378 4599 eis
2409 4544 2558 4615 (Gen.
2588 4544 2676 4596 45.
2702 4540 2791 4594 25.
2824 4540 2935 4607 26).

2077 4685 2128 4737 1.
2152 4679 2370 4735 Vidistis
2399 4694 2461 4731 ex
2490 4676 2571 4729 his
2591 4690 2706 4743 qum
2729 4671 2843 4725 heri
2860 4669 2994 4722 dicta
3021 4674 3164 4728 sunt,
3188 4662 3577 4734 philosophiam

2004 4774 2219 4844 Josephi
2248 4813 2265 4838 ,
2313 4781 2365 4825 et
2416 4765 2820 4822 inenarrabilem
2864 4760 3198 4815 clementiam
3248 4771 3405 4826 quam
3458 4769 3580 4823 erga

2007 4866 2196 4920 fratres
2220 4878 2341 4916 suos
2370 4858 2609 4915 exhibuit
2633 4874 2644 4908 :
2674 4869 2772 4909 nec
2801 4852 2968 4906 solum
2999 4850 3193 4904 nullam
3226 4848 3349 4903 fecit
3372 4862 3581 4902 memo-

2005 4958 2136 5011 riam
2158 4968 2341 5008 corum
2369 4966 2485 5019 qure
2508 4949 2558 5000 in
2583 4962 2640 5001 se
2665 4945 3005 5007 admiserant,
3036 4941 3127 4996 sed
3148 4949 3203 4995 et
3226 4939 3489 4995 redituros
3517 4936 3580 4987 ad

2008 5054 2274 5116 parentem
2303 5039 2594 5099 admonuit,
2618 5036 2849 5106 ipsisque
2876 5034 3152 5087 consilium
3180 5029 3325 5084 dedit
3352 5044 3419 5083 ne
3448 5029 3584 5080 inter

2007 5113 2065 5190 se
2088 5136 2366 5204 jurgcntur
2388 5144 2549 5199 super
2574 5127 2658 5181 his
2680 5141 2798 5195 qua:
2826 5126 2875 5178 in
2910 5124 3078 5191 ipsum
3106 5120 3452 5181 admiserant,
3486 5113 3581 5167 sed

2006 5226 2221 5280 dimissa
2248 5222 2390 5278 omni
2422 5221 2496 5275 ira
2520 5260 2536 5286 ,
2567 5217 2788 5288 paciﬁce
2814 5215 3103 5268 ambulent.
3131 5209 3319 5278 Opera:
3352 5209 3581 5278 pretium

2005 5318 2082 5370 est
2116 5324 2293 5369 autem
2319 5321 2373 5366 et
2397 5310 2505 5380 jam
2531 5323 2648 5378 quae
2678 5313 2966 5374 sequuntur
2990 5314 3287 5364 recensere,
3318 5306 3375 5351 ut
3404 5297 3584 5350 videaa

2006 5422 2123 5461 mus
2136 5413 2189 5461 et
2219 5404 2408 5459 horum
2426 5401 2489 5455 ad
2514 5408 2714 5469 patrem
2735 5396 2983 5457 reditum,
3007 5400 3056 5445 et
3079 5391 3395 5445 descensum
3417 5386 3579 5443 Jacoh

2008 5498 2058 5551 in
2091 5496 2378 5565 Egyptum
2412 5508 2425 5542 :
2457 5502 2660 5542 necnon
2710 5482 2977 5554 quomodo
3020 5478 3319 5535 refloruerit
3361 5476 3580 5531 audiens

2005 5604 2065 5643 ea
2105 5564 2221 5655 qua:
2262 5579 2457 5648 Josepb
2504 5574 2840 5645 spectabant,
2872 5582 3063 5641 atque,
3089 5578 3148 5625 ut
3175 5569 3253 5624 sic
3278 5568 3479 5655 dicam.
3512 5564 3579 5617 de

2008 5651 2135 5731 sene
2148 5670 2357 5739 juvenis
2374 5666 2608 5722 redditus
2625 5663 2713 5719 sit.
2732 5663 2859 5731 Quis
2878 5661 3019 5717 enim
3035 5671 3280 5715 sermone
3302 5651 3586 5724 complecti
