3964 6462
395 297 496 355 559

397 422 578 482 posset
608 411 929 480 voluptatem
964 409 1014 463 in
1055 422 1156 478 qua
1202 418 1326 462 tunc
1366 405 1554 470 fuerit,
1599 421 1717 458 eum
1749 404 1981 458 disceret

401 505 593 574 Josepb
627 505 823 567 vivere,
849 515 899 558 et
929 503 980 557 in
1014 512 1152 557 tanta
1172 501 1424 571 dignitate
1452 500 1797 554 constitutum
1825 499 1988 553 esse?

403 605 762 666 tnex5pectata
793 596 932 649 enim
965 595 1097 649 bona
1145 595 1402 663 majorem
1437 594 1762 661 voluptatem
1795 591 1988 648 afferre

401 688 595 741 solent.
629 687 796 755 Quem
829 687 968 740 enim
1010 686 1229 755 putabat
1275 695 1398 740 ante
1448 693 1525 740 tot
1565 699 1734 739 annos
1764 683 1928 740 fuisse
1956 699 1987 738 a

402 779 586 832 bestiis
605 777 936 842 devoratum,
962 789 1017 831 nt
1036 778 1294 833 intellexit
1318 785 1502 832 tenere
1525 777 1802 846 imperium
1829 776 1989 830 totius

405 871 638 942 Egypti,
669 871 937 940 quomodo
963 886 1066 924 non
1098 886 1206 940 pne
1232 867 1594 939 magnitudine
1613 868 1787 938 gaudii
1811 876 1990 923 mente

402 963 661 1020 excessit?
683 963 825 1017 ldem
847 963 988 1017 enim
1007 963 1182 1018 facere
1199 963 1336 1017 solet
1353 962 1695 1017 immodicum
1711 962 1985 1032 gaudium,

399 1054 537 1126 quod
567 1055 754 1125 ingens
781 1054 1013 1109 tristitia.
1046 1055 1111 1108 Et
1138 1053 1317 1109 videre
1343 1054 1464 1109 licet
1488 1053 1684 1107 nmltos
1713 1052 1988 1108 effundere

394 1152 436 1200 la
450 1161 662 1218 crymas
693 1162 801 1217 pra:
827 1146 1021 1218 gaudio
1049 1148 1336 1210 immenso,
1371 1147 1507 1202 alios
1529 1146 1686 1200 etiam
1715 1161 1859 1216 sa~pc
1891 1146 1991 1198 nb-

395 1248 739 1308 stupescere,
771 1239 986 1309 quando
1027 1239 1138 1293 fieri
1177 1239 1358 1294 vident
1401 1253 1464 1293 ea
1506 1255 1624 1309 qua:
1655 1255 1760 1292 non
1801 1254 1993 1306 exspe-

395 1337 794 1383 ctaverant:et
837 1344 974 1398 quos
1021 1338 1260 1382 mortuos
1288 1343 1408 1383 esse
1436 1328 1722 1398 putabant,
1770 1338 1990 1396 repente

398 1419 548 1474 vivos
577 1419 818 1475 vident‘.
859 1420 964 1476 Sed
995 1431 1050 1475 ut
1080 1419 1412 1475 manifestior
1443 1422 1531 1476 fiat
1561 1437 1740 1476 sermo
1769 1432 1950 1476 noster
1972 1465 1987 1488 ,

401 1509 683 1564 audiamus
712 1527 833 1581 qua!
871 1511 1006 1566 lecta
1037 1521 1177 1565 sunt.
1205 1511 1295 1566 25.
1326 1510 1392 1564 Et
1414 1513 1764 1577 ascenderunt,
1799 1514 1987 1582 inquit,

399 1615 464 1653 ea:
491 1598 747 1672 ﬁgypto,
780 1613 825 1655 et
853 1611 1092 1654 venerunt
1134 1604 1186 1655 in
1227 1611 1410 1654 terram
1454 1601 1696 1656 Chanaan
1736 1603 1804 1655 ad
1831 1602 1992 1657 Iacob

403 1701 598 1761 patrem
625 1709 792 1756 suum,
819 1692 910 1746 26.
942 1703 987 1747 et
1012 1695 1433 1748 annuntiaverunt
1453 1695 1519 1758 ei,
1551 1695 1806 1749 dicentes:
1828 1694 1992 1750 Filius

403 1790 519 1835 tuus
546 1779 742 1852 Ioseph
777 1784 909 1847 vivit,
937 1794 983 1836 et
1012 1784 1118 1854 ipse
1144 1785 1436 1839 dominatur
1459 1787 1550 1838 toti
1578 1797 1724 1841 terra!
1751 1786 1989 1857 zEgypti.

405 1869 471 1925 Et
500 1875 706 1927 excessit
737 1885 897 1928 mente
923 1874 1083 1928 Jacob
1106 1891 1124 1929 :
1147 1892 1247 1928 non
1273 1877 1404 1928 enim
1433 1877 1646 1931 credidit
1677 1878 1768 1932 eis.
1809 1877 1990 1945 Vides,

403 1963 455 2018 id
482 1964 625 2034 quod
655 1964 895 2020 dicebam
917 2010 932 2030 ,
966 1966 1276 2022 incredibile
1320 1967 1370 2024 ei
1407 1969 1578 2023 visum
1610 1983 1730 2023 esse
1758 1969 1896 2039 quod
1925 1971 1994 2025 de

403 2056 603 2126 Josepb
649 2057 1093 2124 annuntiabatur,
1141 2059 1210 2112 ita
1256 2069 1315 2114 ut
1361 2070 1539 2116 mente
1587 2070 1991 2127 concuteretur,

405 2158 456 2200 et
485 2163 603 2216 quae
630 2163 660 2201 a
688 2147 937 2202 fratribus
963 2149 1175 2214 fiebant,
1210 2150 1582 2220 deceptioncm
1605 2166 1724 2208 esse
1748 2155 1995 2222 putaret?

406 2237 508 2306 Qui
549 2239 690 2292 enim
726 2248 848 2293 tunc
881 2242 1170 2296 attulerant
1213 2253 1414 2298 vestem
1447 2246 1705 2314 sanguine
1737 2245 1877 2301 ltmdi
1910 2247 1994 2302 iu-

405 2332 680 2400 quinatam
703 2375 716 2396 ,
758 2341 808 2386 et
845 2333 976 2402 patri
1006 2344 1382 2402 persuaserant
1412 2351 1532 2390 eum
1573 2352 1602 2390 a
1649 2338 1834 2394 bestiis
1877 2355 1996 2396 esse

405 2421 756 2485 devoratum,
801 2439 944 2478 nunc
983 2424 1166 2479 dicunt
1213 2441 1334 2480 cum
1383 2427 1592 2491 vivere,
1637 2437 1692 2482 et
1732 2429 1996 2486 dominari

410 2515 462 2567 in
496 2525 602 2568 tota
632 2515 884 2586 Egypto.
922 2517 984 2571 Et
1016 2518 1224 2572 turbata
1267 2526 1446 2574 mente
1475 2521 1740 2591 cogitabat
1769 2523 1906 2592 apud
1939 2538 1999 2580 se

407 2608 676 2676 quomodo
721 2610 911 2663 rati0ni
959 2619 1100 2664 esset
1150 2611 1250 2666 ltoc
1298 2625 1756 2668 consentaneum:
1788 2631 1908 2670 nam
1953 2620 1996 2670 sl

409 2714 592 2752 verum
621 2710 701 2753 est
729 2700 853 2753 illud
882 2700 1026 2769 prius
1049 2702 1269 2768 dictum,
1297 2704 1566 2773 quomodo
1589 2715 1796 2776 poterat
1819 2708 2000 2762 credi?

411 2801 454 2840 si
487 2799 667 2842 autem
715 2789 814 2843 lzoc
839 2791 1162 2845 credendum
1193 2803 1242 2846 et
1273 2810 1455 2848 verum
1480 2837 1494 2861 ,
1538 2796 1664 2850 illud
1698 2801 2001 2853 necessario

416 2877 572 2932 fuerit
595 2879 946 2934 mendacium.
970 2881 1220 2937 Turbavit
1242 2895 1415 2940 autem
1438 2902 1557 2941 cum
1581 2891 1826 2953 maxime,
1858 2893 2000 2962 quod

413 2970 556 3025 aliud
589 2987 616 3024 a
647 2970 766 3026 filiis
801 2981 953 3028 antea
993 2975 1266 3041 audierat,
1299 2989 1351 3031 et
1380 2979 1482 3032 alia
1523 2994 1662 3036 nunc
1704 2982 1772 3035 ab
1798 2983 2000 3038 eisdem

415 3061 664 3116 disceret.
702 3064 950 3118 Videntes
989 3066 1143 3135 igitur
1176 3069 1340 3137 patris
1382 3069 1769 3137 turbationem,
1813 3084 1868 3129 ct
1909 3092 2003 3129 vo-

418 3153 588 3206 lentes
611 3156 659 3207 ci
695 3153 930 3224 pluribus
957 3160 1280 3226 argumentis
1325 3161 1667 3230 persuadere,
1714 3181 1772 3220 se
1816 3182 1999 3223 verum

418 3246 618 3311 dicere,
650 3245 739 3302 27.
773 3247 991 3318 Loquuti
1029 3261 1143 3304 sunt
1163 3252 1209 3305 ei
1233 3255 1400 3306 omnia
1428 3270 1540 3324 qua:
1580 3272 1612 3307 a
1647 3256 1840 3329 Ioseph
1867 3261 2003 3315 dicta

417 3348 582 3406 erant,
608 3348 656 3394 el
685 3357 1008 3412 aurarumque
1033 3345 1128 3397 sibi
1157 3346 1503 3400 mandaverat.
1547 3347 1612 3403 Et
1653 3359 1832 3419 postea
1880 3366 2004 3422 pro-

416 3428 650 3484 tulerunt
677 3431 907 3500 plaustra
933 3474 948 3500 ,
976 3441 1029 3488 et
1051 3432 1189 3490 dona
1215 3450 1332 3506 qua:
1358 3452 1387 3489 a
1417 3436 1612 3507 Joseplt
1643 3441 1801 3495 missa
1829 3450 2002 3508 erant,

417 3533 470 3575 et
499 3522 586 3576 vix
625 3524 839 3578 tandem
887 3527 1125 3580 fecerunt
1171 3527 1327 3581 fidem
1361 3530 1530 3598 patri,
1561 3546 1666 3584 non
1697 3547 1816 3587 esse
1856 3547 2007 3589 men-

417 3611 570 3667 dacia
601 3629 718 3682 qua:
744 3628 773 3667 a
799 3628 860 3670 se
897 3615 1224 3670 dicerentur.
1255 3617 1384 3672 Nam
1413 3619 1601 3674 videns
1627 3621 1857 3690 plaustra
1885 3639 2006 3693 qua:

420 3703 584 3756 missa
628 3713 818 3768 erant,
864 3715 920 3760 ut
957 3705 1311 3763 descenderet
1335 3709 1387 3764 in
1413 3709 1726 3782 IEgyptum,
1773 3713 2002 3769 Primum

418 3795 642 3864 vigorem
680 3798 899 3868 recepit,
932 3799 1124 3868 inquit.
1183 3800 1357 3857 Senex
1382 3844 1396 3867 ,
1437 3802 1741 3873 decrepitus
1765 3848 1778 3869 ,
1807 3815 2004 3862 terram

419 3896 691 3956 spectans,
743 3888 1018 3944 alacritate
1062 3891 1225 3945 animi
1272 3890 1553 3948 confestim
1603 3895 2002 3964 jnvenescebat.

417 3980 554 4053 Quid
585 3989 686 4046 est,
721 3980 953 4036 Primum
990 3984 1210 4052 vigorem
1239 3985 1468 4055 recepit?
1497 3985 1644 4042 Sicut
1674 3989 1808 4058 ignis
1845 3991 1896 4044 in
1928 3991 2007 4044 lu-

419 4087 603 4139 cerua,
622 4073 844 4142 quando
870 4074 1050 4130 deficit
1075 4075 1178 4132 olei
1207 4077 1478 4144 alimonia,
1508 4089 1562 4134 et
1585 4080 1619 4148 j-
1644 4097 1694 4134 m
1717 4084 2006 4152 exstingui-

421 4173 527 4230 tur,
557 4165 599 4217 si
628 4179 815 4234 parum
843 4167 959 4236 quis
989 4168 1092 4222 olei
1133 4169 1400 4235 infuderit,
1437 4183 1654 4241 repente
1683 4175 1768 4243 qui
1801 4177 2004 4230 exstin-

419 4257 509 4328 gui
542 4256 858 4326 putabatur,
897 4259 1176 4314 clariorem
1205 4261 1398 4316 emittit
1424 4265 1593 4318 lucem
1623 4281 1634 4317 :
1661 4266 1729 4319 ita
1763 4279 1814 4322 et
1843 4284 2008 4324 senex

419 4349 508 4403 ille
554 4362 666 4418 pra:
715 4349 924 4403 tristitia
984 4349 1093 4418 jam
1157 4351 1419 4421 exstingui
1465 4355 1760 4410 videbatur.
1827 4357 2008 4414 Noluit

418 4441 583 4512 enim,
615 4440 803 4515 inquit,
845 4445 1236 4502 consolationem
1266 4445 1490 4520 accipere
1509 4492 1524 4515 ,
1555 4447 1762 4506 dicens:
1789 4449 2006 4507 Descen-

419 4535 536 4588 dam
588 4535 763 4606 lugens
817 4537 870 4590 in
913 4538 1165 4607 infernum
1207 4537 1360 4607 (Gen.
1407 4541 1496 4595 57.
1539 4540 1651 4610 '55).
1678 4542 1778 4597 Ubi
1830 4554 2006 4598 autem

413 4628 669 4696 cognovit
698 4627 882 4684 vivere
910 4629 1073 4684 filium
1097 4671 1110 4693 ,
1145 4641 1197 4686 et
1225 4631 1488 4685 dominari
1515 4633 1565 4685 in
1599 4641 1704 4686 tota
1735 4633 1966 4704 Egypto
1989 4675 2004 4700 ,

414 4728 471 4773 et
497 4719 628 4774 vidit
661 4720 890 4789 plaustra
917 4762 930 4786 ,
977 4721 1207 4775 Primum
1237 4724 1452 4792 vigorem
1483 4726 1686 4792 recepit,
1719 4737 1768 4778 ct
1793 4727 2008 4792 juvenis

412 4824 484 4864 ex
514 4825 644 4865 sene
684 4812 852 4865 factus
881 4822 982 4865 est.
1029 4813 1280 4881 Deposuit
1320 4815 1566 4869 maeroris
1597 4816 1864 4881 nebulam,
1898 4817 2006 4870 dis-

415 4901 552 4970 pulit
597 4902 974 4971 cogitationum
1012 4914 1418 4973 tempestatem,
1467 4906 1784 4974 tranquillus
1825 4918 2006 4975 postea

415 4995 514 5050 fuit
544 5012 558 5048 :
589 4994 700 5050 bare
726 4996 905 5050 omnia
932 4995 1273 5065 dispensante
1296 4998 1424 5064 Deo,
1459 5009 1515 5052 ιιι
1543 4999 1710 5068 justus
1738 5010 1842 5054 tam
1870 5002 2006 5055 mqu

415 5097 593 5143 torum
622 5089 862 5144 laborum
891 5088 1312 5145 consolazionem
1343 5090 1624 5158 inveniret,
1658 5103 1712 5148 et
1744 5095 2006 5164 particeps

416 5179 571 5236 ﬁeret
595 5182 860 5237 felicitatis
893 5181 983 5235 filii
1006 5198 1018 5235 :
1039 5189 1092 5236 et
1112 5192 1371 5252 prmterea
1395 5191 1450 5237 ut
1469 5185 1732 5238 somnium
1761 5185 2007 5254 implere.

417 5281 505 5326 tur
531 5271 583 5326 id
609 5272 748 5342 quod
780 5275 892 5342 ipse
921 5272 1300 5342 interpretatus
1326 5282 1470 5338 erat,
1502 5274 1686 5328 dicens
1708 5292 1719 5327 :
1742 5274 2006 5344 Numquid

417 5362 666 5418 veniemus
705 5381 796 5432 ego
827 5373 871 5418 et
903 5374 1060 5418 mater
1086 5373 1172 5417 tua
1193 5405 1207 5428 ,
1239 5372 1283 5417 et
1316 5367 1500 5435 fratres
1525 5366 1620 5429 lui,
1650 5374 1700 5418 ut
1738 5367 2005 5420 adoremus

417 5464 468 5508 te
507 5453 658 5525 (Gen.
688 5456 775 5510 37.
816 5456 944 5528 l0)?
986 5458 1053 5511 Et
1095 5456 1322 5512 credidit
1367 5457 1522 5512 dictis
1552 5467 1710 5527 atque
1736 5457 1883 5524 visis,
1911 5458 2003 5513 9.8.

415 5541 488 5597 Et
505 5545 654 5610 ducit,
674 5544 845 5616 inquit
867 5565 878 5600 :
899 5547 1092 5619 Magna
1109 5548 1230 5601 mihi
1250 5557 1388 5614 sunt,
1411 5548 1454 5601 si
1470 5547 1636 5600 adhuc
1652 5548 1764 5601 vivit
1779 5548 1969 5618 Josep/t
1988 5565 2006 5602 :

418 5675 502 5783 ω·
538 5681 744 5732 Quattlor
769 5685 894 5738 Mss,
914 5684 1108 5741 repente
1131 5677 1288 5728 vident
1313 5677 1362 5728 in
1382 5691 1553 5744 magno
1576 5678 1829 5742 splendore
1853 5679 2008 5731 viven-

1070 294 1108 346 S
1167 291 1445 349 JO.\NNIS
1481 288 1955 349 CIIRYSOS'TOW

2105 287 2313 343 {'IIIEEP.
2356 286 2887 345 CONSTAN'l'IXOI‘.

3577 305 3680 361 530

2093 399 2172 454 ibo
2194 401 2363 471 igitur,
2391 411 2438 454 cl
2466 403 2636 457 videbo
2658 420 2770 456 eum
2795 407 3085 476 priusquam
3108 410 3314 463 ntori.:r.
3349 411 3543 486 Magna
3576 430 3684 472 non

2045 489 2050 492 ’
2095 493 2251 559 nti/ti,
2301 494 2498 560 inquit,
2531 504 2585 550 et
2615 497 2878 551 excedunt
2917 514 3128 554 omnem
3169 505 3586 573 cogitationem,
3633 521 3684 563 rt

2093 585 2382 640 obscurmt
2409 602 2622 642 omnem
2647 587 2930 643 humanam
2961 591 3214 657 Ia-titiant,
3256 595 3315 649 Si
3343 597 3513 650 adhuc
3552 601 3688 666 ﬁlius

2093 693 2230 728 meus
2255 676 2448 747 Josep/t
2470 678 2584 731 vivit
2607 695 2626 732 :
2645 681 2724 732 ibo
2745 680 2898 750 igitur
2920 693 2966 735 ct
2998 685 3170 738 videbo
3192 702 3325 738 eunt.
3352 686 3690 744 Festinamus

2095 770 2286 840 igitur,
2323 782 2378 825 ut
2409 771 2524 841 ejus
2555 773 2823 842 colloquio
2854 776 3060 844 potiar,
3115 780 3422 849 priusquam
3472 783 3690 836 moriar.

2092 860 2278 924 Nunc,
2311 862 2506 932 inquit,
2537 865 2755 918 nuntius
2795 866 2883 919 ille
2925 870 3101 921 erexit
3146 871 3382 925 animttm
3411 887 3612 940 meum,
3643 886 3693 929 et

2096 953 2290 1024 fugavit
2321 956 2610 1009 senectutis
2640 956 3022 1022 infirmitatem,
3055 970 3109 1012 et
3135 961 3408 1016 roboravit
3431 975 3689 1019 mentem.

2093 1045 2242 1112 Quod
2272 1046 2315 1098 si
2343 1055 2396 1100 et
2421 1061 2540 1101 cum
2564 1062 2630 1101 eo
2651 1048 2881 1117 colloqui
2909 1051 3204 1120 contingat.
3231 1053 3524 1122 perfectam
3555 1056 3690 1110 ladi-

2097 1135 2224 1188 tiam
2272 1146 2594 1204 assequutus
2642 1139 2859 1192 moriar.
2918 1139 2981 1192 Et
3035 1141 3166 1195 nihil
3221 1153 3464 1200 moratus
3513 1145 3692 1214 justus

2096 1225 2270 1278 itineri
2302 1240 2360 1279 se
2391 1227 2692 1293 commisit,
2741 1231 2998 1285 festinans
3040 1241 3092 1286 et
3137 1248 3332 1302 urgens
3381 1246 3434 1289 ut
3485 1237 3692 1292 viderit

2096 1325 2200 1368 tam
2229 1316 2589 1372 desideratum
2635 1319 2802 1372 filittm
2825 1361 2838 1381 ,
2884 1331 3044 1390 utque
3086 1334 3209 1378 ante
3241 1334 3318 1378 tot
3346 1342 3516 1379 annos
3544 1343 3690 1380 mor-

2097 1415 2265 1473 tuum,
2289 1415 2360 1472 et,
2385 1419 2438 1461 ut
2465 1410 2703 1478 putabat,
2729 1410 2926 1466 factum
2949 1414 3124 1466 eilnun
3148 1415 3460 1478 bestiarum,
3488 1417 3694 1474 videret

2097 1513 2238 1550 nunc
2277 1513 2456 1568 regem
2499 1499 2736 1571 Aigypti.
2782 1504 2831 1555 1.
2877 1503 2942 1556 lit
2986 1521 3103 1557 cum
3133 1508 3344 1561 renissct
3383 1509 3452 1561 ad
3487 1522 3691 1579 pateant

2096 1587 2386 1651 iuramenti,
2411 1605 2617 1659 preces,
2647 1593 2838 1662 quibus
2868 1597 3068 1662 gratias
3095 1599 3315 1665 agebat,
3357 1602 3549 1655 obtulit
3583 1604 3690 1656 Do-

2095 1678 2275 1742 mino,
2315 1689 2362 1732 et
2407 1681 2705 1748 sacriﬁcavit
2742 1686 3052 1752 sacriﬁcium
3101 1687 3209 1740 Deo
3253 1691 3387 1755 patri
3429 1693 3510 1746 sui
3537 1691 3692 1746 Isaac

2097 1769 2283 1839 (Caput
2305 1772 2414 1840 46).

2167 1861 2221 1915 2.
2267 1863 2390 1918 llaec
2433 1865 2740 1934 audientes,
2783 1869 3056 1926 discamus
3081 1874 3293 1942 quando
3321 1876 3446 1946 quid
3480 1876 3688 1942 facturi,

2097 1955 2184 2010 vel
2225 1957 2493 2026 negotium
2531 1960 2745 2031 aliquod
2785 1965 3046 2033 capturi,
3081 1967 3165 2021 vel
3209 1971 3692 2038 peregzinationem

2099 2050 2397 2118 suscepturi
2435 2067 2648 2118 sumus,
2681 2062 2735 2106 ut
2762 2056 3005 2122 precibus
3036 2059 3322 2113 offeramus
3352 2060 3579 2118 Domino
3604 2080 3691 2118 sa-

2097 2138 2392 2207 crilicinm,
2439 2151 2491 2196 et
2533 2142 2648 2211 ejus
2689 2144 3010 2213 adjutorinm
3050 2147 3392 2216 invocemus,
3423 2163 3476 2206 et
3505 2153 3583 2207 sic
3611 2155 3693 2208 in-

2099 2232 2340 2285 stitntum
2367 2235 2757 2303 aggrediamur,
2787 2237 3055 2292 imitantes
3078 2240 3284 2295 illorum
3305 2243 3568 2309 justorum
3589 2247 3695 2314 pie-

2103 2333 2288 2379 taletn.
2323 2325 2648 2394 Sacriﬁcavit
2672 2330 2978 2398 sacri/icium
3008 2331 3112 2385 Deo
3141 2335 3300 2402 patris
3318 2336 3398 2389 sui
3425 2335 3576 2390 Isaac
3598 2354 3615 2391 :
3641 2351 3696 2393 ιιι

2100 2415 2277 2471 discas
2317 2433 2436 2471 eum
2469 2421 2682 2490 vestigia
2713 2423 2875 2490 patris
2903 2424 2984 2477 sui
3011 2435 3293 2494 sequutum
3320 2442 3472 2493 esse,
3510 2439 3565 2483 et
3596 2431 3694 2486 hoc

2104 2509 2156 2563 in
2193 2511 2336 2565 cultu
2374 2510 2556 2564 divino
2597 2512 2931 2577 declarasse,
2964 2515 3102 2568 sicut
3131 2516 3293 2571 Isaae.
3329 2517 3394 2572 Et
3420 2520 3544 2588 quia
3572 2536 3692 2590 gra-

2103 2607 2213 2652 tum
2264 2615 2419 2656 suum
2465 2600 2708 2655 affectum
2756 2603 2902 2672 prius
2949 2619 3044 2673 per
3091 2605 3378 2676 gratiarum
3431 2611 3691 2665 actionem

2102 2693 2357 2761 ostendit,
2381 2697 2558 2749 statim
2582 2697 2902 2766 subsequuta
2928 2709 3050 2752 sunt
3070 2701 3230 2754 etiam
3257 2719 3318 2755 ea
3341 2720 3460 2771 qtuc
3480 2708 3692 2774 superni

2103 2787 2282 2841 auxilii
2357 2787 2588 2842 fuerunt.
2636 2789 2765 2844 Nam
2809 2792 2930 2860 quia
2981 2793 3190 2847 videbat
3237 2805 3440 2850 tantum
3497 2798 3696 2854 itineris

2104 2877 2357 2945 Spatium,
2387 2887 2440 2932 ct
2463 2878 2729 2948 cogitabat
2757 2897 2904 2934 suam
2930 2881 3254 2952 decrepitam
3287 2895 3530 2952 aetatem,
3560 2889 3693 2943 veri-

2108 2975 2191 3022 tus
2232 2984 2300 3023 ne
2343 2979 2515 3024 morte
2559 2982 2984 3041 przeneenpatus,
3031 2989 3058 3025 a
3101 2976 3368 3046 colloquio
3399 2986 3449 3032 et
3483 2988 3696 3046 aspectu

2107 3058 2201 3113 filii
2249 3061 2580 3129 privaretur,
2629 3073 2876 3131 precatur
2922 3063 3239 3131 Dominum,
3284 3077 3339 3120 ut
3368 3078 3572 3123 tantam
3601 3071 3695 3124 sibi

2109 3151 2231 3207 vita:
2259 3167 2562 3208 mensuram
2590 3155 2882 3221 concedat,
2909 3167 2968 3210 ut
2988 3156 3219 3227 perfecta
3252 3161 3525 3230 voluptate
3552 3163 3697 3218 frna-

2110 3251 2214 3299 tur.
2260 3243 2364 3299 Sed
2412 3245 2530 3300 vide
2559 3247 2827 3316 quomodo
2859 3248 3027 3302 bonus
3059 3250 3310 3305 Dominus
3336 3255 3518 3308 multis
3544 3271 3699 3324 argu-

2109 3337 2305 3391 mentis
2340 3337 2544 3406 justum
2589 3353 2835 3393 securum
2878 3341 3081 3395 reddat.
3125 3341 3180 3396 2.
3222 3341 3366 3396 Dixit
3395 3346 3541 3398 enim
3573 3345 3700 3399 Deus

2108 3429 2279 3484 Israel
2321 3431 2372 3484 in
2415 3431 2600 3486 visione
2642 3433 2801 3486 noctis
2851 3448 2869 3486 :
2917 3432 3109 3500 Jacob,
3157 3433 3316 3488 Iacob
3339 3454 3358 3502 ;
3391 3437 3444 3490 3.
3474 3453 3571 3508 ego
3598 3456 3700 3492 sum

2109 3518 2248 3576 Deus
2295 3532 2496 3592 patrum
2528 3533 2770 3587 tuorum;
2808 3541 2870 3578 ne
2911 3527 3087 3579 timeas
3122 3527 3424 3582 descendere
3464 3530 3517 3582 in
3544 3529 3704 3600 Afgy-

2112 3621 2271 3682 ptum.
2311 3613 2376 3667 In
2413 3631 2648 3685 magnam
2683 3617 2813 3668 enim
2841 3626 3033 3687 gentem
3062 3618 3246 3686 faciam
3275 3631 3324 3673 te
3346 3621 3471 3674 illic.
3505 3623 3560 3676 4.
3599 3621 3703 3692 Ego

2109 3705 2408 3758 descendant
2452 3715 2646 3771 tecum,
2691 3717 2738 3759 et
2780 3708 3018 3761 reducam
3055 3718 3102 3762 te
3138 3710 3190 3763 in
3227 3711 3416 3778 ﬁnem,
3448 3721 3492 3765 et
3516 3711 3705 3782 ,Ιυεειριι

2109 3796 2334 3865 imponet
2374 3813 2554 3851 ntanus
2599 3814 2754 3868 super
2794 3800 2968 3854 oculos
3012 3809 3142 3854 tuos.
3176 3800 3308 3856 Vide
3348 3805 3621 3872 quomodo
3648 3822 3706 3859 ca

2112 3903 2232 3957 quae
2267 3888 2444 3956 justus
2470 3889 2558 3942 ille
2588 3889 2919 3944 desiderabat
2943 3933 2959 3956 ,
2987 3907 3048 3946 ea
3077 3893 3148 3946 illi
3184 3893 3320 3948 Dens
3349 3895 3664 3964 polliceatur
3693 3915 3705 3950 :

2110 3977 2220 4034 imo
2241 3991 2294 4035 et
2314 3981 2478 4035 ntulto
2510 3981 2730 4050 majora.
2761 3981 3094 4037 Liberalitate
3116 3984 3255 4038 enim
3277 4000 3371 4040 sua
3397 3995 3608 4041 nostras
3619 4003 3708 4057 pc-

2114 4075 2328 4128 titiones
2358 4075 2706 4139 transcendit,
2739 4090 2959 4130 servans
2984 4077 3193 4130 solitam
3215 4092 3364 4130 suam
3391 4080 3702 4133 misericor-

2111 4164 2274 4219 diam.
2327 4163 2412 4218 Ne
2456 4165 2651 4232 timeas,
2702 4165 2902 4236 iuqttit,
2961 4167 3260 4221 descendere
3302 4169 3353 4220 in
3394 4167 3708 4240 .Egyptum.

2115 4258 2374 4326 Quoniam
2421 4259 2610 4311 anxius
2656 4268 2770 4314 erat
2809 4261 2877 4313 ob
2906 4262 3002 4314 vite
3035 4262 3414 4332 longitudinem
3445 4307 3457 4326 ,
3485 4266 3609 4320 ideo
3638 4267 3713 4318 di-

2113 4352 2184 4404 cit
2219 4368 2230 4402 :
2262 4350 2338 4404 Ne
2367 4350 2619 4419 respicias
2646 4351 2708 4403 ad
2751 4351 3106 4406 infirmitatem
3140 4355 3454 4408 senectutis.
3496 4354 3563 4407 In
3591 4373 3710 4426 gen-

2115 4452 2213 4495 tem
2254 4442 2386 4495 enim
2418 4458 2651 4512 umquam
2683 4442 2870 4511 faciant
2902 4453 2948 4496 te
2966 4443 3072 4496 illic
3102 4461 3120 4497 :
3144 4455 3190 4498 et
3221 4447 3522 4500 descendam
3557 4458 3713 4501 tecum

2112 4535 2163 4587 in
2207 4533 2512 4604 IEgyptum.
2563 4534 2671 4602 Ego
2719 4543 2767 4586 te
2808 4537 3136 4601 comitabor,
3177 4550 3226 4591 ct
3255 4538 3430 4591 omnia
3467 4549 3552 4591 tua
3588 4556 3713 4609 pro-

2113 4641 2269 4695 Spera
2299 4626 2539 4680 reddam.
2570 4626 2802 4680 Advorte
2824 4627 3090 4695 quentodo
3123 4629 3279 4682 verba
3308 4629 3595 4684 bumilitati
3625 4648 3713 4683 no-

2114 4731 2237 4774 stra!
2267 4730 2582 4787 attemperet
2618 4737 2631 4772 :
2664 4718 3010 4785 Descendunt,
3041 4721 3233 4793 inquit,
3267 4733 3424 4776 tecum
3465 4726 3518 4777 in
3542 4725 3711 4795 digg-

2115 4826 2274 4882 ptum.
2329 4812 2463 4877 Quid
2513 4812 2609 4864 ltoc
2653 4810 2858 4864 beatius
2903 4811 3090 4878 fuerit,
3136 4829 3293 4882 quant
3344 4815 3508 4868 Deum
3540 4817 3714 4884 ipsum

2117 4905 2312 4958 habere
2339 4904 2586 4957 comitem
2623 4903 2824 4957 itineris
2846 4904 2869 4957 ‘i
2893 4901 3146 4974 Sequitur
3172 4916 3351 4974 postea
3383 4908 3713 4972 consnlatio,

2112 5013 2213 5068 qua
2246 4999 2528 5067 plttritnttut
2555 4995 2820 5065 indigebat
2848 5013 3008 5051 senex
3031 5015 3042 5050 :
3067 4997 3129 5051 Et
3149 4997 3364 5067 Joseph,
3396 4999 3588 5069 inquit,
3615 4999 3712 5051 int-

2114 5099 2261 5160 pomt
2306 5106 2486 5142 manus
2527 5105 2681 5156 super
2712 5090 2884 5143 oculos
2914 5099 3042 5143 tuos.
3077 5088 3168 5142 llle
3193 5091 3415 5144 dilectus
3450 5100 3573 5144 tuus
3604 5093 3715 5160 ipse

2115 5193 2166 5237 te
2193 5182 2422 5246 fovebit,
2451 5193 2503 5236 ct
2532 5197 2719 5234 manus
2752 5182 2987 5249 imponet
3014 5197 3171 5252 super
3197 5183 3378 5236 oculos
3406 5193 3544 5234 tuos.
3577 5183 3715 5236 Gau-

2112 5275 2244 5329 deus
2277 5275 2454 5344 itaque
2474 5315 2490 5340 ,
2521 5282 2574 5327 et
2605 5281 2744 5326 totus
2779 5287 3000 5327 securus
3023 5273 3122 5328 iter
3143 5273 3340 5342 arripe.
3385 5274 3568 5346 Cogita
3603 5274 3686 5327 hic
3706 5332 3719 5354 .

2114 5370 2338 5423 obsecro
2358 5408 2373 5432 ,
2405 5382 2563 5435 quam
2592 5363 2882 5433 jucundum
2916 5363 3106 5419 fecerit
3127 5365 3227 5419 iter
3248 5365 3454 5434 justus,
3481 5366 3715 5434 acceptis

2117 5466 2222 5512 tant
2251 5457 2412 5510 certis
2453 5456 2541 5509 Dei
2578 5454 3040 5523 promissionibus.
3070 5455 3122 5510 5.
3155 5453 3390 5508 Surrexit
3422 5455 3558 5507 enim
3585 5495 3601 5517 ,
3631 5455 3712 5508 in-

2113 5550 2226 5618 quit
2251 5591 2264 5612 ,
2295 5547 2456 5601 Jacob
2477 5589 2490 5608 .
2524 5557 2568 5600 et
2596 5547 2691 5614 ﬁlii
2716 5548 2824 5617 ejus
2849 5562 2866 5600 ε
2895 5546 2946 5600 6.
2977 5557 3021 5600 et
3043 5557 3340 5615 acceperunt
3366 5563 3565 5600 omnem
3597 5563 3713 5613 pos.

2113 5645 2383 5697 sessionem
2427 5657 2569 5695 suam
2590 5683 2602 5704 ,
2634 5650 2679 5693 et
2709 5650 2943 5694 venerunt
2974 5642 3023 5693 in
3055 5639 3362 5711 {Egi/plum.
3393 5641 3445 5693 7.
3480 5639 3542 5693 In
3570 5656 3714 5695 sexo.-

2119 5735 2258 5804 ginla
2286 5749 2374 5787 se):
2398 5731 2659 5784 animabus
2696 5731 2946 5784 descendit
2973 5729 3134 5784 Iacob
3175 5732 3224 5782 in
3258 5727 3544 5800 rEgyptum
3577 5728 3702 5782 :27.
