3964 6428
215 300 316 356 1361

214 425 264 468 rt
305 415 496 482 Joseph
537 428 653 469 cum
694 413 814 483 ﬁliis
834 414 970 480 suis,
1019 413 1106 485 qui
1139 415 1242 466 nati
1266 422 1382 466 sunt
1402 413 1449 465 ei
1471 413 1522 466 in
1543 411 1808 482 .Egypto,

219 520 400 557 novent
421 513 572 557 mat
593 544 609 569 ,
637 513 687 560 et
717 506 788 558 ita
809 521 926 559 cum
952 503 1142 574 Ioseph
1167 512 1307 557 erant
1331 519 1503 557 onum
1531 503 1714 556 anima:
1735 518 1811 555 se—

215 595 492 665 ptuaginta
527 596 765 666 quinque.
813 595 988 661 Quare
1032 595 1301 664 Scriptura
1343 609 1622 648 munerum
1666 603 1810 650 tanta

215 684 493 755 diligentia
521 684 844 739 annotavit?
875 687 941 742 Ut
973 687 1109 740 scire
1139 686 1400 754 possimus
1426 700 1584 755 quom
1623 684 1691 738 do
1721 685 1811 740 Dei

223 777 510 846 pra-dictio
537 776 750 846 inuicta
781 777 879 841 sit,
912 777 1094 832 dicens
1119 794 1134 830 :
1166 776 1232 830 In
1261 787 1454 848 gentem
1481 792 1712 847 magnam
1734 780 1813 847 fa-

217 870 356 921 ctam
400 879 446 922 te
488 868 594 921 illic
632 868 823 938 (Exod.
871 868 957 923 l2.
993 867 1104 939 57).
1135 868 1265 923 Nam
1291 884 1356 924 ex
1389 869 1450 922 iis
1477 870 1810 938 septuaginta

170 1015 190 1036 ς
218 961 462 1029 quinque
491 961 764 1014 animabus
787 961 837 1014 in
863 972 1109 1016 sexcenta
1137 961 1300 1015 millia
1322 973 1491 1032 genus
1513 961 1669 1016 lsraél
1693 976 1812 1031 pro-

167 1039 183 1050 ’
226 1061 478 1119 paganum
508 1060 610 1104 est.
649 1050 830 1104 Vidisti
855 1051 1120 1120 quomodo
1146 1067 1252 1106 non
1281 1051 1507 1119 frustra,
1535 1066 1707 1120 neque
1731 1060 1812 1106 te-

223 1156 374 1194 mere
403 1157 680 1195 numerum
703 1157 887 1196 θοι-πω
915 1143 1001 1212 qui
1028 1143 1080 1196 in
1101 1139 1388 1212 Egyptian
1405 1142 1811 1208 descenderunt,

225 1246 328 1284 nos
353 1232 534 1285 docuit
567 1249 580 1283 :
610 1231 706 1286 sed
736 1240 795 1285 ut
815 1233 952 1286 scire
981 1233 1242 1301 possimus
1263 1247 1421 1302 quam
1451 1234 1597 1286 nutlti
1619 1247 1684 1286 ex
1707 1240 1813 1287 tam

225 1325 415 1392 [mucis
444 1323 567 1378 tacti
608 1325 746 1387 sint,
782 1334 836 1378 et
866 1325 1056 1379 divinis
1083 1324 1516 1394 ln-omissionilms
1547 1340 1612 1378 ne.
1641 1325 1815 1379 minus

223 1414 532 1467 credamus.
587 1414 718 1468 Nam
756 1415 967 1484 quando
1013 1415 1365 1486 cogitaveris,
1416 1424 1536 1484 post
1588 1425 1812 1468 mortem

226 1505 396 1559 Jamb
423 1513 475 1559 et
498 1504 695 1574 Joseplt
716 1549 732 1568 ,
757 1515 899 1560 tanta
923 1506 1309 1561 machinatione
1329 1521 1480 1561 usam
1497 1521 1621 1561 esse
1645 1503 1812 1576 Egy-

229 1597 464 1665 ptiornm
510 1611 732 1666 regem,
779 1605 835 1650 ut
883 1607 1160 1651 numerius)
1194 1611 1381 1651 eorum
1428 1598 1719 1660 minueret,
1761 1604 1817 1650 et

229 1698 455 1753 parvum
499 1687 727 1751 laceret,
763 1701 829 1740 ne
851 1685 905 1739 in
944 1695 1142 1740 lautam
1173 1694 1547 1756 prepagaretur
1576 1686 1815 1740 multitu-

228 1776 441 1840 dinem,
490 1784 544 1829 et.
589 1776 718 1829 nihil
759 1775 1032 1846 potuisse,
1079 1776 1177 1833 sed
1217 1777 1385 1846 magis
1425 1785 1478 1830 et
1508 1777 1672 1846 magis
1697 1791 1818 1830 cre-

229 1869 374 1922 visse
417 1867 672 1936 populum
719 1884 732 1920 :
776 1867 1037 1922 admirare
1075 1876 1128 1922 et
1163 1875 1406 1936 stupesce
1433 1867 1812 1936 providentiam

237 1959 374 2022 Dei,
415 1966 470 2011 et
511 1957 781 2027 quomodo
819 1973 925 2012 non
972 1959 1041 2013 sit
1087 1959 1337 2028 possibile
1380 1961 1524 2012 irrita
1551 1974 1669 2014 esse
1698 1975 1815 2028 qum

232 2049 350 2116 ipse
395 2048 729 2112 decreverit,
785 2050 996 2103 etiamsi
1044 2049 1246 2102 inlinita
1288 2049 1662 2104 machinentur
1703 2050 1814 2104 alii.

232 2141 499 2194 Caetermn
544 2140 819 2196 videamus
863 2151 1168 2194 contextum
1214 2150 1414 2207 totum,
1461 2153 1518 2196 ιιι
1551 2141 1818 2196 discamus

231 2231 505 2300 quiunmlo
543 2231 710 2286 Jacob
732 2247 853 2288 cum
887 2233 997 2287 ﬁlio
1021 2233 1090 2286 sit
1113 2247 1448 2301 congressus.
1477 2234 1567 2290 ‘28.
1599 2233 1818 2300 Quando

230 2333 400 2376 autem
423 2325 844 2392 appropinquavit
870 2325 920 2378 in
947 2335 1130 2378 terram
1155 2321 1370 2394 ﬂgypti
1391 2365 1406 2386 ,
1447 2324 1581 2378 misit
1619 2323 1653 2376 I
1659 2323 1814 2378 udam

232 2425 354 2466 ante
388 2430 439 2466 se
467 2415 535 2466 ad
558 2413 752 2484 Ioseph
773 2457 790 2480 ,
814 2425 869 2468 ut
898 2415 1206 2486 signiﬁcaret
1233 2417 1307 2469 illi
1334 2417 1493 2486 patris
1521 2417 1813 2471 adventum.

234 2503 331 2558 29.
364 2502 528 2574 Igitur
546 2503 739 2575 Ioseph
768 2516 820 2558 ut
848 2506 1053 2572 didicit,
1074 2507 1249 2577 iunxit
1273 2523 1452 2560 currus
1469 2548 1484 2572 ,
1517 2516 1564 2560 et
1591 2507 1820 2560 ascendit

234 2594 289 2645 in
314 2611 580 2648 occursum
602 2597 761 2666 patri.
795 2595 858 2648 Et
886 2613 1004 2649 mox
1030 2605 1080 2648 ut
1107 2597 1232 2649 vidit
1257 2613 1371 2650 eum
1387 2638 1402 2659 ,
1439 2597 1611 2650 cecidit
1637 2598 1688 2650 in
1715 2597 1821 2650 col-

235 2687 514 2756 lnmejus,
556 2696 602 2740 et
628 2688 768 2757 ﬂeuit
787 2689 912 2757 ﬁet-It
943 2691 1119 2743 nml'to.
1149 2689 1258 2744 Hoc
1288 2699 1401 2743 erat
1427 2689 1476 2742 id
1503 2688 1642 2759 quod
1672 2689 1821 2744 initio

233 2780 512 2847 dicebam,
553 2781 818 2850 ingentem
857 2797 998 2851 smpe
1024 2782 1342 2849 voluptatem
1376 2783 1634 2853 lacrymas
1661 2793 1822 2836 excu-

237 2878 372 2924 tcre.
403 2869 626 2932 Cecidit,
658 2871 843 2940 inquit,
876 2873 928 2924 in
955 2873 1139 2926 collum
1168 2873 1296 2943 ejus,
1324 2881 1370 2924 et
1394 2873 1529 2940 fierit
1559 2884 1578 2923 τ
1604 2887 1707 2924 non
1734 2870 1819 2926 di-

240 2963 319 3014 xit
363 2960 462 3015 hoc
502 2961 844 3030 simpliciter,
891 2963 1012 3027 se.l,
1056 2962 1205 3017 Fletu
1233 2979 1433 3033 magno.
1457 2961 1652 3017 Statim
1677 2963 1818 3016 enim

239 3053 296 3105 in
327 3061 557 3106 IIIOMIEIII
601 3052 696 3122 ipsi
721 3063 978 3107 venerant
1023 3067 1137 3122 qua:
1175 3055 1288 3121 ipse
1314 3067 1502 3122 passus
1528 3063 1642 3107 erat
1661 3095 1674 3116 ,
1702 3067 1820 3121 qua:

238 3143 378 3214 patri
422 3154 640 3214 propter
678 3159 738 3199 se
779 3143 1110 3210 acciderant,
1147 3155 1204 3198 et
1242 3145 1482 3212 Cogit-aus
1526 3154 1630 3197 tam
1661 3143 1820 3212 proli-

239 3252 368 3290 xum
397 3237 758 3291 intercessisse
784 3245 1010 3306 tempus,
1037 3247 1093 3290 et
1119 3235 1384 3306 quomodo
1403 3245 1594 3305 praeter
1609 3249 1820 3290 omnem

239 3329 694 3398 exspectationem
733 3340 789 3389 es
829 3330 948 3398 ipse
973 3339 1172 3398 patrem
1193 3371 1208 3393 ,
1234 3339 1288 3384 et
1317 3338 1462 3396 pater
1490 3329 1650 3383 lilium
1678 3328 1822 3384 vidc~

240 3430 359 3486 ret,
385 3420 554 3476 fontes
583 3423 758 3476 ciiiisit
787 3422 1174 3493 lacrymarnm,
1205 3422 1358 3476 simul
1389 3432 1439 3475 et
1462 3435 1702 3490 magnam
1729 3421 1820 3476 de-

240 3515 454 3566 clarans
491 3514 755 3578 lanitium,
796 3524 848 3568 et
877 3515 1074 3584 gratias
1105 3515 1328 3569 Domino
1353 3531 1512 3584 agens
1543 3533 1636 3584 pro
1662 3515 1820 3570 rebus

238 3605 426 3673 gestis.
457 3605 544 3659 30.
573 3603 636 3657 Et
661 3605 786 3659 dixit
806 3647 819 3668 ,
843 3605 1042 3675 inquit,
1074 3605 1235 3659 Iacob
1263 3606 1330 3658 ad
1361 3605 1551 3675 Ioseph
1580 3621 1600 3658 :
1629 3605 1823 3660 Moriar

237 3696 453 3757 exinde,
501 3698 616 3766 quia
661 3699 764 3750 vidi
823 3699 1000 3768 faciem
1038 3708 1189 3751 tuam.
1227 3698 1404 3751 Adhuc
1442 3699 1648 3751 enian
1681 3698 1819 3752 viris.

241 3787 536 3850 Votorum,
587 3788 792 3856 inquit,
843 3804 1060 3858 compos
1103 3789 1267 3842 lactus
1309 3803 1464 3851 sum;
1509 3798 1821 3856 asscqnutus

238 3893 359 3932 sum
387 3878 526 3947 quod
557 3896 842 3950 numquam
871 3882 1170 3951 exspectavi
1198 3899 1212 3945 ;
1236 3889 1522 3934 evenemnt
1549 3881 1674 3935 mihi
1703 3896 1821 3949 qnze

239 3986 528 4040 numquam
570 3985 904 4039 speraveram
948 3989 962 4023 :
1003 3971 1253 4040 deinceps
1271 3980 1550 4026 contentus
1573 3985 1690 4025 sum
1717 3971 1820 4024 vita

239 4075 402 4128 quam
427 4060 678 4129 transegi.
703 4059 820 4114 Vidi
844 4061 982 4115 enim
1013 4077 1168 4131 quem
1197 4059 1520 4126 desideravi,
1545 4069 1599 4114 et
1623 4060 1818 4114 sufﬁt-it

239 4149 372 4204 mihi
419 4150 484 4203 ad
531 4150 763 4204 laetitiam
810 4166 1054 4216 omnem,
1081 4151 1278 4206 vidisse
1318 4160 1370 4207 te
1398 4151 1572 4206 adhuc
1600 4152 1818 4218 vivere,

237 4239 330 4307 qui
359 4238 563 4307 pridem
591 4250 830 4295 mortuus
857 4251 913 4296 et
935 4258 963 4294 a
990 4243 1174 4298 bestiis
1198 4242 1480 4298 devoratus
1507 4259 1564 4298 es
1586 4242 1818 4296 habitus.

238 4329 470 4384 Paterna
498 4345 596 4384 vos
625 4341 678 4384 et
709 4332 859 4399 plena
890 4333 1202 4396 dilectione,
1233 4334 1463 4402 satisque
1487 4332 1818 4386 aliectionent

237 4420 435 4474 anima:
464 4420 578 4490 ejus
603 4422 900 4478 declarans.
929 4424 1018 4479 3|.
1061 4423 1201 4476 Dixit
1225 4433 1390 4476 autem
1425 4421 1617 4492 Ioseph
1643 4422 1818 4492 fratri-

234 4511 332 4564 bus
365 4511 471 4564 suis
507 4525 529 4564 :
569 4511 880 4566 Descendunt
903 4552 918 4578 ,
961 4521 1009 4566 et
1045 4512 1348 4565 annuntiabo
1392 4510 1650 4565 Pharaoni
1685 4511 1821 4582 quod

235 4604 425 4672 fratres
463 4605 558 4656 mei
599 4605 855 4668 venerint,
903 4615 950 4658 et
989 4607 1086 4658 sint
1129 4614 1372 4672 pastores.
1399 4603 1486 4658 52.
1523 4603 1628 4656 Viri
1654 4614 1817 4656 autem

233 4703 355 4746 sunt
389 4695 706 4760 armentarii,
750 4704 795 4748 et
837 4710 1004 4748 secum
1028 4694 1346 4747 adduxerunt
1372 4709 1550 4762 perora
1577 4703 1622 4746 et
1650 4692 1814 4746 boves.

232 4785 328 4840 53.
355 4783 420 4838 Si
434 4786 587 4856 igitur
608 4786 851 4839 vocaverit
876 4802 961 4839 vos
987 4783 1193 4839 Pharao
1214 4826 1230 4852 ,
1255 4796 1300 4838 et
1326 4787 1505 4840 dixerit
1529 4801 1548 4839 :
1573 4785 1721 4852 Quod
1745 4794 1820 4838 est

232 4891 366 4943 apus
401 4884 612 4929 vestrum
636 4876 662 4929 ?
698 4876 847 4930 dicite
891 4891 912 4929 :
954 4877 1042 4930 51.
1081 4874 1326 4929 Pecorunt
1364 4886 1586 4944 pastores
1623 4892 1815 4930 sumus.

231 4966 557 5020 Abominatio
595 4967 727 5021 enim
759 4967 1120 5038 Aigyptiorum
1150 4976 1221 5020 est
1245 4968 1405 5020 cumis
1435 4976 1605 5037 pastor
1627 4967 1812 5020 ovium.

309 5057 364 5110 5.
413 5057 540 5112 Vide
571 5058 939 5126 prudentiam,
985 5070 1038 5114 et
1068 5059 1220 5126 quale
1245 5059 1523 5111 consilium
1571 5057 1650 5111 eis
1695 5058 1810 5120 det,

233 5164 344 5202 non
378 5147 690 5217 simpliciter
729 5165 902 5220 neque
950 5149 1168 5204 fortuito
1209 5149 1325 5204 lucc
1370 5150 1688 5213 consulens,
1719 5148 1812 5204 sed

232 5239 424 5292 volens
449 5255 543 5294 eos
569 5240 725 5294 simul
767 5241 818 5294 in
866 5241 1052 5308 majori
1083 5243 1368 5296 securitate
1396 5256 1590 5310 agere,
1639 5255 1813 5310 neque

230 5332 621 5386 commercium
665 5331 862 5387 habere
888 5347 1009 5386 cum
1050 5331 1336 5403 Egyptiis.
1390 5333 1522 5388 Nam
1569 5332 1690 5402 quia
1739 5332 1811 5387 illi

229 5421 680 5476 almminabantur
705 5431 757 5476 et
782 5422 1192 5478 contenmebant
1227 5438 1322 5480 eos
1354 5421 1444 5492 qui
1484 5423 1812 5492 pastoritiam

230 5525 458 5580 agerent
506 5515 704 5576 vitam,
755 5525 939 5584 utpote
981 5516 1078 5584 ipsi
1105 5515 1398 5584 disciplinis
1439 5515 1810 5586 Egypliorum

225 5620 263 5658 ν
305 5613 522 5664 cantes.
575 5614 849 5673 propterea
895 5605 1148 5660 admonet
1183 5605 1420 5660 studium
1465 5621 1622 5662 suum
1669 5624 1809 5678 pra:-

234 5709 424 5751 tcsere
445 5735 461 5755 .
493 5696 644 5750 utsic
673 5696 966 5753 rationabili
993 5706 1046 5753 et
1070 5699 1292 5754 honesta
1313 5697 1587 5753 occasione
1609 5702 1808 5769 optima

1104 297 1168 360 ΙΝ
1196 295 1347 354 CAP.
1383 296 1542 352 XLVI
1595 297 1681 354 ΕΤ
1702 295 1884 355 XLVII
1922 294 2168 350 GENES.
2206 293 2436 351 llOMlL.
2479 293 2638 349 LXV.

3385 297 3493 356 602

1917 419 2074 465 teme
2103 409 2274 480 portio
2298 410 2376 464 eis
2402 419 2730 478 segregetur,
2753 425 2859 480 quo
2888 410 2940 466 in
2983 425 3189 467 summa
3233 416 3490 483 tranquil-

1918 502 2062 554 litate
2106 501 2283 554 vivere
2323 499 2544 569 possint.
2577 500 2631 554 3.
2666 500 2732 553 Et
2755 503 2971 574 acceptis
2997 503 3214 571 quinque
3250 505 3490 573 fratribus

1916 590 2019 644 suis
2043 631 2057 654 ,
2084 591 2364 643 introduxit
2407 607 2490 643 eos
2527 590 2594 643 ad
2639 589 2978 646 Pharaonem.
3007 591 3060 649 3.
3097 592 3162 647 Et
3191 593 3489 663 iuuet-roga-

1915 685 1981 737 ait
2003 699 2086 737 eos
2109 699 2130 736 :
2157 682 2303 750 Quod
2333 693 2405 736 est
2422 699 2544 752 opus
2573 685 2824 737 vestrum?
2857 683 2918 736 Et
2957 684 3192 738 dixerunt
3221 701 3241 738 :
3270 685 3485 738 Arnien-

1914 776 2032 828 tarii
2059 791 2251 828 maius.
2283 775 2336 829 4.
2365 773 2516 828 Nunc
2545 775 2697 846 igitur
2717 775 3048 830 habitabimus
3065 777 3118 828 in
3135 785 3270 831 terra
3291 775 3492 831 Gesem.

1917 863 1969 920 5.
2001 861 2144 919 Dixit
2165 877 2330 919 autem
2356 864 2561 919 Pharao
2585 881 2604 919 :
2631 867 2685 921 6.
2719 865 2975 920 Habitent.
3005 868 3067 922 Si
3087 881 3254 922 autem
3273 867 3372 920 scis
3396 867 3489 922 ali-

1915 973 2040 1026 quos
2085 957 2265 1021 exeis,
2287 958 2377 1028 qui
2396 957 2494 1009 sint
2520 956 2611 1009 viri
2639 957 2906 1022 industrii,
2946 959 3190 1011 constitue
3217 976 3300 1012 eos
3327 961 3490 1029 mugi-

1917 1059 2047 1102 stros
2077 1064 2296 1100 meorum
2325 1064 2559 1118 pecorum
2594 1049 2778 1121 (Caput
2816 1048 2928 1119 47).
2955 1049 3105 1105 Sicut
3151 1051 3490 1106 consuluerat

1917 1137 2155 1206 Joseplt,
2189 1138 2256 1191 ita
2286 1153 2604 1207 responsum
2649 1139 2910 1194 dederunt
2950 1140 3142 1196 fratres
3186 1141 3486 1196 PharaOui:

1916 1242 1970 1286 et
1993 1246 2303 1286 concessum
2329 1242 2412 1286 est
2435 1233 2513 1287 eis
2544 1233 2780 1288 habitare
2824 1233 2875 1290 in
2905 1242 3042 1288 terra
3071 1233 3284 1289 Gescm.
3316 1233 3490 1290 Ca-te~

1917 1337 2036 1377 ram
2063 1323 2265 1377 Pharao
2294 1323 2570 1379 declarans
2609 1338 2758 1378 suam
2795 1339 2916 1394 erga
2945 1323 3141 1394 Joseplt
3167 1325 3490 1380 benevolen-

1921 1417 2046 1469 tiam
2065 1457 2078 1480 ,
2111 1415 2275 1470 dixit:
2305 1415 2359 1470 Si
2389 1417 2525 1470 nosti
2554 1417 2604 1470 in
2633 1417 2710 1471 eis
2739 1417 2946 1487 aliquos
2992 1418 3301 1484 industrios,
3329 1418 3487 1472 etiam

1917 1520 2156 1560 meorum
2199 1520 2447 1576 pecorum
2479 1507 2761 1576 magistros
2784 1509 3072 1561 Constituto.
3104 1507 3155 1562 7.
3205 1505 3493 1562 Introduxit

1917 1607 2086 1650 autem
2114 1607 2159 1650 et
2188 1607 2380 1666 putrem
2403 1598 2471 1649 ad
2503 1595 2844 1653 Pharaonem.
2874 1599 2926 1654 8.
2959 1597 3022 1652 Et
3040 1599 3166 1652 dicit
3192 1597 3397 1652 Pharao
3426 1598 3495 1650 ad

1917 1688 2078 1744 Iacob
2105 1704 2122 1743 :
2154 1689 2286 1755 Quot
2309 1700 2425 1744 sunt
2449 1691 2572 1743 anni
2603 1690 2797 1744 dierum
2827 1692 2941 1744 vitae
2964 1690 3101 1745 tute!
3122 1691 3384 1757 Quoniam
3413 1691 3493 1744 vi-

1917 1782 1996 1836 dit
2024 1797 2206 1837 senent
2233 1792 2486 1836 extremm
2512 1783 2800 1836 senectutis
2825 1824 2838 1843 ,
2871 1782 3062 1852 qna'rit
3085 1798 3346 1836 annorum
3389 1795 3490 1838 na-

1920 1888 2146 1927 mcrttm.
2177 1872 2230 1925 9.
2266 1870 2331 1924 Et
2359 1873 2486 1926 dixit
2529 1871 2688 1925 Iacob
2715 1888 2732 1926 :
2777 1871 2895 1926 Dies
2921 1889 3169 1930 annorum
3198 1874 3310 1926 vita?
3336 1886 3490 1936 mae,

1917 1965 2094 2035 quibus
2125 1964 2416 2033 peregrinus
2445 1980 2576 2015 sum.
2611 1962 2744 2017 Vide
2769 1962 3032 2030 quionmdo
3061 1976 3248 2016 omnes
3283 1962 3409 2029 justi
3441 1962 3494 2014 in

1921 2055 2022 2110 hac
2042 2053 2146 2108 vita
2175 2053 2317 2108 haud
2339 2068 2499 2108 secus
2523 2065 2683 2123 atque
2711 2055 2754 2108 si
2786 2058 2834 2106 in
2866 2053 3286 2122 peregrinatitme
3315 2060 3492 2106 versa-

1919 2154 2138 2209 rentur,
2177 2146 2246 2198 ita
2275 2143 2448 2198 atiecti
2490 2154 2632 2197 sunt.
2682 2144 2880 2198 Audies
2921 2143 3064 2197 enim
3091 2152 3145 2196 et
3187 2141 3350 2196 David
3377 2147 3502 2211 post

1921 2236 2035 2292 lucc
2073 2235 2342 2292 dicent-em
2369 2252 2384 2290 :
2416 2236 2548 2303 Quia
2575 2237 2867 2307 peregrinus
2887 2253 2984 2308 ego
3029 2252 3139 2289 smn
3163 2236 3213 2290 in
3241 2245 3372 2289 terra
3396 2275 3411 2295 .
3449 2245 3498 2286 et

1920 2329 2114 2382 advena
2144 2325 2314 2397 {PsaL
2349 2325 2436 2382 '58.
2469 2327 2557 2394 15)
2589 2344 2602 2380 :
2631 2328 2767 2381 sicut
2795 2335 2848 2381 et
2879 2328 2962 2381 hic
2990 2327 3147 2390 dicit,
3176 2325 3296 2380 Dies
3333 2341 3495 2378 anno-

1921 2437 2033 2474 rum
2060 2420 2174 2474 vitta
2200 2434 2356 2484 υκαε,
2404 2417 2585 2488 quibus
2625 2419 2914 2488 peregrinus
2959 2434 3090 2472 sum.
3121 2418 3401 2486 l’rOptcrca
3443 2423 3498 2471 et

1923 2511 2118 2564 Paulus
2143 2509 2353 2564 dicebat
2379 2509 2447 2563 de
2469 2509 2629 2578 jttstis
2675 2509 2778 2562 illis
2802 2507 2987 2580 (Hebr.
3034 2509 3118 2564 11.
3150 2509 3261 2576 31),
3286 2508 3496 2562 clndes-

1921 2619 2012 2659 sos
2052 2603 2170 2657 illos
2197 2617 2254 2656 se
2280 2603 2430 2673 quasi
2478 2602 2784 2671 peregrinos
2825 2610 2879 2655 et
2914 2600 3146 2656 advenas
3187 2615 3307 2656 esse
3334 2610 3496 2668 super

1919 2705 2140 2751 terram.
2172 2694 2315 2762 Dies,
2341 2695 2510 2765 inquit
2528 2738 2540 2758 ,
2566 2711 2810 2748 annormn
2835 2696 2951 2749 sine
2975 2710 3116 2759 metu,
3146 2695 3320 2764 quibus
3353 2710 3492 2760 pcre-

1923 2793 2098 2864 grinns
2151 2809 2258 2846 sum
2279 2829 2295 2858 ,
2318 2801 2520 2845 centum
2563 2791 2766 2860 triginta
2806 2791 2927 2842 anui
2945 2830 2958 2852 ,
2993 2790 3141 2858 pauci
3167 2799 3212 2842 et
3243 2789 3362 2841 intrii
3385 2792 3494 2856 fuco

1923 2891 2064 2948 runt,
2091 2891 2255 2936 etnon
2283 2890 2608 2950 pervenerunt
2633 2881 2700 2934 ad
2735 2881 2840 2934 dies
2873 2895 3120 2933 annorum
3146 2880 3258 2934 vita:
3293 2887 3494 2948 patrum

1923 2990 2168 3028 meorum.
2202 2975 2320 3027 Dies
2341 3014 2355 3036 ,
2396 2972 2563 3041 inquit
2585 3014 2600 3039 ,
2631 2973 2823 3042 quibus
2853 2973 3160 3042 peregrinus
3204 2969 3274 3024 fui
3297 3010 3310 3033 ,
3345 2971 3495 3038 pauci

1924 3071 1980 3119 et
2007 3063 2131 3116 mali
2157 3061 2390 3117 fuerunt.
2414 3061 2688 3131 Signiﬁcat
2712 3060 2799 3115 hic
2826 3074 2995 3116 annos
3020 3060 3312 3126 servitutis,
3336 3073 3496 3129 quant

1924 3154 2172 3208 sustinuit
2200 3153 2337 3224 apud
2363 3152 2544 3208 Laban
2573 3161 2692 3223 post
2717 3152 2925 3222 fugam,
2957 3167 3114 3222 quam
3145 3162 3362 3221 propter
3394 3152 3497 3204 fia-

1923 3253 2060 3299 trem
2090 3243 2211 3300 fecit
2237 3261 2249 3296 :
2279 3243 2470 3298 deinde
2497 3252 2622 3314 post
2661 3243 2884 3297 reditum
2914 3244 2981 3296 ab
2999 3258 3066 3298 eo
3113 3243 3230 3298 loco
3250 3280 3266 3306 ,
3297 3242 3498 3296 luctum

1923 3349 2082 3404 quem
2106 3342 2255 3387 tanto
2281 3345 2516 3402 tempore
2549 3333 2728 3387 habuit
2759 3343 2975 3401 propter
3005 3341 3230 3386 mortem
3259 3331 3490 3400 Joscph,

1925 3433 1979 3476 et
2007 3431 2222 3494 pmpter
2267 3423 2398 3476 alias
2425 3421 2726 3491 interjectas
2752 3421 3010 3476 miserias.
3041 3422 3310 3488 Quantum
3351 3421 3495 3475 enim

1924 3516 2169 3568 timorem
2195 3529 2321 3568 eum
2352 3513 2597 3567 habuisse
2629 3521 2778 3581 putas
2801 3553 2816 3576 ,
2852 3511 3065 3582 quando
3106 3521 3320 3581 propter
3341 3527 3496 3565 soro-

1923 3622 2038 3660 rcm
2070 3607 2299 3677 Symeon
2322 3614 2374 3659 et
2404 3606 2526 3659 Levi
2552 3619 2740 3659 omnes
2764 3603 2993 3658 civitatis
3024 3603 3163 3658 viros
3187 3603 3497 3657 occiderunt

1924 3709 1974 3751 et
2002 3713 2191 3753 omnes
2235 3697 2326 3768 qui
2370 3697 2423 3751 in
2469 3696 2692 3752 Sccimis
2729 3705 2883 3750 erant
2916 3695 3152 3764 captivos
3193 3695 3497 3749 duxerunt?

1925 3789 2139 3843 Dicebat
2182 3789 2322 3842 enim
2353 3801 2476 3842 tunc
2523 3787 2764 3842 indicans
2815 3787 2976 3841 animi
3013 3802 3262 3858 augurem
3307 3787 3358 3840 in
3392 3801 3498 3855 quo

1921 3888 2036 3932 erat
2071 3896 2082 3929 :
2121 3877 2436 3932 luvidiosum
2460 3895 2538 3931 me
2563 3878 2782 3947 fecistis,
2813 3877 2884 3930 ita
2906 3887 2960 3929 ut
2988 3878 3148 3929 malus
3165 3876 3348 3929 habear
3370 3876 3498 3928 inter

1925 3969 2201 4022 habitantes
2245 3979 2451 4022 terram.
2493 3968 2604 4039 Ego
2641 3978 2808 4020 autem
2853 3969 2904 4020 in
2933 3983 3086 4038 parvo
3128 3982 3332 4018 numero
3361 3983 3494 4019 sum.

1925 4060 1992 4114 Et
2016 4060 2299 4130 congregati
2324 4077 2473 4129 super
2493 4077 2598 4124 me,
2627 4059 2888 4112 concident
2909 4075 2984 4112 me
3007 4074 3025 4112 :
3050 4067 3093 4111 et
3119 4057 3316 4110 delabor
3336 4065 3382 4108 et
3409 4073 3500 4128 ego

1923 4160 1969 4204 et
1986 4151 2163 4205 domus
2185 4167 2294 4204 mea
2335 4149 2490 4221 (Gen.
2523 4151 2611 4205 51.
2644 4150 2756 4217 '50).
2790 4149 3076 4220 Propterea
3116 4147 3242 4202 dicit
3275 4167 3289 4203 :
3337 4145 3498 4201 Pauci

1925 4252 1971 4294 et
1999 4241 2120 4295 mali
2147 4241 2254 4295 dies
2275 4258 2522 4296 annorum
2545 4241 2658 4295 vita:
2682 4256 2820 4294 metr.
2853 4241 2933 4293 11.
2966 4239 3027 4292 Et
3056 4237 3243 4308 Ioseph
3268 4238 3502 4291 habitare

1925 4331 2041 4399 fecit
2069 4342 2260 4401 patrem
2293 4349 2444 4386 suum
2472 4341 2517 4385 et
2560 4335 2739 4402 fratres
2764 4347 2882 4384 suos
2901 4370 2915 4391 ,
2947 4338 2990 4384 et
3020 4329 3152 4382 dedit
3181 4329 3250 4381 eis
3293 4344 3494 4396 posses-

1923 4425 2111 4478 sionem
2160 4424 2212 4477 in
2264 4434 2398 4477 terra
2443 4423 2692 4494 Egypti,
2746 4424 2798 4476 in
2827 4423 3016 4491 optima
3070 4431 3237 4482 terra,
3264 4421 3314 4473 in
3359 4429 3498 4473 terra

1924 4511 2192 4576 Ramesse,
2219 4515 2346 4568 sicut
2384 4522 2689 4584 princeperat
2720 4511 2923 4564 Pharao
2951 4524 2970 4564 .'
3000 4511 3084 4563 12.
3114 4519 3161 4562 et
3188 4511 3495 4580 frumentum

1925 4605 2214 4659 metiebatur
2259 4605 2451 4672 Ioseph
2498 4605 2631 4673 patri
2678 4614 2722 4656 rt
2775 4601 3014 4674 fratribus
3060 4601 3200 4664 suis,
3253 4609 3297 4652 et
3354 4599 3493 4653 omni

1923 4698 2094 4750 domui
2131 4697 2287 4766 patris
2323 4701 2436 4760 sui,
2475 4699 2780 4766 frumentum
2826 4693 3096 4745 secundum
3135 4707 3337 4758 corpus.
3382 4690 3498 4746 Iluc

1923 4799 2034 4843 erat
2057 4789 2195 4858 quod
2225 4787 2432 4842 dicebat
2472 4786 2757 4841 fratribus:
2790 4784 2930 4838 Misit
2956 4800 3034 4838 me
3075 4783 3208 4838 Deus
3233 4794 3348 4836 tmte
3374 4799 3496 4848 ros,

1923 4894 1978 4933 ut
2017 4882 2376 4951 relinqueretur
2402 4879 2537 4932 vobis
2560 4877 2722 4946 portio
2747 4892 2896 4943 super
2919 4886 3137 4939 terram;
3160 4884 3231 4934 et.
3259 4873 3282 4930 1
3290 4892 3317 4928 n
3340 4875 3496 4928 vitam

1921 4971 2054 5023 misit
2086 4986 2162 5022 me
2186 4967 2321 5023 Deus
2349 4977 2462 5022 ante
2483 4985 2568 5022 vos
2598 4965 2754 5034 (Gen.
2779 4966 2868 5020 45.
2897 4966 2949 5020 7.
2974 4965 3052 5032 5).
3081 4961 3357 5019 Frumenta
3383 4979 3496 5017 ine-

1922 5061 2152 5124 (rebatur,
2197 5060 2399 5130 inquit,
2429 5061 2499 5112 eis
2527 5059 2797 5112 secundum
2823 5073 3028 5125 corpus.

1992 5153 2173 5206 Anima
2195 5153 2272 5204 rei
2307 5167 2488 5218 corpus
2527 5160 2659 5203 totus
2679 5149 2850 5202 homo.
2903 5144 3168 5211 Quomodo
3195 5159 3249 5195 se
3292 5142 3499 5211 gesserit

1918 5242 2170 5312 Iosephus
2189 5259 2307 5313 erga
2330 5241 2404 5296 1E
2409 5243 2606 5311 gyptios
2625 5280 2639 5305 ,
2671 5241 2899 5293 sterientc
2926 5241 3078 5306 fame.
3105 5263 3177 5275 —-
3217 5232 3352 5300 Quid
3382 5243 3494 5297 est,

1922 5336 2210 5391 Secundum
2257 5335 2483 5404 corpus?
2529 5333 2795 5401 Quantum
2841 5327 3139 5382 sufﬁciebat
3187 5323 3490 5393 unicuique.

1920 5427 2031 5482 Mos
2073 5428 2214 5482 enim
2244 5436 2327 5479 est
2356 5425 2643 5492 Scriptura:
2672 5418 2958 5490 aliquando
3003 5418 3072 5472 ab
3098 5417 3272 5470 anima
3323 5425 3492 5473 totum

1919 5519 2189 5574 hominem
2242 5518 2518 5572 nominare
2540 5555 2556 5578 ,
2585 5511 2872 5582 aliquando
2909 5523 2938 5563 a
2967 5523 3212 5579 corpore.
3245 5507 3310 5562 Et
3355 5517 3492 5564 SlCIIl

1917 5611 2162 5678 Superius
2181 5607 2407 5669 dicebat,
2434 5603 2496 5658 lu
2523 5602 2840 5672 septuaginta
2859 5599 3076 5669 quinque
3109 5599 3370 5651 animabus
3407 5598 3492 5650 de-

1923 5699 2116 5770 scendit
2139 5697 2300 5750 Iarab
2335 5695 2385 5747 in
2427 5691 2712 5764 Afgyptum
2747 5688 2897 5764 (Gen.
2923 5689 3013 5746 Mi.
3051 5688 3182 5760 .27);
3211 5697 3268 5741 ut
3292 5689 3498 5748 diceret
