3964 6442
453 298 558 358 563
609 327 611 330 ·

431 418 777 486 septuaginta
807 415 1038 484 quinque
1073 416 1214 466 viros
1255 422 1307 467 et
1351 412 1602 466 nutlieres
1633 429 1646 464 :
1682 412 1761 465 sic
1790 422 1858 465 -et
1909 411 1993 464 bie
2015 451 2027 475 ,

449 509 744 560 Secundini:
775 521 956 574 corpus
977 545 990 567 ,
1017 505 1064 556 id
1097 512 1177 555 est
1223 517 1319 570 pro
1345 503 1570 568 singulis
1613 502 1934 555 hominibus.
1971 502 2034 554 Et

451 607 558 651 tota
604 599 814 667 quidem
865 594 1124 665 Egyptns
1172 605 1225 647 et
1254 594 1676 647 Chanaan-orum
1726 593 1872 662 regio
1895 591 2032 649 fame

454 690 795 754 laborabant,
831 689 926 756 ipsi
969 699 1140 740 autem
1190 703 1441 755 prospere
1484 687 1740 754 agebant,
1773 685 2032 739 habentes

416 780 601 848 ’.ψωδὶ
630 796 694 832 et
722 779 948 832 fontibus
979 777 1291 847 proﬂuentia
1326 777 1610 830 frumenta.
1642 777 1725 830 15.
1779 775 2032 828 Frumen-

454 885 558 922 tum
586 871 959 939 euitn,'inquit,
996 887 1095 922 non
1123 879 1227 923 erat
1258 869 1459 922 inomni
1488 879 1638 920 terra.
1660 866 1883 920 lnraluit
1905 867 2033 919 enim

455 969 615 1031 panes
660 977 814 1032 supra
849 963 1073 1016 modum.
1127 962 1317 1023 Defeci!
1356 971 1520 1013 autem
1561 971 1694 1014 terra
1734 959 1951 1030 zEgypti
1989 970 2035 1013 et

449 1069 583 1109 terra
608 1057 850 1110 Chanaan
881 1059 1165 1126 praefante.

507 1147 742 1200 '4.‘\’ide
768 1146 1214 1200 iucﬂ'alrilemtﬁei
1241 1144 1652 1198 sollicitudinem
1680 1153 1734 1198 et
1754 1143 2036 1211 prmiden-

423 1239 574 1290 'tiam
603 1255 616 1290 :
646 1239 912 1307 qttomodo
942 1247 1226 1306 antequam
1255 1237 1605 1298 itrvalescerct
1637 1234 2032 1303 i:nues,juslum

454 1329 817 1400 in'rEgyptum
859 1331 1139 1385 deduxerit
1165 1343 1277 1392 ,‘ne
1320 1330 1461 1382 illam
1491 1329 1711 1383 sentiret
1739 1327 2034 1396 angustiam

420 1443 422 1446 ·
451 1433 819 1489 tptzevetrtara
852 1430 966 1475 emt
986 1422 1058 1475 "in
1089 1421 1362 1476 Chanaan.
1408 1421 1471 1474 Et
1500 1421 1745 1474 omnibus
1777 1420 1901 1475 illuc
1943 1419 2036 1473 de-

453 1514 819 1576 currentibus,
857 1515 942 1568 M.
973 1513 1335 1584 Congregarit,
1374 1512 1576 1580 inquit,
1622 1510 1812 1580 Ioseph
1839 1525 2034 1562 omnem

431 1632 435 1637 -
456 1606 900 1672 ι.›ριίιιιὶαηι,·ιίιηι
937 1619 1114 1659 eorum
1137 1607 1222 1675 qui
1257 1615 1418 1659 erant
1481 1605 1532 1658 in
1567 1603 1829 1674 Ᾱὲῃυρῐο,
1883 1619 2035 1672 quant

427 1697 734 1766 [corum-qui
753 1707 893 1750 erant
937 1700 988 1750 in
1027 1697 1388 1760 Chanamt,'et
1417 1697 1489 1748 sic
1534 1699 1787 1766 frumeitta
1815 1695 1885 1747 eis
1926 1693 2034 1746 dis-

433 1789 698 1856 -'peusavit.
750 1789 836 1843 15.
871 1787 958 1842 Ἐι
1006 1789 1185 1858 defecit
1233 1796 1403 1857 postea
1455 1787 1683 1855 pecunia.
1734 1784 2034 1856 lmportavit

450 1879 584 1932 enim
637 1896 834 1932 omnem
869 1879 921 1932 in
968 1879 1172 1932 domum
1201 1878 1524 1933 Pharaonis.
1557 1878 1820 1934 'V'enerunt
1866 1887 2034 1931 autem

453 1968 697 2038 .Egyptii-
711 1982 881 2023 carnes
903 2011 916 2032 ,
957 1980 1004 2023 et
1033 1971 1304 2024 dicebant:
1335 1969 1414 2022 Da
1459 1970 1598 2023 nobis
1625 1985 1815 2039 panes":
1861 1979 1906 2022 et
1945 1985 2035 2022 cur

453 2060 696 2111 morimur
727 2060 948 2113 mnete’?
979 2058 1174 2130 Defecit
1221 2059 1352 2113 enim
1375 2060 1606 2130 pecunia.
1639 2060 1749 2114 Non
1789 2069 1908 2114 sunt
1931 2075 2035 2114 ἠο-

453 2149 564 2212 bis,
585 2133 840 2219 inquiunt
862 2190 876 2214 ,
911 2150 1091 2217 plures
1117 2149 1374 2219 pecuniae
1394 2191 1409 2212 .
1440 2156 1498 2203 ut
1521 2164 1793 2216 emamus,
1835 2160 1889 2204 ct
1915 2149 2034 2206 ideo

455 2238 592 2292 fatue
620 2239 873 2307 perimus.
925 2239 1000 2295 Ne
1029 2240 1191 2310 igitur
1218 2240 1481 2309 despicias
1528 2255 1627 2295 nos
1648 2282 1662 2305 ,
1691 2241 1781 2311 qui
1808 2256 1836 2294 a
1865 2250 2035 2296 morte

455 2329 525 2381 ita
555 2328 885 2396 obsidemur,
914 2329 1008 2384 sed
1039 2329 1216 2399 praebe
1245 2329 1398 2384 nobis
1431 2346 1591 2400 panes
1611 2341 1668 2384 ut
1690 2331 1925 2385 vivamus
1947 2371 1960 2390 .
1981 2342 2034 2385 et

446 2426 518 2477 ite
544 2422 854 2477 moriamur.
891 2424 974 2478 16.
1006 2423 1149 2477 Dixit
1176 2434 1338 2478 autent
1364 2425 1433 2477 eis
1471 2423 1706 2494 Joseph':
1727 2423 1916 2492 Kﬂ'erte
1943 2440 2032 2493 pe-

455 2530 573 2566 cora
599 2525 760 2568 vestra
787 2557 800 2578 ,
828 2524 873 2568 et
899 2514 1028 2568 dabo
1053 2515 1186 2570 robis
1208 2532 1382 2584 panes.
1415 2515 1469 2568 Si
1500 2516 1640 2569 enim
1671 2532 1776 2570 non
1790 2515 2035 2584 suppetit

413 2616 417 2622 '
446 2605 602 2657 vobis
631 2607 851 2673 pecuina
873 2649 886 2668 .
945 2606 1150 2675 inquit,
1197 2606 1398 2674 accipio
1426 2617 1475 2660 et
1507 2620 1712 2674 pecora.
1749 2605 1810 2660 Si
1855 2605 2032 2673 defecit

443 2697 694 2762 pecunia.
729 2695 973 2749 adducite
1003 2711 1192 2765 pecora
1233 2705 1411 2751 vestra
1437 2739 1447 2758 ,
1472 2703 1526 2750 et
1547 2695 1817 2762 accipietis
1846 2710 2030 2765 panes.

452 2786 541 2838 47,
573 2785 906 2839 Adduxerunt
931 2798 1098 2840 autent
1139 2804 1338 2856 pecora,
1369 2797 1412 2840 et
1435 2788 1571 2840 dedit
1595 2789 1666 2842 eis
1698 2804 1788 2855 pro
1817 2790 1952 2857 cquis
1981 2789 1996 2819 ¹
2015 2830 2030 2855 ,

453 2884 502 2926 et
515 2877 720 2942 oribus,
743 2886 792 2930 et
821 2875 998 2944 bobus,
1021 2889 1067 2930 et
1096 2877 1272 2942 asinis,
1300 2889 1345 2930 et
1382 2878 1509 2931 aluit
1543 2894 1628 2931 eos
1658 2894 1750 2946 pro
1773 2878 2034 2948 pecoribus

452 2968 577 3018 suis.
602 2968 692 3022 4'8.
727 2967 983 3022 Venerunt
1026 2978 1192 3022 autem
1220 2972 1290 3023 ad
1317 2986 1430 3023 eum
1454 2980 1500 3023 et
1525 2988 1657 3024 anno
1684 2973 1945 3040 sequenti,
1987 2982 2033 3025 et

452 3056 684 3110 dixerunt
709 3059 764 3111 ei
791 3074 810 3111 :
843 3059 923 3112 Ne
949 3063 1080 3129 forte
1117 3077 1407 3128 pereamus,
1444 3077 1599 3130 neque
1635 3062 1844 3130 pecunia
1894 3062 2032 3116 nobis

453 3150 704 3216 suppetit,
738 3166 896 3219 neque
910 3167 1142 3220 pecora:
1159 3153 1336 3206 oniuia
1362 3153 1493 3206 enim
1526 3155 1665 3222 apud
1691 3164 1740 3207 te
1772 3154 2032 3208 dominum

457 3249 681 3292 nostrum
702 3251 840 3294 sunt.
864 3241 1014 3296 Nihil
1038 3243 1168 3297 enim
1197 3245 1336 3298 nobis
1353 3245 1494 3297 aliud
1523 3245 1746 3298 relictum
1775 3255 2032 3316 est,quaut

451 3333 712 3400 proprium
750 3349 934 3404 corpus
981 3344 1028 3388 et
1075 3344 1210 3389 terra
1257 3345 1450 3389 nostra.
1495 3337 1580 3391 19.
1627 3335 1694 3389 Ut
1731 3336 1882 3406 igitur
1931 3353 2031 3390 non

441 3441 713 3492 pereamus
731 3469 744 3489 ,
775 3426 973 3495 posside
1003 3444 1092 3481 nos
1121 3437 1165 3482 et
1193 3437 1378 3483 terram
1396 3440 1618 3482 nostram
1660 3445 1752 3497 pro
1779 3429 1993 3497 panibus
2011 3469 2027 3494 ,

450 3524 495 3565 et
524 3516 709 3569 erimus
731 3517 878 3570 etiam
901 3535 992 3572 nos
1018 3529 1066 3571 et
1093 3527 1224 3572 terra
1247 3529 1416 3574 nostra
1441 3521 1570 3573 servi
1603 3518 1912 3573 Pharaonis.
1951 3519 2032 3573 Da

418 3641 423 3647 ν
449 3621 650 3672 semen,
675 3618 730 3660 ut
759 3609 1057 3662 seminemus
1075 3620 1118 3663 et
1141 3612 1365 3664 vivamus
1381 3653 1394 3674 ,
1417 3621 1462 3664 et
1493 3621 1626 3664 terra
1655 3628 1753 3664 non
1779 3612 2032 3682 redigetur

416 3697 502 3748 uin
531 3698 874 3752 solitudinem.
907 3698 1124 3770 Βάρεις
1151 3703 1201 3756 in
1234 3704 1548 3758 servitu-tem
1582 3703 1950 3772 subjecerunt,
1977 3714 2030 3758 ιιι

418 3797 647 3843 -?tcrr:itn
687 3792 1071 3860 vendiderunt,
1103 3795 1172 3848 ita
1203 3805 1260 3848 ut
1292 3795 1360 3849 ali
1393 3804 1609 3865 possent
1638 3814 1650 3849 :
1688 3804 1828 3849 tanta
1877 3797 2027 3850 famis

452 3885 741 3939 neceSsitas
793 3885 908 3941 fuit.
934 3887 1022 3941 20.
1049 3887 1114 3940 Et
1135 3889 1394 3957 acquisivit
1413 3887 1605 3960 Joseph
1633 3899 1817 3942 terram
1860 3888 2028 3959 ngy-

451 3976 666 4042 ptiar-um
703 3977 980 4034 Pharaoni.
1021 3980 1364 4036 Vendiderunt
1402 3983 1535 4037 enim
1561 3999 1668 4036 eam
1690 3987 1824 4053 fmne
1844 3985 2023 4036 coacti.

428 4065 518 4118 ’ἵει
541 4069 676 4137 facta
717 4079 787 4124 est
819 4081 951 4126 terra
996 4072 1302 4128 Pharaonis.
1341 4073 1430 4129 Ἡ.
1473 4073 1537 4128 Et
1568 4076 1810 4144 papulam
1837 4074 1931 4127 sibi
1973 4076 2026 4128 in

421 4176 423 4178 ·
450 4171 616 4209 servos
647 4159 854 4228 subjecit
882 4163 942 4214 ab
966 4165 1197 4217 extremis
1228 4164 1412 4232 finibus
1434 4163 1653 4233 {Egypti
1675 4180 1826 4234 usque
1845 4164 1914 4217 ad
1939 4181 2028 4218 eab

448 4255 633 4298 tremas
667 4261 686 4299 .·
709 4247 799 4302 22.
823 4260 1027 4320 excepta
1049 4262 1180 4304 terra
1205 4251 1544 4305 sacerdotum.
1573 4251 1690 4306 Illis
1727 4253 1858 4305 enim
1889 4254 2025 4306 dedit

422 4337 658 4392 f‘f’harao
682 4341 817 4395 cibos
851 4352 898 4396 et
948 4342 1301 4410 comederunt;
1333 4353 1378 4397 et
1416 4352 1677 4412 prapterea
1711 4361 1810 4398 non
1847 4346 2022 4399 vendi-

417 4430 631 4484 va‘erunt
669 4439 864 4486 terram
914 4450 1079 4488 suam.
1134 4434 1264 4490 Vide
1315 4443 1544 4503 quantus
1575 4434 1910 4500 intellectus,
1969 4445 2024 4490 et

441 4531 636 4589 quanta
669 4524 940 4593 sapientia
985 4525 1185 4595 Joseph
1216 4525 1393 4581 fuerit.
1445 4525 1565 4580 Illos
1603 4541 1775 4595 neque
1829 4526 2023 4580 famem

443 4614 673 4681 experiri
709 4618 978 4685 permisit,
1027 4627 1079 4672 et
1108 4633 1320 4673 omnem
1351 4627 1550 4673 terram
1577 4617 1853 4688 acquisivit
1880 4618 2020 4672 Pha-

416 4703 624 4766 waoui,
681 4706 942 4775 simulque
984 4709 1194 4762 fuerunt
1238 4708 1468 4779 [Egyptii
1499 4723 1683 4764 omnes
1715 4709 1764 4762 in
1797 4710 2023 4764 servitu~

446 4801 549 4844 tem
581 4793 967 4853 redacti.‘Vide
989 4800 1290 4867 .-obseero,
1323 4801 1406 4855 bic
1432 4801 1623 4855 iterum
1653 4801 1901 4854 eximiam
1942 4801 2023 4854 di-

445 4881 748 4947 ligentiam,
793 4895 846 4938 et
865 4888 1253 4956 providentiam
1281 4932 1293 4951 .
1324 4906 1480 4961 quam
1521 4906 1644 4958 erga
1676 4891 1797 4945 illos
1839 4890 2017 4946 habet.

443 4972 527 5025 2'5.
548 4971 709 5025 ’Dixit
733 4977 873 5029 enim
903 4976 1164 5046 Egyptiis
1182 5022 1194 5043 ,
1222 4979 1352 5033 Ecce
1379 4982 1620 5052 acquisiui
1648 4997 1734 5035 vos
1760 4992 1806 5034 et
1835 4991 2020 5034 terram

427 5075 657 5115 'restram
677 5064 826 5118 hodie
842 5063 1137 5120 Pharaoni.
1167 5068 1389 5138 Accipite
1410 5071 1563 5141 igitur
1581 5071 1718 5124 vobis
1745 5073 1954 5136 semina,
1974 5082 2021 5124 et

434 5154 682 5207 seminare
719 5165 907 5210 terram
936 5173 957 5211 :
980 5165 1026 5210 et
1070 5158 1112 5210 si
1134 5160 1320 5229 fuerint
1366 5171 1632 5228 proventus
1654 5203 1669 5227 ,
1699 5162 1788 5216 21.
1830 5162 2020 5215 dabitis

443 5245 668 5309 quintam
719 5257 918 5316 partem
989 5246 1255 5302 Pharaoni
1299 5264 1318 5304 :
1370 5261 1586 5318 quatuor
1630 5263 1798 5304 autem
1854 5264 2019 5322 partes

445 5345 586 5385 erunt
613 5347 787 5389 vestrae
820 5339 869 5390 in
893 5354 1064 5392 semen
1086 5350 1260 5403 terra},
1296 5349 1342 5392 et
1380 5341 1431 5394 in
1468 5342 1632 5395 cibum
1661 5344 1830 5408 vobis,
1857 5353 1905 5396 et
1929 5345 2019 5396 toti

442 5425 613 5475 dotttui
639 5436 832 5480 vestrm.
867 5427 1050 5496 Magna
1078 5429 1400 5495 liberalitas,
1435 5431 1619 5501 ingens
1650 5433 1978 5500 providentia
1999 5475 2014 5496 ,

442 5514 723 5569 iuetl‘abilis
761 5517 1080 5573 sollicitudo.
1120 5520 1241 5574 Ideo
1270 5530 1325 5576 et
1370 5523 1442 5576 l'lli
1472 5533 1825 5591 agnoscentes
1850 5524 2017 5578 bene—

439 5647 533 5764 W;
554 5649 933 5764 tizgiata
959 5653 1307 5711 tuterprctibus
1330 5651 1528 5715 legitur,
1559 5661 1605 5705 et
1631 5653 1762 5704 dedit
1785 5655 1853 5705 eis
1872 5668 2018 5719 partes

1189 301 1249 354 S.
1293 298 1564 353 JOA‘NMS
1606 297 2068 354 CIHH'SUSTUMI
2111 293 2430 348 ARCIHEP.
2469 295 2642 349 (ΖΟΧὸ
2658 295 2998 348 1“ΑΝΤΙΝυ1³.

3625 298 3731 348 561

2147 409 2262 462 ﬁcia
2292 408 2515 469 {dicunt
2543 425 2556 460 :
2585 409 2672 461 9.5.
2715 408 2937 460 διηνθειὶ
2966 424 3090 472 nos,
3140 411 3232 461 inv.
3252 410 3414 461 nimus
3445 411 3575 462 cnim
3611 428 3739 478 grus-

2143 501 2262 552 tiam
2294 517 2462 552 coram
2495 501 2698 554 domino
2719 511 2934 565 nostra;
2965 511 3018 554 et
3047 502 3231 554 erimus
3257 504 3385 555 serri
3414 501 3740 554 Pharaonis.

2152 594 2338 647 Vidisti
2374 594 2787 646 liberalitatem?
2819 593 2952 647 Nam
2994 595 3112 662 quia
3136 594 3270 648 vidit
3285 609 3390 648 eos
3421 595 3581 648 nimia
3636 611 3738 662 pe-

2143 686 2291 738 nuria
2315 686 2620 749 confertos,
2653 685 2890 751 cogitans
2909 692 3166 752 quantum
3211 685 3446 738 laborem
3496 697 3550 738 et
3594 701 3738 736 arru-

2143 791 2320 830 mnam
2342 776 2608 828 sustinuere
2637 785 2894 844 cogantur
2912 775 3134 829 colendo
3163 787 3390 842 terram,
3423 775 3552 830 dicit
3579 795 3593 830 :
3625 776 3737 830 Se-

2144 879 2266 919 men
2286 865 2447 917 'vobis
2467 880 2578 933 ego
2595 865 2979 932 suppeditabo,
3012 881 3106 919 vos
3135 875 3311 920 autem
3332 882 3542 921 omnem
3568 868 3742 920 aliain

2143 972 2322 1009 curam
2354 955 2620 1010 exhibete.
2671 955 2737 1009 Et
2776 955 2820 1009 si
2854 956 3050 1010 fuerint
3080 957 3229 1012 vobis
3262 969 3596 1028 proventus,
3638 959 3744 1009 da-

2145 1046 2267 1099 bitis
2297 1055 2514 1114 partem
2538 1061 2699 1098 unam
2719 1086 2732 1108 ,
2763 1056 2990 1115 quatuor
3018 1055 3195 1100 autem
3239 1056 3430 1102 vestra:
3456 1058 3646 1112 ortmt,
3679 1060 3743 1102 et

2144 1151 2350 1189 merces
2383 1136 2656 1200 laborum,
2690 1145 2744 1190 ct
2769 1137 3033 1192 alimmtim
3072 1138 3448 1205 smuptns.26.
3484 1138 3599 1192 Hoc
3631 1157 3743 1192 au-

2144 1235 2239 1279 tem
2266 1227 2558 1278 mandatum
2582 1229 2766 1296 iposnit
2795 1229 2889 1280 ~eis
2928 1226 3119 1298 Ioseph
3141 1239 3239 1288 ,-ut
3269 1229 3492 1298 quintam
3526 1239 3742 1298 partem

2143 1318 2616 1371 darent-Pharaoni
2636 1360 2648 1380 ,
2679 1330 2886 1390 excepta
2910 1321 3020 1374 sola
3048 1325 3364 1374 sacerdotum
3393 1334 3541 1376 terra.

2213 1408 2514 1462 Sacerdotes
2549 1410 2767 1464 colendi.
2815 1440 2886 1451 —
2923 1411 3156 1466 Audinut
3197 1413 3286 1482 qui
3323 1430 3474 1469 nunc
3499 1417 3735 1478 vivunt,

2141 1509 2392 1566 quantam
2437 1501 2564 1554 olim
2607 1501 2941 1557 sacerdoutm
2997 1503 3257 1559 idolorum
3306 1520 3487 1560 curam
3516 1507 3734 1563 babae-

2142 1591 2281 1656 rint;
2308 1601 2360 1647 et
2381 1593 2585 1648 discant
2613 1596 2773 1650 utwel
2801 1596 2987 1650 saltem
3012 1598 3444 1666 parem-habeant
3471 1602 3732 1656 honorem

2142 1682 2206 1736 iis
2230 1683 2420 1752 quibus
2448 1685 2682 1739 Minium
2713 1685 2804 1740 Del
2840 1687 3191 1742 ministerium
3208 1690 3515 1756 creditura,
3557 1703 3612 1746 et
3639 1695 3730 1761 qui

2140 1773 2442 1828 sacerdotio
2464 1776 2696 1845 tusiguiti
2719 1787 2859 1831 sunt.
2890 1777 2944 1833 Si
2977 1780 3118 1832 cnim
3148 1791 3388 1837 euantes
3415 1783 3581 1850 illi,ot
3607 1795 3734 1838 urn-

2140 1872 2247 1918 tam
2274 1864 2535 1918 idolorum
2564 1867 3060 1931 curamhabentes.
3089 1870 3213 1940 quia
3246 1888 3310 1926 ex
3348 1872 3448 1927 hoc
3477 1875 3733 1944 putabant

2142 1953 2279 2008 idola
2305 1955 2617 2025 magiscoli,
2646 1959 2928 2013 ita-eorum
2951 1961 3492 2017 ttiitiistrtiscolebzm
3519 1982 3532 2019 :
3561 1983 3728 2034 qttan-

2143 2056 2192 2100 ta
2241 2062 2346 2100 non
2393 2048 2834 2104 condemuatioue
2868 2050 3070 2119 digni,
3102 2051 3192 2120 qui
3239 2068 3378 2106 nunc
3408 2054 3731 2111 innuiuuunt

2139 2137 2279 2207 quod
2305 2137 2370 2190 ad
2401 2137 2608 2192 Hlowm
2650 2149 2853 2210 spectat
2888 2142 3086 2195 cultum
3115 2142 3138 2194 ?
3166 2146 3244 2197 An
3291 2145 3509 2198 nescitis
3555 2146 3726 2199 limm-

2141 2243 2252 2282 rcm
2273 2227 2336 2281 ad
2363 2228 2524 2282 Deum
2557 2229 2725 2300 ipsum
2749 2233 2976 2286 transire
2993 2232 3018 2284 ἲ
3037 2231 3122 2285 Ne
3148 2231 3305 2302 igitur
3335 2235 3589 2302 rcs‘pioias
3609 2254 3730 2289 eum

2140 2320 2225 2372 cui
2270 2319 2439 2375 bonos
2479 2321 2770 2376 confertur.
2800 2321 3088 2378 Non-cnim
3111 2333 3339 2394 propter
3378 2326 3526 2379 illurn
3565 2329 3728 2381 debes

2139 2412 2279 2482 quod
2320 2413 2816 2479 tuutnestal'acere;
2857 2415 2951 2469 sed
2982 2424 3198 2485 propter
3222 2417 3378 2470 illum
3403 2417 3599 2486 ,cujus
3641 2437 3726 2470 sa-

2139 2503 2330 2558 cerdos
2353 2515 2455 2569 est,
2489 2514 2548 2558 ut
2575 2514 2645 2559 -et
2683 2504 2750 2558 ab
2790 2506 2879 2559 illo
2907 2505 3548 2562 retributiones-ubertim
3588 2510 3722 2560 acci-

2142 2596 2273 2665 pias.
2306 2596 2527 2665 Propter
2553 2596 2692 2666 quod
2708 2609 2777 2652 εει
2805 2597 3012 2652 diccbat
3036 2598 3176 2664 τρυε
3201 2601 3374 2671 fecerit
3405 2601 3496 2652 uni
3527 2599 3723 2667 hornus,

2143 2687 2266 2740 mihi
2291 2684 2500 2756 fecerit;
2527 2697 2600 2752 et,
2635 2687 2734 2754 Qui
2761 2688 2944 2757 accipit
2960 2689 3264 2758 prophetam
3293 2691 3354 2742 in
3383 2691 3586 2743 nomine
3613 2709 3722 2758 pro-

2141 2779 2322 2850 phette,
2349 2781 2621 2833 mercedem
2651 2782 2908 2850 prophetia
2935 2781 3144 2850 accipiet
3167 2780 3378 2851 (Matth.
3399 2781 3494 2836 9.5.
3529 2782 3616 2837 40.
3639 2785 3721 2836 10.

2139 2871 2251 2938 41).
2279 2869 2409 2924 Nutu
2440 2871 2580 2923 enim
2620 2885 2649 2924 a
2677 2871 2936 2940 dignitate
2984 2870 3064 2924 \‘cl
3110 2871 3309 2925 vilitate
3355 2871 3722 2926 ministrorum

2140 2965 2230 3018 tibi
2264 2965 2518 3019 retribuet
2554 2964 2843 3017 Dominus?
2871 2964 2949 3018 0b
2987 2964 3312 3019 alacritatem
3336 2977 3486 3021 tuam
3516 2967 3599 3019 vel
3630 2982 3721 3017 eo-

2139 3065 2289 3111 rouat
2317 3099 2331 3122 ,
2365 3056 2445 3109 vel
2478 3055 2813 3111 condemnat.
2849 3055 2915 3110 Et
2960 3057 3097 3110 sicut
3141 3056 3339 3121 honor,
3373 3058 3462 3127 qui
3510 3069 3721 3126 pmpttr

2139 3147 2310 3217 ipsum
2365 3148 2725 3218 impenditur,
2774 3149 2996 3202 multum
3037 3150 3174 3218 parit
3218 3149 3423 3205 ﬁduciae
3467 3152 3719 3220 (propria

2137 3239 2278 3293 enim
2307 3239 2406 3293 sibi
2439 3239 2560 3293 facit
2588 3240 2726 3293 Deus
2753 3255 2869 3308 qute
2900 3241 2950 3293 in
2978 3255 3167 3294 servos
3192 3256 3317 3295 suos
3345 3241 3717 3311 collocunur),

2139 3331 2206 3383 ita
2247 3342 2300 3386 et
2339 3331 2544 3383 illorum
2585 3341 2922 3401 contemptus
2943 3333 3161 3386 mul'am
3192 3347 3221 3386 e
3245 3347 3482 3400 asperae
3504 3349 3716 3402 .pu'uain

2138 3420 2290 3474 nobis
2314 3421 2533 3474 deferet.
2561 3421 2709 3476 Sicut
2739 3423 2878 3475 enim
2907 3437 3060 3476 suum
3099 3405 3217 3477 esse
3239 3423 3526 3488 insueretur,
3558 3425 3625 3478 ita
3668 3435 3718 3478 et

2135 3521 2494 3581 contemptum
2525 3512 2669 3566 ducit
2704 3532 2717 3567 :
2752 3513 2800 3567 id
2846 3514 2983 3583 quod
3029 3515 3277 3580 scientes,
3300 3531 3598 3584 utnnquam
3627 3534 3716 3569 ue-

2135 3603 2391 3671 gtigamus
2436 3605 2634 3657 cultum
2676 3606 2772 3675 qui
2817 3605 3183 3661 sacerdotibus
3231 3607 3321 3660 Dei
3359 3608 3608 3660 debetur.
3659 3611 3716 3661 tit

2137 3696 2249 3748 lucc
2273 3695 2411 3759 dieo,
2433 3712 2534 3748 non
2565 3705 2762 3751 tantam
2790 3699 2998 3751 illorum
3022 3699 3277 3754 rationem
3302 3699 3529 3764 habens,
3556 3717 3713 3770 quau-

2135 3794 2240 3839 tatn
2271 3799 2459 3841 vestra:
2487 3788 2740 3854 caritatis,
2769 3789 2993 3860 cupiens
3022 3805 3115 3844 vos
3146 3791 3197 3844 in
3225 3792 3473 3845 etttnibns
3499 3793 3713 3850 lues-ila-

2128 3892 2273 3933 ccre.
2299 3879 2432 3945 Quid
2461 3881 2600 3934 enim
2631 3890 2830 3936 tantum
2863 3881 2956 3936 das
2980 3923 2994 3947 ,
3025 3893 3278 3954 quantum
3321 3886 3521 3954 accipis
3550 3903 3577 3938 a
3610 3887 3712 3940 Do-

2133 3971 2318 4024 mino?
2367 3982 2620 4041 quantum
2664 3984 2840 4028 autem
2895 3975 3094 4028 cultum
3150 3977 3346 4030 ati'ers?
3383 3979 3713 4031 Attameuct

2133 4077 2227 4130 pro
2259 4064 2347 4116 illo
2380 4063 2486 4125 \ili,
2517 4074 2570 4117 et
2597 4065 2682 4132 qui
2713 4065 2763 4118 in
2795 4067 3040 4134 pnesenti
3071 4067 3171 4119 vita
3201 4067 3357 4120 simul
3383 4067 3709 4133 dissolvitur,

2132 4155 2457 4209 immortales
2476 4157 2710 4225 accipies
2740 4157 3032 4220 mercedes,
3051 4169 3099 4211 et
3131 4157 3413 4211 inell’abilia
3445 4159 3606 4212 bona.

2201 4249 2256 4301 5.
2297 4249 2422 4304 Hac
2447 4258 2621 4302 mente
2643 4259 2930 4310 versantes.
2959 4265 3300 4318 properemus
3321 4251 3392 4303 ad
3407 4267 3596 4305 eorum
3625 4253 3707 4307 ob-

2129 4341 2337 4410 sequia,
2369 4355 2471 4393 non
2495 4340 2830 4394 attendentes
2869 4351 3158 4409 sumptum,
3192 4341 3284 4394 sed
3307 4341 3518 4394 incrtun
3548 4354 3597 4396 et
3629 4359 3711 4394 ae-

2127 4432 2446 4497 ccssioncm,
2475 4447 2593 4499 qua:
2621 4431 2741 4484 inde
2771 4442 3072 4484 nascuntur.
3105 4431 3235 4484 Nam
3263 4432 3304 4484 si
3341 4432 3588 4485 videntes
3615 4435 3709 4486 viri

2125 4523 2349 4591 alicujus
2379 4523 2613 4576 s:eculari
2642 4522 2898 4590 dignitate
2940 4523 3157 4591 insignis
3183 4520 3539 4588 familiarem,
3583 4541 3712 4592 ope-

2127 4630 2240 4667 ratu
2272 4617 2458 4666 damus
2502 4622 2557 4667 ut
2597 4626 2848 4682 quantum
2880 4614 3130 4682 possibile
3159 4621 3238 4667 est
3283 4614 3355 4667 illi
3398 4626 3712 4683 pra-stemus

2127 4705 2462 4773 obsequium,
2481 4705 2771 4774 cogitantes
2799 4705 2967 4759 oflicia
2999 4721 3116 4774 qua:
3141 4705 3214 4758 illi
3233 4704 3576 4767 exhibentur,
3599 4707 3711 4770 ejus

2127 4795 2341 4848 domino
2367 4796 2643 4857 accedere,
2677 4803 2729 4846 et
2759 4794 2902 4847 ilium
2932 4794 3240 4848 ﬁuniliarem
3273 4795 3359 4848 ubi
3399 4796 3708 4863 signino-alit

2127 4898 2348 4956 patrono
2379 4900 2491 4949 suo,
2523 4885 2777 4952 majorem
2808 4886 2958 4938 trabis
2985 4884 3122 4952 apud
3162 4900 3283 4938 eum
3315 4885 3549 4938 favorem
3584 4904 3711 4938 cou-

2125 4978 2422 5031 ciliaturum
2451 4991 2570 5030 esse
2602 4993 2615 5028 :
2647 4976 2811 5028 multo
2847 4976 3012 5044 magis
3047 4975 3146 5030 hoc
3181 4976 3283 5029 erit
3320 4974 3458 5043 apud
3491 4977 3708 5028 univer—

2126 5085 2304 5123 sorum
2347 5069 2639 5123 Dominum.
2675 5067 2804 5121 Nam
2832 5069 2911 5131 si,
2944 5067 3156 5137 quando
3184 5069 3300 5137 quis
3337 5069 3388 5120 in
3433 5068 3708 5137 vulgarem

2124 5161 2350 5229 aliquem
2380 5170 2432 5214 et
2468 5161 2518 5214 in
2560 5161 2674 5214 l'oro
2710 5161 2972 5228 abjecttun
3003 5159 3376 5229 benignitatem
3399 5169 3453 5214 et
3479 5159 3706 5214 commi-

2125 5253 2441 5306 serationem
2488 5253 2713 5321 aliquam
2744 5252 3081 5317 exhibuerit,
3122 5252 3375 5307 Dou'tinus
3411 5268 3532 5322 quae
3579 5255 3713 5309 tiunt

2124 5345 2222 5396 sibi
2254 5345 2463 5413 propria
2489 5359 2610 5397 esse
2636 5343 2868 5407 ducens,
2899 5344 3157 5413 promittit
3183 5358 3242 5396 se
3274 5343 3324 5395 in
3370 5359 3594 5412 regnum
3625 5345 3706 5396 in-

2126 5435 2490 5488 lrodueturum
2521 5449 2614 5487 eos
2642 5435 2728 5503 qui
2771 5434 2966 5502 aliquid
2999 5433 3120 5487 boni
3149 5434 3222 5487 illi
3253 5432 3508 5495 fecerint,
3543 5444 3598 5487 et
3623 5433 3707 5486 di-

2123 5537 2328 5579 Clltt‘tlltt
2359 5542 2372 5575 :
2415 5524 2612 5590 Venite,
2635 5523 2883 5579 benedicti
2907 5522 3080 5576 Patris
3107 5527 3205 5578 utei
3225 5567 3240 5589 ,
3266 5526 3384 5593 quia
3410 5525 3597 5576 esurivi
3614 5565 3627 5583 .
3657 5533 3704 5576 et

2122 5616 2328 5668 dedistis
2349 5616 2470 5667 mihi
2502 5615 2804 5667 manducare
2823 5613 3034 5684 (Matth.
3063 5617 3151 5669 ΞΒ.
3185 5617 3275 5682 54)
3300 5632 3314 5668 :
3344 5614 3512 5667 multo
3539 5614 3706 5680 magis

2123 5721 2235 5773 eos,
2265 5709 2352 5778 qui
2381 5718 2595 5779 propter
2619 5707 2780 5760 Deum
2806 5706 3108 5776 afﬂiguntur
3129 5748 3142 5771 ,
3169 5719 3222 5761 et
3250 5706 3550 5760 sacerdotio
3573 5705 3704 5757 insi-
