3964 6442
270 391 378 448 565

268 508 404 578 guiti
433 512 563 560 sunt
582 505 632 558 si
655 503 784 573 quis
798 499 1036 563 coluerit,
1064 513 1166 551 non
1198 498 1366 551 solum
1398 509 1575 564 parem
1603 504 1855 559 asseque-

275 614 363 652 tur
413 595 816 652 mtrihutiouem
840 633 854 655 ,
885 592 978 645 sed
1020 588 1378 657 multipliciter
1421 584 1674 655 majorem
1697 625 1710 646 ,
1748 583 1860 637 cle-

271 699 456 743 mente
509 688 620 740 Deo
662 700 728 738 ex
777 681 1096 737 abundantia
1135 677 1513 733 misericordia:
1558 689 1766 743 semper
1796 689 1856 727 ea

269 797 394 848 qua-
423 795 460 830 a.
484 777 637 829 nobis
667 775 796 828 liuut
817 773 1077 827 vincente.
1099 770 1172 825 Ne
1198 771 1354 840 igitur
1379 769 1543 823 simus
1567 767 1858 821 deteriores

272 871 604 932 infidelibus,
631 867 720 937 qui
749 875 966 934 pt‘Optt'l‘
997 864 1253 918 idolorum
1290 877 1523 916 errorem
1553 860 1724 914 adhuc
1753 869 1858 912 tan-

273 973 386 1014 tum
417 962 618 1014 eultmn
650 958 901 1012 exhibent
947 957 1156 1009 illorum
1203 954 1409 1007 latnulis
1439 969 1452 1006 :
1484 950 1576 1006 sed
1609 961 1859 1020 quantum

271 1054 564 1107 discrimen
594 1062 676 1106 est
701 1064 937 1104 errorem
970 1049 1104 1102 inter
1127 1057 1179 1102 et
1201 1048 1502 1106 veritatem,
1530 1053 1686 1115 atque
1725 1045 1862 1096 inter

273 1143 589 1198 sacerdotes
619 1142 684 1195 ill-
711 1155 738 1194 s
764 1148 816 1194 et
857 1140 948 1194 Dei
978 1138 1309 1199 sacerdotes;
1344 1145 1552 1190 tantam.
1574 1137 1624 1188 in
1662 1136 1862 1189 honore

271 1243 437 1301 atque
465 1233 608 1287 cultu
640 1229 990 1286 tlill‘erentiam
1029 1229 1378 1283 exhibramtts
1401 1268 1415 1290 ,
1449 1236 1504 1280 ttt
1547 1227 1714 1280 multo
1742 1226 1860 1295 plu-

274 1339 368 1378 res
389 1339 637 1392 superna:
664 1323 815 1376 nobis
860 1321 1231 1375 retributiones
1268 1327 1592 1373 accrescant.
1624 1317 1710 1372 '23.
1749 1316 1861 1370 lla-

277 1418 455 1470 bitauit
478 1426 642 1468 autem
668 1414 900 1467 Iacobin
933 1413 1184 1484 {Egyptm
1214 1423 1259 1466 et
1287 1413 1428 1466 aucti,
1447 1421 1584 1476 sttnl,
1617 1421 1668 1465 et
1690 1411 1833 1465 multi
1845 1443 1863 1454 ο

277 1507 457 1575 plicati
496 1515 613 1558 sunt
639 1505 802 1560 valde.
835 1506 957 1558 Erat
984 1505 1124 1558 enim
1154 1503 1268 1557 iure
1315 1503 1592 1572 promissio
1633 1502 1722 1556 Dei
1761 1502 1859 1570 ipsi

278 1597 444 1657 facta.
476 1595 684 1649 Faciam
716 1605 761 1649 te
785 1596 888 1648 illic
911 1598 962 1647 in
999 1604 1191 1665 gentun
1215 1611 1467 1664 magnam.
1496 1592 1584 1646 20.
1609 1592 1672 1645 Et
1697 1609 1865 1662 super-

278 1687 416 1741 vixit:
447 1686 604 1740 Iacob
642 1687 808 1740 decem
847 1696 892 1739 et
935 1696 1120 1754 septem
1159 1687 1320 1738 annis.
1351 1685 1413 1738 lit
1441 1685 1562 1754 facti
1604 1695 1715 1738 sunt
1759 1685 1864 1737 dies

276 1779 450 1832 Iacob
465 1780 584 1832 anni
605 1787 800 1831 rentum
828 1778 1159 1848 quadraginta
1183 1785 1388 1844 septem.
1419 1777 1702 1844 Propterea
1728 1775 1864 1829 Deus

277 1870 558 1923 dimensus
588 1879 670 1922 est
697 1873 744 1923 ei
785 1868 886 1921 hoc
926 1877 1131 1937 tempus
1160 1868 1278 1920 vine
1303 1910 1317 1931 ,
1349 1876 1411 1920 ut-
1449 1876 1566 1934 post
1595 1866 1861 1920 miseriam

279 1974 444 2029 quam
473 1969 584 2011 toto
611 1961 728 2012 vita:
761 1969 998 2028 tempore
1037 1959 1282 2012 sustinuit
1307 2000 1322 2022 ,
1349 1958 1706 2012 consolatione
1755 1973 1867 2010 ma-

274 2064 381 2118 gna
414 2058 628 2118 accepta
657 2048 780 2104 hinc
816 2051 1082 2119 migraret.

356 2140 572 2194 Muralis
600 2142 874 2194 conclusio.
905 2170 970 2182 —-
999 2141 1283 2207 νει-ωηιιεὶ
1312 2141 1468 2195 vultis
1491 2182 1504 2204 ,
1534 2156 1604 2195 ne
1627 2139 1866 2195 multitu-

275 2233 408 2288 dine
449 2233 712 2288 dictorum
759 2234 1068 2288 memoriam
1114 2243 1338 2286 vestram
1389 2233 1694 2296 obruamus,
1745 2247 1864 2300 quae

281 2325 487 2393 reliqua
519 2334 642 2380 sunt
682 2325 1100 2387 rescrvabimus,
1131 2334 1183 2377 et
1213 2324 1368 2377 tinem
1406 2325 1660 2378 orationis
1703 2323 1864 2378 facie-

281 2432 404 2469 mus
435 2433 446 2470 :
483 2426 710 2470 vestram
747 2426 923 2470 autem
962 2415 1234 2469 caritatem
1278 2416 1376 2469 hoc
1402 2417 1778 2485 rogaverimus,
1812 2427 1868 2471 ut

280 2509 575 2577 diligenter.
602 2507 667 2560 iis
690 2522 807 2576 qua:
833 2507 1078 2561 dicuntur
1112 2506 1432 2572 intendatis,
1453 2516 1504 2560 et
1535 2507 1642 2575 ipsa
1676 2524 1864 2576 perpe-

281 2609 390 2651 tua:
419 2598 689 2651 memoria:
719 2598 1387 2662 commendetis,continuo
1419 2598 1467 2651 in
1497 2607 1672 2651 mente
1696 2609 1864 2652 vestra

281 2700 580 2754 versantes,
605 2698 659 2744 et
683 2690 976 2759 engitantes
1007 2699 1252 2758 quantam
1282 2689 1723 2758 patientiatujusti
1750 2705 1868 2746 sus.

283 2782 571 2846 tinuerint,
592 2797 854 2850 quamque
913 2781 1362 2850 longanimitatem
1393 2791 1446 2835 et
1483 2780 1636 2834 fidem
1668 2782 1717 2834 in
1747 2797 1867 2850 pro-

282 2872 626 2926 missiouibus
679 2871 770 2925 Dei
819 2871 1124 2936 habuerint,
1173 2888 1276 2924 non
1331 2870 1867 2926 animo-ﬂuctuantes

286 2973 508 3032 propter
531 2979 591 3017 ea
615 2980 732 3034 qua:
756 2973 872 3034 post
896 2964 1274 3033 promissiones
1294 2965 1604 3019 eveniebant
1633 2983 1645 3018 :
1677 2965 1770 3019 sed
1809 2964 1868 3017 11.-

284 3055 478 3112 dentes
504 3055 618 3124 ejus
641 3055 728 3124 qui
754 3057 1065 3123 promiserat
1088 3055 1287 3121 virtuti,
1312 3056 1486 3109 omnia
1517 3071 1667 3126 aequo
1690 3057 1869 3111 animo

285 3144 631 3211 ferebant,,et
673 3155 949 3216 propterea
977 3146 1212 3200 celebres
1239 3156 1292 3201 et
1327 3147 1454 3200 clari
1492 3145 1703 3200 fuerim.
1734 3148 1867 3201 liceo

283 3236 427 3290 enim
459 3235 700 3305 etjustus
720 3237 804 3291 ille
825 3235 1132 3305 Ioseph-um,
1159 3246 1433 3306 postquam
1463 3248 1538 3292 tot
1565 3237 1716 3290 annis
1739 3238 1868 3294 luxit

284 3328 438 3395 quasi
463 3337 726 3384 mortuum
754 3369 767 3390 ,
801 3328 928 3382 vidit
957 3343 1175 3398 regnum
1207 3328 1420 3399 zEgypti
1449 3338 1628 3383 tenere
1659 3347 1670 3382 :
1700 3339 1752 3382 et
1777 3329 1870 3382 ad-

286 3418 546 3473 mirabilis
591 3418 824 3488 Joseph,
865 3429 979 3486 post
1020 3418 1366 3484 servitutem,
1394 3430 1516 3488 post
1555 3434 1823 3474 carcerem
1851 3461 1886 3486 ,.

287 3518 408 3577 post
434 3509 534 3562 alia
565 3509 879 3578 omniaquae
907 3510 1572 3580 sustinuit,_principatum
1602 3512 1759 3564 totius
1788 3528 1870 3565 rc-

284 3600 462 3670 gionis
492 3601 741 3669 suscepit.
773 3602 838 3655 Et
875 3602 918 3654 si
949 3601 1094 3655 adire
1140 3602 1458 3656 voluerimus
1497 3617 1586 3657 cas
1607 3645 1620 3667 ,
1671 3618 1789 3672 qua:
1818 3602 1866 3656 in

285 3691 752 3760 saera.Seriptura
797 3692 1169 3754 continentur,
1222 3691 1500 3756 historias,
1544 3693 1870 3746 inveniemus

285 3797 480 3836 omnes
506 3783 694 3837 virtute
727 3782 975 3851 praeditos
1021 3797 1112 3851 per
1139 3782 1473 3837 tentationes-
1497 3782 1870 3851 ingressos,,ct

287 3874 370 3928 sic
401 3890 646 3944 magnum
675 3889 702 3927 a
735 3875 842 3928 Deo
870 3875 1479 3944 assequutosauxilium.
1503 3875 1557 3928 Si
1586 3891 1710 3944 ergo
1739 3875 1886 3929 divi-.—

290 3981 418 4019 nam
449 3965 601 4022 nobis
629 3965 1054 4020 benevolentiam
1094 3965 1378 4020 conciliare
1409 3965 1672 4032 volumus,
1701 3982 1772 4020 ne
1795 3968 1869 4019 si-

291 4072 417 4110 mus
441 4058 578 4110 anxii
604 4057 1081 4121 intentationibus,
1105 4071 1200 4112 nec
1218 4050 1470 4127 gravatim
1499 4057 1728 4111 feramus
1755 4074 1872 4127 qua:

289 4148 448 4202 nobis
473 4147 808 4203 obveniant:
841 4147 934 4202 sed
986 4149 1152 4219 magis
1188 4148 1507 4217 gaudeamus
1541 4157 1592 4202 et
1638 4148 1873 4202 laetemur

293 4241 402 4294 [ide
428 4240 774 4304 corroborati,
808 4242 1042 4296 scientes
1065 4258 1161 4296 nos
1185 4241 1284 4296 hac
1311 4243 1515 4297 ratione
1544 4243 1873 4312 potissimum

289 4332 474 4386 divina
515 4333 842 4401 providentia
882 4332 1134 4388 fruituros
1182 4350 1300 4388 esse
1323 4377 1337 4400 ,
1368 4335 1418 4390 si
1440 4351 1556 4388 eum
1587 4337 1871 4404 gratiarum

289 4422 505 4476 actione
533 4427 707 4477 omnia
739 4424 878 4478 ferre
904 4425 1238 4482 meditemur.
1270 4425 1336 4480 Ut
1363 4435 1538 4478 autem
1567 4441 1874 4481 οιηῐιρενιιοε

291 4523 349 4568 et
378 4523 690 4584 praesentem
733 4515 892 4569 vitam
923 4515 975 4569 in
1004 4516 1278 4570 virtutibus
1307 4517 1677 4586 transigamus,
1709 4525 1772 4571 et.
1795 4516 1876 4572 fn-

295 4615 418 4659 tura
444 4620 830 4674 consequamur
853 4605 988 4659 bona
1010 4605 1488 4669 ,coneedatnobis
1517 4623 1611 4675 per
1637 4609 1874 4662 clemen-

295 4699 428 4751 tiam
450 4707 503 4752 et
525 4698 746 4767 gratiam
777 4713 925 4753 suam
951 4699 1204 4752 Dominus
1229 4708 1409 4754 noster
1429 4697 1582 4754 Iesus
1609 4699 1872 4765 Christus,

291 4789 511 4859 quicum
540 4789 678 4844 Patri
711 4798 764 4844 et
808 4799 992 4845 sancto
1019 4790 1235 4858 Spiritui
1268 4791 1337 4844 sit
1363 4789 1528 4860 gloria
1555 4833 1569 4858 ,
1599 4791 1874 4861 imperium

289 4891 348 4934 et
382 4881 552 4935 honor
575 4923 594 4949 ,
634 4897 772 4936 nunc
813 4891 867 4938 et
903 4897 1139 4952 semper,
1163 4891 1214 4937 ct
1244 4882 1295 4937 in
1320 4885 1510 4938 Saecula
1541 4885 1878 4938 saeculorum.

291 4975 493 5028 Amen.

847 5111 1122 5166 HOMILIA
1163 5111 1354 5167 LXVI.

285 5234 842 5310 Appropinquaverunt
866 5252 1050 5308 autem,
1085 5244 1282 5314 inquit,
1313 5246 1417 5298 dies
1445 5243 1611 5299 Israel
1634 5253 1686 5297 ut
1716 5260 1878 5298 ntere-

371 5341 528 5394 retur,
563 5342 606 5386 et
631 5334 821 5386 vocavit
847 5335 1007 5402 [ilium
1035 5352 1180 5389 suum
1209 5335 1428 5406 Ioseph,
1464 5346 1509 5389 et
1549 5336 1675 5389 dixit
1701 5337 1746 5388 ei
1771 5351 1789 5388 :
1821 5335 1880 5390 Si

366 5423 538 5475 inveni
561 5426 774 5494 gratiam
811 5427 949 5496 apud
971 5435 1047 5490 te,
1076 5440 1302 5496 suppono
1330 5444 1530 5481 manum
1555 5436 1692 5479 luant
1717 5428 1882 5480 subter

373 5516 545 5584 femur-
579 5532 743 5568 meum
763 5558 783 5581 ,
807 5526 851 5570 et
880 5517 1042 5587 facies
1059 5533 1246 5570 mecum
1272 5519 1659 5572 misericordiam
1686 5529 1732 5572 et
1757 5518 1884 5572 veri-

373 5613 547 5671 tatem,
573 5617 626 5658 ut
656 5623 754 5660 non
783 5608 996 5677 sepeliar
1030 5625 1119 5678 ego
1145 5610 1198 5662 in
1228 5607 1458 5679 nggpto
1478 5626 1500 5674 ;
1521 5611 1610 5663 sed
1639 5611 1883 5664 dormiam

368 5715 486 5754 cum
515 5698 737 5766 patribus
763 5701 882 5753 meis
908 5715 932 5755 τ
957 5709 1002 5754 et
1034 5705 1230 5771 auferes
1260 5713 1336 5754 me
1367 5717 1428 5754 ea:
1449 5699 1697 5772 Egypto,
1726 5711 1770 5756 et
1805 5719 1883 5756 se-

303 5867 305 5870 p
370 5789 530 5862 pelies
554 5789 697 5843 meiu
720 5793 948 5863 sepulcro
972 5805 1162 5847 eorum.
1183 5789 1282 5848 Ille
1299 5801 1463 5846 autem
1488 5793 1615 5847 dixit
1637 5791 1881 5848 :Faciam

1278 379 1342 435 IN
1379 379 1530 434 CAP.
1572 373 1756 431 XLV“
1819 369 2062 427 CENES.
2105 373 2333 428 llOMlL.
2376 373 2557 429 LXVI.

3441 377 3555 434 5Γὸ

2039 485 2308 539 secundum
2336 487 2533 539 verbum
2560 494 2719 540 tuum.
2750 485 2898 539 Dixit
2916 495 3078 540 autent
3109 502 3127 541 :
3153 486 3282 540 Iura
3312 488 3452 542 mihi.
3484 487 3567 541 lt't-

2031 575 2225 645 juravit
2250 577 2313 631 ei.
2347 576 2406 628 Et
2449 575 2675 630 adoravit
2705 575 2868 632 Israel
2897 578 2964 630 ad
2987 579 3241 648 fastigium
3273 579 3423 648 υἷι-σω
3442 581 3563 649 ejus;

2045 666 2211 739 (Gen.
2235 669 2322 723 47.
2353 669 2569 737 29-51).

2048 842 2092 895 1.
2135 841 2242 909 Age
2268 841 2423 896 hodie
2446 840 2599 894 finem
2630 842 2962 911 imponamus
2991 843 3274 896 narrationi
3307 853 3357 896 et
3383 844 3547 898 histo—

1970 932 2061 986 riae
2099 931 2302 999 .laacobi,
2333 941 2385 987 ct
2421 932 2694 987 videamus
2721 948 2960 1002 quamam
3001 933 3108 987 sint
3154 934 3236 986 illa
3281 950 3395 1004 qua:
3434 935 3548 1004 jam

1969 1026 2255 1078 moriturus
2275 1025 2521 1095 disponat
2550 1034 2602 1079 et
2625 1026 2852 1080 ordinet.
2871 1024 3067 1080 Verum
3096 1028 3269 1080 nullus
3310 1027 3376 1081 ad
3418 1045 3542 1098 pne-

1969 1113 2194 1168 sentium
2223 1130 2398 1168 rerum
2433 1123 2624 1169 statum
2653 1126 2918 1185 spectans,
2941 1117 3059 1169 talia
3085 1117 3260 1186 exigat
3284 1117 3350 1170 ab
3373 1118 3432 1171 iis
3455 1119 3554 1188 qui

1972 1214 2093 1258 tunc
2123 1203 2334 1259 fuerunt
2369 1205 2520 1275 justi,
2552 1206 2724 1275 qualia
2756 1222 2897 1261 nunc
2932 1207 2982 1260 in
3013 1209 3119 1261 vita
3163 1209 3429 1277 sapienter
3466 1211 3546 1262 in-

1971 1297 2149 1348 stituta
2177 1296 2358 1351 fideles
2391 1307 2641 1365 prmstare
2666 1298 2932 1362 convenit,
2963 1299 3054 1352 sed
3081 1299 3369 1353 secundum
3411 1310 3548 1355 tent-

1971 1401 2096 1454 pora
2143 1396 2194 1440 et
2239 1403 2326 1440 res
2361 1388 2586 1456 judicet.
2615 1388 2737 1444 "me
2767 1399 2942 1443 autem
2991 1388 3166 1443 dedita
3209 1406 3369 1459 Opera
3400 1393 3546 1461 prius

1970 1478 2216 1545 dixerim,
2251 1490 2464 1550 propter
2490 1495 2552 1534 ea
2581 1496 2698 1551 qna‘.
2722 1497 2752 1534 a
2781 1480 3076 1550 patriarcha
3110 1482 3206 1550 ipsi
3239 1482 3433 1552 Josepb
3461 1483 3545 1537 di-

1969 1579 2174 1624 centur.
2203 1571 2386 1637 Qualia
2415 1581 2588 1626 autem
2626 1573 2764 1642 sint,
2793 1572 3087 1627 audiamus.
3129 1573 3218 1627 ‘29.
3258 1575 3548 1645 Appropin-

1968 1671 2241 1734 qnaverunt
2267 1673 2429 1716 autem
2447 1705 2460 1726 ,
2494 1664 2695 1733 inquit,
2723 1665 2828 1717 dies
2858 1663 3023 1717 Israel
3041 1705 3060 1729 ,
3090 1675 3142 1717 at
3171 1675 3442 1718 moreretur
3463 1705 3478 1727 ,
3505 1677 3551 1720 et

1969 1755 2157 1806 vocarit
2183 1754 2346 1822 [ilium
2374 1771 2516 1807 suum
2545 1754 2736 1825 Ioseph
2761 1796 2774 1820 ,
2799 1766 2844 1808 et
2873 1755 3000 1808 dixit
3024 1755 3066 1808 ei
3091 1771 3108 1810 .'
3138 1755 3198 1808 Si
3244 1756 3407 1808 inveni
3431 1773 3548 1826 gra-

1971 1845 2090 1897 tiam
2114 1845 2251 1914 apud
2275 1855 2338 1910 te,
2359 1862 2586 1916 suppone
2605 1862 2810 1898 manum
2837 1855 2971 1898 tuam
2993 1846 3158 1898 subter
3174 1848 3337 1916 feritur
3360 1862 3546 1912 meum,

1969 1948 2014 1991 et
2042 1938 2192 2007 facies
2221 1952 2412 1989 mecum
2443 1936 2834 1989 misericordiam
2864 1944 2910 1989 et
2947 1936 3222 2000 veritatem,
3255 1945 3306 1988 ut
3335 1953 3432 1988 non
3471 1953 3549 1988 se-

1971 2031 2129 2098 peliar
2156 2047 2244 2100 ego
2285 2031 2334 2082 in
2361 2028 2589 2101 {Egypto
2616 2047 2635 2096 ;
2665 2032 2752 2085 50.
2784 2030 2869 2083 sed
2898 2030 3143 2083 dormiam
3173 2047 3284 2082 cum
3327 2028 3550 2100 patribus
3575 2070 3582 2076 .

1970 2121 2091 2172 meis
2113 2136 2132 2184 ;
2156 2130 2202 2174 et
2224 2126 2421 2191 auferes
2447 2137 2524 2172 me
2551 2137 2612 2174 ea:
2647 2119 2896 2191 {Egi/pla,
2916 2130 2958 2174 et
2978 2122 3182 2189 sepelies
3207 2138 3284 2173 me
3310 2121 3359 2172 in
3384 2120 3550 2189 sepul-

1971 2227 2270 2265 croeorum.
2303 2209 2403 2264 Illo
2424 2221 2588 2264 autem
2615 2213 2739 2265 dixit
2767 2210 3022 2275 :,Faciam
3053 2213 3325 2264 scczmdnm
3353 2211 3552 2263 verbum

1973 2314 2128 2357 tuum.
2188 2305 2276 2359 51.
2306 2303 2448 2357 Dixit
2479 2315 2642 2357 autent
2665 2320 2684 2359 :
2710 2304 2843 2357 Jura
2880 2305 3024 2357 milii.
3057 2303 3119 2356 Et
3160 2304 3455 2375 juravit'ei.
3488 2303 3552 2356 Et

1970 2395 2194 2448 adoravit
2227 2394 2388 2449 Israel
2416 2397 2484 2447 ad
2513 2396 2767 2467 fastigium
2794 2395 2946 2466 uirga:
2970 2398 3096 2460 eius.

2042 2486 2143 2540 Cur
2181 2488 2385 2540 rolnerit
2415 2487 2466 2539 in
2500 2488 2664 2555 patria
2699 2486 2897 2556 sepeliri
2924 2485 3104 2538 Iacob.
3131 2516 3199 2526 —
3229 2487 3374 2540 Multi
3406 2485 3550 2554 obje-

1970 2578 2152 2633 ctioris
2196 2577 2386 2640 animi,
2419 2579 2628 2646 quando
2671 2592 2701 2632 τι
2749 2578 2900 2632 nobis
2928 2578 3308 2643 admonentur,
3340 2595 3405 2633 ne
3434 2595 3549 2632 Ina-

1970 2685 2140 2740 guam,
2167 2685 2346 2723 curam
2389 2671 2675 2739 sepultura:
2711 2669 2968 2735 habeant,
3020 2685 3190 2740 neque
3233 2686 3343 2723 rem
3385 2671 3588 2724 multo.

1969 2759 2145 2814 studio
2173 2761 2385 2828 dignam
2430 2759 2884 2824 arbitrentur,ab
2925 2759 3094 2813 aliena
3130 2770 3266 2815 terra
3308 2761 3358 2814 in
3399 2775 3545 2814 suam

1973 2853 2190 2920 patriam
2219 2863 2543 2906 mortuorum
2571 2852 2818 2921 reliquias
2844 2852 3206 2919 reduc-Libane
3235 2852 3385 2906 nobis
3412 2869 3550 2922 pra:-

1974 2952 2155 2996 texunt
2200 2943 2507 3008 historiam,
2540 2943 2797 3009 dicentes,
2827 2945 2983 2996 etiam
3016 2945 3366 3012 patriarcham
3398 2945 3551 3012 hujus

1971 3033 2048 3088 rei
2081 3043 2276 3086 tantam
2325 3032 2514 3088 fecisse
2556 3049 2758 3089 cur-am.
2797 3033 2987 3087 Verum
3038 3034 3261 3103 primum
3292 3035 3502 3104 quidem
3529 3076 3544 3100 ,

1971 3125 2368 3184 sicutdixthoc
2390 3125 2621 3196 cogitare
2643 3134 2851 3195 oportet
2876 3143 2889 3179 :
2919 3134 3043 3179 tunc
3067 3140 3168 3178 non
3203 3134 3343 3180 tanta
3366 3126 3544 3194 exige-

1972 3215 2126 3270 batur
2153 3217 2503 3286 philosophia,
2529 3227 2721 3287 quanta
2749 3218 2815 3273 ab
2844 3220 2907 3274 iis
2924 3219 3015 3288 qui
3041 3234 3176 3273 nunc
3201 3219 3382 3274 vivunt
3406 3236 3419 3272 :
3451 3219 3547 3272 de-

1972 3310 2094 3364 inde
2117 3309 2409 3378 patriarcha
2442 3310 2541 3364 hoe
2583 3325 2686 3363 non
2736 3311 3048 3380 sitnplieiter
3077 3312 3240 3364 voluit
3281 3311 3390 3364 fieri
3412 3353 3425 3376 ,
3455 3311 3546 3364 sed

1972 3401 2118 3472 sp'em
2163 3404 2352 3456 bonam
2395 3403 2496 3458 illis
2528 3403 2803 3472 pollicens,
2832 3401 2942 3455 fore
2973 3411 3026 3454 ut
3054 3402 3132 3455 Sui
3166 3401 3244 3455 vel
3286 3417 3410 3456 sero
3441 3410 3552 3454 tan-

1972 3496 2092 3552 dem
2143 3495 2379 3550 redirent
2427 3495 2478 3549 in
2531 3505 2722 3548 terram
2776 3493 3158 3563 promissionis.
3196 3495 3258 3548 Et
3297 3495 3434 3562 quod
3486 3495 3559 3547 oh.

1975 3587 2110 3640 hanc
2138 3601 2348 3639 causam
2382 3586 2481 3639 hoe
2523 3585 2854 3655 prmceperit,
2904 3583 3231 3639 mauit'eStius
3276 3600 3371 3638 nos
3399 3584 3554 3637 docet

1973 3677 2113 3734 illius
2145 3677 2310 3742 ti'ius,
2352 3677 2533 3732 dicens
2569 3695 2580 3731 :
2622 3676 2885 3730 Visitando
2929 3675 3142 3729 risitabit
3189 3691 3272 3728 vos
3314 3674 3484 3739 Deus,
3511 3685 3566 3725 et

1973 3770 2125 3823 simul
2137 3770 2312 3842 [cretis
2341 3786 2452 3822 ossa
2487 3785 2596 3822 mea
2623 3769 2738 3821 hinc
2766 3770 2783 3838 (
2808 3767 2933 3822 Gen.
2964 3769 3050 3822 50.
3077 3767 3206 3836 2i).
3235 3767 3383 3834 Quod
3411 3767 3552 3821 enim

1973 3861 2141 3915 oculis
2172 3859 2290 3915 lidei
2321 3861 2491 3916 futura
2516 3861 2883 3931 prmvidcrent,
2909 3859 3029 3913 audi
3055 3859 3196 3912 illum
3225 3859 3330 3928 jam
3361 3873 3554 3912 vocare

1973 3964 2218 4008 mortem.
2252 3968 2406 4007 suam
2449 3953 2818 4007 domuitionem
2849 3953 3018 4007 :‘dieit
3061 3954 3236 4017 enim,
3289 3950 3574 4004 Dormiam.

1975 4063 2089 4099 cum
2116 4045 2339 4114 patribus
2364 4047 2504 4100 meis.
2530 4047 2814 4114 Propterea
2839 4045 3113 4099 et-Paulus
3134 4043 3370 4097 diccbat:
3393 4041 3557 4097 Juxta

1976 4140 2338 4208 ﬁdemmortui
2364 4148 2477 4192 swtt
2508 4139 2561 4192 lii
2590 4155 2778 4202 omnes,
2819 4155 2919 4191 non
2948 4149 3152 4207 accep'a
3183 4137 3510 4204 promissione
3539 4151 3559 4188 :

1976 4231 2063 4283 sed
2093 4235 2268 4301 procul
2308 4248 2417 4284 eam
2454 4231 2680 4284 viderunt
2718 4239 2762 4284 et
2788 4229 3075 4283 salutarunt
3103 4228 3122 4300 (
3152 4228 3307 4282 Hebr.
3336 4229 3421 4282 11.
3449 4228 3560 4296 15).

1976 4321 2296 4388 Quomodo?
2335 4321 2512 4376 Oculis
2539 4322 2655 4375 tidei
2685 4321 2856 4376 futura
2885 4320 3152 4376 videbant.
3191 4320 3374 4374 Nullus
3405 4319 3563 4388 igitur

1980 4423 2125 4483 putet
2165 4414 2604 4483 pusillanimitatis
2634 4429 2752 4469 esse
2797 4415 2896 4469 hoc
2938 4411 3281 4477 mandatum,
3322 4409 3415 4464 scd
3447 4418 3499 4463 et
3527 4425 3571 4462 at

1979 4515 2238 4576 tempore,
2270 4515 2324 4560 et
2349 4521 2376 4557 a
2417 4506 2728 4574 pnevisione
2775 4503 2933 4558 futuri
2977 4502 3195 4567 reditus,
3227 4499 3372 4554 omni
3399 4500 3554 4567 culpa

1983 4606 2198 4651 excuset
2216 4598 2437 4665 justum.
2459 4597 2605 4650 Nunc
2628 4596 2766 4651 enim
2789 4595 3035 4665 quoniam
3053 4607 3114 4646 ea
3133 4607 3250 4660 qum
3271 4591 3333 4644 ad
3351 4591 3562 4659 sapien-

1981 4691 2166 4745 tiorem
2197 4691 2356 4744 vitam
2385 4689 2661 4752 a-ttinent,.
2688 4697 2805 4756 post
2859 4687 3139 4740 adventum
3189 4683 3384 4737 Christi
3406 4690 3575 4738 aucta.

1980 4793 2120 4849 sunt,
2137 4785 2324 4836 merito
2338 4785 2454 4852 quis
2474 4781 2870 4851 reprehenderit
2883 4795 3002 4833 eum
3016 4779 3099 4832 cui
3117 4777 3236 4832 talia
3249 4784 3377 4831 sunt
3395 4790 3562 4831 curre.

2053 4874 2173 4928 Non
2203 4883 2274 4928 est
2302 4875 2537 4929 miserum
2565 4889 2766 4944 peregre
2791 4873 2939 4926 mori.
2965 4899 3032 4912 —-
3062 4869 3244 4940 Neque
3268 4877 3416 4938 putet
3443 4868 3567 4938 quis

1983 4966 2236 5021 miserum
2282 4981 2402 5019 eum
2435 4980 2553 5018 esse
2595 4965 2682 5033 qui
2730 4966 2780 5016 in
2827 4963 3002 5016 alieno
3045 4961 3162 5015 solo
3189 4961 3350 5013 vitam
3391 4958 3560 5021 finiat,

1984 5071 2158 5124 neque
2205 5069 2324 5108 eum
2354 5055 2442 5124 qui
2489 5055 2540 5108 in
2585 5053 2871 5108 solitudine
2911 5069 2978 5108 ex
3027 5052 3126 5106 hac
3170 5052 3274 5104 vita
3315 5048 3560 5103 decedat.

1983 5146 2163 5216 Neque
2189 5147 2330 5201 enim
2363 5146 2450 5199 ille
2489 5146 2679 5214 dignus
2708 5154 2767 5200 ut
2796 5145 2959 5199 miser
2985 5143 3189 5196 dicatur
3209 5180 3225 5206 ,
3268 5137 3361 5194 sed
3390 5137 3482 5207 qui
3509 5138 3565 5190 in

1987 5238 2219 5309 peccatis
2255 5246 2494 5291 mortuus
2520 5247 2601 5292 est
2619 5276 2634 5300 ,
2665 5236 2872 5290 etiamsi
2909 5248 3068 5298 super
3095 5231 3287 5284 lectum
3313 5269 3328 5294 ,
3356 5226 3564 5283 etiamsi

1986 5331 2340 5400 prmsentibus
2382 5329 2568 5384 amicis
2609 5327 2854 5381 omnibus
2894 5331 3119 5378 mortem
3159 5321 3335 5374 obeat.
3385 5319 3453 5374 Et
3495 5332 3564 5372 ne

1988 5425 2118 5478 mihi
2166 5423 2350 5493 frigida
2399 5422 2487 5475 illa
2531 5419 2731 5480 verba,
2773 5417 3102 5484 ridiculaque
3143 5421 3199 5468 et
3243 5411 3560 5481 insipientia:

1988 5517 2140 5586 plena
2167 5516 2306 5571 dicat
2332 5513 2522 5582 aliquis
2551 5530 2564 5565 :
2593 5512 2684 5567 Ille
2711 5508 2829 5564 talis
2857 5521 2986 5563 cane
3013 5506 3166 5560 vilius
3193 5514 3272 5560 est
3299 5513 3555 5569 mortuus,

1989 5609 2133 5663 nullo
2161 5603 2497 5660 fantiliarium
2530 5611 2811 5671 praesente,
2836 5613 3008 5669 neque
3032 5596 3300 5667 sepultura
3325 5603 3380 5650 et
3406 5593 3561 5668 funus

1987 5701 2036 5754 ei
2065 5697 2439 5765 contigerunt;
2471 5692 2565 5747 sed
2590 5690 2870 5747 collectltia
2912 5689 3049 5759 stipe
3083 5687 3222 5757 justa
3253 5684 3388 5740 facta
3414 5692 3557 5738 sunt.

1990 5790 2104 5849 Non
2133 5799 2214 5847 est
2240 5789 2361 5856 hoc,
2389 5787 2460 5842 mi
2487 5785 2678 5854 homo,
2704 5798 2835 5840 cane
2865 5779 3266 5854 ignominiosins
3286 5782 3558 5830 mortuum
