3964 6420
536 373 641 429 567

535 506 679 548 esse.
725 490 863 558 Quid
908 492 1052 545 enim
1080 491 1166 545 ille
1196 490 1374 544 damni
1421 492 1631 546 sensit?
1681 492 1814 548 Illud
1857 507 2040 556 tntum,
2085 491 2128 544 si

544 582 756 636 tirtn:is
802 583 1054 636 amictum
1103 599 1163 638 se
1213 592 1477 652 tegentem
1527 600 1632 637 nott
1683 583 1946 637 habuerit.
2001 582 2132 637 Nam

535 675 678 743 quod
717 674 768 728 id
800 674 928 730 nihil
962 675 1120 729 hedat
1157 675 1360 745 justum
1392 675 1588 730 virtute
1617 676 1932 746 praeditum,
1961 675 2130 743 disce,

538 785 660 839 quia
698 769 936 837 plerique
957 767 1246 839 justorum,
1289 769 1578 841 prophetas
1608 769 1732 824 dico
1758 779 1810 823 et
1839 770 2131 843 apostolos,

537 859 623 913 ubi
657 859 745 915 siti
773 860 900 924 sint,
934 860 1116 934 paucis
1145 861 1384 931 exceptis
1404 902 1419 926 ,
1449 863 1776 934 ignoramus.
1809 861 2018 917 Etenim
2045 861 2132 915 alii

536 952 751 1024 quidem
783 955 958 1023 capite
991 953 1240 1014 truncati.
1283 954 1378 1012 alii
1407 955 1623 1027 lapidati
1655 955 1848 1012 mortui
1887 965 2009 1008 sunt
2038 971 2051 1006 :
2083 963 2137 1007 et

538 1044 620 1101 alii
666 1045 962 1100 innumeris
1000 1056 1053 1101 et
1090 1045 1252 1100 variis
1295 1047 1468 1121 ptnnis
1512 1045 1724 1116 seipsvs
1767 1054 2136 1113 esposuertmt

538 1146 754 1210 propter
783 1135 1071 1207 pietatem,
1114 1153 1302 1194 attines
1332 1145 1547 1208 propter
1575 1137 1849 1191 Christum
1877 1145 2137 1208 martyres

537 1227 661 1280 tacti
690 1237 816 1282 sunt
843 1245 856 1282 :
889 1237 941 1282 et
978 1228 1154 1285 nullus
1183 1227 1250 1283 de
1278 1229 1383 1290 illis
1409 1228 1591 1282 dicere
1632 1228 1886 1293 audebit,
1914 1227 2137 1299 ignomi-

539 1319 746 1376 niosam
773 1335 894 1375 esse
921 1335 1107 1376 eorum
1153 1329 1383 1378 mortem
1421 1339 1434 1374 :
1478 1319 1574 1378 sed
1603 1331 1857 1391 sequetur
1899 1321 2134 1375 divinam

539 1411 906 1480 Scripturatn,
941 1412 1207 1470 dicentem
1245 1428 1258 1464 :
1302 1410 1531 1466 Pretiosa
1556 1412 1606 1465 in
1632 1423 1901 1482 conspectu
1933 1410 2138 1466 Domini

541 1521 674 1558 mors
704 1514 996 1559 sanctorum
1022 1506 1130 1574 ejus
1161 1503 1331 1575 (Psal.
1359 1505 1480 1562 115.
1515 1504 1622 1574 15).
1653 1503 1719 1560 Et
1744 1505 1880 1559 sicut
1908 1512 2135 1558 mortem

541 1606 850 1650 szutcwrum
881 1595 1424 1670 pretimamvoeavit,
1450 1595 1572 1649 andi
1612 1593 1880 1664 quomodo
1913 1603 1966 1648 et
1993 1609 2139 1647 mor-

542 1697 650 1741 tem
696 1698 1036 1759 peccatorum
1082 1687 1273 1745 malam
1315 1696 1488 1741 vocet.
1529 1685 1671 1741 Mors
1717 1687 1892 1752 enim,
1943 1686 2134 1755 inquit,

538 1787 857 1846 peccatorum
891 1779 1026 1837 ntala
1057 1776 1228 1850 (Psal.
1256 1779 1342 1836 55.
1372 1778 1486 1849 2‘2).
1520 1779 1701 1847 Itaque
1730 1779 1889 1833 etiam
1919 1779 1961 1832 si
1989 1777 2135 1832 domi

534 1886 644 1926 sint:
689 1871 1019 1934 moriantur,
1058 1879 1112 1925 et
1157 1887 1321 1928 uvore
1367 1880 1422 1926 et
1472 1872 1593 1926 ﬁliis
1643 1871 2034 1940 praesentibus,
2082 1879 2136 1924 et

538 1962 892 2022 iJJUJlijaJ'ibUS
913 2004 926 2028 ,
955 1973 1011 2018 et
1049 1964 1190 2018 notis
1221 1964 1557 2019 adstantibus
1577 2007 1592 2030 ,
1624 1965 1818 2019 virtute
1842 1973 2021 2018 autem
2048 1980 2138 2018 ca-

538 2068 711 2121 reant,
743 2057 883 2116 mala
910 2057 1100 2112 horum
1135 2075 1280 2112 mors
1305 2068 1408 2114 est.
1439 2059 1528 2114 Sic
1551 2059 1653 2113 etsi
1681 2061 1734 2112 in
1763 2058 1936 2112 aliena
1970 2066 2131 2122 terra,

535 2152 634 2205 t'tsi
681 2165 844 2219 super
887 2149 1251 2220 pavimentum
1298 2150 1418 2220 quis
1461 2150 1646 2220 jaceus
1691 2159 1790 2204 :et
1835 2148 1961 2220 quid
1992 2148 2133 2213 dico,

537 2241 639 2297 etsi
666 2237 720 2295 in
748 2241 970 2296 aliena?
998 2242 1209 2297 etiamsi
1249 2243 1302 2296 in
1333 2242 1570 2298 latrones
1607 2241 1839 2306 incidat,
1868 2241 2075 2296 etiamsi
2105 2257 2136 2294 a

535 2333 718 2398 benis
742 2333 1051 2402 demrelur,
1081 2335 1275 2390 virtute
1297 2344 1474 2390 autem
1504 2334 1759 2404 prteditus
1780 2333 1869 2396 sit,
1901 2333 2133 2403 pretiosa

538 2429 661 2502 ejus.
699 2444 844 2487 ntors
886 2431 1008 2485 erit.
1045 2430 1139 2484 Dic
1182 2431 1346 2495 enim,
1381 2429 1646 2496 obsecro,
1679 2427 1951 2484 Zacharias
1996 2427 2136 2482 ﬁlius

537 2537 717 2584 1111111111⁴
738 2521 1034 2582 tlecollatus
1051 2522 1170 2582 est?
1187 2521 1492 2592 Stephanus
1518 2531 1693 2575 autem
1714 2520 1916 2590 primus
1941 2529 2138 2590 marty-

533 2617 602 2672 r.'t
617 2627 813 2666 corona
835 2612 1114 2673 redimitus
1129 2652 1154 2678 ι
1169 2627 1346 2671 nonne
1371 2611 1633 2683 lapidatus
1651 2612 1809 2668 vitam
1843 2611 1978 2668 ﬁniit
2001 2613 2024 2665 ?

603 2702 804 2764 Paulus
841 2705 1008 2774 capite
1035 2720 1237 2766 ctesus;
1277 2702 1461 2760 Petrus
1488 2704 1686 2760 inverso
1717 2705 1883 2776 capite
1926 2705 2132 2773 cruci/i-

532 2812 657 2857 xus.
680 2825 750 2835 ——
777 2795 980 2855 Paulus.
1013 2807 1192 2858 autem
1230 2806 1284 2850 et
1325 2797 1518 2857 Petrus
1539 2837 1554 2862 ,
1598 2811 1774 2852 nonne
1804 2797 1891 2852 ille
1918 2797 2133 2867 quidem

529 2887 704 2956 rapite
726 2887 1132 2955 truncatusﬂtic
1147 2896 1325 2948 autem
1348 2886 1508 2946 modo
1530 2888 1800 2942 c0ntrario
1828 2902 1986 2958 quant
2016 2887 2136 2942 llo-

533 2979 709 3039 minus
728 2981 1049 3048 cruciﬁxus,
1067 2982 1136 3035 ita
1161 2981 1266 3038 hac
1281 2982 1386 3041 vita
1406 2982 1638 3039 excessit
1658 2981 1682 3036 ?
1701 2980 1890 3040 Nonne
1917 2992 2134 3052 promer

533 3072 634 3133 hoc
665 3075 832 3146 magis
859 3075 908 3130 in
935 3081 1046 3133 toto
1068 3073 1267 3130 mundo
1292 3073 1634 3134 celebramur
1657 3083 1712 3130 et
1734 3075 2132 3145 pra-dicantur?

601 3166 655 3225 2.
699 3166 827 3222 llaec
855 3178 1034 3223 autem
1062 3168 1242 3230 omnia
1267 3168 1564 3239 cogitantes
1590 3209 1605 3235 ,
1641 3183 1812 3239 neque
1836 3183 1930 3226 eos
1955 3169 2044 3240 qui
2078 3169 2130 3226 in

530 3262 703 3316 aliena
729 3270 868 3320 terra
897 3262 1219 3329 moriuntur,
1247 3262 1473 3322 miseros
1495 3261 1761 3328 dicamus,
1787 3278 1960 3331 neque
1985 3261 2129 3318 domi

527 3370 638 3413 sua:
665 3354 960 3413 morientes
987 3354 1172 3411 beatos
1212 3354 1563 3425 pmdiccmus
1594 3372 1608 3408 :
1634 3353 1729 3412 sed
1759 3352 1949 3412 divinae
1978 3353 2129 3408 Seri-

532 3457 699 3517 ptura:
728 3464 990 3508 canonum
1018 3458 1326 3520 sequentes,
1359 3448 1538 3506 claros
1567 3447 1850 3507 virtutibus
1884 3447 2006 3508 hinc
2029 3446 2130 3504 mi-

529 3557 745 3614 grzunes
774 3546 961 3599 beatos
985 3545 1056 3598 1111
1074 3558 1228 3599 anius
1248 3585 1262 3610 ,
1306 3551 1361 3602 et
1384 3559 1479 3599 eos
1502 3543 1592 3615 qui
1621 3542 1682 3602 in
1702 3541 1934 3612 peccatis
1960 3541 2127 3598 mori-

534 3647 693 3694 untur
733 3639 962 3692 miseros
1002 3637 1374 3707 praedicamus.
1418 3637 1568 3692 Sent
1613 3637 1756 3691 enim
1797 3634 1891 3706 qui
1935 3636 2129 3693 virtute

531 3728 786 3797 przeditns
827 3737 911 3785 est
955 3729 1006 3783 iu
1059 3728 1338 3786 meliorem
1379 3728 1541 3785 vitam
1584 3727 1815 3791 transit,
1858 3726 2130 3795 accipiens

533 3820 768 3878 laborum
797 3835 1015 3878 suorum
1049 3819 1264 3890 praemia
1293 3838 1306 3873 :
1333 3821 1400 3880 ita
1423 3819 1583 3890 etqui
1612 3818 1696 3874 illa
1718 3828 1882 3883 caret,
1905 3820 2050 3877 initia
2075 3827 2128 3874 et

533 3911 790 3981 prmi-mia
825 3911 1206 3981 suppliciorum
1222 3911 1331 3981 jam
1354 3912 1644 3982 aceipit,et
1663 3921 1932 3980 gestorum
1964 3911 2125 3964 ratio-

525 4022 619 4065 ut-s
642 4004 866 4060 reddere
889 4003 1562 4070 coactus,intolerabilibus
1579 4003 1928 4072 complicatur
1949 4003 2124 4061 riualis,

609 4096 719 4148 Vita
737 4112 958 4166 pttrsens
977 4097 1235 4164 palccstra.
1262 4097 1528 4164 Quomodo
1545 4096 1572 4149 Ι
1579 4096 1713 4152 srael
1734 4096 1962 4152 adorarit
1978 4094 2012 4147 Ι
2019 4113 2129 4150 ose-

520 4169 910 4256 plmm.——ldeo
944 4197 1154 4256 oiortet
1181 4190 1296 4242 11ωο
1336 4188 1630 4257 cogitantes
1652 4187 1903 4242 virtutum
1927 4185 2127 4243 habt-re

524 4285 805 4341 curam,et
825 4278 876 4333 in
909 4279 1159 4348 praesenti
1184 4279 1286 4332 vita
1303 4279 1456 4348 quasi
1479 4279 1530 4334 in
1551 4279 1798 4346 palwstra
1814 4288 2042 4341 certare,
2070 4292 2127 4332 ut

524 4389 645 4429 cum
659 4371 892 4430 solutum
909 4371 1062 4430 fuerit
1081 4371 1371 4436 theatrum,
1387 4371 1663 4441 splendida
1679 4371 1912 4426 redimiri
1926 4387 2124 4426 θυι-1111³

522 4480 804 4535 queamus,
831 4480 899 4520 ne
923 4463 1115 4520 frustra
1136 4463 1455 4533 ptrnitentes
1481 4463 1837 4521 inveniamur.
1862 4464 2124 4531 Quamdiu

523 4559 664 4612 enim
692 4559 850 4616 durat
871 4567 1164 4622 certamen,
1197 4556 1448 4627 possibile
1473 4565 1558 4615 est
1580 4598 1594 4621 ,
1623 4556 1667 4610 si
1691 4555 2040 4623 voluerimus,
2069 4565 2124 4611 et

523 4649 782 4705 desidiam
798 4659 1070 4716 excutere,
1088 4649 1400 4705 etvirtutetn
1417 4662 1695 4712 exercere,
1715 4657 1774 4706 ut
1795 4648 2122 4718 prepositaut

523 4758 873 4812 assequamur
898 4757 1174 4800 coronam.
1199 4744 1483 4805 Caeterum,
1507 4742 1552 4796 si
1580 4741 1809 4808 videtur,
1836 4740 2122 4799 redeamus

525 4832 596 4888 ad
623 4833 887 4888 sermonis
911 4835 1127 4888 seriem.
1157 4833 1288 4889 Nam
1315 4843 1596 4903 p0stquam
1621 4832 1888 4888 commisit
1918 4833 2028 4892 ﬁlio
2057 4832 2124 4886 de

527 4925 804 4995 sepultura
827 4967 842 4992 ,
873 4936 926 4980 et
962 4927 1094 4982 dixit
1119 4926 1316 4996 Joscplt
1349 4944 1363 4982 :
1396 4926 1503 4998 Ego
1533 4927 1720 4997 faciam
1741 4927 1894 4998 jua'ta
1922 4927 2125 4980 verbum

525 5033 712 5085 tuum,
733 5019 884 5074 addit
905 5061 920 5085 ,
948 5019 1080 5075 Jura
1110 5020 1258 5078 mihi.
1299 5019 1365 5077 Et
1403 5021 1596 5091 ⁸ξωειιυὶι
1640 5020 1702 5074 ei.
1761 5018 1828 5078 Et
1871 5019 2120 5084 adoravit,

523 5115 699 5186 inquit
722 5155 736 5178 ,
767 5113 935 5168 Israel
958 5113 1028 5167 ad
1057 5113 1326 5185 fastigium
1371 5115 1526 5183 virga:
1551 5113 1709 5168 illius.
1739 5113 1874 5169 Vide
1913 5128 2120 5176 senem,

523 5209 888 5277 thtcrepitnm,
923 5206 1281 5278 patriarcham
1313 5207 1625 5261 adorationc
1669 5208 1924 5261 honorem
1955 5207 2007 5262 in
2033 5205 2125 5261 lo.

527 5303 656 5368 septi
684 5301 983 5368 declarare,
1011 5311 1067 5356 et
1106 5300 1280 5370 reipsa
1329 5300 1554 5368 implere
1593 5299 1815 5355 visionis
1850 5310 2118 5354 eventum.

529 5391 755 5456 Quando
782 5393 932 5447 enim
955 5393 1189 5447 narravit
1209 5391 1408 5462 Joseph
1432 5391 1716 5452 visionem.
1744 5391 1904 5456 Dixit,
1931 5390 2119 5460 inquit,

531 5482 797 5553 Numquid
825 5501 916 5554 ego
943 5496 990 5538 et
1021 5495 1177 5540 mater
1206 5495 1292 5539 tua
1321 5485 1606 5550 veniemus,
1651 5492 1697 5539 et
1724 5481 2047 5536 adorabimus
2075 5491 2123 5536 te

529 5593 681 5644 super
710 5586 894 5630 terram
920 5577 944 5629 .9
969 5577 1074 5634 Sed
1101 5577 1238 5632 forte
1262 5577 1456 5633 dixerit
1495 5576 1687 5646 aliquis
1717 5593 1732 5632 :
1759 5575 1826 5630 Et
1852 5574 2120 5644 quomodo

533 5669 803 5738 impletum
832 5679 915 5726 est
951 5670 1220 5727 somnium
1260 5671 1315 5724 in
1348 5681 1540 5736 matre,
1585 5685 1706 5740 qua:
1736 5669 1846 5738 jam
1869 5678 1994 5724 ante
2022 5668 2118 5722 de-

533 5762 706 5815 functa
743 5772 887 5826 erat,
915 5773 966 5818 et
1006 5765 1168 5818 ﬁlium
1211 5781 1317 5819 non
1341 5764 1628 5818 adoravit?
1655 5763 1950 5833 Perpetuus
1977 5761 2120 5820 Scri-

534 5865 700 5926 ptum:
729 5873 843 5909 ιιιιιε
869 5865 952 5912 est
973 5900 987 5926 ,
1018 5873 1046 5909 a
1087 5857 1254 5929 magis
1280 5857 1554 5930 principali
1599 5867 1764 5912 totum
1792 5858 2109 5925 signiﬁcare.

1279 376 1335 430 S.
1377 376 1656 434 ,ΙΟᾹΝΝὶδ
1680 375 2154 432 CHRYSIBTUMI
2198 372 2514 428 ARtIIIII'IP.
2557 373 3086 429 CONS'I‘ANTINOI’.
3674 385 3752 441 563

2242 486 2504 552 Quoniam
2560 486 2734 554 igitur,
2781 485 2944 556 Caput
2973 489 3193 542 mulieris
3226 491 3336 542 vir:
3365 487 3513 543 Erunt
3534 493 3668 559 enim,
3692 499 3747 548 iu-

2243 579 2374 651 quit,
2406 580 2509 632 duo
2537 581 2588 633 in
2614 597 2818 632 carnem
2846 565 3002 633 unum
3026 582 3101 650 (1.
3129 581 3249 635 Cor.
3279 583 3356 636 11.
3379 583 3442 647 '5;
3468 583 3727 656 6011.135)

2241 686 2363 726 eum
2410 670 2653 726 adoravit
2695 683 2892 740 caput,
2935 671 3269 726 manifestum
3301 683 3379 727 est
3420 689 3592 744 corpus
3630 689 3753 732 totum

2243 774 2402 830 caput
2429 772 2711 832 sequutum
2741 778 2882 818 esse.
2913 764 2968 817 Si
2995 765 3136 818 enim
3170 775 3318 835 pater
3349 765 3442 820 hoc
3479 767 3605 834 let-it,
3632 771 3754 824 lllllilu

2250 855 2419 925 magis
2445 855 2530 908 illa
2553 895 2568 921 ,
2602 855 2703 908 nisi
2733 870 2798 910 ex
2825 855 2926 910 hac
2953 856 3054 909 vita
3089 866 3346 926 pra-reple
3378 856 3568 923 luisset,
3597 860 3754 915 11011111-

2243 945 2427 1000 cisset.
2479 945 2543 999 Et
2581 945 2813 999 adoravit
2833 987 2846 1010 ,
2897 945 3103 1016 inquit,
3135 947 3206 998 ad
3233 948 3480 1019 fastigium
3505 951 3635 1021 virgo:
3659 953 3752 1021 ejus.

2245 1035 2534 1104 Propterea
2561 1046 2614 1089 et
2643 1036 2842 1090 Paulus
2868 1038 3075 1092 dicebat
3107 1052 3120 1090 :
3154 1037 3283 1090 Fide
3301 1037 3452 1091 Iacob
3479 1042 3662 1094 moriens
3679 1044 3754 1095 sin-

2248 1129 2397 1196 gulos
2427 1129 2562 1196 filios
2588 1128 2781 1196 Joseph
2811 1129 3095 1193 benedixit,
3126 1139 3175 1182 el
3217 1129 3440 1183 adoravit
3462 1131 3525 1184 ad
3557 1135 3755 1203 fastigium

2245 1219 2400 1289 airgtz
2444 1219 2583 1272 illius
2622 1218 2822 1288 (llebr.
2847 1221 3018 1275 H.2l
3040 1220 3084 1289 ).
3130 1220 3287 1275 Vides
3329 1237 3443 1276 eum
3473 1223 3591 1277 istud
3630 1225 3754 1292 ipsum

2248 1311 2351 1366 ﬁde
2379 1320 2582 1365 motum
2613 1311 2825 1375 fecisse,
2857 1311 3268 1381 prmvidentent,
3303 1313 3426 1382 regii
3449 1314 3632 1382 generis
3651 1315 3754 1368 lutu-

2245 1420 2361 1458 rum
2389 1419 2509 1459 esse
2547 1420 2668 1459 eum
2711 1405 2800 1474 qui
2831 1419 2895 1459 ex
2931 1405 3137 1459 semine
3168 1405 3312 1458 illius
3341 1407 3609 1460 nasciturus
3642 1409 3754 1460 erat?

2251 1497 2432 1566 Itaque
2455 1512 2578 1551 cum
2606 1511 2954 1565 qua'cnmque
2981 1495 3196 1549 volebat
3223 1495 3332 1549 ﬁlio
3370 1495 3658 1564 imperasset,
3679 1514 3752 1549 non

2244 1589 2411 1643 multo
2443 1598 2560 1658 post
2598 1598 2655 1642 ut
2684 1588 2870 1643 didicit
2906 1587 3107 1658 Joseph
3138 1597 3394 1657 mgrotare
3424 1594 3601 1654 patrem
3625 1601 3751 1647 suum,

2243 1690 2298 1736 et
2322 1680 2433 1749 jam
2471 1680 2525 1733 111
2556 1677 2761 1733 foribus
2797 1693 2918 1734 esse
2947 1689 3210 1742 mortem,
3238 1677 3357 1747 quia
3383 1677 3753 1746 appmpinquave-

2243 1778 2359 1824 rant
2390 1768 2508 1824 dies
2538 1769 2727 1824 mortis
2756 1769 2897 1823 illius
2917 1810 2931 1835 ,
2968 1768 3018 1823 1.
3044 1767 3280 1835 Acceptis
3322 1766 3506 1820 duobus
3544 1767 3642 1834 ﬁliis
3663 1767 3750 1826 suis,

2243 1862 2373 1915 venit
2404 1862 2472 1914 ad
2493 1859 2679 1915 Iacob.
2708 1861 2765 1914 2.
2791 1861 3163 1914 Annnntiatum
3191 1868 3262 1912 est
3288 1868 3447 1912 autem
3466 1858 3549 1912 hoc
3563 1856 3753 1919 ἐσίοιμι

2242 1951 2597 2006 corroboratus
2626 1949 2798 2006 Israel
2828 1951 2957 2005 sedit
2984 1967 3141 2020 super
3169 1949 3350 2004 lectum
3378 1949 3514 2021 (Cap.
3536 1950 3594 2004 48
3606 1951 3636 2019 ).
3664 1949 3752 2001 Villi:

2243 2043 2517 2115 quomodo
2545 2059 2698 2098 amor
2725 2058 2850 2113 erga
2883 2043 3050 2098 ﬁlium
3095 2057 3282 2098 senem
3311 2042 3568 2106 ﬁrmabat,
3602 2049 3644 2094 et
3674 2041 3751 2091 ala.

2243 2138 2409 2191 critas
2440 2137 2684 2192 vincebat
2712 2135 3102 2190 inﬁrmitatem.
3139 2133 3331 2189 Audita
3357 2133 3490 2187 enim
3518 2133 3634 2186 illius
3654 2147 3750 2200 pra--

2242 2228 2412 2283 sentia
2434 2269 2450 2294 ,
2482 2228 2676 2300 inquit,
2721 2227 2869 2284 Sedit
2898 2244 3053 2296 super
3080 2229 3285 2281 lectum.
3317 2226 3383 2280 Et
3411 2236 3461 2279 ut
3489 2225 3599 2279 vidit
3630 2225 3749 2282 illuni,

2241 2327 2521 2391 paternam
2563 2319 2908 2375 dilectionem
2939 2319 2987 2374 ei
3017 2318 3278 2382 exhibet,
3320 2327 3372 2372 et
3397 2318 3507 2387 quia
3535 2316 3749 2370 lllOl’iitlrIIs

2241 2421 2392 2480 erat,
2441 2412 2816 2468 benedictione
2862 2427 2960 2467 sua
3006 2413 3185 2465 ﬁrmat
3229 2409 3386 2475 ﬁlios,
3429 2407 3651 2462 maximas
3685 2405 3748 2459 itas

2241 2503 2522 2559 facultates
2549 2504 2878 2574 relinquens,
2907 2511 2961 2558 et
2985 2501 3205 2558 divitias
3228 2518 3348 2571 quin
3369 2500 3555 2555 absumi
3583 2514 3664 2552 non
3687 2512 3746 2565 po

2243 2604 2438 2650 terant.
2472 2595 2541 2650 Et
2571 2595 2692 2651 vide
2721 2596 2993 2667 quomodo
3021 2595 3228 2665 incipit.
3261 2594 3484 2649 Prinnnn
3519 2600 3664 2644 narrat
3684 2589 3746 2642 be-

2241 2688 2603 2743 nevolentiam
2634 2704 2756 2759 quae
2797 2688 2900 2743 sibi
2941 2703 2974 2742 a
3019 2688 3132 2743 Deo
3171 2701 3420 2742 concessa
3445 2693 3574 2748 erat,
3601 2693 3644 2738 ct
3663 2692 3747 2735 tunc

2239 2778 2642 2834 benedictioncs
2686 2779 2810 2834 ﬁliis
2852 2778 3126 2848 impertit,
3157 2787 3211 2833 et
3249 2777 3414 2832 dicit:
3441 2776 3488 2830 5.
3515 2772 3630 2827 Deus
3654 2787 3746 2823 mm

2238 2873 2479 2942 apparuit
2506 2872 2632 2926 mihi
2670 2873 2722 2926 in
2755 2871 2927 2939 Luza,
2959 2872 3014 2926 in
3043 2881 3180 2926 terra
3205 2871 3478 2934 Chanaan,
3503 2877 3542 2922 ct
3565 2864 3746 2920 butt-dixit

2239 2965 2383 3029 mihi,
2411 2974 2457 3019 et
2481 2965 2610 3020 dixit
2641 2965 2807 3019 mihi:
2835 2966 2890 3020 4.
2921 2964 3032 3036 Ego
3062 2975 3110 3018 te
3141 2980 3359 3019 crescere
3388 2961 3584 3034 faciam,
3607 2957 3749 3012 11111111-

2238 3058 2477 3128 tiplicabo
2507 3067 2556 3112 te
2574 3101 2589 3126 ,
2617 3069 2664 3113 et
2688 3058 2878 3129 faciam
2907 3067 2954 3111 te
2979 3057 3032 3111 in
3063 3056 3473 3129 congregationes
3495 3053 3698 3125 galliam,
3719 3056 3749 3098 rt

2236 3149 2369 3204 dabo
2396 3149 2486 3202 tibi
2515 3160 2703 3203 terram
2729 3149 2860 3202 hanc
2879 3191 2894 3216 ,
2920 3157 2970 3202 et
2997 3148 3186 3202 semini
3212 3158 3296 3202 tuo
3327 3155 3436 3218 post
3459 3155 3518 3211 te,
3541 3144 3584 3197 in
3609 3155 3744 3212 posscs-

2235 3241 2428 3296 sionem
2456 3252 2716 3296 (sternam.
2749 3239 3000 3295 Promisit
3025 3238 3184 3306 mihi,
3216 3239 3402 3310 inquit,
3431 3236 3572 3297 Deus,
3595 3229 3750 3295 uuatulu

2236 3333 2290 3388 in
2321 3333 2463 3389 Luza
2503 3349 2534 3389 a
2575 3349 2662 3389 me
2688 3334 2834 3388 visus
2861 3341 2944 3388 est
2968 3373 2980 3397 ,
3029 3340 3240 3387 tantum
3269 3347 3329 3387 se
3366 3328 3748 3399 multiplicaturum

2235 3440 2419 3482 semen
2445 3443 2646 3493 meum,
2671 3438 2727 3482 ut
2747 3426 3194 3498 congregationes
3213 3426 3443 3497 gentium
3463 3438 3520 3478 ex
3539 3437 3594 3476 eo
3616 3417 3750 3472 lqur-I:

2235 3519 2363 3585 sint,
2393 3529 2448 3573 et
2487 3529 2683 3574 terram
2723 3519 2852 3573 mihi
2883 3527 2938 3573 et
2964 3518 3163 3573 semini
3190 3532 3310 3573 meo
3344 3531 3402 3571 se
3428 3515 3640 3570 daturum
3663 3523 3749 3576 prn-

2234 3610 2400 3665 tnisit.
2433 3611 2488 3665 5.
2517 3609 2676 3664 Nunc
2705 3611 2862 3682 igitur
2889 3610 2993 3664 duo
3016 3610 3095 3663 illi
3118 3611 3223 3680 ﬁlii
3241 3651 3255 3674 ,
3283 3609 3368 3678 qui
3387 3607 3490 3663 uati
3515 3611 3614 3659 sunt
3633 3599 3698 3653 tibi
3715 3600 3749 3646 iu

2233 3700 2494 3778 .(Egyplo,
2524 3704 2622 3758 mei
2645 3713 2765 3756 sunt
2791 3721 2804 3759 :
2835 3702 3086 3774 Ephraim
3114 3713 3170 3757 et
3199 3701 3475 3764 Manasses,
3499 3699 3608 3752 sicut
3629 3692 3749 3746 liubcu

2234 3805 2283 3855 et
2309 3795 2558 3870 Symeou,
2588 3805 2734 3852 erunt
2759 3796 2875 3850 mei.
2905 3795 3034 3862 Hos,
3069 3795 3265 3866 inquit,
3293 3809 3423 3866 quos
3448 3787 3644 3846 habuisti
3665 3792 3752 3837 ante

2233 3890 2521 3950 adventum
2550 3907 2761 3958 meum,
2790 3906 2891 3961 ego
2935 3891 2988 3944 in
3019 3903 3268 3946 meorum
3297 3888 3512 3943 ﬁliorum
3539 3893 3750 3938 numenmt

2232 3981 2431 4054 adopto
2451 4024 2466 4049 ,
2493 3992 2549 4043 et
2572 3999 2754 4063 parem
2784 3983 2848 4039 iis
2873 3983 2964 4054 qui
2993 3998 3059 4039 ex
3089 3999 3182 4040 me
3209 3982 3317 4038 nati
3350 3989 3467 4037 sunt
3488 3995 3515 4032 a
3543 3990 3615 4031 me
3634 3973 3750 4027 benc-

2231 4073 2523 4136 dictionem
2548 4076 2834 4146 accipient.
2877 4077 2930 4130 6.
2965 4075 3321 4148 Quoscumque
3339 4081 3501 4152 autem
3527 4075 3668 4139 poslca
3689 4075 3748 4130 ge-

2232 4168 2402 4222 nueris
2420 4208 2435 4234 ,
2462 4168 2500 4221 ii
2530 4167 2603 4227 tui
2627 4177 2814 4232 erunt;
2864 4168 2918 4228 in
2947 4168 3153 4222 nomine
3180 4171 3398 4241 fratrum
3435 4175 3618 4217 suorum
3648 4167 3746 4207 iteca-

2231 4257 2417 4318 buntur
2458 4259 2511 4313 in
2555 4259 2762 4318 illorum
2805 4257 3044 4313 sortibus.
3091 4259 3146 4319 7.
3191 4258 3338 4314 Scias
3375 4265 3562 4318 autem,
3597 4243 3700 4318 quod
3718 4251 3750 4291 et

2231 4361 2393 4406 mater
2429 4360 2517 4406 tua
2544 4351 2777 4416 Rachel,
2821 4353 3025 4420 quando
3070 4350 3577 4426 appropinquaveram
3598 4333 3749 4426 Bethle-

2231 4443 2344 4501 hem
2365 4485 2380 4510 ,
2424 4453 2622 4497 mortua
2652 4451 2724 4498 est
2742 4483 2761 4515 ,η
2803 4452 2850 4496 et
2886 4442 3058 4511 defodi
3097 4423 3210 4500 eam
3246 4423 3310 4497 (in
3353 4441 3430 4494 ria
3460 4423 3747 4515 Ilippodromi

2230 4538 2287 4594 8.
2321 4536 2386 4590 Et
2415 4537 2586 4592 videns
2612 4513 2914 4606 duosﬁlios
2947 4533 3142 4605 Ioseph
3166 4577 3182 4602 ,
3225 4534 3352 4592 dixit
3381 4548 3400 4586 :
3432 4529 3524 4595 Qui
3557 4531 3653 4579 sunt

2229 4629 2285 4689 9.
2312 4627 2411 4684 Ille
2435 4639 2602 4688 autem
2628 4645 2646 4688 ξ
2669 4628 2796 4682 Filii
2823 4628 2942 4696 11ιεὶ,
2967 4644 3094 4699 quos
3115 4627 3254 4687 dedit
3281 4625 3401 4685 mihi
3422 4623 3564 4675 Deus.
3591 4613 3644 4667 Et
3660 4609 3748 4661 dixit

2228 4723 2393 4777 Jacob
2419 4738 2438 4777 :
2461 4722 2640 4776 Adduc
2676 4721 2801 4780 mihi
2826 4737 2909 4775 eos
2929 4761 2944 4786 ,
2976 4730 3030 4777 ut
3066 4719 3357 4777 benedicam
3385 4731 3483 4770 eos.
3512 4712 3587 4766 10.
3614 4703 3664 4758 Et
3687 4714 3749 4761 ηρ·

2233 4815 2575 4892 propinquare
2601 4831 2683 4872 eos
2709 4814 2785 4867 illi
2807 4814 2946 4884 fecit.
2974 4811 3041 4867 Et
3067 4812 3323 4870 osculatus
3346 4818 3414 4862 cst
3435 4821 3527 4868 eos,
3553 4790 3750 4893 crant-itit:

2229 4886 2385 4964 tratus
2412 4918 2483 4962 cst
2511 4923 2616 4961 eos.
2645 4906 2798 4973 Vide,
2827 4906 3074 4972 obsecro,
3103 4919 3286 4959 scneut
3315 4895 3566 4970 quomodo
3592 4886 3748 4943 festina!

2231 5013 2288 5056 ct
2317 5011 2469 5070 urget
2497 5009 2554 5054 ut
2595 4999 2878 5055 benetlicat
2909 5000 3047 5054 ﬁlios
3077 4997 3300 5066 Joseph.
3332 4994 3393 5048 Et
3416 4984 3751 5060 αρρνορίπφίατθ

2231 5109 2313 5146 cos
2340 5093 2458 5164 fecit
2488 5091 2588 5154 illi,
2619 5091 2812 5159 inquit.
2840 5090 2910 5144 Et
2930 5092 3188 5145 osculatus
3213 5099 3285 5143 est
3310 5103 3411 5148 eos,
3433 5093 3476 5136 et
3497 5074 3749 5145 amplexatus

2229 5195 2302 5243 est
2327 5202 2431 5252 eos,
2462 5186 2550 5239 11.
2575 5193 2621 5237 et
2651 5184 2781 5238 dixit
2807 5184 2876 5236 ad
2898 5181 3095 5252 Ioseph
3119 5198 3138 5236 :
3165 5181 3293 5241 Ecce
3318 5179 3443 5250 facie
3465 5187 3545 5228 tua
3567 5181 3649 5220 non
3670 5170 3748 5212 at!"

2231 5280 2495 5347 privatus,
2535 5287 2580 5330 et
2625 5294 2739 5331 ecce
2783 5277 3077 5331 monstravit
3117 5274 3240 5328 mihi
3279 5271 3416 5325 Deus
3449 5277 3594 5320 semen
3624 5264 3747 5347 tuum-

2229 5373 2416 5442 Magna
2446 5370 2600 5438 mihi,
2634 5369 2827 5441 inquit,
2855 5369 3104 5438 l‘trcestitit
3133 5366 3224 5426 Dei
3261 5357 3551 5422 clementia,
3569 5359 3614 5404 et
3635 5343 3745 5437 plur:l

2229 5481 2388 5536 (ιιωιι)
2431 5464 2735 5534 θκδρυοιίὶνὶ
2760 5480 2775 5529 ;
2822 5464 2930 5523 imo
2960 5471 3014 5516 et
3045 5477 3162 5532 qum
3191 5468 3465 5525 numquam
3485 5443 3742 5536 aspect!”-

2227 5556 2344 5612 Non
2368 5556 2512 5613 enim
2539 5555 2714 5613 solum
2739 5571 2844 5608 non
2871 5569 2986 5608 sum
3016 5554 3253 5623 privatus
3279 5547 3407 5602 lat-ie
3431 5553 3530 5604 tua.
3553 5530 3744 5629 εθάιθτέέ

2226 5649 2388 5707 etiam
2417 5648 2522 5703 vidi
2551 5663 2644 5702 eos
2673 5649 2762 5717 qui
2793 5662 2855 5700 ex
2896 5655 2946 5700 te
2978 5646 3086 5699 nati
3124 5653 3266 5697 sunt.
3301 5640 3380 5692 19..
3409 5632 3470 5687 Et
3514 5625 3742 5716 educit!“

2225 5741 2420 5810 έοδθρίι
2465 5757 2496 5793 α
2540 5740 2747 5810 genibus
2773 5781 2787 5804 ,
2834 5749 2882 5794 et
2909 5738 3244 5798 udorarcrunt
3288 5746 3393 5784 cum
3419 5735 3553 5792 super
3591 5718 3740 5810 facile?

2228 5852 2381 5906 super
2410 5843 2613 5892 terram.
2649 5833 2778 5890 Vide
2804 5831 3076 5905 quomodo
3104 5841 3157 5888 et
3194 5841 3382 5899 pueros
3418 5815 3574 5876 statim
3599 5805 3742 5862 1111111-
