3964 6436
243 377 344 434 56‘.)

243 492 322 546 tio
346 489 590 543 debitum
613 486 729 541 seni
757 486 1013 540 honorem
1042 483 1262 537 reddere
1289 483 1488 537 docuit.
1523 481 1584 534 Et
1609 479 1830 548 Justqtlt,

248 581 422 651 inquit
443 619 460 645 ,
489 577 786 633 secundum
812 576 1120 645 dignitatem
1161 572 1590 644 primogenitum
1618 569 1838 626 adduxit

244 674 552 735 Manassen,
597 679 651 724 et
693 679 818 722 tunc
855 667 1128 736 Ephraitn.

217 760 224 766 ’
321 767 372 820 5.
399 763 559 818 Διιτοὸ
587 763 746 816 oculis
773 764 948 814 mentis
975 760 1190 814 valebat.
1207 789 1276 798 —
1297 759 1429 812 Vide
1463 758 1547 812 hic
1570 755 1838 828 quomodo

245 855 421 927 justus
445 854 691 922 corporis
732 851 918 906 oculos
961 867 1067 920 pra:
1105 859 1378 905 senectute
1420 865 1560 902 nunc
1599 849 1844 902 inﬁrmos

247 949 494 1011 haberet,
522 945 634 1014 (ιι).
663 943 867 997 Craoati
897 943 1029 995 enim
1056 952 1196 996 erant
1240 940 1371 994 oeuli
1408 941 1517 1010 ejus
1546 955 1651 1010 pra:
1678 940 1845 1004 senio,

244 1050 294 1094 et
322 1055 423 1091 non
451 1047 645 1106 poterat
675 1033 884 1106 videre),
917 1035 1116 1088 valeret
1142 1041 1318 1086 autem
1346 1031 1514 1086 oculis
1544 1029 1759 1096 tuentis,
1787 1039 1842 1084 et

251 1129 362 1183 title
390 1127 706 1198 pravideret
745 1127 938 1180 futura.
977 1124 1159 1194 Neque
1197 1123 1338 1177 enim
1378 1121 1718 1190 tulitJoscph
1748 1137 1841 1175 or-

249 1219 460 1282 dinem,
503 1217 596 1274 sed
637 1217 851 1272 mutatis
874 1216 1116 1270 manibus
1156 1214 1498 1276 benedicens,
1529 1213 1840 1282 dignitatem

243 1310 448 1380 juniori
492 1309 753 1374 contulit,
806 1307 1095 1378 prtet'crens
1156 1306 1379 1360 Manassi
1429 1304 1682 1375 Ephraim
1730 1321 1743 1356 :
1788 1311 1842 1358 et

250 1401 391 1456 dixit
425 1416 438 1453 :
469 1401 562 1456 15.
590 1399 721 1453 Deus
744 1441 760 1466 ,
790 1400 870 1452 cui
911 1400 1032 1453 bene
1073 1399 1367 1469 placuerunt
1397 1409 1563 1466 patres
1599 1397 1711 1449 mei.
1744 1397 1841 1450 At-

253 1490 421 1544 tende
465 1489 778 1543 modestiam
824 1488 1019 1553 Jacob,
1061 1488 1183 1544 vide
1231 1491 1463 1543 animant
1513 1488 1837 1557 religiosam.

252 1581 373 1636 Non
396 1580 626 1634 audebat
651 1581 849 1643 dicere,
879 1581 1018 1634 Deus
1043 1581 1128 1634 eui
1159 1581 1292 1635 bene
1318 1581 1485 1650 placui
1519 1599 1532 1636 :
1560 1581 1653 1636 sed
1677 1581 1843 1651 quid?

254 1673 353 1728 Cui
379 1672 503 1725 bene
536 1672 833 1740 placuerunt
873 1683 1044 1741 patres
1075 1672 1196 1725 mei.
1228 1672 1415 1726 Vidisti
1455 1673 1684 1726 animant
1725 1688 1845 1741 gra-

253 1765 412 1820 tam?
445 1763 652 1816 tametsi
686 1761 839 1832 paulo
881 1772 1032 1816 antea
1079 1777 1301 1818 narrans
1333 1764 1544 1819 dicebat
1569 1784 1582 1820 :
1611 1763 1678 1818 In
1706 1765 1844 1818 Luza

249 1854 497 1924 apparuit
538 1853 680 1917 mihi,
718 1863 764 1907 et
795 1854 1021 1922 promisit
1055 1853 1292 1907 daturum
1329 1871 1382 1908 se
1421 1857 1541 1909 mihi
1581 1867 1627 1910 et
1665 1855 1847 1909 semini

253 1963 368 2000 meo
412 1962 606 2002 attinent
652 1955 868 2012 terram,
915 1955 963 1999 et
1003 1946 1056 2000 in
1096 1948 1502 2017 congregationes
1531 1949 1751 2018 gentium
1793 1965 1846 2002 se

253 2040 519 2106 facturum
545 2052 709 2088 semen
736 2052 919 2089 meum.
965 2035 1030 2090 Et
1075 2045 1180 2090 tam
1219 2037 1490 2093 evidentia
1520 2040 1722 2094 habens
1763 2039 1844 2092 in.

253 2126 398 2182 dicis
443 2126 636 2180 divinae
687 2141 811 2193 erga
865 2142 924 2180 se
968 2127 1391 2192 benevolentiae,
1435 2129 1609 2184 adhuc
1667 2140 1844 2186 tamen

255 2217 593 2272 htnniliatam
626 2217 808 2270 habuit
853 2229 1084 2272 tuentem
1107 2259 1121 2282 ,
1151 2229 1204 2272 ct
1241 2220 1372 2273 dicit
1398 2238 1411 2274 :
1439 2220 1580 2276 Deus
1610 2224 1690 2275 cui
1726 2224 1849 2277 bene

257 2311 560 2381 placuerunt
600 2320 767 2380 patres
793 2312 886 2366 mei
916 2329 1086 2366 coram
1127 2313 1261 2381 ipso,
1301 2314 1557 2369 Abraham
1593 2325 1642 2369 et
1673 2315 1842 2368 Isaac.

259 2399 466 2460 Deinde
493 2400 685 2456 iterum
713 2418 725 2454 :
756 2401 856 2468 Qui
883 2404 1042 2472 pascit
1066 2420 1142 2457 nte
1167 2421 1198 2456 a
1217 2406 1478 2473 juvetttute
1499 2422 1628 2459 mea.
1653 2406 1849 2475 Accipe

255 2499 310 2544 ct
345 2505 410 2548 ex
447 2489 547 2546 hoc
580 2491 942 2560 gratissimum
966 2493 1080 2562 ejus
1100 2495 1361 2549 aninnun.
1402 2494 1516 2549 Non
1561 2496 1691 2550 dicit
1728 2511 1850 2565 pro-

257 2581 431 2648 prium
457 2581 727 2646 virtutem,
757 2582 850 2636 scd
873 2599 932 2636 ca
973 2600 1092 2652 quae
1120 2585 1222 2638 sibi
1257 2601 1285 2636 a
1311 2585 1421 2640 Deo
1445 2586 1658 2639 fuerunt
1688 2586 1845 2640 facta.

258 2671 363 2738 Qui
393 2674 556 2742 pascit
594 2690 674 2728 tne
710 2690 740 2726 a
775 2675 1037 2742 juventute
1084 2692 1193 2728 mea
1236 2693 1392 2746 usque
1428 2678 1481 2730 in
1518 2677 1650 2730 diem
1693 2677 1848 2731 Itane.

257 2764 380 2832 Ipse
409 2764 572 2828 enim,
605 2763 792 2833 inquit,
821 2775 906 2820 est
932 2766 1022 2834 qui
1052 2766 1119 2820 ab
1148 2767 1297 2820 initio
1327 2783 1493 2836 usque
1519 2767 1584 2822 ad
1613 2783 1851 2838 praesens

258 2871 351 2909 res
383 2870 527 2910 meas
557 2855 916 2924 dispensavit,
947 2865 1002 2911 et
1031 2856 1336 2912 moderatus
1359 2866 1459 2912 est.
1507 2859 1584 2913 Ita
1621 2867 1672 2912 et
1705 2859 1851 2927 prius

256 2943 473 2999 dicebat
514 2963 528 3000 :
565 2945 632 2999 In
663 2947 804 3016 virga
842 2949 976 3001 enim
1009 2964 1118 3001 mea
1158 2947 1253 3001 liae
1295 2949 1498 3003 transivi
1522 2949 1800 3004 Jordauem
1829 2965 1848 3004 :

255 3046 305 3091 et
334 3053 445 3092 ecce
469 3053 602 3093 nunc
631 3040 797 3107 factus
843 3055 953 3091 sum
995 3039 1048 3094 in
1086 3037 1188 3093 duo
1227 3049 1393 3092 castra
1421 3039 1572 3110 (Gen.
1604 3041 1694 3095 52.
1726 3041 1850 3111 10).

259 3130 326 3185 Et
371 3144 510 3185 nunc
554 3131 744 3188 iterum
790 3129 908 3185 aliis
937 3131 1112 3186 verbis
1143 3131 1263 3186 dicit
1301 3149 1314 3185 :
1355 3132 1456 3198 Qui
1498 3134 1659 3201 pascit
1700 3149 1779 3186 me
1817 3150 1850 3186 a

249 3223 518 3292 jurentute
539 3239 648 3279 mea
674 3238 827 3292 matre
854 3222 904 3278 itt
929 3223 1058 3276 diem
1083 3224 1236 3288 hunc,
1269 3223 1354 3278 16.
1377 3224 1588 3294 angelus
1613 3225 1700 3296 qui
1727 3224 1850 3279 libe~

255 3308 501 3369 raeit‘ute
526 3314 589 3368 de
629 3313 860 3369 omnibus
901 3315 1067 3368 ntalis.
1113 3314 1290 3370 Grata:
1316 3315 1503 3368 animae
1535 3332 1598 3370 ac
1627 3318 1724 3387 piae
1750 3357 1764 3380 ,
1795 3325 1850 3373 ct

255 3406 398 3462 bene
435 3407 688 3462 memoris
715 3407 1090 3463 beneﬁciorum
1123 3408 1236 3473 Dei,
1266 3409 1449 3462 verba.
1500 3409 1593 3464 Ille
1613 3453 1627 3476 ,
1659 3410 1846 3480 inquit,

254 3499 343 3552 cui
387 3509 564 3566 patres
593 3502 696 3554 mei
727 3499 863 3553 bene
894 3499 1220 3568 placuerunt,
1268 3501 1354 3570 qui
1385 3516 1469 3554 me
1507 3515 1540 3554 a
1574 3501 1849 3571 iuventute

255 3607 379 3646 inea
408 3606 576 3662 usque
613 3593 667 3648 in
710 3602 1026 3661 przesentcm
1056 3592 1197 3648 diem
1242 3594 1522 3660 educavit,
1551 3597 1641 3666 qui
1671 3611 1756 3650 me
1779 3597 1850 3652 ab

256 3681 414 3736 initio
434 3682 501 3736 ab
523 3682 774 3736 omnibus
799 3683 952 3736 malis
982 3683 1238 3745 liberavit,
1271 3685 1359 3753 qui
1385 3694 1582 3738 tantam
1613 3702 1733 3756 erga
1762 3702 1848 3742 mc

251 3773 547 3828 declaravit
588 3773 999 3844 providentiam,
1047 3776 1158 3845 ipse
1184 3775 1451 3831 Benedicet
1490 3779 1580 3832 Iros
1620 3796 1801 3848 pueros
1829 3796 1848 3835 :

249 3874 308 3919 et
346 3864 654 3921 iitroculritur
682 3865 735 3918 in
763 3867 833 3920 eis
876 3882 1056 3920 nomen
1098 3883 1262 3921 meum
1282 3909 1298 3932 ,
1338 3877 1385 3920 et
1424 3885 1605 3922 nomen
1648 3881 1847 3939 patrum

253 3973 511 4024 meorum,
549 3958 804 4012 Abraham
829 3969 873 4013 et
907 3957 1079 4025 Isaae,
1123 3968 1168 4012 et
1209 3961 1606 4031 multiplicantur
1631 3964 1681 4015 in
1712 3963 1846 4017 mul-

255 4049 525 4103 titudinem
553 4067 789 4122 magnam
817 4069 968 4123 super
997 4063 1198 4106 terram.
1223 4053 1407 4108 Vidisti
1431 4054 1588 4109 simul
1615 4065 1668 4110 et
1696 4057 1860 4110 intel-

256 4139 572 4209 ligentiatn,
617 4151 672 4197 et
730 4144 1096 4198 modestiam?
1145 4145 1548 4215 lntelligentiam
1595 4148 1843 4216 quidem,

254 4231 384 4298 quia
409 4229 529 4286 ﬁdei
551 4233 721 4286 oculis
741 4234 1038 4303 praevidens
1060 4234 1312 4304 Ephraitn
1336 4239 1565 4307 praetulit
1585 4239 1807 4293 lllanassi
1831 4257 1845 4294 :

255 4324 580 4379 modestiam
595 4340 742 4390 vero,
757 4327 881 4396 quia
902 4342 1158 4396 nusquam
1172 4330 1504 4384 surevirtutis
1522 4332 1845 4387 mentionem

259 4418 384 4472 fecit
409 4435 423 4482 ;
453 4418 547 4474 sed
573 4435 641 4473 ex
671 4419 892 4489 probata
926 4431 1131 4488 patrum
1159 4423 1287 4487 vita,
1319 4432 1374 4477 et
1397 4438 1466 4476 ex
1495 4425 1766 4479 beneﬁciis
1794 4427 1844 4479 in

256 4524 322 4563 se
350 4509 558 4562 collatis
588 4509 701 4578 ipse
748 4525 932 4579 preces
977 4511 1129 4578 ttulit,
1175 4521 1227 4566 et
1258 4513 1680 4568 benedictionem
1725 4516 1847 4572 ﬁliis

257 4611 514 4669 precatus
536 4610 639 4656 est.
673 4601 870 4657 Verum
892 4603 1055 4657 Jacob
1080 4604 1293 4674 quidem
1324 4605 1622 4673 praevidens
1647 4606 1843 4673 futura,

256 4691 332 4745 ita
366 4691 470 4746 illis
500 4693 771 4748 benedixit
814 4712 826 4746 :
864 4695 949 4749 17.
984 4693 1179 4764 Ioseph
1223 4711 1338 4751 vero
1380 4698 1552 4751 videns
1588 4700 1848 4768 juniorem

256 4784 530 4854 praelatum
555 4787 760 4850 seniori,
791 4803 944 4858 graue
970 4797 1014 4841 et
1037 4788 1298 4859 indignum
1326 4806 1432 4843 esse
1461 4801 1663 4858 putans,
1694 4793 1848 4846 dicit:

258 4877 353 4932 18.
389 4877 483 4930 Hic
504 4888 578 4933 est
616 4881 1018 4951 primogenitus;
1059 4897 1188 4950 pone
1222 4881 1480 4934 dexteram
1523 4894 1658 4935 tuam
1699 4901 1849 4954 super

251 4978 415 5037 caput
439 4971 564 5040 ejus.
595 4970 681 5025 19.
709 4970 775 5025 Et
797 4972 958 5024 noluit
979 5015 992 5036 ,
1019 4973 1109 5026 sed
1129 4973 1254 5026 dixit
1279 4989 1298 5026 :
1321 4973 1470 5038 Seio,
1496 4976 1602 5042 ﬁli,
1631 4975 1753 5030 scio.
1781 4975 1849 5030 Et

254 5062 344 5114 hic
368 5062 460 5115 erit
485 5064 536 5116 in
564 5063 837 5131 pOpulum,
867 5074 913 5116 et
939 5064 1020 5117 hic
1047 5066 1349 5120 exaltabitur
1366 5083 1384 5132 ;
1425 5068 1514 5122 sed
1547 5071 1708 5138 frater
1740 5071 1848 5135 ejus

244 5152 433 5221 iunior
455 5153 620 5222 major
639 5168 697 5206 eo
727 5155 838 5219 erit,
869 5165 914 5208 et
936 5172 1103 5210 semen
1129 5158 1238 5227 ejus
1267 5163 1360 5212 erit
1392 5159 1442 5213 in
1470 5159 1847 5214 multitudinem

251 5243 503 5313 gentium.
546 5244 624 5299 Ne
657 5254 807 5315 putes
837 5263 956 5312 nte,
991 5247 1193 5317 inquit,
1232 5264 1357 5302 casu
1399 5265 1461 5303 ac
1501 5251 1716 5306 fortuito
1749 5253 1850 5310 hoc

254 5334 473 5397 fecisse,
503 5335 585 5391 vel
615 5351 708 5406 per
737 5336 1108 5407 ignorantiam.
1140 5337 1264 5394 Seio
1285 5339 1448 5405 enim,
1473 5351 1528 5397 et
1553 5343 1850 5412 prtcvidens

249 5427 436 5482 futura
457 5471 472 5494 ,
502 5428 573 5486 ita
603 5431 652 5485 ei
682 5431 1108 5487 benedictionem
1138 5432 1281 5487 dedi.
1325 5433 1454 5488 Nam
1496 5435 1621 5491 licet
1661 5449 1847 5494 natura

253 5523 544 5592 primatum
576 5525 766 5579 habeat
799 5524 1068 5580 Manasses
1087 5566 1102 5590 ,
1131 5525 1225 5580 sed
1255 5525 1462 5581 Iuvenis
1489 5529 1576 5582 ille
1602 5533 1767 5600 major
1792 5548 1851 5586 eo

250 5614 378 5679 erit,
404 5624 450 5666 et
472 5631 640 5669 semen
663 5616 772 5686 ejus
799 5616 851 5669 in
874 5617 1246 5669 multitudinem
1269 5619 1510 5687 gentium.
1536 5619 1647 5676 Hoc
1671 5631 1848 5678 autem

253 5716 428 5761 t'ttntn
462 5707 655 5762 factum
685 5719 788 5775 est,
819 5709 940 5779 quia
973 5709 1096 5764 hinc
1124 5725 1345 5780 regnum
1373 5710 1847 5772 demonstrabatur

250 5799 610 5856 moriturum.
659 5801 946 5875 Propterea
997 5803 1290 5875 praedicens
1342 5803 1514 5861 futura
1539 5846 1554 5875 ,
1601 5807 1679 5866 sic
1722 5823 1844 5867 cum

1274 368 1339 424 1N
1379 369 1530 422 CAP.
1564 366 1770 420 XLVI“
1834 364 2076 432 GENES.
2123 361 2348 420 1103111...
2392 361 2574 419 LXVI.

3427 360 3540 416 ε’λῖςο

1945 476 2228 532 benedicit.
2258 477 2349 532 20.
2380 477 2443 531 Et
2468 475 2718 530 benedixit
2745 491 2847 538 eos,
2875 474 3046 528 dicens
3068 491 3086 527 :
3115 471 3178 525 ιιι
3206 473 3350 528 vobis.
3375 475 3522 526 bend-

1943 567 2109 622 tlicent
2132 567 2316 633 Israel,
2361 569 2581 621 dicentes
2607 582 2627 621 :
2655 565 2831 620 Faciat
2856 575 2902 619 te
2947 565 3080 618 Deus
3122 565 3248 618 sicut
3285 563 3538 633 lfplrraim

1941 668 1990 712 et
2030 657 2288 714 Hanasse.
2330 657 2399 711 Et
2441 659 2606 729 posuit
2655 657 2903 728 [sip/iraira
2941 667 3059 710 ante
3102 656 3154 710 Μ
3161 673 3393 712 attttssen.
3436 655 3544 722 ita,

1948 749 2137 818 inquit,
2170 751 2328 804 ambo
2357 760 2515 804 erunt
2541 750 2760 820 gloriosi
2783 790 2797 813 ,
2829 758 2883 803 ttt
2910 763 3098 802 omnes
3129 748 3180 801 in
3212 748 3408 817 optatis
3437 747 3534 800 ha-

1944 844 2103 897 beant
2131 843 2195 896 ad
2223 843 2465 896 eamdem
2492 859 2612 896 cum
2655 843 2762 895 illis
2787 844 3010 912 gleriam
3041 841 3319 912 pervenire
3349 857 3362 893 :
3393 851 3538 892 alta-

1945 949 2068 988 men
2113 933 2263 1004 prior
2307 934 2409 988 erit
2455 934 2706 1004 Ephraitu
2752 934 3012 987 Manasse.
3065 932 3224 986 Vides
3267 931 3544 1000 quomodo

1945 1024 2112 1093 gratia
2161 1025 2253 1078 Dei
2305 1023 2746 1092 pnetnonstrabat
2775 1025 2823 1078 ei
2875 1026 3083 1085 futura,
3131 1038 3192 1076 ac
3223 1021 3537 1093 prophetico

1946 1113 2158 1168 afﬂatus
2181 1113 2369 1182 spiritu
2402 1115 2522 1167 [iiiis
2551 1113 2750 1184 Ioseph
2783 1112 3130 1178 benedixcrit,
3163 1121 3216 1166 et
3246 1112 3384 1181 quod
3415 1120 3532 1164 tan-

1948 1206 2014 1258 tis
2042 1206 2368 1274 tetnporibus
2387 1206 2595 1272 aberat,
2621 1216 2888 1275 tamquam
2913 1220 3147 1275 praesens
3173 1215 3227 1258 ct
3250 1218 3371 1259 ante
3402 1221 3539 1260 ocu-

1950 1295 2027 1350 los
2051 1297 2208 1349 situm
2237 1296 2469 1350 viderit?
2491 1297 2599 1350 lloc
2621 1297 2936 1350 enimmodo
2959 1313 3017 1351 sc
3049 1297 3206 1350 habet
3236 1296 3531 1366 prophetia.

2026 1385 2174 1440 Oculi
2197 1387 2316 1455 ﬁdei
2341 1388 2733 1457 pet'spieaciores
2756 1388 3026 1457 corporeis.
3053 1387 3265 1441 Mortalis
3285 1389 3535 1458 epilogus.

1947 1507 2018 1517 ——
2043 1478 2172 1532 Nam
2203 1479 2339 1532 sicut
2376 1479 2517 1534 oculi
2559 1480 2865 1550 corporales
2895 1479 3030 1533 nihil
3055 1480 3279 1548 amplius
3309 1490 3530 1548 prouer-

1948 1583 2106 1638 quam
2135 1569 2361 1624 visibilia
2397 1579 2639 1640 spectare
2668 1580 2908 1640 possunt,
2938 1571 3006 1624 ita
3037 1579 3090 1624 et
3117 1570 3254 1624 oculi
3280 1570 3397 1623 titlei
3428 1585 3538 1622 non

1949 1678 2067 1730 qua:
2093 1663 2336 1716 videntur
2353 1671 2614 1734 spectant,
2638 1663 2733 1718 sed
2763 1665 2846 1716 illa
2865 1663 3064 1724 vident,
3089 1678 3207 1732 qtae
3232 1662 3396 1715 multo
3422 1672 3537 1729 post

1951 1752 2122 1806 futura
2150 1762 2294 1807 sunt.
2331 1754 2392 1807 Et
2425 1753 2524 1807 hoc
2551 1754 2882 1808 manifestius
2910 1755 3090 1808 scietis
3116 1770 3180 1808 ex
3211 1753 3539 1808 benedictio-

1951 1847 2130 1908 nibus,
2151 1860 2282 1915 quas
2305 1847 2413 1899 suis
2439 1845 2560 1900 liliis
2581 1847 2691 1900 dat.
2721 1846 2984 1901 Caeterum
3009 1863 3074 1901 ne
3097 1848 3311 1914 longum
3339 1862 3541 1900 sermo-

1950 1953 2072 1991 nem
2104 1936 2358 1991 laciamus
2382 1980 2396 2004 ,
2427 1937 2699 2006 multoque
2727 1952 2819 1991 vos
2843 1953 3130 1993 oneremus
3163 1939 3344 1992 labore
3367 1981 3380 2003 ,
3411 1953 3543 1991 con-

1952 2033 2082 2084 tenti
2124 2030 2319 2096 dictis,
2353 2031 2404 2083 in
2447 2040 2758 2100 sequentem
2805 2045 3105 2085 sermonem
3147 2031 3542 2084 reservabitntrs

1953 2122 2180 2174 ﬁliorum
2214 2122 2330 2189 ejus
2360 2122 2804 2176 benedictionem.
2857 2121 2990 2175 illud
3025 2131 3198 2176 tamen
3227 2122 3545 2175 obsecrave-

1952 2215 2052 2268 rim
2080 2225 2310 2268 vestram
2337 2214 2642 2281 caritatem,
2674 2223 2728 2267 ut
2755 2213 3030 2268 imitemini
3058 2215 3258 2283 justum
3289 2215 3457 2274 hunc,
3489 2223 3539 2265 et

1953 2306 2087 2361 tales
2114 2306 2438 2360 hereditates
2467 2305 2586 2359 Illiis
2608 2304 2798 2359 vestris
2827 2305 3135 2373 relinquatis
3156 2346 3171 2368 ,
3199 2320 3316 2372 qnze
3343 2319 3376 2357 a
3401 2304 3546 2356 nullo

1951 2413 2204 2467 umquam
2225 2397 2480 2452 damnum
2497 2397 2739 2462 accipere
2757 2397 2982 2465 possint.
3009 2396 3208 2449 Divitis:
3228 2396 3365 2450 enim
3390 2411 3533 2462 saepe

1953 2488 2113 2542 etiam
2141 2487 2520 2556 aet-ipientibus
2545 2487 2832 2554 perniciem
2859 2496 3204 2556 pepererunt,
3225 2499 3270 2541 et
3300 2486 3541 2548 insidias,

1951 2586 2008 2632 et
2038 2577 2200 2630 multa
2234 2577 2464 2646 pericula
2501 2593 2514 2628 :
2547 2575 2630 2629 hic
2661 2586 2840 2630 autem
2860 2576 2992 2629 nihil
3027 2577 3128 2630 tale
3153 2576 3405 2644 ειιειιὶρειιὶ
3445 2591 3545 2644 po-

1953 2671 2082 2724 teris
2122 2685 2391 2738 umquam.
2445 2669 2752 2724 Thesatn'us
2789 2669 2930 2723 enim
2971 2677 3051 2724 est
3074 2709 3097 2736 ,I
3129 2670 3216 2738 qui
3257 2686 3546 2739 numquam

1953 2765 2242 2829 exhauriri,
2274 2778 2561 2832 numquam
2592 2771 2765 2832 potest
2793 2764 3067 2821 consumi:
3103 2765 3414 2829 thesaurus,
3448 2765 3536 2832 qui

1953 2861 2058 2912 no’n
2090 2857 2363 2911 hominum
2385 2856 2546 2923 dolis,
2574 2871 2673 2911 nec
2698 2856 2964 2911 latronum
2989 2855 3214 2920 insidiis,
3241 2871 3344 2909 noa
3375 2855 3544 2909 lautu—

1955 2949 2132 3003 lorum
2161 2948 2381 3014 malitia,
2409 2963 2512 3002 non
2543 2947 2647 3004 alio
2671 2946 2920 3017 quopiam
2948 2946 3189 3001 imminui
3221 2956 3392 3016 pttlcsl
3411 2989 3424 3009 ,
3449 2949 3545 3002 sed

1955 3051 2212 3113 perpetrm
2245 3051 2424 3096 manet
2457 3058 2470 3094 :
2500 3039 2789 3110 spiritualis
2829 3039 2974 3093 enim
3004 3047 3123 3102 est,
3157 3039 3401 3094 humanis
3439 3057 3547 3093 non

1951 3132 2148 3186 cellens
2190 3131 2394 3186 insidiis
2419 3171 2435 3196 ,
2467 3130 2563 3186 sed
2604 3146 2727 3186 cum
2758 3129 2820 3184 iis
2847 3127 2940 3198 qui
2976 3128 3127 3183 illum
3153 3130 3422 3198 accirinnt
3445 3172 3458 3192 ,
3491 3142 3546 3184 ct

1952 3221 2119 3275 sobrii
2145 3235 2264 3276 esse
2306 3222 2486 3274 volunt
2530 3235 2592 3275 ac
2633 3220 2959 3290 prudentes,
3003 3218 3056 3273 in
3107 3219 3333 3273 futuram
3381 3221 3545 3274 vitam

1952 3312 2222 3383 migrabit,
2253 3322 2306 3367 et
2329 3314 2407 3368 eis
2435 3321 2632 3367 acterna
2663 3311 2981 3382 przeparabit
3004 3312 3367 3370 tabernacula.

2023 3406 2076 3460 4.
2117 3405 2194 3460 Ne
2231 3406 2390 3474 igitur
2427 3418 2642 3473 operam
2686 3412 2922 3458 nostram
2961 3406 3012 3458 in
3051 3403 3380 3472 colligendas
3410 3418 3542 3472 opes

1952 3499 2277 3554 collocemus
2301 3539 2316 3563 ,
2349 3511 2481 3566 quas
2523 3496 2886 3566 relinquamus
2923 3495 3078 3558 filiis;
3128 3495 3218 3549 sed
3257 3494 3545 3548 docemnus

1953 3606 2047 3646 eos
2076 3592 2345 3656 virtutem,
2371 3599 2423 3644 et
2451 3589 2870 3643 benedictionem
2902 3587 2995 3643 Dei
3029 3589 3133 3642 illis
3161 3602 3532 3656 apprecamur.

1952 3681 2071 3736 Istae
2107 3683 2248 3737 enim
2276 3723 2290 3744 ,
2332 3682 2446 3735 ista:
2493 3681 2738 3734 maximae
2764 3690 2886 3733 sunt
2918 3679 3192 3734 facultates
3222 3697 3235 3733 :
3271 3679 3384 3732 istac
3414 3687 3541 3731 sunt

1952 3775 2249 3830 ineﬂ'abiles
2274 3773 2470 3829 divitia:
2490 3815 2506 3839 ,
2533 3789 2652 3843 qua:
2683 3788 2785 3826 non
2813 3773 3186 3837 absumuntur,
3213 3788 3333 3842 quae
3363 3775 3541 3840 quoti-

1951 3865 2040 3921 die
2081 3865 2432 3919 substantiam
2474 3874 2708 3918 nostram
2749 3872 2966 3933 augent.
3013 3863 3152 3917 Nihil
3180 3863 3322 3916 enim
3363 3862 3544 3916 virtuti

1954 3973 2048 4027 par
2067 3996 2083 4021 ,
2121 3956 2253 4010 nihil
2279 3956 2474 4010 virtute
2514 3953 2780 4024 potentius
2811 3969 2827 4008 :
2854 3955 3061 4008 etiamsi
3088 3953 3215 4007 mibi
3245 3953 3392 4007 dicas
3417 3968 3540 4006 eunt

1951 4051 2040 4121 qni
2066 4065 2286 4120 regnum
2312 4048 2488 4113 habet,
2512 4064 2575 4103 ac
2597 4047 2837 4103 diadema
2862 4047 3015 4118 gerit,
3041 4047 3140 4102 nisi
3167 4046 3303 4100 hanc
3325 4046 3540 4110 habeat,

1952 4143 2140 4213 quovis
2172 4141 2516 4212 pannicoloso
2547 4155 2778 4209 paupere
2805 4140 3052 4195 miserior
3078 4140 3199 4194 erit.
3235 4138 3370 4205 Quid
3397 4139 3542 4192 enim

1953 4234 2028 4288 illi
2059 4233 2310 4304 prodesse
2351 4231 2543 4301 poterit
2579 4231 2821 4287 diadema
2851 4241 2942 4286 aut
2969 4246 3218 4301 purpura,
3251 4232 3337 4300 qui
3369 4231 3544 4285 virtu-

1953 4336 2060 4382 tem
2102 4341 2196 4378 sua
2227 4325 2424 4379 desidia
2456 4325 2668 4393 perdit?
2713 4323 2975 4395 Numquid
3006 4326 3260 4378 Dominus
3287 4333 3538 4378 externa-

1953 4436 2069 4474 rum
2101 4419 2413 4488 dignitatum
2441 4419 2750 4472 varietatem
2783 4417 3027 4486 spectat?
3051 4416 3304 4484 nutnqnid
3348 4430 3539 4482 perso-

1955 4529 2139 4567 narum
2167 4513 2332 4581 gloria
2364 4512 2742 4580 permovetur?
2773 4510 2943 4565 Unum
2975 4518 3058 4564 est
3088 4509 3192 4562 illic
3220 4507 3360 4577 quod
3392 4524 3539 4576 qure-

1953 4607 2086 4659 ritnr
2108 4646 2122 4669 ,
2156 4615 2212 4658 ut
2258 4619 2353 4672 per
2381 4604 2743 4672 operationem
2777 4603 3027 4655 virtutum
3059 4609 3270 4669 apertas
3302 4599 3544 4655 invenire

1955 4698 2220 4767 possimus
2261 4698 2454 4766 jannas
2498 4696 2699 4750 ﬁducia:
2751 4697 2802 4749 itt
2855 4695 3021 4749 Deum
3057 4711 3218 4754 :nant
3267 4695 3354 4764 qui
3407 4693 3542 4748 nihil

1957 4792 2160 4845 ﬁducia:
2190 4791 2312 4844 hinc
2332 4791 2519 4856 defert,
2549 4790 2688 4844 inter
2714 4788 3094 4859 ignominiosos
3117 4799 3170 4843 et
3196 4789 3543 4858 desperantes

1954 4885 2126 4939 locum
2155 4883 2387 4938 habebit.

2029 4977 2267 5031 Pecuniw
2309 4975 2481 5028 virtuti
2508 4975 2727 5030 obstant.
2769 5003 2840 5015 —
2867 4971 2978 5029 Hoc
3005 4974 3163 5044 igitur
3192 4989 3380 5028 omnes
3410 4989 3537 5027 con-

1958 5070 2248 5124 sidercmus
2272 5108 2289 5131 ,
2326 5076 2377 5121 et
2408 5077 2621 5122 nostros
2665 5066 2801 5120 lilios
2841 5066 3126 5120 doceamus
3155 5107 3168 5127 ,
3203 5073 3259 5116 ιιι
3287 5065 3538 5117 virtutem

1955 5163 2114 5217 rebus
2129 5162 2375 5216 omnibus
2387 5160 2691 5231 praeferant,
2711 5159 2967 5228 nihilique
2983 5158 3167 5211 faciant
3191 5156 3538 5226 pecuniarum

1955 5253 2353 5308 abundantiam.
2388 5252 2513 5307 "me
2541 5253 2680 5307 enim
2704 5293 2716 5313 .
2750 5252 2862 5305 hate
2901 5260 2984 5305 est
3023 5267 3138 5319 qui:
3185 5248 3361 5301 virtuti
3403 5264 3546 5314 saqte

1958 5347 2242 5416 plurimum
2289 5345 2463 5400 obstat
2495 5362 2507 5398 :
2536 5343 2961 5414 quandoquidem
3011 5341 3256 5395 nesciunt
3306 5342 3546 5409 pecuniis

1958 5438 2032 5492 uti
2072 5429 2299 5508 juvenes
2343 5447 2402 5491 ιιι
2445 5444 2675 5506 oportet.
2711 5435 2776 5488 Et
2819 5434 2955 5488 sicut
2993 5433 3138 5502 parvi
3183 5433 3330 5503 pueri
3360 5443 3542 5503 sa-pe,

1956 5533 2169 5604 quando
2189 5532 2432 5587 cultellos
2452 5541 2499 5585 et
2525 5529 2724 5598 gladios
2747 5529 3027 5597 arripiunt,
3050 5542 3116 5580 eo
3137 5527 3276 5598 quod
3302 5530 3544 5584 nesciunt

1956 5625 2092 5680 bene
2122 5625 2225 5679 illis
2253 5623 2345 5685 uti,
2379 5621 2764 5692 periclitantur,
2798 5620 2940 5674 unde
2970 5631 3168 5677 matres
3192 5636 3295 5674 non
3324 5622 3541 5690 perutil-

1957 5727 2077 5775 tunt
2105 5718 2208 5772 illis
2237 5731 2330 5772 cos
2367 5717 2582 5784 impune
2610 5716 2872 5785 attingere
2901 5734 2915 5767 :
2945 5715 3014 5770 ita
3041 5715 3282 5786 profecto
3309 5725 3365 5768 ct
3392 5717 3547 5784 juve-

1958 5824 2075 5878 nes,
2104 5808 2194 5881 qui
2248 5807 2590 5879 pecuniarum
2633 5805 3007 5862 abundantiam
3046 5805 3380 5879 susceperint
3422 5823 3545 5863 cum
