3964 6480
423 371 518 424 571

425 482 611 536 nolunt
639 481 715 536 cis
746 480 878 536 bene
905 481 1000 546 uti,
1031 481 1082 534 in
1116 482 1403 549 periculum
1432 493 1636 535 eertum
1667 498 1726 536 se
1754 482 1999 550 pra-cipi-

429 580 542 625 tant
560 613 576 637 ,
605 572 863 626 sarcinam
892 583 1224 640 peccaturum
1253 570 1350 625 sibi
1379 573 1499 625 inde
1527 573 1860 640 colligentes.
1902 571 2002 625 Na-

426 673 648 718 scuntur
675 665 813 717 enim
843 663 967 718 inde
995 665 1145 716 luxus
1171 703 1184 726 ,
1215 662 1418 717 deliciae
1443 705 1456 727 ,
1486 673 1541 718 et
1577 663 1820 718 absurdae
1847 663 2003 716 volu-

353 784 365 839 ἑ
432 763 602 822 ptates
643 763 694 807 et
737 754 934 806 inﬁnita
974 753 1108 806 mala
1145 772 1158 805 :
1192 769 1297 807 non
1342 754 1656 822 simpliciter
1693 769 1721 806 a
1771 755 2005 822 pecuniis

357 857 369 928 ri
430 845 570 908 dico,
600 859 641 896 St
661 843 693 896 d
728 843 845 897 ideo
873 843 996 912 quia
1023 844 1109 913 qui
1141 844 1256 897 illas
1284 854 1599 913 receperunt
1620 886 1632 906 ,
1659 846 1736 899 eis
1765 846 2007 898 nesciunt

349 995 359 1008 0

349 1017 365 1054 '9

350 940 361 1003 ξ
430 941 574 988 recte
602 934 694 987 uti.
729 933 1011 1001 Propterea
1035 945 1087 988 et
1108 935 1321 1003 sapiens
1347 935 1558 1003 quidam
1584 935 1791 988 dicebat
1815 953 1827 988 :
1852 933 2008 988 Bome

424 1025 632 1089 diuitiae,
657 1025 835 1093 quibus
863 1041 960 1079 non
982 1034 1053 1078 est
1073 1026 1395 1094 conjunctum
1421 1036 1678 1093 peccatum
1701 1025 1888 1094 (Eccli.
1922 1027 2003 1080 l3.

425 1115 538 1181 50).
569 1113 700 1180 Quia
731 1123 785 1168 et
812 1115 1079 1168 Abraham
1106 1114 1254 1168 dives
1281 1125 1397 1169 erat
1421 1158 1436 1178 ,
1465 1124 1519 1168 et
1544 1115 1644 1170 Job
1668 1117 1817 1170 dives
1843 1125 1959 1170 erat
1987 1155 2004 1182 ,

427 1211 482 1256 et
511 1219 614 1260 non
643 1205 819 1260 solum
841 1203 968 1258 nihil
998 1205 1177 1258 damni
1207 1207 1283 1259 eis
1310 1206 1501 1260 accidit
1526 1221 1556 1259 a
1587 1207 1804 1268 divitiis,
1837 1208 1928 1262 sed
1955 1216 2010 1262 et

427 1295 677 1350 clariores
721 1294 952 1349 fuerunt.
999 1297 1211 1362 Quare?
1252 1297 1386 1362 Quia
1425 1314 1530 1350 nun
1575 1299 1625 1351 in
1659 1314 1811 1352 usum
1851 1315 2003 1352 suum

436 1394 639 1440 tantum
683 1386 774 1441 bas
819 1387 1195 1457 possidebant,
1233 1388 1329 1443 sed
1369 1400 1423 1442 ut
1465 1390 1528 1444 iis
1564 1390 1812 1459 juvat-ent.
1849 1393 2007 1445 etiam

433 1478 568 1532 alios
592 1519 605 1542 ,
638 1494 867 1548 quormn
908 1489 1280 1534 succurrerent
1318 1481 1509 1551 inepia:
1534 1523 1547 1546 ,
1575 1491 1632 1536 et
1654 1494 1793 1536 esset
1821 1482 2012 1536 domus

431 1586 614 1624 eorum
644 1581 826 1640 aperta
863 1572 1155 1641 peregrinis
1181 1573 1448 1626 omnibus.
1500 1575 1635 1627 Audi
1678 1576 1818 1627 enim
1849 1590 2007 1627 unum

433 1675 616 1713 eorum
647 1659 911 1714 dicentem
945 1678 956 1712 :
988 1661 1048 1715 Si
1082 1672 1249 1713 autent
1283 1679 1509 1731 egressus
1543 1674 1612 1716 est
1634 1664 1742 1731 quis
1773 1663 1833 1716 de
1862 1664 2010 1716 domo

436 1769 543 1804 mea
568 1752 682 1804 sinu
705 1769 857 1805 vacuo
881 1768 899 1804 :
920 1763 1148 1806 eceteram
1168 1763 1212 1806 et
1237 1755 1529 1822 impotentes
1553 1755 1731 1806 viribus
1749 1795 1768 1819 ,
1786 1755 1829 1807 si
1851 1771 2011 1824 quan-

435 1844 501 1893 tlo
531 1840 818 1910 indigebant
845 1841 1066 1894 subsidio
1086 1882 1100 1905 ,
1133 1859 1232 1895 non
1264 1844 1586 1911 privabantur
1614 1843 1751 1912 (Job.
1781 1845 1870 1899 51.
1900 1846 2009 1912 16).

436 1932 499 1988 Et
541 1948 644 1986 non
686 1935 856 1988 solum
897 1949 993 2003 per
1039 1935 1287 2003 pecunias
1327 1935 1618 1993 subsidium
1659 1937 2014 2006 indigentibus

436 2023 706 2090 ferebant,
749 2023 841 2080 Sed
884 2035 938 2080 et
979 2026 1385 2081 sollicitudinem
1415 2041 1598 2081 eorum
1637 2027 1910 2097 gerebant.
1948 2025 2014 2080 Et

437 2129 574 2166 eram
599 2155 612 2176 ,
646 2115 814 2182 inquit
836 2155 851 2180 ,
895 2130 980 2182 pes
1020 2116 1255 2181 claudis,
1294 2117 1467 2170 oculus
1507 2117 1652 2170 caecis
1676 2156 1691 2182 ,
1722 2126 1768 2171 et
1797 2133 1824 2169 e
1853 2117 2016 2171 medio

439 2205 664 2256 dentium
691 2206 850 2273 eripui
880 2207 1104 2274 praztlam
1133 2206 1272 2279 (Iob.
1299 2206 1388 2264 29.
1424 2208 1506 2262 15.
1538 2209 1648 2278 17).
1680 2209 1850 2263 Vides
1871 2210 2015 2263 illum

440 2304 498 2348 et
522 2310 702 2348 curam
729 2311 888 2364 agere
913 2311 1106 2354 eorum.
1125 2298 1213 2366 qui
1242 2297 1430 2367 injuria
1452 2298 1772 2363 afﬁciuntur,
1799 2311 1849 2355 et
1872 2301 2018 2356 debi-

443 2384 578 2438 libus
623 2386 978 2439 membrorum
1021 2387 1188 2441 vicem
1234 2403 1328 2456 per
1371 2390 1544 2443 omnia
1595 2391 2019 2459 reprmscntare?

442 2474 591 2528 llunc
617 2491 802 2530 omnes
827 2485 1036 2546 oportet
1065 2478 1287 2542 imitari,
1322 2477 1482 2545 hunc,
1519 2479 1865 2550 inquam,qui
1897 2493 2020 2538 ante

442 2565 611 2634 legem
639 2564 764 2629 fuit,
795 2575 851 2621 et
871 2575 996 2619 ante
1019 2567 1240 2635 gratiam
1275 2578 1378 2624 tam
1405 2570 1543 2628 bene
1573 2583 1829 2626 moratam
1861 2573 2020 2627 vitam

440 2653 603 2724 gessit
634 2672 648 2709 :
678 2657 834 2725 idque
863 2672 983 2714 cum
1016 2674 1113 2712 nec
1145 2668 1521 2728 prmeeptorem
1551 2661 1822 2724 habuerit.
1851 2680 2023 2733 neque

443 2746 806 2814 progenitores
846 2746 1038 2801 virtute
1081 2749 1329 2817 praeditos
1351 2791 1366 2815 ,
1395 2750 1489 2804 sed
1528 2767 1556 2803 a
1595 2753 1883 2822 semetipso
1909 2763 1961 2808 et
1989 2770 2020 2808 a

443 2835 706 2893 sententia
748 2845 890 2891 recta
931 2835 981 2889 in
1013 2837 1204 2892 bonam
1235 2839 1370 2892 hanc
1401 2841 1556 2894 vitam
1589 2842 2020 2910 prodicnit._Nam

452 2927 812 2996 unusquisque
857 2937 1096 2983 nostrum
1140 2930 1192 2983 in
1240 2941 1426 2986 natura
1469 2947 1563 2988 sua
1609 2932 1767 2991 habet
1812 2935 2020 2992 insitam

443 3017 720 3076 scientiam
773 3019 985 3072 virtutis
1028 3036 1041 3073 :
1091 3029 1143 3073 et
1191 3021 1291 3075 nisi
1338 3022 1457 3091 quis
1499 3038 1617 3078 eam
1663 3026 1886 3083 voluerit
1935 3042 2026 3095 per

449 3110 705 3179 ignauiam
732 3125 880 3169 suam
914 3111 1136 3180 perdere
1165 3116 1575 3182 generositatem
1599 3157 1615 3182 ,
1649 3134 1933 3188 nunupiam
1963 3133 2027 3174 ea

449 3202 759 3272 privabitur.
802 3201 1011 3261 Utinam
1045 3212 1220 3260 autem
1249 3220 1366 3260 eam
1397 3221 1581 3264 omnes
1608 3225 1708 3262 nos
1731 3210 1985 3280 eligamus
2008 3250 2035 3276 ι

446 3303 501 3348 et
528 3309 648 3349 cum
673 3294 940 3364 diligentia
985 3311 1327 3352 exerceamus
1349 3339 1364 3362 ,
1398 3299 1465 3352 ita
1498 3307 1553 3354 ut
1589 3299 1723 3353 bona
1759 3317 1875 3369 qtttt'
1908 3301 2027 3356 dili-

449 3384 692 3453 gentibus
721 3385 883 3443 Deum
913 3388 1168 3456 promissa
1197 3397 1321 3445 sum
1346 3405 1750 3459 consequamur,
1777 3393 1943 3460 gratia
1973 3401 2028 3446 et

449 3477 811 3534 misericordia
841 3478 1046 3552 Domini
1079 3480 1242 3536 nostri
1267 3479 1390 3533 Iesu
1419 3479 1638 3547 Christi,
1670 3482 1753 3539 cui
1781 3497 1900 3535 cum
1931 3482 2026 3535 Pa.

449 3577 529 3627 tre
566 3577 619 3624 et
662 3580 846 3629 sancto
883 3570 1084 3640 Spiritu
1121 3573 1190 3625 sit
1223 3572 1433 3640 gloria,
1461 3571 1782 3642 imperium,
1817 3573 1985 3628 liuuor
2007 3614 2025 3641 ,

450 3673 592 3719 nime
618 3671 672 3716 et
697 3674 906 3730 semper
931 3702 946 3725 ,
976 3671 1028 3716 et
1055 3660 1108 3718 in
1138 3663 1333 3715 sarcula
1357 3663 1694 3719 saeculorum.
1728 3665 1926 3721 Amem

982 3773 1258 3829 llOMlLlA
1297 3774 1503 3830 LXVII.

452 3861 597 3921 Dixit
638 3873 802 3920 autem
828 3862 988 3922 lsrael
1015 3865 1082 3923 ad
1100 3863 1292 3937 Ioseph
1319 3881 1470 3921 :ecre
1496 3882 1586 3938 ego
1613 3869 1815 3931 nutrias,
1841 3878 1888 3923 et
1933 3871 2035 3925 erit

519 3955 670 4010 Deus
691 3959 972 4024 vobiscum,
999 3969 1044 4014 et
1078 3959 1390 4015 reducetuos
1422 3959 1560 4014 Deus
1589 3978 1652 4014 ea:
1679 3971 1812 4016 terna
1847 3963 1943 4016 hac
1974 3963 2028 4017 in

523 4058 708 4102 tenam
733 4058 932 4118 patrum
958 4061 1250 4105 vestrorum.
1297 4050 1406 4120 ligo
1433 4061 1596 4105 autem
1619 4053 1685 4106 do
1710 4054 1798 4106 tibi
1827 4054 2029 4108 Secima

521 4139 679 4194 electa.
704 4155 808 4206 pra:
834 4141 1073 4207 fratribus
1103 4141 1198 4192 tuis
1222 4181 1236 4205 ,
1275 4156 1390 4210 quae
1415 4142 1525 4210 cepi
1551 4142 1609 4196 in
1636 4143 1810 4211 gladio
1843 4158 1950 4196 meo
1982 4152 2030 4196 et

524 4243 648 4280 arcu
675 4226 829 4295 (Gen.
857 4229 944 4283 48.
970 4229 1058 4283 21.
1090 4229 1210 4300 22).

503 4318 526 4372 1
539 4316 747 4373 Jacobi
766 4317 1023 4371 historiam
1041 4320 1198 4388 pergit
1217 4316 1618 4389 Chrysostomus,
1637 4331 1682 4374 et
1698 4321 1758 4375 iis
1777 4339 1889 4392 qua:
1900 4341 2034 4395 pra»

449 4409 700 4464 cedentem
717 4408 975 4461 homiliam
992 4410 1341 4462 concluserunt
1364 4409 1570 4464 breuiter
1586 4414 1868 4481 resumptis,
1888 4413 2031 4467 idem

452 4501 600 4558 tidem
627 4497 877 4556 Iacobum
905 4500 1095 4557 inducit
1125 4517 1202 4554 res
1230 4505 1427 4571 futuras
1458 4501 1808 4571 prtedicentcm
1838 4505 1956 4571 ﬁliis
1982 4515 2028 4559 et

452 4591 515 4645 de
541 4601 698 4645 morte
724 4607 820 4649 sua
848 4593 1079 4662 proxima
1107 4591 1242 4662 ipsos
1268 4593 1637 4658 admbnentem,
1666 4609 1728 4647 ea:
1755 4596 1922 4649 uerbis.
1935 4595 2030 4648 Ja-

453 4682 564 4737 cobi
581 4682 809 4748 qutL’dtmt
827 4684 1038 4736 moralia
1060 4683 1306 4752 principia
1321 4699 1518 4748 erucas,
1535 4683 1669 4740 uerbi
1684 4686 1848 4752 gratia
1865 4701 1884 4737 :
1902 4685 2029 4738 nihil

460 4774 697 4841 prodesse
746 4773 878 4826 dona
919 4773 1173 4827 naturalia
1211 4774 1308 4827 nisi
1360 4790 1521 4828 mores
1576 4774 1716 4842 probi
1769 4775 2030 4829 accedant.

457 4863 930 4917 ——l'ulliecbamur
977 4881 1146 4932 nuper
1203 4865 1360 4919 ﬁnem
1402 4879 1499 4919 nos
1564 4865 1902 4935 imposituros
1950 4867 2029 4919 hi-

451 4952 631 5007 sturiae
659 4948 840 5013 Iacob.
863 4968 1210 5022 sermoneque
1238 4957 1490 5024 prolixius
1515 4971 1572 5010 se
1593 4958 1933 5021 extctideute,
1962 4955 2028 5009 ad

454 5047 610 5102 linem
646 5043 787 5114 quod
827 5046 1261 5114 promitteluimus
1292 5048 1582 5116 perducere
1612 5063 1716 5102 non
1746 5049 2030 5104 valuimus.

448 5134 574 5194 Ideo
605 5137 728 5192 volo
752 5154 868 5206 qua:
900 5137 1102 5207 pridem
1129 5138 1306 5193 relicta
1337 5139 1551 5195 fuerunt
1573 5140 1624 5192 in
1652 5141 1882 5194 medium
1912 5156 2031 5209 pio.-

451 5245 669 5297 pouere,
702 5238 758 5283 ut
785 5245 923 5284 nunc
947 5229 1157 5294 saltem,
1187 5229 1239 5287 si.
1260 5231 1397 5283 Deus
1423 5230 1646 5294 dederit,
1676 5233 1829 5284 linem
1862 5233 2030 5299 impo-

451 5339 662 5384 namus.
691 5323 879 5394 Opera:
901 5325 1126 5393 pretium
1149 5333 1322 5378 autem
1353 5323 1528 5386 fuerit,
1553 5324 1777 5393 primum
1802 5334 2027 5377 vestram

449 5414 904 5469 connmonelacere
925 5416 1218 5478 caritatem,
1241 5424 1294 5469 et
1315 5414 1596 5468 ostendere
1620 5414 1705 5468 ubi
1727 5429 2029 5468 sermonem

452 5521 618 5570 nuper
649 5504 865 5559 missum
898 5505 1196 5558 fecerimus.
1231 5506 1385 5561 Scitis
1425 5505 1607 5575 utique
1631 5545 1644 5568 ,
1678 5515 1731 5558 et
1766 5519 2030 5558 memores

451 5598 615 5659 estis,
645 5612 764 5649 cum
807 5597 969 5650 Jaeob
1014 5598 1384 5654 benedicturus
1426 5611 1572 5654 esset
1618 5598 1754 5652 ﬁlius
1787 5597 1984 5667 Just-ph
2009 5639 2025 5665 ,

452 5686 617 5750 ipsum
653 5687 902 5756 Epltraim
933 5689 1153 5742 Manassi
1186 5691 1546 5760 proposuisse,
1573 5690 1729 5758 idque
1751 5690 1908 5743 etiam
1940 5704 2030 5757 pa-

459 5785 535 5836 tre
560 5780 675 5849 ejus
702 5796 804 5838 non
858 5780 1112 5852 probante
1143 5799 1156 5838 :
1188 5783 1274 5839 cui
1299 5791 1354 5838 et
1381 5783 1513 5843 dixit
1547 5802 1561 5838 :
1603 5783 1721 5838 Scio
1741 5823 1758 5852 ,
1788 5783 1914 5852 lilii;
1944 5797 2024 5836 ve-

1163 369 1218 424 S.
1241 368 1516 424 JOANNIS
1555 369 2022 425 CllllYSUS'l'Oill
2047 366 2357 422 AliClll'll‘.
2389 365 2916 424 CONS’I‘ANTINOP.

3589 369 3648 421 5⁸1
3657 370 3690 422 ἒ.

2111 491 2389 532 tamtamen
2411 490 2456 532 ct
2482 479 2561 532 hic
2587 479 2679 533 erit
2707 482 2758 532 in
2783 481 3041 547 populum,
3069 487 3114 531 et
3137 477 3214 530 hic
3241 476 3545 530 exaltnbitnr
3562 496 3581 530 :
3605 485 3690 531 sed

2111 571 2266 639 frater
2294 573 2401 642 ejus
2432 572 2608 640 junior
2637 573 2802 641 major
2828 586 2886 623 eo
2932 570 3058 633 erit,
3095 577 3143 621 et
3177 585 3345 622 semen
3370 570 3480 633 eius
3517 572 3608 622 erit
3643 573 3691 625 in

2111 661 2478 714 multitudinem
2509 663 2747 731 gentium.
2794 660 2859 712 Et
2889 660 3145 713 bsuedirit
3172 676 3253 713 eos
3278 661 3330 713 in
3355 660 3438 713 die
3465 661 3555 713 illa
3575 702 3589 725 ,
3620 663 3669 713 di
3680 695 3692 703 -

2110 770 2225 805 cens
2263 770 2280 808 :
2317 752 2380 806 In
2413 755 2547 806 vobis
2577 753 2862 805 benedicent
2893 750 3057 805 Israel
3078 791 3094 813 .
3125 751 3346 804 dicentes
3385 767 3403 803 :
3443 750 3628 804 Faciat
3654 765 3696 805 te

2114 843 2252 903 Deus
2294 845 2421 896 sicut
2459 843 2706 912 Ephruim
2747 853 2791 895 et
2827 841 3137 905 Manassen;
3180 851 3224 895 ct
3255 843 3420 910 posuit
3451 839 3694 910 Ephraim

2112 950 2226 991 ante
2259 935 2549 989 Manassen.
2581 935 2648 988 Et
2670 935 2940 1004 hucusque
2971 934 3357 1003 processimus,
3383 948 3448 986 ac
3479 949 3551 987 ne
3579 949 3691 987 ser-

2113 1047 2327 1085 monum
2355 1030 2518 1083 nimia
2539 1029 2688 1097 copia
2715 1035 2942 1081 vestram
2969 1029 3318 1080 obrueremus
3345 1029 3658 1078 memoriam
3681 1067 3696 1088 ,

2114 1122 2438 1177 cessavimus
2459 1136 2485 1174 a
2518 1120 2759 1173 doctrina
2789 1137 2800 1170 :
2832 1118 2925 1172 sed
2956 1120 3000 1172 si
3031 1117 3256 1181 videtur,
3291 1115 3450 1169 hodie
3475 1131 3701 1184 sequen-

2117 1214 2185 1268 t-ia
2212 1213 2507 1268 videamus.
2534 1211 2624 1264 21.
2659 1211 2795 1264 Dixit
2821 1221 2986 1264 autem
3016 1208 3185 1263 Israel
3211 1209 3278 1261 ad
3304 1207 3500 1276 Ioseph
3527 1224 3547 1260 :
3579 1208 3703 1260 Ecce

2114 1320 2204 1374 ego
2227 1306 2431 1366 morior,
2461 1312 2514 1356 ct-
2524 1303 2615 1356 erit
2640 1301 2776 1354 Deus
2798 1301 3067 1364 vobiscum,
3091 1309 3135 1353 et
3156 1299 3354 1352 reducet
3376 1314 3462 1351 vos
3489 1298 3699 1351 Deusu‘

2114 1405 2246 1446 terra
2276 1394 2368 1446 hac
2395 1394 2446 1446 in
2471 1403 2653 1444 terram
2683 1399 2880 1461 patrum
2907 1405 3158 1442 meorum.
3177 1387 3268 1442 ‘32.
3307 1387 3417 1458 Ego
3442 1397 3611 1439 autem
3642 1389 3701 1438 'Io

2114 1484 2202 1536 tibi
2229 1484 2430 1538 Sccima
2460 1481 2613 1535 electa
2642 1497 2748 1550 pra:
2774 1481 3013 1550 fratribus
3036 1479 3152 1543 tuis,
3176 1493 3291 1546 quae
3317 1479 3428 1546 cepi
3452 1478 3505 1529 in
3531 1478 3698 1546 gladio

2116 1590 2224 1626 meo
2249 1583 2292 1628 et
2316 1589 2461 1626 arcu.
2497 1573 2779 1641 Postquam
2810 1570 2945 1624 ﬁlius
2978 1569 3264 1634 benedixit,
3291 1577 3345 1621 et
3367 1568 3552 1621 futura-
3571 1584 3702 1636 pne-

2127 1665 2312 1717 videns
2328 1665 2592 1732 juniorem
2618 1661 2900 1730 pneposuit
2920 1659 3117 1713 seniori
3138 1676 3151 1711 :
3171 1660 3353 1712 volens
3375 1658 3696 1726 persuadere

2119 1756 2374 1825 Josepho,
2397 1770 2580 1810 senon
2603 1754 2933 1822 simpliciter,
2953 1761 3341 1820 neque-temere
3364 1750 3696 1812 hociecisse,

2116 1849 2210 1904 sed
2238 1847 2610 1918 pnedicentem
2640 1845 2812 1898 futura
2842 1862 2853 1896 :
2882 1843 3121 1912 prtedicit
3143 1842 3299 1894 etiam
3323 1842 3371 1895 ei
3395 1857 3545 1893 suam
3571 1856 3706 1893 mor-

2119 1951 2245 2005 tem,
2267 1951 2321 1995 et
2345 1939 2484 2010 quod
2513 1938 2744 1994 redituri.
2760 1937 2868 1990 sint
2892 1951 2957 1990 ex
2984 1935 3158 1988 aliena
3182 1943 3320 1988 terra
3344 1935 3397 1989 in
3421 1934 3697 1996 Chanaan,

2119 2035 2172 2089 in
2203 2044 2396 2089 terram
2423 2043 2634 2104 patrum
2660 2046 2882 2086 suorum
2909 2047 2920 2081 :
2950 2038 3004 2084 et
3029 2029 3220 2082 bonam
3246 2028 3322 2081 eis
3349 2041 3498 2095 Spem
3523 2039 3703 2096 auget,

2121 2127 2188 2180 ita
2209 2135 2265 2179 ut
2283 2125 2676 2194 exspectatione
2693 2123 2935 2178 solatium
2956 2120 3202 2175 habeant.
3232 2118 3362 2173 Nam
3389 2132 3514 2188 spes
3542 2119 3705 2172 bono-

2121 2233 2237 2272 rum
2254 2217 2406 2287 hujus
2426 2216 2545 2271 vitm
2559 2215 2768 2270 labores
2785 2229 2993 2284 semper
3015 2213 3294 2266 imminuit.
3317 2211 3383 2265 Et
3404 2221 3708 2266 monstrans

2123 2310 2281 2362 etiam
2315 2317 2554 2378 tempore
2584 2307 2788 2373 mortis,
2813 2320 2970 2375 quam
2995 2303 3331 2358 dilectionem
3358 2317 3484 2373 erga
3507 2302 3706 2370 Ioseph

2125 2399 2314 2455 habent
2332 2441 2347 2467 ,
2379 2400 2507 2454 dicit
2532 2399 2579 2454 ei
2609 2419 2623 2454 :
2657 2399 2764 2468 Ego
2792 2407 2958 2450 autent
2984 2397 3048 2449 do
3076 2396 3162 2448 tibi
3191 2394 3392 2449 Secima
3418 2397 3577 2448 electa
3604 2411 3709 2464 pra:

2125 2491 2364 2560 fratribus
2394 2493 2494 2546 tuis
2519 2506 2538 2544 :
2568 2489 2716 2560 quasi
2749 2505 2843 2560 per
2873 2489 2973 2543 hoc
3001 2488 3276 2542 declarans
3299 2527 3315 2551 ,
3349 2487 3463 2540 lloe
3490 2487 3709 2541 omnino

2125 2585 2250 2648 erit,
2289 2592 2342 2636 ct
2377 2581 2670 2635 secundum
2712 2595 2882 2634 meam
2925 2578 3319 2648 prmdictionem
3350 2577 3595 2630 redibitis
3616 2619 3628 2639 ,
3658 2589 3716 2629 et.

2125 2673 2178 2728 in
2203 2672 2550 2727 hereditatem
2574 2670 2911 2742 possidebitis
2934 2679 3130 2724 teriam
3153 2678 3358 2736 patrum
3379 2678 3708 2723 vestrorum:

2126 2774 2178 2820 et
2208 2764 2539 2820 Secimorum
2569 2763 2831 2816 civitatem
2865 2761 2957 2815 tibi
2997 2760 3067 2815 do
3104 2759 3454 2814 hereditatem
3485 2761 3714 2814 electam

2128 2856 2250 2910 Prae
2278 2857 2524 2924 fratribus
2550 2857 2648 2908 tuis
2673 2897 2690 2920 ,
2715 2871 2864 2924 quam
2895 2853 3092 2922 cepi-de
3127 2869 3278 2905 manu
3304 2853 3718 2905 Amorrhtcorum.

2127 2950 2180 3004 in
2223 2950 2392 3020 gladio
2422 2964 2530 3002 meo
2557 2958 2604 3001 et
2641 2965 2784 3000 arcu.
2816 2946 3079 3012 Quidnam
3119 2947 3218 2999 hoc
3241 2945 3582 3012 esu-Quaen
3612 2946 3710 3014 Sy‘

2129 3057 2321 3096 meone
2356 3050 2411 3095 et
2450 3040 2574 3094 Levi
2613 3038 2748 3093 facta
2773 3046 2895 3092 sunt
2923 3046 3104 3093 contra
3133 3035 3412 3092 Secimitas
3444 3036 3496 3089 in
3529 3051 3713 3106 perso-

2129 3150 2248 3187 nam
2284 3132 2549 3202 propriam
2588 3130 2835 3186 tuansl’ert
2877 3148 2906 3184 :-
2929 3140 2982 3184 et
3020 3140 3236 3200 propter
3264 3129 3364 3183 hoc
3389 3127 3558 3191 dicit,
3590 3128 3719 3194 Qua

2128 3225 2244 3293 cepi
2266 3226 2318 3278 in
2343 3223 2514 3294 gladia
2545 3239 2654 3276 meo
2680 3232 2726 3276 et
2753 3238 2895 3276 arca.
2942 3220 3051 3276 Sed
3081 3219 3168 3274 hic
3193 3229 3494 3289 opportune
3517 3221 3712 3290 quasi.

2130 3315 2266 3368 verit
2288 3313 2550 3384 quispiam
2579 3335 2593 3368 :
2617 3312 2686 3367 Et
2709 3327 2872 3382 quare
2893 3311 2995 3366 hoc
3019 3309 3221 3366 facinus
3244 3326 3400 3366 suum
3427 3310 3573 3376 facit,
3595 3327 3712 3366 eum

2133 3413 2314 3473 postea
2340 3412 2717 3458 testamentum
2738 3403 2976 3458 editurus
2997 3403 3334 3457 accusatione
3355 3403 3502 3457 clare
3522 3404 3730 3471 scripta.

2131 3508 2223 3548 eos
2259 3494 2481 3564 arguat?
2522 3493 2848 3548 Non-secum
2892 3500 3090 3564 pugnat
3121 3493 3319 3560 justus,
3353 3492 3448 3547 sed
3481 3493 3720 3548 declarat

2132 3584 2591 3640 mansuetudinem
2635 3585 2828 3639 mentis
2865 3599 2976 3639 sua:
3000 3625 3016 3650 ,
3043 3593 3096 3639 et
3142 3592 3335 3654 praeter
3377 3599 3491 3639 sua:
3526 3587 3733 3640 mentis.

2130 3676 2444 3732 sententiam
2489 3675 2590 3731 hoc
2627 3675 2821 3730 factum
2851 3689 2971 3730 esse
3004 3692 3018 3728 :
3050 3689 3156 3729 non
3197 3675 3368 3729 solum
3415 3675 3561 3730 enim
3607 3691 3730 3730 non.

2132 3767 2377 3838 probavit
2404 3767 2600 3822 factum
2619 3809 2636 3833 ,
2663 3767 2757 3822 sed
2789 3776 2845 3823 et
2882 3767 3094 3838 arguit,
3125 3775 3410 3837 postquam
3439 3767 3490 3822 id
3523 3766 3716 3822 factum

2133 3859 2330 3914 inerat.
2362 3857 2647 3928 Propterea
2674 3859 2855 3912 volens
2877 3865 3175 3912 monstrare
3194 3873 3344 3912 suam
3369 3873 3495 3928 erga
3520 3858 3722 3928 Ioseph

2131 3946 2469 4006 dilactionem
2491 3989 2507 4014 ,
2539 3948 2594 4005 ei
2612 3948 2858 4004 concedit
2883 3949 3088 4004 Seoima
3111 3987 3126 4012 ,
3164 3957 3220 4004 et
3246 3948 3422 4004 dicit':
3453 3949 3583 4015 Qui:
3611 3951 3718 4019 cepi

2131 4039 2195 4094 in,
2211 4039 2382 4109 gladio
2412 4055 2521 4093 utea
2543 4049 2592 4093 et
2620 4055 2762 4092 arcu.
2796 4037 2926 4092 Nam
2970 4039 3104 4093 licet
3121 4039 3339 4093 illorum
3360 4038 3520 4094 fuerit
3545 4054 3677 4110 Opus
3699 4081 3714 4104 ,

2135 4129 2186 4183 in
2215 4145 2329 4183 mea
2360 4138 2534 4184 tamen
2557 4137 2819 4198 potestate
2846 4129 3073 4200 positum
3104 4137 3207 4184 est»
3241 4129 3297 4185 Si
3323 4131 3465 4184 enim
3491 4131 3718 4184 ﬁliorqu

2133 4217 2381 4273 dominus
2412 4228 2561 4288 pater
2585 4259 2600 4282 ,
2634 4219 2802 4273 multo
2828 4219 2993 4289 magis
3021 4234 3207 4274 eorum
3237 4235 3356 4289 qua:
3383 4236 3413 4273 a
3445 4221 3567 4274 ﬁliis
3595 4235 3724 4289 pos«

2132 4311 2414 4366 sidentur:
2447 4311 2491 4365 si
2521 4321 2696 4366 autem
2727 4312 3013 4375 dominus,
3054 4321 3109 4366 et
3135 4311 3281 4382 quod
3324 4311 3556 4366 voluerit
3592 4313 3718 4366 dare

2135 4401 2317 4471 possit.
2349 4401 2830 4471 Itaque-declarare
2855 4401 3041 4455 volens
3066 4417 3218 4455 suam
3241 4415 3364 4470 erga
3391 4399 3592 4469 Ioseph
3624 4401 3720 4455 be-

2135 4492 2510 4562 mavolentiam,
2540 4508 2644 4546 non
2673 4494 2844 4548 solum
2873 4491 3123 4562 prraim
3155 4502 3206 4547 et
3235 4491 3514 4546 Manassen
3549 4493 3716 4548 bene-

2134 4586 2300 4650 dicit,
2346 4587 2439 4640 sed
2481 4595 2546 4642 et.
2575 4585 3035 4642 Sccimaclectum
3076 4583 3423 4640 hereditatem
3466 4586 3728 4654 relinquit

2137 4678 2341 4732 ﬁlioai.
2372 4677 2434 4730 Et
2460 4677 2679 4740 vocavit,
2714 4677 2915 4746 inquit,
2945 4674 3113 4729 Iacob
3133 4675 3268 4742 [ilios
3294 4693 3410 4729 suos
3429 4716 3443 4738 ,
3475 4686 3525 4728 et
3550 4677 3679 4729 dixit
3703 4692 3721 4728 :

2134 4767 2517 4837 Congregamini
2539 4807 2554 4832 ,
2595 4774 2649 4819 ut
2687 4767 2978 4819 annuntiem
3012 4765 3148 4818 vobis
3183 4765 3307 4833 quid
3334 4776 3630 4819 eventurum
3661 4769 3722 4818 sit

2133 4858 2268 4912 vobis
2294 4859 2345 4911 in
2375 4858 2654 4912 novissimis
2687 4857 2881 4911 diebus.
2921 4856 2972 4909 2.
2995 4854 3384 4926 Congregamini
3406 4897 3440 4920 ,,
3461 4866 3512 4910 et
3552 4857 3724 4910 audite

2135 4953 2301 5008 Israel
2327 4963 2518 5023 patrem
2539 4962 2752 5005 restrum
2778 4949 2962 5021 (Caput
2981 4948 3095 5020 49).
3121 4949 3252 5003 Vide
3267 4948 3398 5018 justi
3426 4949 3725 5018 intelligen-

2081 5063 2086 5068 ’
2136 5046 2283 5099 tiam.
2325 5045 2456 5110 Quia
2490 5042 2800 5112 prmsciebat
2829 5041 3012 5094 mortis
3055 5052 3265 5110 tempus
3289 5081 3302 5103 ,
3337 5041 3554 5094 vocavit
3588 5040 3727 5094 ﬁlios

2138 5149 2263 5190 suos
2285 5135 2349 5188 ad
2377 5150 2468 5200 se,
2491 5143 2544 5188 ct
2568 5133 2694 5189 dicit
2721 5150 2734 5185 :
2763 5131 3144 5202 Congrrgamini
3167 5171 3196 5195 ,_
3213 5141 3265 5183 ut
3292 5131 3426 5184 vobis
3449 5131 3558 5196 iam
3586 5147 3722 5199 prte-

2135 5228 2299 5284 dicam
2327 5228 2446 5298 quid
2486 5227 2621 5280 vobis
2648 5235 2929 5278 euenturmn
2958 5226 3018 5276 sit
3045 5226 3096 5274 in
3125 5223 3316 5276 ultimis
3345 5222 3540 5275 diebus.
3582 5223 3720 5276 Con-

2137 5323 2434 5397 grcgamini,
2457 5329 2502 5372 et
2525 5319 2693 5372 audite
2719 5316 2894 5373 Israel.
2914 5328 3106 5385 palm"
3133 5327 3367 5369 Murum-
3402 5315 3612 5379 Venilc.
3641 5317 3720 5368 ill-

2137 5418 2248 5487 quit
2273 5456 2288 5480 ,
2317 5423 2369 5468 et
2396 5412 2582 5466 discite
2609 5427 2638 5462 a
2671 5425 2755 5463 me
2781 5449 2794 5475 ,
2827 5424 2929 5461 non
2961 5409 3246 5476 praesentia
3265 5448 3280 5471 ,
3312 5422 3433 5461 non.
3453 5423 3574 5476 quze
3607 5418 3732 5477 post.

2137 5524 2354 5578 parvum
2389 5517 2594 5573 tempus
2621 5511 2896 5566 eventura,
2924 5500 3017 5554 sed
3043 5499 3182 5568 quod
3209 5500 3413 5555 accidet
3438 5500 3489 5552 in
3521 5500 3732 5554 ultimis.

2135 5598 2342 5652 diebus.
2375 5597 2434 5648 Et
2459 5593 2571 5646 luce
2599 5592 2749 5645 vobis
2776 5605 2877 5644 non
2905 5605 2934 5643 a
2962 5590 3274 5657 mentetipso
3299 5588 3558 5641 annuntio
3580 5629 3598 5651 ,
3629 5587 3729 5641 sed

2136 5689 2345 5742 amatus
2371 5701 2399 5738 a
2425 5683 2623 5754 Spiritu
2653 5699 2664 5733 :
2694 5691 2746 5736 et
2774 5681 2971 5734 idcirco
3001 5695 3118 5746 qua:
3146 5677 3324 5730 multis
3351 5688 3531 5746 postea
3563 5691 3731 5746 gene~

2143 5777 2434 5836 rationibus
2488 5775 2804 5845 contingent.
2842 5772 3090 5843 prtedicoi
3141 5770 3349 5825 Etenim
3394 5783 3427 5823 e
3482 5772 3590 5826 vita
3625 5772 3726 5827 hac
