3964 6422
305 287 406 317 PIT!

298 307 409 344 {HO

283 505 548 559 eolmnna
560 519 698 558 mea
713 505 1026 560 memoriam
1041 507 1366 577 insculpere.
1381 509 1675 564 Considera
1691 518 1872 563 autem

283 597 525 665 justum,
549 597 824 666 quomodo
847 602 1195 670 congregatis
1219 600 1431 665 liberis,
1453 602 1712 656 natalium
1755 617 1875 656 ser-

287 695 421 740 vato
444 687 659 749 ordine,
685 688 982 758 unicuique
1002 700 1392 760 congruentem
1428 693 1517 747 det
1536 695 1616 748 vel
1638 693 1869 748 maledi-

286 777 532 832 ctioncm
547 778 626 831 vel
654 776 1086 834 benedictionem
1109 799 1122 835 :
1142 789 1194 835 et
1219 783 1270 836 in
1293 783 1394 837 hoc
1418 793 1730 839 monstrans
1758 799 1870 839 suae

285 869 514 922 virtutis
536 869 918 932 eminentiam,
938 869 1165 940 incipiat
1192 887 1220 925 a
1255 873 1449 942 primo.
1482 875 1533 928 5.
1558 873 1754 936 Ruben,
1786 876 1840 930 in

282 961 428 1031 quit,
449 961 847 1030 printogenitus,
878 963 1136 1031 fortitudo
1159 975 1356 1026 mea,et
1371 967 1689 1036 principium
1726 969 1869 1037 [ilio-

284 1069 410 1105 rum
441 1053 894 1108 meantum-durus
929 1055 996 1107 ad
1013 1056 1306 1121 ferendum,
1332 1058 1499 1113 durus
1529 1070 1577 1113 et
1597 1063 1862 1128 pervicax.

283 1142 428 1198 Vide
444 1153 649 1215 quanta
681 1146 951 1215 sapientia
971 1147 1127 1216 justi.
1158 1149 1360 1204 Valens
1385 1151 1529 1206 enim
1557 1153 1866 1208 accusatio-

282 1251 413 1290 nem
441 1236 612 1306 magis
645 1235 871 1299 intendi,
897 1238 1046 1308 prius
1067 1241 1202 1294 dixit
1224 1242 1504 1314 privilegia
1532 1245 1580 1299 ei
1607 1261 1638 1298 a
1671 1254 1863 1300 natura

280 1342 576 1390 concessa,
605 1337 657 1381 et
693 1327 1014 1400 d'gnitatem
1047 1349 1212 1410 quam
1233 1335 1478 1400 tenebat,
1515 1352 1640 1392 eum
1671 1353 1864 1410 nempe

279 1419 617 1489 principium
638 1420 952 1484 liliorum,et
974 1408 1635 1495 primogeniturtehonore
1651 1433 1860 1484 clarum

278 1525 441 1563 esse:
472 1519 523 1564 et
547 1522 733 1580 postea
752 1524 981 1582 peccata
1011 1515 1156 1572 illius
1179 1519 1334 1588 quasi
1359 1520 1414 1573 in
1436 1536 1573 1574 azrea
1605 1522 1858 1576 columna

274 1596 578 1652 inscribit:
612 1611 929 1658 tuonstrans
961 1605 1094 1658 nihil
1122 1607 1412 1676 profutura
1443 1611 1600 1665 nobis
1635 1627 1756 1667 esse
1790 1627 1857 1666 ea

279 1704 408 1758 qua:
436 1705 465 1742 a
503 1699 695 1745 natura
721 1691 928 1758 insunt,
962 1695 1066 1749 nisi
1102 1705 1156 1750 et
1189 1699 1488 1754 voluntatis
1522 1699 1661 1754 bona
1691 1716 1859 1770 opera

281 1789 588 1850 sequantur
623 1801 635 1836 :
662 1782 776 1837 hate
801 1785 944 1837 enim
967 1794 1095 1840 sunt
1119 1803 1240 1858 qua:
1259 1797 1311 1841 et
1337 1789 1550 1844 laudem
1578 1791 1776 1846 habent
1803 1799 1859 1845 et

277 1874 640 1944 vituperiutn.
682 1873 883 1938 Durus,
921 1876 1119 1946 inquit,
1174 1880 1242 1932 ad
1276 1880 1572 1948 ferendum,
1603 1883 1769 1937 durus
1804 1892 1856 1937 et

265 1964 794 2032 pervirax.Natnr:e,
829 1968 1024 2037 inquit,
1049 1967 1368 2040 dignitatem
1392 1972 1492 2026 tibi
1517 1974 1696 2028 datam
1720 1973 1856 2028 ami-

272 2055 403 2110 sisti
427 2058 646 2125 propria
670 2064 763 2110 tua
797 2059 1125 2115 temeritate.
1151 2061 1358 2117 Deinde
1391 2071 1444 2116 τι
1475 2066 1712 2134 speciem
1740 2081 1857 2134 pec-

257 2147 387 2200 cati
421 2148 558 2203 hene
587 2149 850 2219 scriptam
877 2152 1158 2222 relinquit,
1193 2154 1266 2206 ita
1299 2163 1356 2208 ut
1385 2155 1529 2225 quod
1561 2157 1650 2212 ille
1690 2173 1852 2212 accu-

270 2244 436 2290 satus
455 2241 931 2309 reprehensusque
962 2242 1056 2304 sit,
1084 2246 1320 2310 posteris
1343 2261 1536 2314 magna
1567 2247 1638 2301 sit
1661 2249 1850 2302 erudi-

272 2325 375 2390 tio,
401 2343 469 2381 ne
500 2327 700 2382 similia
717 2337 1004 2386 attentent.
1045 2333 1100 2386 4.
1134 2333 1470 2389 Contumelia
1505 2338 1752 2405 effecisti,
1783 2341 1850 2392 si-

267 2426 364 2469 cut
398 2435 537 2486 aqua
567 2436 670 2472 non
694 2421 1018 2488 e/fcrtescas.
1044 2425 1510 2492 Ascendistivenim,
1538 2429 1734 2499 inquit,
1757 2447 1849 2484 su—

260 2523 365 2574 per
410 2507 598 2561 lectum
629 2513 799 2577 patris
837 2513 915 2564 tui
948 2528 970 2566 .'
1021 2523 1144 2568 tunc
1188 2517 1426 2583 polluisti
1454 2530 1679 2573 stratum
1707 2523 1844 2592 quod

262 2600 580 2655 ostendisti.
619 2599 902 2671 Significat
931 2607 1284 2660 concubitum
1309 2608 1429 2677 ejus
1463 2625 1585 2664 cum
1621 2611 1788 2667 Balla.

263 2744 268 2748 ,
341 2686 397 2738 2.
438 2687 564 2741 Vide
601 2688 865 2757 quomodo
896 2705 991 2759 per
1017 2693 1328 2760 sapientiam
1359 2709 1388 2748 a
1429 2693 1625 2765 Spiritu
1666 2705 1849 2753 sancto

263 2779 370 2832 sibi
401 2779 596 2846 datam,
624 2781 765 2846 prius
786 2781 915 2835 dixit
943 2783 992 2836 id
1026 2784 1162 2852 quod
1195 2795 1374 2854 postea
1407 2786 1580 2841 Moses
1611 2789 1747 2843 inter
1778 2790 1849 2844 le-

271 2885 372 2938 ges
403 2871 758 2925 recensiturus
784 2882 918 2942 erat,
948 2891 1052 2928 non
1086 2875 1241 2931 licere
1267 2892 1384 2930 cum
1417 2879 1598 2933 eadem
1628 2881 1848 2937 muliere

261 2971 472 3028 patrem
521 2968 575 3014 et
623 2962 784 3016 lilium
835 2978 945 3018 rem
977 2964 1171 3020 habere
1210 2965 1354 3037 (Leu.
1391 2969 1468 3022 l8.
1503 2971 1578 3039 8).
1617 2971 1679 3024 Et
1710 2988 1848 3027 nunc

260 3052 411 3105 istud
435 3053 565 3121 ipse,
601 3052 762 3124 lilium
794 3071 946 3110 suum
971 3057 1309 3127 increpando,
1340 3061 1415 3114 sic
1439 3064 1697 3130 prohibet.
1730 3063 1849 3118 Pol-

261 3143 432 3207 luisti,
461 3145 649 3214 inquit,
680 3155 911 3214 stratum,
953 3149 1246 3203 ascendens
1273 3167 1435 3220 super
1462 3153 1654 3206 lecttun
1684 3156 1846 3224 patris

265 3237 367 3290 tui.
405 3238 532 3292 Rem
555 3255 857 3309 perversam
887 3241 1068 3296 iecisti.
1096 3243 1316 3312 Propter
1339 3244 1438 3300 hoc
1463 3246 1599 3312 quod
1629 3248 1693 3300 ita
1717 3247 1848 3301 Con-

269 3331 480 3382 tmnelia
517 3346 604 3385 me
647 3330 879 3398 affecisti,
909 3334 1036 3386 sicut
1078 3351 1206 3404 aqua
1236 3352 1335 3388 non
1375 3335 1684 3402 effer-vescas.
1729 3338 1845 3392 luu-

261 3425 377 3479 tilis
397 3425 515 3492 erit,
545 3427 732 3494 inquit,
760 3426 846 3481 ille
870 3436 1088 3481 conatus
1111 3437 1227 3481 tnus
1253 3446 1265 3481 :
1290 3429 1428 3498 quod
1456 3446 1624 3498 neque
1646 3442 1844 3499 patrem

263 3518 547 3583 reveritus,
576 3518 811 3586 polluere
834 3517 951 3586 ejus
975 3520 1165 3572 lectum
1195 3535 1354 3573 ausus
1380 3519 1561 3574 fueris.
1598 3520 1661 3575 Ut
1689 3520 1847 3592 igitur

262 3622 412 3661 nunc
451 3607 500 3660 in
532 3609 872 3676 sequentibus
911 3610 1341 3678 generationibus
1372 3611 1492 3664 talia
1537 3626 1691 3665 neruo
1722 3611 1844 3666 imi-

263 3706 438 3761 trtur,
475 3707 750 3768 propterea
781 3699 1008 3769 Spiritus
1039 3711 1251 3755 sanctus
1279 3702 1560 3766 ordinavit,
1594 3711 1648 3757 ut
1680 3705 1845 3759 literis

257 3790 666 3844 commendetur
703 3789 816 3844 luec
845 3793 1147 3844 accusatio:
1193 3801 1247 3846 et
1276 3808 1461 3847 onmes
1490 3795 1577 3862 qui
1626 3796 1846 3850 audiunt

259 3879 576 3933 erudiuntur
598 3919 614 3943 ,
645 3879 919 3950 sciantque
949 3881 1228 3937 manifeste
1249 3923 1265 3946 ,
1298 3881 1427 3936 nihil
1472 3885 1721 3952 prodesse
1759 3887 1842 3940 di-

258 3971 528 4039 gnitatem
548 3980 746 4024 natura:
761 3987 1087 4039 concessam,
1107 3973 1206 4027 nisi
1227 3984 1274 4028 et
1294 3975 1578 4028 voluntatis
1594 3977 1841 4031 accedant

260 4071 605 4114 (tr-tramenta.
630 4062 828 4117 Deinde
848 4062 967 4134 quia
991 4065 1118 4117 satis
1143 4065 1442 4119 traduxerat
1465 4067 1720 4120 nefarium
1746 4069 1844 4122 hoc

259 4167 427 4219 opus,
462 4153 602 4206 venit
627 4153 690 4206 ad
718 4153 1034 4224 Symeonem
1063 4166 1116 4210 et
1143 4156 1289 4210 Levi.
1318 4158 1370 4213 5.
1406 4159 1625 4228 Symcon
1656 4171 1699 4213 et
1727 4161 1845 4214 Leri

259 4245 637 4311 compleverunt
665 4246 963 4317 injustitiam
983 4248 1252 4303 voluntatis
1279 4265 1402 4302 sum.
1437 4252 1718 4306 Contentio
1746 4268 1842 4307 e0-

261 4349 412 4397 rum,
443 4350 597 4404 quam
646 4347 860 4405 prepter
900 4353 1137 4394 sororem
1171 4354 1320 4394 suam
1350 4342 1702 4410 declararunt,
1751 4361 1845 4400 eos

260 4425 320 4478 in
351 4425 656 4493 injustitiam
688 4428 830 4482 illam
861 4431 1082 4499 impulit.
1131 4432 1329 4487 Deinde
1358 4433 1389 4486 tl
1414 4435 1633 4489 'clarans
1665 4452 1758 4491 eos
1787 4453 1844 4492 se

260 4518 453 4584 ignaro
482 4533 591 4572 rem
619 4519 822 4586 iecisse,
853 4521 978 4575 dlCll
1003 4539 1016 4577 :
1059 4522 1110 4576 6.
1148 4521 1213 4576 In
1250 4526 1513 4578 consilium
1547 4542 1718 4580 eorum
1745 4545 1844 4582 non

258 4607 432 4660 veniat
457 4610 624 4662 anima
649 4628 780 4676 mea,
808 4621 853 4664 et
888 4614 938 4665 in
978 4625 1106 4667 coztu
1131 4631 1303 4667 eorum
1338 4632 1436 4668 non
1478 4618 1742 4684 ﬁrmentur
1757 4619 1842 4690 je-

257 4714 389 4750 coru
426 4715 550 4752 mea.
578 4701 747 4764 Absit,
780 4702 967 4772 inquit,
998 4716 1055 4758 ut
1079 4708 1463 4762 communicem
1497 4725 1677 4764 eorum
1717 4727 1845 4765 sen-

261 4790 468 4854 tentia),
501 4799 555 4845 et
589 4791 851 4862 obsequar
893 4796 970 4848 eis
1009 4795 1060 4848 in
1111 4797 1172 4849 iis
1212 4814 1330 4868 qua:
1373 4798 1564 4867 injuste
1599 4812 1839 4872 egerunt.

260 4879 405 4941 Quia
435 4881 484 4932 in
514 4885 686 4952 furore
713 4900 802 4936 suo
833 4885 1122 4939 occiderunt
1154 4888 1396 4942 homines.
1435 4889 1840 4958 lrrationabilis,

258 4969 460 5038 inquit,
489 4971 584 5024 fuit
609 4987 791 5026 eorum
814 4973 1123 5042 indignatio.
1153 4976 1280 5030 Nam
1312 4979 1432 5032 licet
1461 4994 1730 5048 peccasset
1755 4985 1846 5054 Sy-

256 5063 424 5117 chem
444 5107 461 5131 ,
490 5074 724 5120 attamen
754 5082 858 5120 non
885 5069 1162 5136 oportebat
1189 5080 1384 5124 tantam
1413 5083 1640 5144 stragem
1673 5075 1846 5131 facere

257 5164 319 5207 et
342 5169 528 5209 omnes
556 5155 797 5225 perdere.
833 5156 895 5210 Et
925 5159 975 5211 in
1001 5161 1399 5228 concupiscentia
1436 5180 1530 5216 sua
1573 5164 1845 5219 subnerra-

259 5255 444 5298 verunt
486 5248 746 5299 tanrum‘.
786 5247 973 5302 Filium
1018 5249 1232 5303 Ennnor
1279 5251 1362 5305 hic
1403 5254 1681 5323 signiﬁcat.
1716 5256 1844 5310 Nam

256 5336 392 5404 quia
431 5337 481 5389 in
521 5336 727 5392 ﬂorenti
758 5349 912 5392 aztate
948 5347 1090 5403 erat,
1126 5350 1330 5394 uttirnm
1369 5358 1489 5396 eum
1538 5346 1844 5400 nominavit.

262 5428 472 5482 Deinde
499 5441 554 5482 ut
577 5429 708 5482 dixit
734 5447 792 5484 ea
825 5447 940 5500 qua:
962 5430 1211 5495 fecerant,
1235 5435 1391 5486 etiam
1425 5436 1844 5492 maledictionem

257 5521 487 5588 apponit
512 5529 567 5574 ct
589 5521 747 5574 dicit:
778 5522 827 5574 7.
860 5521 1158 5576 Maledictus
1187 5527 1330 5593 furor
1354 5543 1522 5578 eorum
1546 5568 1558 5590 ,
1590 5531 1705 5596 quia
1733 5548 1846 5598 per-

336 5623 355 5655 ί
387 5620 820 5680 Alium/7046mm
865 5637 1052 5674 murum
1075 5639 1092 5687 ;
1133 5627 1202 5674 sic
1237 5628 1450 5687 vulgata.
1490 5629 1589 5677 \id.
1636 5632 1848 5694 Itexapla

258 5697 454 5739 ﬂustra.

1270 293 1334 351 IN
1375 294 1526 354 CAP.
1570 296 1725 351 XLIX
1787 294 2022 351 CENES.
2065 298 2288 358 llOlllL.
2333 303 2545 364 LXV”.

291 421 656 482 migraturus,
677 415 797 468 volo
817 415 1110 485 unicuique
1126 422 1366 472 vestrum
1394 419 1550 487 quasi
1571 419 1624 472 in
1645 419 1806 473 tittth
1823 427 1878 472 et

3454 322 3558 379 57-1

1981 417 2122 471 ricax
2159 435 2175 471 :
2203 433 2247 473 et
2275 421 2352 473 ira
2377 439 2570 490 eorum,
2602 425 2720 495 quia
2751 425 2996 482 obdurato
3019 441 3112 486 cst.
3149 432 3332 487 Dolum
3359 436 3561 506 signillc

1976 518 2080 564 cat.
2127 525 2231 577 quo
2277 511 2394 564 illos
2437 513 2930 582 circumvenerunt,
2977 536 3038 573 ac
3074 536 3192 575 cum
3241 523 3365 577 dolo
3411 527 3554 595 ipsos

1974 599 2142 652 adet-ti
2173 610 2314 653 sunt.
2345 601 2593 657 Pervicax
2623 606 2763 659 enim
2787 647 2802 673 ,
2838 608 3024 678 inquit,
3058 609 3206 667 furor
3235 630 3439 676 eorum.
3473 628 3550 674 te-

1974 693 2250 752 merarius.
2281 694 2625 764 impetuasus,
2655 700 2858 756 ratione
2885 719 3090 758 carens.
3127 705 3192 759 Et
3240 709 3315 762 ira
3353 728 3544 777 eorum,

1971 781 2088 849 quia
2123 782 2368 836 obdurata
2402 796 2492 840 est.
2523 787 2744 852 Quando
2775 793 2912 845 enim
2940 795 3200 849 Set-inuita:
3229 810 3544 866 ptttavcrunt

1970 885 2061 926 eos
2092 872 2190 926 sibi
2220 873 2369 929 valde
2400 878 2618 944 amicos,
2653 891 2776 934 tunc
2806 886 2947 950 gravi
2983 888 3054 940 ira
3085 898 3131 940 et
3168 889 3304 944 bello
3331 909 3423 947 eos
3449 910 3546 963 0p-

1969 974 2296 1029 presscruut.
2343 966 2404 1019 Et
2429 968 2568 1021 dicto
2599 985 2780 1024 eorum
2823 986 3060 1042 pecc.:lo,
3105 980 3232 1033 dicit
3260 993 3312 1036 et
3339 989 3546 1054 suppli-

1967 1050 2104 1104 cium
2136 1054 2272 1119 quod
2304 1055 2480 1109 luituri
2510 1068 2658 1112 erant
2710 1061 2916 1116 Partiar
2945 1085 3026 1119 eos
3056 1071 3106 1122 in
3136 1070 3313 1134 Jacob,
3356 1050 3546 1130 elidis-

1965 1141 2217 1196 seminabo
2246 1162 2330 1199 eos
2359 1147 2410 1199 in
2434 1147 2614 1202 Israel.
2649 1151 2870 1222 Ubique,
2901 1157 3084 1227 inquit,
3115 1162 3335 1232 dispersi
3368 1181 3541 1236 erunt,

1969 1241 2022 1284 ut
2049 1233 2186 1288 istud
2217 1236 2386 1305 ipsum
2418 1243 2750 1298 maniltstum
2791 1247 2912 1312 liat,
2960 1268 3053 1304 eos
3091 1269 3304 1324 propter
3344 1233 3544 1317 facinus

1963 1327 2302 1382 commissum
2336 1331 2383 1384 id
2413 1347 2598 1401 passos
2643 1336 2820 1392 fuisse.
2854 1341 2906 1395 8.
2932 1341 3090 1406 .Iuda,
3128 1355 3174 1398 tc
3199 1348 3404 1404 laudent
3433 1355 3542 1422 fra—

1964 1423 2061 1468 tres
2088 1417 2178 1469 tui.
2204 1418 2509 1476 Benedictio
2537 1424 2685 1480 Judae
2707 1429 2822 1481 data
2853 1435 3070 1501 mystica
3093 1448 3192 1503 est,
3219 1417 3540 1512 praesignians

1961 1506 2135 1558 omnia
2163 1524 2278 1576 qum
2305 1510 2370 1564 ad
2403 1511 2668 1569 Christum
2691 1520 2935 1574 attinent.
2959 1523 3118 1589 Juda,
3145 1527 3328 1596 inquit,
3358 1506 3404 1585 te
3428 1533 3542 1587 lau-

1961 1593 2078 1648 deut
2122 1596 2306 1666 fmtres
2353 1603 2441 1654 tui.
2493 1604 2621 1669 Quia
2672 1623 2732 1660 ex
2785 1608 2880 1664 hac
2912 1613 3044 1665 tribu
3075 1593 3375 1674 exeritur-us
3423 1637 3536 1680 erat

1957 1681 2200 1740 Christus
2230 1691 2516 1745 secundum
2549 1695 2958 1763 dispensationis
2977 1706 3255 1771 rationem,
3287 1724 3532 1780 propter-

1957 1787 2018 1827 ea
2047 1775 2240 1843 Spiritu
2272 1792 2456 1836 sancto
2481 1783 2688 1840 afflatus
2715 1787 2897 1856 Jaeoh,
2923 1795 3160 1860 praedicit
3190 1813 3281 1864 per
3308 1775 3534 1870 ea.-qutc

1959 1863 2007 1917 in
2038 1865 2225 1922 Judam
2253 1870 2520 1940 dicuntur,
2553 1891 2653 1930 non
2686 1879 2854 1932 solum
2888 1882 3201 1940 deSCcnsum
3239 1889 3442 1944 Domini
3466 1894 3532 1947 ad

1958 1953 2217 2021 homines,
2243 1961 2332 2014 sed
2358 1973 2408 2016 et
2431 1969 2758 2035 mysterium,
2790 1980 2839 2024 et
2861 1988 3091 2040 crucem,
3116 1987 3167 2030 et
3189 1983 3534 2049 sepulturam,

1957 2055 2010 2099 et
2039 2052 2506 2121 resurrectionem,
2548 2066 2601 2110 ct
2630 2067 2686 2111 ut
2727 2062 2890 2115 semel
2928 2064 3120 2131 dicam,
3155 2071 3349 2125 omnia.
3397 2073 3538 2128 Judu

1955 2137 2116 2198 enim,
2149 2139 2337 2209 inquit,
2367 2153 2412 2195 te
2437 2145 2642 2200 laudent
2664 2153 2844 2218 fratres
2866 2155 2937 2204 tui
2957 2170 2976 2206 :
3000 2173 3178 2210 manus
3204 2172 3300 2212 ture
3323 2162 3372 2215 in
3397 2173 3536 2235 tergo

1955 2225 2272 2282 inimicorum
2318 2240 2571 2290 tuorum:
2613 2249 2660 2290 ct
2701 2241 2983 2296 adorabunt
3027 2255 3074 2300 te
3116 2247 3213 2316 ﬁlii
3241 2255 3398 2319 patris
3440 2258 3534 2310 tui.

1953 2315 2152 2381 Quibus
2180 2320 2430 2386 declarat,
2463 2341 2555 2379 eos
2587 2329 2941 2397 sultjicicndos
2969 2336 3040 2388 illi
3074 2353 3212 2392 esse.
3247 2341 3296 2395 9.
3325 2343 3532 2400 Catulus

1954 2406 2108 2460 leonis
2135 2407 2293 2465 Iuda.
2337 2412 2415 2466 De
2460 2418 2700 2485 germine,
2733 2421 2809 2487 fili
2851 2425 2938 2486 nti,
2971 2430 3256 2482 ascendisti.
3292 2431 3530 2502 Regnum

1951 2495 2068 2562 eius
2109 2500 2362 2565 przedicit.
2395 2503 2616 2574 Semper
2649 2510 2788 2563 enim
2830 2510 3116 2583 Scriptura:
3147 2534 3260 2573 mos
3298 2534 3404 2585 est,
3441 2541 3534 2593 per

1955 2583 2171 2654 ﬁguram
2204 2589 2360 2659 hujus
2386 2595 2627 2651 animalis
2659 2601 2857 2669 regiam
2888 2610 3251 2664 auctoritatem
3297 2613 3529 2668 insinua-

1952 2690 2028 2729 re.
2063 2677 2370 2736 Ilecmnbcns
2395 2684 2668 2741 dorntioisti
2707 2702 2758 2743 ut
2787 2694 2883 2760 (eo,
2915 2706 2960 2748 et
3000 2699 3126 2752 sicut
3153 2705 3370 2758 catulus.
3401 2707 3525 2771 Quis

1953 2767 2184 2820 excitabit
2228 2773 2382 2825 eion?
2440 2775 2659 2832 Crucem
2725 2789 2779 2834 et
2839 2787 3164 2854 sepulturam
3230 2791 3313 2846 hic
3359 2797 3527 2866 signi-

1954 2855 2090 2908 ficat.
2147 2859 2271 2925 Quis
2315 2864 2564 2931 excitabit,
2616 2869 2815 2939 inquit,
2855 2877 3012 2929 eum?
3056 2878 3200 2932 Sicut
3231 2884 3371 2938 enim
3407 2855 3526 2942 leo-

1952 2961 2072 3000 nent
2102 2951 2181 3004 vel
2211 2954 2438 3010 catulum
2481 2957 2830 3019 dormientem
2865 2970 3037 3023 nullus
3064 2973 3222 3028 audet
3261 2979 3490 3035 excitare
3509 3022 3524 3045 ,

1953 3037 2020 3090 ita
2054 3038 2344 3098 Dormiristi
2373 3059 2424 3100 ut
2452 3050 2547 3115 leo,
2581 3062 2628 3104 ct
2653 3066 2703 3106 ut
2725 3059 2941 3114 catulus.
2971 3061 3093 3126 Quis
3120 3067 3350 3121 excitabit
3381 3074 3530 3129 cunt!

1954 3130 2070 3200 Ipse
2117 3137 2256 3188 enini
2311 3150 2386 3193 est
2429 3144 2515 3210 qtti
2563 3145 2730 3200 dicit:
2781 3148 3083 3207 l’otr-statem
3122 3158 3276 3213 Itubco
3317 3167 3534 3228 potiendi

1950 3225 2168 3278 animam
2202 3245 2382 3292 meam,
2431 3243 2476 3283 et
2520 3247 2807 3302 potestatem
2853 3245 3008 3296 Italico
3037 3247 3212 3301 iterant
3260 3255 3532 3316 recipiendi

1950 3329 2056 3365 eam
2085 3315 2260 3377 (Joan.
2295 3321 2374 3371 10.
2424 3322 2532 3391 13).
2557 3325 2740 3380 Postea
2779 3340 2830 3382 et
2862 3340 3066 3400 tempus
3106 3353 3314 3408 queque
3358 3315 3530 3397 nrani-

1953 3400 2083 3457 l'cstc
2112 3406 2344 3462 declarat
2367 3451 2379 3472 ,
2410 3428 2513 3478 quo
2533 3415 2852 3474 adventuros
2875 3422 2936 3473 sit
2969 3423 3209 3479 Christus
3237 3431 3530 3488 secundum

1949 3491 2356 3562 dispcnsmionis
2413 3503 2689 3558 rationem.
2748 3508 2828 3562 l0.
2865 3509 2982 3564 Non
3039 3514 3262 3582 deﬁciet,
3318 3521 3524 3590 inquit,

1951 3585 2180 3656 princeps
2209 3588 2269 3641 tle
2293 3587 2454 3657 Iuda,
2489 3610 2644 3662 neque
2679 3597 2783 3650 dna:
2819 3600 2879 3651 de
2907 3604 3178 3670 femoribus
3208 3608 3334 3676 ejus,
3367 3612 3526 3667 donec

1953 3677 2138 3742 veniat,
2169 3681 2247 3730 cui
2273 3684 2543 3750 repositum
2573 3697 2642 3739 est
2669 3705 2687 3741 :
2718 3700 2763 3742 et
2789 3691 2896 3758 ipse
2939 3695 3031 3747 erit
3069 3703 3368 3766 exspectatio
3406 3721 3530 3774 gen-

1950 3768 2096 3824 timn.
2131 3771 2372 3839 Tamdiu,
2404 3777 2602 3846 inquit,
2631 3779 2891 3836 durabunt
2920 3785 3154 3855 Judaica,
3183 3800 3236 3844 et
3259 3768 3520 3865 principes

1947 3857 2268 3926 Jud.rorum,
2297 3865 2464 3920 donec
2488 3870 2573 3920 ille
2598 3873 2816 3924 venerit.
2841 3874 2901 3927 Et
2927 3875 3062 3931 bene
3079 3878 3226 3945 dixit,
3252 3857 3522 3941 Donec-ille

1948 3952 2154 4018 venerit,
2186 3955 2265 4004 cui
2285 3957 2554 4022 repositum
2583 3974 2652 4011 est
2676 3975 2695 4012 :
2720 3964 2866 4029 quasi
2892 3963 3048 4029 dient,
3086 3968 3177 4022 llle
3203 3971 3284 4024 cui
3319 3990 3520 4042 [naept-

1949 4049 2118 4094 ratum
2145 4052 2225 4095 est
2251 4060 2467 4114 regnum
2495 4065 2507 4100 :
2543 4061 2817 4118 propterea
2846 4056 2962 4120 Ipse
2989 4066 3061 4109 est
3087 4065 3384 4128 exspectatio
3409 4083 3530 4134 gun-

1949 4131 2091 4184 tium.
2126 4134 2254 4189 Vide
2283 4140 2546 4206 quomodo
2569 4141 2675 4210 jam
2701 4144 2826 4197 dicit
2845 4147 3005 4200 etiam
3022 4160 3206 4218 gentes
3234 4154 3403 4209 salute
3432 4158 3526 4210 do-

1949 4224 2166 4279 nandus.
2197 4227 2259 4279 Et
2285 4229 2391 4295 ipse
2413 4231 2523 4297 erit,
2553 4234 2716 4302 inquit
2743 4241 3048 4305 exspectatio
3079 4244 3320 4310 gentium.
3354 4247 3521 4314 llujus

1948 4317 2227 4372 adventum
2255 4334 2438 4390 gentes
2463 4336 2792 4395 exspectant.
2823 4330 2906 4382 ll.
2930 4330 3118 4400 Ligans
3146 4335 3213 4386 ad
3243 4337 3383 4388 vitem
3415 4342 3529 4406 pul-

1949 4407 2054 4461 lum
2079 4426 2245 4476 suum,
2276 4421 2321 4464 ct
2344 4415 2410 4465 ad
2439 4415 2691 4482 palmitem
2722 4419 2914 4486 pullum
2943 4423 3101 4474 asina:
3127 4440 3250 4477 suat.
3279 4425 3378 4479 Per
3406 4429 3527 4496 pol-

1952 4501 2058 4554 lum
2083 4501 2271 4554 iterum
2299 4507 2532 4572 gentium
2555 4508 2814 4574 signiﬁcat
2840 4510 3226 4566 adductiouent.
3255 4515 3384 4568 Nam
3409 4519 3528 4585 quia

1948 4594 2128 4648 asinus
2159 4596 2483 4650 immundum
2524 4609 2637 4652 erat
2667 4601 2882 4666 :utimal,
2916 4613 3194 4670 propterea
3225 4606 3388 4661 dicit:
3426 4608 3528 4665 Illae

1950 4685 2235 4738 immundae
2280 4697 2462 4754 gentes
2503 4702 2622 4740 cum
2679 4699 2820 4743 tanta
2865 4689 3114 4747 facilitate
3161 4695 3491 4753 adducentur
3521 4742 3535 4763 ,

1949 4775 2095 4843 quasi
2134 4776 2254 4844 quis
2295 4777 2360 4829 ad
2406 4777 2672 4846 p..lmitem
2714 4780 2838 4832 vitis
2867 4781 3072 4834 asinum
3112 4784 3326 4854 alliget:
3368 4788 3526 4843 simul

1950 4865 2223 4921 insinuans
2259 4877 2310 4920 et
2354 4868 2630 4936 potestatis
2655 4870 3022 4924 excellentiam
3050 4883 3103 4926 et
3140 4877 3376 4944 gentium
3404 4880 3533 4933 obe-

1951 4957 2220 5012 dientiam.
2240 4960 2438 5029 Magnre
2455 4961 2595 5015 enim
2620 4964 3037 5019 mansuetudinis
3063 4976 3165 5030 est,
3192 4969 3330 5036 quod
3351 4971 3532 5024 asinus

1958 5053 2185 5120 patiatur
2210 5068 2268 5105 se
2294 5053 2358 5106 ad
2393 5054 2659 5120 palmitem
2696 5054 2816 5108 vitis
2845 5056 3012 5125 ligari.
3045 5056 3148 5110 Viti
3181 5068 3355 5112 autem
3385 5075 3533 5114 suam

1952 5141 2248 5195 doctrinam
2263 5153 2570 5212 comparat:
2593 5144 2702 5215 Ego
2725 5145 2864 5200 enim
2887 5164 3016 5211 cuin,
3043 5147 3229 5215 inquit,
3254 5149 3364 5201 vitis
3391 5165 3525 5213 vera,

1951 5243 1999 5286 et
2025 5245 2165 5302 pater
2185 5251 2324 5287 meus
2352 5237 2577 5306 agricola
2605 5246 2678 5289 est
2722 5236 2902 5306 (loca.
2933 5238 3015 5291 15.
3053 5239 3128 5305 Ι).
3165 5238 3412 5293 Palmitcs
3438 5258 3532 5294 au-

1955 5331 2058 5377 tem
2087 5327 2300 5378 vocavit
2330 5326 2736 5381 teneritudinem
2782 5337 3184 5394 prmceptorum,
3220 5339 3274 5382 et
3312 5331 3534 5386 l'aeilitas

1955 5421 2059 5466 tem
2105 5413 2235 5483 legis
2276 5413 2507 5468 ferenda:
2540 5433 2553 5468 :
2595 5426 2650 5468 ut
2689 5413 2798 5480 jam
2843 5417 3124 5482 pra'signct
3153 5427 3338 5484 gentes
3371 5423 3534 5483 magis

1953 5504 2193 5558 credulas
2236 5504 2364 5566 fore,
2410 5521 2568 5573 quam
2599 5504 2829 5557 Iuda-os.
2863 5503 3066 5558 Larabit
3109 5507 3161 5560 in
3199 5509 3312 5562 vino
3354 5511 3534 5564 stulam

1955 5613 2119 5660 suam,
2152 5608 2200 5648 et
2231 5598 2280 5648 in
2311 5599 2554 5665 sanguine
2582 5612 2690 5649 πίνω
2717 5597 2954 5649 amictum
2986 5614 3149 5652 suum.

2027 5688 2080 5741 5.
2114 5684 2406 5757 .llysterium
2437 5685 2770 5739 Eucharislitt’
2795 5688 3146 5756 pra’signatur.
3165 5720 3234 5729 -
3258 5689 3383 5745 Vide
3407 5706 3524 5761 quo-
