3964 6446
457 292 564 356 5⁸13

457 435 617 492 modo
654 434 806 488 nobis
842 443 1007 488 totum
1048 434 1355 504 mysterium
1399 433 1700 487 insinuavit.
1729 433 1916 489 Sciunt
1945 433 2034 503 qui

457 532 648 587 initiati
679 539 821 594 sunt,
851 528 990 599 quod
1023 527 1219 582 dictum
1246 536 1329 583 est
1354 545 1369 581 :
1400 525 1611 581 Lavabit
1640 528 1690 581 in
1713 528 1827 581 vino
1853 527 2037 581 stolam

455 641 622 678 suain.
647 623 844 678 Stolam
873 630 998 692 puto
1025 632 1217 690 corpus
1242 617 1368 684 dici,
1399 620 1537 690 quod
1569 629 1787 690 propter
1813 619 2037 687 disiicn-

455 717 715 771 sationem
754 713 894 768 ferre
923 712 1165 783 dignatus
1189 719 1293 767 est.
1325 710 1527 766 Deinde
1570 721 1629 765 ut
1652 710 1934 781 diligenter
1955 710 2039 765 di-

453 822 569 862 scas
587 807 761 860 vinum
782 805 907 875 quid
934 804 1237 876 appellavit,
1265 803 1479 858 subdit:
1509 803 1571 858 Et
1586 805 1638 857 in
1661 807 1907 875 sanguine
1928 819 2037 858 uvae

449 896 686 950 amictum
716 913 885 950 suum.
917 895 1048 950 Vide
1073 895 1342 965 quomodo
1368 894 1642 965 sanguinis
1668 896 1881 950 nomine
1909 910 2035 950 cru-

448 1003 562 1044 cem
593 988 744 1042 nobis
769 997 822 1042 et
848 986 1169 1041 occisionem
1200 985 1479 1056 signiticet,
1511 996 1566 1041 et
1591 1001 1802 1039 omnem
1830 995 2036 1056 myste-

450 1081 649 1135 riorum
700 1080 1171 1150 dispensationem.
1225 1077 1310 1133 12.
1355 1078 1693 1133 .Incuudiores
1740 1080 1873 1134 oculi
1921 1082 2035 1150 ejus

448 1174 560 1227 vino
580 1191 598 1238 ;
621 1183 665 1226 et
681 1172 1001 1226 candidiores
1026 1171 1319 1242 deutcsrjus
1335 1172 1482 1225 lacte.
1505 1172 1601 1226 llic
1628 1171 1850 1243 gloriam
1879 1172 2034 1227 nobis

446 1263 814 1318 demonstrare
849 1263 962 1317 vult
986 1278 1082 1333 per
1109 1262 1476 1332 metaphoram
1514 1263 1621 1317 vini
1652 1275 1704 1318 et
1733 1263 2029 1317 oculorum.

453 1354 517 1409 Et
560 1354 878 1409 candidiores
907 1353 1078 1407 dentes
1120 1354 1230 1424 ejus
1273 1354 1421 1409 lacte.
1465 1352 1731 1408 Justitiam
1767 1353 1939 1424 signat
1978 1363 2035 1408 ct

447 1452 743 1506 claritatem
774 1450 985 1521 iudicis.
1031 1449 1162 1505 Nam
1197 1466 1288 1519 per
1316 1450 1507 1505 dentes
1531 1459 1584 1504 et
1613 1448 1694 1503 lac
1719 1447 1848 1501 nihil
1885 1446 2030 1500 aliud

448 1541 749 1612 signiﬁcare
778 1541 888 1595 vult
924 1556 1086 1610 quam
1115 1541 1228 1596 fore
1268 1538 1552 1596 candidum
1595 1549 1652 1595 et
1691 1538 2029 1593 manifestum

444 1632 699 1703 judicium
718 1640 773 1685 ut
787 1640 870 1686 est
888 1630 1036 1685 lactis
1054 1639 1107 1685 ct
1130 1630 1367 1685 dentium
1387 1630 1639 1686 conditio.
1665 1629 1751 1684 l5.
1775 1626 2028 1692 Zabnlon,

442 1724 634 1793 inquit,
677 1725 731 1776 in
756 1721 1006 1776 maritimo
1042 1722 1299 1789 habitabit,
1343 1733 1390 1776 et
1430 1723 1539 1793 ipse
1581 1722 1722 1793 apud
1762 1722 2029 1796 stationem

441 1816 667 1877 navium,
711 1822 758 1866 et
797 1813 1091 1868 extendetur
1133 1828 1288 1882 usque
1320 1812 1389 1865 ad
1429 1813 1694 1867 Sidonem.
1721 1811 1854 1866 Vide
1891 1826 2027 1882 quo-

448 1903 607 1958 modo
634 1912 688 1958 et
716 1903 840 1958 huic
881 1902 1118 1973 praedicit
1147 1901 1235 1958 ubi
1266 1902 1589 1958 domicilium
1622 1902 1898 1958 habiturus
1927 1903 2026 1969 sit,

440 1994 666 2065 etquod
696 2008 863 2065 usque
900 1993 964 2048 ad
1002 1993 1255 2050 Sidonem
1293 1992 1628 2049 extendetur.
1658 1992 1746 2049 ib.
1787 1990 2029 2048 lssacltar

439 2087 623 2141 bonum
650 2085 967 2149 desideravit,
994 2085 1286 2140 recumbens
1307 2086 1436 2139 inter
1459 2096 1619 2139 sortes
1635 2100 1655 2138 :
1679 2083 1765 2139 15.
1789 2093 1834 2138 et
1856 2083 2028 2138 videns

442 2179 661 2250 requiem
695 2177 830 2248 quod
854 2176 1008 2241 bona,
1039 2186 1088 2230 et
1122 2187 1308 2230 terram
1345 2175 1481 2246 quod
1510 2176 1731 2246 pinguis,
1761 2175 2027 2246 supposuit

440 2275 705 2326 lmmerum
733 2287 880 2325 suum
908 2272 975 2325 ad
1005 2268 1362 2337 laborandum,
1403 2279 1450 2323 et
1488 2269 1654 2338 [actus
1681 2279 1752 2322 est
1780 2269 1858 2322 vir
1884 2267 2025 2339 agri-

437 2364 571 2418 cola.
601 2363 805 2419 Laudat
842 2362 985 2417 hunc
1012 2361 1151 2432 quod
1181 2361 1546 2431 operationem
1581 2371 1736 2416 terra:
1769 2361 2020 2431 elegerit,

436 2467 494 2511 et
521 2455 661 2510 hanc
699 2454 946 2509 omnibus
983 2453 1103 2508 aliis
1142 2452 1452 2523 praetulerit.
1496 2453 1584 2507 16.
1625 2450 1740 2507 Dan
1767 2452 2025 2524 judicubit

437 2547 677 2616 pupulum
717 2562 886 2611 suum,
930 2544 1062 2599 sicut
1099 2552 1146 2598 et
1172 2560 1275 2597 una
1315 2542 1475 2611 tribus
1511 2543 1565 2596 in
1595 2540 1907 2599 Israel.'l7.
1952 2542 2023 2600 Et

437 2640 528 2707 ﬁat
559 2638 674 2692 Dan
695 2655 903 2708 serpens
924 2637 977 2691 in
998 2638 1099 2704 via,
1123 2637 1346 2691 insidens
1368 2637 1422 2690 in
1449 2637 1647 2702 semita,
1674 2637 1910 2694 mordens
1925 2656 2023 2694 uu-

432 2731 609 2802 gulam
649 2729 799 2801 equi:
827 2737 875 2782 et
895 2728 1043 2782 cadet
1069 2743 1216 2799 eques
1241 2736 1541 2795 retrorsum,
1574 2727 1662 2783 18.
1698 2729 1913 2784 salutem
1939 2747 2024 2786 en-

433 2832 663 2893 spectans
688 2820 912 2876 Domini.
944 2820 1169 2891 Dignum
1196 2828 1253 2875 ut
1280 2819 1397 2891 quis
1424 2820 1720 2876 admiretur
1747 2831 1803 2878 et
1829 2824 2020 2879 obstu-

432 2923 631 2985 pescat,
655 2912 922 2986 quomodo
945 2913 1119 2983 justus
1139 2911 1226 2969 ille
1245 2913 1411 2969 oculis
1436 2914 1658 2985 spiritus
1676 2917 1852 2972 omnia
1878 2934 2016 2988 pra:-

432 3007 639 3071 videns,
669 3007 793 3062 tiliis
817 3006 927 3062 suis
950 3005 1379 3077 primulutiaverit
1403 3008 1530 3077 quid
1553 3009 1834 3079 unicuique
1854 3026 2024 3068 even-

431 3108 606 3153 turum
631 3100 736 3153 sit:
767 3113 887 3154 nam
909 3097 1069 3154 etiam
1097 3098 1184 3153 illa
1213 3113 1332 3166 qua:
1362 3109 1481 3169 post
1509 3101 1733 3156 multum
1763 3104 2018 3174 temporis

430 3191 604 3244 futura
634 3198 759 3245 sunt
801 3189 1060 3260 prmdicit.
1092 3189 1179 3246 l9.
1220 3188 1354 3255 Gad,
1395 3192 1602 3246 tentatio
1629 3193 1836 3246 tentabit
1866 3209 2017 3261 eum;

428 3284 537 3352 ipse
576 3292 741 3336 autem
767 3282 972 3336 tentabit
1011 3281 1155 3335 illum
1194 3281 1263 3335 ad
1302 3280 1472 3352 pedes.
1498 3282 1570 3339 20
1620 3283 1764 3348 Aser.
1814 3285 2018 3356 pinguis

424 3377 534 3446 ejus
555 3376 723 3445 panis,
753 3383 798 3428 et
835 3375 942 3444 ipse
975 3374 1116 3428 dabit
1143 3374 1307 3428 cibum
1345 3375 1681 3445 principibus.
1709 3374 1798 3432 2|.
1830 3375 2016 3449 Neph-

425 3466 623 3533 tlutlim,
656 3465 930 3538 virgultum
961 3465 1260 3531 resolutum,
1288 3466 1419 3520 dans
1445 3466 1500 3519 in
1529 3468 1752 3537 genuine
1782 3470 2014 3539 pulchri-

426 3559 671 3611 tudinem.
719 3556 785 3611 Et
826 3557 947 3626 quia
993 3556 1175 3626 paucis
1219 3558 1411 3611 transit
1454 3557 1603 3622 illos,
1635 3560 1780 3613 venit
1819 3574 2013 3616 conse-

425 3658 650 3718 quenter
674 3647 740 3701 ad
771 3646 993 3718 Josepb,
1033 3658 1089 3703 et
1112 3648 1185 3702 ait
1213 3666 1228 3702 :
1271 3648 1363 3703 εξ.
1404 3648 1598 3720 Joseplt
1637 3650 1778 3720 ﬁlius
1810 3663 2009 3717 auctus,

426 3742 738 3794 invidiosus:
762 3738 955 3808 Ioseph
982 3739 1122 3808 ﬁlius
1144 3749 1340 3805 auctus,
1366 3741 1505 3810 [ilius
1541 3743 1895 3814 meusjunior.
1931 3745 2013 3800 ln-

427 3833 682 3899 vidiosus,
708 3832 892 3902 inquit,
917 3831 1084 3887 factus
1103 3833 1239 3888 esab
1256 3834 1384 3903 ipsis
1400 3833 1580 3890 initiis.
1597 3835 1684 3890 2'5.
1711 3836 1870 3903 Quem
1891 3855 1985 3893 con
1998 3869 2011 3879 -

420 3926 536 3979 sitio
563 3924 932 3978 conunuuicato
953 3924 1191 3979 conviciis
1218 3926 1544 3981 incesserunt.
1573 3926 1817 3983 Fratrum
1846 3931 2010 4000 signi-

426 4016 547 4069 ticat
582 4014 1029 4083 conspirationem
1066 4023 1251 4070 contra
1290 4032 1434 4071 cum.
1480 4017 1546 4072 Et
1577 4017 1628 4073 id
1668 4019 1810 4090 quod
1846 4036 2006 4092 supra

346 4094 351 4099 ’
421 4106 629 4184 dicebat
656 4107 948 4177 Scriptura,
979 4125 1072 4164 cos
1098 4110 1321 4165 crimine
1352 4113 1491 4166 malo
1523 4113 1779 4169 detulisse
1805 4113 2007 4184 Jnscph

419 4180 558 4264 apud
586 4203 787 4264 patrem
817 4212 972 4250 suum
999 4196 1148 4267 (lien.
1180 4200 1268 4252 57.
1299 4200 1378 4268 2),
1405 4202 1506 4255 hoc
1527 4202 1626 4257 istc
1649 4202 1776 4257 dicit
1801 4221 1815 4258 :
1843 4180 2003 4269 Quem

419 4288 780 4342 communicato
816 4290 1027 4342 consilio
1062 4289 1298 4344 conviciis
1324 4291 1650 4360 incesserunt,
1697 4307 1741 4348 et
1776 4296 2007 4350 intende-

415 4381 536 4434 bant
570 4382 622 4435 in
656 4398 769 4435 eum
798 4382 990 4435 domini
1027 4382 1425 4453 sagittatiouum.
1450 4384 1856 4456 Sauguinarium
1887 4388 2004 4442 illo-

416 4488 533 4527 rum
558 4473 818 4545 signilicat
843 4474 1099 4528 animum.
1126 4474 1214 4530 2’s.
1244 4474 1314 4530 Et
1336 4478 1540 4532 contriti
1566 4488 1684 4532 sunt
1706 4496 1821 4534 cum
1852 4481 2001 4551 [orti-

416 4564 589 4618 tudine
615 4582 763 4620 arcus
788 4582 981 4620 eorum.
1014 4565 1145 4622 Vide
1171 4567 1440 4638 quomodo
1469 4578 1748 4640 postquam
1780 4571 1913 4627 dixit
1938 4588 2000 4628 ea

416 4672 534 4725 quae
568 4667 754 4712 contra
787 4657 988 4729 ἔθεε-νὺ
1028 4667 1377 4727 attentarunt,
1421 4660 1549 4717 dicit
1588 4674 1643 4717 et
1675 4679 1737 4718 ca
1767 4681 1885 4734 qua:
1920 4666 2001 4721 eis

417 4749 768 4815 contigerunt.
799 4750 1010 4805 Coutriti
1025 4756 1191 4820 enim,
1221 4755 1411 4823 inquit,
1439 4772 1588 4811 arcus
1606 4772 1798 4819 eorum,
1822 4766 1868 4811 et
1892 4759 1997 4813 dis-

415 4838 568 4892 soluti
595 4850 712 4892 sunt
751 4842 886 4894 nervi
912 4843 1229 4899 brachiorum
1257 4863 1498 4900 ntanuum
1523 4863 1719 4902 eorum.
1745 4848 1847 4918 Ipsi
1870 4849 1993 4919 qui—

413 4928 535 4983 dem
556 4928 801 4984 occidere
830 4940 880 4985 te
906 4933 1081 4986 conati
1106 4944 1248 4997 sunt,
1271 4945 1326 4991 et
1348 4946 1601 5005 quantum
1623 4955 1686 4992 ex
1717 4938 1845 5007 ipsis
1868 4954 1998 5008 pen-

413 5021 593 5087 debat,
622 5035 783 5090 opere
811 5022 1168 5091 complessent
1201 5043 1217 5080 :
1255 5025 1349 5080 sed
1387 5036 1441 5082 ct
1463 5043 1618 5083 arcus
1646 5044 1832 5083 eorum
1858 5044 1995 5085 con-

415 5110 523 5167 triti
553 5124 696 5176 sunt,
721 5121 773 5169 et
801 5114 1043 5169 dissoluti
1074 5127 1197 5171 sunt
1222 5132 1406 5172 eorum
1438 5121 1603 5174 nervi.
1632 5120 1721 5177 Sic
1743 5121 1888 5177 enim
1914 5122 1993 5178 eis

410 5204 618 5266 accidit,
651 5207 865 5274 quando
886 5205 1168 5262 audierunt
1193 5207 1392 5277 Joseplt
1420 5209 1685 5266 dicentem
1713 5230 1726 5266 :
1749 5211 1863 5281 Ego
1880 5230 1992 5267 sum

411 5298 565 5361 frater
606 5306 764 5350 vester
798 5296 1023 5368 Joseplt,
1069 5315 1215 5368 quem
1257 5301 1546 5354 vendidistis
1589 5303 1642 5355 in
1708 5303 1991 5375 AEgyptutn

410 5387 563 5450 (Gen.
613 5388 704 5442 45.
744 5390 825 5458 5).
852 5390 1001 5446 Tunc
1034 5391 1198 5458 enim,
1234 5401 1360 5446 tunc
1401 5394 1633 5449 maxime
1670 5396 1825 5449 soluti
1864 5407 1990 5451 sunt

410 5476 555 5528 ncrvi
601 5491 818 5543 eorum,
869 5479 969 5533 Per
1008 5498 1210 5536 manum
1240 5485 1456 5553 patentis
1494 5482 1675 5539 Jacob.
1719 5485 1808 5541 25.
1857 5486 1989 5541 Inde

410 5564 493 5625 qui
520 5565 856 5621 corroboravit
896 5568 1059 5623 Israel
1084 5587 1115 5623 a
1143 5571 1251 5625 Deo
1290 5576 1447 5643 patris
1480 5577 1552 5628 tui
1571 5615 1585 5635 ,
1617 5585 1666 5628 et
1704 5577 1900 5646 adjuvit
1940 5590 1987 5632 te

413 5650 547 5704 Deus
566 5671 722 5709 meus.
747 5656 843 5720 Qui
868 5657 1108 5712 dissolvit
1127 5676 1308 5716 eorum
1341 5680 1552 5726 nervos,
1580 5665 1769 5735 inquit,
1796 5676 1985 5735 potens

407 5752 508 5795 est.
528 5740 643 5810 Ipse
657 5748 785 5799 enim
800 5749 989 5818 adjuvit
1002 5759 1048 5803 te
1063 5749 1200 5806 Deus
1216 5769 1370 5809 meus.
1390 5754 1521 5810 Vide
1537 5772 1842 5827 germanam
1855 5761 1983 5828 justi

1196 297 1254 354 S.
1294 296 1569 355 JOANNIS
1605 297 2075 355 CllliYSOSTOill
2115 299 2437 359 ARCIIIEP.
2477 302 3011 367 CONSTANTINOP.

3607 324 3708 380 576

2148 428 2271 484 erga
2303 414 2582 472 Dominum
2611 418 2968 487 dilectionem,
2990 425 3256 493 quomodo
3280 428 3428 484 orbis
3452 429 3714 488 Dominum

2145 517 2298 558 suum
2320 520 2441 563 esse
2465 508 2628 563 Deum
2644 510 2805 578 dicat,
2827 527 2930 567 non
2949 516 3271 573 concludens
3289 520 3407 589 ejus
3418 522 3718 593 dominium,

2146 612 2316 667 neque
2333 601 2546 669 privans
2561 616 2681 657 eum
2702 614 2958 674 potestate
2973 608 3384 680 univcrsali,sed
3399 631 3548 672 suum
3557 618 3719 675 decla-

2145 706 2270 745 rans
2285 708 2544 750 amorcm.
2565 695 2630 749 Et
2659 699 2909 754 benedixit
2923 702 3015 755 tibi
3024 702 3367 761 benedictione
3383 710 3493 763 cali
3511 728 3537 764 e
3549 728 3721 781 super-

2144 782 2242 837 nis.
2262 781 2374 837 Non
2391 784 2585 850 solum,
2612 787 2800 859 inquit,
2819 789 3019 861 adjuvit
3039 801 3111 860 te,
3128 793 3223 849 sed
3235 806 3288 851 et
3308 795 3563 853 Benedixit
3577 813 3617 856 te
3629 801 3722 856 bs-

2143 873 2422 929 nedictione
2437 886 2583 931 terra:
2601 880 2773 933 omnia
2785 882 3103 947 continentis,
3125 898 3332 954 propter
3344 888 3718 949 benedictionem

2142 964 2350 1019 uberum
2378 977 2425 1021 et
2450 969 2633 1038 valete,
2659 971 2750 1027 26.
2775 972 3168 1029 benedictionem
3194 980 3355 1048 patris
3380 983 3455 1035 tui
3478 992 3524 1037 et
3547 990 3721 1041 matris

2142 1066 2259 1111 ture.
2285 1056 2558 1115 Pravaluit
2584 1063 3007 1121 benedictionibus
3024 1069 3267 1123 montium
3284 1071 3561 1141 (iratorum,
3575 1088 3614 1128 et
3632 1079 3735 1129 dr-

2140 1152 2339 1207 sideriis
2362 1155 2569 1209 collium
2598 1166 2920 1214 a-teruorum.
2944 1160 3047 1217 Per
3060 1162 3228 1220 colles
3247 1174 3477 1222 arternos
3500 1170 3718 1240 gloriam

2139 1252 2194 1296 et
2240 1243 2593 1315 majestatem,
2635 1258 2691 1303 et
2735 1264 2958 1319 regnum
2997 1250 3215 1324 κεπτ)ιὶ
3251 1271 3390 1327 :per
3420 1269 3619 1318 montes
3658 1274 3715 1319 et

2138 1339 2324 1404 colles,
2366 1343 2745 1401 sublimitatem
2788 1355 2842 1401 et
2880 1347 3243 1405 fortitudinem
3278 1350 3534 1424 deﬁgunt.
3572 1367 3620 1412 et
3659 1358 3726 1413 in

2138 1447 2407 1489 stunmum
2435 1437 2698 1507 fastigium
2724 1439 3048 1509 principatus
3073 1453 3314 1498 evectum
3339 1445 3565 1502 esse'hic
3589 1449 3713 1505 insi-

2139 1537 2284 1580 nuat.
2321 1526 2419 1582 lla:
2451 1531 2605 1595 enim,
2643 1531 2833 1601 inquit,
2864 1534 3235 1590 benedictioues
3261 1548 3405 1592 erant
3444 1556 3592 1610 super
3624 1560 3718 1596 ra-

2137 1630 2227 1687 pat
2259 1617 2473 1689 Joseplt,
2503 1632 2551 1675 et
2584 1623 2634 1676 in
2666 1624 2845 1677 vertice
2868 1625 3107 1693 Intraui,
3137 1642 3351 1696 quorum
3375 1630 3485 1684 dus:
3505 1642 3594 1686 est.
3620 1632 3720 1688 ΙΙτε

2133 1710 2358 1777 scilicet,
2384 1711 2573 1782 inquit,
2597 1712 2994 1769 benedictiones
3018 1726 3174 1769 erunt
3193 1731 3357 1786 super
3372 1730 3528 1791 caput
3545 1731 3714 1779 tuum.

2133 1800 2223 1854 27.
2251 1800 2519 1873 Beujamiu
2549 1804 2701 1875 lupus
2728 1821 2914 1876 rapax,
2945 1823 3093 1861 tuane
3111 1810 3357 1877 comedet,
3388 1825 3437 1865 et
3458 1814 3525 1866 ad
3542 1829 3717 1885 vespeo

2132 1913 2243 1949 ram
2278 1897 2542 1952 distribute:
2572 1915 2762 1954 escam.
2791 1900 2858 1956 Et
2884 1901 2970 1956 hic
3005 1901 3293 1971 puesignat
3315 1904 3365 1959 ei
3392 1906 3540 1975 quod,
3559 1907 3721 1977 latigo

2133 1996 2255 2057 post
2284 1996 2523 2059 tempore
2547 1989 2782 2045 futurum
2809 2000 2944 2057 erat,
2976 2001 3030 2047 et
3051 1994 3192 2063 quod
3217 2006 3550 2065 grassaturas
3572 2012 3724 2058 esset

2131 2079 2270 2133 sicut
2312 2080 2467 2149 lupus
2505 2081 2739 2152 rapiens,
2771 2082 3026 2139 occidens
3054 2091 3110 2138 et
3152 2085 3432 2142 innumera
3460 2089 3594 2143 mala
3634 2093 3724 2146 ta-

2129 2172 2298 2227 cicns.
2320 2172 2583 2241 Quoniam
2604 2182 2784 2228 autem
2807 2174 3055 2229 omnibus
3084 2174 3207 2230 tiliis
3241 2189 3594 2249 congruentes
3623 2182 3730 2238 beo

2131 2263 2461 2319 nedictioncs
2483 2266 2841 2336 praesignavit,
2869 2264 2961 2322 28.
2998 2264 3062 2320 Et
3090 2267 3364 2335 benedixit,
3394 2270 3582 2341 inquit,
3603 2272 3727 2327 sin-

2127 2356 2262 2425 gulis
2279 2356 2434 2426 juxtu
2471 2355 2859 2411 benedictionem
2897 2374 3064 2421 suam,
3104 2376 3205 2428 qua
3244 2359 3568 2418 benedirerat
3603 2365 3678 2419 ἀι
3696 2382 3721 2421 ε

2131 2449 2231 2505 hoc
2257 2461 2359 2517 est,
2392 2451 2674 2522 unicuique
2699 2450 3020 2522 praidicebat
3036 2467 3157 2522 qua:
3176 2452 3417 2520 decebat,
3451 2464 3505 2510 et
3522 2472 3639 2526 qua:
3661 2458 3717 2513 in

2128 2557 2443 2613 unaquaque
2474 2542 2613 2598 tribu
2641 2553 2899 2598 eventura
2926 2552 3107 2599 essent
3134 2544 3400 2614 praedixit.
3431 2546 3718 2618 Postquam

2125 2645 2305 2690 autem
2332 2634 2598 2689 ordinavit
2621 2649 2684 2689 ea
2707 2650 2825 2703 qua:
2849 2649 2879 2688 a
2904 2634 3108 2704 Spiritu
3131 2635 3229 2706 ipsi
3258 2639 3574 2708 prasiguata
3600 2639 3722 2697 fue-

2128 2738 2268 2792 rant,
2298 2727 2429 2781 dicit
2466 2728 2581 2781 cis:
2622 2725 2711 2782 29.
2745 2725 2854 2797 Ego
2890 2742 3124 2796 apponor
3148 2727 3219 2780 ad
3242 2730 3494 2799 popular;
3529 2747 3718 2800 meum,

2124 2830 2171 2875 et
2209 2820 2455 2891 sapt-lictis
2481 2835 2559 2872 me
2587 2835 2701 2872 cum
2724 2818 2950 2889 patribus
2971 2819 3115 2873 meis.

2193 2912 2247 2967 4.
2283 2910 2412 2965 Vide
2439 2910 2709 2981 quomodo
2735 2925 2830 2981 per
2857 2909 3165 2965 mandatum
3195 2910 3296 2965 hoc
3324 2912 3613 2967 mmmam
3632 2914 3718 2968 eis

2121 3002 2544 3058 consolationem
2584 3000 2792 3057 atl‘erat.
2839 3000 3268 3057 Considerabant
3303 3003 3489 3071 enirn,
3513 3004 3721 3074 justum

2124 3094 2225 3150 hoc
2250 3109 2358 3148 non
2401 3092 2775 3148 mandaturum
2821 3092 3018 3157 fuisse,
3063 3092 3168 3149 nisi
3206 3094 3429 3150 omnlino
3470 3098 3723 3153 scivisset

2122 3185 2351 3240 reditum
2382 3184 2618 3257 ipsorum
2646 3183 2880 3238 futurum
2904 3223 2920 3248 ,
2949 3192 3007 3240 et
3041 3183 3349 3239 liberandos
3390 3200 3453 3242 se
3488 3203 3520 3242 a
3554 3190 3725 3243 servi-

2123 3286 2233 3331 tute
2262 3275 2500 3347 JEgypti.
2536 3275 2724 3330 Postea
2754 3289 2967 3345 quoque
2990 3275 3162 3329 locmn
3193 3277 3440 3331 nominat
3467 3295 3483 3330 :
3511 3277 3582 3332 In
3610 3296 3726 3350 spe-

2117 3367 2290 3431 luuca,
2330 3367 2494 3436 inquit
2516 3407 2532 3432 ,
2554 3380 2669 3434 qua:
2694 3375 2767 3419 est
2791 3368 2844 3419 iu
2869 3382 2995 3436 agro
3021 3363 3236 3436 Ephrou
3257 3366 3495 3423 Chauci.
3526 3369 3622 3425 53.
3660 3369 3723 3424 Et

2118 3470 2172 3512 ut
2200 3460 2307 3513 lucc
2334 3458 2491 3524 dixit,
2520 3458 2730 3512 cessavit
2771 3459 3023 3528 imperare
3050 3460 3173 3528 [iliis
3195 3462 3320 3515 suis.
3346 3459 3417 3515 Et
3441 3463 3724 3518 sublevavit

2115 3552 2277 3605 Jacob
2305 3552 2456 3621 pcdes
2484 3568 2602 3606 suos
2630 3567 2781 3620 super
2801 3552 2984 3605 lectum
3002 3593 3018 3616 ,
3050 3562 3099 3606 et
3127 3553 3345 3622 defecit,
3372 3566 3420 3609 et
3448 3559 3725 3626 appositas
3776 3593 3781 3596 ι

2114 3654 2189 3699 est
2214 3644 2284 3698 ad
2309 3643 2555 3715 populum
2578 3660 2747 3697 suum.
2769 3643 2903 3699 Vide
2923 3654 3151 3700 mortem
3170 3644 3299 3714 justi
3325 3646 3490 3701 etiam
3519 3663 3725 3720 ωας-ο

2115 3735 2374 3791 miraculo
2420 3735 2652 3805 plenam.
2704 3733 2836 3790 Nam
2882 3748 3163 3806 postquam
3209 3738 3497 3808 imperavit
3535 3743 3726 3811 pueris

2113 3828 2247 3894 suis,
2282 3826 2571 3883 Subleoavit
2595 3828 2749 3899 pedes
2770 3829 2823 3882 in
2848 3828 3033 3883 lectum
3070 3846 3241 3898 suum,
3272 3831 3427 3901 quasi
3454 3847 3587 3890 cum
3621 3850 3724 3889 vo-

2114 3922 2317 3991 luptate
2347 3937 2460 3977 rem
2487 3924 2767 3992 reciperet.
2817 3920 2893 3977 Ita
2942 3922 3176 3993 impletis
3216 3925 3502 3991 omnibus,
3547 3926 3728 3984 Pedes

2111 4017 2315 4071 sustulit
2342 4024 2363 4070 ξ
2393 4016 2497 4070 hoc
2522 4024 2626 4081 est,
2658 4015 2845 4085 planos
2870 4025 2926 4071 ct
2954 4024 3130 4070 rectos
3158 4014 3303 4077 fecit.
3335 4029 3390 4072 ct
3416 4019 3679 4076 cltcudit
3706 4038 3723 4074 :

2112 4105 2333 4179 Dejecit,
2364 4107 2465 4161 hoc
2487 4117 2589 4172 est,
2624 4105 2795 4161 ﬁnivit
2817 4106 3001 4173 vitam,
3040 4106 3103 4160 Et
3130 4110 3399 4179 appositus
3423 4122 3499 4165 est
3529 4113 3609 4165 ad
3629 4130 3731 4184 po—

2110 4200 2290 4269 pulum
2315 4215 2481 4253 suum.
2515 4201 2567 4253 1.
2599 4197 2666 4253 Et
2705 4199 2881 4253 recidit
2915 4198 3109 4269 Joseplt
3152 4217 3306 4271 super
3333 4203 3520 4272 [aciem
3554 4207 3733 4275 patris

2107 4291 2207 4356 sui,
2232 4300 2279 4346 et
2304 4291 2440 4361 ﬂevit
2459 4307 2612 4359 super
2631 4307 2762 4355 eum,
2782 4301 2829 4345 et
2853 4291 3111 4377 osculatus
3133 4302 3206 4346 est
3221 4309 3335 4346 eum
3366 4294 3568 4366 (Caput
3599 4298 3731 4357 50).

2109 4382 2300 4439 Vidisti
2343 4383 2437 4439 lilii
2463 4384 2851 4440 dilectionem?
2899 4384 3075 4440 vidisti
3123 4386 3342 4456 ignitum
3377 4389 3735 4446 caritatem?

2106 4476 2175 4531 Et
2201 4487 2319 4547 post
2348 4478 2540 4532 anima:
2565 4491 2835 4533 recessum
2877 4478 3078 4532 Recidit
3104 4479 3299 4550 Ioseph
3339 4497 3497 4553 super
3522 4487 3738 4555 faciem

2105 4572 2217 4641 ejus
2238 4612 2255 4639 ,
2285 4579 2332 4626 et
2357 4571 2611 4626 osculatus
2634 4580 2742 4636 est,
2779 4579 2825 4625 et
2857 4571 2996 4641 ﬂevit
3022 4588 3176 4641 super
3200 4589 3278 4627 eo.
3308 4572 3402 4628 llis
3431 4575 3606 4632 factis
3628 4579 3737 4633 ,Ιη-

2104 4665 2234 4735 seph
2264 4680 2383 4735 quae
2424 4679 2454 4717 a
2500 4673 2650 4734 patre
2680 4662 2926 4718 mandata
2958 4672 3114 4719 erant
3137 4668 3358 4737 exsequi
3387 4672 3642 4725 curavit.
3672 4675 3738 4726 ἓ.

2103 4755 2170 4810 Et
2197 4771 2318 4810 mox
2350 4756 2606 4810 mandavit
2630 4756 3013 4828 pollinctoribus
3037 4798 3053 4822 ,
3096 4767 3152 4811 ut
3194 4760 3467 4829 sepelirent
3506 4774 3741 4832 patrem

2100 4864 2265 4901 suum.
2295 4847 2348 4902 '5.
2381 4846 2447 4899 Et
2472 4848 2580 4915 ipse
2601 4847 2800 4919 quidem
2823 4849 3160 4918 quadraginta
3190 4850 3364 4905 diebus
3382 4892 3399 4917 ,
3435 4851 3745 4925 Eggptus

2100 4951 2269 4993 autent
2292 4941 2613 5010 septuaginta
2642 4939 2814 4993 diebus
2833 4957 2948 4994 eum
2969 4942 3121 4995 luxit.
3155 4942 3220 4998 Et
3246 4954 3542 5015 postquam
3566 4948 3744 5017 justa

2100 5033 2277 5087 omnia
2305 5033 2571 5102 persoluta
2603 5040 2746 5097 sunt,
2778 5033 3096 5105 significavit
3116 5035 3408 5098 Pharaoni.
3438 5050 3497 5096 et
3522 5041 3608 5095 iis
3637 5044 3745 5112 qui

2095 5139 2216 5180 cum
2243 5139 2311 5178 eo
2335 5130 2520 5186 erant,
2560 5140 2680 5194 quae
2723 5124 2794 5178 illi
2826 5133 2978 5195 pater
3002 5125 3178 5182 adhuc
3214 5128 3368 5183 vivus
3396 5128 3748 5186 demanda-

2099 5225 2198 5278 rat,
2226 5223 2280 5269 et
2302 5213 2435 5268 dixit
2466 5231 2480 5268 :
2511 5214 2566 5270 5.
2596 5214 2862 5280 Adjnrarit
2889 5232 2969 5269 me
2996 5226 3141 5282 pater
3164 5236 3303 5271 meus
3327 5261 3343 5285 ,
3376 5222 3570 5277 dicens
3601 5240 3627 5278 :
3666 5225 3747 5277 lu

2095 5303 2356 5375 sepulcro,
2382 5303 2519 5373 quod
2543 5306 2651 5375 fodi
2675 5304 2798 5357 mihi
2825 5305 2877 5359 in
2903 5316 3037 5360 terra
3065 5308 3310 5363 Chanaan
3330 5351 3347 5377 ,
3381 5312 3490 5366 illic
3515 5332 3619 5369 nar
3637 5333 3747 5370 se—

2094 5398 2265 5466 pelies.
2285 5395 2337 5449 Ν
2342 5412 2439 5449 unc
2464 5396 2617 5467 igitur
2636 5396 2925 5462 ascendam,
2949 5407 2995 5451 et
3017 5399 3259 5468 sepeliant
3280 5411 3480 5472 putrem
3505 5423 3742 5469 piscatu,

2092 5501 2139 5543 et
2168 5489 2356 5543 redibo.
2386 5487 2615 5559 Equum
2639 5503 2670 5543 e
2700 5497 2751 5551 t,
2797 5489 2986 5560 inquit,
3014 5501 3070 5545 ut
3090 5507 3211 5562 qum
3236 5494 3303 5548 ah
3329 5509 3398 5550 co
3424 5510 3745 5568 μῆνα-μω

2090 5590 2236 5646 sunt,
2268 5583 2535 5652 impleam.
2572 5579 2669 5635 Ubi
2702 5582 2860 5654 igitur
2883 5596 2945 5637 ea
2977 5581 3156 5638 fecero
3185 5601 3305 5655 qua-
3326 5587 3587 5651 jusserit,
3628 5606 3740 5645 rc-

2093 5672 2234 5726 diho.
2265 5670 2387 5724 ch
2410 5682 2467 5725 ut
2485 5671 2687 5737 audiit,
2722 5672 2963 5740 permisit
2994 5673 3219 5729 Pharao.
3249 5676 3301 5729 7.
3334 5675 3403 5730 Et
3430 5681 3737 5744 ascendit,

2091 5762 2280 5832 inquit,
2307 5763 2495 5833 Joscplt
2524 5776 2575 5818 ut
2601 5782 2673 5836 se;
2692 5767 2832 5820 rliret
2856 5778 3051 5837 patrem
3073 5784 3241 5827 suum.
3264 5782 3310 5824 et
3336 5772 3495 5825 sintut
3513 5789 3729 5827 ascen-
