3964 6424
280 349 393 418 675

281 460 432 520 ξατο.
473 461 686 517 Ἴσασιν
719 462 769 516 οἱ
799 462 1145 534 μεμυημένοι
1185 463 1247 517 τὸ
1278 463 1569 535 λεγόμενον
1593 479 1606 493 ο
1644 459 1871 516 Πλυνεῖ

280 541 354 599 ἐν
389 544 535 610 οἴνῳ
588 545 704 614 τὴν
741 546 978 614 στολὴν
1024 546 1212 600 αὐτοῦ
1242 562 1259 579 ⁸
1314 547 1528 620 στολὴν,
1583 542 1761 616 οἶμαι,
1807 543 1870 598 τὺ

286 627 449 697 σῶμα
477 626 672 696 λέγων,
705 629 736 682 ὃ
764 628 851 683 διὰ
878 631 976 702 τὴν
1005 631 1318 702 οἰκονομίαν
1347 632 1571 703 φορέσαι
1599 628 1869 700 κατηξίω-

287 729 401 768 σεν,
429 709 565 766 Εἶτα
590 715 678 768 ἵνα
705 716 885 788 μάθῃς
910 716 1156 787 ἀκριϐῶς
1174 712 1314 770 οἶνον
1332 718 1385 770 τί
1407 716 1868 788 προσηγόρευσεν,

285 797 535 867 ἐπήγαγε
562 813 574 825 ·
604 798 714 850 Kal
741 799 811 851 ἐν
831 799 1028 868 αἵματι
1058 797 1383 868 σταφυλῆς
1408 799 1522 866 τὴν
1543 795 1871 866 περιϐολὴν

281 883 497 936 αὑτοῦ.
530 882 670 954 ’Ὅρα
710 882 830 946 πῶς
861 883 939 954 τῷ
967 883 1061 936 τοῦ
1091 884 1324 954 αἵματος
1357 883 1581 954 ὀνόματι
1611 882 1708 953 τὴν
1736 897 1872 949 σφα-

284 964 395 1034 γὴν
433 965 566 1036 ἡμῖν
609 965 704 1019 καὶ
750 966 842 1020 τὸν
877 967 1107 1038 σταυρὸν
1151 967 1388 1038 ᾐνίξατο,
1415 968 1509 1021 καὶ
1553 967 1733 1020 πᾶσαν
1761 964 1872 1018 τῶν

287 1049 611 1119 μυστηρίων
665 1048 766 1120 τὴν
799 1050 1135 1121 οἰκονομίαν.
1174 1049 1433 1118 Χαροποί
1477 1053 1532 1103 cl
1578 1047 1873 1118 ὀφθαλμοί

283 1130 476 1208 αὐτοῦ
503 1129 623 1185 άπὸ
654 1132 845 1196 οἴνου,
870 1134 969 1189 καὶ
1001 1125 1151 1204 [659]
1182 1130 1387 1186 λευκοί
1419 1133 1473 1185 οί
1501 1129 1740 1197 ὀδόντες
1766 1131 1875 1184 αὺ-

284 1215 398 1268 τοῦ
430 1212 469 1281 ἢ
509 1214 683 1285 γάλα.
723 1210 990 1270 Ἐνταῦθα
1027 1215 1088 1268 τὸ
1120 1214 1345 1286 φαιδρὸν
1380 1217 1510 1287 ἡμῖν
1535 1213 1872 1282 ἐνδείξασθαι

285 1298 540 1368 βούλεται
566 1298 655 1352 διὰ
677 1300 776 1370 τῆς
809 1302 1120 1370 μεταφορᾶς
1142 1300 1236 1353 τοῦ
1259 1299 1402 1353 οίνου
1432 1300 1527 1354 καὶ
1551 1297 1658 1352 τῶν
1682 1297 1874 1366 ὀφθαλ-

285 1382 431 1450 μῶν.
456 1381 566 1436 Kal
595 1382 802 1436 λευκοὶ
833 1385 887 1436 οἱ
922 1383 1166 1448 ὀδόντες
1192 1382 1379 1436 αὺτοῦ
1416 1381 1454 1450 ἢ
1478 1380 1664 1452 γάλα·
1698 1379 1761 1432 τὸ
1791 1379 1872 1433 δί-

285 1479 444 1516 καιον
472 1464 566 1517 καὶ
593 1464 653 1517 τὸ
677 1462 928 1535 λαμπρὸν
954 1464 1048 1517 τοῦ
1082 1462 1291 1535 κριτοῦ.
1325 1463 1423 1518 Διά
1447 1463 1555 1534 γὰρ
1587 1463 1696 1516 τῶν
1727 1461 1873 1514 ὀδόν-

284 1563 398 1600 των
434 1546 528 1600 καὶ
571 1546 666 1600 τοῦ
695 1547 967 1616 γάλακτος
1002 1547 1158 1600 οὐδὲν
1197 1547 1384 1617 ἕτερον
1413 1544 1548 1617 ἡμῖν
1587 1543 1872 1616 σημαίνειν

284 1632 588 1703 ἠϐουλήθη,
621 1631 654 1702 ἢ
702 1633 784 1685 ὅτι
814 1632 988 1696 οὓτως
1027 1631 1183 1685 ἔσται
1228 1631 1419 1684 λευκὸν
1448 1630 1541 1685 καὶ
1574 1627 1873 1701 περιφανὲς

282 1717 348 1768 τὸ
380 1716 688 1787 κριτήριον,
717 1715 968 1787 καθάπερ
996 1717 1030 1786 ἡ
1061 1713 1156 1768 τοῦ
1185 1715 1455 1784 γάλακτος
1477 1713 1570 1768 καὶ
1593 1712 1704 1767 τῶν
1726 1712 1872 1765 ὀδόν-

280 1815 396 1853 των
438 1800 682 1870 ποιότης.
723 1794 1066 1862 Ζαϐουλὼν,
1095 1798 1250 1869 φησὶ,
1283 1795 1576 1866 παράλιος
1601 1793 1872 1860 κατοικήο

281 1900 406 1948 σει,
431 1883 530 1937 καί
563 1883 748 1949 αὐτὸς
777 1883 911 1953 παρ’
944 1881 1128 1951 ὅρμον
1154 1882 1402 1946 πλοίων,
1427 1880 1525 1934 καί
1557 1876 1878 1948 παρατενεῖ

275 1967 400 2032 ἕως
433 1964 710 2032 Σιδῶνος.
749 1967 892 2038 Ὅρα
926 1967 1043 2030 πῶς
1075 1967 1168 2019 καὶ
1201 1964 1376 2035 τούτῳ
1405 1962 1711 2034 προμηνύει
1743 1960 1870 2014 ἔνθα

280 2052 386 2119 τὴν
411 2050 626 2121 οἴκησιν
652 2048 787 2116 ἕξει,
815 2049 909 2102 καλ⁵
937 2049 1019 2102 ὅτι
1051 2047 1213 2119 μέχρι
1237 2047 1464 2111 Σιδῶνος
1487 2044 1870 2116 ἐκταθήσεται.

296 2131 592 2202 Ἰσσάχαρ
643 2132 707 2187 τὸ
744 2132 940 2187 καλὸν
979 2132 1379 2200 ἐπεθύμησεν,
1416 2127 1873 2196 ἀναπαυόμενος

279 2216 409 2270 ἀνὰ
427 2215 622 2286 μέσον
640 2211 762 2268 τῶν
789 2214 1030 2284 κλήρων
1050 2232 1062 2244 ·
1087 2213 1186 2268 καὶ
1213 2213 1355 2268 ίδὼν
1385 2212 1500 2282 τὴν
1526 2209 1873 2266 ἀνάπαυσιν

281 2297 378 2354 ὅτι
426 2300 620 2369 καλὴ,
673 2299 772 2354 καί
811 2299 926 2364 τὴν
954 2298 1073 2370 γῆν
1101 2297 1191 2352 ὅτι
1231 2299 1418 2363 πίων,
1459 2299 1724 2364 ὑπέθηκε
1766 2292 1873 2348 τὸν

279 2378 448 2454 ὦμον
495 2383 684 2439 αὐτοῦ
734 2385 822 2451 είς
865 2383 930 2436 τὸ
987 2381 1227 2448 πονεῖν,
1277 2380 1376 2435 καί
1421 2379 1659 2451 ἐγένετο
1716 2375 1872 2444 ἀνὴρ

281 2468 565 2537 γεωργός.
606 2466 850 2520 Ἐπαινεῖ
869 2464 1077 2531 τοῦτον,
1113 2463 1190 2528 ὡς
1219 2465 1319 2536 τὴν
1351 2464 1452 2534 τῆς
1478 2465 1580 2534 γῆς
1610 2459 1871 2531 ἐργασίαν

281 2549 564 2620 ἑλόμενον,
621 2549 716 2602 καὶ
773 2548 834 2602 τὸ
859 2548 990 2618 περὶ
1044 2547 1143 2618 τὴν
1193 2550 1298 2618 γῆν
1329 2544 1608 2599 πονεῖσθαι
1652 2542 1870 2596 πάντων

283 2631 749 2704 προτετιμηκότα.
785 2630 908 2684 Δὰν
937 2630 1130 2698 κρινεῖ
1151 2629 1260 2683 τόν
1287 2627 1504 2683 ἑαυτοῦ
1531 2627 1703 2693 λαὸν,
1728 2626 1870 2680 ὡσεὶ

282 2714 389 2769 καί
444 2715 555 2784 μία
592 2714 758 2784 φυλὴ
816 2714 887 2767 ἐν
929 2713 1188 2780 Ἰσραήλ.
1235 2711 1345 2765 Καὶ
1399 2710 1700 2781 γενηθήτω
1753 2708 1874 2764 Δὰν

282 2799 428 2869 ὄφις
463 2799 557 2868 ἐφ’
583 2798 748 2865 όδοῦ,
795 2795 1202 2867 ἐγκαθήμενος
1235 2794 1335 2849 ἐπὶ
1374 2795 1596 2863 τρίϐου,
1633 2793 1874 2847 δάκνων

283 2885 557 2951 πτέρναν
577 2883 768 2937 ἵππου
789 2899 803 2912 θ
829 2880 928 2935 καί
949 2880 1217 2935 πεσεῖται
1240 2883 1272 2933 ό
1313 2878 1529 2945 ἱππεὺς
1548 2879 1635 2943 είς
1655 2877 1726 2932 τὰ
1751 2879 1875 2931 όπί-

282 2970 452 3028 σθια,
476 2966 592 3034 τὴν
612 2965 919 3033 σωτηρίαν
957 2963 1288 3032 περιμένων
1315 2959 1560 3029 Κυρίου.
1585 2960 1875 3032 Θαυμάσαι

283 3051 442 3116 ἀξιον
477 3051 572 3103 καὶ
603 3050 947 3120 ἐκπλαγῆναι
980 3049 1070 3101 τὸν
1100 3047 1308 3101 δίκαιον
1338 3044 1553 3110 τοῦτον,
1589 3046 1738 3108 ὅπως
1763 3047 1876 3108 τοῖς

283 3138 385 3192 τοῦ
413 3137 725 3208 πνεύματος
747 3135 1047 3206 ὀφθαλμοῖς
1071 3134 1288 3187 ἅπαντα
1305 3133 1558 3204 προορῶν
1576 3135 1688 3195 τοῖς
1716 3131 1874 3184 παισὶ

285 3223 716 3294 περιεσήμαινε,
737 3221 833 3274 καί
846 3221 913 3274 τὰ
933 3220 1150 3289 ἑκάστῳ
1173 3235 1236 3270 συ
1243 3217 1567 3288 μϐησόμενα
1588 3216 1871 3286 προέλεγε·

284 3307 358 3360 τὰ
390 3307 496 3377 γὰρ
534 3306 674 3378 μετά
711 3305 880 3359 πολὺν
911 3303 1150 3374 ἐσόμενα
1177 3302 1373 3373 χρόνον
1411 3300 1513 3370 ἥδη
1541 3316 1875 3370 προαναφω-

286 3392 398 3443 νεί.
434 3389 582 3453 Γὰδ,
617 3387 1003 3458 πειρατήριον
1033 3386 1410 3454 πειρατεύσει
1434 3384 1624 3458 αὐτόν
1644 3398 1658 3412 ο
1691 3383 1876 3449 αὐτὸς

286 3473 361 3528 δὲ
391 3455 768 3542 πειρατεύσει
800 3455 987 3526 αὗτὸν
1027 3471 1180 3524 κατὰ
1220 3468 1432 3534 πόδας.
1479 3455 1686 3534 Ἀσὴρ,
1723 3465 1878 3520 πίων

286 3558 483 3613 αὑτοῦ
503 3561 535 3611 ό
555 3557 756 3625 ἄρτος,
793 3557 891 3611 καί
920 3555 1104 3620 αὐτὸς
1132 3553 1315 3607 δώσει
1337 3550 1570 3622 τροφὴν
1597 3550 1872 3620 ἄρχουσι.

285 3639 655 3710 Νεφθαλείμ,
689 3642 985 3708 στέλεχος
1007 3635 1346 3706 ἀνειμένον,
1371 3633 1676 3700 ἐπιδιδοὺς
1701 3634 1771 3687 ὲν
1797 3632 1878 3699 τῷ

284 3723 622 3795 τεν-νήματι
673 3723 924 3787 κάλλος.
969 3722 1078 3774 Καὶ
1109 3719 1297 3790 ἐπειδὴ
1341 3721 1399 3772 ἐν
1449 3718 1697 3788 συντόμῳ
1735 3733 1879 3787 παρ-

288 3809 506 3878 έδραμε
544 3807 792 3871 τούτους,
822 3805 1046 3876 ἔρχεται
1076 3803 1262 3857 λοιπὸν
1293 3801 1388 3854 ἐπὶ
1419 3802 1508 3854 τὸν
1542 3799 1761 3869 Ἰωσὴφ,
1786 3798 1880 3853 καί

288 3907 496 3962 φησιν’
539 3889 762 3958 Ἰωσὴφ
780 3889 910 3953 υἱὸς
938 3885 1301 3957 ηὐξημένος,
1333 3882 1622 3950 ζηλωτόςο
1653 3879 1875 3949 Ἰωσὴεο

291 3975 431 4039 υἱὸς
475 3972 841 4042 ηὐξημένος,
881 3972 1010 4037 υίός
1033 3988 1152 4040 μου
1194 3966 1498 4036 νεώτερος.
1559 3964 1879 4032 Ἐπίφθονος

289 4057 550 4127 γέγονας,
582 4055 770 4126 φησὶν,
795 4054 854 4121 ἐξ
881 4053 1057 4107 αὐτῶν
1078 4052 1188 4106 τῶν
1207 4050 1531 4123 προοιμίων.
1557 4049 1650 4112 Εἰς
1673 4048 1732 4102 δν
1767 4048 1879 4101 δια-

292 4139 680 4210 ϐουλευόμενοι
712 4138 1034 4207 ἐλοιδόρουν.
1069 4135 1189 4188 Τῶν
1225 4133 1472 4202 ἀδελφῶν
1495 4133 1594 4204 τὴν
1627 4133 1748 4185 κατ’
1779 4133 1878 4185 αὒ-

288 4223 394 4277 τοῦ
428 4223 754 4293 συμφωνίαν
793 4221 1112 4274 αἰνίττεται.
1147 4221 1256 4272 Καὶ
1295 4219 1431 4288 ὅπερ
1469 4217 1727 4288 ἀνωτέρω
1761 4217 1879 4270 ἕλευ·

291 4326 396 4379 γεν
425 4310 457 4378 ἠ
484 4307 698 4378 Γραφὴ,
727 4307 808 4359 ὅτι
834 4303 1002 4374 ψόγον
1030 4295 1267 4372 πονηρόν
1298 4303 1641 4372 κατήνεγκαν
1684 4300 1880 4370 Ἰωσὴφ

291 4377 454 4462 πρὸς
473 4377 564 4443 τιν
597 4377 812 4459 πατέρα
833 4386 1022 4449 αὐτοῦ,
1049 4384 1208 4438 τοῦτο
1243 4377 1398 4446 οὗτος
1427 4382 1665 4436 ἐνταῦθά
1684 4398 1876 4452 φησιν’

284 4475 398 4540 Εὶς
437 4473 510 4527 ὃν
541 4471 1066 4540 διαϐουλευόμενοι
1103 4466 1473 4534 ἐλοιδόρουν,
1520 4464 1616 4518 καί
1646 4465 1880 4533 ἐνεῐχον

290 4556 461 4622 αὐτῷ
483 4557 672 4624 κύριοι
710 4553 1091 4622 τοξευμάτων
1115 4568 1127 4581 ·
1153 4551 1250 4621 τὴν
1273 4549 1497 4619 φονικὴν
1514 4548 1694 4601 αὐτῶν
1715 4550 1882 4602 αἰνιτ-

290 4643 529 4712 τόμενος
568 4640 814 4710 γνώμην.
853 4638 961 4692 Kal
997 4636 1322 4702 συνετρίϐη
1347 4633 1499 4703 μετὰ
1526 4631 1784 4700 κράτους
1811 4631 1885 4684 τὰ

292 4726 450 4787 τόξα
484 4723 703 4778 αὐτῶν.
738 4725 878 4794 Ὅρα
911 4722 1050 4784 πῶς,
1081 4719 1274 4788 ἐπειδὴ
1304 4715 1422 4770 εἷπε
1450 4717 1518 4770 τὰ
1544 4719 1674 4789 παρ’
1703 4716 1883 4771 αὐτῶν

295 4807 450 4862 κατά
475 4805 572 4859 τοῦ
621 4805 821 4876 Ἰωσὴιρ
857 4803 1224 4872 τολμηθέντα,
1261 4801 1408 4868 λέγει
1453 4801 1548 4853 καὶ
1583 4802 1650 4853 τὰ
1700 4801 1884 4863 αὐτοῖς

293 4890 712 4962 συμϐεϐηκότα.
735 4887 1060 4954 Συνετρίϐη
1075 4884 1204 4956 γὰρ,
1230 4885 1385 4954 φησὶ,
1413 4882 1483 4935 τὰ
1501 4883 1646 4949 τόξα
1663 4882 1879 4946 αὐτῶν,

289 4973 402 5030 καί
435 4975 691 5040 ἐξελύθη
730 4971 803 5026 τὰ
826 4971 1012 5038 νεῦρα
1044 4969 1391 5037 βραχιόνων
1419 4966 1633 5036 χειρῶν
1664 4967 1881 5022 αὐτῶν.

292 5058 470 5114 Αὐτοὶ
506 5058 607 5129 μὲν
648 5057 860 5110 ἀνελεῖν
893 5054 1285 5124 ἐπεχείρησαν,
1323 5049 1418 5104 καὶ
1445 5050 1506 5103 τό
1537 5067 1602 5117 γε
1627 5045 1762 5122 ἧκον
1806 5051 1885 5116 εἰς

293 5141 526 5206 αὐτοὺς,
549 5141 630 5202 εἰς
651 5137 814 5210 ἔργον
841 5136 938 5208 τὴν
969 5135 1197 5205 γνώμην
1226 5132 1494 5204 ἐξήγαγον
1515 5150 1527 5164 ⁶
1547 5132 1684 5186 ἀλλά
1702 5133 1885 5188 καὶτὰ

297 5222 436 5289 τόξα
461 5221 644 5276 αὐτῶν
678 5218 994 5288 συνετρίϐη,
1025 5217 1121 5271 καὶ
1149 5215 1377 5286 ἐξελύθη
1396 5215 1577 5269 αὐτῶν
1600 5215 1671 5269 τὰ
1693 5214 1880 5286 νεῦρα.

301 5307 434 5368 Πῶς
472 5305 582 5377 γὰρ
629 5304 752 5375 οὖχί
785 5303 943 5357 τοῦτο
999 5300 1354 5365 πεπόνθασιν,
1409 5300 1499 5352 ὅτε
1548 5300 1746 5372 ἤκουον
1791 5298 1883 5354 τοῦ

313 5387 516 5460 Ἰωσὴφ
533 5388 811 5457 λέγοντοςο
830 5385 976 5454 Ἐγώ
988 5387 1104 5454 εἰμι
1121 5386 1153 5437 ό
1174 5382 1437 5450 ἀδελφὸς
1458 5380 1624 5451 ὑμῶν
1638 5381 1883 5452 Ἰωσὴφ.

292 5473 376 5529 ὃν
404 5471 705 5527 ἀπέδοσθε
724 5473 813 5536 είς
828 5470 1134 5546 Αιγυπτον
1154 5485 1172 5533 ;
1189 5467 1324 5521 Τότε
1346 5465 1455 5536 γὰρ
1485 5466 1741 5538 μάλιστα,
1763 5467 1886 5520 τότε

296 5554 534 5626 ἐξελύθη
585 5554 767 5609 αὐτῶν
815 5553 886 5607 τὰ
936 5551 1142 5622 νεῦρα,
1204 5549 1307 5604 Διὰ
1355 5547 1524 5618 χεῖρα
1579 5547 1886 5604 δυνάστου

316 5637 552 5697 Ἰακώϐ.
620 5637 878 5693 Ἐκεῖθεν
922 5639 955 5692 ό
1001 5633 1381 5703 κατισχύσας
1427 5633 1677 5702 Ἰσραὴλ
1728 5635 1888 5703 παρὰ

301 5721 459 5778 Θεοῦ
485 5722 592 5776 τοῦ
625 5723 850 5790 πατρός
875 5735 1013 5785 σου,
1050 5717 1148 5771 καί
1182 5713 1478 5784 έϐοήθησέ
1500 5730 1598 5770 σοι
1627 5719 1661 5770 ό
1690 5717 1834 5783 Θεὸς
1855 5720 1888 5771 ό

296 5807 468 5876 ἐμός.
520 5806 578 5858 Ὀ
603 5805 661 5858 δὲ
689 5804 922 5867 ἐκλύσας
954 5800 1134 5856 αὐτῶν
1172 5800 1241 5854 τὰ
1278 5798 1466 5871 νεῦρα,
1506 5799 1692 5871 φησὶν,
1739 5803 1768 5854 ό
1797 5801 1889 5854 δυ-

300 5890 512 5959 νάστης
537 5889 706 5941 ἐστίν.
740 5888 908 5950 Αὐτὸς
931 5886 1039 5957 γὰρ
1061 5883 1326 5955 ἐϐοήθησέ
1357 5899 1438 5938 σοι
1466 5885 1494 5937 ὁ
1516 5883 1645 5948 Θεὸς
1677 5885 1705 5937 ό
1726 5886 1879 5954 ἐμός.

306 5971 449 6046 Ὅρα
475 5971 568 6026 τοῦ
594 5971 806 6024 δικαίου
839 5970 899 6022 τὸ
929 5971 1149 6040 γνήσιον
1173 5966 1301 6039 περὶ
1335 5967 1424 6022 τὸν
1455 5965 1732 6038 Δεσπότην
1765 5966 1883 6036 φίλα

642 6065 913 6123 ΡΑτιιοι..
947 6064 1064 6123 Gn.
1104 6060 1263 6122 LIV.

1261 350 1325 405 lN
1362 351 1515 405 CAP.
1551 347 1713 404 XLIX
1753 345 1999 403 GENES.
2042 345 2273 402 HOMIL.
2316 343 2522 402 LXVII.

3437 350 3546 409 578'

1968 489 2118 544 τρον,
2153 475 2302 538 ὅπως
2339 475 2429 528 τὸν
2468 474 2567 543 τῆς
2605 470 2926 541 οἰκουμένης
2949 470 3224 540 Δεσπότην
3245 469 3411 524 αὐτοῦ
3439 470 3539 543 μό⁴

1969 572 2063 608 νου
2103 555 2248 624 λέγει
2282 553 2418 610 εἶναι
2447 555 2604 618 Θεὸν,
2649 553 2769 624 οὐχὶ
2796 552 3099 620 συγκλείων
3136 551 3301 605 αὐτοῦ
3331 553 3428 625 τὴν
3454 555 3543 608 δε-

1974 639 2254 701 σποτείαν,
2284 638 2437 711 [640]
2464 638 2585 692 οὐδὲ
2613 635 2934 706 ἀποστερῶν
2974 636 3130 690 αὐτὸν
3167 636 3267 706 τῆς
3295 634 3543 704 ἐξουσίας

1972 721 2073 792 τῆς
2111 723 2460 792 οἰκουμένης,
2504 721 2643 774 ἀλλὰ
2675 720 2766 774 τὸν
2804 721 3006 773 οἰκεῖον
3047 720 3328 790 ἐμφαίνων
3355 720 3542 775 πόθον.

1975 803 2082 858 Kal
2109 805 2411 875 εὐλόγησέ
2451 818 2526 858 σε
2572 803 2856 873 εὐλογίαν
2885 802 3148 871 οὐρανοῦ
3179 803 3427 858 ἄνωθεν.
3468 805 3544 856 οὐ

1971 887 2155 958 μόνον,
2204 890 2391 960 φησὶν,
2438 888 2756 959 ἐϐοήθησεν,
2799 885 2936 940 ἀλλὰ
2975 887 3068 938 καὶ
3104 887 3426 955 Εὺλόγησέ
3469 903 3547 940 σε

1969 972 2257 1041 εὐλογίαν
2301 971 2413 1042 γῆς
2448 971 2714 1042 ἐχούσης
2747 967 2964 1032 πάντα,
3007 968 3218 1023 ἕνεκεν
3265 970 3548 1040 εὐλογίας

1966 1053 2218 1124 μαστῶν
2241 1056 2342 1110 καὶ
2363 1055 2617 1124 μήτρας,
2631 1054 2917 1122 εὐλογίας
2937 1053 3161 1120 πατρός
3179 1068 3294 1108 σου
3318 1053 3419 1107 καὶ
3430 1069 3547 1124 μη.

1969 1137 2108 1205 τρός
2129 1153 2264 1192 σου.
2306 1135 2748 1206 ’Υπερίσχυσεν
2777 1135 2868 1189 ἐπ’
2901 1135 3205 1204 εὐλογίαις
3237 1134 3422 1204 ὀρέων
3441 1154 3550 1205 μο-

1971 1219 2180 1288 νίμων,
2215 1220 2312 1274 καὶ
2342 1219 2681 1288 ἐπιθυμίαις
2714 1215 2893 1272 θινῶν
2931 1218 3205 1271 αἰωνίων.
3237 1217 3348 1289 Τὴν
3390 1217 3550 1282 δόξαν

1973 1302 2068 1355 καὶ
2099 1302 2199 1374 τὴν
2229 1302 2590 1374 περιφάνειαν
2613 1299 2848 1356 ἐνταῦθα
2878 1300 3174 1354 αἰνίττεται
3205 1302 3300 1354 καί
3325 1301 3424 1373 τὴν
3449 1301 3548 1373 βα-

1973 1384 2181 1438 σιλείαν
2219 1385 2320 1456 τῆς
2338 1385 2639 1454 Αἰγύπτου,
2669 1383 2761 1437 διὰ
2793 1382 2900 1436 τῶν
2927 1384 3100 1454 ὀρέων
3133 1383 3226 1436 καὶ
3255 1385 3364 1436 τῶν
3387 1383 3549 1438 θινῶν

1969 1466 2034 1519 τὸ
2063 1466 2265 1538 ὑψηλόν
2283 1486 2342 1521 τε
2365 1469 2459 1522 καὶ
2488 1465 2708 1538 ἰσχυρὸν
2728 1465 3030 1541 ἐμφαίνων,
3062 1464 3137 1529 ὼς
3157 1467 3250 1521 καὶ
3282 1469 3361 1529 είς
3381 1466 3550 1537 αὐτὴν

1967 1549 2070 1620 τὴν
2097 1551 2360 1606 ἀνωτάτω
2401 1552 2647 1622 κορυφὴν
2675 1553 2777 1621 τῆς
2804 1551 2980 1622 ἀρχῆς
3009 1550 3390 1620 ἀνενεχθῆναι.
3431 1548 3552 1606 Αὖ-

1971 1649 2086 1696 ται,
2110 1635 2299 1704 φησὶν,
2330 1637 2389 1688 αί
2416 1635 2686 1704 εὐλογίαι
2717 1633 2818 1686 ἐπὶ
2856 1629 2970 1700 τὴν
2997 1633 3276 1701 κεφαλὴν
3307 1632 3555 1688 ἔσονται

1984 1715 2228 1785 Ἰωσὴφ,
2256 1717 2355 1771 καὶ
2384 1716 2485 1770 ἐπὶ
2515 1714 2787 1785 κορυφῆς
2816 1710 2906 1770 ὧν
2943 1715 3218 1783 ἡγήσατο
3247 1714 3550 1785 ἀδελφῶν.

1969 1792 2164 1863 Ᾱῦται,
2195 1801 2382 1870 φησὶν,
2409 1801 2470 1853 αἱ
2498 1798 2746 1868 εὐλογίαι
2778 1798 2874 1851 ἐπὶ
2914 1798 3012 1868 τὴν
3055 1798 3300 1870 κεφαλὴν
3336 1799 3553 1852 ἔσονται

1969 1881 2069 1951 τὴν
2106 1883 2222 1953 σήν.
2257 1883 2540 1952 Βενιαμὶν
2579 1883 2766 1948 λύκος
2789 1881 2990 1950 ἅρπαξ
2998 1920 3012 1944 ,
3040 1880 3104 1935 τὸ
3132 1881 3395 1950 πρωῒνὸν
3423 1881 3550 1934 ἐδε-

1973 1982 2088 2028 ται,
2117 1965 2212 2019 καί
2244 1968 2333 2030 είς
2369 1965 2439 2020 τὸ
2467 1965 2731 2034 ἑσπέρας
2749 1964 3029 2018 διαδώσει
3055 1963 3306 2033 τροφήν.
3338 1964 3448 2018 Καὶ
3474 1967 3556 2017 ἐνυ

1971 2048 2148 2102 ταῦθα
2177 2046 2485 2119 προμηνύει
2515 2047 2666 2119 αὐτῷ
2692 2047 2762 2101 τὰ
2786 2047 2923 2118 μετά
2948 2048 3145 2120 μικρὸν
3170 2049 3406 2118 ἐσόμενα
3428 2050 3555 2120 χρό-

1973 2147 2082 2196 νον,
2112 2131 2208 2183 καὶ
2230 2132 2332 2196 ὃτι,
2372 2130 2624 2202 καθάπερ
2651 2129 2834 2196 λύκος,
2853 2123 3008 2194 οὗτος
3037 2130 3357 2202 ἐπιϐήσεται
3379 2132 3556 2204 ἁρπά-
3645 2135 3651 2143 ’

1975 2213 2103 2279 ζων,
2141 2213 2405 2284 ἀναιρῶν,
2437 2213 2531 2267 καὶ
2553 2213 2724 2285 μυρία
2759 2214 2903 2268 κακά
2931 2213 3213 2278 διατιθείς.
3259 2215 3481 2286 Ἐπειδὴ
3495 2214 3555 2269 δὲ

1978 2299 2110 2350 πᾶσι
2158 2300 2272 2361 τοῖς
2300 2298 2438 2362 υίοίς
2477 2297 2850 2368 καταλλήλους
2878 2297 2979 2361 τὰς
3024 2297 3274 2368 εὐλογίας
3305 2301 3554 2370 προεμή-

1975 2396 2127 2445 νυσε,
2147 2379 2254 2434 Καὶ
2281 2381 2606 2449 εὐλόγησε,
2639 2383 2826 2451 φησὶν,
2847 2379 3113 2434 ἕκαστον
3141 2383 3290 2435 κατὰ
3312 2381 3428 2449 τὴν
3450 2384 3555 2437 εὐ-

1971 2463 2186 2532 λογίαν
2227 2463 2438 2527 αὐτοῦ,
2474 2462 2555 2531 ἣν
2590 2465 2931 2532 εὐλόγησεν
2968 2465 3193 2530 αὐτούς
3217 2478 3232 2494 ·
3280 2465 3403 2518 ἀντὶ
3435 2464 3550 2528 τοῦ,

1972 2543 2118 2616 ἅπερ
2146 2546 2309 2617 ἐχρῆν
2330 2545 2546 2618 ἑκάστῳ
2576 2547 2943 2618 προεμήνυσε,
2973 2547 3067 2600 καὶ
3097 2547 3167 2600 τά
3189 2547 3275 2616 ἐφ’
3310 2547 3552 2620 ἑκάστης

1975 2627 2151 2701 φυλῆς
2186 2629 2578 2700 συμϐησόμενα
2629 2629 3086 2702 προανεφώνησεν
3108 2645 3122 2661 ο
3160 2632 3349 2704 ἐπειδὴ
3376 2633 3556 2688 διετά-

1975 2715 2104 2780 ξατο
2141 2715 2209 2767 τά
2253 2713 2358 2766 ὑπὸ
2395 2713 2487 2766 τοῦ
2541 2713 2856 2782 Πνεύματος
2903 2713 3052 2786 αύτῷ
3108 2716 3551 2787 προμηνυθέντα,

1928 2837 1935 2843 .
1976 2798 2110 2868 φησὶ
2158 2795 2295 2866 πρὸς
2341 2796 2568 2860 αὐτούς·
2625 2795 2775 2866 Ἐγὼ
2815 2797 3200 2866 προστίθεμαι
3255 2800 3407 2868 πρὸς
3446 2800 3556 2855 τὸν

1973 2881 2122 2950 ἐμόν
2151 2880 2324 2942 λαὸν,
2358 2881 2455 2933 καὶ
2484 2879 2704 2948 θάψετέ
2717 2897 2794 2949 με
2809 2880 2960 2948 μετὰ
2983 2879 3101 2934 τῶν
3129 2882 3402 2950 πατέρων
3409 2900 3553 2952 μου.

2045 2963 2107 3016 δ’.
2133 2963 2275 3034 Ὅρα
2296 2962 2414 3026 πῶς
2445 2963 2531 3016 διὰ
2547 2962 2647 3027 τῆς
2664 2963 3014 3035 ἐπισκήψεως
3048 2965 3252 3036 ταύτης
3292 2967 3556 3038 μεγίστην

1977 3047 2162 3110 αὐτοῖς
2187 3046 2543 3118 παραμυθίαν
2571 3046 2876 3117 χαρίζεται.
2920 3047 3194 3102 Ἐνενόουν
3211 3048 3339 3120 γὰρ,
3356 3050 3557 3106 ὅτιούκ

1975 3134 2042 3188 ἂν
2067 3135 2094 3186 ό
2116 3133 2321 3197 δίκαιος
2346 3133 2505 3186 τοῦτο
2527 3133 2881 3198 διεστείλατο,
2903 3134 3047 3206 εἰμὴ
3075 3135 3293 3201 πάντως
3317 3137 3435 3208 ᾔδει
3457 3139 3554 3211 τὴν

1976 3217 2160 3272 ἄνοδον
2189 3216 2369 3269 αὐτῶν
2397 3217 2682 3286 ἐσομένην,
2722 3216 2814 3269 καὶ
2841 3219 2939 3288 τῆς
2967 3217 3212 3282 δουλείας
3244 3221 3342 3292 τῆς
3370 3223 3428 3275 ἐν
3458 3223 3556 3277 Αἰ·-

1975 3300 2171 3371 γύπτῳ
2215 3298 2314 3370 τὴν
2356 3298 2697 3370 ἀπαλλαγήν.
2741 3295 2874 3352 Εἶτα
2907 3300 3121 3354 καὶτὸν
3160 3303 3323 3358 τόπον
3368 3304 3514 3374 λέγει
3538 3326 3551 3338 ·

1990 3385 2086 3437 Ἐν
2135 3383 2216 3449 τῷ
2265 3383 2568 3452 σπηλαίῳ,
2626 3383 2810 3453 φησὶν,
2865 3381 2900 3436 ὅ
2949 3384 3120 3438 ἐστιν
3161 3387 3233 3440 ἑν
3275 3386 3357 3453 τῷ
3397 3389 3556 3459 ἀγγνῷ

1989 3467 2214 3535 Ἐρρὼν
2267 3468 2372 3522 τοῦ
2437 3468 2740 3520 Χετταίου.
2783 3467 2891 3520 Καὶ
2943 3467 3131 3521 ταῦτα
3175 3470 3360 3524 εἰπὼν
3415 3489 3556 3526 κατ-

1975 3548 2227 3612 έπαυσε,
2265 3551 2449 3621 φησὶν,
2472 3547 2820 3603 ἐπιτάσσων
2843 3549 2986 3613 ’τοῖς
3021 3550 3176 3616 υίοῖς
3204 3553 3412 3607 αὑτοῦ.
3445 3555 3556 3610 Καὶ

1977 3632 2200 3700 ἐξάρας
2240 3633 2442 3686 Ἰακὼϐ
2458 3631 2598 3697 τοὺς
2627 3631 2820 3698 πόδας
2846 3632 3032 3686 αὐτοῦ
3054 3633 3151 3686 ἐπὶ
3179 3635 3292 3703 τὴν
3313 3638 3554 3706 κλίνην,

1978 3715 2244 3780 ἐξέλιπε,
2261 3716 2360 3769 καὶ
2382 3714 2715 3784 προσετέθη
2738 3717 2887 3783 πρὸς
2906 3714 3011 3768 τὸν
3026 3715 3179 3770 λαὸν
3191 3720 3396 3774 αὐτοῦ.
3416 3721 3559 3791 Ὅρα

1981 3799 2081 3852 καὶ
2110 3798 2210 3868 τὴν
2241 3799 2500 3869 τελευτὴν
2547 3797 2643 3850 τοῦ
2681 3798 2892 3851 δικαίου
2927 3798 3121 3852 πολλοῦ
3160 3801 3434 3872 θαύματος
3467 3805 3558 3872 γέ-

1987 3899 2215 3952 μουσαν.
2247 3881 2654 3950 Διαταξάμενος
2685 3882 2811 3950 γὰρ,
2843 3883 2996 3952 φησὶ,
3022 3885 3133 3946 τοῖς
3157 3885 3344 3940 παισὶν
3367 3887 3556 3950 αὑτοῦ,

1995 3966 2228 4035 Ἐξάρας
2272 3966 2397 4028 τοὺς
2439 3965 2603 4026 πόδας
2653 3965 2746 4016 ἐπὶ
2785 3964 2882 4034 τὴν
2931 3965 3138 4036 κλίνην,
3197 3966 3384 4039 ὥσπερ
3438 3972 3557 4041 μεθ’

1981 4052 2178 4123 ἡδονῆς
2194 4051 2253 4104 τὸ
2268 4053 2499 4124 πρᾶγμα
2519 4051 2965 4122 καταδεχόμενος.
2981 4053 3138 4107 Οὕτω
3155 4056 3291 4125 μετὰ
3309 4057 3368 4110 τὸ
3382 4058 3558 4112 πάντα

1983 4133 2360 4200 διατάξασθαι,
2394 4135 2540 4200 Τοὺς
2558 4135 2748 4200 πόδας
2765 4135 3005 4204 ἐξάρας,
3030 4137 3151 4192 ἀντὶ
3171 4137 3285 4204 τοῦ,
3309 4140 3561 4209 ἐφαπλώο

1985 4236 2104 4284 σας,
2135 4220 2168 4289 ἢ
2191 4218 2397 4283 τείνας,
2419 4219 2493 4282 ὡς
2517 4219 2581 4273 ἂν
2613 4220 2757 4273 εἴποι
2783 4237 2885 4284 τις,
2924 4220 3218 4286 Ἑξέλιπε,
3247 4223 3402 4277 τοῦτό
3417 4227 3557 4287 ἐστι,

1983 4301 2248 4355 κατέλυσε
2287 4301 2387 4372 τὴν
2422 4301 2586 4372 ζωὴν,
2617 4302 2729 4356 Καὶ
2756 4303 3089 4372 προσετέθη
3110 4305 3259 4374 πρὸς
3278 4307 3386 4360 τόν
3409 4309 3561 4361 λαὸν

1981 4385 2190 4440 αὐτοῦ.
2225 4385 2334 4438 Kal
2359 4384 2690 4450 ἐπιπεσὼν,
2741 4388 2927 4456 φησὶν,
2971 4387 3190 4456 Ἰωσὴφ
3243 4389 3339 4441 ἐπὶ
3375 4393 3561 4457 πρόσ-
3674 4435 3677 4437 ,

1983 4486 2148 4523 ωπον
2169 4469 2275 4523 τοῦ
2314 4469 2539 4538 πατρὸς
2566 4470 2774 4533 αὑτοῦ,
2809 4471 3112 4525 ἔκλαυσεν
3137 4471 3230 4523 ἐπ’
3257 4471 3434 4538 αὐτῷ,
3462 4475 3562 4528 καί

1985 4553 2393 4622 κατεφίλησεν
2411 4553 2616 4606 αὐτόν.
2651 4548 2807 4615 Εἶδες
2831 4552 3018 4616 παιδὸς
3043 4553 3456 4625 φιλοστοργίαν;
3485 4554 3563 4610 εἷ-

1982 4636 2071 4698 δες
2106 4634 2512 4704 πεπυρωμένην
2542 4634 2800 4704 ἁγάπην;
2827 4635 2937 4688 Καὶ
2963 4634 3105 4704 μετά
3126 4635 3225 4706 τὴν
3255 4637 3354 4707 τῆς
3384 4639 3564 4710 ψυχῆς

1983 4719 2336 4789 ἀναχώρησιν
2378 4716 2718 4772 Ἐπιπεσὼν
2741 4717 2841 4770 ἐπὶ
2872 4718 2940 4772 τὸ
2961 4719 3309 4787 πρόσωπον,
3332 4723 3430 4775 καὶ
3457 4740 3565 4778 κα-

1985 4801 2344 4872 ταφιλήσας,
2377 4802 2680 4854 ἔκλαυσεν
2715 4800 2807 4853 ἐπ’
2841 4800 3020 4866 αὐτῷ.
3055 4804 3166 4857 Καὶ
3186 4805 3379 4860 τούτου
3406 4824 3566 4876 γενο⁴

1989 4887 2152 4958 μένου
2193 4884 2393 4954 Ἰωσὴφ
2433 4883 2499 4936 τὰ
2537 4883 2689 4954 παρὰ
2723 4884 2818 4937 τοῦ
2867 4885 3074 4956 πατρὸς
3113 4888 3438 4944 ἐνταλθέντα
3486 4893 3568 4953 εἰς

1985 4971 2146 5041 ἔργον
2162 4967 2347 5020 λοιπὸν
2365 4966 2696 5030 ἐσπούδαζεν
2713 4967 2964 5036 ἀγαγεῖν.
2987 4969 3135 5034 Τέως
3148 4971 3204 5025 δὲ
3226 4973 3567 5040 Προσέταξε

1987 5053 2110 5116 τοῖς
2138 5048 2566 5119 ένταφιασταῖς
2585 5049 2945 5120 ἐνταφιάσαι
2967 5052 3075 5106 τὸν
3103 5055 3327 5123 πατέρα
3356 5055 3560 5109 αὐτοῦ.

1988 5136 2096 5191 Kal
2122 5134 2305 5199 αὐτὸς
2325 5131 2443 5200 μὲν
2464 5134 2924 5203 τεσσαράκοντα
2948 5137 3171 5206 ἡμέρας
3193 5138 3299 5204 τὰς
3326 5136 3437 5205 τῆς
3467 5155 3567 5191 τα-

1988 5217 2130 5290 φῆς,
2167 5218 2207 5286 ἠ
2260 5216 2328 5270 δὲ
2357 5216 2660 5286 Αἴγυπτος
2684 5217 3092 5287 ἐϐδομήκοντα
3122 5219 3348 5287 ἡμέρας
3379 5219 3568 5274 αὐτὸν

1987 5299 2307 5366 ἐπένθησε.
2340 5300 2452 5352 Καὶ
2472 5300 2660 5371 ἐπειδὴ
2687 5299 2756 5352 τὰ
2781 5300 3144 5370 νενομισμένα
3164 5301 3380 5356 ἅπαντα
3409 5302 3568 5370 γεγέ‹

1991 5401 2173 5454 νηται,
2192 5383 2377 5436 λοιπὸν
2402 5382 2657 5452 γνωρίζει
2677 5381 2756 5452 τῷ
2782 5381 2982 5454 Φαραὼ
3007 5383 3100 5436 καὶ
3125 5386 3238 5446 τοῖς
3266 5386 3384 5454 μετ’
3403 5385 3566 5439 αὐτοῦ

1988 5469 2057 5523 τὰ
2079 5466 2184 5521 ὑπὸ
2200 5466 2295 5520 τοῦ
2326 5465 2530 5538 πατρὸς
2559 5465 2939 5532 κελευσθέντα,
2966 5467 3059 5520 καί
3082 5485 3246 5538 φησιν
3266 5484 3279 5499 ⁸
3301 5469 3568 5536 Ὥρκωσε

1984 5568 2061 5622 με
2092 5552 2124 5604 ό
2147 5548 2342 5617 πατήρ
2368 5566 2508 5618 μου.
2544 5545 2694 5620 [641]
2717 5547 2912 5617 λέγων
2931 5565 2944 5580 ο
2990 5550 3086 5603 Ἐν
3111 5547 3193 5615 τῷ
3212 5551 3500 5621 μνημείῳ,

1989 5634 2150 5704 ὤρυξ
2153 5652 2192 5688 α
2216 5629 2446 5702 ἐμαυτῷ
2467 5631 2536 5686 ἐν
2557 5631 2634 5700 τῇ
2653 5632 2915 5698 Χαναὰν,
2937 5633 3067 5688 ἐκεῖ
3079 5651 3159 5703 με
3177 5635 3410 5704 θάψεις.
3441 5635 3523 5689 Ni
3533 5651 3568 5687 ν

1992 5714 2106 5773 οὖν
2137 5715 2486 5781 συναναϐὰς
2509 5715 2679 5784 θάψω
2701 5717 2807 5772 τὸν
2833 5719 3062 5788 πατέρα
3080 5736 3222 5788 μου,
3255 5719 3351 5772 καί
3383 5720 3570 5772 ἐπιαν-

1995 5802 2340 5869 ελεύσομαι.
2390 5800 2674 5872 Προσῆκόν
2721 5803 2859 5864 ἐστι,
2908 5803 3064 5872 φησὶ,
3119 5801 3186 5855 τὰ
3233 5803 3360 5872 παρ’
3403 5801 3566 5854 αὑτοῦ

1993 5883 2318 5952 διαταγέντα
2343 5882 2707 5954 πληρωθῆναι
2734 5886 2862 5956 παρ’
2907 5884 3064 5954 ἐμοῦ.
3107 5886 3348 5956 Ποιήσας
3379 5880 3473 5937 οῦν
3503 5882 3572 5936 τὰ

1995 5965 2224 6030 δόξαντα
2268 5967 2438 6036 αὐτῷ,
2487 5967 2944 6038 ἐπανελεύσομαι.
2985 5968 3169 6021 Ταῦτα
3204 5968 3439 6026 ἀκούσας
3479 5967 3561 6015 ἐπα

3147 6063 3222 6119 13
