  <div class='ocr_page' id='page_1' title='image "/cluster/home/n/w/nwhite01/storage/ocr_20150623/54:no.4:pt.2/coo.31924054869544/206.png"; bbox 0 0 3964 6442; ppageno 0'>
   <div class='ocr_carea' id='block_1_1' title="bbox 288 361 403 419">
    <p class='ocr_par' dir='ltr' id='par_1_1' title="bbox 288 361 403 419">
     <span class='ocr_line' id='line_1_1' title="bbox 288 361 403 419; baseline 0.026 -3"><span class='ocrx_word' id='word_1_1' title='bbox 288 361 403 419; x_wconf 72' lang='grc'><strong><em>577</em></strong></span> 
     </span>
    </p>
   </div>
   <div class='ocr_carea' id='block_1_2' title="bbox 239 450 1859 539">
    <p class='ocr_par' dir='ltr' id='par_1_2' title="bbox 239 450 1859 539">
     <span class='ocr_line' id='line_1_2' title="bbox 239 450 1859 539; baseline -0.008 -9"><span class='ocrx_word' id='word_1_2' title='bbox 239 450 458 539; x_wconf 39' lang='lat' dir='ltr'><strong><em>iderunt</em></strong></span> <span class='ocrx_word' id='word_1_3' title='bbox 484 489 598 525; x_wconf 85' lang='lat' dir='ltr'><strong><em>cum</em></strong></span> <span class='ocrx_word' id='word_1_4' title='bbox 636 487 695 526; x_wconf 90' lang='lat' dir='ltr'><strong><em>eo</em></strong></span> <span class='ocrx_word' id='word_1_5' title='bbox 736 487 907 526; x_wconf 87' lang='lat' dir='ltr'><strong><em>omnes</em></strong></span> <span class='ocrx_word' id='word_1_6' title='bbox 953 471 1080 524; x_wconf 88' lang='lat' dir='ltr'><strong><em>servi</em></strong></span> <span class='ocrx_word' id='word_1_7' title='bbox 1125 468 1435 522; x_wconf 75' lang='lat' dir='ltr'><strong><em>Pharaonis.</em></strong></span> <span class='ocrx_word' id='word_1_8' title='bbox 1468 467 1520 521; x_wconf 92' lang='lat'><strong>8.</strong></span> <span class='ocrx_word' id='word_1_9' title='bbox 1566 463 1632 519; x_wconf 79' lang='lat' dir='ltr'><strong><em>Et</em></strong></span> <span class='ocrx_word' id='word_1_10' title='bbox 1668 480 1859 534; x_wconf 84' lang='lat' dir='ltr'><strong><em>cogna-</em></strong></span> 
     </span>
    </p>
   </div>
   <div class='ocr_carea' id='block_1_3' title="bbox 268 559 1861 633">
    <p class='ocr_par' dir='ltr' id='par_1_3' title="bbox 268 559 1861 633">
     <span class='ocr_line' id='line_1_3' title="bbox 268 559 1861 633; baseline -0.004 -18"><span class='ocrx_word' id='word_1_11' title='bbox 268 564 459 618; x_wconf 87' lang='lat' dir='ltr'><strong><em>tionem</em></strong></span> <span class='ocrx_word' id='word_1_12' title='bbox 484 605 500 628; x_wconf 94' lang='lat'><strong><em>,</em></strong></span> <span class='ocrx_word' id='word_1_13' title='bbox 530 574 575 619; x_wconf 90' lang='lat' dir='ltr'><strong><em>et</em></strong></span> <span class='ocrx_word' id='word_1_14' title='bbox 603 565 750 618; x_wconf 87' lang='lat' dir='ltr'><strong><em>boves</em></strong></span> <span class='ocrx_word' id='word_1_15' title='bbox 778 574 823 619; x_wconf 89' lang='lat' dir='ltr'><strong><em>et</em></strong></span> <span class='ocrx_word' id='word_1_16' title='bbox 855 581 965 617; x_wconf 86' lang='lat' dir='ltr'><strong><em>oves</em></strong></span> <span class='ocrx_word' id='word_1_17' title='bbox 990 563 1295 633; x_wconf 88' lang='lat' dir='ltr'><strong><em>reliquerunt</em></strong></span> <span class='ocrx_word' id='word_1_18' title='bbox 1311 602 1327 627; x_wconf 90' lang='lat'><strong><em>,</em></strong></span> <span class='ocrx_word' id='word_1_19' title='bbox 1360 561 1413 617; x_wconf 87' lang='lat'><strong><em>9.</em></strong></span> <span class='ocrx_word' id='word_1_20' title='bbox 1444 570 1489 615; x_wconf 90' lang='lat' dir='ltr'><strong><em>et</em></strong></span> <span class='ocrx_word' id='word_1_21' title='bbox 1510 559 1659 613; x_wconf 91' lang='lat' dir='ltr'><strong><em>simul</em></strong></span> <span class='ocrx_word' id='word_1_22' title='bbox 1685 573 1861 611; x_wconf 85' lang='lat' dir='ltr'><strong><em>ascen-</em></strong></span> 
     </span>
    </p>
   </div>
   <div class='ocr_carea' id='block_1_4' title="bbox 268 652 1866 723">
    <p class='ocr_par' dir='ltr' id='par_1_4' title="bbox 268 652 1866 723">
     <span class='ocr_line' id='line_1_4' title="bbox 268 652 1866 723; baseline -0.004 -17"><span class='ocrx_word' id='word_1_23' title='bbox 268 655 454 709; x_wconf 62' lang='lat' dir='ltr'><strong><em>derunt</em></strong></span> <span class='ocrx_word' id='word_1_24' title='bbox 478 671 596 708; x_wconf 88' lang='lat' dir='ltr'><strong><em>cum</em></strong></span> <span class='ocrx_word' id='word_1_25' title='bbox 637 672 696 709; x_wconf 87' lang='lat' dir='ltr'><strong><em>eo</em></strong></span> <span class='ocrx_word' id='word_1_26' title='bbox 733 672 913 709; x_wconf 88' lang='lat' dir='ltr'><strong><em>currus</em></strong></span> <span class='ocrx_word' id='word_1_27' title='bbox 953 664 998 708; x_wconf 90' lang='lat' dir='ltr'><strong><em>et</em></strong></span> <span class='ocrx_word' id='word_1_28' title='bbox 1021 656 1244 723; x_wconf 79' lang='lat' dir='ltr'><strong><em>equites,</em></strong></span> <span class='ocrx_word' id='word_1_29' title='bbox 1292 662 1337 706; x_wconf 90' lang='lat' dir='ltr'><strong><em>et</em></strong></span> <span class='ocrx_word' id='word_1_30' title='bbox 1368 652 1502 722; x_wconf 87' lang='lat' dir='ltr'><strong><em>facta</em></strong></span> <span class='ocrx_word' id='word_1_31' title='bbox 1539 660 1657 705; x_wconf 90' lang='lat' dir='ltr'><strong><em>sunt</em></strong></span> <span class='ocrx_word' id='word_1_32' title='bbox 1699 659 1866 703; x_wconf 88' lang='lat' dir='ltr'><strong><em>castra</em></strong></span> 
     </span>
    </p>
   </div>
   <div class='ocr_carea' id='block_1_5' title="bbox 268 740 1867 817">
    <p class='ocr_par' dir='ltr' id='par_1_5' title="bbox 268 740 1867 817">
     <span class='ocr_line' id='line_1_5' title="bbox 268 740 1867 817; baseline 0 -20"><span class='ocrx_word' id='word_1_33' title='bbox 268 762 461 816; x_wconf 77' lang='lat' dir='ltr'><strong><em>magna</em></strong></span> <span class='ocrx_word' id='word_1_34' title='bbox 487 747 650 800; x_wconf 81' lang='lat' dir='ltr'><strong><em>valde.</em></strong></span> <span class='ocrx_word' id='word_1_35' title='bbox 682 747 815 801; x_wconf 76' lang='lat' dir='ltr'><strong><em>Vide</em></strong></span> <span class='ocrx_word' id='word_1_36' title='bbox 837 758 1091 817; x_wconf 88' lang='lat' dir='ltr'><strong><em>quantum</em></strong></span> <span class='ocrx_word' id='word_1_37' title='bbox 1130 746 1360 800; x_wconf 83' lang='lat' dir='ltr'><strong><em>officium</em></strong></span> <span class='ocrx_word' id='word_1_38' title='bbox 1386 743 1664 798; x_wconf 76' lang='lat' dir='ltr'><strong><em>declarent</em></strong></span> <span class='ocrx_word' id='word_1_39' title='bbox 1700 740 1867 812; x_wconf 65' lang='lat' dir='ltr'><strong><em>Egy-</em></strong></span> 
     </span>
    </p>
   </div>
   <div class='ocr_carea' id='block_1_6' title="bbox 267 833 1865 908">
    <p class='ocr_par' dir='ltr' id='par_1_6' title="bbox 267 833 1865 908">
     <span class='ocr_line' id='line_1_6' title="bbox 267 833 1865 908; baseline -0.003 -18"><span class='ocrx_word' id='word_1_40' title='bbox 267 838 366 904; x_wconf 80' lang='lat' dir='ltr'><strong><em>ptii</em></strong></span> <span class='ocrx_word' id='word_1_41' title='bbox 398 839 449 891; x_wconf 92' lang='lat' dir='ltr'><strong><em>in</em></strong></span> <span class='ocrx_word' id='word_1_42' title='bbox 478 838 735 893; x_wconf 87' lang='lat' dir='ltr'><strong><em>honorem</em></strong></span> <span class='ocrx_word' id='word_1_43' title='bbox 765 838 986 908; x_wconf 81' lang='lat' dir='ltr'><strong><em>Joseph,</em></strong></span> <span class='ocrx_word' id='word_1_44' title='bbox 1015 846 1069 892; x_wconf 90' lang='lat' dir='ltr'><strong><em>et</em></strong></span> <span class='ocrx_word' id='word_1_45' title='bbox 1096 845 1355 892; x_wconf 82' lang='lat' dir='ltr'><strong><em>venerunt</em></strong></span> <span class='ocrx_word' id='word_1_46' title='bbox 1378 851 1499 889; x_wconf 90' lang='lat' dir='ltr'><strong><em>cum</em></strong></span> <span class='ocrx_word' id='word_1_47' title='bbox 1527 834 1723 903; x_wconf 84' lang='lat' dir='ltr'><strong><em>Joseph</em></strong></span> <span class='ocrx_word' id='word_1_48' title='bbox 1746 875 1760 899; x_wconf 92' lang='lat'><strong><em>,</em></strong></span> <span class='ocrx_word' id='word_1_49' title='bbox 1794 833 1865 886; x_wconf 89' lang='lat' dir='ltr'><strong><em>ita</em></strong></span> 
     </span>
    </p>
   </div>
   <div class='ocr_carea' id='block_1_7' title="bbox 267 925 1866 999">
    <p class='ocr_par' dir='ltr' id='par_1_7' title="bbox 267 925 1866 999">
     <span class='ocr_line' id='line_1_7' title="bbox 267 925 1866 999; baseline -0.004 -16"><span class='ocrx_word' id='word_1_50' title='bbox 267 939 329 984; x_wconf 90' lang='lat' dir='ltr'><strong><em>ut</em></strong></span> <span class='ocrx_word' id='word_1_51' title='bbox 364 930 553 983; x_wconf 84' lang='lat' dir='ltr'><strong><em>tierent</em></strong></span> <span class='ocrx_word' id='word_1_52' title='bbox 581 938 756 983; x_wconf 88' lang='lat' dir='ltr'><strong><em>castra</em></strong></span> <span class='ocrx_word' id='word_1_53' title='bbox 784 945 995 999; x_wconf 86' lang='lat' dir='ltr'><strong><em>magna.</em></strong></span> <span class='ocrx_word' id='word_1_54' title='bbox 1035 930 1121 984; x_wconf 90' lang='grc'><strong>10.</strong></span> <span class='ocrx_word' id='word_1_55' title='bbox 1148 928 1218 982; x_wconf 83' lang='grc' dir='ltr'>Ει</span> <span class='ocrx_word' id='word_1_56' title='bbox 1244 938 1297 981; x_wconf 90' lang='lat' dir='ltr'><strong><em>ut</em></strong></span> <span class='ocrx_word' id='word_1_57' title='bbox 1336 936 1574 982; x_wconf 85' lang='lat' dir='ltr'><strong><em>venerunt</em></strong></span> <span class='ocrx_word' id='word_1_58' title='bbox 1604 926 1671 979; x_wconf 87' lang='lat' dir='ltr'><strong><em>ad</em></strong></span> <span class='ocrx_word' id='word_1_59' title='bbox 1696 925 1866 979; x_wconf 88' lang='lat' dir='ltr'><strong><em>locum</em></strong></span> 
     </span>
    </p>
   </div>
   <div class='ocr_carea' id='block_1_8' title="bbox 266 1018 1868 1091">
    <p class='ocr_par' dir='ltr' id='par_1_8' title="bbox 266 1018 1868 1091">
     <span class='ocr_line' id='line_1_8' title="bbox 266 1018 1868 1091; baseline 0 -20"><span class='ocrx_word' id='word_1_60' title='bbox 266 1020 565 1090; x_wconf 81' lang='lat' dir='ltr'><strong><em>quemdam,</em></strong></span> <span class='ocrx_word' id='word_1_61' title='bbox 596 1021 901 1091; x_wconf 67' lang='lat' dir='ltr'><strong><em>planxerunt</em></strong></span> <span class='ocrx_word' id='word_1_62' title='bbox 932 1038 1042 1074; x_wconf 89' lang='lat' dir='ltr'><strong><em>eum</em></strong></span> <span class='ocrx_word' id='word_1_63' title='bbox 1067 1022 1273 1091; x_wconf 90' lang='lat' dir='ltr'><strong><em>planctu</em></strong></span> <span class='ocrx_word' id='word_1_64' title='bbox 1301 1035 1514 1089; x_wconf 82' lang='lat' dir='ltr'><strong><em>magno,</em></strong></span> <span class='ocrx_word' id='word_1_65' title='bbox 1547 1027 1592 1072; x_wconf 88' lang='lat' dir='ltr'><strong><em>et</em></strong></span> <span class='ocrx_word' id='word_1_66' title='bbox 1616 1018 1760 1071; x_wconf 85' lang='lat' dir='ltr'><strong><em>valde</em></strong></span> <span class='ocrx_word' id='word_1_67' title='bbox 1786 1032 1868 1071; x_wconf 82' lang='lat' dir='ltr'><strong><em>ve—</em></strong></span> 
     </span>
    </p>
   </div>
   <div class='ocr_carea' id='block_1_9' title="bbox 268 1109 1867 1185">
    <p class='ocr_par' dir='ltr' id='par_1_9' title="bbox 268 1109 1867 1185">
     <span class='ocr_line' id='line_1_9' title="bbox 268 1109 1867 1185; baseline -0.001 -21"><span class='ocrx_word' id='word_1_68' title='bbox 268 1114 511 1167; x_wconf 87' lang='lat' dir='ltr'><strong><em>hementi.</em></strong></span> <span class='ocrx_word' id='word_1_69' title='bbox 538 1113 604 1166; x_wconf 87' lang='lat' dir='ltr'><strong><em>Et</em></strong></span> <span class='ocrx_word' id='word_1_70' title='bbox 631 1115 749 1183; x_wconf 87' lang='lat' dir='ltr'><strong><em>fecit</em></strong></span> <span class='ocrx_word' id='word_1_71' title='bbox 771 1115 1027 1184; x_wconf 87' lang='lat' dir='ltr'><strong><em>planctum</em></strong></span> <span class='ocrx_word' id='word_1_72' title='bbox 1054 1114 1189 1185; x_wconf 88' lang='lat' dir='ltr'><strong><em>patri</em></strong></span> <span class='ocrx_word' id='word_1_73' title='bbox 1209 1129 1301 1167; x_wconf 90' lang='lat' dir='ltr'><strong><em>suo</em></strong></span> <span class='ocrx_word' id='word_1_74' title='bbox 1322 1121 1509 1182; x_wconf 87' lang='lat' dir='ltr'><strong><em>septem</em></strong></span> <span class='ocrx_word' id='word_1_75' title='bbox 1530 1112 1655 1165; x_wconf 86' lang='lat' dir='ltr'><strong><em>dies.</em></strong></span> <span class='ocrx_word' id='word_1_76' title='bbox 1681 1112 1767 1165; x_wconf 82' lang='grc'><strong><em>11.</em></strong></span> <span class='ocrx_word' id='word_1_77' title='bbox 1798 1109 1867 1164; x_wconf 89' lang='lat' dir='ltr'><strong><em>Et</em></strong></span> 
     </span>
    </p>
   </div>
   <div class='ocr_carea' id='block_1_10' title="bbox 265 1201 1868 1269">
    <p class='ocr_par' dir='ltr' id='par_1_10' title="bbox 265 1201 1868 1269">
     <span class='ocr_line' id='line_1_10' title="bbox 265 1201 1868 1269; baseline -0.001 -13"><span class='ocrx_word' id='word_1_78' title='bbox 265 1204 508 1258; x_wconf 73' lang='lat' dir='ltr'><strong><em>viderunt</em></strong></span> <span class='ocrx_word' id='word_1_79' title='bbox 548 1204 851 1258; x_wconf 78' lang='lat' dir='ltr'><strong><em>habitatores</em></strong></span> <span class='ocrx_word' id='word_1_80' title='bbox 890 1204 1134 1259; x_wconf 84' lang='lat' dir='ltr'><strong><em>Chanaan</em></strong></span> <span class='ocrx_word' id='word_1_81' title='bbox 1157 1244 1171 1269; x_wconf 90' lang='lat'><strong><em>,</em></strong></span> <span class='ocrx_word' id='word_1_82' title='bbox 1214 1214 1260 1257; x_wconf 88' lang='lat' dir='ltr'><strong><em>et</em></strong></span> <span class='ocrx_word' id='word_1_83' title='bbox 1308 1204 1591 1258; x_wconf 73' lang='lat' dir='ltr'><strong><em>dixerunt:</em></strong></span> <span class='ocrx_word' id='word_1_84' title='bbox 1626 1201 1868 1256; x_wconf 75' lang='lat' dir='ltr'><strong><em>Planctus</em></strong></span> 
     </span>
    </p>
   </div>
   <div class='ocr_carea' id='block_1_11' title="bbox 269 1294 1863 1367">
    <p class='ocr_par' dir='ltr' id='par_1_11' title="bbox 269 1294 1863 1367">
     <span class='ocr_line' id='line_1_11' title="bbox 269 1294 1863 1367; baseline -0.001 -18"><span class='ocrx_word' id='word_1_85' title='bbox 269 1314 492 1367; x_wconf 73' lang='lat' dir='ltr'><strong><em>mgnus</em></strong></span> <span class='ocrx_word' id='word_1_86' title='bbox 530 1306 603 1350; x_wconf 86' lang='lat' dir='ltr'><strong><em>est</em></strong></span> <span class='ocrx_word' id='word_1_87' title='bbox 634 1296 923 1367; x_wconf 65' lang='lat' dir='ltr'><strong><em>IEgyptiis.</em></strong></span> <span class='ocrx_word' id='word_1_88' title='bbox 952 1296 1172 1365; x_wconf 82' lang='lat' dir='ltr'><strong><em>Propter</em></strong></span> <span class='ocrx_word' id='word_1_89' title='bbox 1197 1296 1291 1349; x_wconf 87' lang='lat' dir='ltr'><strong><em>hoc</em></strong></span> <span class='ocrx_word' id='word_1_90' title='bbox 1314 1296 1504 1349; x_wconf 84' lang='lat' dir='ltr'><strong><em>vocavit</em></strong></span> <span class='ocrx_word' id='word_1_91' title='bbox 1530 1311 1711 1349; x_wconf 86' lang='lat' dir='ltr'><strong><em>nomen</em></strong></span> <span class='ocrx_word' id='word_1_92' title='bbox 1738 1294 1836 1348; x_wconf 89' lang='lat' dir='ltr'><strong><em>loci</em></strong></span> <span class='ocrx_word' id='word_1_93' title='bbox 1847 1335 1863 1361; x_wconf 89' lang='lat'><strong><em>,</em></strong></span> 
     </span>
    </p>
   </div>
   <div class='ocr_carea' id='block_1_12' title="bbox 272 1388 1510 1460">
    <p class='ocr_par' dir='ltr' id='par_1_12' title="bbox 272 1388 1510 1460">
     <span class='ocr_line' id='line_1_12' title="bbox 272 1388 1510 1460; baseline -0.001 -19"><span class='ocrx_word' id='word_1_94' title='bbox 272 1389 527 1443; x_wconf 81' lang='lat' dir='ltr'><strong><em>Planctus</em></strong></span> <span class='ocrx_word' id='word_1_95' title='bbox 552 1388 770 1460; x_wconf 62' lang='lat' dir='ltr'><strong><em>Egypti</em></strong></span> <span class='ocrx_word' id='word_1_96' title='bbox 788 1430 802 1455; x_wconf 93' lang='lat'><strong><em>,</em></strong></span> <span class='ocrx_word' id='word_1_97' title='bbox 831 1390 921 1459; x_wconf 91' lang='lat' dir='ltr'><strong><em>qui</em></strong></span> <span class='ocrx_word' id='word_1_98' title='bbox 946 1397 1019 1443; x_wconf 88' lang='lat' dir='ltr'><strong><em>est</em></strong></span> <span class='ocrx_word' id='word_1_99' title='bbox 1041 1398 1183 1442; x_wconf 89' lang='lat' dir='ltr'><strong><em>trans</em></strong></span> <span class='ocrx_word' id='word_1_100' title='bbox 1209 1388 1510 1442; x_wconf 79' lang='lat' dir='ltr'><strong><em>Jortlanem.</em></strong></span> 
     </span>
    </p>
   </div>
   <div class='ocr_carea' id='block_1_13' title="bbox 350 1480 1866 1553">
    <p class='ocr_par' dir='ltr' id='par_1_13' title="bbox 350 1480 1866 1553">
     <span class='ocr_line' id='line_1_13' title="bbox 350 1480 1866 1553; baseline -0.003 -16"><span class='ocrx_word' id='word_1_101' title='bbox 350 1482 456 1537; x_wconf 88' lang='lat' dir='ltr'><strong><em>Cur</em></strong></span> <span class='ocrx_word' id='word_1_102' title='bbox 475 1500 689 1553; x_wconf 86' lang='lat' dir='ltr'><strong><em>magnus</em></strong></span> <span class='ocrx_word' id='word_1_103' title='bbox 719 1484 952 1553; x_wconf 82' lang='lat' dir='ltr'><strong><em>planctus</em></strong></span> <span class='ocrx_word' id='word_1_104' title='bbox 972 1484 1024 1535; x_wconf 90' lang='lat' dir='ltr'><strong><em>in</em></strong></span> <span class='ocrx_word' id='word_1_105' title='bbox 1065 1482 1228 1536; x_wconf 85' lang='lat' dir='ltr'><strong><em>Veteri</em></strong></span> <span class='ocrx_word' id='word_1_106' title='bbox 1253 1480 1866 1536; x_wconf 57' lang='lat' dir='ltr'><strong><em>Testamenta—Verum</em></strong></span> 
     </span>
    </p>
   </div>
   <div class='ocr_carea' id='block_1_14' title="bbox 274 1571 1869 1645">
    <p class='ocr_par' dir='ltr' id='par_1_14' title="bbox 274 1571 1869 1645">
     <span class='ocr_line' id='line_1_14' title="bbox 274 1571 1869 1645; baseline -0.001 -17"><span class='ocrx_word' id='word_1_107' title='bbox 274 1586 331 1628; x_wconf 88' lang='lat' dir='ltr'><strong><em>tu</em></strong></span> <span class='ocrx_word' id='word_1_108' title='bbox 346 1575 468 1630; x_wconf 69' lang='lat' dir='ltr'><strong><em>inec</em></strong></span> <span class='ocrx_word' id='word_1_109' title='bbox 490 1576 738 1645; x_wconf 84' lang='lat' dir='ltr'><strong><em>audiens,</em></strong></span> <span class='ocrx_word' id='word_1_110' title='bbox 752 1575 1037 1641; x_wconf 88' lang='lat' dir='ltr'><strong><em>dilecte,ne</em></strong></span> <span class='ocrx_word' id='word_1_111' title='bbox 1052 1576 1363 1645; x_wconf 79' lang='lat' dir='ltr'><strong><em>simpliciter</em></strong></span> <span class='ocrx_word' id='word_1_112' title='bbox 1384 1584 1751 1644; x_wconf 67' lang='lat' dir='ltr'><strong><em>praetercurre,</em></strong></span> <span class='ocrx_word' id='word_1_113' title='bbox 1774 1571 1869 1627; x_wconf 90' lang='lat' dir='ltr'><strong><em>sed</em></strong></span> 
     </span>
    </p>
   </div>
   <div class='ocr_carea' id='block_1_15' title="bbox 277 1664 1868 1737">
    <p class='ocr_par' dir='ltr' id='par_1_15' title="bbox 277 1664 1868 1737">
     <span class='ocr_line' id='line_1_15' title="bbox 277 1664 1868 1737; baseline -0.001 -17"><span class='ocrx_word' id='word_1_114' title='bbox 277 1677 491 1736; x_wconf 78' lang='lat' dir='ltr'><strong><em>tempus</em></strong></span> <span class='ocrx_word' id='word_1_115' title='bbox 516 1667 707 1736; x_wconf 84' lang='lat' dir='ltr'><strong><em>cogita,</em></strong></span> <span class='ocrx_word' id='word_1_116' title='bbox 726 1682 832 1737; x_wconf 90' lang='lat' dir='ltr'><strong><em>quo</em></strong></span> <span class='ocrx_word' id='word_1_117' title='bbox 852 1667 986 1721; x_wconf 86' lang='lat' dir='ltr'><strong><em>facta</em></strong></span> <span class='ocrx_word' id='word_1_118' title='bbox 1009 1677 1149 1733; x_wconf 90' lang='lat' dir='ltr'><strong><em>sunt,</em></strong></span> <span class='ocrx_word' id='word_1_119' title='bbox 1175 1677 1227 1721; x_wconf 90' lang='lat' dir='ltr'><strong><em>et</em></strong></span> <span class='ocrx_word' id='word_1_120' title='bbox 1253 1668 1320 1721; x_wconf 89' lang='lat' dir='ltr'><strong><em>ab</em></strong></span> <span class='ocrx_word' id='word_1_121' title='bbox 1349 1668 1491 1721; x_wconf 92' lang='lat' dir='ltr'><strong><em>omni</em></strong></span> <span class='ocrx_word' id='word_1_122' title='bbox 1521 1667 1674 1735; x_wconf 85' lang='lat' dir='ltr'><strong><em>culpa</em></strong></span> <span class='ocrx_word' id='word_1_123' title='bbox 1701 1664 1868 1719; x_wconf 87' lang='lat' dir='ltr'><strong><em>libera</em></strong></span> 
     </span>
    </p>
   </div>
   <div class='ocr_carea' id='block_1_16' title="bbox 272 1756 1870 1827">
    <p class='ocr_par' dir='ltr' id='par_1_16' title="bbox 272 1756 1870 1827">
     <span class='ocr_line' id='line_1_16' title="bbox 272 1756 1870 1827; baseline -0.001 -16"><span class='ocrx_word' id='word_1_124' title='bbox 272 1757 499 1827; x_wconf 85' lang='lat' dir='ltr'><strong><em>.Ioseph.</em></strong></span> <span class='ocrx_word' id='word_1_125' title='bbox 532 1757 775 1812; x_wconf 87' lang='lat' dir='ltr'><strong><em>Nondum</em></strong></span> <span class='ocrx_word' id='word_1_126' title='bbox 804 1760 944 1813; x_wconf 92' lang='lat' dir='ltr'><strong><em>enim</em></strong></span> <span class='ocrx_word' id='word_1_127' title='bbox 973 1759 1182 1813; x_wconf 90' lang='lat' dir='ltr'><strong><em>fuerant</em></strong></span> <span class='ocrx_word' id='word_1_128' title='bbox 1214 1766 1379 1827; x_wconf 86' lang='lat' dir='ltr'><strong><em>portae</em></strong></span> <span class='ocrx_word' id='word_1_129' title='bbox 1424 1757 1615 1812; x_wconf 89' lang='lat' dir='ltr'><strong><em>inferni</em></strong></span> <span class='ocrx_word' id='word_1_130' title='bbox 1659 1756 1870 1811; x_wconf 87' lang='lat' dir='ltr'><strong><em>confra-</em></strong></span> 
     </span>
    </p>
   </div>
   <div class='ocr_carea' id='block_1_17' title="bbox 272 1850 1872 1921">
    <p class='ocr_par' dir='ltr' id='par_1_17' title="bbox 272 1850 1872 1921">
     <span class='ocr_line' id='line_1_17' title="bbox 272 1850 1872 1921; baseline 0.001 -17"><span class='ocrx_word' id='word_1_131' title='bbox 272 1861 403 1916; x_wconf 85' lang='lat' dir='ltr'><strong><em>ct:e,</em></strong></span> <span class='ocrx_word' id='word_1_132' title='bbox 427 1866 601 1921; x_wconf 89' lang='lat' dir='ltr'><strong><em>neque</em></strong></span> <span class='ocrx_word' id='word_1_133' title='bbox 622 1851 809 1906; x_wconf 86' lang='lat' dir='ltr'><strong><em>mortis</em></strong></span> <span class='ocrx_word' id='word_1_134' title='bbox 835 1852 1042 1905; x_wconf 87' lang='lat' dir='ltr'><strong><em>vincula</em></strong></span> <span class='ocrx_word' id='word_1_135' title='bbox 1065 1851 1341 1917; x_wconf 89' lang='lat' dir='ltr'><strong><em>dissoluta,</em></strong></span> <span class='ocrx_word' id='word_1_136' title='bbox 1362 1866 1531 1920; x_wconf 87' lang='lat' dir='ltr'><strong><em>neque</em></strong></span> <span class='ocrx_word' id='word_1_137' title='bbox 1552 1866 1697 1905; x_wconf 87' lang='lat' dir='ltr'><strong><em>mors</em></strong></span> <span class='ocrx_word' id='word_1_138' title='bbox 1720 1850 1872 1905; x_wconf 77' lang='lat' dir='ltr'><strong><em>dice-</em></strong></span> 
     </span>
    </p>
   </div>
   <div class='ocr_carea' id='block_1_18' title="bbox 277 1943 1867 2014">
    <p class='ocr_par' dir='ltr' id='par_1_18' title="bbox 277 1943 1867 2014">
     <span class='ocr_line' id='line_1_18' title="bbox 277 1943 1867 2014; baseline 0.002 -20"><span class='ocrx_word' id='word_1_139' title='bbox 277 1943 441 1996; x_wconf 85' lang='lat' dir='ltr'><strong><em>batur</em></strong></span> <span class='ocrx_word' id='word_1_140' title='bbox 466 1943 735 1997; x_wconf 87' lang='lat' dir='ltr'><strong><em>dormitio.</em></strong></span> <span class='ocrx_word' id='word_1_141' title='bbox 775 1944 842 1998; x_wconf 86' lang='lat' dir='ltr'><strong><em>Et</em></strong></span> <span class='ocrx_word' id='word_1_142' title='bbox 872 1944 1071 1998; x_wconf 90' lang='lat' dir='ltr'><strong><em>idcirco</em></strong></span> <span class='ocrx_word' id='word_1_143' title='bbox 1113 1944 1233 2014; x_wconf 88' lang='lat' dir='ltr'><strong><em>quia</em></strong></span> <span class='ocrx_word' id='word_1_144' title='bbox 1281 1945 1569 1998; x_wconf 86' lang='lat' dir='ltr'><strong><em>timuerunt</em></strong></span> <span class='ocrx_word' id='word_1_145' title='bbox 1594 1954 1817 1998; x_wconf 93' lang='lat' dir='ltr'><strong><em>mortem</em></strong></span> <span class='ocrx_word' id='word_1_146' title='bbox 1851 1985 1867 2010; x_wconf 89' lang='lat'><strong><em>,</em></strong></span> 
     </span>
    </p>
   </div>
   <div class='ocr_carea' id='block_1_19' title="bbox 279 2034 1867 2105">
    <p class='ocr_par' dir='ltr' id='par_1_19' title="bbox 279 2034 1867 2105">
     <span class='ocr_line' id='line_1_19' title="bbox 279 2034 1867 2105; baseline 0.001 -18"><span class='ocrx_word' id='word_1_147' title='bbox 279 2034 402 2089; x_wconf 66' lang='lat' dir='ltr'><strong><em>hsce</em></strong></span> <span class='ocrx_word' id='word_1_148' title='bbox 429 2034 697 2089; x_wconf 89' lang='lat' dir='ltr'><strong><em>faciebant</em></strong></span> <span class='ocrx_word' id='word_1_149' title='bbox 731 2056 743 2091; x_wconf 92' lang='lat'><strong><em>:</em></strong></span> <span class='ocrx_word' id='word_1_150' title='bbox 778 2050 916 2089; x_wconf 90' lang='lat' dir='ltr'><strong><em>nunc</em></strong></span> <span class='ocrx_word' id='word_1_151' title='bbox 942 2045 1118 2089; x_wconf 90' lang='lat' dir='ltr'><strong><em>autem</em></strong></span> <span class='ocrx_word' id='word_1_152' title='bbox 1151 2044 1364 2105; x_wconf 85' lang='lat' dir='ltr'><strong><em>propter</em></strong></span> <span class='ocrx_word' id='word_1_153' title='bbox 1384 2036 1610 2105; x_wconf 82' lang='lat' dir='ltr'><strong><em>gratiam</em></strong></span> <span class='ocrx_word' id='word_1_154' title='bbox 1641 2036 1867 2102; x_wconf 84' lang='lat' dir='ltr'><strong><em>Christi,</em></strong></span> 
     </span>
    </p>
   </div>
   <div class='ocr_carea' id='block_1_20' title="bbox 277 2126 1867 2197">
    <p class='ocr_par' dir='ltr' id='par_1_20' title="bbox 277 2126 1867 2197">
     <span class='ocr_line' id='line_1_20' title="bbox 277 2126 1867 2197; baseline 0.001 -19"><span class='ocrx_word' id='word_1_155' title='bbox 277 2127 406 2195; x_wconf 88' lang='lat' dir='ltr'><strong><em>quia</em></strong></span> <span class='ocrx_word' id='word_1_156' title='bbox 438 2141 582 2181; x_wconf 90' lang='lat' dir='ltr'><strong><em>mors</em></strong></span> <span class='ocrx_word' id='word_1_157' title='bbox 608 2126 741 2181; x_wconf 88' lang='lat' dir='ltr'><strong><em>facta</em></strong></span> <span class='ocrx_word' id='word_1_158' title='bbox 774 2137 855 2181; x_wconf 90' lang='lat' dir='ltr'><strong><em>est</em></strong></span> <span class='ocrx_word' id='word_1_159' title='bbox 884 2142 1103 2181; x_wconf 88' lang='lat' dir='ltr'><strong><em>somnus</em></strong></span> <span class='ocrx_word' id='word_1_160' title='bbox 1126 2169 1141 2193; x_wconf 93' lang='lat'><strong><em>,</em></strong></span> <span class='ocrx_word' id='word_1_161' title='bbox 1173 2127 1564 2181; x_wconf 90' lang='lat' dir='ltr'><strong><em>consummatio</em></strong></span> <span class='ocrx_word' id='word_1_162' title='bbox 1592 2136 1646 2181; x_wconf 89' lang='lat' dir='ltr'><strong><em>et</em></strong></span> <span class='ocrx_word' id='word_1_163' title='bbox 1675 2126 1826 2197; x_wconf 82' lang='lat' dir='ltr'><strong><em>quies</em></strong></span> <span class='ocrx_word' id='word_1_164' title='bbox 1851 2169 1867 2194; x_wconf 90' lang='lat'><strong><em>,</em></strong></span> 
     </span>
    </p>
   </div>
   <div class='ocr_carea' id='block_1_21' title="bbox 275 2218 1869 2288">
    <p class='ocr_par' dir='ltr' id='par_1_21' title="bbox 275 2218 1869 2288">
     <span class='ocr_line' id='line_1_21' title="bbox 275 2218 1869 2288; baseline -0.001 -17"><span class='ocrx_word' id='word_1_165' title='bbox 275 2234 345 2272; x_wconf 82' lang='lat' dir='ltr'><strong><em>ae</em></strong></span> <span class='ocrx_word' id='word_1_166' title='bbox 372 2227 514 2273; x_wconf 87' lang='lat' dir='ltr'><strong><em>certa</em></strong></span> <span class='ocrx_word' id='word_1_167' title='bbox 548 2219 821 2288; x_wconf 89' lang='lat' dir='ltr'><strong><em>multaque</em></strong></span> <span class='ocrx_word' id='word_1_168' title='bbox 852 2227 975 2272; x_wconf 85' lang='lat' dir='ltr'><strong><em>sunt</em></strong></span> <span class='ocrx_word' id='word_1_169' title='bbox 1001 2219 1411 2273; x_wconf 72' lang='lat' dir='ltr'><strong><em>resurrectionis</em></strong></span> <span class='ocrx_word' id='word_1_170' title='bbox 1442 2218 1633 2272; x_wconf 89' lang='lat' dir='ltr'><strong><em>indicia</em></strong></span> <span class='ocrx_word' id='word_1_171' title='bbox 1659 2259 1673 2281; x_wconf 90' lang='lat'><strong><em>,</em></strong></span> <span class='ocrx_word' id='word_1_172' title='bbox 1720 2218 1869 2286; x_wconf 91' lang='lat' dir='ltr'><strong><em>quasi</em></strong></span> 
     </span>
    </p>
   </div>
   <div class='ocr_carea' id='block_1_22' title="bbox 279 2308 1873 2373">
    <p class='ocr_par' dir='ltr' id='par_1_22' title="bbox 279 2308 1873 2373">
     <span class='ocr_line' id='line_1_22' title="bbox 279 2308 1873 2373; baseline -0.002 -11"><span class='ocrx_word' id='word_1_173' title='bbox 279 2309 350 2363; x_wconf 89' lang='lat' dir='ltr'><strong><em>de</em></strong></span> <span class='ocrx_word' id='word_1_174' title='bbox 372 2309 479 2361; x_wconf 89' lang='lat' dir='ltr'><strong><em>vita</em></strong></span> <span class='ocrx_word' id='word_1_175' title='bbox 508 2309 557 2362; x_wconf 93' lang='lat' dir='ltr'><strong><em>in</em></strong></span> <span class='ocrx_word' id='word_1_176' title='bbox 580 2308 741 2362; x_wconf 86' lang='lat' dir='ltr'><strong><em>vitam</em></strong></span> <span class='ocrx_word' id='word_1_177' title='bbox 773 2308 1166 2373; x_wconf 88' lang='lat' dir='ltr'><strong><em>transferendi,</em></strong></span> <span class='ocrx_word' id='word_1_178' title='bbox 1198 2308 1274 2362; x_wconf 92' lang='lat' dir='ltr'><strong><em>sic</em></strong></span> <span class='ocrx_word' id='word_1_179' title='bbox 1297 2308 1625 2363; x_wconf 82' lang='lat' dir='ltr'><strong><em>exsultamus</em></strong></span> <span class='ocrx_word' id='word_1_180' title='bbox 1652 2316 1706 2362; x_wconf 90' lang='lat' dir='ltr'><strong><em>et</em></strong></span> <span class='ocrx_word' id='word_1_181' title='bbox 1726 2308 1873 2361; x_wconf 79' lang='lat' dir='ltr'><strong><em>heta-</em></strong></span> 
     </span>
    </p>
   </div>
   <div class='ocr_carea' id='block_1_23' title="bbox 280 2399 1872 2470">
    <p class='ocr_par' dir='ltr' id='par_1_23' title="bbox 280 2399 1872 2470">
     <span class='ocr_line' id='line_1_23' title="bbox 280 2399 1872 2470; baseline -0.001 -14"><span class='ocrx_word' id='word_1_182' title='bbox 280 2417 426 2456; x_wconf 84' lang='lat' dir='ltr'><strong><em>mur.</em></strong></span> <span class='ocrx_word' id='word_1_183' title='bbox 456 2401 526 2454; x_wconf 80' lang='lat' dir='ltr'><strong><em>Et</em></strong></span> <span class='ocrx_word' id='word_1_184' title='bbox 548 2400 673 2470; x_wconf 89' lang='lat' dir='ltr'><strong><em>quid</em></strong></span> <span class='ocrx_word' id='word_1_185' title='bbox 709 2400 829 2454; x_wconf 87' lang='lat' dir='ltr'><strong><em>dico</em></strong></span> <span class='ocrx_word' id='word_1_186' title='bbox 859 2400 925 2454; x_wconf 90' lang='lat' dir='ltr'><strong><em>de</em></strong></span> <span class='ocrx_word' id='word_1_187' title='bbox 954 2400 1058 2453; x_wconf 87' lang='lat' dir='ltr'><strong><em>vita</em></strong></span> <span class='ocrx_word' id='word_1_188' title='bbox 1088 2401 1138 2454; x_wconf 93' lang='lat' dir='ltr'><strong><em>in</em></strong></span> <span class='ocrx_word' id='word_1_189' title='bbox 1167 2400 1368 2453; x_wconf 87' lang='lat' dir='ltr'><strong><em>vitam?</em></strong></span> <span class='ocrx_word' id='word_1_190' title='bbox 1398 2400 1474 2455; x_wconf 92' lang='lat' dir='ltr'><strong><em>De</em></strong></span> <span class='ocrx_word' id='word_1_191' title='bbox 1513 2400 1763 2455; x_wconf 86' lang='lat' dir='ltr'><strong><em>deteriori</em></strong></span> <span class='ocrx_word' id='word_1_192' title='bbox 1805 2399 1872 2455; x_wconf 89' lang='lat' dir='ltr'><strong><em>ad</em></strong></span> 
     </span>
    </p>
   </div>
   <div class='ocr_carea' id='block_1_24' title="bbox 280 2490 1872 2561">
    <p class='ocr_par' dir='ltr' id='par_1_24' title="bbox 280 2490 1872 2561">
     <span class='ocr_line' id='line_1_24' title="bbox 280 2490 1872 2561; baseline -0.001 -16"><span class='ocrx_word' id='word_1_193' title='bbox 280 2492 561 2546; x_wconf 86' lang='lat' dir='ltr'><strong><em>meliorem</em></strong></span> <span class='ocrx_word' id='word_1_194' title='bbox 583 2533 599 2557; x_wconf 92' lang='lat'><strong><em>,</em></strong></span> <span class='ocrx_word' id='word_1_195' title='bbox 631 2491 697 2546; x_wconf 90' lang='lat' dir='ltr'><strong><em>de</em></strong></span> <span class='ocrx_word' id='word_1_196' title='bbox 726 2492 1002 2561; x_wconf 88' lang='lat' dir='ltr'><strong><em>temporali</em></strong></span> <span class='ocrx_word' id='word_1_197' title='bbox 1030 2491 1094 2545; x_wconf 86' lang='lat' dir='ltr'><strong><em>ad</em></strong></span> <span class='ocrx_word' id='word_1_198' title='bbox 1127 2500 1383 2545; x_wconf 69' lang='lat' dir='ltr'><strong><em>aeternam</em></strong></span> <span class='ocrx_word' id='word_1_199' title='bbox 1417 2534 1430 2555; x_wconf 90' lang='lat'><strong><em>,</em></strong></span> <span class='ocrx_word' id='word_1_200' title='bbox 1460 2491 1527 2545; x_wconf 88' lang='lat' dir='ltr'><strong><em>de</em></strong></span> <span class='ocrx_word' id='word_1_201' title='bbox 1567 2502 1775 2545; x_wconf 89' lang='lat' dir='ltr'><strong><em>terrena</em></strong></span> <span class='ocrx_word' id='word_1_202' title='bbox 1806 2490 1872 2544; x_wconf 91' lang='lat' dir='ltr'><strong><em>ad</em></strong></span> 
     </span>
    </p>
   </div>
   <div class='ocr_carea' id='block_1_25' title="bbox 280 2580 1874 2650">
    <p class='ocr_par' dir='ltr' id='par_1_25' title="bbox 280 2580 1874 2650">
     <span class='ocr_line' id='line_1_25' title="bbox 280 2580 1874 2650; baseline 0.001 -16"><span class='ocrx_word' id='word_1_203' title='bbox 280 2581 576 2635; x_wconf 69' lang='lat' dir='ltr'><strong><em>c&#39;vlestem.</em></strong></span> <span class='ocrx_word' id='word_1_204' title='bbox 603 2582 690 2636; x_wconf 70' lang='grc'><strong>14.</strong></span> <span class='ocrx_word' id='word_1_205' title='bbox 721 2580 789 2634; x_wconf 82' lang='grc' dir='ltr'>Ει</span> <span class='ocrx_word' id='word_1_206' title='bbox 817 2583 1044 2650; x_wconf 88' lang='lat' dir='ltr'><strong><em>peractis</em></strong></span> <span class='ocrx_word' id='word_1_207' title='bbox 1088 2582 1334 2635; x_wconf 89' lang='lat' dir='ltr'><strong><em>omnibus</em></strong></span> <span class='ocrx_word' id='word_1_208' title='bbox 1363 2622 1378 2647; x_wconf 93' lang='lat'><strong><em>,</em></strong></span> <span class='ocrx_word' id='word_1_209' title='bbox 1410 2582 1615 2650; x_wconf 91' lang='lat' dir='ltr'><strong><em>inquit,</em></strong></span> <span class='ocrx_word' id='word_1_210' title='bbox 1649 2598 1874 2635; x_wconf 82' lang='lat' dir='ltr'><strong><em>reversus</em></strong></span> 
     </span>
    </p>
   </div>
   <div class='ocr_carea' id='block_1_26' title="bbox 284 2672 1874 2744">
    <p class='ocr_par' dir='ltr' id='par_1_26' title="bbox 284 2672 1874 2744">
     <span class='ocr_line' id='line_1_26' title="bbox 284 2672 1874 2744; baseline 0 -18"><span class='ocrx_word' id='word_1_211' title='bbox 284 2683 358 2726; x_wconf 85' lang='lat' dir='ltr'><strong><em>est</em></strong></span> <span class='ocrx_word' id='word_1_212' title='bbox 383 2672 577 2743; x_wconf 82' lang='lat' dir='ltr'><strong><em>Joseph</em></strong></span> <span class='ocrx_word' id='word_1_213' title='bbox 597 2673 649 2726; x_wconf 90' lang='lat' dir='ltr'><strong><em>in</em></strong></span> <span class='ocrx_word' id='word_1_214' title='bbox 695 2672 981 2743; x_wconf 63' lang='lat' dir='ltr'><strong><em>Egyptum</em></strong></span> <span class='ocrx_word' id='word_1_215' title='bbox 1016 2715 1029 2738; x_wconf 91' lang='lat'><strong><em>,</em></strong></span> <span class='ocrx_word' id='word_1_216' title='bbox 1055 2675 1163 2742; x_wconf 82' lang='lat' dir='ltr'><strong><em>ipse</em></strong></span> <span class='ocrx_word' id='word_1_217' title='bbox 1191 2683 1238 2727; x_wconf 90' lang='lat' dir='ltr'><strong><em>et</em></strong></span> <span class='ocrx_word' id='word_1_218' title='bbox 1264 2678 1448 2744; x_wconf 87' lang='lat' dir='ltr'><strong><em>fratres</em></strong></span> <span class='ocrx_word' id='word_1_219' title='bbox 1474 2674 1602 2742; x_wconf 83' lang='lat' dir='ltr'><strong><em>ejus,</em></strong></span> <span class='ocrx_word' id='word_1_220' title='bbox 1633 2682 1677 2725; x_wconf 89' lang='lat' dir='ltr'><strong><em>et</em></strong></span> <span class='ocrx_word' id='word_1_221' title='bbox 1704 2689 1874 2726; x_wconf 87' lang='lat' dir='ltr'><strong><em>omnes</em></strong></span> 
     </span>
    </p>
   </div>
   <div class='ocr_carea' id='block_1_27' title="bbox 278 2763 1876 2836">
    <p class='ocr_par' dir='ltr' id='par_1_27' title="bbox 278 2763 1876 2836">
     <span class='ocr_line' id='line_1_27' title="bbox 278 2763 1876 2836; baseline 0.002 -21"><span class='ocrx_word' id='word_1_222' title='bbox 278 2765 375 2834; x_wconf 87' lang='lat' dir='ltr'><strong><em>qui</em></strong></span> <span class='ocrx_word' id='word_1_223' title='bbox 414 2781 528 2817; x_wconf 89' lang='lat' dir='ltr'><strong><em>cum</em></strong></span> <span class='ocrx_word' id='word_1_224' title='bbox 556 2781 613 2818; x_wconf 92' lang='lat' dir='ltr'><strong><em>eo</em></strong></span> <span class='ocrx_word' id='word_1_225' title='bbox 654 2765 1002 2817; x_wconf 84' lang='lat' dir='ltr'><strong><em>ascenderant.</em></strong></span> <span class='ocrx_word' id='word_1_226' title='bbox 1054 2763 1162 2820; x_wconf 91' lang='lat' dir='ltr'><strong><em>Sed</em></strong></span> <span class='ocrx_word' id='word_1_227' title='bbox 1192 2765 1312 2820; x_wconf 88' lang='lat' dir='ltr'><strong><em>vide</em></strong></span> <span class='ocrx_word' id='word_1_228' title='bbox 1348 2774 1739 2836; x_wconf 87' lang='lat' dir='ltr'><strong><em>consequenter</em></strong></span> <span class='ocrx_word' id='word_1_229' title='bbox 1770 2765 1876 2819; x_wconf 84' lang='lat' dir='ltr'><strong><em>fra-</em></strong></span> 
     </span>
    </p>
   </div>
   <div class='ocr_carea' id='block_1_28' title="bbox 287 2854 1874 2924">
    <p class='ocr_par' dir='ltr' id='par_1_28' title="bbox 287 2854 1874 2924">
     <span class='ocr_line' id='line_1_28' title="bbox 287 2854 1874 2924; baseline 0.003 -16"><span class='ocrx_word' id='word_1_230' title='bbox 287 2864 430 2909; x_wconf 86' lang='lat' dir='ltr'><strong><em>trum</em></strong></span> <span class='ocrx_word' id='word_1_231' title='bbox 456 2854 651 2924; x_wconf 80' lang='lat' dir='ltr'><strong><em>Joseph</em></strong></span> <span class='ocrx_word' id='word_1_232' title='bbox 685 2855 928 2909; x_wconf 92' lang='lat' dir='ltr'><strong><em>timorem</em></strong></span> <span class='ocrx_word' id='word_1_233' title='bbox 951 2854 1057 2921; x_wconf 89' lang='lat' dir='ltr'><strong><em>hic,</em></strong></span> <span class='ocrx_word' id='word_1_234' title='bbox 1080 2865 1133 2910; x_wconf 91' lang='lat' dir='ltr'><strong><em>et</em></strong></span> <span class='ocrx_word' id='word_1_235' title='bbox 1155 2864 1410 2911; x_wconf 91' lang='lat' dir='ltr'><strong><em>terrorem</em></strong></span> <span class='ocrx_word' id='word_1_236' title='bbox 1432 2873 1616 2911; x_wconf 92' lang='lat' dir='ltr'><strong><em>eorum</em></strong></span> <span class='ocrx_word' id='word_1_237' title='bbox 1641 2868 1874 2913; x_wconf 86' lang='lat' dir='ltr'><strong><em>mentem</em></strong></span> 
     </span>
    </p>
   </div>
   <div class='ocr_carea' id='block_1_29' title="bbox 286 2946 1873 3020">
    <p class='ocr_par' dir='ltr' id='par_1_29' title="bbox 286 2946 1873 3020">
     <span class='ocr_line' id='line_1_29' title="bbox 286 2946 1873 3020; baseline 0.003 -21"><span class='ocrx_word' id='word_1_238' title='bbox 286 2947 705 3001; x_wconf 87' lang='lat' dir='ltr'><strong><em>concutientcm.</em></strong></span> <span class='ocrx_word' id='word_1_239' title='bbox 752 2947 839 3001; x_wconf 84' lang='grc'><strong>15.</strong></span> <span class='ocrx_word' id='word_1_240' title='bbox 884 2946 953 3001; x_wconf 89' lang='lat' dir='ltr'><strong><em>Ut</em></strong></span> <span class='ocrx_word' id='word_1_241' title='bbox 983 2947 1211 3001; x_wconf 88' lang='lat' dir='ltr'><strong><em>viderunt</em></strong></span> <span class='ocrx_word' id='word_1_242' title='bbox 1237 2958 1403 3002; x_wconf 87' lang='lat' dir='ltr'><strong><em>autem</em></strong></span> <span class='ocrx_word' id='word_1_243' title='bbox 1430 2949 1613 3017; x_wconf 76' lang='lat' dir='ltr'><strong><em>fratres</em></strong></span> <span class='ocrx_word' id='word_1_244' title='bbox 1638 2948 1831 3020; x_wconf 86' lang='lat' dir='ltr'><strong><em>Joseph</em></strong></span> <span class='ocrx_word' id='word_1_245' title='bbox 1858 2991 1873 3015; x_wconf 96' lang='lat'><strong><em>,</em></strong></span> 
     </span>
    </p>
   </div>
   <div class='ocr_carea' id='block_1_30' title="bbox 285 3039 1877 3110">
    <p class='ocr_par' dir='ltr' id='par_1_30' title="bbox 285 3039 1877 3110">
     <span class='ocr_line' id='line_1_30' title="bbox 285 3039 1877 3110; baseline 0.003 -20"><span class='ocrx_word' id='word_1_246' title='bbox 285 3039 424 3108; x_wconf 83' lang='lat' dir='ltr'><strong><em>quod</em></strong></span> <span class='ocrx_word' id='word_1_247' title='bbox 444 3048 673 3091; x_wconf 85' lang='lat' dir='ltr'><strong><em>mortuus</em></strong></span> <span class='ocrx_word' id='word_1_248' title='bbox 703 3046 826 3091; x_wconf 88' lang='lat' dir='ltr'><strong><em>esset</em></strong></span> <span class='ocrx_word' id='word_1_249' title='bbox 857 3047 998 3107; x_wconf 88' lang='lat' dir='ltr'><strong><em>pater</em></strong></span> <span class='ocrx_word' id='word_1_250' title='bbox 1022 3055 1164 3104; x_wconf 87' lang='lat' dir='ltr'><strong><em>suus,</em></strong></span> <span class='ocrx_word' id='word_1_251' title='bbox 1196 3039 1428 3092; x_wconf 76' lang='lat' dir='ltr'><strong><em>dixerunt</em></strong></span> <span class='ocrx_word' id='word_1_252' title='bbox 1458 3055 1477 3091; x_wconf 90' lang='lat'><strong><em>:</em></strong></span> <span class='ocrx_word' id='word_1_253' title='bbox 1509 3039 1592 3093; x_wconf 89' lang='lat' dir='ltr'><strong><em>Ne</em></strong></span> <span class='ocrx_word' id='word_1_254' title='bbox 1615 3044 1746 3110; x_wconf 84' lang='lat' dir='ltr'><strong><em>forte</em></strong></span> <span class='ocrx_word' id='word_1_255' title='bbox 1775 3057 1877 3094; x_wconf 84' lang='lat' dir='ltr'><strong><em>me-</em></strong></span> 
     </span>
    </p>
   </div>
   <div class='ocr_carea' id='block_1_31' title="bbox 287 3126 1879 3199">
    <p class='ocr_par' dir='ltr' id='par_1_31' title="bbox 287 3126 1879 3199">
     <span class='ocr_line' id='line_1_31' title="bbox 287 3126 1879 3199; baseline 0.001 -17"><span class='ocrx_word' id='word_1_256' title='bbox 287 3146 404 3182; x_wconf 88' lang='lat' dir='ltr'><strong><em>mor</em></strong></span> <span class='ocrx_word' id='word_1_257' title='bbox 427 3129 490 3182; x_wconf 86' lang='lat' dir='ltr'><strong><em>sit</em></strong></span> <span class='ocrx_word' id='word_1_258' title='bbox 518 3128 723 3198; x_wconf 69' lang='lat' dir='ltr'><strong><em>im&#39;urite</em></strong></span> <span class='ocrx_word' id='word_1_259' title='bbox 748 3137 931 3182; x_wconf 74' lang='lat' dir='ltr'><strong><em>nostra:</em></strong></span> <span class='ocrx_word' id='word_1_260' title='bbox 953 3126 1148 3199; x_wconf 74' lang='lat' dir='ltr'><strong><em>Ioseph</em></strong></span> <span class='ocrx_word' id='word_1_261' title='bbox 1177 3171 1191 3195; x_wconf 93' lang='lat'><strong><em>,</em></strong></span> <span class='ocrx_word' id='word_1_262' title='bbox 1224 3139 1271 3183; x_wconf 86' lang='lat' dir='ltr'><strong><em>et</em></strong></span> <span class='ocrx_word' id='word_1_263' title='bbox 1311 3129 1550 3183; x_wconf 79' lang='lat' dir='ltr'><strong><em>retribuat</em></strong></span> <span class='ocrx_word' id='word_1_264' title='bbox 1589 3130 1879 3184; x_wconf 85' lang='lat' dir='ltr'><strong><em>retributio-</em></strong></span> 
     </span>
    </p>
   </div>
   <div class='ocr_carea' id='block_1_32' title="bbox 290 3220 1876 3291">
    <p class='ocr_par' dir='ltr' id='par_1_32' title="bbox 290 3220 1876 3291">
     <span class='ocr_line' id='line_1_32' title="bbox 290 3220 1876 3291; baseline 0.004 -20"><span class='ocrx_word' id='word_1_265' title='bbox 290 3237 409 3273; x_wconf 88' lang='lat' dir='ltr'><strong><em>nem</em></strong></span> <span class='ocrx_word' id='word_1_266' title='bbox 441 3220 582 3274; x_wconf 88' lang='lat' dir='ltr'><strong><em>nobis</em></strong></span> <span class='ocrx_word' id='word_1_267' title='bbox 613 3262 626 3285; x_wconf 93' lang='lat'><strong><em>,</em></strong></span> <span class='ocrx_word' id='word_1_268' title='bbox 671 3230 716 3274; x_wconf 92' lang='lat' dir='ltr'><strong><em>et</em></strong></span> <span class='ocrx_word' id='word_1_269' title='bbox 764 3222 932 3274; x_wconf 82' lang='lat' dir='ltr'><strong><em>omnia</em></strong></span> <span class='ocrx_word' id='word_1_270' title='bbox 962 3222 1095 3275; x_wconf 79' lang='lat' dir='ltr'><strong><em>malo</em></strong></span> <span class='ocrx_word' id='word_1_271' title='bbox 1124 3238 1237 3291; x_wconf 69' lang='lat' dir='ltr'><strong><em>quae</em></strong></span> <span class='ocrx_word' id='word_1_272' title='bbox 1278 3224 1330 3275; x_wconf 89' lang='lat' dir='ltr'><strong><em>in</em></strong></span> <span class='ocrx_word' id='word_1_273' title='bbox 1366 3240 1476 3276; x_wconf 90' lang='lat' dir='ltr'><strong><em>eum</em></strong></span> <span class='ocrx_word' id='word_1_274' title='bbox 1518 3223 1876 3278; x_wconf 84' lang='lat' dir='ltr'><strong><em>commisimus.</em></strong></span> 
     </span>
    </p>
   </div>
   <div class='ocr_carea' id='block_1_33' title="bbox 289 3311 1879 3384">
    <p class='ocr_par' dir='ltr' id='par_1_33' title="bbox 289 3311 1879 3384">
     <span class='ocr_line' id='line_1_33' title="bbox 289 3311 1879 3384; baseline 0.002 -19"><span class='ocrx_word' id='word_1_275' title='bbox 289 3311 493 3365; x_wconf 80' lang='lat' dir='ltr'><strong><em>Terror</em></strong></span> <span class='ocrx_word' id='word_1_276' title='bbox 516 3311 723 3365; x_wconf 86' lang='lat' dir='ltr'><strong><em>validus</em></strong></span> <span class='ocrx_word' id='word_1_277' title='bbox 750 3327 931 3367; x_wconf 92' lang='lat' dir='ltr'><strong><em>eorum</em></strong></span> <span class='ocrx_word' id='word_1_278' title='bbox 964 3323 1194 3368; x_wconf 90' lang='lat' dir='ltr'><strong><em>mentem</em></strong></span> <span class='ocrx_word' id='word_1_279' title='bbox 1226 3315 1525 3384; x_wconf 86' lang='lat' dir='ltr'><strong><em>perculerat</em></strong></span> <span class='ocrx_word' id='word_1_280' title='bbox 1564 3357 1578 3381; x_wconf 94' lang='lat'><strong><em>,</em></strong></span> <span class='ocrx_word' id='word_1_281' title='bbox 1609 3323 1660 3369; x_wconf 89' lang='lat' dir='ltr'><strong><em>et</em></strong></span> <span class='ocrx_word' id='word_1_282' title='bbox 1686 3330 1712 3367; x_wconf 91' lang='lat' dir='ltr'><strong><em>a</em></strong></span> <span class='ocrx_word' id='word_1_283' title='bbox 1746 3330 1879 3369; x_wconf 81' lang='lat' dir='ltr'><strong><em>Con-</em></strong></span> 
     </span>
    </p>
   </div>
   <div class='ocr_carea' id='block_1_34' title="bbox 286 3401 1878 3475">
    <p class='ocr_par' dir='ltr' id='par_1_34' title="bbox 286 3401 1878 3475">
     <span class='ocr_line' id='line_1_34' title="bbox 286 3401 1878 3475; baseline 0.003 -20"><span class='ocrx_word' id='word_1_284' title='bbox 286 3401 513 3455; x_wconf 56' lang='lat' dir='ltr'><strong><em>wientia</em></strong></span> <span class='ocrx_word' id='word_1_285' title='bbox 529 3402 806 3471; x_wconf 85' lang='lat' dir='ltr'><strong><em>stimulati,</em></strong></span> <span class='ocrx_word' id='word_1_286' title='bbox 822 3403 1132 3458; x_wconf 87' lang='lat' dir='ltr'><strong><em>nesciebant</em></strong></span> <span class='ocrx_word' id='word_1_287' title='bbox 1152 3405 1276 3475; x_wconf 90' lang='lat' dir='ltr'><strong><em>quid</em></strong></span> <span class='ocrx_word' id='word_1_288' title='bbox 1300 3405 1550 3461; x_wconf 85' lang='lat' dir='ltr'><strong><em>facerent.</em></strong></span> <span class='ocrx_word' id='word_1_289' title='bbox 1568 3405 1878 3475; x_wconf 76' lang='lat' dir='ltr'><strong><em>PrOptei-ea,</em></strong></span> 
     </span>
    </p>
   </div>
   <div class='ocr_carea' id='block_1_35' title="bbox 291 3495 1877 3568">
    <p class='ocr_par' dir='ltr' id='par_1_35' title="bbox 291 3495 1877 3568">
     <span class='ocr_line' id='line_1_35' title="bbox 291 3495 1877 3568; baseline 0.004 -22"><span class='ocrx_word' id='word_1_290' title='bbox 291 3495 444 3559; x_wconf 87' lang='lat' dir='ltr'><strong><em>dicit,</em></strong></span> <span class='ocrx_word' id='word_1_291' title='bbox 477 3511 598 3549; x_wconf 91' lang='lat' dir='ltr'><strong><em>cum</em></strong></span> <span class='ocrx_word' id='word_1_292' title='bbox 626 3496 879 3551; x_wconf 89' lang='lat' dir='ltr'><strong><em>vidissent</em></strong></span> <span class='ocrx_word' id='word_1_293' title='bbox 910 3498 1072 3567; x_wconf 90' lang='lat' dir='ltr'><strong><em>patris</em></strong></span> <span class='ocrx_word' id='word_1_294' title='bbox 1100 3506 1324 3553; x_wconf 87' lang='lat' dir='ltr'><strong><em>mortem</em></strong></span> <span class='ocrx_word' id='word_1_295' title='bbox 1352 3540 1366 3561; x_wconf 92' lang='lat'><strong><em>,</em></strong></span> <span class='ocrx_word' id='word_1_296' title='bbox 1397 3500 1549 3554; x_wconf 89' lang='lat' dir='ltr'><strong><em>veriti</em></strong></span> <span class='ocrx_word' id='word_1_297' title='bbox 1578 3515 1645 3554; x_wconf 89' lang='lat' dir='ltr'><strong><em>ne</em></strong></span> <span class='ocrx_word' id='word_1_298' title='bbox 1668 3500 1877 3568; x_wconf 80' lang='lat' dir='ltr'><strong><em>dignam</em></strong></span> 
     </span>
    </p>
   </div>
   <div class='ocr_carea' id='block_1_36' title="bbox 286 3587 1876 3663">
    <p class='ocr_par' dir='ltr' id='par_1_36' title="bbox 286 3587 1876 3663">
     <span class='ocr_line' id='line_1_36' title="bbox 286 3587 1876 3663; baseline 0.004 -23"><span class='ocrx_word' id='word_1_299' title='bbox 286 3587 360 3641; x_wconf 85' lang='lat' dir='ltr'><strong><em>de</em></strong></span> <span class='ocrx_word' id='word_1_300' title='bbox 388 3602 446 3641; x_wconf 90' lang='lat' dir='ltr'><strong><em>se</em></strong></span> <span class='ocrx_word' id='word_1_301' title='bbox 477 3603 683 3657; x_wconf 66' lang='lat' dir='ltr'><strong><em>pennam</em></strong></span> <span class='ocrx_word' id='word_1_302' title='bbox 732 3600 966 3645; x_wconf 89' lang='lat' dir='ltr'><strong><em>sumeret</em></strong></span> <span class='ocrx_word' id='word_1_303' title='bbox 991 3590 1188 3661; x_wconf 70' lang='lat' dir='ltr'><strong><em>Ioseph</em></strong></span> <span class='ocrx_word' id='word_1_304' title='bbox 1216 3634 1231 3658; x_wconf 93' lang='lat'><strong><em>,</em></strong></span> <span class='ocrx_word' id='word_1_305' title='bbox 1265 3588 1347 3647; x_wconf 62' lang='grc' dir='ltr'>δι)</span> <span class='ocrx_word' id='word_1_306' title='bbox 1379 3608 1437 3647; x_wconf 89' lang='lat' dir='ltr'><strong><em>ea</em></strong></span> <span class='ocrx_word' id='word_1_307' title='bbox 1485 3609 1605 3663; x_wconf 73' lang='lat' dir='ltr'><strong><em>qua:</em></strong></span> <span class='ocrx_word' id='word_1_308' title='bbox 1646 3595 1698 3648; x_wconf 92' lang='lat' dir='ltr'><strong><em>in</em></strong></span> <span class='ocrx_word' id='word_1_309' title='bbox 1728 3595 1876 3647; x_wconf 89' lang='lat' dir='ltr'><strong><em>illum</em></strong></span> 
     </span>
    </p>
   </div>
   <div class='ocr_carea' id='block_1_37' title="bbox 293 3683 1882 3747">
    <p class='ocr_par' dir='ltr' id='par_1_37' title="bbox 293 3683 1882 3747">
     <span class='ocr_line' id='line_1_37' title="bbox 293 3683 1882 3747; baseline 0.008 -18"><span class='ocrx_word' id='word_1_310' title='bbox 293 3689 671 3747; x_wconf 71' lang='lat' dir='ltr'><strong><em>peccaverant,</em></strong></span> <span class='ocrx_word' id='word_1_311' title='bbox 703 3683 789 3737; x_wconf 84' lang='grc'><strong>16.</strong></span> <span class='ocrx_word' id='word_1_312' title='bbox 820 3683 1148 3738; x_wconf 84' lang='lat' dir='ltr'><strong><em>Advenientes</em></strong></span> <span class='ocrx_word' id='word_1_313' title='bbox 1171 3685 1238 3738; x_wconf 88' lang='lat' dir='ltr'><strong><em>ad</em></strong></span> <span class='ocrx_word' id='word_1_314' title='bbox 1262 3702 1376 3739; x_wconf 90' lang='lat' dir='ltr'><strong><em>eum</em></strong></span> <span class='ocrx_word' id='word_1_315' title='bbox 1414 3686 1650 3741; x_wconf 73' lang='lat' dir='ltr'><strong><em>dixerunt</em></strong></span> <span class='ocrx_word' id='word_1_316' title='bbox 1674 3705 1695 3742; x_wconf 79' lang='lat'><strong><em>.&#39;</em></strong></span> <span class='ocrx_word' id='word_1_317' title='bbox 1721 3687 1882 3742; x_wconf 81' lang='lat' dir='ltr'><strong><em>Pater</em></strong></span> 
     </span>
    </p>
   </div>
   <div class='ocr_carea' id='block_1_38' title="bbox 292 3774 1882 3847">
    <p class='ocr_par' dir='ltr' id='par_1_38' title="bbox 292 3774 1882 3847">
     <span class='ocr_line' id='line_1_38' title="bbox 292 3774 1882 3847; baseline 0.01 -27"><span class='ocrx_word' id='word_1_318' title='bbox 292 3781 417 3822; x_wconf 83' lang='lat' dir='ltr'><strong><em>tuus</em></strong></span> <span class='ocrx_word' id='word_1_319' title='bbox 455 3774 705 3841; x_wconf 85' lang='lat' dir='ltr'><strong><em>adjuravit</em></strong></span> <span class='ocrx_word' id='word_1_320' title='bbox 735 3791 828 3829; x_wconf 87' lang='lat' dir='ltr'><strong><em>nos</em></strong></span> <span class='ocrx_word' id='word_1_321' title='bbox 857 3777 995 3844; x_wconf 87' lang='lat' dir='ltr'><strong><em>prius</em></strong></span> <span class='ocrx_word' id='word_1_322' title='bbox 1022 3794 1170 3846; x_wconf 89' lang='lat' dir='ltr'><strong><em>quam</em></strong></span> <span class='ocrx_word' id='word_1_323' title='bbox 1202 3790 1480 3832; x_wconf 88' lang='lat' dir='ltr'><strong><em>moreretur</em></strong></span> <span class='ocrx_word' id='word_1_324' title='bbox 1508 3823 1522 3847; x_wconf 88' lang='lat'><strong><em>,</em></strong></span> <span class='ocrx_word' id='word_1_325' title='bbox 1546 3781 1716 3835; x_wconf 84' lang='lat' dir='ltr'><strong><em>dicens</em></strong></span> <span class='ocrx_word' id='word_1_326' title='bbox 1743 3799 1761 3835; x_wconf 90' lang='lat'><strong><em>:</em></strong></span> <span class='ocrx_word' id='word_1_327' title='bbox 1787 3782 1882 3836; x_wconf 88' lang='lat' dir='ltr'><strong><em>Di-</em></strong></span> 
     </span>
    </p>
   </div>
   <div class='ocr_carea' id='block_1_39' title="bbox 286 3858 1882 3943">
    <p class='ocr_par' dir='ltr' id='par_1_39' title="bbox 286 3858 1882 3943">
     <span class='ocr_line' id='line_1_39' title="bbox 286 3858 1882 3943; baseline 0.009 -32"><span class='ocrx_word' id='word_1_328' title='bbox 286 3861 397 3913; x_wconf 76' lang='lat' dir='ltr'><strong><em>cite</em></strong></span> <span class='ocrx_word' id='word_1_329' title='bbox 420 3858 611 3929; x_wconf 71' lang='lat' dir='ltr'><strong><em>Ioseph</em></strong></span> <span class='ocrx_word' id='word_1_330' title='bbox 643 3904 658 3929; x_wconf 91' lang='lat'><strong><em>,</em></strong></span> <span class='ocrx_word' id='word_1_331' title='bbox 686 3862 879 3918; x_wconf 78' lang='lat' dir='ltr'><strong><em>dimitte</em></strong></span> <span class='ocrx_word' id='word_1_332' title='bbox 924 3867 995 3920; x_wconf 87' lang='lat' dir='ltr'><strong><em>eis</em></strong></span> <span class='ocrx_word' id='word_1_333' title='bbox 1046 3867 1346 3936; x_wconf 87' lang='lat' dir='ltr'><strong><em>injustitiam</em></strong></span> <span class='ocrx_word' id='word_1_334' title='bbox 1383 3870 1512 3923; x_wconf 87' lang='lat' dir='ltr'><strong><em>hanc</em></strong></span> <span class='ocrx_word' id='word_1_335' title='bbox 1548 3881 1596 3926; x_wconf 89' lang='lat' dir='ltr'><strong><em>et</em></strong></span> <span class='ocrx_word' id='word_1_336' title='bbox 1622 3883 1882 3943; x_wconf 86' lang='lat' dir='ltr'><strong><em>peccatum</em></strong></span> 
     </span>
    </p>
   </div>
   <div class='ocr_carea' id='block_1_40' title="bbox 289 3952 1881 4029">
    <p class='ocr_par' dir='ltr' id='par_1_40' title="bbox 289 3952 1881 4029">
     <span class='ocr_line' id='line_1_40' title="bbox 289 3952 1881 4029; baseline 0.008 -26"><span class='ocrx_word' id='word_1_337' title='bbox 289 3967 489 4005; x_wconf 81' lang='lat' dir='ltr'><strong><em>eorum.</em></strong></span> <span class='ocrx_word' id='word_1_338' title='bbox 540 3952 668 4008; x_wconf 82' lang='lat' dir='ltr'><strong><em>Vide</em></strong></span> <span class='ocrx_word' id='word_1_339' title='bbox 714 3955 903 4009; x_wconf 87' lang='lat' dir='ltr'><strong><em>iterum</em></strong></span> <span class='ocrx_word' id='word_1_340' title='bbox 935 3999 949 4022; x_wconf 93' lang='lat'><strong><em>,</em></strong></span> <span class='ocrx_word' id='word_1_341' title='bbox 982 3958 1248 4026; x_wconf 91' lang='lat' dir='ltr'><strong><em>quomodo</em></strong></span> <span class='ocrx_word' id='word_1_342' title='bbox 1283 3959 1382 4029; x_wconf 91' lang='lat' dir='ltr'><strong><em>ipsi</em></strong></span> <span class='ocrx_word' id='word_1_343' title='bbox 1423 3971 1760 4015; x_wconf 87' lang='lat' dir='ltr'><strong><em>accusatores</em></strong></span> <span class='ocrx_word' id='word_1_344' title='bbox 1800 3963 1881 4016; x_wconf 90' lang='lat' dir='ltr'><strong><em>sui</em></strong></span> 
     </span>
    </p>
   </div>
   <div class='ocr_carea' id='block_1_41' title="bbox 291 4043 1881 4123">
    <p class='ocr_par' dir='ltr' id='par_1_41' title="bbox 291 4043 1881 4123">
     <span class='ocr_line' id='line_1_41' title="bbox 291 4043 1881 4123; baseline 0.005 -28"><span class='ocrx_word' id='word_1_345' title='bbox 291 4044 531 4110; x_wconf 76' lang='lat' dir='ltr'><strong><em>ipSornm</em></strong></span> <span class='ocrx_word' id='word_1_346' title='bbox 562 4043 689 4097; x_wconf 90' lang='lat' dir='ltr'><strong><em>sint.</em></strong></span> <span class='ocrx_word' id='word_1_347' title='bbox 722 4045 853 4100; x_wconf 74' lang='lat' dir='ltr'><strong><em>Vide</em></strong></span> <span class='ocrx_word' id='word_1_348' title='bbox 880 4057 1073 4115; x_wconf 87' lang='lat' dir='ltr'><strong><em>quanta</em></strong></span> <span class='ocrx_word' id='word_1_349' title='bbox 1109 4058 1191 4103; x_wconf 91' lang='lat' dir='ltr'><strong><em>est</em></strong></span> <span class='ocrx_word' id='word_1_350' title='bbox 1211 4051 1548 4106; x_wconf 62' lang='lat' dir='ltr'><strong><em>conscientiae</em></strong></span> <span class='ocrx_word' id='word_1_351' title='bbox 1587 4052 1881 4123; x_wconf 85' lang='lat' dir='ltr'><strong><em>reprehen-</em></strong></span> 
     </span>
    </p>
   </div>
   <div class='ocr_carea' id='block_1_42' title="bbox 290 4134 1886 4215">
    <p class='ocr_par' dir='ltr' id='par_1_42' title="bbox 290 4134 1886 4215">
     <span class='ocr_line' id='line_1_42' title="bbox 290 4134 1886 4215; baseline 0.008 -28"><span class='ocrx_word' id='word_1_352' title='bbox 290 4135 403 4187; x_wconf 85' lang='lat' dir='ltr'><strong><em>sio.</em></strong></span> <span class='ocrx_word' id='word_1_353' title='bbox 421 4134 649 4190; x_wconf 87' lang='lat' dir='ltr'><strong><em>Omnino</em></strong></span> <span class='ocrx_word' id='word_1_354' title='bbox 674 4139 840 4204; x_wconf 91' lang='lat' dir='ltr'><strong><em>scitis,</em></strong></span> <span class='ocrx_word' id='word_1_355' title='bbox 866 4154 964 4193; x_wconf 89' lang='lat' dir='ltr'><strong><em>vos</em></strong></span> <span class='ocrx_word' id='word_1_356' title='bbox 985 4140 1293 4209; x_wconf 86' lang='lat' dir='ltr'><strong><em>injustitiam</em></strong></span> <span class='ocrx_word' id='word_1_357' title='bbox 1321 4151 1374 4197; x_wconf 90' lang='lat' dir='ltr'><strong><em>et</em></strong></span> <span class='ocrx_word' id='word_1_358' title='bbox 1401 4154 1673 4214; x_wconf 89' lang='lat' dir='ltr'><strong><em>peccatum</em></strong></span> <span class='ocrx_word' id='word_1_359' title='bbox 1700 4160 1886 4215; x_wconf 85' lang='lat' dir='ltr'><strong><em>opera-</em></strong></span> 
     </span>
    </p>
   </div>
   <div class='ocr_carea' id='block_1_43' title="bbox 294 4229 1880 4308">
    <p class='ocr_par' dir='ltr' id='par_1_43' title="bbox 294 4229 1880 4308">
     <span class='ocr_line' id='line_1_43' title="bbox 294 4229 1880 4308; baseline 0.009 -30"><span class='ocrx_word' id='word_1_360' title='bbox 294 4236 380 4278; x_wconf 87' lang='lat' dir='ltr'><strong><em>tos</em></strong></span> <span class='ocrx_word' id='word_1_361' title='bbox 406 4241 542 4291; x_wconf 88' lang='lat' dir='ltr'><strong><em>esse,</em></strong></span> <span class='ocrx_word' id='word_1_362' title='bbox 570 4229 813 4299; x_wconf 86' lang='lat' dir='ltr'><strong><em>malaque</em></strong></span> <span class='ocrx_word' id='word_1_363' title='bbox 839 4232 888 4286; x_wconf 88' lang='lat' dir='ltr'><strong><em>ei</em></strong></span> <span class='ocrx_word' id='word_1_364' title='bbox 911 4231 1235 4289; x_wconf 87' lang='lat' dir='ltr'><strong><em>exhibuisse.</em></strong></span> <span class='ocrx_word' id='word_1_365' title='bbox 1272 4234 1340 4289; x_wconf 89' lang='lat' dir='ltr'><strong><em>Et</em></strong></span> <span class='ocrx_word' id='word_1_366' title='bbox 1362 4254 1494 4291; x_wconf 86' lang='lat' dir='ltr'><strong><em>nunc</em></strong></span> <span class='ocrx_word' id='word_1_367' title='bbox 1519 4240 1694 4308; x_wconf 86' lang='lat' dir='ltr'><strong><em>accipe</em></strong></span> <span class='ocrx_word' id='word_1_368' title='bbox 1736 4240 1880 4308; x_wconf 87' lang='lat' dir='ltr'><strong><em>inju-</em></strong></span> 
     </span>
    </p>
   </div>
   <div class='ocr_carea' id='block_1_44' title="bbox 292 4318 1883 4399">
    <p class='ocr_par' dir='ltr' id='par_1_44' title="bbox 292 4318 1883 4399">
     <span class='ocr_line' id='line_1_44' title="bbox 292 4318 1883 4399; baseline 0.01 -29"><span class='ocrx_word' id='word_1_369' title='bbox 292 4318 488 4370; x_wconf 88' lang='lat' dir='ltr'><strong><em>stitiam</em></strong></span> <span class='ocrx_word' id='word_1_370' title='bbox 517 4336 774 4375; x_wconf 78' lang='lat' dir='ltr'><strong><em>servorum</em></strong></span> <span class='ocrx_word' id='word_1_371' title='bbox 804 4322 898 4377; x_wconf 86' lang='lat' dir='ltr'><strong><em>Dei</em></strong></span> <span class='ocrx_word' id='word_1_372' title='bbox 928 4326 1084 4393; x_wconf 84' lang='lat' dir='ltr'><strong><em>patris</em></strong></span> <span class='ocrx_word' id='word_1_373' title='bbox 1111 4328 1203 4380; x_wconf 89' lang='lat' dir='ltr'><strong><em>tui.</em></strong></span> <span class='ocrx_word' id='word_1_374' title='bbox 1232 4327 1393 4382; x_wconf 82' lang='lat' dir='ltr'><strong><em>Vides</em></strong></span> <span class='ocrx_word' id='word_1_375' title='bbox 1439 4331 1707 4399; x_wconf 90' lang='lat' dir='ltr'><strong><em>quomodo</em></strong></span> <span class='ocrx_word' id='word_1_376' title='bbox 1737 4332 1883 4386; x_wconf 90' lang='lat' dir='ltr'><strong><em>nullo</em></strong></span> 
     </span>
    </p>
   </div>
   <div class='ocr_carea' id='block_1_45' title="bbox 290 4413 1883 4493">
    <p class='ocr_par' dir='ltr' id='par_1_45' title="bbox 290 4413 1883 4493">
     <span class='ocr_line' id='line_1_45' title="bbox 290 4413 1883 4493; baseline 0.008 -30"><span class='ocrx_word' id='word_1_377' title='bbox 290 4420 524 4479; x_wconf 84' lang='lat' dir='ltr'><strong><em>cogente</em></strong></span> <span class='ocrx_word' id='word_1_378' title='bbox 549 4413 628 4465; x_wconf 91' lang='lat' dir='ltr'><strong><em>sui</em></strong></span> <span class='ocrx_word' id='word_1_379' title='bbox 658 4415 860 4481; x_wconf 80' lang='lat' dir='ltr'><strong><em>peccati</em></strong></span> <span class='ocrx_word' id='word_1_380' title='bbox 893 4425 1016 4470; x_wconf 92' lang='lat' dir='ltr'><strong><em>sunt</em></strong></span> <span class='ocrx_word' id='word_1_381' title='bbox 1040 4426 1205 4474; x_wconf 87' lang='lat' dir='ltr'><strong><em>testes</em></strong></span> <span class='ocrx_word' id='word_1_382' title='bbox 1234 4459 1248 4483; x_wconf 96' lang='lat'><strong><em>,</em></strong></span> <span class='ocrx_word' id='word_1_383' title='bbox 1281 4428 1335 4473; x_wconf 91' lang='lat' dir='ltr'><strong><em>et</em></strong></span> <span class='ocrx_word' id='word_1_384' title='bbox 1361 4419 1544 4474; x_wconf 89' lang='lat' dir='ltr'><strong><em>dicunt</em></strong></span> <span class='ocrx_word' id='word_1_385' title='bbox 1578 4440 1589 4474; x_wconf 88' lang='lat'><strong><em>:</em></strong></span> <span class='ocrx_word' id='word_1_386' title='bbox 1621 4422 1764 4476; x_wconf 80' lang='lat' dir='ltr'><strong><em>Dixit</em></strong></span> <span class='ocrx_word' id='word_1_387' title='bbox 1788 4440 1883 4493; x_wconf 77' lang='lat' dir='ltr'><strong><em>pa-</em></strong></span> 
     </span>
    </p>
   </div>
   <div class='ocr_carea' id='block_1_46' title="bbox 298 4502 1884 4579">
    <p class='ocr_par' dir='ltr' id='par_1_46' title="bbox 298 4502 1884 4579">
     <span class='ocr_line' id='line_1_46' title="bbox 298 4502 1884 4579; baseline 0.01 -27"><span class='ocrx_word' id='word_1_388' title='bbox 298 4509 385 4554; x_wconf 88' lang='lat' dir='ltr'><strong><em>ter</em></strong></span> <span class='ocrx_word' id='word_1_389' title='bbox 408 4508 547 4569; x_wconf 85' lang='lat' dir='ltr'><strong><em>tuus,</em></strong></span> <span class='ocrx_word' id='word_1_390' title='bbox 580 4502 787 4558; x_wconf 85' lang='lat' dir='ltr'><strong><em>Dimitte</em></strong></span> <span class='ocrx_word' id='word_1_391' title='bbox 814 4506 885 4559; x_wconf 88' lang='lat' dir='ltr'><strong><em>eis</em></strong></span> <span class='ocrx_word' id='word_1_392' title='bbox 914 4547 931 4572; x_wconf 94' lang='lat'><strong><em>,</em></strong></span> <span class='ocrx_word' id='word_1_393' title='bbox 978 4509 1097 4577; x_wconf 85' lang='lat' dir='ltr'><strong><em>quia</em></strong></span> <span class='ocrx_word' id='word_1_394' title='bbox 1137 4508 1273 4562; x_wconf 87' lang='lat' dir='ltr'><strong><em>mala</em></strong></span> <span class='ocrx_word' id='word_1_395' title='bbox 1300 4511 1387 4563; x_wconf 85' lang='lat' dir='ltr'><strong><em>tibi</em></strong></span> <span class='ocrx_word' id='word_1_396' title='bbox 1430 4512 1761 4567; x_wconf 66' lang='lat' dir='ltr'><strong><em>exhibuerunt</em></strong></span> <span class='ocrx_word' id='word_1_397' title='bbox 1794 4557 1808 4579; x_wconf 92' lang='lat'><strong><em>,</em></strong></span> <span class='ocrx_word' id='word_1_398' title='bbox 1837 4526 1884 4569; x_wconf 86' lang='lat' dir='ltr'><strong><em>et</em></strong></span> 
     </span>
    </p>
   </div>
   <div class='ocr_carea' id='block_1_47' title="bbox 292 4592 1883 4671">
    <p class='ocr_par' dir='ltr' id='par_1_47' title="bbox 292 4592 1883 4671">
     <span class='ocr_line' id='line_1_47' title="bbox 292 4592 1883 4671; baseline 0.011 -28"><span class='ocrx_word' id='word_1_399' title='bbox 292 4592 473 4661; x_wconf 86' lang='lat' dir='ltr'><strong><em>accipe</em></strong></span> <span class='ocrx_word' id='word_1_400' title='bbox 506 4595 810 4662; x_wconf 79' lang='lat' dir='ltr'><strong><em>iniustitiam</em></strong></span> <span class='ocrx_word' id='word_1_401' title='bbox 833 4615 1091 4653; x_wconf 88' lang='lat' dir='ltr'><strong><em>servorum</em></strong></span> <span class='ocrx_word' id='word_1_402' title='bbox 1128 4599 1220 4654; x_wconf 86' lang='lat' dir='ltr'><strong><em>Dei</em></strong></span> <span class='ocrx_word' id='word_1_403' title='bbox 1247 4604 1405 4671; x_wconf 87' lang='lat' dir='ltr'><strong><em>patris</em></strong></span> <span class='ocrx_word' id='word_1_404' title='bbox 1440 4605 1531 4658; x_wconf 87' lang='lat' dir='ltr'><strong><em>tui.</em></strong></span> <span class='ocrx_word' id='word_1_405' title='bbox 1562 4606 1665 4659; x_wconf 90' lang='lat' dir='ltr'><strong><em>Sed</em></strong></span> <span class='ocrx_word' id='word_1_406' title='bbox 1697 4606 1883 4661; x_wconf 89' lang='lat' dir='ltr'><strong><em>beatus</em></strong></span> 
     </span>
    </p>
   </div>
   <div class='ocr_carea' id='block_1_48' title="bbox 296 4683 1883 4761">
    <p class='ocr_par' dir='ltr' id='par_1_48' title="bbox 296 4683 1883 4761">
     <span class='ocr_line' id='line_1_48' title="bbox 296 4683 1883 4761; baseline 0.01 -26"><span class='ocrx_word' id='word_1_407' title='bbox 296 4683 391 4736; x_wconf 85' lang='lat' dir='ltr'><strong><em>hic</em></strong></span> <span class='ocrx_word' id='word_1_408' title='bbox 412 4694 464 4738; x_wconf 90' lang='lat' dir='ltr'><strong><em>et</em></strong></span> <span class='ocrx_word' id='word_1_409' title='bbox 484 4694 625 4740; x_wconf 88' lang='lat' dir='ltr'><strong><em>totus</em></strong></span> <span class='ocrx_word' id='word_1_410' title='bbox 653 4687 935 4742; x_wconf 86' lang='lat' dir='ltr'><strong><em>virtutibus</em></strong></span> <span class='ocrx_word' id='word_1_411' title='bbox 960 4691 1135 4745; x_wconf 87' lang='lat' dir='ltr'><strong><em>clarus</em></strong></span> <span class='ocrx_word' id='word_1_412' title='bbox 1162 4733 1175 4756; x_wconf 93' lang='lat'><strong><em>,</em></strong></span> <span class='ocrx_word' id='word_1_413' title='bbox 1213 4702 1416 4747; x_wconf 88' lang='lat' dir='ltr'><strong><em>tantum</em></strong></span> <span class='ocrx_word' id='word_1_414' title='bbox 1456 4695 1671 4761; x_wconf 86' lang='lat' dir='ltr'><strong><em>aberat,</em></strong></span> <span class='ocrx_word' id='word_1_415' title='bbox 1699 4706 1755 4750; x_wconf 91' lang='lat' dir='ltr'><strong><em>ut</em></strong></span> <span class='ocrx_word' id='word_1_416' title='bbox 1783 4698 1883 4751; x_wconf 79' lang='lat' dir='ltr'><strong><em>ali-</em></strong></span> 
     </span>
    </p>
   </div>
   <div class='ocr_carea' id='block_1_49' title="bbox 293 4780 1880 4856">
    <p class='ocr_par' dir='ltr' id='par_1_49' title="bbox 293 4780 1880 4856">
     <span class='ocr_line' id='line_1_49' title="bbox 293 4780 1880 4856; baseline 0.01 -28"><span class='ocrx_word' id='word_1_417' title='bbox 293 4791 459 4846; x_wconf 87' lang='lat' dir='ltr'><strong><em>quam</em></strong></span> <span class='ocrx_word' id='word_1_418' title='bbox 491 4780 802 4835; x_wconf 88' lang='lat' dir='ltr'><strong><em>memoriam</em></strong></span> <span class='ocrx_word' id='word_1_419' title='bbox 831 4783 1084 4837; x_wconf 90' lang='lat' dir='ltr'><strong><em>retineret</em></strong></span> <span class='ocrx_word' id='word_1_420' title='bbox 1105 4800 1289 4838; x_wconf 84' lang='lat' dir='ltr'><strong><em>eorum</em></strong></span> <span class='ocrx_word' id='word_1_421' title='bbox 1317 4802 1434 4856; x_wconf 71' lang='lat' dir='ltr'><strong><em>qua:</em></strong></span> <span class='ocrx_word' id='word_1_422' title='bbox 1459 4787 1509 4840; x_wconf 93' lang='lat' dir='ltr'><strong><em>in</em></strong></span> <span class='ocrx_word' id='word_1_423' title='bbox 1539 4803 1597 4841; x_wconf 92' lang='lat' dir='ltr'><strong><em>se</em></strong></span> <span class='ocrx_word' id='word_1_424' title='bbox 1626 4788 1880 4856; x_wconf 89' lang='lat' dir='ltr'><strong><em>fecerant,</em></strong></span> 
     </span>
    </p>
   </div>
   <div class='ocr_carea' id='block_1_50' title="bbox 295 4870 1880 4951">
    <p class='ocr_par' dir='ltr' id='par_1_50' title="bbox 295 4870 1880 4951">
     <span class='ocr_line' id='line_1_50' title="bbox 295 4870 1880 4951; baseline 0.009 -29"><span class='ocrx_word' id='word_1_425' title='bbox 295 4878 358 4922; x_wconf 88' lang='lat' dir='ltr'><strong><em>ut</em></strong></span> <span class='ocrx_word' id='word_1_426' title='bbox 383 4870 540 4923; x_wconf 86' lang='lat' dir='ltr'><strong><em>etiam</em></strong></span> <span class='ocrx_word' id='word_1_427' title='bbox 573 4872 748 4927; x_wconf 80' lang='lat' dir='ltr'><strong><em>verbis</em></strong></span> <span class='ocrx_word' id='word_1_428' title='bbox 768 4889 951 4928; x_wconf 88' lang='lat' dir='ltr'><strong><em>eorum</em></strong></span> <span class='ocrx_word' id='word_1_429' title='bbox 979 4876 1174 4930; x_wconf 90' lang='lat' dir='ltr'><strong><em>auditis</em></strong></span> <span class='ocrx_word' id='word_1_430' title='bbox 1198 4880 1542 4934; x_wconf 90' lang='lat' dir='ltr'><strong><em>conturbatus</em></strong></span> <span class='ocrx_word' id='word_1_431' title='bbox 1567 4882 1658 4945; x_wconf 86' lang='lat' dir='ltr'><strong><em>sit,</em></strong></span> <span class='ocrx_word' id='word_1_432' title='bbox 1688 4882 1755 4934; x_wconf 82' lang='lat' dir='ltr'><strong><em>Et</em></strong></span> <span class='ocrx_word' id='word_1_433' title='bbox 1785 4885 1880 4951; x_wconf 84' lang='lat' dir='ltr'><strong><em>fle-</em></strong></span> 
     </span>
    </p>
   </div>
   <div class='ocr_carea' id='block_1_51' title="bbox 290 4959 1884 5037">
    <p class='ocr_par' dir='ltr' id='par_1_51' title="bbox 290 4959 1884 5037">
     <span class='ocr_line' id='line_1_51' title="bbox 290 4959 1884 5037; baseline 0.008 -24"><span class='ocrx_word' id='word_1_434' title='bbox 290 4959 408 5025; x_wconf 84' lang='lat' dir='ltr'><strong><em>vit,</em></strong></span> <span class='ocrx_word' id='word_1_435' title='bbox 441 4962 627 5032; x_wconf 83' lang='lat' dir='ltr'><strong><em>inquit,</em></strong></span> <span class='ocrx_word' id='word_1_436' title='bbox 651 4963 864 5037; x_wconf 83' lang='lat' dir='ltr'><strong><em>Joseph,</em></strong></span> <span class='ocrx_word' id='word_1_437' title='bbox 887 4967 1196 5035; x_wconf 80' lang='lat' dir='ltr'><strong><em>loquentibus</em></strong></span> <span class='ocrx_word' id='word_1_438' title='bbox 1220 4970 1321 5022; x_wconf 89' lang='lat' dir='ltr'><strong><em>illis</em></strong></span> <span class='ocrx_word' id='word_1_439' title='bbox 1349 4988 1533 5023; x_wconf 88' lang='lat' dir='ltr'><strong><em>secum.</em></strong></span> <span class='ocrx_word' id='word_1_440' title='bbox 1591 4973 1678 5027; x_wconf 90' lang='grc'><strong><em>18.</em></strong></span> <span class='ocrx_word' id='word_1_441' title='bbox 1708 4973 1773 5025; x_wconf 83' lang='lat' dir='ltr'><strong><em>Et</em></strong></span> <span class='ocrx_word' id='word_1_442' title='bbox 1803 4990 1884 5026; x_wconf 83' lang='lat' dir='ltr'><strong><em>ve-</em></strong></span> 
     </span>
    </p>
   </div>
   <div class='ocr_carea' id='block_1_52' title="bbox 288 5054 1881 5134">
    <p class='ocr_par' dir='ltr' id='par_1_52' title="bbox 288 5054 1881 5134">
     <span class='ocr_line' id='line_1_52' title="bbox 288 5054 1881 5134; baseline 0.01 -29"><span class='ocrx_word' id='word_1_443' title='bbox 288 5061 502 5117; x_wconf 82' lang='lat' dir='ltr'><strong><em>nerunt,</em></strong></span> <span class='ocrx_word' id='word_1_444' title='bbox 531 5062 578 5106; x_wconf 92' lang='lat' dir='ltr'><strong><em>et</em></strong></span> <span class='ocrx_word' id='word_1_445' title='bbox 604 5054 841 5109; x_wconf 70' lang='lat' dir='ltr'><strong><em>dixerunt</em></strong></span> <span class='ocrx_word' id='word_1_446' title='bbox 866 5098 880 5121; x_wconf 95' lang='lat'><strong><em>,</em></strong></span> <span class='ocrx_word' id='word_1_447' title='bbox 925 5056 1055 5111; x_wconf 82' lang='lat' dir='ltr'><strong><em>Ecce</em></strong></span> <span class='ocrx_word' id='word_1_448' title='bbox 1091 5076 1180 5113; x_wconf 86' lang='lat' dir='ltr'><strong><em>nos</em></strong></span> <span class='ocrx_word' id='word_1_449' title='bbox 1210 5062 1338 5114; x_wconf 89' lang='lat' dir='ltr'><strong><em>servi</em></strong></span> <span class='ocrx_word' id='word_1_450' title='bbox 1370 5063 1602 5119; x_wconf 86' lang='lat' dir='ltr'><strong><em>tui.Vide</em></strong></span> <span class='ocrx_word' id='word_1_451' title='bbox 1628 5075 1881 5134; x_wconf 86' lang='lat' dir='ltr'><strong><em>quantum</em></strong></span> 
     </span>
    </p>
   </div>
   <div class='ocr_carea' id='block_1_53' title="bbox 295 5141 1885 5222">
    <p class='ocr_par' dir='ltr' id='par_1_53' title="bbox 295 5141 1885 5222">
     <span class='ocr_line' id='line_1_53' title="bbox 295 5141 1885 5222; baseline 0.012 -30"><span class='ocrx_word' id='word_1_452' title='bbox 295 5141 475 5195; x_wconf 81' lang='lat' dir='ltr'><strong><em>valeat</em></strong></span> <span class='ocrx_word' id='word_1_453' title='bbox 502 5143 667 5197; x_wconf 87' lang='lat' dir='ltr'><strong><em>virtus</em></strong></span> <span class='ocrx_word' id='word_1_454' title='bbox 688 5185 704 5209; x_wconf 91' lang='lat'><strong><em>,</em></strong></span> <span class='ocrx_word' id='word_1_455' title='bbox 736 5162 894 5215; x_wconf 87' lang='lat' dir='ltr'><strong><em>quam</em></strong></span> <span class='ocrx_word' id='word_1_456' title='bbox 923 5149 1097 5202; x_wconf 89' lang='lat' dir='ltr'><strong><em>valida</em></strong></span> <span class='ocrx_word' id='word_1_457' title='bbox 1143 5160 1196 5204; x_wconf 90' lang='lat' dir='ltr'><strong><em>et</em></strong></span> <span class='ocrx_word' id='word_1_458' title='bbox 1232 5153 1665 5222; x_wconf 77' lang='lat' dir='ltr'><strong><em>inexpugnabilis</em></strong></span> <span class='ocrx_word' id='word_1_459' title='bbox 1691 5159 1758 5209; x_wconf 89' lang='lat' dir='ltr'><strong><em>sit</em></strong></span> <span class='ocrx_word' id='word_1_460' title='bbox 1784 5198 1798 5221; x_wconf 92' lang='lat'><strong><em>,</em></strong></span> <span class='ocrx_word' id='word_1_461' title='bbox 1831 5168 1885 5211; x_wconf 93' lang='lat' dir='ltr'><strong><em>et</em></strong></span> 
     </span>
    </p>
   </div>
   <div class='ocr_carea' id='block_1_54' title="bbox 288 5234 1884 5317">
    <p class='ocr_par' dir='ltr' id='par_1_54' title="bbox 288 5234 1884 5317">
     <span class='ocr_line' id='line_1_54' title="bbox 288 5234 1884 5317; baseline 0.013 -36"><span class='ocrx_word' id='word_1_462' title='bbox 288 5241 495 5297; x_wconf 85' lang='lat' dir='ltr'><strong><em>quanta</em></strong></span> <span class='ocrx_word' id='word_1_463' title='bbox 522 5234 733 5289; x_wconf 67' lang='lat' dir='ltr'><strong><em>malitiae</em></strong></span> <span class='ocrx_word' id='word_1_464' title='bbox 773 5237 1073 5293; x_wconf 88' lang='lat' dir='ltr'><strong><em>infirmitas.</em></strong></span> <span class='ocrx_word' id='word_1_465' title='bbox 1116 5240 1253 5295; x_wconf 87' lang='lat' dir='ltr'><strong><em>Ecce</em></strong></span> <span class='ocrx_word' id='word_1_466' title='bbox 1278 5242 1418 5296; x_wconf 89' lang='lat' dir='ltr'><strong><em>enim</em></strong></span> <span class='ocrx_word' id='word_1_467' title='bbox 1447 5285 1460 5307; x_wconf 90' lang='lat'><strong><em>,</em></strong></span> <span class='ocrx_word' id='word_1_468' title='bbox 1496 5245 1583 5300; x_wconf 88' lang='lat' dir='ltr'><strong><em>ille</em></strong></span> <span class='ocrx_word' id='word_1_469' title='bbox 1609 5288 1621 5309; x_wconf 90' lang='lat'><strong><em>,</em></strong></span> <span class='ocrx_word' id='word_1_470' title='bbox 1654 5251 1741 5317; x_wconf 91' lang='lat' dir='ltr'><strong><em>qui</em></strong></span> <span class='ocrx_word' id='word_1_471' title='bbox 1771 5248 1884 5302; x_wconf 71' lang='lat' dir='ltr'><strong><em>fave</em></strong></span> 
     </span>
    </p>
   </div>
   <div class='ocr_carea' id='block_1_55' title="bbox 285 5322 1881 5401">
    <p class='ocr_par' dir='ltr' id='par_1_55' title="bbox 285 5322 1881 5401">
     <span class='ocr_line' id='line_1_55' title="bbox 285 5322 1881 5401; baseline 0.013 -27"><span class='ocrx_word' id='word_1_472' title='bbox 285 5322 514 5393; x_wconf 89' lang='lat' dir='ltr'><strong><em>quidem</em></strong></span> <span class='ocrx_word' id='word_1_473' title='bbox 543 5338 734 5392; x_wconf 87' lang='lat' dir='ltr'><strong><em>passus</em></strong></span> <span class='ocrx_word' id='word_1_474' title='bbox 750 5337 855 5391; x_wconf 87' lang='lat' dir='ltr'><strong><em>est,</em></strong></span> <span class='ocrx_word' id='word_1_475' title='bbox 886 5339 1105 5399; x_wconf 84' lang='lat' dir='ltr'><strong><em>regnat:</em></strong></span> <span class='ocrx_word' id='word_1_476' title='bbox 1138 5333 1224 5401; x_wconf 86' lang='lat' dir='ltr'><strong><em>qui</em></strong></span> <span class='ocrx_word' id='word_1_477' title='bbox 1253 5344 1429 5389; x_wconf 88' lang='lat' dir='ltr'><strong><em>autem</em></strong></span> <span class='ocrx_word' id='word_1_478' title='bbox 1456 5336 1524 5389; x_wconf 88' lang='lat' dir='ltr'><strong><em>ita</em></strong></span> <span class='ocrx_word' id='word_1_479' title='bbox 1574 5338 1881 5395; x_wconf 80' lang='lat' dir='ltr'><strong><em>afflixerunt</em></strong></span> 
     </span>
    </p>
   </div>
   <div class='ocr_carea' id='block_1_56' title="bbox 298 5414 1876 5493">
    <p class='ocr_par' dir='ltr' id='par_1_56' title="bbox 298 5414 1876 5493">
     <span class='ocr_line' id='line_1_56' title="bbox 298 5414 1876 5493; baseline 0.012 -29"><span class='ocrx_word' id='word_1_480' title='bbox 298 5414 544 5472; x_wconf 81' lang='lat' dir='ltr'><strong><em>fratrem.</em></strong></span> <span class='ocrx_word' id='word_1_481' title='bbox 577 5416 757 5470; x_wconf 88' lang='lat' dir='ltr'><strong><em>famuli</em></strong></span> <span class='ocrx_word' id='word_1_482' title='bbox 788 5419 903 5487; x_wconf 89' lang='lat' dir='ltr'><strong><em>ejus</em></strong></span> <span class='ocrx_word' id='word_1_483' title='bbox 931 5436 1049 5474; x_wconf 90' lang='lat' dir='ltr'><strong><em>esse</em></strong></span> <span class='ocrx_word' id='word_1_484' title='bbox 1078 5434 1233 5477; x_wconf 88' lang='lat' dir='ltr'><strong><em>orant</em></strong></span> <span class='ocrx_word' id='word_1_485' title='bbox 1253 5465 1267 5489; x_wconf 96' lang='lat'><strong><em>,</em></strong></span> <span class='ocrx_word' id='word_1_486' title='bbox 1299 5439 1455 5493; x_wconf 87' lang='lat' dir='ltr'><strong><em>quem</em></strong></span> <span class='ocrx_word' id='word_1_487' title='bbox 1487 5426 1538 5479; x_wconf 88' lang='lat' dir='ltr'><strong><em>in</em></strong></span> <span class='ocrx_word' id='word_1_488' title='bbox 1566 5430 1876 5483; x_wconf 79' lang='lat' dir='ltr'><strong><em>servitutem</em></strong></span> 
     </span>
    </p>
   </div>
   <div class='ocr_carea' id='block_1_57' title="bbox 289 5515 675 5574">
    <p class='ocr_par' dir='ltr' id='par_1_57' title="bbox 289 5515 675 5574">
     <span class='ocr_line' id='line_1_57' title="bbox 289 5515 675 5574; baseline 0.005 -17"><span class='ocrx_word' id='word_1_489' title='bbox 289 5515 675 5574; x_wconf 76' lang='lat' dir='ltr'><strong><em>exposuerant.</em></strong></span> 
     </span>
    </p>
   </div>
   <div class='ocr_carea' id='block_1_58' title="bbox 368 5591 1883 5673">
    <p class='ocr_par' dir='ltr' id='par_1_58' title="bbox 368 5591 1883 5673">
     <span class='ocr_line' id='line_1_58' title="bbox 368 5591 1883 5673; baseline 0.015 -30"><span class='ocrx_word' id='word_1_490' title='bbox 368 5592 420 5643; x_wconf 85' lang='lat'><strong><em>5.</em></strong></span> <span class='ocrx_word' id='word_1_491' title='bbox 456 5591 599 5647; x_wconf 82' lang='lat' dir='ltr'><strong><em>Finis</em></strong></span> <span class='ocrx_word' id='word_1_492' title='bbox 614 5597 835 5651; x_wconf 77' lang='lat' dir='ltr'><strong><em>historia:</em></strong></span> <span class='ocrx_word' id='word_1_493' title='bbox 859 5596 1070 5669; x_wconf 72' lang='lat' dir='ltr'><strong><em>Josephi</em></strong></span> <span class='ocrx_word' id='word_1_494' title='bbox 1092 5619 1110 5666; x_wconf 87' lang='lat'><strong><em>;</em></strong></span> <span class='ocrx_word' id='word_1_495' title='bbox 1136 5607 1319 5673; x_wconf 82' lang='lat' dir='ltr'><strong><em>fratres</em></strong></span> <span class='ocrx_word' id='word_1_496' title='bbox 1342 5621 1453 5658; x_wconf 87' lang='lat' dir='ltr'><strong><em>cum</em></strong></span> <span class='ocrx_word' id='word_1_497' title='bbox 1477 5606 1721 5673; x_wconf 76' lang='lat' dir='ltr'><strong><em>ineffabili</em></strong></span> <span class='ocrx_word' id='word_1_498' title='bbox 1749 5627 1883 5664; x_wconf 84' lang='lat' dir='ltr'><strong><em>man-</em></strong></span> 
     </span>
    </p>
   </div>
   <div class='ocr_carea' id='block_1_59' title="bbox 288 5683 1880 5762">
    <p class='ocr_par' dir='ltr' id='par_1_59' title="bbox 288 5683 1880 5762">
     <span class='ocr_line' id='line_1_59' title="bbox 288 5683 1880 5762; baseline 0.015 -31"><span class='ocrx_word' id='word_1_499' title='bbox 288 5683 562 5737; x_wconf 77' lang='lat' dir='ltr'><strong><em>suetudine</em></strong></span> <span class='ocrx_word' id='word_1_500' title='bbox 584 5687 875 5742; x_wconf 77' lang='lat' dir='ltr'><strong><em>consolatur</em></strong></span> <span class='ocrx_word' id='word_1_501' title='bbox 896 5702 942 5743; x_wconf 88' lang='lat' dir='ltr'><strong><em>et</em></strong></span> <span class='ocrx_word' id='word_1_502' title='bbox 968 5690 1108 5746; x_wconf 89' lang='lat' dir='ltr'><strong><em>bonis</em></strong></span> <span class='ocrx_word' id='word_1_503' title='bbox 1134 5697 1396 5762; x_wconf 87' lang='lat' dir='ltr'><strong><em>cumulat;</em></strong></span> <span class='ocrx_word' id='word_1_504' title='bbox 1423 5700 1639 5753; x_wconf 88' lang='lat' dir='ltr'><strong><em>moriens</em></strong></span> <span class='ocrx_word' id='word_1_505' title='bbox 1667 5702 1880 5755; x_wconf 88' lang='lat' dir='ltr'><strong><em>reditum</em></strong></span> 
     </span>
    </p>
   </div>
   <div class='ocr_carea' id='block_1_60' title="bbox 298 5766 1881 5847">
    <p class='ocr_par' dir='ltr' id='par_1_60' title="bbox 298 5766 1881 5847">
     <span class='ocr_line' id='line_1_60' title="bbox 298 5766 1881 5847; baseline 0.016 -24"><span class='ocrx_word' id='word_1_506' title='bbox 298 5766 592 5829; x_wconf 69' lang='lat' dir='ltr'><strong><em>lua’worum</em></strong></span> <span class='ocrx_word' id='word_1_507' title='bbox 632 5778 1150 5844; x_wconf 56' lang='lat' dir='ltr'><strong><em>proﬁcio—Verum</em></strong></span> <span class='ocrx_word' id='word_1_508' title='bbox 1184 5795 1236 5839; x_wconf 88' lang='lat' dir='ltr'><strong><em>tu</em></strong></span> <span class='ocrx_word' id='word_1_509' title='bbox 1266 5787 1384 5841; x_wconf 91' lang='lat' dir='ltr'><strong><em>audi</em></strong></span> <span class='ocrx_word' id='word_1_510' title='bbox 1416 5788 1751 5846; x_wconf 89' lang='lat' dir='ltr'><strong><em>clementiam</em></strong></span> <span class='ocrx_word' id='word_1_511' title='bbox 1791 5792 1881 5847; x_wconf 61' lang='lat' dir='ltr'><strong><em>Juv</em></strong></span> 
     </span>
    </p>
   </div>
   <div class='ocr_carea' id='block_1_61' title="bbox 1354 347 2527 412">
    <p class='ocr_par' dir='ltr' id='par_1_61' title="bbox 1354 347 2527 412">
     <span class='ocr_line' id='line_1_61' title="bbox 1354 347 2527 412; baseline -0.008 0"><span class='ocrx_word' id='word_1_512' title='bbox 1354 355 1419 412; x_wconf 78' lang='lat' dir='ltr'><strong><em>IN</em></strong></span> <span class='ocrx_word' id='word_1_513' title='bbox 1458 354 1612 410; x_wconf 74' lang='lat' dir='ltr'><strong><em>CAP.</em></strong></span> <span class='ocrx_word' id='word_1_514' title='bbox 1655 353 1716 407; x_wconf 89' lang='lat' dir='ltr'><strong><em>L.</em></strong></span> <span class='ocrx_word' id='word_1_515' title='bbox 1758 349 2004 407; x_wconf 79' lang='lat' dir='ltr'>GENES.</span> <span class='ocrx_word' id='word_1_516' title='bbox 2049 348 2278 404; x_wconf 75' lang='lat' dir='ltr'><strong><em>llOMlL.</em></strong></span> <span class='ocrx_word' id='word_1_517' title='bbox 2320 347 2527 404; x_wconf 72' lang='lat' dir='ltr'><strong><em>LXVII.</em></strong></span> 
     </span>
    </p>
   </div>
   <div class='ocr_carea' id='block_1_62' title="bbox 3461 345 3566 402">
    <p class='ocr_par' dir='ltr' id='par_1_62' title="bbox 3461 345 3566 402">
     <span class='ocr_line' id='line_1_62' title="bbox 3461 345 3566 402; baseline 0.01 -2"><span class='ocrx_word' id='word_1_518' title='bbox 3461 345 3566 402; x_wconf 74' lang='grc'><strong><em>578</em></strong></span> 
     </span>
    </p>
   </div>
   <div class='ocr_carea' id='block_1_63' title="bbox 1978 456 3566 530">
    <p class='ocr_par' dir='ltr' id='par_1_63' title="bbox 1978 456 3566 530">
     <span class='ocr_line' id='line_1_63' title="bbox 1978 456 3566 530; baseline -0.002 -15"><span class='ocrx_word' id='word_1_519' title='bbox 1978 462 2107 530; x_wconf 88' lang='lat' dir='ltr'><strong><em>seph</em></strong></span> <span class='ocrx_word' id='word_1_520' title='bbox 2133 461 2184 514; x_wconf 90' lang='lat' dir='ltr'><strong><em>in</em></strong></span> <span class='ocrx_word' id='word_1_521' title='bbox 2215 460 2401 515; x_wconf 80' lang='lat' dir='ltr'><strong><em>fratres</em></strong></span> <span class='ocrx_word' id='word_1_522' title='bbox 2426 501 2439 527; x_wconf 88' lang='lat'><strong><em>,</em></strong></span> <span class='ocrx_word' id='word_1_523' title='bbox 2474 476 2576 514; x_wconf 90' lang='lat' dir='ltr'><strong><em>non</em></strong></span> <span class='ocrx_word' id='word_1_524' title='bbox 2606 457 2933 513; x_wconf 85' lang='lat' dir='ltr'><strong><em>recordantis</em></strong></span> <span class='ocrx_word' id='word_1_525' title='bbox 2974 456 3288 527; x_wconf 86' lang='lat' dir='ltr'><strong><em>injuriarum</em></strong></span> <span class='ocrx_word' id='word_1_526' title='bbox 3314 497 3328 523; x_wconf 91' lang='lat'><strong><em>,</em></strong></span> <span class='ocrx_word' id='word_1_527' title='bbox 3350 466 3403 512; x_wconf 90' lang='lat' dir='ltr'><strong><em>et</em></strong></span> <span class='ocrx_word' id='word_1_528' title='bbox 3427 474 3566 527; x_wconf 90' lang='lat' dir='ltr'><strong><em>quo-</em></strong></span> 
     </span>
    </p>
   </div>
   <div class='ocr_carea' id='block_1_64' title="bbox 1974 549 3568 619">
    <p class='ocr_par' dir='ltr' id='par_1_64' title="bbox 1974 549 3568 619">
     <span class='ocr_line' id='line_1_64' title="bbox 1974 549 3568 619; baseline -0.003 -13"><span class='ocrx_word' id='word_1_529' title='bbox 1974 552 2133 607; x_wconf 88' lang='lat' dir='ltr'><strong><em>modo</em></strong></span> <span class='ocrx_word' id='word_1_530' title='bbox 2154 553 2402 606; x_wconf 88' lang='lat' dir='ltr'><strong><em>omnibus</em></strong></span> <span class='ocrx_word' id='word_1_531' title='bbox 2429 551 2599 605; x_wconf 89' lang='lat' dir='ltr'><strong><em>modis</em></strong></span> <span class='ocrx_word' id='word_1_532' title='bbox 2629 566 2721 605; x_wconf 90' lang='lat' dir='ltr'><strong><em>eos</em></strong></span> <span class='ocrx_word' id='word_1_533' title='bbox 2751 549 3019 606; x_wconf 87' lang='lat' dir='ltr'><strong><em>consolari</em></strong></span> <span class='ocrx_word' id='word_1_534' title='bbox 3047 549 3169 605; x_wconf 81' lang='lat' dir='ltr'><strong><em>velit</em></strong></span> <span class='ocrx_word' id='word_1_535' title='bbox 3198 591 3212 615; x_wconf 93' lang='lat'><strong><em>,</em></strong></span> <span class='ocrx_word' id='word_1_536' title='bbox 3244 559 3300 605; x_wconf 88' lang='lat' dir='ltr'><strong><em>et</em></strong></span> <span class='ocrx_word' id='word_1_537' title='bbox 3337 550 3417 605; x_wconf 89' lang='lat' dir='ltr'><strong><em>eis</em></strong></span> <span class='ocrx_word' id='word_1_538' title='bbox 3441 564 3568 619; x_wconf 84' lang='lat' dir='ltr'><strong><em>per-</em></strong></span> 
     </span>
    </p>
   </div>
   <div class='ocr_carea' id='block_1_65' title="bbox 1974 638 3566 714">
    <p class='ocr_par' dir='ltr' id='par_1_65' title="bbox 1974 638 3566 714">
     <span class='ocr_line' id='line_1_65' title="bbox 1974 638 3566 714; baseline -0.003 -15"><span class='ocrx_word' id='word_1_539' title='bbox 1974 644 2205 699; x_wconf 79' lang='lat' dir='ltr'><strong><em>suadere</em></strong></span> <span class='ocrx_word' id='word_1_540' title='bbox 2234 686 2249 708; x_wconf 94' lang='lat'><strong><em>,</em></strong></span> <span class='ocrx_word' id='word_1_541' title='bbox 2283 644 2435 714; x_wconf 87' lang='lat' dir='ltr'><strong><em>quasi</em></strong></span> <span class='ocrx_word' id='word_1_542' title='bbox 2460 643 2591 697; x_wconf 86' lang='lat' dir='ltr'><strong><em>nihil</em></strong></span> <span class='ocrx_word' id='word_1_543' title='bbox 2632 646 2682 696; x_wconf 89' lang='lat' dir='ltr'><strong><em>in</em></strong></span> <span class='ocrx_word' id='word_1_544' title='bbox 2731 658 2789 696; x_wconf 88' lang='lat' dir='ltr'><strong><em>se</em></strong></span> <span class='ocrx_word' id='word_1_545' title='bbox 2820 642 3178 712; x_wconf 75' lang='lat' dir='ltr'><strong><em>peccaverint.</em></strong></span> <span class='ocrx_word' id='word_1_546' title='bbox 3209 640 3349 694; x_wconf 87' lang='lat' dir='ltr'><strong><em>Dicit</em></strong></span> <span class='ocrx_word' id='word_1_547' title='bbox 3376 638 3522 695; x_wconf 89' lang='lat' dir='ltr'><strong><em>enim</em></strong></span> <span class='ocrx_word' id='word_1_548' title='bbox 3551 659 3566 695; x_wconf 91' lang='lat'><strong><em>:</em></strong></span> 
     </span>
    </p>
   </div>
   <div class='ocr_carea' id='block_1_66' title="bbox 1975 731 3571 803">
    <p class='ocr_par' dir='ltr' id='par_1_66' title="bbox 1975 731 3571 803">
     <span class='ocr_line' id='line_1_66' title="bbox 1975 731 3571 803; baseline -0.004 -13"><span class='ocrx_word' id='word_1_549' title='bbox 1975 738 2062 792; x_wconf 75' lang='lat'><strong><em>19.</em></strong></span> <span class='ocrx_word' id='word_1_550' title='bbox 2102 736 2180 790; x_wconf 77' lang='lat' dir='ltr'><strong><em>Ne</em></strong></span> <span class='ocrx_word' id='word_1_551' title='bbox 2210 738 2468 798; x_wconf 88' lang='lat' dir='ltr'><strong><em>timeatis;</em></strong></span> <span class='ocrx_word' id='word_1_552' title='bbox 2498 734 2598 789; x_wconf 88' lang='lat' dir='ltr'><strong><em>Dei</em></strong></span> <span class='ocrx_word' id='word_1_553' title='bbox 2626 735 2757 789; x_wconf 85' lang='lat' dir='ltr'><strong><em>enim</em></strong></span> <span class='ocrx_word' id='word_1_554' title='bbox 2789 751 2901 788; x_wconf 87' lang='lat' dir='ltr'><strong><em>sum</em></strong></span> <span class='ocrx_word' id='word_1_555' title='bbox 2940 751 3052 802; x_wconf 88' lang='lat' dir='ltr'><strong><em>ego.</em></strong></span> <span class='ocrx_word' id='word_1_556' title='bbox 3094 733 3189 788; x_wconf 83' lang='grc'><strong>20.</strong></span> <span class='ocrx_word' id='word_1_557' title='bbox 3236 731 3341 786; x_wconf 80' lang='lat' dir='ltr'><strong><em>Vos</em></strong></span> <span class='ocrx_word' id='word_1_558' title='bbox 3376 732 3571 803; x_wconf 79' lang='lat' dir='ltr'><strong><em>cogita-</em></strong></span> 
     </span>
    </p>
   </div>
   <div class='ocr_carea' id='block_1_67' title="bbox 1975 826 3572 897">
    <p class='ocr_par' dir='ltr' id='par_1_67' title="bbox 1975 826 3572 897">
     <span class='ocr_line' id='line_1_67' title="bbox 1975 826 3572 897; baseline -0.002 -16"><span class='ocrx_word' id='word_1_559' title='bbox 1975 829 2065 881; x_wconf 86' lang='lat' dir='ltr'><strong><em>stis</em></strong></span> <span class='ocrx_word' id='word_1_560' title='bbox 2110 839 2285 881; x_wconf 88' lang='lat' dir='ltr'><strong><em>contra</em></strong></span> <span class='ocrx_word' id='word_1_561' title='bbox 2324 844 2402 882; x_wconf 85' lang='lat' dir='ltr'><strong><em>me</em></strong></span> <span class='ocrx_word' id='word_1_562' title='bbox 2441 829 2578 881; x_wconf 87' lang='lat' dir='ltr'><strong><em>mala</em></strong></span> <span class='ocrx_word' id='word_1_563' title='bbox 2607 843 2624 891; x_wconf 88' lang='lat'><strong><em>;</em></strong></span> <span class='ocrx_word' id='word_1_564' title='bbox 2655 827 2794 881; x_wconf 91' lang='lat' dir='ltr'><strong><em>Deus</em></strong></span> <span class='ocrx_word' id='word_1_565' title='bbox 2823 838 2990 880; x_wconf 87' lang='lat' dir='ltr'><strong><em>autem</em></strong></span> <span class='ocrx_word' id='word_1_566' title='bbox 3028 827 3265 897; x_wconf 82' lang='lat' dir='ltr'><strong><em>cogitavit</em></strong></span> <span class='ocrx_word' id='word_1_567' title='bbox 3289 842 3382 895; x_wconf 86' lang='lat' dir='ltr'><strong><em>pro</em></strong></span> <span class='ocrx_word' id='word_1_568' title='bbox 3407 841 3488 878; x_wconf 85' lang='lat' dir='ltr'><strong><em>me</em></strong></span> <span class='ocrx_word' id='word_1_569' title='bbox 3516 826 3572 879; x_wconf 85' lang='lat' dir='ltr'><strong><em>iu</em></strong></span> 
     </span>
    </p>
   </div>
   <div class='ocr_carea' id='block_1_68' title="bbox 1976 918 3571 990">
    <p class='ocr_par' dir='ltr' id='par_1_68' title="bbox 1976 918 3571 990">
     <span class='ocr_line' id='line_1_68' title="bbox 1976 918 3571 990; baseline -0.001 -17"><span class='ocrx_word' id='word_1_570' title='bbox 1976 921 2105 974; x_wconf 88' lang='lat' dir='ltr'><strong><em>bona</em></strong></span> <span class='ocrx_word' id='word_1_571' title='bbox 2128 962 2141 983; x_wconf 92' lang='lat'><strong><em>,</em></strong></span> <span class='ocrx_word' id='word_1_572' title='bbox 2168 920 2420 990; x_wconf 88' lang='lat' dir='ltr'><strong><em>quomodo</em></strong></span> <span class='ocrx_word' id='word_1_573' title='bbox 2447 924 2656 989; x_wconf 88' lang='lat' dir='ltr'><strong><em>factum,</em></strong></span> <span class='ocrx_word' id='word_1_574' title='bbox 2688 920 2817 972; x_wconf 87' lang='lat' dir='ltr'><strong><em>sicut</em></strong></span> <span class='ocrx_word' id='word_1_575' title='bbox 2848 919 2997 972; x_wconf 89' lang='lat' dir='ltr'><strong><em>hodie</em></strong></span> <span class='ocrx_word' id='word_1_576' title='bbox 3018 918 3210 983; x_wconf 82' lang='lat' dir='ltr'><strong><em>videtis,</em></strong></span> <span class='ocrx_word' id='word_1_577' title='bbox 3245 927 3299 970; x_wconf 89' lang='lat' dir='ltr'><strong><em>ut</em></strong></span> <span class='ocrx_word' id='word_1_578' title='bbox 3330 927 3571 986; x_wconf 76' lang='lat' dir='ltr'><strong><em>pascatur</em></strong></span> 
     </span>
    </p>
   </div>
   <div class='ocr_carea' id='block_1_69' title="bbox 1976 1009 3563 1082">
    <p class='ocr_par' dir='ltr' id='par_1_69' title="bbox 1976 1009 3563 1082">
     <span class='ocr_line' id='line_1_69' title="bbox 1976 1009 3563 1082; baseline 0.001 -19"><span class='ocrx_word' id='word_1_579' title='bbox 1976 1012 2195 1082; x_wconf 84' lang='lat' dir='ltr'><strong><em>populus</em></strong></span> <span class='ocrx_word' id='word_1_580' title='bbox 2226 1011 2428 1065; x_wconf 88' lang='lat' dir='ltr'><strong><em>multus.</em></strong></span> <span class='ocrx_word' id='word_1_581' title='bbox 2450 1010 2526 1064; x_wconf 89' lang='lat' dir='ltr'><strong><em>Ne</em></strong></span> <span class='ocrx_word' id='word_1_582' title='bbox 2550 1010 2800 1076; x_wconf 87' lang='lat' dir='ltr'><strong><em>timeatis,</em></strong></span> <span class='ocrx_word' id='word_1_583' title='bbox 2831 1010 3020 1078; x_wconf 87' lang='lat' dir='ltr'><strong><em>inquit,</em></strong></span> <span class='ocrx_word' id='word_1_584' title='bbox 3053 1024 3225 1079; x_wconf 87' lang='lat' dir='ltr'><strong><em>neque</em></strong></span> <span class='ocrx_word' id='word_1_585' title='bbox 3252 1010 3396 1063; x_wconf 81' lang='lat' dir='ltr'><strong><em>anxii</em></strong></span> <span class='ocrx_word' id='word_1_586' title='bbox 3422 1009 3563 1066; x_wconf 84' lang='lat' dir='ltr'><strong><em>sitis:</em></strong></span> 
     </span>
    </p>
   </div>
   <div class='ocr_carea' id='block_1_70' title="bbox 1980 1102 3572 1173">
    <p class='ocr_par' dir='ltr' id='par_1_70' title="bbox 1980 1102 3572 1173">
     <span class='ocr_line' id='line_1_70' title="bbox 1980 1102 3572 1173; baseline 0.002 -17"><span class='ocrx_word' id='word_1_587' title='bbox 1980 1102 2072 1157; x_wconf 86' lang='lat' dir='ltr'><strong><em>Dei</em></strong></span> <span class='ocrx_word' id='word_1_588' title='bbox 2098 1104 2229 1157; x_wconf 89' lang='lat' dir='ltr'><strong><em>enim</em></strong></span> <span class='ocrx_word' id='word_1_589' title='bbox 2255 1121 2364 1158; x_wconf 89' lang='lat' dir='ltr'><strong><em>sum</em></strong></span> <span class='ocrx_word' id='word_1_590' title='bbox 2391 1119 2502 1173; x_wconf 87' lang='lat' dir='ltr'><strong><em>ego,</em></strong></span> <span class='ocrx_word' id='word_1_591' title='bbox 2532 1112 2585 1157; x_wconf 91' lang='lat' dir='ltr'><strong><em>et</em></strong></span> <span class='ocrx_word' id='word_1_592' title='bbox 2608 1103 2886 1157; x_wconf 88' lang='lat' dir='ltr'><strong><em>Dominum</em></strong></span> <span class='ocrx_word' id='word_1_593' title='bbox 2919 1118 3093 1156; x_wconf 91' lang='lat' dir='ltr'><strong><em>meum</em></strong></span> <span class='ocrx_word' id='word_1_594' title='bbox 3124 1102 3303 1156; x_wconf 90' lang='lat' dir='ltr'><strong><em>imitor</em></strong></span> <span class='ocrx_word' id='word_1_595' title='bbox 3326 1145 3342 1168; x_wconf 89' lang='lat'><strong><em>,</em></strong></span> <span class='ocrx_word' id='word_1_596' title='bbox 3373 1118 3437 1157; x_wconf 91' lang='lat' dir='ltr'><strong><em>ac</em></strong></span> <span class='ocrx_word' id='word_1_597' title='bbox 3472 1103 3572 1159; x_wconf 80' lang='lat' dir='ltr'><strong><em>be-</em></strong></span> 
     </span>
    </p>
   </div>
   <div class='ocr_carea' id='block_1_71' title="bbox 1976 1194 3572 1265">
    <p class='ocr_par' dir='ltr' id='par_1_71' title="bbox 1976 1194 3572 1265">
     <span class='ocr_line' id='line_1_71' title="bbox 1976 1194 3572 1265; baseline 0.002 -15"><span class='ocrx_word' id='word_1_598' title='bbox 1976 1196 2166 1251; x_wconf 85' lang='lat' dir='ltr'><strong><em>neﬁcia</em></strong></span> <span class='ocrx_word' id='word_1_599' title='bbox 2211 1197 2507 1265; x_wconf 89' lang='lat' dir='ltr'><strong><em>rependere</em></strong></span> <span class='ocrx_word' id='word_1_600' title='bbox 2550 1195 2740 1250; x_wconf 86' lang='lat' dir='ltr'><strong><em>studeo</em></strong></span> <span class='ocrx_word' id='word_1_601' title='bbox 2784 1195 2849 1249; x_wconf 90' lang='lat' dir='ltr'><strong><em>iis</em></strong></span> <span class='ocrx_word' id='word_1_602' title='bbox 2884 1196 2973 1264; x_wconf 90' lang='lat' dir='ltr'><strong><em>qui</em></strong></span> <span class='ocrx_word' id='word_1_603' title='bbox 3003 1211 3106 1247; x_wconf 90' lang='lat' dir='ltr'><strong><em>non</em></strong></span> <span class='ocrx_word' id='word_1_604' title='bbox 3137 1194 3356 1249; x_wconf 86' lang='lat' dir='ltr'><strong><em>ferenda</em></strong></span> <span class='ocrx_word' id='word_1_605' title='bbox 3384 1206 3572 1253; x_wconf 82' lang='lat' dir='ltr'><strong><em>contra</em></strong></span> 
     </span>
    </p>
   </div>
   <div class='ocr_carea' id='block_1_72' title="bbox 1976 1288 3571 1361">
    <p class='ocr_par' dir='ltr' id='par_1_72' title="bbox 1976 1288 3571 1361">
     <span class='ocr_line' id='line_1_72' title="bbox 1976 1288 3571 1361; baseline -0.002 -17"><span class='ocrx_word' id='word_1_606' title='bbox 1976 1306 2064 1345; x_wconf 89' lang='lat' dir='ltr'><strong><em>me</em></strong></span> <span class='ocrx_word' id='word_1_607' title='bbox 2092 1289 2370 1344; x_wconf 87' lang='lat' dir='ltr'><strong><em>fecerunt:</em></strong></span> <span class='ocrx_word' id='word_1_608' title='bbox 2400 1288 2495 1341; x_wconf 87' lang='lat' dir='ltr'><strong><em>Dei</em></strong></span> <span class='ocrx_word' id='word_1_609' title='bbox 2535 1290 2668 1342; x_wconf 89' lang='lat' dir='ltr'><strong><em>enim</em></strong></span> <span class='ocrx_word' id='word_1_610' title='bbox 2704 1305 2818 1342; x_wconf 88' lang='lat' dir='ltr'><strong><em>sum</em></strong></span> <span class='ocrx_word' id='word_1_611' title='bbox 2859 1305 2969 1358; x_wconf 89' lang='lat' dir='ltr'><strong><em>ego.</em></strong></span> <span class='ocrx_word' id='word_1_612' title='bbox 3015 1288 3222 1343; x_wconf 89' lang='lat' dir='ltr'><strong><em>Deinde</em></strong></span> <span class='ocrx_word' id='word_1_613' title='bbox 3246 1304 3369 1361; x_wconf 86' lang='lat' dir='ltr'><strong><em>cum</em></strong></span> <span class='ocrx_word' id='word_1_614' title='bbox 3412 1304 3571 1342; x_wconf 88' lang='lat' dir='ltr'><strong><em>mon-</em></strong></span> 
     </span>
    </p>
   </div>
   <div class='ocr_carea' id='block_1_73' title="bbox 1976 1381 3566 1452">
    <p class='ocr_par' dir='ltr' id='par_1_73' title="bbox 1976 1381 3566 1452">
     <span class='ocr_line' id='line_1_73' title="bbox 1976 1381 3566 1452; baseline -0.001 -17"><span class='ocrx_word' id='word_1_615' title='bbox 1976 1392 2197 1437; x_wconf 83' lang='lat' dir='ltr'><strong><em>strasset</em></strong></span> <span class='ocrx_word' id='word_1_616' title='bbox 2222 1390 2420 1452; x_wconf 85' lang='lat' dir='ltr'><strong><em>quanta</em></strong></span> <span class='ocrx_word' id='word_1_617' title='bbox 2445 1397 2566 1437; x_wconf 90' lang='lat' dir='ltr'><strong><em>cum</em></strong></span> <span class='ocrx_word' id='word_1_618' title='bbox 2596 1381 2969 1435; x_wconf 84' lang='lat' dir='ltr'><strong><em>benevolentia</em></strong></span> <span class='ocrx_word' id='word_1_619' title='bbox 2996 1390 3350 1450; x_wconf 84' lang='lat' dir='ltr'><strong><em>prosequutus</em></strong></span> <span class='ocrx_word' id='word_1_620' title='bbox 3378 1389 3521 1435; x_wconf 89' lang='lat' dir='ltr'><strong><em>esset</em></strong></span> <span class='ocrx_word' id='word_1_621' title='bbox 3550 1422 3566 1446; x_wconf 92' lang='lat'><strong><em>,</em></strong></span> 
     </span>
    </p>
   </div>
   <div class='ocr_carea' id='block_1_74' title="bbox 1977 1471 3561 1537">
    <p class='ocr_par' dir='ltr' id='par_1_74' title="bbox 1977 1471 3561 1537">
     <span class='ocr_line' id='line_1_74' title="bbox 1977 1471 3561 1537; baseline 0 -11"><span class='ocrx_word' id='word_1_622' title='bbox 1977 1473 2132 1527; x_wconf 84' lang='lat' dir='ltr'><strong><em>dicit:</em></strong></span> <span class='ocrx_word' id='word_1_623' title='bbox 2161 1474 2263 1528; x_wconf 83' lang='lat' dir='ltr'><strong><em>Vos</em></strong></span> <span class='ocrx_word' id='word_1_624' title='bbox 2295 1473 2429 1527; x_wconf 87' lang='lat' dir='ltr'><strong><em>mala</em></strong></span> <span class='ocrx_word' id='word_1_625' title='bbox 2461 1483 2639 1526; x_wconf 86' lang='lat' dir='ltr'><strong><em>mente</em></strong></span> <span class='ocrx_word' id='word_1_626' title='bbox 2659 1472 2777 1525; x_wconf 67' lang='lat' dir='ltr'><strong><em>htee</em></strong></span> <span class='ocrx_word' id='word_1_627' title='bbox 2801 1481 2985 1526; x_wconf 90' lang='lat' dir='ltr'><strong><em>contra</em></strong></span> <span class='ocrx_word' id='word_1_628' title='bbox 3022 1487 3107 1525; x_wconf 87' lang='lat' dir='ltr'><strong><em>me</em></strong></span> <span class='ocrx_word' id='word_1_629' title='bbox 3152 1471 3348 1525; x_wconf 82' lang='lat' dir='ltr'><strong><em>fecistis</em></strong></span> <span class='ocrx_word' id='word_1_630' title='bbox 3378 1514 3391 1537; x_wconf 92' lang='lat'><strong><em>,</em></strong></span> <span class='ocrx_word' id='word_1_631' title='bbox 3420 1472 3561 1527; x_wconf 90' lang='lat' dir='ltr'><strong><em>Deus</em></strong></span> 
     </span>
    </p>
   </div>
   <div class='ocr_carea' id='block_1_75' title="bbox 1977 1562 3574 1620">
    <p class='ocr_par' dir='ltr' id='par_1_75' title="bbox 1977 1562 3574 1620">
     <span class='ocr_line' id='line_1_75' title="bbox 1977 1562 3574 1620; baseline -0.002 -2"><span class='ocrx_word' id='word_1_632' title='bbox 1977 1574 2157 1620; x_wconf 91' lang='lat' dir='ltr'><strong><em>autem</em></strong></span> <span class='ocrx_word' id='word_1_633' title='bbox 2187 1564 2238 1618; x_wconf 92' lang='lat' dir='ltr'><strong><em>in</em></strong></span> <span class='ocrx_word' id='word_1_634' title='bbox 2277 1566 2472 1620; x_wconf 90' lang='lat' dir='ltr'><strong><em>bonum</em></strong></span> <span class='ocrx_word' id='word_1_635' title='bbox 2506 1564 2633 1618; x_wconf 91' lang='lat' dir='ltr'><strong><em>mihi</em></strong></span> <span class='ocrx_word' id='word_1_636' title='bbox 2663 1564 2840 1618; x_wconf 85' lang='lat' dir='ltr'><strong><em>omnia</em></strong></span> <span class='ocrx_word' id='word_1_637' title='bbox 2868 1562 3044 1617; x_wconf 87' lang='lat' dir='ltr'><strong><em>vertit.</em></strong></span> <span class='ocrx_word' id='word_1_638' title='bbox 3074 1562 3275 1615; x_wconf 87' lang='lat' dir='ltr'><strong><em>Idcirco</em></strong></span> <span class='ocrx_word' id='word_1_639' title='bbox 3305 1571 3358 1616; x_wconf 86' lang='lat' dir='ltr'><strong><em>et</em></strong></span> <span class='ocrx_word' id='word_1_640' title='bbox 3380 1562 3574 1615; x_wconf 84' lang='lat' dir='ltr'><strong><em>Paulus</em></strong></span> 
     </span>
    </p>
   </div>
   <div class='ocr_carea' id='block_1_76' title="bbox 1977 1655 3573 1727">
    <p class='ocr_par' dir='ltr' id='par_1_76' title="bbox 1977 1655 3573 1727">
     <span class='ocr_line' id='line_1_76' title="bbox 1977 1655 3573 1727; baseline -0.001 -16"><span class='ocrx_word' id='word_1_641' title='bbox 1977 1658 2218 1712; x_wconf 86' lang='lat' dir='ltr'><strong><em>diccbat:</em></strong></span> <span class='ocrx_word' id='word_1_642' title='bbox 2247 1656 2588 1727; x_wconf 86' lang='lat' dir='ltr'><strong><em>Diligentibus</em></strong></span> <span class='ocrx_word' id='word_1_643' title='bbox 2629 1655 2792 1709; x_wconf 86' lang='lat' dir='ltr'><strong><em>Deum</em></strong></span> <span class='ocrx_word' id='word_1_644' title='bbox 2821 1656 2992 1709; x_wconf 85' lang='lat' dir='ltr'><strong><em>omnia</em></strong></span> <span class='ocrx_word' id='word_1_645' title='bbox 3020 1665 3359 1724; x_wconf 85' lang='lat' dir='ltr'><strong><em>cooperantur</em></strong></span> <span class='ocrx_word' id='word_1_646' title='bbox 3402 1656 3453 1708; x_wconf 90' lang='lat' dir='ltr'><strong><em>iu</em></strong></span> <span class='ocrx_word' id='word_1_647' title='bbox 3482 1656 3573 1709; x_wconf 84' lang='lat' dir='ltr'><strong><em>bo-</em></strong></span> 
     </span>
    </p>
   </div>
   <div class='ocr_carea' id='block_1_77' title="bbox 1977 1748 3577 1820">
    <p class='ocr_par' dir='ltr' id='par_1_77' title="bbox 1977 1748 3577 1820">
     <span class='ocr_line' id='line_1_77' title="bbox 1977 1748 3577 1820; baseline 0 -17"><span class='ocrx_word' id='word_1_648' title='bbox 1977 1768 2097 1803; x_wconf 88' lang='lat' dir='ltr'><strong><em>num</em></strong></span> <span class='ocrx_word' id='word_1_649' title='bbox 2126 1750 2302 1819; x_wconf 82' lang='lat' dir='ltr'><strong><em>(Rom.</em></strong></span> <span class='ocrx_word' id='word_1_650' title='bbox 2332 1753 2386 1804; x_wconf 88' lang='lat'><strong><em>8.</em></strong></span> <span class='ocrx_word' id='word_1_651' title='bbox 2419 1751 2532 1820; x_wconf 83' lang='grc'><strong>28).</strong></span> <span class='ocrx_word' id='word_1_652' title='bbox 2566 1750 2773 1814; x_wconf 85' lang='lat' dir='ltr'><strong><em>Omnia,</em></strong></span> <span class='ocrx_word' id='word_1_653' title='bbox 2809 1748 3001 1818; x_wconf 87' lang='lat' dir='ltr'><strong><em>inquit.</em></strong></span> <span class='ocrx_word' id='word_1_654' title='bbox 3032 1748 3165 1815; x_wconf 86' lang='lat' dir='ltr'><strong><em>Quid</em></strong></span> <span class='ocrx_word' id='word_1_655' title='bbox 3197 1759 3299 1812; x_wconf 88' lang='lat' dir='ltr'><strong><em>est,</em></strong></span> <span class='ocrx_word' id='word_1_656' title='bbox 3333 1749 3519 1801; x_wconf 82' lang='lat' dir='ltr'><strong><em>Omnia</em></strong></span> <span class='ocrx_word' id='word_1_657' title='bbox 3549 1749 3577 1803; x_wconf 88' lang='lat'><strong><em>.’</em></strong></span> 
     </span>
    </p>
   </div>
   <div class='ocr_carea' id='block_1_78' title="bbox 1978 1841 3577 1912">
    <p class='ocr_par' dir='ltr' id='par_1_78' title="bbox 1978 1841 3577 1912">
     <span class='ocr_line' id='line_1_78' title="bbox 1978 1841 3577 1912; baseline -0.001 -14"><span class='ocrx_word' id='word_1_658' title='bbox 1978 1844 2045 1898; x_wconf 88' lang='lat' dir='ltr'><strong><em>Et</em></strong></span> <span class='ocrx_word' id='word_1_659' title='bbox 2073 1843 2318 1908; x_wconf 90' lang='lat' dir='ltr'><strong><em>adversa,</em></strong></span> <span class='ocrx_word' id='word_1_660' title='bbox 2347 1852 2399 1897; x_wconf 89' lang='lat' dir='ltr'><strong><em>et</em></strong></span> <span class='ocrx_word' id='word_1_661' title='bbox 2426 1859 2542 1912; x_wconf 77' lang='lat' dir='ltr'><strong><em>qua:</em></strong></span> <span class='ocrx_word' id='word_1_662' title='bbox 2563 1842 2881 1896; x_wconf 88' lang='lat' dir='ltr'><strong><em>contristare</em></strong></span> <span class='ocrx_word' id='word_1_663' title='bbox 2912 1841 3181 1907; x_wconf 90' lang='lat' dir='ltr'><strong><em>videntur,</em></strong></span> <span class='ocrx_word' id='word_1_664' title='bbox 3210 1842 3370 1896; x_wconf 89' lang='lat' dir='ltr'><strong><em>etiam</em></strong></span> <span class='ocrx_word' id='word_1_665' title='bbox 3401 1843 3498 1896; x_wconf 91' lang='lat' dir='ltr'><strong><em>ista</em></strong></span> <span class='ocrx_word' id='word_1_666' title='bbox 3522 1844 3577 1897; x_wconf 90' lang='lat' dir='ltr'><strong><em>in</em></strong></span> 
     </span>
    </p>
   </div>
   <div class='ocr_carea' id='block_1_79' title="bbox 1978 1931 3573 2002">
    <p class='ocr_par' dir='ltr' id='par_1_79' title="bbox 1978 1931 3573 2002">
     <span class='ocr_line' id='line_1_79' title="bbox 1978 1931 3573 2002; baseline -0.002 -15"><span class='ocrx_word' id='word_1_667' title='bbox 1978 1932 2174 1987; x_wconf 90' lang='lat' dir='ltr'><strong><em>bonum</em></strong></span> <span class='ocrx_word' id='word_1_668' title='bbox 2202 1943 2388 1988; x_wconf 87' lang='lat' dir='ltr'><strong><em>mutat.</em></strong></span> <span class='ocrx_word' id='word_1_669' title='bbox 2434 1934 2544 1987; x_wconf 87' lang='lat' dir='ltr'><strong><em>Hoc</em></strong></span> <span class='ocrx_word' id='word_1_670' title='bbox 2584 1935 2765 2002; x_wconf 89' lang='lat' dir='ltr'><strong><em>utique</em></strong></span> <span class='ocrx_word' id='word_1_671' title='bbox 2792 1941 2845 1987; x_wconf 90' lang='lat' dir='ltr'><strong><em>et</em></strong></span> <span class='ocrx_word' id='word_1_672' title='bbox 2869 1932 2920 1985; x_wconf 91' lang='lat' dir='ltr'><strong><em>in</em></strong></span> <span class='ocrx_word' id='word_1_673' title='bbox 2952 1932 3051 1986; x_wconf 91' lang='lat' dir='ltr'><strong><em>hoc</em></strong></span> <span class='ocrx_word' id='word_1_674' title='bbox 3073 1932 3217 2000; x_wconf 83' lang='lat' dir='ltr'><strong><em>justo</em></strong></span> <span class='ocrx_word' id='word_1_675' title='bbox 3246 1931 3439 1986; x_wconf 71' lang='lat' dir='ltr'><strong><em>factum</em></strong></span> <span class='ocrx_word' id='word_1_676' title='bbox 3470 1943 3573 1988; x_wconf 89' lang='lat' dir='ltr'><strong><em>est.</em></strong></span> 
     </span>
    </p>
   </div>
   <div class='ocr_carea' id='block_1_80' title="bbox 1978 2026 3576 2097">
    <p class='ocr_par' dir='ltr' id='par_1_80' title="bbox 1978 2026 3576 2097">
     <span class='ocr_line' id='line_1_80' title="bbox 1978 2026 3576 2097; baseline 0 -17"><span class='ocrx_word' id='word_1_677' title='bbox 1978 2026 2109 2080; x_wconf 86' lang='lat' dir='ltr'><strong><em>Nam</em></strong></span> <span class='ocrx_word' id='word_1_678' title='bbox 2137 2043 2253 2097; x_wconf 86' lang='lat' dir='ltr'><strong><em>quae</em></strong></span> <span class='ocrx_word' id='word_1_679' title='bbox 2295 2044 2325 2081; x_wconf 90' lang='lat' dir='ltr'><strong><em>a</em></strong></span> <span class='ocrx_word' id='word_1_680' title='bbox 2367 2026 2620 2083; x_wconf 82' lang='lat' dir='ltr'><strong><em>fratribus</em></strong></span> <span class='ocrx_word' id='word_1_681' title='bbox 2647 2028 2781 2082; x_wconf 86' lang='lat' dir='ltr'><strong><em>facta</em></strong></span> <span class='ocrx_word' id='word_1_682' title='bbox 2810 2036 2971 2093; x_wconf 92' lang='lat' dir='ltr'><strong><em>sunt,</em></strong></span> <span class='ocrx_word' id='word_1_683' title='bbox 3005 2043 3065 2081; x_wconf 89' lang='lat' dir='ltr'><strong><em>ea</em></strong></span> <span class='ocrx_word' id='word_1_684' title='bbox 3094 2027 3323 2081; x_wconf 78' lang='lat' dir='ltr'><strong><em>maxime</em></strong></span> <span class='ocrx_word' id='word_1_685' title='bbox 3350 2041 3576 2096; x_wconf 81' lang='lat' dir='ltr'><strong><em>regnum</em></strong></span> 
     </span>
    </p>
   </div>
   <div class='ocr_carea' id='block_1_81' title="bbox 1978 2118 3572 2189">
    <p class='ocr_par' dir='ltr' id='par_1_81' title="bbox 1978 2118 3572 2189">
     <span class='ocr_line' id='line_1_81' title="bbox 1978 2118 3572 2189; baseline 0 -18"><span class='ocrx_word' id='word_1_686' title='bbox 1978 2118 2029 2171; x_wconf 91' lang='lat' dir='ltr'><strong><em>ci</em></strong></span> <span class='ocrx_word' id='word_1_687' title='bbox 2072 2118 2426 2172; x_wconf 88' lang='lat' dir='ltr'><strong><em>conciliarunt</em></strong></span> <span class='ocrx_word' id='word_1_688' title='bbox 2471 2128 2689 2188; x_wconf 87' lang='lat' dir='ltr'><strong><em>propter</em></strong></span> <span class='ocrx_word' id='word_1_689' title='bbox 2717 2120 2809 2172; x_wconf 89' lang='lat' dir='ltr'><strong><em>Dei</em></strong></span> <span class='ocrx_word' id='word_1_690' title='bbox 2842 2120 3154 2188; x_wconf 87' lang='lat' dir='ltr'><strong><em>sapientiam</em></strong></span> <span class='ocrx_word' id='word_1_691' title='bbox 3188 2160 3203 2185; x_wconf 96' lang='lat'><strong><em>,</em></strong></span> <span class='ocrx_word' id='word_1_692' title='bbox 3244 2135 3364 2189; x_wconf 65' lang='lat' dir='ltr'><strong><em>qua:</em></strong></span> <span class='ocrx_word' id='word_1_693' title='bbox 3392 2119 3572 2172; x_wconf 87' lang='lat' dir='ltr'><strong><em>omnia</em></strong></span> 
     </span>
    </p>
   </div>
   <div class='ocr_carea' id='block_1_82' title="bbox 1980 2208 3575 2278">
    <p class='ocr_par' dir='ltr' id='par_1_82' title="bbox 1980 2208 3575 2278">
     <span class='ocr_line' id='line_1_82' title="bbox 1980 2208 3575 2278; baseline -0.001 -15"><span class='ocrx_word' id='word_1_694' title='bbox 1980 2208 2115 2263; x_wconf 79' lang='lat' dir='ltr'><strong><em>mala</em></strong></span> <span class='ocrx_word' id='word_1_695' title='bbox 2147 2209 2198 2262; x_wconf 93' lang='lat' dir='ltr'><strong><em>in</em></strong></span> <span class='ocrx_word' id='word_1_696' title='bbox 2224 2209 2420 2263; x_wconf 88' lang='lat' dir='ltr'><strong><em>bonum</em></strong></span> <span class='ocrx_word' id='word_1_697' title='bbox 2448 2217 2761 2263; x_wconf 88' lang='lat' dir='ltr'><strong><em>commutat.</em></strong></span> <span class='ocrx_word' id='word_1_698' title='bbox 2794 2208 2859 2263; x_wconf 88' lang='lat' dir='ltr'><strong><em>Ut</em></strong></span> <span class='ocrx_word' id='word_1_699' title='bbox 2890 2219 3147 2278; x_wconf 84' lang='lat' dir='ltr'><strong><em>pascatur,</em></strong></span> <span class='ocrx_word' id='word_1_700' title='bbox 3180 2210 3367 2278; x_wconf 89' lang='lat' dir='ltr'><strong><em>inquit,</em></strong></span> <span class='ocrx_word' id='word_1_701' title='bbox 3407 2226 3575 2278; x_wconf 82' lang='lat' dir='ltr'><strong><em>popu-</em></strong></span> 
     </span>
    </p>
   </div>
   <div class='ocr_carea' id='block_1_83' title="bbox 1980 2302 3575 2359">
    <p class='ocr_par' dir='ltr' id='par_1_83' title="bbox 1980 2302 3575 2359">
     <span class='ocr_line' id='line_1_83' title="bbox 1980 2302 3575 2359; baseline 0.001 -2"><span class='ocrx_word' id='word_1_702' title='bbox 1980 2303 2059 2357; x_wconf 87' lang='lat' dir='ltr'><strong><em>lus</em></strong></span> <span class='ocrx_word' id='word_1_703' title='bbox 2086 2303 2297 2357; x_wconf 87' lang='lat' dir='ltr'><strong><em>multus.</em></strong></span> <span class='ocrx_word' id='word_1_704' title='bbox 2341 2302 2456 2358; x_wconf 88' lang='lat' dir='ltr'><strong><em>Non</em></strong></span> <span class='ocrx_word' id='word_1_705' title='bbox 2494 2303 2666 2358; x_wconf 90' lang='lat' dir='ltr'><strong><em>solum</em></strong></span> <span class='ocrx_word' id='word_1_706' title='bbox 2719 2313 2893 2359; x_wconf 89' lang='lat' dir='ltr'><strong><em>vestra</em></strong></span> <span class='ocrx_word' id='word_1_707' title='bbox 2924 2319 3083 2359; x_wconf 90' lang='lat' dir='ltr'><strong><em>causa</em></strong></span> <span class='ocrx_word' id='word_1_708' title='bbox 3114 2305 3226 2358; x_wconf 85' lang='lat' dir='ltr'><strong><em>haec</em></strong></span> <span class='ocrx_word' id='word_1_709' title='bbox 3270 2305 3323 2358; x_wconf 90' lang='lat' dir='ltr'><strong><em>in</em></strong></span> <span class='ocrx_word' id='word_1_710' title='bbox 3376 2305 3575 2359; x_wconf 81' lang='lat' dir='ltr'><strong><em>bonum</em></strong></span> 
     </span>
    </p>
   </div>
   <div class='ocr_carea' id='block_1_84' title="bbox 1979 2394 3572 2465">
    <p class='ocr_par' dir='ltr' id='par_1_84' title="bbox 1979 2394 3572 2465">
     <span class='ocr_line' id='line_1_84' title="bbox 1979 2394 3572 2465; baseline 0.003 -19"><span class='ocrx_word' id='word_1_711' title='bbox 1979 2394 2136 2447; x_wconf 85' lang='lat' dir='ltr'><strong><em>vertit</em></strong></span> <span class='ocrx_word' id='word_1_712' title='bbox 2167 2434 2180 2458; x_wconf 93' lang='lat'><strong><em>,</em></strong></span> <span class='ocrx_word' id='word_1_713' title='bbox 2223 2394 2316 2448; x_wconf 88' lang='lat' dir='ltr'><strong><em>sed</em></strong></span> <span class='ocrx_word' id='word_1_714' title='bbox 2345 2403 2402 2448; x_wconf 84' lang='lat' dir='ltr'><strong><em>ut</em></strong></span> <span class='ocrx_word' id='word_1_715' title='bbox 2427 2403 2480 2449; x_wconf 86' lang='lat' dir='ltr'><strong><em>et</em></strong></span> <span class='ocrx_word' id='word_1_716' title='bbox 2506 2396 2680 2449; x_wconf 90' lang='lat' dir='ltr'><strong><em>omnis</em></strong></span> <span class='ocrx_word' id='word_1_717' title='bbox 2708 2396 2795 2449; x_wconf 88' lang='lat' dir='ltr'><strong><em>ille</em></strong></span> <span class='ocrx_word' id='word_1_718' title='bbox 2823 2395 3049 2465; x_wconf 90' lang='lat' dir='ltr'><strong><em>populus</em></strong></span> <span class='ocrx_word' id='word_1_719' title='bbox 3080 2395 3225 2465; x_wconf 88' lang='lat' dir='ltr'><strong><em>pasci</em></strong></span> <span class='ocrx_word' id='word_1_720' title='bbox 3256 2396 3443 2465; x_wconf 89' lang='lat' dir='ltr'><strong><em>possit.</em></strong></span> <span class='ocrx_word' id='word_1_721' title='bbox 3478 2395 3572 2450; x_wconf 87' lang='grc'><strong><em>21.</em></strong></span> 
     </span>
    </p>
   </div>
   <div class='ocr_carea' id='block_1_85' title="bbox 1981 2484 3576 2556">
    <p class='ocr_par' dir='ltr' id='par_1_85' title="bbox 1981 2484 3576 2556">
     <span class='ocr_line' id='line_1_85' title="bbox 1981 2484 3576 2556; baseline 0.002 -19"><span class='ocrx_word' id='word_1_722' title='bbox 1981 2484 2047 2537; x_wconf 82' lang='lat' dir='ltr'><strong><em>Et</em></strong></span> <span class='ocrx_word' id='word_1_723' title='bbox 2070 2486 2196 2537; x_wconf 76' lang='lat' dir='ltr'><strong><em>dixit</em></strong></span> <span class='ocrx_word' id='word_1_724' title='bbox 2222 2487 2292 2539; x_wconf 89' lang='lat' dir='ltr'><strong><em>eis</em></strong></span> <span class='ocrx_word' id='word_1_725' title='bbox 2318 2502 2336 2538; x_wconf 86' lang='lat'><strong><em>:</em></strong></span> <span class='ocrx_word' id='word_1_726' title='bbox 2354 2485 2437 2540; x_wconf 87' lang='lat' dir='ltr'><strong><em>Ne</em></strong></span> <span class='ocrx_word' id='word_1_727' title='bbox 2458 2487 2673 2539; x_wconf 81' lang='lat' dir='ltr'><strong><em>timentis</em></strong></span> <span class='ocrx_word' id='word_1_728' title='bbox 2694 2501 2711 2539; x_wconf 93' lang='lat'><strong><em>:</em></strong></span> <span class='ocrx_word' id='word_1_729' title='bbox 2733 2503 2822 2556; x_wconf 86' lang='lat' dir='ltr'><strong><em>ego</em></strong></span> <span class='ocrx_word' id='word_1_730' title='bbox 2846 2503 3050 2555; x_wconf 85' lang='lat' dir='ltr'><strong><em>pascam</em></strong></span> <span class='ocrx_word' id='word_1_731' title='bbox 3080 2502 3186 2550; x_wconf 85' lang='lat' dir='ltr'><strong><em>vos,</em></strong></span> <span class='ocrx_word' id='word_1_732' title='bbox 3211 2497 3255 2538; x_wconf 86' lang='lat' dir='ltr'><strong><em>et</em></strong></span> <span class='ocrx_word' id='word_1_733' title='bbox 3286 2486 3463 2540; x_wconf 86' lang='lat' dir='ltr'><strong><em>domus</em></strong></span> <span class='ocrx_word' id='word_1_734' title='bbox 3490 2501 3576 2540; x_wconf 82' lang='lat' dir='ltr'><strong><em>ve-</em></strong></span> 
     </span>
    </p>
   </div>
   <div class='ocr_carea' id='block_1_86' title="bbox 1978 2574 3573 2643">
    <p class='ocr_par' dir='ltr' id='par_1_86' title="bbox 1978 2574 3573 2643">
     <span class='ocr_line' id='line_1_86' title="bbox 1978 2574 3573 2643; baseline 0.001 -14"><span class='ocrx_word' id='word_1_735' title='bbox 1978 2584 2129 2629; x_wconf 76' lang='lat' dir='ltr'><strong><em>stras.</em></strong></span> <span class='ocrx_word' id='word_1_736' title='bbox 2162 2574 2229 2628; x_wconf 87' lang='lat' dir='ltr'><strong><em>Et</em></strong></span> <span class='ocrx_word' id='word_1_737' title='bbox 2246 2576 2536 2630; x_wconf 86' lang='lat' dir='ltr'><strong><em>consolatus</em></strong></span> <span class='ocrx_word' id='word_1_738' title='bbox 2557 2587 2627 2630; x_wconf 83' lang='lat' dir='ltr'><strong><em>est</em></strong></span> <span class='ocrx_word' id='word_1_739' title='bbox 2653 2594 2755 2641; x_wconf 90' lang='lat' dir='ltr'><strong><em>eos,</em></strong></span> <span class='ocrx_word' id='word_1_740' title='bbox 2782 2587 2829 2631; x_wconf 90' lang='lat' dir='ltr'><strong><em>et</em></strong></span> <span class='ocrx_word' id='word_1_741' title='bbox 2852 2577 3088 2643; x_wconf 85' lang='lat' dir='ltr'><strong><em>loquutus</em></strong></span> <span class='ocrx_word' id='word_1_742' title='bbox 3109 2586 3181 2629; x_wconf 86' lang='lat' dir='ltr'><strong><em>est</em></strong></span> <span class='ocrx_word' id='word_1_743' title='bbox 3202 2578 3253 2629; x_wconf 90' lang='lat' dir='ltr'><strong><em>iu</em></strong></span> <span class='ocrx_word' id='word_1_744' title='bbox 3274 2593 3363 2629; x_wconf 92' lang='lat' dir='ltr'><strong><em>cor</em></strong></span> <span class='ocrx_word' id='word_1_745' title='bbox 3380 2593 3573 2630; x_wconf 87' lang='lat' dir='ltr'><strong><em>eorum.</em></strong></span> 
     </span>
    </p>
   </div>
   <div class='ocr_carea' id='block_1_87' title="bbox 1981 2667 3575 2739">
    <p class='ocr_par' dir='ltr' id='par_1_87' title="bbox 1981 2667 3575 2739">
     <span class='ocr_line' id='line_1_87' title="bbox 1981 2667 3575 2739; baseline 0 -17"><span class='ocrx_word' id='word_1_746' title='bbox 1981 2667 2116 2735; x_wconf 86' lang='lat' dir='ltr'><strong><em>Quid</em></strong></span> <span class='ocrx_word' id='word_1_747' title='bbox 2140 2670 2317 2738; x_wconf 81' lang='lat' dir='ltr'><strong><em>igitur,</em></strong></span> <span class='ocrx_word' id='word_1_748' title='bbox 2345 2669 2532 2739; x_wconf 86' lang='lat' dir='ltr'><strong><em>inquit,</em></strong></span> <span class='ocrx_word' id='word_1_749' title='bbox 2562 2670 2762 2723; x_wconf 88' lang='lat' dir='ltr'><strong><em>timetis</em></strong></span> <span class='ocrx_word' id='word_1_750' title='bbox 2786 2670 2808 2721; x_wconf 66' lang='grc' dir='ltr'>Τ</span> <span class='ocrx_word' id='word_1_751' title='bbox 2838 2669 2949 2738; x_wconf 86' lang='lat' dir='ltr'><strong><em>Ego</em></strong></span> <span class='ocrx_word' id='word_1_752' title='bbox 2977 2667 3329 2738; x_wconf 89' lang='lat' dir='ltr'><strong><em>suppeditabo</em></strong></span> <span class='ocrx_word' id='word_1_753' title='bbox 3345 2668 3575 2723; x_wconf 89' lang='lat' dir='ltr'><strong><em>alimen-</em></strong></span> 
     </span>
    </p>
   </div>
   <div class='ocr_carea' id='block_1_88' title="bbox 1984 2757 3571 2829">
    <p class='ocr_par' dir='ltr' id='par_1_88' title="bbox 1984 2757 3571 2829">
     <span class='ocr_line' id='line_1_88' title="bbox 1984 2757 3571 2829; baseline -0.003 -15"><span class='ocrx_word' id='word_1_754' title='bbox 1984 2768 2035 2814; x_wconf 82' lang='lat' dir='ltr'><strong><em>ta</em></strong></span> <span class='ocrx_word' id='word_1_755' title='bbox 2064 2761 2215 2815; x_wconf 84' lang='lat' dir='ltr'><strong><em>vobis</em></strong></span> <span class='ocrx_word' id='word_1_756' title='bbox 2248 2804 2264 2827; x_wconf 93' lang='lat'><strong><em>,</em></strong></span> <span class='ocrx_word' id='word_1_757' title='bbox 2296 2769 2349 2814; x_wconf 90' lang='lat' dir='ltr'><strong><em>et</em></strong></span> <span class='ocrx_word' id='word_1_758' title='bbox 2369 2761 2618 2815; x_wconf 90' lang='lat' dir='ltr'><strong><em>omnibus</em></strong></span> <span class='ocrx_word' id='word_1_759' title='bbox 2648 2760 2735 2829; x_wconf 90' lang='lat' dir='ltr'><strong><em>qui</em></strong></span> <span class='ocrx_word' id='word_1_760' title='bbox 2766 2760 3039 2814; x_wconf 85' lang='lat' dir='ltr'><strong><em>vobiscum</em></strong></span> <span class='ocrx_word' id='word_1_761' title='bbox 3062 2768 3204 2814; x_wconf 91' lang='lat' dir='ltr'><strong><em>sunt.</em></strong></span> <span class='ocrx_word' id='word_1_762' title='bbox 3231 2757 3299 2812; x_wconf 89' lang='lat' dir='ltr'><strong><em>Et</em></strong></span> <span class='ocrx_word' id='word_1_763' title='bbox 3331 2760 3571 2813; x_wconf 84' lang='lat' dir='ltr'><strong><em>consola-</em></strong></span> 
     </span>
    </p>
   </div>
   <div class='ocr_carea' id='block_1_89' title="bbox 1986 2849 3576 2921">
    <p class='ocr_par' dir='ltr' id='par_1_89' title="bbox 1986 2849 3576 2921">
     <span class='ocr_line' id='line_1_89' title="bbox 1986 2849 3576 2921; baseline 0.001 -17"><span class='ocrx_word' id='word_1_764' title='bbox 1986 2860 2064 2905; x_wconf 85' lang='lat' dir='ltr'><strong><em>tus</em></strong></span> <span class='ocrx_word' id='word_1_765' title='bbox 2088 2861 2160 2904; x_wconf 88' lang='lat' dir='ltr'><strong><em>est</em></strong></span> <span class='ocrx_word' id='word_1_766' title='bbox 2187 2866 2289 2914; x_wconf 86' lang='lat' dir='ltr'><strong><em>cos,</em></strong></span> <span class='ocrx_word' id='word_1_767' title='bbox 2323 2860 2368 2904; x_wconf 93' lang='lat' dir='ltr'><strong><em>et</em></strong></span> <span class='ocrx_word' id='word_1_768' title='bbox 2399 2850 2635 2921; x_wconf 87' lang='lat' dir='ltr'><strong><em>loquutus</em></strong></span> <span class='ocrx_word' id='word_1_769' title='bbox 2656 2861 2729 2904; x_wconf 91' lang='lat' dir='ltr'><strong><em>est</em></strong></span> <span class='ocrx_word' id='word_1_770' title='bbox 2756 2852 2808 2903; x_wconf 87' lang='lat' dir='ltr'><strong><em>in</em></strong></span> <span class='ocrx_word' id='word_1_771' title='bbox 2834 2867 2922 2903; x_wconf 89' lang='lat' dir='ltr'><strong><em>cor</em></strong></span> <span class='ocrx_word' id='word_1_772' title='bbox 2944 2866 3137 2904; x_wconf 87' lang='lat' dir='ltr'><strong><em>eorum.</em></strong></span> <span class='ocrx_word' id='word_1_773' title='bbox 3167 2849 3281 2903; x_wconf 86' lang='lat' dir='ltr'><strong><em>Non</em></strong></span> <span class='ocrx_word' id='word_1_774' title='bbox 3315 2850 3576 2921; x_wconf 85' lang='lat' dir='ltr'><strong><em>simplici-</em></strong></span> 
     </span>
    </p>
   </div>
   <div class='ocr_carea' id='block_1_90' title="bbox 1984 2944 3576 3011">
    <p class='ocr_par' dir='ltr' id='par_1_90' title="bbox 1984 2944 3576 3011">
     <span class='ocr_line' id='line_1_90' title="bbox 1984 2944 3576 3011; baseline -0.001 -12"><span class='ocrx_word' id='word_1_775' title='bbox 1984 2945 2119 2999; x_wconf 89' lang='lat' dir='ltr'><strong><em>eiler</em></strong></span> <span class='ocrx_word' id='word_1_776' title='bbox 2149 2959 2242 2999; x_wconf 92' lang='lat' dir='ltr'><strong><em>eos</em></strong></span> <span class='ocrx_word' id='word_1_777' title='bbox 2269 2944 2576 2999; x_wconf 75' lang='lat' dir='ltr'><strong><em>consolatus</em></strong></span> <span class='ocrx_word' id='word_1_778' title='bbox 2598 2954 2697 3009; x_wconf 88' lang='lat' dir='ltr'><strong><em>est,</em></strong></span> <span class='ocrx_word' id='word_1_779' title='bbox 2725 2944 2818 2999; x_wconf 89' lang='lat' dir='ltr'><strong><em>sed</em></strong></span> <span class='ocrx_word' id='word_1_780' title='bbox 2854 2953 2999 2998; x_wconf 89' lang='lat' dir='ltr'><strong><em>tanto</em></strong></span> <span class='ocrx_word' id='word_1_781' title='bbox 3023 2960 3152 2999; x_wconf 88' lang='lat' dir='ltr'><strong><em>usus</em></strong></span> <span class='ocrx_word' id='word_1_782' title='bbox 3178 2954 3259 2999; x_wconf 69' lang='lat' dir='ltr'><strong><em>est</em></strong></span> <span class='ocrx_word' id='word_1_783' title='bbox 3284 2944 3485 3011; x_wconf 84' lang='lat' dir='ltr'><strong><em>officio,</em></strong></span> <span class='ocrx_word' id='word_1_784' title='bbox 3516 2953 3576 2998; x_wconf 84' lang='lat' dir='ltr'><strong><em>ut</em></strong></span> 
     </span>
    </p>
   </div>
   <div class='ocr_carea' id='block_1_91' title="bbox 1984 3037 3582 3093">
    <p class='ocr_par' dir='ltr' id='par_1_91' title="bbox 1984 3037 3582 3093">
     <span class='ocr_line' id='line_1_91' title="bbox 1984 3037 3582 3093; baseline 0 -1"><span class='ocrx_word' id='word_1_785' title='bbox 1984 3039 2062 3093; x_wconf 91' lang='lat' dir='ltr'><strong><em>eis</em></strong></span> <span class='ocrx_word' id='word_1_786' title='bbox 2089 3053 2300 3092; x_wconf 90' lang='lat' dir='ltr'><strong><em>omnem</em></strong></span> <span class='ocrx_word' id='word_1_787' title='bbox 2342 3038 2614 3092; x_wconf 87' lang='lat' dir='ltr'><strong><em>tristitiam</em></strong></span> <span class='ocrx_word' id='word_1_788' title='bbox 2638 3053 2668 3092; x_wconf 95' lang='lat' dir='ltr'><strong><em>e</em></strong></span> <span class='ocrx_word' id='word_1_789' title='bbox 2696 3037 2859 3091; x_wconf 90' lang='lat' dir='ltr'><strong><em>corde</em></strong></span> <span class='ocrx_word' id='word_1_790' title='bbox 2884 3038 3166 3093; x_wconf 82' lang='lat' dir='ltr'><strong><em>eximeret.</em></strong></span> <span class='ocrx_word' id='word_1_791' title='bbox 3212 3038 3303 3091; x_wconf 77' lang='grc'><strong><em>22.</em></strong></span> <span class='ocrx_word' id='word_1_792' title='bbox 3341 3037 3406 3091; x_wconf 84' lang='lat' dir='ltr'><strong><em>Et</em></strong></span> <span class='ocrx_word' id='word_1_793' title='bbox 3436 3040 3582 3092; x_wconf 82' lang='lat' dir='ltr'><strong><em>habi-</em></strong></span> 
     </span>
    </p>
   </div>
   <div class='ocr_carea' id='block_1_92' title="bbox 1987 3128 3579 3200">
    <p class='ocr_par' dir='ltr' id='par_1_92' title="bbox 1987 3128 3579 3200">
     <span class='ocr_line' id='line_1_92' title="bbox 1987 3128 3579 3200; baseline -0.001 -17"><span class='ocrx_word' id='word_1_794' title='bbox 1987 3131 2109 3183; x_wconf 89' lang='lat' dir='ltr'><strong><em>tavit</em></strong></span> <span class='ocrx_word' id='word_1_795' title='bbox 2132 3129 2327 3199; x_wconf 86' lang='lat' dir='ltr'><strong><em>Joseph</em></strong></span> <span class='ocrx_word' id='word_1_796' title='bbox 2354 3131 2408 3182; x_wconf 89' lang='lat' dir='ltr'><strong><em>iu</em></strong></span> <span class='ocrx_word' id='word_1_797' title='bbox 2437 3128 2692 3200; x_wconf 61' lang='lat' dir='ltr'><strong><em>Egypto;</em></strong></span> <span class='ocrx_word' id='word_1_798' title='bbox 2720 3130 2828 3199; x_wconf 87' lang='lat' dir='ltr'><strong><em>ipse</em></strong></span> <span class='ocrx_word' id='word_1_799' title='bbox 2854 3138 2902 3182; x_wconf 90' lang='lat' dir='ltr'><strong><em>et</em></strong></span> <span class='ocrx_word' id='word_1_800' title='bbox 2933 3129 3117 3198; x_wconf 79' lang='lat' dir='ltr'><strong><em>fratres</em></strong></span> <span class='ocrx_word' id='word_1_801' title='bbox 3142 3131 3271 3199; x_wconf 80' lang='lat' dir='ltr'><strong><em>ejus,</em></strong></span> <span class='ocrx_word' id='word_1_802' title='bbox 3299 3147 3413 3183; x_wconf 90' lang='lat' dir='ltr'><strong><em>cum</em></strong></span> <span class='ocrx_word' id='word_1_803' title='bbox 3441 3132 3579 3184; x_wconf 87' lang='lat' dir='ltr'><strong><em>omni</em></strong></span> 
     </span>
    </p>
   </div>
   <div class='ocr_carea' id='block_1_93' title="bbox 1987 3219 3583 3292">
    <p class='ocr_par' dir='ltr' id='par_1_93' title="bbox 1987 3219 3583 3292">
     <span class='ocr_line' id='line_1_93' title="bbox 1987 3219 3583 3292; baseline -0.001 -19"><span class='ocrx_word' id='word_1_804' title='bbox 1987 3222 2135 3273; x_wconf 86' lang='lat' dir='ltr'><strong><em>domo</em></strong></span> <span class='ocrx_word' id='word_1_805' title='bbox 2182 3221 2341 3292; x_wconf 86' lang='lat' dir='ltr'><strong><em>patris</em></strong></span> <span class='ocrx_word' id='word_1_806' title='bbox 2375 3221 2470 3274; x_wconf 88' lang='lat' dir='ltr'><strong><em>sui.</em></strong></span> <span class='ocrx_word' id='word_1_807' title='bbox 2513 3221 2601 3275; x_wconf 80' lang='grc'><strong>25.</strong></span> <span class='ocrx_word' id='word_1_808' title='bbox 2646 3220 2712 3273; x_wconf 86' lang='lat' dir='ltr'><strong><em>Et</em></strong></span> <span class='ocrx_word' id='word_1_809' title='bbox 2751 3219 2873 3272; x_wconf 84' lang='lat' dir='ltr'><strong><em>vidit</em></strong></span> <span class='ocrx_word' id='word_1_810' title='bbox 2929 3221 3123 3291; x_wconf 82' lang='lat' dir='ltr'><strong><em>Joseplt</em></strong></span> <span class='ocrx_word' id='word_1_811' title='bbox 3163 3220 3297 3290; x_wconf 76' lang='lat' dir='ltr'><strong><em>filios</em></strong></span> <span class='ocrx_word' id='word_1_812' title='bbox 3333 3220 3583 3292; x_wconf 81' lang='lat' dir='ltr'><strong><em>Ephraim</em></strong></span> 
     </span>
    </p>
   </div>
   <div class='ocr_carea' id='block_1_94' title="bbox 1986 3312 3578 3385">
    <p class='ocr_par' dir='ltr' id='par_1_94' title="bbox 1986 3312 3578 3385">
     <span class='ocr_line' id='line_1_94' title="bbox 1986 3312 3578 3385; baseline 0 -18"><span class='ocrx_word' id='word_1_813' title='bbox 1986 3331 2142 3385; x_wconf 86' lang='lat' dir='ltr'><strong><em>usque</em></strong></span> <span class='ocrx_word' id='word_1_814' title='bbox 2195 3315 2248 3367; x_wconf 89' lang='lat' dir='ltr'><strong><em>in</em></strong></span> <span class='ocrx_word' id='word_1_815' title='bbox 2296 3315 2492 3367; x_wconf 89' lang='lat' dir='ltr'><strong><em>tertiam</em></strong></span> <span class='ocrx_word' id='word_1_816' title='bbox 2534 3314 2926 3383; x_wconf 86' lang='lat' dir='ltr'><strong><em>generationem.</em></strong></span> <span class='ocrx_word' id='word_1_817' title='bbox 2972 3312 3066 3368; x_wconf 75' lang='grc'><strong>24.</strong></span> <span class='ocrx_word' id='word_1_818' title='bbox 3110 3312 3176 3367; x_wconf 81' lang='lat' dir='ltr'><strong><em>Et</em></strong></span> <span class='ocrx_word' id='word_1_819' title='bbox 3216 3316 3454 3384; x_wconf 87' lang='lat' dir='ltr'><strong><em>loquutus</em></strong></span> <span class='ocrx_word' id='word_1_820' title='bbox 3505 3324 3578 3368; x_wconf 83' lang='lat' dir='ltr'><strong><em>est</em></strong></span> 
     </span>
    </p>
   </div>
   <div class='ocr_carea' id='block_1_95' title="bbox 1986 3404 3574 3477">
    <p class='ocr_par' dir='ltr' id='par_1_95' title="bbox 1986 3404 3574 3477">
     <span class='ocr_line' id='line_1_95' title="bbox 1986 3404 3574 3477; baseline 0 -16"><span class='ocrx_word' id='word_1_821' title='bbox 1986 3408 2178 3477; x_wconf 84' lang='lat' dir='ltr'><strong><em>Joscph</em></strong></span> <span class='ocrx_word' id='word_1_822' title='bbox 2212 3407 2454 3477; x_wconf 77' lang='lat' dir='ltr'><strong><em>fratribus</em></strong></span> <span class='ocrx_word' id='word_1_823' title='bbox 2475 3407 2600 3473; x_wconf 85' lang='lat' dir='ltr'><strong><em>suis,</em></strong></span> <span class='ocrx_word' id='word_1_824' title='bbox 2628 3408 2798 3460; x_wconf 88' lang='lat' dir='ltr'><strong><em>dicens</em></strong></span> <span class='ocrx_word' id='word_1_825' title='bbox 2827 3422 2845 3458; x_wconf 90' lang='lat'><strong><em>:</em></strong></span> <span class='ocrx_word' id='word_1_826' title='bbox 2872 3404 3005 3460; x_wconf 78' lang='lat' dir='ltr'><strong><em>Ecce</em></strong></span> <span class='ocrx_word' id='word_1_827' title='bbox 3033 3407 3236 3459; x_wconf 80' lang='lat' dir='ltr'><strong><em>morior.</em></strong></span> <span class='ocrx_word' id='word_1_828' title='bbox 3272 3406 3574 3461; x_wconf 85' lang='lat' dir='ltr'><strong><em>Visitatione</em></strong></span> 
     </span>
    </p>
   </div>
   <div class='ocr_carea' id='block_1_96' title="bbox 1989 3500 3579 3571">
    <p class='ocr_par' dir='ltr' id='par_1_96' title="bbox 1989 3500 3579 3571">
     <span class='ocr_line' id='line_1_96' title="bbox 1989 3500 3579 3571; baseline -0.001 -17"><span class='ocrx_word' id='word_1_829' title='bbox 1989 3512 2160 3555; x_wconf 79' lang='lat' dir='ltr'><strong><em>autem</em></strong></span> <span class='ocrx_word' id='word_1_830' title='bbox 2191 3502 2409 3557; x_wconf 83' lang='lat' dir='ltr'><strong><em>visitabit</em></strong></span> <span class='ocrx_word' id='word_1_831' title='bbox 2436 3518 2521 3556; x_wconf 83' lang='lat' dir='ltr'><strong><em>vos</em></strong></span> <span class='ocrx_word' id='word_1_832' title='bbox 2553 3500 2821 3567; x_wconf 90' lang='lat' dir='ltr'><strong><em>Dominus,</em></strong></span> <span class='ocrx_word' id='word_1_833' title='bbox 2853 3510 2898 3553; x_wconf 91' lang='lat' dir='ltr'><strong><em>et</em></strong></span> <span class='ocrx_word' id='word_1_834' title='bbox 2923 3501 3075 3553; x_wconf 86' lang='lat' dir='ltr'><strong><em>simul</em></strong></span> <span class='ocrx_word' id='word_1_835' title='bbox 3106 3500 3433 3571; x_wconf 86' lang='lat' dir='ltr'><strong><em>deportabitis</em></strong></span> <span class='ocrx_word' id='word_1_836' title='bbox 3463 3518 3579 3555; x_wconf 86' lang='lat' dir='ltr'><strong><em>ossa</em></strong></span> 
     </span>
    </p>
   </div>
   <div class='ocr_carea' id='block_1_97' title="bbox 1989 3591 3584 3664">
    <p class='ocr_par' dir='ltr' id='par_1_97' title="bbox 1989 3591 3584 3664">
     <span class='ocr_line' id='line_1_97' title="bbox 1989 3591 3584 3664; baseline -0.001 -17"><span class='ocrx_word' id='word_1_837' title='bbox 1989 3611 2098 3647; x_wconf 84' lang='lat' dir='ltr'><strong><em>mea</em></strong></span> <span class='ocrx_word' id='word_1_838' title='bbox 2148 3596 2284 3647; x_wconf 85' lang='lat' dir='ltr'><strong><em>hinc.</em></strong></span> <span class='ocrx_word' id='word_1_839' title='bbox 2339 3594 2469 3648; x_wconf 74' lang='lat' dir='ltr'><strong><em>Vide</em></strong></span> <span class='ocrx_word' id='word_1_840' title='bbox 2514 3592 2782 3664; x_wconf 88' lang='lat' dir='ltr'><strong><em>quomodo</em></strong></span> <span class='ocrx_word' id='word_1_841' title='bbox 2811 3600 2865 3646; x_wconf 91' lang='lat' dir='ltr'><strong><em>et</em></strong></span> <span class='ocrx_word' id='word_1_842' title='bbox 2909 3592 2995 3647; x_wconf 90' lang='lat' dir='ltr'><strong><em>ille</em></strong></span> <span class='ocrx_word' id='word_1_843' title='bbox 3023 3591 3210 3646; x_wconf 87' lang='lat' dir='ltr'><strong><em>eadem</em></strong></span> <span class='ocrx_word' id='word_1_844' title='bbox 3256 3607 3374 3662; x_wconf 71' lang='lat' dir='ltr'><strong><em>qum</em></strong></span> <span class='ocrx_word' id='word_1_845' title='bbox 3431 3602 3584 3662; x_wconf 85' lang='lat' dir='ltr'><strong><em>pater</em></strong></span> 
     </span>
    </p>
   </div>
   <div class='ocr_carea' id='block_1_98' title="bbox 1988 3681 3579 3753">
    <p class='ocr_par' dir='ltr' id='par_1_98' title="bbox 1988 3681 3579 3753">
     <span class='ocr_line' id='line_1_98' title="bbox 1988 3681 3579 3753; baseline -0.002 -15"><span class='ocrx_word' id='word_1_846' title='bbox 1988 3692 2167 3738; x_wconf 90' lang='lat' dir='ltr'><strong><em>curat:</em></strong></span> <span class='ocrx_word' id='word_1_847' title='bbox 2197 3684 2382 3739; x_wconf 87' lang='lat' dir='ltr'><strong><em>volens</em></strong></span> <span class='ocrx_word' id='word_1_848' title='bbox 2437 3693 2494 3738; x_wconf 87' lang='lat' dir='ltr'><strong><em>ut</em></strong></span> <span class='ocrx_word' id='word_1_849' title='bbox 2538 3683 2695 3738; x_wconf 79' lang='lat' dir='ltr'><strong><em>simul</em></strong></span> <span class='ocrx_word' id='word_1_850' title='bbox 2723 3681 3060 3738; x_wconf 87' lang='lat' dir='ltr'><strong><em>auferrentur</em></strong></span> <span class='ocrx_word' id='word_1_851' title='bbox 3090 3683 3212 3737; x_wconf 90' lang='lat' dir='ltr'><strong><em>inde</em></strong></span> <span class='ocrx_word' id='word_1_852' title='bbox 3243 3683 3408 3753; x_wconf 88' lang='lat' dir='ltr'><strong><em>ipsius</em></strong></span> <span class='ocrx_word' id='word_1_853' title='bbox 3433 3698 3579 3748; x_wconf 85' lang='lat' dir='ltr'><strong><em>ossa,</em></strong></span> 
     </span>
    </p>
   </div>
   <div class='ocr_carea' id='block_1_99' title="bbox 1989 3775 3581 3846">
    <p class='ocr_par' dir='ltr' id='par_1_99' title="bbox 1989 3775 3581 3846">
     <span class='ocr_line' id='line_1_99' title="bbox 1989 3775 3581 3846; baseline 0.001 -17"><span class='ocrx_word' id='word_1_854' title='bbox 1989 3794 2092 3846; x_wconf 82' lang='lat' dir='ltr'><strong><em>quo</em></strong></span> <span class='ocrx_word' id='word_1_855' title='bbox 2108 3777 2276 3846; x_wconf 79' lang='lat' dir='ltr'><strong><em>magis</em></strong></span> <span class='ocrx_word' id='word_1_856' title='bbox 2298 3792 2483 3833; x_wconf 90' lang='lat' dir='ltr'><strong><em>eorum</em></strong></span> <span class='ocrx_word' id='word_1_857' title='bbox 2504 3775 2915 3832; x_wconf 85' lang='lat' dir='ltr'><strong><em>confirmaretur</em></strong></span> <span class='ocrx_word' id='word_1_858' title='bbox 2934 3789 3106 3840; x_wconf 82' lang='lat' dir='ltr'><strong><em>mens,</em></strong></span> <span class='ocrx_word' id='word_1_859' title='bbox 3133 3783 3186 3828; x_wconf 90' lang='lat' dir='ltr'><strong><em>et</em></strong></span> <span class='ocrx_word' id='word_1_860' title='bbox 3209 3776 3403 3829; x_wconf 89' lang='lat' dir='ltr'><strong><em>bonam</em></strong></span> <span class='ocrx_word' id='word_1_861' title='bbox 3427 3791 3581 3846; x_wconf 73' lang='lat' dir='ltr'><strong><em>Spem</em></strong></span> 
     </span>
    </p>
   </div>
   <div class='ocr_carea' id='block_1_100' title="bbox 1991 3866 3583 3935">
    <p class='ocr_par' dir='ltr' id='par_1_100' title="bbox 1991 3866 3583 3935">
     <span class='ocr_line' id='line_1_100' title="bbox 1991 3866 3583 3935; baseline 0.001 -16"><span class='ocrx_word' id='word_1_862' title='bbox 1991 3868 2247 3922; x_wconf 90' lang='lat' dir='ltr'><strong><em>haberent</em></strong></span> <span class='ocrx_word' id='word_1_863' title='bbox 2265 3868 2331 3921; x_wconf 88' lang='lat' dir='ltr'><strong><em>de</em></strong></span> <span class='ocrx_word' id='word_1_864' title='bbox 2358 3869 2532 3922; x_wconf 87' lang='lat' dir='ltr'><strong><em>reditu</em></strong></span> <span class='ocrx_word' id='word_1_865' title='bbox 2553 3882 2671 3933; x_wconf 91' lang='lat' dir='ltr'><strong><em>suo,</em></strong></span> <span class='ocrx_word' id='word_1_866' title='bbox 2704 3868 2928 3935; x_wconf 87' lang='lat' dir='ltr'><strong><em>primum</em></strong></span> <span class='ocrx_word' id='word_1_867' title='bbox 2953 3866 3056 3920; x_wconf 92' lang='lat' dir='ltr'><strong><em>hoc</em></strong></span> <span class='ocrx_word' id='word_1_868' title='bbox 3083 3866 3341 3935; x_wconf 71' lang='lat' dir='ltr'><strong><em>prmdicit,</em></strong></span> <span class='ocrx_word' id='word_1_869' title='bbox 3376 3868 3583 3921; x_wconf 87' lang='lat' dir='ltr'><strong><em>reditu-</em></strong></span> 
     </span>
    </p>
   </div>
   <div class='ocr_carea' id='block_1_101' title="bbox 1989 3956 3584 4025">
    <p class='ocr_par' dir='ltr' id='par_1_101' title="bbox 1989 3956 3584 4025">
     <span class='ocr_line' id='line_1_101' title="bbox 1989 3956 3584 4025; baseline 0 -14"><span class='ocrx_word' id='word_1_870' title='bbox 1989 3973 2079 4011; x_wconf 87' lang='lat' dir='ltr'><strong><em>ros</em></strong></span> <span class='ocrx_word' id='word_1_871' title='bbox 2105 3957 2224 4012; x_wconf 91' lang='lat' dir='ltr'><strong><em>illos</em></strong></span> <span class='ocrx_word' id='word_1_872' title='bbox 2259 3972 2381 4012; x_wconf 90' lang='lat' dir='ltr'><strong><em>esse</em></strong></span> <span class='ocrx_word' id='word_1_873' title='bbox 2405 3999 2419 4023; x_wconf 94' lang='lat'><strong><em>,</em></strong></span> <span class='ocrx_word' id='word_1_874' title='bbox 2450 3969 2503 4010; x_wconf 90' lang='lat' dir='ltr'><strong><em>et</em></strong></span> <span class='ocrx_word' id='word_1_875' title='bbox 2531 3966 2655 4011; x_wconf 89' lang='lat' dir='ltr'><strong><em>tunc</em></strong></span> <span class='ocrx_word' id='word_1_876' title='bbox 2701 3956 2828 4010; x_wconf 89' lang='lat' dir='ltr'><strong><em>dicit</em></strong></span> <span class='ocrx_word' id='word_1_877' title='bbox 2861 3974 2875 4010; x_wconf 90' lang='lat'><strong><em>:</em></strong></span> <span class='ocrx_word' id='word_1_878' title='bbox 2920 3956 3095 4009; x_wconf 85' lang='lat' dir='ltr'><strong><em>Simul</em></strong></span> <span class='ocrx_word' id='word_1_879' title='bbox 3140 3957 3307 4025; x_wconf 81' lang='lat' dir='ltr'><strong><em>feretis</em></strong></span> <span class='ocrx_word' id='word_1_880' title='bbox 3333 3973 3447 4008; x_wconf 87' lang='lat' dir='ltr'><strong><em>ossa</em></strong></span> <span class='ocrx_word' id='word_1_881' title='bbox 3472 3974 3584 4011; x_wconf 87' lang='lat' dir='ltr'><strong><em>mea</em></strong></span> 
     </span>
    </p>
   </div>
   <div class='ocr_carea' id='block_1_102' title="bbox 1990 4034 3577 4116">
    <p class='ocr_par' dir='ltr' id='par_1_102' title="bbox 1990 4034 3577 4116">
     <span class='ocr_line' id='line_1_102' title="bbox 1990 4034 3577 4116; baseline -0.001 -13"><span class='ocrx_word' id='word_1_882' title='bbox 1990 4050 2107 4103; x_wconf 88' lang='lat' dir='ltr'><strong><em>hinc</em></strong></span> <span class='ocrx_word' id='word_1_883' title='bbox 2148 4049 2419 4102; x_wconf 84' lang='lat' dir='ltr'><strong><em>vobiscum.</em></strong></span> <span class='ocrx_word' id='word_1_884' title='bbox 2454 4049 2566 4102; x_wconf 85' lang='lat' dir='ltr'><strong><em>Hoc</em></strong></span> <span class='ocrx_word' id='word_1_885' title='bbox 2592 4057 2771 4102; x_wconf 88' lang='lat' dir='ltr'><strong><em>autem</em></strong></span> <span class='ocrx_word' id='word_1_886' title='bbox 2802 4063 2909 4101; x_wconf 87' lang='lat' dir='ltr'><strong><em>non</em></strong></span> <span class='ocrx_word' id='word_1_887' title='bbox 2941 4056 3146 4102; x_wconf 90' lang='lat' dir='ltr'><strong><em>temere</em></strong></span> <span class='ocrx_word' id='word_1_888' title='bbox 3173 4034 3345 4116; x_wconf 84' lang='lat' dir='ltr'><strong><em>neque</em></strong></span> <span class='ocrx_word' id='word_1_889' title='bbox 3377 4046 3577 4102; x_wconf 84' lang='lat' dir='ltr'><strong><em>frustra</em></strong></span> 
     </span>
    </p>
   </div>
   <div class='ocr_carea' id='block_1_103' title="bbox 1991 4141 3578 4214">
    <p class='ocr_par' dir='ltr' id='par_1_103' title="bbox 1991 4141 3578 4214">
     <span class='ocr_line' id='line_1_103' title="bbox 1991 4141 3578 4214; baseline 0.001 -17"><span class='ocrx_word' id='word_1_890' title='bbox 1991 4142 2216 4197; x_wconf 83' lang='lat' dir='ltr'><strong><em>faciebat</em></strong></span> <span class='ocrx_word' id='word_1_891' title='bbox 2249 4162 2263 4199; x_wconf 93' lang='lat'><strong><em>:</em></strong></span> <span class='ocrx_word' id='word_1_892' title='bbox 2297 4143 2403 4197; x_wconf 92' lang='lat' dir='ltr'><strong><em>duo</em></strong></span> <span class='ocrx_word' id='word_1_893' title='bbox 2432 4144 2575 4198; x_wconf 89' lang='lat' dir='ltr'><strong><em>enim</em></strong></span> <span class='ocrx_word' id='word_1_894' title='bbox 2594 4142 2820 4213; x_wconf 81' lang='lat' dir='ltr'><strong><em>agebat:</em></strong></span> <span class='ocrx_word' id='word_1_895' title='bbox 2856 4158 3017 4196; x_wconf 88' lang='lat' dir='ltr'><strong><em>unum</em></strong></span> <span class='ocrx_word' id='word_1_896' title='bbox 3049 4183 3062 4207; x_wconf 92' lang='lat'><strong><em>,</em></strong></span> <span class='ocrx_word' id='word_1_897' title='bbox 3100 4158 3167 4196; x_wconf 90' lang='lat' dir='ltr'><strong><em>ne</em></strong></span> <span class='ocrx_word' id='word_1_898' title='bbox 3189 4141 3428 4214; x_wconf 66' lang='lat' dir='ltr'><strong><em>Egyptii</em></strong></span> <span class='ocrx_word' id='word_1_899' title='bbox 3460 4160 3578 4199; x_wconf 83' lang='lat' dir='ltr'><strong><em>me-</em></strong></span> 
     </span>
    </p>
   </div>
   <div class='ocr_carea' id='block_1_104' title="bbox 1989 4234 3585 4304">
    <p class='ocr_par' dir='ltr' id='par_1_104' title="bbox 1989 4234 3585 4304">
     <span class='ocr_line' id='line_1_104' title="bbox 1989 4234 3585 4304; baseline 0.001 -15"><span class='ocrx_word' id='word_1_900' title='bbox 1989 4251 2169 4290; x_wconf 87' lang='lat' dir='ltr'><strong><em>mores</em></strong></span> <span class='ocrx_word' id='word_1_901' title='bbox 2198 4236 2572 4290; x_wconf 87' lang='lat' dir='ltr'><strong><em>beneficiorum</em></strong></span> <span class='ocrx_word' id='word_1_902' title='bbox 2602 4235 2738 4303; x_wconf 84' lang='lat' dir='ltr'><strong><em>ejus,</em></strong></span> <span class='ocrx_word' id='word_1_903' title='bbox 2763 4250 2883 4289; x_wconf 91' lang='lat' dir='ltr'><strong><em>cum</em></strong></span> <span class='ocrx_word' id='word_1_904' title='bbox 2912 4248 3007 4304; x_wconf 90' lang='lat' dir='ltr'><strong><em>pro</em></strong></span> <span class='ocrx_word' id='word_1_905' title='bbox 3036 4250 3187 4288; x_wconf 89' lang='lat' dir='ltr'><strong><em>more</em></strong></span> <span class='ocrx_word' id='word_1_906' title='bbox 3213 4249 3311 4288; x_wconf 86' lang='lat' dir='ltr'><strong><em>suo</em></strong></span> <span class='ocrx_word' id='word_1_907' title='bbox 3342 4234 3490 4289; x_wconf 85' lang='lat' dir='ltr'><strong><em>facile</em></strong></span> <span class='ocrx_word' id='word_1_908' title='bbox 3518 4251 3585 4290; x_wconf 77' lang='lat' dir='ltr'><strong><em>ex</em></strong></span> 
     </span>
    </p>
   </div>
   <div class='ocr_carea' id='block_1_105' title="bbox 1991 4326 3580 4399">
    <p class='ocr_par' dir='ltr' id='par_1_105' title="bbox 1991 4326 3580 4399">
     <span class='ocr_line' id='line_1_105' title="bbox 1991 4326 3580 4399; baseline 0 -18"><span class='ocrx_word' id='word_1_909' title='bbox 1991 4328 2294 4383; x_wconf 81' lang='lat' dir='ltr'><strong><em>hominibus</em></strong></span> <span class='ocrx_word' id='word_1_910' title='bbox 2324 4329 2455 4383; x_wconf 90' lang='lat' dir='ltr'><strong><em>deos</em></strong></span> <span class='ocrx_word' id='word_1_911' title='bbox 2484 4328 2829 4398; x_wconf 88' lang='lat' dir='ltr'><strong><em>appellarent,</em></strong></span> <span class='ocrx_word' id='word_1_912' title='bbox 2859 4341 3056 4399; x_wconf 91' lang='lat' dir='ltr'><strong><em>corpus</em></strong></span> <span class='ocrx_word' id='word_1_913' title='bbox 3076 4326 3206 4395; x_wconf 87' lang='lat' dir='ltr'><strong><em>justi</em></strong></span> <span class='ocrx_word' id='word_1_914' title='bbox 3237 4326 3497 4382; x_wconf 87' lang='lat' dir='ltr'><strong><em>haberent</em></strong></span> <span class='ocrx_word' id='word_1_915' title='bbox 3529 4329 3580 4381; x_wconf 91' lang='lat' dir='ltr'><strong><em>in</em></strong></span> 
     </span>
    </p>
   </div>
   <div class='ocr_carea' id='block_1_106' title="bbox 1993 4414 3641 4489">
    <p class='ocr_par' dir='ltr' id='par_1_106' title="bbox 1993 4414 3641 4489">
     <span class='ocr_line' id='line_1_106' title="bbox 1993 4414 3641 4489; baseline -0.002 -15"><span class='ocrx_word' id='word_1_916' title='bbox 1993 4420 2280 4489; x_wconf 79' lang='lat' dir='ltr'><strong><em>impietatis</em></strong></span> <span class='ocrx_word' id='word_1_917' title='bbox 2318 4421 2695 4474; x_wconf 87' lang='lat' dir='ltr'><strong><em>occasionem:</em></strong></span> <span class='ocrx_word' id='word_1_918' title='bbox 2727 4420 2952 4472; x_wconf 90' lang='lat' dir='ltr'><strong><em>alterum</em></strong></span> <span class='ocrx_word' id='word_1_919' title='bbox 2984 4458 2997 4482; x_wconf 94' lang='lat'><strong><em>,</em></strong></span> <span class='ocrx_word' id='word_1_920' title='bbox 3042 4426 3102 4471; x_wconf 91' lang='lat' dir='ltr'><strong><em>ut</em></strong></span> <span class='ocrx_word' id='word_1_921' title='bbox 3136 4418 3309 4471; x_wconf 86' lang='lat' dir='ltr'><strong><em>securi</em></strong></span> <span class='ocrx_word' id='word_1_922' title='bbox 3351 4429 3404 4471; x_wconf 90' lang='lat' dir='ltr'><strong><em>et</em></strong></span> <span class='ocrx_word' id='word_1_923' title='bbox 3447 4419 3581 4472; x_wconf 84' lang='lat' dir='ltr'><strong><em>certi</em></strong></span> <span class='ocrx_word' id='word_1_924' title='bbox 3638 4414 3641 4416; x_wconf 65' lang='grc'><em>’</em></span> 
     </span>
    </p>
   </div>
   <div class='ocr_carea' id='block_1_107' title="bbox 1992 4506 3582 4567">
    <p class='ocr_par' dir='ltr' id='par_1_107' title="bbox 1992 4506 3582 4567">
     <span class='ocr_line' id='line_1_107' title="bbox 1992 4506 3582 4567; baseline -0.001 -4"><span class='ocrx_word' id='word_1_925' title='bbox 1992 4513 2210 4567; x_wconf 86' lang='lat' dir='ltr'><strong><em>omnino</em></strong></span> <span class='ocrx_word' id='word_1_926' title='bbox 2254 4520 2437 4567; x_wconf 90' lang='lat' dir='ltr'><strong><em>essent</em></strong></span> <span class='ocrx_word' id='word_1_927' title='bbox 2482 4526 2541 4565; x_wconf 87' lang='lat' dir='ltr'><strong><em>se</em></strong></span> <span class='ocrx_word' id='word_1_928' title='bbox 2590 4510 2875 4564; x_wconf 85' lang='lat' dir='ltr'><strong><em>redituros.</em></strong></span> <span class='ocrx_word' id='word_1_929' title='bbox 2910 4508 3043 4563; x_wconf 81' lang='lat' dir='ltr'><strong><em>Nam</em></strong></span> <span class='ocrx_word' id='word_1_930' title='bbox 3088 4508 3189 4561; x_wconf 89' lang='lat' dir='ltr'><strong><em>nisi</em></strong></span> <span class='ocrx_word' id='word_1_931' title='bbox 3237 4506 3336 4561; x_wconf 90' lang='lat' dir='ltr'><strong><em>hoc</em></strong></span> <span class='ocrx_word' id='word_1_932' title='bbox 3377 4516 3582 4563; x_wconf 85' lang='lat' dir='ltr'><strong><em>eertum</em></strong></span> 
     </span>
    </p>
   </div>
   <div class='ocr_carea' id='block_1_108' title="bbox 1992 4599 3584 4672">
    <p class='ocr_par' dir='ltr' id='par_1_108' title="bbox 1992 4599 3584 4672">
     <span class='ocr_line' id='line_1_108' title="bbox 1992 4599 3584 4672; baseline 0 -15"><span class='ocrx_word' id='word_1_933' title='bbox 1992 4603 2197 4669; x_wconf 90' lang='lat' dir='ltr'><strong><em>fuisset,</em></strong></span> <span class='ocrx_word' id='word_1_934' title='bbox 2225 4618 2327 4656; x_wconf 89' lang='lat' dir='ltr'><strong><em>non</em></strong></span> <span class='ocrx_word' id='word_1_935' title='bbox 2350 4603 2595 4672; x_wconf 84' lang='lat' dir='ltr'><strong><em>jussisset</em></strong></span> <span class='ocrx_word' id='word_1_936' title='bbox 2626 4616 2804 4655; x_wconf 90' lang='lat' dir='ltr'><strong><em>secum</em></strong></span> <span class='ocrx_word' id='word_1_937' title='bbox 2837 4606 3112 4666; x_wconf 85' lang='lat' dir='ltr'><strong><em>reportare</em></strong></span> <span class='ocrx_word' id='word_1_938' title='bbox 3141 4613 3280 4653; x_wconf 84' lang='lat' dir='ltr'><strong><em>ossa.</em></strong></span> <span class='ocrx_word' id='word_1_939' title='bbox 3314 4599 3377 4653; x_wconf 87' lang='lat' dir='ltr'><strong><em>Et</em></strong></span> <span class='ocrx_word' id='word_1_940' title='bbox 3399 4599 3584 4657; x_wconf 81' lang='lat' dir='ltr'><strong><em>videre</em></strong></span> 
     </span>
    </p>
   </div>
   <div class='ocr_carea' id='block_1_109' title="bbox 1993 4690 3579 4759">
    <p class='ocr_par' dir='ltr' id='par_1_109' title="bbox 1993 4690 3579 4759">
     <span class='ocr_line' id='line_1_109' title="bbox 1993 4690 3579 4759; baseline 0.001 -12"><span class='ocrx_word' id='word_1_941' title='bbox 1993 4695 2185 4749; x_wconf 87' lang='lat' dir='ltr'><strong><em>licebat</em></strong></span> <span class='ocrx_word' id='word_1_942' title='bbox 2217 4708 2328 4747; x_wconf 88' lang='lat' dir='ltr'><strong><em>rem</em></strong></span> <span class='ocrx_word' id='word_1_943' title='bbox 2365 4708 2558 4747; x_wconf 87' lang='lat' dir='ltr'><strong><em>novam</em></strong></span> <span class='ocrx_word' id='word_1_944' title='bbox 2589 4702 2641 4745; x_wconf 92' lang='lat' dir='ltr'><strong><em>et</em></strong></span> <span class='ocrx_word' id='word_1_945' title='bbox 2666 4690 3034 4745; x_wconf 88' lang='lat' dir='ltr'><strong><em>admirabilem</em></strong></span> <span class='ocrx_word' id='word_1_946' title='bbox 3058 4732 3072 4755; x_wconf 94' lang='lat'><strong><em>,</em></strong></span> <span class='ocrx_word' id='word_1_947' title='bbox 3098 4705 3223 4743; x_wconf 90' lang='lat' dir='ltr'><strong><em>eum</em></strong></span> <span class='ocrx_word' id='word_1_948' title='bbox 3246 4690 3332 4759; x_wconf 83' lang='lat' dir='ltr'><strong><em>qui</em></strong></span> <span class='ocrx_word' id='word_1_949' title='bbox 3360 4705 3579 4748; x_wconf 88' lang='lat' dir='ltr'><strong><em>omnem</em></strong></span> 
     </span>
    </p>
   </div>
   <div class='ocr_carea' id='block_1_110' title="bbox 1991 4782 3582 4856">
    <p class='ocr_par' dir='ltr' id='par_1_110' title="bbox 1991 4782 3582 4856">
     <span class='ocr_line' id='line_1_110' title="bbox 1991 4782 3582 4856; baseline -0.001 -17"><span class='ocrx_word' id='word_1_950' title='bbox 1991 4785 2240 4840; x_wconf 81' lang='lat' dir='ltr'><strong><em>lsraelem</em></strong></span> <span class='ocrx_word' id='word_1_951' title='bbox 2264 4785 2314 4838; x_wconf 91' lang='lat' dir='ltr'><strong><em>in</em></strong></span> <span class='ocrx_word' id='word_1_952' title='bbox 2338 4784 2570 4856; x_wconf 68' lang='lat' dir='ltr'><strong><em>JEgypto</em></strong></span> <span class='ocrx_word' id='word_1_953' title='bbox 2590 4783 2857 4853; x_wconf 88' lang='lat' dir='ltr'><strong><em>pascebat,</em></strong></span> <span class='ocrx_word' id='word_1_954' title='bbox 2885 4782 3032 4837; x_wconf 90' lang='lat' dir='ltr'><strong><em>illum</em></strong></span> <span class='ocrx_word' id='word_1_955' title='bbox 3060 4791 3114 4835; x_wconf 91' lang='lat' dir='ltr'><strong><em>et</em></strong></span> <span class='ocrx_word' id='word_1_956' title='bbox 3138 4782 3328 4837; x_wconf 90' lang='lat' dir='ltr'><strong><em>ducem</em></strong></span> <span class='ocrx_word' id='word_1_957' title='bbox 3357 4784 3582 4847; x_wconf 81' lang='lat' dir='ltr'><strong><em>reditus.</em></strong></span> 
     </span>
    </p>
   </div>
   <div class='ocr_carea' id='block_1_111' title="bbox 1992 4874 3582 4946">
    <p class='ocr_par' dir='ltr' id='par_1_111' title="bbox 1992 4874 3582 4946">
     <span class='ocr_line' id='line_1_111' title="bbox 1992 4874 3582 4946; baseline 0.001 -16"><span class='ocrx_word' id='word_1_958' title='bbox 1992 4885 2046 4931; x_wconf 89' lang='lat' dir='ltr'><strong><em>et</em></strong></span> <span class='ocrx_word' id='word_1_959' title='bbox 2087 4877 2136 4930; x_wconf 93' lang='lat' dir='ltr'><strong><em>in</em></strong></span> <span class='ocrx_word' id='word_1_960' title='bbox 2170 4886 2366 4930; x_wconf 89' lang='lat' dir='ltr'><strong><em>terram</em></strong></span> <span class='ocrx_word' id='word_1_961' title='bbox 2399 4875 2773 4946; x_wconf 89' lang='lat' dir='ltr'><strong><em>promissionis</em></strong></span> <span class='ocrx_word' id='word_1_962' title='bbox 2813 4874 2959 4944; x_wconf 91' lang='lat' dir='ltr'><strong><em>ipsos</em></strong></span> <span class='ocrx_word' id='word_1_963' title='bbox 3008 4874 3453 4929; x_wconf 84' lang='lat' dir='ltr'><strong><em>introduccntcm.</em></strong></span> <span class='ocrx_word' id='word_1_964' title='bbox 3489 4877 3582 4931; x_wconf 77' lang='grc'><strong>25.</strong></span> 
     </span>
    </p>
   </div>
   <div class='ocr_carea' id='block_1_112' title="bbox 1995 4966 3579 5034">
    <p class='ocr_par' dir='ltr' id='par_1_112' title="bbox 1995 4966 3579 5034">
     <span class='ocr_line' id='line_1_112' title="bbox 1995 4966 3579 5034; baseline 0.001 -15"><span class='ocrx_word' id='word_1_965' title='bbox 1995 4967 2058 5019; x_wconf 83' lang='lat' dir='ltr'><strong><em>Et</em></strong></span> <span class='ocrx_word' id='word_1_966' title='bbox 2089 4975 2314 5020; x_wconf 85' lang='lat' dir='ltr'><strong><em>mortuus</em></strong></span> <span class='ocrx_word' id='word_1_967' title='bbox 2340 4977 2413 5021; x_wconf 88' lang='lat' dir='ltr'><strong><em>est</em></strong></span> <span class='ocrx_word' id='word_1_968' title='bbox 2440 4966 2634 5034; x_wconf 76' lang='lat' dir='ltr'><strong><em>Ioseph</em></strong></span> <span class='ocrx_word' id='word_1_969' title='bbox 2664 4983 2826 5019; x_wconf 90' lang='lat' dir='ltr'><strong><em>annos</em></strong></span> <span class='ocrx_word' id='word_1_970' title='bbox 2865 4966 3053 5020; x_wconf 88' lang='lat' dir='ltr'><strong><em>habens</em></strong></span> <span class='ocrx_word' id='word_1_971' title='bbox 3081 4976 3281 5021; x_wconf 86' lang='lat' dir='ltr'><strong><em>centum</em></strong></span> <span class='ocrx_word' id='word_1_972' title='bbox 3309 4977 3356 5021; x_wconf 90' lang='lat' dir='ltr'><strong><em>et</em></strong></span> <span class='ocrx_word' id='word_1_973' title='bbox 3386 4968 3579 5021; x_wconf 85' lang='lat' dir='ltr'><strong><em>decem.</em></strong></span> 
     </span>
    </p>
   </div>
   <div class='ocr_carea' id='block_1_113' title="bbox 1991 5058 3583 5127">
    <p class='ocr_par' dir='ltr' id='par_1_113' title="bbox 1991 5058 3583 5127">
     <span class='ocr_line' id='line_1_113' title="bbox 1991 5058 3583 5127; baseline 0.001 -15"><span class='ocrx_word' id='word_1_974' title='bbox 1991 5058 2167 5124; x_wconf 84' lang='lat' dir='ltr'><strong><em>Quare</em></strong></span> <span class='ocrx_word' id='word_1_975' title='bbox 2212 5058 2368 5113; x_wconf 89' lang='lat' dir='ltr'><strong><em>nobis</em></strong></span> <span class='ocrx_word' id='word_1_976' title='bbox 2411 5068 2464 5113; x_wconf 90' lang='lat' dir='ltr'><strong><em>et</em></strong></span> <span class='ocrx_word' id='word_1_977' title='bbox 2510 5058 2650 5113; x_wconf 90' lang='lat' dir='ltr'><strong><em>illius</em></strong></span> <span class='ocrx_word' id='word_1_978' title='bbox 2686 5072 2856 5112; x_wconf 89' lang='lat' dir='ltr'><strong><em>annos</em></strong></span> <span class='ocrx_word' id='word_1_979' title='bbox 2902 5058 3220 5127; x_wconf 77' lang='lat' dir='ltr'><strong><em>significavit</em></strong></span> <span class='ocrx_word' id='word_1_980' title='bbox 3257 5058 3279 5111; x_wconf 88' lang='lat'><strong>?</strong></span> <span class='ocrx_word' id='word_1_981' title='bbox 3311 5058 3375 5113; x_wconf 83' lang='lat' dir='ltr'><strong><em>Ut</em></strong></span> <span class='ocrx_word' id='word_1_982' title='bbox 3405 5058 3583 5113; x_wconf 76' lang='lat' dir='ltr'><strong><em>discas</em></strong></span> 
     </span>
    </p>
   </div>
   <div class='ocr_carea' id='block_1_114' title="bbox 1992 5148 3585 5221">
    <p class='ocr_par' dir='ltr' id='par_1_114' title="bbox 1992 5148 3585 5221">
     <span class='ocr_line' id='line_1_114' title="bbox 1992 5148 3585 5221; baseline 0 -18"><span class='ocrx_word' id='word_1_983' title='bbox 1992 5160 2121 5219; x_wconf 87' lang='lat' dir='ltr'><strong><em>quot</em></strong></span> <span class='ocrx_word' id='word_1_984' title='bbox 2160 5150 2316 5203; x_wconf 90' lang='lat' dir='ltr'><strong><em>annis</em></strong></span> <span class='ocrx_word' id='word_1_985' title='bbox 2362 5148 2578 5221; x_wconf 64' lang='lat' dir='ltr'><strong><em>Egypti</em></strong></span> <span class='ocrx_word' id='word_1_986' title='bbox 2618 5148 2971 5218; x_wconf 90' lang='lat' dir='ltr'><strong><em>principatum</em></strong></span> <span class='ocrx_word' id='word_1_987' title='bbox 3002 5149 3490 5218; x_wconf 86' lang='lat' dir='ltr'><strong><em>tenuerit.Septem</em></strong></span> <span class='ocrx_word' id='word_1_988' title='bbox 3530 5158 3585 5203; x_wconf 86' lang='lat' dir='ltr'><strong><em>et</em></strong></span> 
     </span>
    </p>
   </div>
   <div class='ocr_carea' id='block_1_115' title="bbox 1990 5238 3583 5308">
    <p class='ocr_par' dir='ltr' id='par_1_115' title="bbox 1990 5238 3583 5308">
     <span class='ocr_line' id='line_1_115' title="bbox 1990 5238 3583 5308; baseline -0.001 -12"><span class='ocrx_word' id='word_1_989' title='bbox 1990 5242 2176 5296; x_wconf 90' lang='lat' dir='ltr'><strong><em>decem</em></strong></span> <span class='ocrx_word' id='word_1_990' title='bbox 2205 5255 2468 5295; x_wconf 88' lang='lat' dir='ltr'><strong><em>annorum</em></strong></span> <span class='ocrx_word' id='word_1_991' title='bbox 2498 5248 2612 5295; x_wconf 85' lang='lat' dir='ltr'><strong><em>erat</em></strong></span> <span class='ocrx_word' id='word_1_992' title='bbox 2637 5282 2651 5307; x_wconf 94' lang='lat'><strong><em>,</em></strong></span> <span class='ocrx_word' id='word_1_993' title='bbox 2680 5256 2800 5295; x_wconf 88' lang='lat' dir='ltr'><strong><em>cum</em></strong></span> <span class='ocrx_word' id='word_1_994' title='bbox 2829 5240 3037 5293; x_wconf 84' lang='lat' dir='ltr'><strong><em>veniret</em></strong></span> <span class='ocrx_word' id='word_1_995' title='bbox 3083 5239 3133 5291; x_wconf 90' lang='lat' dir='ltr'><strong><em>in</em></strong></span> <span class='ocrx_word' id='word_1_996' title='bbox 3176 5238 3462 5308; x_wconf 62' lang='lat' dir='ltr'><strong><em>Egyptum</em></strong></span> <span class='ocrx_word' id='word_1_997' title='bbox 3488 5257 3502 5295; x_wconf 90' lang='lat'><strong><em>:</em></strong></span> <span class='ocrx_word' id='word_1_998' title='bbox 3527 5253 3583 5296; x_wconf 89' lang='lat' dir='ltr'><strong><em>et</em></strong></span> 
     </span>
    </p>
   </div>
   <div class='ocr_carea' id='block_1_116' title="bbox 1995 5330 3574 5404">
    <p class='ocr_par' dir='ltr' id='par_1_116' title="bbox 1995 5330 3574 5404">
     <span class='ocr_line' id='line_1_116' title="bbox 1995 5330 3574 5404; baseline 0.001 -19"><span class='ocrx_word' id='word_1_999' title='bbox 1995 5335 2204 5404; x_wconf 84' lang='lat' dir='ltr'><strong><em>triginta</em></strong></span> <span class='ocrx_word' id='word_1_1000' title='bbox 2231 5349 2490 5389; x_wconf 90' lang='lat' dir='ltr'><strong><em>annorum</em></strong></span> <span class='ocrx_word' id='word_1_1001' title='bbox 2520 5334 2688 5388; x_wconf 88' lang='lat' dir='ltr'><strong><em>factus</em></strong></span> <span class='ocrx_word' id='word_1_1002' title='bbox 2718 5331 3015 5400; x_wconf 86' lang='lat' dir='ltr'><strong><em>comparuit</em></strong></span> <span class='ocrx_word' id='word_1_1003' title='bbox 3042 5345 3220 5383; x_wconf 86' lang='lat' dir='ltr'><strong><em>coram</em></strong></span> <span class='ocrx_word' id='word_1_1004' title='bbox 3250 5330 3529 5387; x_wconf 83' lang='lat' dir='ltr'><strong><em>Pharaone</em></strong></span> <span class='ocrx_word' id='word_1_1005' title='bbox 3558 5376 3574 5393; x_wconf 86' lang='lat'><strong><em>.</em></strong></span> 
     </span>
    </p>
   </div>
   <div class='ocr_carea' id='block_1_117' title="bbox 1992 5421 3577 5494">
    <p class='ocr_par' dir='ltr' id='par_1_117' title="bbox 1992 5421 3577 5494">
     <span class='ocr_line' id='line_1_117' title="bbox 1992 5421 3577 5494; baseline -0.001 -16"><span class='ocrx_word' id='word_1_1006' title='bbox 1992 5437 2046 5480; x_wconf 84' lang='lat' dir='ltr'><strong><em>ct</em></strong></span> <span class='ocrx_word' id='word_1_1007' title='bbox 2075 5427 2453 5494; x_wconf 85' lang='lat' dir='ltr'><strong><em>interpretatus</em></strong></span> <span class='ocrx_word' id='word_1_1008' title='bbox 2496 5432 2578 5478; x_wconf 90' lang='lat' dir='ltr'><strong><em>est</em></strong></span> <span class='ocrx_word' id='word_1_1009' title='bbox 2615 5422 2841 5478; x_wconf 88' lang='lat' dir='ltr'><strong><em>somnia.</em></strong></span> <span class='ocrx_word' id='word_1_1010' title='bbox 2885 5421 3082 5476; x_wconf 86' lang='lat' dir='ltr'><strong><em>Deinde</em></strong></span> <span class='ocrx_word' id='word_1_1011' title='bbox 3124 5423 3391 5491; x_wconf 85' lang='lat' dir='ltr'><strong><em>octoginta</em></strong></span> <span class='ocrx_word' id='word_1_1012' title='bbox 3424 5424 3577 5477; x_wconf 85' lang='lat' dir='ltr'><strong><em>annis</em></strong></span> 
     </span>
    </p>
   </div>
   <div class='ocr_carea' id='block_1_118' title="bbox 1993 5510 3577 5586">
    <p class='ocr_par' dir='ltr' id='par_1_118' title="bbox 1993 5510 3577 5586">
     <span class='ocr_line' id='line_1_118' title="bbox 1993 5510 3577 5586; baseline -0.003 -15"><span class='ocrx_word' id='word_1_1013' title='bbox 1993 5517 2202 5586; x_wconf 74' lang='lat' dir='ltr'><strong><em>prmfuit</em></strong></span> <span class='ocrx_word' id='word_1_1014' title='bbox 2240 5517 2333 5571; x_wconf 91' lang='lat' dir='ltr'><strong><em>toti</em></strong></span> <span class='ocrx_word' id='word_1_1015' title='bbox 2387 5526 2540 5569; x_wconf 74' lang='lat' dir='ltr'><strong><em>terra:</em></strong></span> <span class='ocrx_word' id='word_1_1016' title='bbox 2566 5512 2802 5581; x_wconf 65' lang='lat' dir='ltr'><strong><em>Egypti.</em></strong></span> <span class='ocrx_word' id='word_1_1017' title='bbox 2847 5510 3038 5566; x_wconf 83' lang='lat' dir='ltr'><strong><em>Vidisti</em></strong></span> <span class='ocrx_word' id='word_1_1018' title='bbox 3079 5512 3348 5582; x_wconf 89' lang='lat' dir='ltr'><strong><em>quomodo</em></strong></span> <span class='ocrx_word' id='word_1_1019' title='bbox 3376 5512 3577 5585; x_wconf 84' lang='lat' dir='ltr'><strong><em>majora</em></strong></span> 
     </span>
    </p>
   </div>
   <div class='ocr_carea' id='block_1_119' title="bbox 1992 5602 3581 5676">
    <p class='ocr_par' dir='ltr' id='par_1_119' title="bbox 1992 5602 3581 5676">
     <span class='ocr_line' id='line_1_119' title="bbox 1992 5602 3581 5676; baseline -0.001 -15"><span class='ocrx_word' id='word_1_1020' title='bbox 1992 5608 2100 5662; x_wconf 91' lang='lat' dir='ltr'><strong><em>sint</em></strong></span> <span class='ocrx_word' id='word_1_1021' title='bbox 2145 5606 2356 5676; x_wconf 85' lang='lat' dir='ltr'><strong><em>praemia</em></strong></span> <span class='ocrx_word' id='word_1_1022' title='bbox 2402 5619 2560 5673; x_wconf 86' lang='lat' dir='ltr'><strong><em>quam</em></strong></span> <span class='ocrx_word' id='word_1_1023' title='bbox 2590 5602 2799 5657; x_wconf 88' lang='lat' dir='ltr'><strong><em>labores</em></strong></span> <span class='ocrx_word' id='word_1_1024' title='bbox 2826 5643 2840 5661; x_wconf 82' lang='lat'><strong><em>,</em></strong></span> <span class='ocrx_word' id='word_1_1025' title='bbox 2872 5602 3357 5674; x_wconf 87' lang='lat' dir='ltr'><strong><em>retrtbutionesque</em></strong></span> <span class='ocrx_word' id='word_1_1026' title='bbox 3397 5604 3581 5659; x_wconf 30' lang='lat' dir='ltr'><strong><em>multis</em></strong></span> 
     </span>
    </p>
   </div>
   <div class='ocr_carea' id='block_1_120' title="bbox 1993 5693 3578 5768">
    <p class='ocr_par' dir='ltr' id='par_1_120' title="bbox 1993 5693 3578 5768">
     <span class='ocr_line' id='line_1_120' title="bbox 1993 5693 3578 5768; baseline -0.001 -17"><span class='ocrx_word' id='word_1_1027' title='bbox 1993 5699 2155 5768; x_wconf 87' lang='lat' dir='ltr'><strong><em>plices</em></strong></span> <span class='ocrx_word' id='word_1_1028' title='bbox 2183 5696 2207 5750; x_wconf 89' lang='lat'><strong>?</strong></span> <span class='ocrx_word' id='word_1_1029' title='bbox 2233 5694 2510 5750; x_wconf 85' lang='lat' dir='ltr'><strong><em>Tredeeim</em></strong></span> <span class='ocrx_word' id='word_1_1030' title='bbox 2536 5693 2691 5748; x_wconf 87' lang='lat' dir='ltr'><strong><em>annis</em></strong></span> <span class='ocrx_word' id='word_1_1031' title='bbox 2716 5693 2938 5748; x_wconf 88' lang='lat' dir='ltr'><strong><em>certavit</em></strong></span> <span class='ocrx_word' id='word_1_1032' title='bbox 2972 5693 3022 5747; x_wconf 90' lang='lat' dir='ltr'><strong><em>in</em></strong></span> <span class='ocrx_word' id='word_1_1033' title='bbox 3056 5693 3435 5749; x_wconf 84' lang='lat' dir='ltr'><strong><em>tentationibus</em></strong></span> <span class='ocrx_word' id='word_1_1034' title='bbox 3456 5735 3470 5757; x_wconf 92' lang='lat'><strong><em>,</em></strong></span> <span class='ocrx_word' id='word_1_1035' title='bbox 3498 5693 3578 5749; x_wconf 85' lang='lat' dir='ltr'><strong><em>fc-</em></strong></span> 
     </span>
    </p>
   </div>
   <div class='ocr_carea' id='block_1_121' title="bbox 1993 5786 3582 5860">
    <p class='ocr_par' dir='ltr' id='par_1_121' title="bbox 1993 5786 3582 5860">
     <span class='ocr_line' id='line_1_121' title="bbox 1993 5786 3582 5860; baseline -0.003 -13"><span class='ocrx_word' id='word_1_1036' title='bbox 1993 5805 2114 5849; x_wconf 83' lang='lat' dir='ltr'><strong><em>rcns</em></strong></span> <span class='ocrx_word' id='word_1_1037' title='bbox 2137 5789 2447 5844; x_wconf 89' lang='lat' dir='ltr'><strong><em>servitutem</em></strong></span> <span class='ocrx_word' id='word_1_1038' title='bbox 2468 5830 2482 5857; x_wconf 91' lang='lat'><strong><em>,</em></strong></span> <span class='ocrx_word' id='word_1_1039' title='bbox 2512 5800 2565 5843; x_wconf 89' lang='lat' dir='ltr'><strong><em>et</em></strong></span> <span class='ocrx_word' id='word_1_1040' title='bbox 2595 5787 2915 5844; x_wconf 85' lang='lat' dir='ltr'><strong><em>calumniam</em></strong></span> <span class='ocrx_word' id='word_1_1041' title='bbox 2940 5788 3079 5842; x_wconf 87' lang='lat' dir='ltr'><strong><em>illam</em></strong></span> <span class='ocrx_word' id='word_1_1042' title='bbox 3102 5788 3356 5860; x_wconf 85' lang='lat' dir='ltr'><strong><em>iniquam,</em></strong></span> <span class='ocrx_word' id='word_1_1043' title='bbox 3376 5796 3431 5845; x_wconf 85' lang='lat' dir='ltr'><strong><em>et</em></strong></span> <span class='ocrx_word' id='word_1_1044' title='bbox 3448 5786 3582 5843; x_wconf 78' lang='lat' dir='ltr'><strong><em>affli-</em></strong></span> 
     </span>
    </p>
   </div>
  </div>
