  <div class='ocr_page' id='page_1' title='image "/cluster/home/n/w/nwhite01/storage/ocr_20150623/54:no.4:pt.2/coo.31924054869544/207.png"; bbox 0 0 3964 6470; ppageno 0'>
   <div class='ocr_carea' id='block_1_1' title="bbox 476 361 583 420">
    <p class='ocr_par' dir='ltr' id='par_1_1' title="bbox 476 361 583 420">
     <span class='ocr_line' id='line_1_1' title="bbox 476 361 583 420; baseline 0.009 -1"><span class='ocrx_word' id='word_1_1' title='bbox 476 361 583 420; x_wconf 82' lang='lat'><strong>579</strong></span> 
     </span>
    </p>
   </div>
   <div class='ocr_carea' id='block_1_2' title="bbox 471 466 2042 540">
    <p class='ocr_par' dir='ltr' id='par_1_2' title="bbox 471 466 2042 540">
     <span class='ocr_line' id='line_1_2' title="bbox 471 466 2042 540; baseline -0.011 -6"><span class='ocrx_word' id='word_1_2' title='bbox 471 479 708 534; x_wconf 78' lang='lat' dir='ltr'><strong>stionem</strong></span> <span class='ocrx_word' id='word_1_3' title='bbox 727 476 778 530; x_wconf 92' lang='lat' dir='ltr'><strong>in</strong></span> <span class='ocrx_word' id='word_1_4' title='bbox 801 485 1035 538; x_wconf 75' lang='lat' dir='ltr'><strong>carcere,</strong></span> <span class='ocrx_word' id='word_1_5' title='bbox 1049 476 1101 526; x_wconf 90' lang='lat' dir='ltr'><strong>et</strong></span> <span class='ocrx_word' id='word_1_6' title='bbox 1115 469 1238 540; x_wconf 86' lang='lat' dir='ltr'><strong>quia</strong></span> <span class='ocrx_word' id='word_1_7' title='bbox 1263 481 1519 540; x_wconf 72' lang='lat' dir='ltr'><strong>generose</strong></span> <span class='ocrx_word' id='word_1_8' title='bbox 1538 474 1594 522; x_wconf 91' lang='lat' dir='ltr'><strong>et</strong></span> <span class='ocrx_word' id='word_1_9' title='bbox 1611 480 1732 521; x_wconf 90' lang='lat' dir='ltr'><strong>eum</strong></span> <span class='ocrx_word' id='word_1_10' title='bbox 1755 466 2042 536; x_wconf 72' lang='lat' dir='ltr'><strong>gratiarum</strong></span> 
     </span>
    </p>
   </div>
   <div class='ocr_carea' id='block_1_3' title="bbox 476 555 2045 630">
    <p class='ocr_par' dir='ltr' id='par_1_3' title="bbox 476 555 2045 630">
     <span class='ocr_line' id='line_1_3' title="bbox 476 555 2045 630; baseline -0.008 -8"><span class='ocrx_word' id='word_1_11' title='bbox 476 569 688 622; x_wconf 83' lang='lat' dir='ltr'><strong>actione</strong></span> <span class='ocrx_word' id='word_1_12' title='bbox 713 565 829 621; x_wconf 82' lang='lat' dir='ltr'><strong>tulit</strong></span> <span class='ocrx_word' id='word_1_13' title='bbox 860 564 1037 618; x_wconf 81' lang='lat' dir='ltr'><strong>omnia</strong></span> <span class='ocrx_word' id='word_1_14' title='bbox 1063 603 1078 624; x_wconf 89' lang='lat'><strong>,</strong></span> <span class='ocrx_word' id='word_1_15' title='bbox 1106 570 1387 630; x_wconf 78' lang='lat' dir='ltr'><strong>propterea</strong></span> <span class='ocrx_word' id='word_1_16' title='bbox 1427 558 1572 628; x_wconf 72' lang='lat' dir='ltr'><strong>larga</strong></span> <span class='ocrx_word' id='word_1_17' title='bbox 1597 557 1813 628; x_wconf 58' lang='lat' dir='ltr'><strong>praemia</strong></span> <span class='ocrx_word' id='word_1_18' title='bbox 1839 555 2045 626; x_wconf 89' lang='lat' dir='ltr'><strong>accepit</strong></span> 
     </span>
    </p>
   </div>
   <div class='ocr_carea' id='block_1_4' title="bbox 475 646 2044 718">
    <p class='ocr_par' dir='ltr' id='par_1_4' title="bbox 475 646 2044 718">
     <span class='ocr_line' id='line_1_4' title="bbox 475 646 2044 718; baseline -0.009 -2"><span class='ocrx_word' id='word_1_19' title='bbox 475 660 640 716; x_wconf 88' lang='lat' dir='ltr'><strong>etiam</strong></span> <span class='ocrx_word' id='word_1_20' title='bbox 661 661 710 712; x_wconf 88' lang='lat' dir='ltr'><strong>iu</strong></span> <span class='ocrx_word' id='word_1_21' title='bbox 733 658 830 711; x_wconf 81' lang='lat' dir='ltr'><strong>hac</strong></span> <span class='ocrx_word' id='word_1_22' title='bbox 856 655 981 709; x_wconf 78' lang='lat' dir='ltr'><strong>vita.</strong></span> <span class='ocrx_word' id='word_1_23' title='bbox 1003 651 1293 708; x_wconf 80' lang='lat' dir='ltr'><strong>Considera</strong></span> <span class='ocrx_word' id='word_1_24' title='bbox 1313 650 1476 716; x_wconf 89' lang='lat' dir='ltr'><strong>enim,</strong></span> <span class='ocrx_word' id='word_1_25' title='bbox 1504 661 1625 706; x_wconf 79' lang='lat' dir='ltr'><strong>eum</strong></span> <span class='ocrx_word' id='word_1_26' title='bbox 1650 663 1748 718; x_wconf 92' lang='lat' dir='ltr'><strong>pro</strong></span> <span class='ocrx_word' id='word_1_27' title='bbox 1772 647 1922 703; x_wconf 83' lang='lat' dir='ltr'><strong>brevi</strong></span> <span class='ocrx_word' id='word_1_28' title='bbox 1951 646 2044 702; x_wconf 89' lang='lat' dir='ltr'><strong>illo</strong></span> 
     </span>
    </p>
   </div>
   <div class='ocr_carea' id='block_1_5' title="bbox 477 739 2045 820">
    <p class='ocr_par' dir='ltr' id='par_1_5' title="bbox 477 739 2045 820">
     <span class='ocr_line' id='line_1_5' title="bbox 477 739 2045 820; baseline -0.009 -13"><span class='ocrx_word' id='word_1_29' title='bbox 477 759 738 820; x_wconf 87' lang='lat' dir='ltr'><strong>tempore,</strong></span> <span class='ocrx_word' id='word_1_30' title='bbox 767 763 874 817; x_wconf 85' lang='lat' dir='ltr'><strong>quo</strong></span> <span class='ocrx_word' id='word_1_31' title='bbox 901 746 1207 802; x_wconf 75' lang='lat' dir='ltr'><strong>servitutem</strong></span> <span class='ocrx_word' id='word_1_32' title='bbox 1233 750 1289 798; x_wconf 87' lang='lat' dir='ltr'><strong>et</strong></span> <span class='ocrx_word' id='word_1_33' title='bbox 1311 753 1582 798; x_wconf 84' lang='lat' dir='ltr'><strong>carcerem</strong></span> <span class='ocrx_word' id='word_1_34' title='bbox 1605 739 1874 808; x_wconf 87' lang='lat' dir='ltr'><strong>sustinuit,</strong></span> <span class='ocrx_word' id='word_1_35' title='bbox 1897 747 2045 794; x_wconf 85' lang='lat' dir='ltr'><strong>octo-</strong></span> 
     </span>
    </p>
   </div>
   <div class='ocr_carea' id='block_1_6' title="bbox 476 827 2044 912">
    <p class='ocr_par' dir='ltr' id='par_1_6' title="bbox 476 827 2044 912">
     <span class='ocr_line' id='line_1_6' title="bbox 476 827 2044 912; baseline -0.007 -18"><span class='ocrx_word' id='word_1_36' title='bbox 476 843 619 912; x_wconf 83' lang='lat' dir='ltr'><strong>ginta</strong></span> <span class='ocrx_word' id='word_1_37' title='bbox 660 839 814 893; x_wconf 84' lang='lat' dir='ltr'><strong>annis</strong></span> <span class='ocrx_word' id='word_1_38' title='bbox 850 849 1076 908; x_wconf 74' lang='lat' dir='ltr'><strong>regnum</strong></span> <span class='ocrx_word' id='word_1_39' title='bbox 1106 832 1578 891; x_wconf 80' lang='lat' dir='ltr'><strong>administravisse.</strong></span> <span class='ocrx_word' id='word_1_40' title='bbox 1614 829 1766 898; x_wconf 83' lang='lat' dir='ltr'><strong>Quod</strong></span> <span class='ocrx_word' id='word_1_41' title='bbox 1790 844 1919 885; x_wconf 87' lang='lat' dir='ltr'><strong>vero</strong></span> <span class='ocrx_word' id='word_1_42' title='bbox 1939 827 2044 884; x_wconf 80' lang='lat' dir='ltr'><strong>fide</strong></span> 
     </span>
    </p>
   </div>
   <div class='ocr_carea' id='block_1_7' title="bbox 473 919 2046 998">
    <p class='ocr_par' dir='ltr' id='par_1_7' title="bbox 473 919 2046 998">
     <span class='ocr_line' id='line_1_7' title="bbox 473 919 2046 998; baseline -0.009 -11"><span class='ocrx_word' id='word_1_43' title='bbox 473 932 651 987; x_wconf 81' lang='lat' dir='ltr'><strong>omnia</strong></span> <span class='ocrx_word' id='word_1_44' title='bbox 689 928 1029 998; x_wconf 81' lang='lat' dir='ltr'><strong>disposuerit,</strong></span> <span class='ocrx_word' id='word_1_45' title='bbox 1051 934 1105 980; x_wconf 90' lang='lat' dir='ltr'><strong>et</strong></span> <span class='ocrx_word' id='word_1_46' title='bbox 1131 931 1346 995; x_wconf 82' lang='lat' dir='ltr'><strong>propter</strong></span> <span class='ocrx_word' id='word_1_47' title='bbox 1373 923 1475 978; x_wconf 85' lang='lat' dir='ltr'><strong>hoc</strong></span> <span class='ocrx_word' id='word_1_48' title='bbox 1499 924 1659 977; x_wconf 87' lang='lat' dir='ltr'><strong>etiam</strong></span> <span class='ocrx_word' id='word_1_49' title='bbox 1699 919 2046 975; x_wconf 76' lang='lat' dir='ltr'><strong>detransve-</strong></span> 
     </span>
    </p>
   </div>
   <div class='ocr_carea' id='block_1_8' title="bbox 473 1009 2046 1083">
    <p class='ocr_par' dir='ltr' id='par_1_8' title="bbox 473 1009 2046 1083">
     <span class='ocr_line' id='line_1_8' title="bbox 473 1009 2046 1083; baseline -0.008 -7"><span class='ocrx_word' id='word_1_50' title='bbox 473 1023 651 1076; x_wconf 85' lang='lat' dir='ltr'><strong>ctione</strong></span> <span class='ocrx_word' id='word_1_51' title='bbox 675 1021 873 1074; x_wconf 85' lang='lat' dir='ltr'><strong>ossium</strong></span> <span class='ocrx_word' id='word_1_52' title='bbox 900 1017 1183 1083; x_wconf 84' lang='lat' dir='ltr'><strong>mandarit,</strong></span> <span class='ocrx_word' id='word_1_53' title='bbox 1199 1015 1320 1071; x_wconf 79' lang='lat' dir='ltr'><strong>audi</strong></span> <span class='ocrx_word' id='word_1_54' title='bbox 1345 1014 1569 1070; x_wconf 82' lang='lat' dir='ltr'><strong>Paulum</strong></span> <span class='ocrx_word' id='word_1_55' title='bbox 1593 1011 1858 1068; x_wconf 80' lang='lat' dir='ltr'><strong>dicentem</strong></span> <span class='ocrx_word' id='word_1_56' title='bbox 1879 1027 1895 1066; x_wconf 86' lang='lat'><strong>:</strong></span> <span class='ocrx_word' id='word_1_57' title='bbox 1914 1009 2046 1063; x_wconf 69' lang='lat' dir='ltr'><strong>Fide</strong></span> 
     </span>
    </p>
   </div>
   <div class='ocr_carea' id='block_1_9' title="bbox 468 1101 2045 1184">
    <p class='ocr_par' dir='ltr' id='par_1_9' title="bbox 468 1101 2045 1184">
     <span class='ocr_line' id='line_1_9' title="bbox 468 1101 2045 1184; baseline -0.01 -15"><span class='ocrx_word' id='word_1_58' title='bbox 468 1113 660 1184; x_wconf 73' lang='lat' dir='ltr'><strong>Ioseph</strong></span> <span class='ocrx_word' id='word_1_59' title='bbox 681 1112 928 1177; x_wconf 81' lang='lat' dir='ltr'><strong>moriens,</strong></span> <span class='ocrx_word' id='word_1_60' title='bbox 959 1110 1020 1163; x_wconf 82' lang='lat' dir='ltr'><strong>de</strong></span> <span class='ocrx_word' id='word_1_61' title='bbox 1053 1107 1338 1180; x_wconf 78' lang='lat' dir='ltr'><strong>egressione</strong></span> <span class='ocrx_word' id='word_1_62' title='bbox 1364 1105 1591 1175; x_wconf 64' lang='lat' dir='ltr'><strong>ﬁliorum</strong></span> <span class='ocrx_word' id='word_1_63' title='bbox 1617 1102 1784 1158; x_wconf 76' lang='lat' dir='ltr'><strong>Israel</strong></span> <span class='ocrx_word' id='word_1_64' title='bbox 1821 1101 2045 1155; x_wconf 78' lang='lat' dir='ltr'><strong>mentittit</strong></span> 
     </span>
    </p>
   </div>
   <div class='ocr_carea' id='block_1_10' title="bbox 477 1189 2048 1273">
    <p class='ocr_par' dir='ltr' id='par_1_10' title="bbox 477 1189 2048 1273">
     <span class='ocr_line' id='line_1_10' title="bbox 477 1189 2048 1273; baseline -0.008 -16"><span class='ocrx_word' id='word_1_65' title='bbox 477 1201 662 1273; x_wconf 83' lang='lat' dir='ltr'><strong>(Hebr.</strong></span> <span class='ocrx_word' id='word_1_66' title='bbox 682 1203 768 1256; x_wconf 76' lang='lat' dir='ltr'><strong>li.</strong></span> <span class='ocrx_word' id='word_1_67' title='bbox 791 1198 907 1273; x_wconf 65' lang='grc' dir='ltr'><strong>ει).</strong></span> <span class='ocrx_word' id='word_1_68' title='bbox 936 1199 1002 1254; x_wconf 83' lang='lat' dir='ltr'><strong>Et</strong></span> <span class='ocrx_word' id='word_1_69' title='bbox 1027 1213 1132 1253; x_wconf 91' lang='lat' dir='ltr'><strong>non</strong></span> <span class='ocrx_word' id='word_1_70' title='bbox 1161 1197 1258 1252; x_wconf 79' lang='lat' dir='ltr'><strong>fuit</strong></span> <span class='ocrx_word' id='word_1_71' title='bbox 1285 1196 1367 1250; x_wconf 85' lang='lat' dir='ltr'><strong>his</strong></span> <span class='ocrx_word' id='word_1_72' title='bbox 1391 1202 1675 1251; x_wconf 85' lang='lat' dir='ltr'><strong>contentus</strong></span> <span class='ocrx_word' id='word_1_73' title='bbox 1693 1233 1709 1260; x_wconf 94' lang='lat'><strong>,</strong></span> <span class='ocrx_word' id='word_1_74' title='bbox 1732 1191 1827 1248; x_wconf 89' lang='lat' dir='ltr'><strong>sed</strong></span> <span class='ocrx_word' id='word_1_75' title='bbox 1870 1197 1928 1246; x_wconf 85' lang='lat' dir='ltr'><strong>ut</strong></span> <span class='ocrx_word' id='word_1_76' title='bbox 1964 1189 2048 1244; x_wconf 86' lang='lat' dir='ltr'><strong>di-</strong></span> 
     </span>
    </p>
   </div>
   <div class='ocr_carea' id='block_1_11' title="bbox 473 1283 2044 1359">
    <p class='ocr_par' dir='ltr' id='par_1_11' title="bbox 473 1283 2044 1359">
     <span class='ocr_line' id='line_1_11' title="bbox 473 1283 2044 1359; baseline -0.008 -12"><span class='ocrx_word' id='word_1_77' title='bbox 473 1306 595 1347; x_wconf 86' lang='lat' dir='ltr'><strong>scas</strong></span> <span class='ocrx_word' id='word_1_78' title='bbox 623 1305 860 1357; x_wconf 72' lang='lat' dir='ltr'><strong>causam,</strong></span> <span class='ocrx_word' id='word_1_79' title='bbox 885 1298 1102 1359; x_wconf 84' lang='lat' dir='ltr'><strong>propter</strong></span> <span class='ocrx_word' id='word_1_80' title='bbox 1128 1302 1285 1357; x_wconf 86' lang='lat' dir='ltr'><strong>quam</strong></span> <span class='ocrx_word' id='word_1_81' title='bbox 1323 1285 1614 1354; x_wconf 76' lang='lat' dir='ltr'><strong>injunxerit</strong></span> <span class='ocrx_word' id='word_1_82' title='bbox 1645 1283 1845 1339; x_wconf 84' lang='lat' dir='ltr'><strong>ossium</strong></span> <span class='ocrx_word' id='word_1_83' title='bbox 1869 1289 2044 1336; x_wconf 84' lang='lat' dir='ltr'><strong>trans-</strong></span> 
     </span>
    </p>
   </div>
   <div class='ocr_carea' id='block_1_12' title="bbox 471 1373 1859 1447">
    <p class='ocr_par' dir='ltr' id='par_1_12' title="bbox 471 1373 1859 1447">
     <span class='ocr_line' id='line_1_12' title="bbox 471 1373 1859 1447; baseline -0.006 -11"><span class='ocrx_word' id='word_1_84' title='bbox 471 1383 766 1438; x_wconf 86' lang='lat' dir='ltr'><strong>vectionem</strong></span> <span class='ocrx_word' id='word_1_85' title='bbox 797 1420 814 1447; x_wconf 95' lang='lat'><strong>,</strong></span> <span class='ocrx_word' id='word_1_86' title='bbox 839 1379 987 1435; x_wconf 84' lang='lat' dir='ltr'><strong>addit</strong></span> <span class='ocrx_word' id='word_1_87' title='bbox 1004 1419 1019 1446; x_wconf 96' lang='lat'><strong>,</strong></span> <span class='ocrx_word' id='word_1_88' title='bbox 1052 1377 1120 1432; x_wconf 78' lang='lat' dir='ltr'><strong>Et</strong></span> <span class='ocrx_word' id='word_1_89' title='bbox 1149 1377 1212 1432; x_wconf 77' lang='lat' dir='ltr'><strong>de</strong></span> <span class='ocrx_word' id='word_1_90' title='bbox 1235 1375 1564 1432; x_wconf 74' lang='lat' dir='ltr'><strong>ossibus-estis</strong></span> <span class='ocrx_word' id='word_1_91' title='bbox 1581 1373 1859 1429; x_wconf 75' lang='lat' dir='ltr'><strong>mandavit.</strong></span> 
     </span>
    </p>
   </div>
   <div class='ocr_carea' id='block_1_13' title="bbox 1143 346 2942 413">
    <p class='ocr_par' dir='ltr' id='par_1_13' title="bbox 1143 346 2942 413">
     <span class='ocr_line' id='line_1_13' title="bbox 1143 346 2942 413; baseline -0.007 0"><span class='ocrx_word' id='word_1_92' title='bbox 1143 355 1202 413; x_wconf 81' lang='grc'><strong>8.</strong></span> <span class='ocrx_word' id='word_1_93' title='bbox 1239 351 1518 412; x_wconf 64' lang='lat' dir='ltr'><strong>JOANNIS</strong></span> <span class='ocrx_word' id='word_1_94' title='bbox 1554 347 2017 408; x_wconf 70' lang='lat' dir='ltr'><strong>CHRYSOSTOMI</strong></span> <span class='ocrx_word' id='word_1_95' title='bbox 2057 347 2373 404; x_wconf 77' lang='lat' dir='ltr'><strong>ARCHIEP.</strong></span> <span class='ocrx_word' id='word_1_96' title='bbox 2413 346 2942 404; x_wconf 66' lang='lat' dir='ltr'><strong>CONSTANTINOP.</strong></span> 
     </span>
    </p>
   </div>
   <div class='ocr_carea' id='block_1_14' title="bbox 3623 349 3730 407">
    <p class='ocr_par' dir='ltr' id='par_1_14' title="bbox 3623 349 3730 407">
     <span class='ocr_line' id='line_1_14' title="bbox 3623 349 3730 407; baseline -0.019 0"><span class='ocrx_word' id='word_1_97' title='bbox 3623 349 3730 407; x_wconf 56' lang='grc' dir='ltr'><strong>πθ</strong></span> 
     </span>
    </p>
   </div>
   <div class='ocr_carea' id='block_1_15' title="bbox 2153 460 3736 534">
    <p class='ocr_par' dir='ltr' id='par_1_15' title="bbox 2153 460 3736 534">
     <span class='ocr_line' id='line_1_15' title="bbox 2153 460 3736 534; baseline 0.003 -17"><span class='ocrx_word' id='word_1_98' title='bbox 2153 463 2384 534; x_wconf 81' lang='lat' dir='ltr'><strong>adjicere</strong></span> <span class='ocrx_word' id='word_1_99' title='bbox 2407 505 2423 532; x_wconf 94' lang='lat'><strong>,</strong></span> <span class='ocrx_word' id='word_1_100' title='bbox 2453 473 2508 519; x_wconf 86' lang='lat' dir='ltr'><strong>ut</strong></span> <span class='ocrx_word' id='word_1_101' title='bbox 2545 463 2747 518; x_wconf 79' lang='lat' dir='ltr'><strong>scilicet</strong></span> <span class='ocrx_word' id='word_1_102' title='bbox 2768 460 3030 518; x_wconf 84' lang='lat' dir='ltr'><strong>dictorum</strong></span> <span class='ocrx_word' id='word_1_103' title='bbox 3053 463 3410 519; x_wconf 83' lang='lat' dir='ltr'><strong>teeordemini</strong></span> <span class='ocrx_word' id='word_1_104' title='bbox 3431 506 3448 530; x_wconf 93' lang='lat'><strong>,</strong></span> <span class='ocrx_word' id='word_1_105' title='bbox 3475 473 3531 520; x_wconf 88' lang='lat' dir='ltr'><strong>et</strong></span> <span class='ocrx_word' id='word_1_106' title='bbox 3555 465 3736 523; x_wconf 77' lang='lat' dir='ltr'><strong>imite-</strong></span> 
     </span>
    </p>
   </div>
   <div class='ocr_carea' id='block_1_16' title="bbox 2145 555 3733 627">
    <p class='ocr_par' dir='ltr' id='par_1_16' title="bbox 2145 555 3733 627">
     <span class='ocr_line' id='line_1_16' title="bbox 2145 555 3733 627; baseline 0.001 -15"><span class='ocrx_word' id='word_1_107' title='bbox 2145 572 2266 614; x_wconf 87' lang='lat' dir='ltr'><strong>mur</strong></span> <span class='ocrx_word' id='word_1_108' title='bbox 2284 557 2546 627; x_wconf 85' lang='lat' dir='ltr'><strong>justorum</strong></span> <span class='ocrx_word' id='word_1_109' title='bbox 2567 555 2779 611; x_wconf 88' lang='lat' dir='ltr'><strong>illorum</strong></span> <span class='ocrx_word' id='word_1_110' title='bbox 2804 557 3071 622; x_wconf 76' lang='lat' dir='ltr'><strong>virtutem,</strong></span> <span class='ocrx_word' id='word_1_111' title='bbox 3093 564 3148 610; x_wconf 87' lang='lat' dir='ltr'><strong>et</strong></span> <span class='ocrx_word' id='word_1_112' title='bbox 3165 556 3490 625; x_wconf 84' lang='lat' dir='ltr'><strong>injuriarum</strong></span> <span class='ocrx_word' id='word_1_113' title='bbox 3515 557 3733 614; x_wconf 72' lang='lat' dir='ltr'><strong>oblivio-</strong></span> 
     </span>
    </p>
   </div>
   <div class='ocr_carea' id='block_1_17' title="bbox 2147 647 3730 721">
    <p class='ocr_par' dir='ltr' id='par_1_17' title="bbox 2147 647 3730 721">
     <span class='ocr_line' id='line_1_17' title="bbox 2147 647 3730 721; baseline -0.001 -14"><span class='ocrx_word' id='word_1_114' title='bbox 2147 663 2272 707; x_wconf 89' lang='lat' dir='ltr'><strong>nem</strong></span> <span class='ocrx_word' id='word_1_115' title='bbox 2298 663 2426 721; x_wconf 86' lang='lat' dir='ltr'><strong>erga</strong></span> <span class='ocrx_word' id='word_1_116' title='bbox 2452 665 2544 706; x_wconf 88' lang='lat' dir='ltr'><strong>eos</strong></span> <span class='ocrx_word' id='word_1_117' title='bbox 2571 650 2662 720; x_wconf 85' lang='lat' dir='ltr'><strong>qui</strong></span> <span class='ocrx_word' id='word_1_118' title='bbox 2681 663 2783 704; x_wconf 84' lang='lat' dir='ltr'><strong>nos</strong></span> <span class='ocrx_word' id='word_1_119' title='bbox 2805 649 3002 703; x_wconf 79' lang='lat' dir='ltr'><strong>damno</strong></span> <span class='ocrx_word' id='word_1_120' title='bbox 3021 647 3314 703; x_wconf 77' lang='lat' dir='ltr'><strong>affecerunt</strong></span> <span class='ocrx_word' id='word_1_121' title='bbox 3343 688 3360 715; x_wconf 95' lang='lat'><strong>,</strong></span> <span class='ocrx_word' id='word_1_122' title='bbox 3387 650 3730 718; x_wconf 78' lang='lat' dir='ltr'><strong>patientiam-</strong></span> 
     </span>
    </p>
   </div>
   <div class='ocr_carea' id='block_1_18' title="bbox 2146 739 3725 814">
    <p class='ocr_par' dir='ltr' id='par_1_18' title="bbox 2146 739 3725 814">
     <span class='ocr_line' id='line_1_18' title="bbox 2146 739 3725 814; baseline -0.009 -14"><span class='ocrx_word' id='word_1_123' title='bbox 2146 754 2250 814; x_wconf 84' lang='lat' dir='ltr'><strong>que</strong></span> <span class='ocrx_word' id='word_1_124' title='bbox 2267 757 2393 813; x_wconf 87' lang='lat' dir='ltr'><strong>erga</strong></span> <span class='ocrx_word' id='word_1_125' title='bbox 2417 755 2511 798; x_wconf 88' lang='lat' dir='ltr'><strong>eos</strong></span> <span class='ocrx_word' id='word_1_126' title='bbox 2536 741 2626 812; x_wconf 79' lang='lat' dir='ltr'><strong>qui</strong></span> <span class='ocrx_word' id='word_1_127' title='bbox 2655 740 2810 796; x_wconf 91' lang='lat' dir='ltr'><strong>nobis</strong></span> <span class='ocrx_word' id='word_1_128' title='bbox 2833 739 3132 795; x_wconf 76' lang='lat' dir='ltr'><strong>molestiam</strong></span> <span class='ocrx_word' id='word_1_129' title='bbox 3154 740 3410 804; x_wconf 69' lang='lat' dir='ltr'><strong>inierunt,</strong></span> <span class='ocrx_word' id='word_1_130' title='bbox 3437 739 3725 794; x_wconf 82' lang='lat' dir='ltr'><strong>irrtemera.</strong></span> 
     </span>
    </p>
   </div>
   <div class='ocr_carea' id='block_1_19' title="bbox 2146 829 3719 904">
    <p class='ocr_par' dir='ltr' id='par_1_19' title="bbox 2146 829 3719 904">
     <span class='ocr_line' id='line_1_19' title="bbox 2146 829 3719 904; baseline -0.001 -16"><span class='ocrx_word' id='word_1_131' title='bbox 2146 843 2357 904; x_wconf 82' lang='lat' dir='ltr'><strong>tamque</strong></span> <span class='ocrx_word' id='word_1_132' title='bbox 2381 831 2785 888; x_wconf 74' lang='lat' dir='ltr'><strong>continentiam.</strong></span> <span class='ocrx_word' id='word_1_133' title='bbox 2827 830 2962 884; x_wconf 76' lang='lat' dir='ltr'><strong>Hinc</strong></span> <span class='ocrx_word' id='word_1_134' title='bbox 3005 831 3151 885; x_wconf 85' lang='lat' dir='ltr'><strong>enim</strong></span> <span class='ocrx_word' id='word_1_135' title='bbox 3177 829 3356 899; x_wconf 74' lang='lat' dir='ltr'><strong>justus</strong></span> <span class='ocrx_word' id='word_1_136' title='bbox 3383 837 3592 885; x_wconf 79' lang='lat' dir='ltr'><strong>tantam</strong></span> <span class='ocrx_word' id='word_1_137' title='bbox 3623 831 3719 886; x_wconf 83' lang='lat' dir='ltr'><strong>sibi</strong></span> 
     </span>
    </p>
   </div>
   <div class='ocr_carea' id='block_1_20' title="bbox 2149 917 3733 993">
    <p class='ocr_par' dir='ltr' id='par_1_20' title="bbox 2149 917 3733 993">
     <span class='ocr_line' id='line_1_20' title="bbox 2149 917 3733 993; baseline -0.002 -15"><span class='ocrx_word' id='word_1_138' title='bbox 2149 923 2241 978; x_wconf 87' lang='lat' dir='ltr'><strong>Dei</strong></span> <span class='ocrx_word' id='word_1_139' title='bbox 2275 921 2498 993; x_wconf 81' lang='lat' dir='ltr'><strong>gratiam</strong></span> <span class='ocrx_word' id='word_1_140' title='bbox 2521 920 2840 976; x_wconf 80' lang='lat' dir='ltr'><strong>conciliavit.</strong></span> <span class='ocrx_word' id='word_1_141' title='bbox 2873 917 2940 975; x_wconf 69' lang='lat' dir='ltr'><strong>Si</strong></span> <span class='ocrx_word' id='word_1_142' title='bbox 2968 934 3096 989; x_wconf 86' lang='lat' dir='ltr'><strong>ergo</strong></span> <span class='ocrx_word' id='word_1_143' title='bbox 3119 921 3366 974; x_wconf 84' lang='lat' dir='ltr'><strong>volumus</strong></span> <span class='ocrx_word' id='word_1_144' title='bbox 3393 932 3498 974; x_wconf 85' lang='lat' dir='ltr'><strong>nos</strong></span> <span class='ocrx_word' id='word_1_145' title='bbox 3523 934 3733 990; x_wconf 86' lang='lat' dir='ltr'><strong>quoque</strong></span> 
     </span>
    </p>
   </div>
   <div class='ocr_carea' id='block_1_21' title="bbox 2147 1011 3729 1077">
    <p class='ocr_par' dir='ltr' id='par_1_21' title="bbox 2147 1011 3729 1077">
     <span class='ocr_line' id='line_1_21' title="bbox 2147 1011 3729 1077; baseline -0.002 -7"><span class='ocrx_word' id='word_1_146' title='bbox 2147 1015 2366 1070; x_wconf 78' lang='lat' dir='ltr'><strong>easieste</strong></span> <span class='ocrx_word' id='word_1_147' title='bbox 2403 1013 2660 1068; x_wconf 74' lang='lat' dir='ltr'><strong>auxilium</strong></span> <span class='ocrx_word' id='word_1_148' title='bbox 2705 1011 2944 1067; x_wconf 76' lang='lat' dir='ltr'><strong>obtinere</strong></span> <span class='ocrx_word' id='word_1_149' title='bbox 2962 1051 2979 1077; x_wconf 93' lang='lat'><strong>,</strong></span> <span class='ocrx_word' id='word_1_150' title='bbox 3009 1026 3275 1066; x_wconf 80' lang='lat' dir='ltr'><strong>summam</strong></span> <span class='ocrx_word' id='word_1_151' title='bbox 3300 1012 3520 1066; x_wconf 83' lang='lat' dir='ltr'><strong>virtutis</strong></span> <span class='ocrx_word' id='word_1_152' title='bbox 3543 1011 3729 1067; x_wconf 64' lang='lat' dir='ltr'><strong>habea-</strong></span> 
     </span>
    </p>
   </div>
   <div class='ocr_carea' id='block_1_22' title="bbox 2146 1101 3730 1175">
    <p class='ocr_par' dir='ltr' id='par_1_22' title="bbox 2146 1101 3730 1175">
     <span class='ocr_line' id='line_1_22' title="bbox 2146 1101 3730 1175; baseline -0.001 -15"><span class='ocrx_word' id='word_1_153' title='bbox 2146 1117 2266 1160; x_wconf 92' lang='lat' dir='ltr'><strong>mus</strong></span> <span class='ocrx_word' id='word_1_154' title='bbox 2310 1103 2591 1159; x_wconf 82' lang='lat' dir='ltr'><strong>rationem.</strong></span> <span class='ocrx_word' id='word_1_155' title='bbox 2631 1103 2727 1158; x_wconf 83' lang='lat' dir='ltr'><strong>Sic</strong></span> <span class='ocrx_word' id='word_1_156' title='bbox 2754 1103 2899 1158; x_wconf 82' lang='lat' dir='ltr'><strong>enim</strong></span> <span class='ocrx_word' id='word_1_157' title='bbox 2943 1111 2997 1158; x_wconf 91' lang='lat' dir='ltr'><strong>et</strong></span> <span class='ocrx_word' id='word_1_158' title='bbox 3040 1101 3270 1173; x_wconf 77' lang='lat' dir='ltr'><strong>Spiritus</strong></span> <span class='ocrx_word' id='word_1_159' title='bbox 3311 1104 3543 1175; x_wconf 83' lang='lat' dir='ltr'><strong>gratiam</strong></span> <span class='ocrx_word' id='word_1_160' title='bbox 3586 1103 3730 1159; x_wconf 80' lang='lat' dir='ltr'><strong>nobis</strong></span> 
     </span>
    </p>
   </div>
   <div class='ocr_carea' id='block_1_23' title="bbox 2143 1193 3731 1265">
    <p class='ocr_par' dir='ltr' id='par_1_23' title="bbox 2143 1193 3731 1265">
     <span class='ocr_line' id='line_1_23' title="bbox 2143 1193 3731 1265; baseline -0.001 -15"><span class='ocrx_word' id='word_1_161' title='bbox 2143 1193 2496 1261; x_wconf 77' lang='lat' dir='ltr'><strong>attrahemus,</strong></span> <span class='ocrx_word' id='word_1_162' title='bbox 2523 1202 2586 1250; x_wconf 86' lang='lat' dir='ltr'><strong>et</strong></span> <span class='ocrx_word' id='word_1_163' title='bbox 2621 1202 2938 1265; x_wconf 66' lang='lat' dir='ltr'><strong>praesentem</strong></span> <span class='ocrx_word' id='word_1_164' title='bbox 2975 1193 3139 1248; x_wconf 81' lang='lat' dir='ltr'><strong>vitam</strong></span> <span class='ocrx_word' id='word_1_165' title='bbox 3162 1208 3364 1265; x_wconf 80' lang='lat' dir='ltr'><strong>magna</strong></span> <span class='ocrx_word' id='word_1_166' title='bbox 3398 1194 3731 1264; x_wconf 70' lang='lat' dir='ltr'><strong>iucunditate</strong></span> 
     </span>
    </p>
   </div>
   <div class='ocr_carea' id='block_1_24' title="bbox 2149 1281 3730 1357">
    <p class='ocr_par' dir='ltr' id='par_1_24' title="bbox 2149 1281 3730 1357">
     <span class='ocr_line' id='line_1_24' title="bbox 2149 1281 3730 1357; baseline -0.001 -15"><span class='ocrx_word' id='word_1_167' title='bbox 2149 1287 2522 1357; x_wconf 81' lang='lat' dir='ltr'><strong>transigemus,</strong></span> <span class='ocrx_word' id='word_1_168' title='bbox 2545 1293 2601 1342; x_wconf 87' lang='lat' dir='ltr'><strong>et</strong></span> <span class='ocrx_word' id='word_1_169' title='bbox 2626 1281 2797 1342; x_wconf 69' lang='lat' dir='ltr'><strong>ﬂatura</strong></span> <span class='ocrx_word' id='word_1_170' title='bbox 2819 1286 2956 1341; x_wconf 86' lang='lat' dir='ltr'><strong>bona</strong></span> <span class='ocrx_word' id='word_1_171' title='bbox 2973 1297 3402 1355; x_wconf 68' lang='lat' dir='ltr'><strong>consequemur:</strong></span> <span class='ocrx_word' id='word_1_172' title='bbox 3428 1300 3558 1356; x_wconf 64' lang='lat' dir='ltr'><strong>quo</strong></span> <span class='ocrx_word' id='word_1_173' title='bbox 3583 1286 3730 1341; x_wconf 85' lang='lat' dir='ltr'><strong>nobis</strong></span> 
     </span>
    </p>
   </div>
   <div class='ocr_carea' id='block_1_25' title="bbox 2145 1377 3728 1443">
    <p class='ocr_par' dir='ltr' id='par_1_25' title="bbox 2145 1377 3728 1443">
     <span class='ocr_line' id='line_1_25' title="bbox 2145 1377 3728 1443; baseline -0.003 -7"><span class='ocrx_word' id='word_1_174' title='bbox 2145 1377 2398 1436; x_wconf 82' lang='lat' dir='ltr'><strong>omnibus</strong></span> <span class='ocrx_word' id='word_1_175' title='bbox 2437 1377 2694 1434; x_wconf 78' lang='lat' dir='ltr'><strong>concedat</strong></span> <span class='ocrx_word' id='word_1_176' title='bbox 2739 1377 2993 1433; x_wconf 86' lang='lat' dir='ltr'><strong>Dominus</strong></span> <span class='ocrx_word' id='word_1_177' title='bbox 3027 1387 3211 1433; x_wconf 85' lang='lat' dir='ltr'><strong>noster</strong></span> <span class='ocrx_word' id='word_1_178' title='bbox 3246 1377 3407 1433; x_wconf 67' lang='lat' dir='ltr'><strong>Jesus</strong></span> <span class='ocrx_word' id='word_1_179' title='bbox 3435 1377 3686 1435; x_wconf 74' lang='lat' dir='ltr'><strong>Christus</strong></span> <span class='ocrx_word' id='word_1_180' title='bbox 3704 1420 3728 1443; x_wconf 87' lang='lat'><strong>,</strong></span> 
     </span>
    </p>
   </div>
   <div class='ocr_carea' id='block_1_26' title="bbox 542 1461 2046 1534">
    <p class='ocr_par' dir='ltr' id='par_1_26' title="bbox 542 1461 2046 1534">
     <span class='ocr_line' id='line_1_26' title="bbox 542 1461 2046 1534; baseline -0.007 -8"><span class='ocrx_word' id='word_1_181' title='bbox 542 1471 814 1527; x_wconf 75' lang='lat' dir='ltr'><strong>Conclusio</strong></span> <span class='ocrx_word' id='word_1_182' title='bbox 839 1487 952 1524; x_wconf 75' lang='lat' dir='ltr'><strong>cum</strong></span> <span class='ocrx_word' id='word_1_183' title='bbox 978 1468 1160 1523; x_wconf 76' lang='lat' dir='ltr'><strong>morali</strong></span> <span class='ocrx_word' id='word_1_184' title='bbox 1182 1464 1790 1522; x_wconf 65' lang='lat' dir='ltr'><strong>exltwtatione.-—&#39;Forte</strong></span> <span class='ocrx_word' id='word_1_185' title='bbox 1805 1461 2046 1534; x_wconf 85' lang='lat' dir='ltr'><strong>pluribus</strong></span> 
     </span>
    </p>
   </div>
   <div class='ocr_carea' id='block_1_27' title="bbox 475 1552 2045 1631">
    <p class='ocr_par' dir='ltr' id='par_1_27' title="bbox 475 1552 2045 1631">
     <span class='ocr_line' id='line_1_27' title="bbox 475 1552 2045 1631; baseline -0.006 -15"><span class='ocrx_word' id='word_1_186' title='bbox 475 1563 590 1618; x_wconf 66' lang='lat' dir='ltr'><strong>hare</strong></span> <span class='ocrx_word' id='word_1_187' title='bbox 609 1563 746 1617; x_wconf 88' lang='lat' dir='ltr'><strong>dicta</strong></span> <span class='ocrx_word' id='word_1_188' title='bbox 759 1571 912 1629; x_wconf 85' lang='lat' dir='ltr'><strong>sunt,</strong></span> <span class='ocrx_word' id='word_1_189' title='bbox 937 1561 1030 1617; x_wconf 87' lang='lat' dir='ltr'><strong>sed</strong></span> <span class='ocrx_word' id='word_1_190' title='bbox 1061 1560 1331 1631; x_wconf 76' lang='lat' dir='ltr'><strong>ignoscite.</strong></span> <span class='ocrx_word' id='word_1_191' title='bbox 1360 1557 1492 1612; x_wconf 82' lang='lat' dir='ltr'><strong>Nam</strong></span> <span class='ocrx_word' id='word_1_192' title='bbox 1513 1556 1760 1627; x_wconf 85' lang='lat' dir='ltr'><strong>quoniam</strong></span> <span class='ocrx_word' id='word_1_193' title='bbox 1788 1553 1855 1609; x_wconf 86' lang='lat' dir='ltr'><strong>ad</strong></span> <span class='ocrx_word' id='word_1_194' title='bbox 1884 1552 2045 1608; x_wconf 81' lang='lat' dir='ltr'><strong>ﬁnem</strong></span> 
     </span>
    </p>
   </div>
   <div class='ocr_carea' id='block_1_28' title="bbox 472 1646 2048 1724">
    <p class='ocr_par' dir='ltr' id='par_1_28' title="bbox 472 1646 2048 1724">
     <span class='ocr_line' id='line_1_28' title="bbox 472 1646 2048 1724; baseline -0.006 -16"><span class='ocrx_word' id='word_1_195' title='bbox 472 1653 599 1708; x_wconf 71' lang='lat' dir='ltr'><strong>libri</strong></span> <span class='ocrx_word' id='word_1_196' title='bbox 628 1653 968 1724; x_wconf 82' lang='lat' dir='ltr'><strong>pervenimus</strong></span> <span class='ocrx_word' id='word_1_197' title='bbox 988 1695 1003 1721; x_wconf 93' lang='lat'><strong>,</strong></span> <span class='ocrx_word' id='word_1_198' title='bbox 1037 1652 1297 1707; x_wconf 90' lang='lat' dir='ltr'><strong>voluimus</strong></span> <span class='ocrx_word' id='word_1_199' title='bbox 1323 1665 1446 1706; x_wconf 89' lang='lat' dir='ltr'><strong>cum</strong></span> <span class='ocrx_word' id='word_1_200' title='bbox 1471 1649 1588 1719; x_wconf 79' lang='lat' dir='ltr'><strong>ejus</strong></span> <span class='ocrx_word' id='word_1_201' title='bbox 1617 1647 1722 1702; x_wconf 79' lang='lat' dir='ltr'><strong>ﬁne</strong></span> <span class='ocrx_word' id='word_1_202' title='bbox 1744 1646 1886 1702; x_wconf 76' lang='lat' dir='ltr'><strong>hunc</strong></span> <span class='ocrx_word' id='word_1_203' title='bbox 1915 1659 2048 1715; x_wconf 85' lang='lat' dir='ltr'><strong>quo-</strong></span> 
     </span>
    </p>
   </div>
   <div class='ocr_carea' id='block_1_29' title="bbox 477 1737 2047 1817">
    <p class='ocr_par' dir='ltr' id='par_1_29' title="bbox 477 1737 2047 1817">
     <span class='ocr_line' id='line_1_29' title="bbox 477 1737 2047 1817; baseline -0.009 -14"><span class='ocrx_word' id='word_1_204' title='bbox 477 1762 582 1817; x_wconf 84' lang='lat' dir='ltr'><strong>que</strong></span> <span class='ocrx_word' id='word_1_205' title='bbox 601 1759 902 1802; x_wconf 75' lang='lat' dir='ltr'><strong>sermonem</strong></span> <span class='ocrx_word' id='word_1_206' title='bbox 925 1743 1086 1800; x_wconf 69' lang='lat' dir='ltr'><strong>hodie</strong></span> <span class='ocrx_word' id='word_1_207' title='bbox 1107 1743 1279 1808; x_wconf 79' lang='lat' dir='ltr'><strong>ﬁnire,</strong></span> <span class='ocrx_word' id='word_1_208' title='bbox 1301 1750 1356 1797; x_wconf 84' lang='lat' dir='ltr'><strong>et</strong></span> <span class='ocrx_word' id='word_1_209' title='bbox 1382 1740 1594 1796; x_wconf 84' lang='lat' dir='ltr'><strong>solitam</strong></span> <span class='ocrx_word' id='word_1_210' title='bbox 1623 1737 2047 1793; x_wconf 79' lang='lat' dir='ltr'><strong>exhortationem</strong></span> 
     </span>
    </p>
   </div>
   <div class='ocr_carea' id='block_1_30' title="bbox 1477 1883 2744 1952">
    <p class='ocr_par' dir='ltr' id='par_1_30' title="bbox 1477 1883 2744 1952">
     <span class='ocr_line' id='line_1_30' title="bbox 1477 1883 2744 1952; baseline -0.008 0"><span class='ocrx_word' id='word_1_211' title='bbox 1477 1895 1694 1952; x_wconf 78' lang='lat' dir='ltr'><em>FINIS</em></span> <span class='ocrx_word' id='word_1_212' title='bbox 1738 1883 2218 1948; x_wconf 76' lang='lat' dir='ltr'><strong>HOMILIARUM</strong></span> <span class='ocrx_word' id='word_1_213' title='bbox 2262 1887 2348 1942; x_wconf 89' lang='lat' dir='ltr'><strong>IN</strong></span> <span class='ocrx_word' id='word_1_214' title='bbox 2385 1885 2744 1944; x_wconf 69' lang='lat' dir='ltr'><strong>CENESIM.</strong></span> 
     </span>
    </p>
   </div>
   <div class='ocr_carea' id='block_1_31' title="bbox 2145 1463 3733 1538">
    <p class='ocr_par' dir='ltr' id='par_1_31' title="bbox 2145 1463 3733 1538">
     <span class='ocr_line' id='line_1_31' title="bbox 2145 1463 3733 1538; baseline -0.001 -15"><span class='ocrx_word' id='word_1_215' title='bbox 2145 1469 2361 1538; x_wconf 79' lang='lat' dir='ltr'><strong>quicum</strong></span> <span class='ocrx_word' id='word_1_216' title='bbox 2389 1468 2531 1524; x_wconf 87' lang='lat' dir='ltr'><strong>Patri</strong></span> <span class='ocrx_word' id='word_1_217' title='bbox 2555 1477 2613 1524; x_wconf 88' lang='lat' dir='ltr'><strong>et</strong></span> <span class='ocrx_word' id='word_1_218' title='bbox 2637 1477 2822 1524; x_wconf 81' lang='lat' dir='ltr'><strong>sancto</strong></span> <span class='ocrx_word' id='word_1_219' title='bbox 2849 1467 3065 1538; x_wconf 79' lang='lat' dir='ltr'><strong>Spiritui</strong></span> <span class='ocrx_word' id='word_1_220' title='bbox 3105 1468 3177 1524; x_wconf 85' lang='lat' dir='ltr'><strong>sit</strong></span> <span class='ocrx_word' id='word_1_221' title='bbox 3215 1467 3388 1536; x_wconf 78' lang='lat' dir='ltr'><strong>gloria</strong></span> <span class='ocrx_word' id='word_1_222' title='bbox 3406 1503 3424 1532; x_wconf 86' lang='lat'><strong>,</strong></span> <span class='ocrx_word' id='word_1_223' title='bbox 3443 1463 3733 1537; x_wconf 77' lang='lat' dir='ltr'><strong>imperium</strong></span> 
     </span>
    </p>
   </div>
   <div class='ocr_carea' id='block_1_32' title="bbox 2148 1557 3731 1630">
    <p class='ocr_par' dir='ltr' id='par_1_32' title="bbox 2148 1557 3731 1630">
     <span class='ocr_line' id='line_1_32' title="bbox 2148 1557 3731 1630; baseline -0.002 -16"><span class='ocrx_word' id='word_1_224' title='bbox 2148 1569 2205 1614; x_wconf 85' lang='lat' dir='ltr'><strong>et</strong></span> <span class='ocrx_word' id='word_1_225' title='bbox 2231 1559 2402 1614; x_wconf 78' lang='lat' dir='ltr'><strong>honor</strong></span> <span class='ocrx_word' id='word_1_226' title='bbox 2421 1601 2436 1624; x_wconf 94' lang='lat'><strong>,</strong></span> <span class='ocrx_word' id='word_1_227' title='bbox 2465 1573 2608 1615; x_wconf 69' lang='lat' dir='ltr'><strong>nutu:</strong></span> <span class='ocrx_word' id='word_1_228' title='bbox 2629 1569 2686 1615; x_wconf 90' lang='lat' dir='ltr'><strong>et</strong></span> <span class='ocrx_word' id='word_1_229' title='bbox 2712 1572 2956 1630; x_wconf 77' lang='lat' dir='ltr'><strong>semper,</strong></span> <span class='ocrx_word' id='word_1_230' title='bbox 3001 1566 3056 1615; x_wconf 87' lang='lat' dir='ltr'><strong>et</strong></span> <span class='ocrx_word' id='word_1_231' title='bbox 3084 1559 3138 1614; x_wconf 78' lang='lat' dir='ltr'><strong>ia</strong></span> <span class='ocrx_word' id='word_1_232' title='bbox 3167 1558 3363 1614; x_wconf 66' lang='lat' dir='ltr'><strong>secula</strong></span> <span class='ocrx_word' id='word_1_233' title='bbox 3385 1557 3731 1615; x_wconf 66' lang='lat' dir='ltr'><strong>muluium.</strong></span> 
     </span>
    </p>
   </div>
   <div class='ocr_carea' id='block_1_33' title="bbox 2157 1654 2349 1708">
    <p class='ocr_par' dir='ltr' id='par_1_33' title="bbox 2157 1654 2349 1708">
     <span class='ocr_line' id='line_1_33' title="bbox 2157 1654 2349 1708; baseline 0.005 -1"><span class='ocrx_word' id='word_1_234' title='bbox 2157 1654 2349 1708; x_wconf 74' lang='lat' dir='ltr'><strong>Amen.</strong></span> 
     </span>
    </p>
   </div>
   <div class='ocr_carea' id='block_1_34' title="bbox 1455 2781 2757 2854">
    <p class='ocr_par' dir='ltr' id='par_1_34' title="bbox 1455 2781 2757 2854">
     <span class='ocr_line' id='line_1_34' title="bbox 1455 2781 2757 2854; baseline 0.003 -6"><span class='ocrx_word' id='word_1_235' title='bbox 1455 2781 1553 2848; x_wconf 72' lang='lat' dir='ltr'><strong>AD</strong></span> <span class='ocrx_word' id='word_1_236' title='bbox 1595 2785 2000 2850; x_wconf 72' lang='lat' dir='ltr'><strong>SERMONES</strong></span> <span class='ocrx_word' id='word_1_237' title='bbox 2057 2787 2252 2850; x_wconf 87' lang='lat' dir='ltr'><strong>OCTO</strong></span> <span class='ocrx_word' id='word_1_238' title='bbox 2295 2789 2376 2852; x_wconf 79' lang='lat' dir='ltr'><strong>IN</strong></span> <span class='ocrx_word' id='word_1_239' title='bbox 2424 2789 2757 2854; x_wconf 78' lang='lat' dir='ltr'><strong>GENESIM</strong></span> 
     </span>
    </p>
   </div>
   <div class='ocr_carea' id='block_1_35' title="bbox 543 3115 3742 3199">
    <p class='ocr_par' dir='ltr' id='par_1_35' title="bbox 543 3115 3742 3199">
     <span class='ocr_line' id='line_1_35' title="bbox 543 3115 3742 3199; baseline 0.004 -26"><span class='ocrx_word' id='word_1_240' title='bbox 543 3117 758 3188; x_wconf 86' lang='lat' dir='ltr'><strong>Optime</strong></span> <span class='ocrx_word' id='word_1_241' title='bbox 775 3116 1011 3190; x_wconf 69' lang='lat' dir='ltr'><strong>coniicit</strong></span> <span class='ocrx_word' id='word_1_242' title='bbox 1035 3115 1440 3184; x_wconf 84' lang='lat' dir='ltr'><strong>Tillemontius,</strong></span> <span class='ocrx_word' id='word_1_243' title='bbox 1473 3131 1598 3174; x_wconf 84' lang='lat' dir='ltr'><strong>cum</strong></span> <span class='ocrx_word' id='word_1_244' title='bbox 1626 3118 1702 3174; x_wconf 84' lang='lat' dir='ltr'><strong>ait</strong></span> <span class='ocrx_word' id='word_1_245' title='bbox 1729 3119 1944 3191; x_wconf 83' lang='lat' dir='ltr'><strong>opinari</strong></span> <span class='ocrx_word' id='word_1_246' title='bbox 1971 3133 2032 3177; x_wconf 87' lang='lat' dir='ltr'><strong>se</strong></span> <span class='ocrx_word' id='word_1_247' title='bbox 2079 3121 2302 3180; x_wconf 86' lang='lat' dir='ltr'><strong>ineunte</strong></span> <span class='ocrx_word' id='word_1_248' title='bbox 2343 3123 2768 3196; x_wconf 78' lang='lat' dir='ltr'><strong>Quadragestma</strong></span> <span class='ocrx_word' id='word_1_249' title='bbox 2819 3125 2954 3181; x_wconf 78' lang='lat' dir='ltr'><strong>anni</strong></span> <span class='ocrx_word' id='word_1_250' title='bbox 3005 3124 3110 3181; x_wconf 82' lang='lat'><strong>386</strong></span> <span class='ocrx_word' id='word_1_251' title='bbox 3153 3125 3615 3199; x_wconf 81' lang='lat' dir='ltr'><strong>Chrysostomum</strong></span> <span class='ocrx_word' id='word_1_252' title='bbox 3641 3130 3742 3185; x_wconf 81' lang='lat' dir='ltr'><strong>bos</strong></span> 
     </span>
    </p>
   </div>
   <div class='ocr_carea' id='block_1_36' title="bbox 476 3256 3740 3337">
    <p class='ocr_par' dir='ltr' id='par_1_36' title="bbox 476 3256 3740 3337">
     <span class='ocr_line' id='line_1_36' title="bbox 476 3256 3740 3337; baseline 0.003 -25"><span class='ocrx_word' id='word_1_253' title='bbox 476 3257 738 3316; x_wconf 82' lang='lat' dir='ltr'><strong>habuisse</strong></span> <span class='ocrx_word' id='word_1_254' title='bbox 770 3256 1095 3330; x_wconf 86' lang='lat' dir='ltr'><strong>Sermones;</strong></span> <span class='ocrx_word' id='word_1_255' title='bbox 1128 3259 1275 3330; x_wconf 81' lang='lat' dir='ltr'><strong>quod</strong></span> <span class='ocrx_word' id='word_1_256' title='bbox 1315 3267 1499 3316; x_wconf 86' lang='lat' dir='ltr'><strong>autem</strong></span> <span class='ocrx_word' id='word_1_257' title='bbox 1543 3257 1749 3331; x_wconf 78' lang='lat' dir='ltr'><strong>adjicit,</strong></span> <span class='ocrx_word' id='word_1_258' title='bbox 1795 3259 2038 3330; x_wconf 88' lang='lat' dir='ltr'><strong>primum</strong></span> <span class='ocrx_word' id='word_1_259' title='bbox 2089 3259 2416 3318; x_wconf 88' lang='lat' dir='ltr'><strong>Sermonem</strong></span> <span class='ocrx_word' id='word_1_260' title='bbox 2447 3263 2652 3318; x_wconf 80' lang='lat' dir='ltr'><strong>dictum</strong></span> <span class='ocrx_word' id='word_1_261' title='bbox 2699 3261 2870 3319; x_wconf 79' lang='lat' dir='ltr'><strong>fuisse</strong></span> <span class='ocrx_word' id='word_1_262' title='bbox 2907 3263 3084 3335; x_wconf 86' lang='lat' dir='ltr'><strong>prima</strong></span> <span class='ocrx_word' id='word_1_263' title='bbox 3130 3264 3580 3337; x_wconf 66' lang='lat' dir='ltr'><strong>Quadragesimz</strong></span> <span class='ocrx_word' id='word_1_264' title='bbox 3628 3268 3740 3332; x_wconf 82' lang='lat' dir='ltr'><strong>die,</strong></span> 
     </span>
    </p>
   </div>
   <div class='ocr_carea' id='block_1_37' title="bbox 469 3395 3739 3472">
    <p class='ocr_par' dir='ltr' id='par_1_37' title="bbox 469 3395 3739 3472">
     <span class='ocr_line' id='line_1_37' title="bbox 469 3395 3739 3472; baseline 0.002 -22"><span class='ocrx_word' id='word_1_265' title='bbox 469 3395 603 3454; x_wconf 88' lang='lat' dir='ltr'><strong>l&#39;eria</strong></span> <span class='ocrx_word' id='word_1_266' title='bbox 633 3411 830 3470; x_wconf 82' lang='lat' dir='ltr'><strong>nempe</strong></span> <span class='ocrx_word' id='word_1_267' title='bbox 859 3397 1124 3466; x_wconf 81' lang='lat' dir='ltr'><strong>secunda,</strong></span> <span class='ocrx_word' id='word_1_268' title='bbox 1156 3411 1264 3470; x_wconf 82' lang='lat' dir='ltr'><strong>qua</strong></span> <span class='ocrx_word' id='word_1_269' title='bbox 1303 3396 1668 3469; x_wconf 81' lang='lat' dir='ltr'><strong>incipiebatur</strong></span> <span class='ocrx_word' id='word_1_270' title='bbox 1697 3395 2003 3454; x_wconf 67' lang='lat' dir='ltr'><strong>Antiochiae</strong></span> <span class='ocrx_word' id='word_1_271' title='bbox 2031 3397 2479 3472; x_wconf 83' lang='lat' dir='ltr'><strong>Quadragesima,</strong></span> <span class='ocrx_word' id='word_1_272' title='bbox 2502 3409 2562 3457; x_wconf 90' lang='lat' dir='ltr'><strong>et</strong></span> <span class='ocrx_word' id='word_1_273' title='bbox 2594 3401 2698 3457; x_wconf 88' lang='lat' dir='ltr'><strong>hoc</strong></span> <span class='ocrx_word' id='word_1_274' title='bbox 2743 3414 2889 3456; x_wconf 80' lang='lat' dir='ltr'><strong>anno</strong></span> <span class='ocrx_word' id='word_1_275' title='bbox 2932 3401 3203 3458; x_wconf 75' lang='lat' dir='ltr'><strong>incidebat</strong></span> <span class='ocrx_word' id='word_1_276' title='bbox 3229 3401 3290 3456; x_wconf 87' lang='lat' dir='ltr'><strong>in</strong></span> <span class='ocrx_word' id='word_1_277' title='bbox 3327 3402 3397 3457; x_wconf 68' lang='lat'><strong>&#39;16</strong></span> <span class='ocrx_word' id='word_1_278' title='bbox 3432 3400 3739 3468; x_wconf 78' lang='lat' dir='ltr'><strong>Februarii,</strong></span> 
     </span>
    </p>
   </div>
   <div class='ocr_carea' id='block_1_38' title="bbox 462 3538 3742 3619">
    <p class='ocr_par' dir='ltr' id='par_1_38' title="bbox 462 3538 3742 3619">
     <span class='ocr_line' id='line_1_38' title="bbox 462 3538 3742 3619; baseline 0.003 -26"><span class='ocrx_word' id='word_1_279' title='bbox 462 3538 621 3608; x_wconf 85' lang='lat' dir='ltr'><strong>illud,</strong></span> <span class='ocrx_word' id='word_1_280' title='bbox 655 3540 900 3613; x_wconf 83' lang='lat' dir='ltr'><strong>inquam,</strong></span> <span class='ocrx_word' id='word_1_281' title='bbox 927 3550 1159 3600; x_wconf 85' lang='lat' dir='ltr'><strong>eatenus</strong></span> <span class='ocrx_word' id='word_1_282' title='bbox 1188 3543 1529 3615; x_wconf 81' lang='lat' dir='ltr'><strong>exploratum</strong></span> <span class='ocrx_word' id='word_1_283' title='bbox 1555 3558 1678 3601; x_wconf 85' lang='lat' dir='ltr'><strong>esse</strong></span> <span class='ocrx_word' id='word_1_284' title='bbox 1707 3551 1908 3612; x_wconf 88' lang='lat' dir='ltr'><strong>potest,</strong></span> <span class='ocrx_word' id='word_1_285' title='bbox 1939 3550 2208 3612; x_wconf 83' lang='lat' dir='ltr'><strong>quatenus</strong></span> <span class='ocrx_word' id='word_1_286' title='bbox 2259 3541 2482 3602; x_wconf 83' lang='lat' dir='ltr'><strong>Tabulis</strong></span> <span class='ocrx_word' id='word_1_287' title='bbox 2513 3544 2874 3607; x_wconf 66' lang='lat' dir='ltr'><strong>Paschalibus</strong></span> <span class='ocrx_word' id='word_1_288' title='bbox 2919 3547 3086 3603; x_wconf 81' lang='lat' dir='ltr'><strong>ﬁdere</strong></span> <span class='ocrx_word' id='word_1_289' title='bbox 3120 3561 3431 3617; x_wconf 86' lang='lat' dir='ltr'><strong>possumus,</strong></span> <span class='ocrx_word' id='word_1_290' title='bbox 3477 3563 3606 3619; x_wconf 77' lang='lat' dir='ltr'><strong>qua:</strong></span> <span class='ocrx_word' id='word_1_291' title='bbox 3643 3548 3742 3604; x_wconf 77' lang='lat' dir='ltr'><strong>hoc</strong></span> 
     </span>
    </p>
   </div>
   <div class='ocr_carea' id='block_1_39' title="bbox 467 3680 3743 3776">
    <p class='ocr_par' dir='ltr' id='par_1_39' title="bbox 467 3680 3743 3776">
     <span class='ocr_line' id='line_1_39' title="bbox 467 3680 3743 3776; baseline 0.003 -40"><span class='ocrx_word' id='word_1_292' title='bbox 467 3696 615 3736; x_wconf 77' lang='lat' dir='ltr'><strong>anno</strong></span> <span class='ocrx_word' id='word_1_293' title='bbox 641 3680 944 3776; x_wconf 66' lang='lat' dir='ltr'><strong>Panchaia</strong></span> <span class='ocrx_word' id='word_1_294' title='bbox 965 3683 1217 3758; x_wconf 78' lang='lat' dir='ltr'><strong>quintam</strong></span> <span class='ocrx_word' id='word_1_295' title='bbox 1245 3684 1450 3760; x_wconf 77' lang='lat' dir='ltr'><strong>Aprilis</strong></span> <span class='ocrx_word' id='word_1_296' title='bbox 1481 3684 1724 3744; x_wconf 87' lang='lat' dir='ltr'><strong>incidere</strong></span> <span class='ocrx_word' id='word_1_297' title='bbox 1744 3685 2124 3743; x_wconf 78' lang='lat' dir='ltr'><strong>testiﬁcantur.</strong></span> <span class='ocrx_word' id='word_1_298' title='bbox 2149 3685 2258 3743; x_wconf 84' lang='lat' dir='ltr'><strong>Sed</strong></span> <span class='ocrx_word' id='word_1_299' title='bbox 2291 3701 2415 3743; x_wconf 90' lang='lat' dir='ltr'><strong>cum</strong></span> <span class='ocrx_word' id='word_1_300' title='bbox 2445 3687 2553 3744; x_wconf 68' lang='lat' dir='ltr'><strong>illae</strong></span> <span class='ocrx_word' id='word_1_301' title='bbox 2577 3686 2798 3745; x_wconf 71' lang='lat' dir='ltr'><strong>Tabula:</strong></span> <span class='ocrx_word' id='word_1_302' title='bbox 2827 3687 3120 3746; x_wconf 78' lang='lat' dir='ltr'><strong>Pascltales</strong></span> <span class='ocrx_word' id='word_1_303' title='bbox 3146 3705 3257 3747; x_wconf 87' lang='lat' dir='ltr'><strong>non</strong></span> <span class='ocrx_word' id='word_1_304' title='bbox 3289 3692 3517 3747; x_wconf 87' lang='lat' dir='ltr'><strong>omnino</strong></span> <span class='ocrx_word' id='word_1_305' title='bbox 3553 3700 3743 3747; x_wconf 84' lang='lat' dir='ltr'><strong>vacent</strong></span> 
     </span>
    </p>
   </div>
   <div class='ocr_carea' id='block_1_40' title="bbox 471 3817 3744 3901">
    <p class='ocr_par' dir='ltr' id='par_1_40' title="bbox 471 3817 3744 3901">
     <span class='ocr_line' id='line_1_40' title="bbox 471 3817 3744 3901; baseline 0.004 -24"><span class='ocrx_word' id='word_1_306' title='bbox 471 3817 806 3888; x_wconf 88' lang='lat' dir='ltr'><strong>suspicione,</strong></span> <span class='ocrx_word' id='word_1_307' title='bbox 841 3829 902 3876; x_wconf 90' lang='lat' dir='ltr'><strong>ut</strong></span> <span class='ocrx_word' id='word_1_308' title='bbox 931 3817 1177 3892; x_wconf 87' lang='lat' dir='ltr'><strong>pluribus</strong></span> <span class='ocrx_word' id='word_1_309' title='bbox 1207 3820 1446 3878; x_wconf 79' lang='lat' dir='ltr'><strong>diximus</strong></span> <span class='ocrx_word' id='word_1_310' title='bbox 1482 3822 1533 3878; x_wconf 92' lang='lat' dir='ltr'><strong>in</strong></span> <span class='ocrx_word' id='word_1_311' title='bbox 1564 3821 1770 3880; x_wconf 83' lang='lat' dir='ltr'><strong>Monito</strong></span> <span class='ocrx_word' id='word_1_312' title='bbox 1807 3825 1874 3881; x_wconf 88' lang='lat' dir='ltr'><strong>ad</strong></span> <span class='ocrx_word' id='word_1_313' title='bbox 1914 3823 2204 3882; x_wconf 85' lang='lat' dir='ltr'><strong>Orationes</strong></span> <span class='ocrx_word' id='word_1_314' title='bbox 2245 3835 2434 3882; x_wconf 86' lang='lat' dir='ltr'><strong>contra</strong></span> <span class='ocrx_word' id='word_1_315' title='bbox 2468 3825 2684 3886; x_wconf 70' lang='lat' dir='ltr'><strong>Judseos</strong></span> <span class='ocrx_word' id='word_1_316' title='bbox 2711 3827 2882 3886; x_wconf 89' lang='lat' dir='ltr'><strong>Tomo</strong></span> <span class='ocrx_word' id='word_1_317' title='bbox 2917 3829 3136 3901; x_wconf 84' lang='lat' dir='ltr'><strong>primo:</strong></span> <span class='ocrx_word' id='word_1_318' title='bbox 3169 3830 3238 3888; x_wconf 85' lang='lat' dir='ltr'><strong>iis</strong></span> <span class='ocrx_word' id='word_1_319' title='bbox 3273 3846 3382 3887; x_wconf 82' lang='lat' dir='ltr'><strong>non</strong></span> <span class='ocrx_word' id='word_1_320' title='bbox 3429 3834 3744 3891; x_wconf 82' lang='lat' dir='ltr'><strong>omnimoda</strong></span> 
     </span>
    </p>
   </div>
   <div class='ocr_carea' id='block_1_41' title="bbox 471 3960 3743 4045">
    <p class='ocr_par' dir='ltr' id='par_1_41' title="bbox 471 3960 3743 4045">
     <span class='ocr_line' id='line_1_41' title="bbox 471 3960 3743 4045; baseline 0.004 -28"><span class='ocrx_word' id='word_1_321' title='bbox 471 3960 604 4018; x_wconf 80' lang='lat' dir='ltr'><strong>ﬁdes</strong></span> <span class='ocrx_word' id='word_1_322' title='bbox 635 3960 904 4018; x_wconf 81' lang='lat' dir='ltr'><strong>habenda.</strong></span> <span class='ocrx_word' id='word_1_323' title='bbox 935 3961 1125 4036; x_wconf 83' lang='lat' dir='ltr'><strong>itaque</strong></span> <span class='ocrx_word' id='word_1_324' title='bbox 1151 3973 1363 4022; x_wconf 85' lang='lat' dir='ltr'><strong>certum</strong></span> <span class='ocrx_word' id='word_1_325' title='bbox 1391 3974 1474 4023; x_wconf 86' lang='lat' dir='ltr'><strong>est</strong></span> <span class='ocrx_word' id='word_1_326' title='bbox 1501 3963 1734 4038; x_wconf 89' lang='lat' dir='ltr'><strong>primum</strong></span> <span class='ocrx_word' id='word_1_327' title='bbox 1759 3984 1813 4024; x_wconf 84' lang='lat' dir='ltr'><strong>tn</strong></span> <span class='ocrx_word' id='word_1_328' title='bbox 1841 3967 2112 4026; x_wconf 78' lang='lat' dir='ltr'><strong>Genesim&#39;</strong></span> <span class='ocrx_word' id='word_1_329' title='bbox 2131 3968 2452 4027; x_wconf 84' lang='lat' dir='ltr'><strong>Sermonem</strong></span> <span class='ocrx_word' id='word_1_330' title='bbox 2482 3971 2732 4028; x_wconf 75' lang='lat' dir='ltr'><strong>habitum</strong></span> <span class='ocrx_word' id='word_1_331' title='bbox 2762 3970 2931 4027; x_wconf 81' lang='lat' dir='ltr'><strong>fuisse</strong></span> <span class='ocrx_word' id='word_1_332' title='bbox 2955 3972 3130 4042; x_wconf 82' lang='lat' dir='ltr'><strong>prima</strong></span> <span class='ocrx_word' id='word_1_333' title='bbox 3152 3972 3241 4028; x_wconf 87' lang='lat' dir='ltr'><strong>die</strong></span> <span class='ocrx_word' id='word_1_334' title='bbox 3273 3970 3743 4045; x_wconf 75' lang='lat' dir='ltr'><strong>Quadragesimze,</strong></span> 
     </span>
    </p>
   </div>
   <div class='ocr_carea' id='block_1_42' title="bbox 468 4095 3747 4187">
    <p class='ocr_par' dir='ltr' id='par_1_42' title="bbox 468 4095 3747 4187">
     <span class='ocr_line' id='line_1_42' title="bbox 468 4095 3747 4187; baseline 0.006 -36"><span class='ocrx_word' id='word_1_335' title='bbox 468 4113 592 4169; x_wconf 64' lang='lat' dir='ltr'><strong>qua:</strong></span> <span class='ocrx_word' id='word_1_336' title='bbox 626 4096 766 4152; x_wconf 82' lang='lat' dir='ltr'><strong>&#39;l‘eria</strong></span> <span class='ocrx_word' id='word_1_337' title='bbox 798 4097 1059 4163; x_wconf 82' lang='lat' dir='ltr'><strong>secunda,</strong></span> <span class='ocrx_word' id='word_1_338' title='bbox 1089 4095 1258 4154; x_wconf 89' lang='lat' dir='ltr'><strong>biduo</strong></span> <span class='ocrx_word' id='word_1_339' title='bbox 1290 4113 1486 4171; x_wconf 88' lang='lat' dir='ltr'><strong>nempe</strong></span> <span class='ocrx_word' id='word_1_340' title='bbox 1519 4110 1646 4157; x_wconf 90' lang='lat' dir='ltr'><strong>ante</strong></span> <span class='ocrx_word' id='word_1_341' title='bbox 1679 4103 2165 4174; x_wconf 85' lang='lat' dir='ltr'><strong>Quadragesimam</strong></span> <span class='ocrx_word' id='word_1_342' title='bbox 2211 4117 2472 4168; x_wconf 84' lang='lat' dir='ltr'><strong>nostram,</strong></span> <span class='ocrx_word' id='word_1_343' title='bbox 2504 4121 2718 4177; x_wconf 84' lang='lat' dir='ltr'><strong>semper</strong></span> <span class='ocrx_word' id='word_1_344' title='bbox 2750 4109 3051 4165; x_wconf 72' lang='lat' dir='ltr'><strong>Antiochiae</strong></span> <span class='ocrx_word' id='word_1_345' title='bbox 3080 4110 3414 4182; x_wconf 83' lang='lat' dir='ltr'><strong>incipiebat;</strong></span> <span class='ocrx_word' id='word_1_346' title='bbox 3467 4127 3580 4170; x_wconf 82' lang='lat' dir='ltr'><strong>non</strong></span> <span class='ocrx_word' id='word_1_347' title='bbox 3625 4130 3747 4187; x_wconf 78' lang='lat' dir='ltr'><strong>per-</strong></span> 
     </span>
    </p>
   </div>
   <div class='ocr_carea' id='block_1_43' title="bbox 471 4234 2495 4311">
    <p class='ocr_par' dir='ltr' id='par_1_43' title="bbox 471 4234 2495 4311">
     <span class='ocr_line' id='line_1_43' title="bbox 471 4234 2495 4311; baseline 0.005 -21"><span class='ocrx_word' id='word_1_348' title='bbox 471 4234 596 4291; x_wconf 82' lang='lat' dir='ltr'><strong>inde</strong></span> <span class='ocrx_word' id='word_1_349' title='bbox 622 4249 751 4291; x_wconf 83' lang='lat' dir='ltr'><strong>vero</strong></span> <span class='ocrx_word' id='word_1_350' title='bbox 785 4245 994 4293; x_wconf 87' lang='lat' dir='ltr'><strong>certum</strong></span> <span class='ocrx_word' id='word_1_351' title='bbox 1023 4246 1110 4295; x_wconf 88' lang='lat' dir='ltr'><strong>est</strong></span> <span class='ocrx_word' id='word_1_352' title='bbox 1133 4255 1238 4311; x_wconf 81' lang='lat' dir='ltr'><strong>qua</strong></span> <span class='ocrx_word' id='word_1_353' title='bbox 1272 4242 1476 4300; x_wconf 89' lang='lat' dir='ltr'><strong>mensis</strong></span> <span class='ocrx_word' id='word_1_354' title='bbox 1501 4243 1612 4308; x_wconf 85' lang='lat' dir='ltr'><strong>die,</strong></span> <span class='ocrx_word' id='word_1_355' title='bbox 1640 4250 1704 4298; x_wconf 84' lang='lat' dir='ltr'><strong>ut</strong></span> <span class='ocrx_word' id='word_1_356' title='bbox 1739 4243 1794 4298; x_wconf 91' lang='lat' dir='ltr'><strong>in</strong></span> <span class='ocrx_word' id='word_1_357' title='bbox 1828 4244 2019 4301; x_wconf 85' lang='lat' dir='ltr'><strong>eodem</strong></span> <span class='ocrx_word' id='word_1_358' title='bbox 2055 4245 2259 4302; x_wconf 79' lang='lat' dir='ltr'><strong>Monlto</strong></span> <span class='ocrx_word' id='word_1_359' title='bbox 2288 4245 2495 4300; x_wconf 81' lang='lat' dir='ltr'><strong>videas.</strong></span> 
     </span>
    </p>
   </div>
   <div class='ocr_carea' id='block_1_44' title="bbox 537 4357 3743 4476">
    <p class='ocr_par' dir='ltr' id='par_1_44' title="bbox 537 4357 3743 4476">
     <span class='ocr_line' id='line_1_44' title="bbox 537 4357 3743 4476; baseline 0.007 -46"><span class='ocrx_word' id='word_1_360' title='bbox 537 4373 770 4430; x_wconf 82' lang='lat' dir='ltr'><strong>Habilos</strong></span> <span class='ocrx_word' id='word_1_361' title='bbox 799 4384 982 4476; x_wconf 79' lang='lat' dir='ltr'><strong>autem</strong></span> <span class='ocrx_word' id='word_1_362' title='bbox 1020 4389 1166 4433; x_wconf 87' lang='lat' dir='ltr'><strong>anno</strong></span> <span class='ocrx_word' id='word_1_363' title='bbox 1205 4379 1309 4435; x_wconf 80' lang='lat'><strong>586</strong></span> <span class='ocrx_word' id='word_1_364' title='bbox 1355 4381 1471 4453; x_wconf 89' lang='lat' dir='ltr'><strong>ipse</strong></span> <span class='ocrx_word' id='word_1_365' title='bbox 1518 4385 1802 4457; x_wconf 88' lang='lat' dir='ltr'><strong>perspicue</strong></span> <span class='ocrx_word' id='word_1_366' title='bbox 1849 4398 2246 4446; x_wconf 83' lang='lat' dir='ltr'><strong>commonstrat</strong></span> <span class='ocrx_word' id='word_1_367' title='bbox 2292 4391 2722 4462; x_wconf 81' lang='lat' dir='ltr'><strong>Chrysostomus</strong></span> <span class='ocrx_word' id='word_1_368' title='bbox 2763 4406 2888 4447; x_wconf 90' lang='lat' dir='ltr'><strong>cum</strong></span> <span class='ocrx_word' id='word_1_369' title='bbox 2938 4393 3238 4450; x_wconf 65' lang='lat' dir='ltr'><strong>secundum</strong></span> <span class='ocrx_word' id='word_1_370' title='bbox 3293 4357 3618 4452; x_wconf 80' lang='lat' dir='ltr'><strong>Sermonem</strong></span> <span class='ocrx_word' id='word_1_371' title='bbox 3663 4397 3743 4453; x_wconf 79' lang='lat' dir='ltr'><strong>his</strong></span> 
     </span>
    </p>
   </div>
   <div class='ocr_carea' id='block_1_45' title="bbox 468 4501 3736 4607">
    <p class='ocr_par' dir='ltr' id='par_1_45' title="bbox 468 4501 3736 4607">
     <span class='ocr_line' id='line_1_45' title="bbox 468 4501 3736 4607; baseline 0.007 -40"><span class='ocrx_word' id='word_1_372' title='bbox 468 4512 652 4570; x_wconf 68' lang='lat' dir='ltr'><strong>verbis</strong></span> <span class='ocrx_word' id='word_1_373' title='bbox 689 4512 904 4569; x_wconf 87' lang='lat' dir='ltr'><strong>orditur</strong></span> <span class='ocrx_word' id='word_1_374' title='bbox 931 4529 946 4570; x_wconf 89' lang='lat'><strong>:</strong></span> <span class='ocrx_word' id='word_1_375' title='bbox 977 4509 1128 4585; x_wconf 69' lang='grc' dir='ltr'><strong>Ἆρα</strong></span> <span class='ocrx_word' id='word_1_376' title='bbox 1156 4514 1439 4586; x_wconf 81' lang='grc' dir='ltr'><strong>μέμνησθε</strong></span> <span class='ocrx_word' id='word_1_377' title='bbox 1460 4520 1570 4574; x_wconf 82' lang='grc' dir='ltr'>τῶν</span> <span class='ocrx_word' id='word_1_378' title='bbox 1591 4518 1930 4593; x_wconf 78' lang='grc' dir='ltr'><strong>ζητημάτων</strong></span> <span class='ocrx_word' id='word_1_379' title='bbox 1958 4523 2066 4578; x_wconf 80' lang='grc' dir='ltr'>τῶν</span> <span class='ocrx_word' id='word_1_380' title='bbox 2119 4525 2314 4597; x_wconf 80' lang='grc' dir='ltr'>πρώην</span> <span class='ocrx_word' id='word_1_381' title='bbox 2365 4527 2739 4599; x_wconf 81' lang='grc' dir='ltr'><strong>προτεθέντων</strong></span> <span class='ocrx_word' id='word_1_382' title='bbox 2787 4529 2917 4598; x_wconf 71' lang='grc' dir='ltr'>ὑμῖν</span> <span class='ocrx_word' id='word_1_383' title='bbox 2964 4547 2978 4597; x_wconf 91' lang='grc'><strong>;</strong></span> <span class='ocrx_word' id='word_1_384' title='bbox 3010 4529 3104 4596; x_wconf 76' lang='grc' dir='ltr'><strong>Εἰς</strong></span> <span class='ocrx_word' id='word_1_385' title='bbox 3159 4501 3416 4586; x_wconf 78' lang='grc' dir='ltr'>τοσοῦτον</span> <span class='ocrx_word' id='word_1_386' title='bbox 3447 4533 3559 4605; x_wconf 82' lang='grc' dir='ltr'><strong>γὰρ</strong></span> <span class='ocrx_word' id='word_1_387' title='bbox 3589 4537 3736 4607; x_wconf 75' lang='grc' dir='ltr'><strong>ἡμᾶς</strong></span> 
     </span>
    </p>
   </div>
   <div class='ocr_carea' id='block_1_46' title="bbox 466 4657 3742 4746">
    <p class='ocr_par' dir='ltr' id='par_1_46' title="bbox 466 4657 3742 4746">
     <span class='ocr_line' id='line_1_46' title="bbox 466 4657 3742 4746; baseline 0.007 -37"><span class='ocrx_word' id='word_1_388' title='bbox 466 4657 726 4723; x_wconf 80' lang='grc' dir='ltr'><strong>ἀπονοίας</strong></span> <span class='ocrx_word' id='word_1_389' title='bbox 756 4661 848 4714; x_wconf 77' lang='grc' dir='ltr'><strong>καί</strong></span> <span class='ocrx_word' id='word_1_390' title='bbox 879 4661 1085 4733; x_wconf 74' lang='grc' dir='ltr'>τόλμης</span> <span class='ocrx_word' id='word_1_391' title='bbox 1114 4663 1380 4734; x_wconf 78' lang='grc' dir='ltr'><strong>ὲπήρατε,</strong></span> <span class='ocrx_word' id='word_1_392' title='bbox 1415 4664 1492 4728; x_wconf 85' lang='grc' dir='ltr'>ὡς</span> <span class='ocrx_word' id='word_1_393' title='bbox 1515 4665 1610 4720; x_wconf 81' lang='grc' dir='ltr'><strong>καὶ</strong></span> <span class='ocrx_word' id='word_1_394' title='bbox 1635 4664 1964 4736; x_wconf 75' lang='grc' dir='ltr'>ζητημάτων</span> <span class='ocrx_word' id='word_1_395' title='bbox 1994 4667 2096 4739; x_wconf 69' lang='grc' dir='ltr'><strong>ἤδη</strong></span> <span class='ocrx_word' id='word_1_396' title='bbox 2127 4667 2475 4739; x_wconf 80' lang='grc' dir='ltr'>κατατολμᾷν</span> <span class='ocrx_word' id='word_1_397' title='bbox 2493 4683 2506 4696; x_wconf 85' lang='lat'><strong><em>°</em></strong></span> <span class='ocrx_word' id='word_1_398' title='bbox 2541 4668 2743 4739; x_wconf 76' lang='grc' dir='ltr'>μᾶλλον</span> <span class='ocrx_word' id='word_1_399' title='bbox 2770 4670 2827 4722; x_wconf 83' lang='grc' dir='ltr'><strong>δὲ</strong></span> <span class='ocrx_word' id='word_1_400' title='bbox 2855 4671 2957 4725; x_wconf 62' lang='grc' dir='ltr'><strong>οὐκ</strong></span> <span class='ocrx_word' id='word_1_401' title='bbox 2985 4671 3054 4725; x_wconf 82' lang='grc' dir='ltr'><strong>ἂν</strong></span> <span class='ocrx_word' id='word_1_402' title='bbox 3084 4672 3170 4744; x_wconf 80' lang='grc' dir='ltr'>εἴη</span> <span class='ocrx_word' id='word_1_403' title='bbox 3199 4673 3406 4746; x_wconf 76' lang='grc' dir='ltr'>τόλμης</span> <span class='ocrx_word' id='word_1_404' title='bbox 3431 4675 3560 4730; x_wconf 60' lang='grc' dir='ltr'>οὐῶ</span> <span class='ocrx_word' id='word_1_405' title='bbox 3605 4677 3742 4731; x_wconf 74' lang='grc' dir='ltr'><strong>ἀπο-</strong></span> 
     </span>
    </p>
   </div>
   <div class='ocr_carea' id='block_1_47' title="bbox 466 4798 3745 4886">
    <p class='ocr_par' dir='ltr' id='par_1_47' title="bbox 466 4798 3745 4886">
     <span class='ocr_line' id='line_1_47' title="bbox 466 4798 3745 4886; baseline 0.005 -36"><span class='ocrx_word' id='word_1_406' title='bbox 466 4798 615 4861; x_wconf 74' lang='grc' dir='ltr'>νοίας</span> <span class='ocrx_word' id='word_1_407' title='bbox 642 4799 820 4853; x_wconf 80' lang='grc' dir='ltr'>τοῦτο.</span> <span class='ocrx_word' id='word_1_408' title='bbox 853 4800 927 4853; x_wconf 83' lang='grc' dir='ltr'><strong>Οὐ</strong></span> <span class='ocrx_word' id='word_1_409' title='bbox 958 4799 1068 4871; x_wconf 83' lang='grc' dir='ltr'><strong>γὰρ</strong></span> <span class='ocrx_word' id='word_1_410' title='bbox 1097 4801 1277 4874; x_wconf 77' lang='grc' dir='ltr'>οἰκείᾳ</span> <span class='ocrx_word' id='word_1_411' title='bbox 1305 4802 1533 4874; x_wconf 83' lang='grc' dir='ltr'><strong>δυνάμει</strong></span> <span class='ocrx_word' id='word_1_412' title='bbox 1572 4803 1970 4878; x_wconf 68' lang='grc' dir='ltr'><strong>θαρρήσαντες,</strong></span> <span class='ocrx_word' id='word_1_413' title='bbox 2002 4804 2140 4860; x_wconf 76' lang='grc' dir='ltr'><strong>ἀλλὰ</strong></span> <span class='ocrx_word' id='word_1_414' title='bbox 2180 4807 2302 4870; x_wconf 83' lang='grc' dir='ltr'>ταῖς</span> <span class='ocrx_word' id='word_1_415' title='bbox 2330 4807 2516 4881; x_wconf 80' lang='grc' dir='ltr'><strong>εὐχαῖς</strong></span> <span class='ocrx_word' id='word_1_416' title='bbox 2553 4807 2664 4861; x_wconf 67' lang='grc' dir='ltr'><strong>τῶν</strong></span> <span class='ocrx_word' id='word_1_417' title='bbox 2724 4805 3006 4882; x_wconf 83' lang='grc' dir='ltr'><strong>προέδρων</strong></span> <span class='ocrx_word' id='word_1_418' title='bbox 3041 4809 3137 4864; x_wconf 73' lang='grc' dir='ltr'>καὶ</span> <span class='ocrx_word' id='word_1_419' title='bbox 3164 4809 3288 4876; x_wconf 79' lang='grc' dir='ltr'>ταῖς</span> <span class='ocrx_word' id='word_1_420' title='bbox 3327 4813 3631 4886; x_wconf 82' lang='grc' dir='ltr'><strong>ὑμετέραις</strong></span> <span class='ocrx_word' id='word_1_421' title='bbox 3687 4817 3745 4870; x_wconf 77' lang='grc' dir='ltr'>τὸ</span> 
     </span>
    </p>
   </div>
   <div class='ocr_carea' id='block_1_48' title="bbox 469 4918 2045 5020">
    <p class='ocr_par' dir='ltr' id='par_1_48' title="bbox 469 4918 2045 5012">
     <span class='ocr_line' id='line_1_48' title="bbox 469 4918 2045 5012; baseline 0.008 -25"><span class='ocrx_word' id='word_1_422' title='bbox 469 4933 576 4987; x_wconf 79' lang='grc' dir='ltr'><strong>πᾶν</strong></span> <span class='ocrx_word' id='word_1_423' title='bbox 605 4933 1016 5005; x_wconf 49' lang='lat' dir='ltr'><strong>inuestem—:54.</strong></span> <span class='ocrx_word' id='word_1_424' title='bbox 1054 4936 1444 5010; x_wconf 71' lang='grc' dir='ltr'><strong>ἀπεδυσάμεθα</strong></span> <span class='ocrx_word' id='word_1_425' title='bbox 1475 4939 1611 5012; x_wconf 82' lang='grc' dir='ltr'>πρὸς</span> <span class='ocrx_word' id='word_1_426' title='bbox 1638 4939 1700 4993; x_wconf 80' lang='grc' dir='ltr'><strong>τὸ</strong></span> <span class='ocrx_word' id='word_1_427' title='bbox 1732 4918 1962 4996; x_wconf 75' lang='grc' dir='ltr'>στάδιον.</span> <span class='ocrx_word' id='word_1_428' title='bbox 1997 4943 2045 4998; x_wconf 84' lang='lat' dir='ltr'><strong>ltl</strong></span> 
     </span>
    </p>
   </div>
   <div class='ocr_carea' id='block_1_49' title="bbox 2146 4918 3748 5020">
    <p class='ocr_par' dir='ltr' id='par_1_49' title="bbox 2146 4942 3748 5020">
     <span class='ocr_line' id='line_1_49' title="bbox 2146 4942 3748 5020; baseline 0.004 -21"><span class='ocrx_word' id='word_1_429' title='bbox 2146 4951 2160 4999; x_wconf 80' lang='grc' dir='ltr'><strong>ι</strong></span> <span class='ocrx_word' id='word_1_430' title='bbox 2192 4963 2206 4999; x_wconf 92' lang='lat'>:</span> <span class='ocrx_word' id='word_1_431' title='bbox 2230 4942 2500 5015; x_wconf 78' lang='lat' dir='ltr'><strong>Numquid</strong></span> <span class='ocrx_word' id='word_1_432' title='bbox 2533 4947 2843 5001; x_wconf 71' lang='lat' dir='ltr'><strong>meministis</strong></span> <span class='ocrx_word' id='word_1_433' title='bbox 2872 4949 3244 5017; x_wconf 69' lang='lat' dir='ltr'><strong>question‘um,</strong></span> <span class='ocrx_word' id='word_1_434' title='bbox 3267 4963 3385 5020; x_wconf 71' lang='lat' dir='ltr'><strong>quae</strong></span> <span class='ocrx_word' id='word_1_435' title='bbox 3413 4950 3560 5005; x_wconf 67' lang='lat' dir='ltr'><strong>vobis</strong></span> <span class='ocrx_word' id='word_1_436' title='bbox 3579 4963 3748 5020; x_wconf 73' lang='lat' dir='ltr'><strong>nuper</strong></span> 
     </span>
    </p>
   </div>
   <div class='ocr_carea' id='block_1_50' title="bbox 466 5072 3746 5164">
    <p class='ocr_par' dir='ltr' id='par_1_50' title="bbox 466 5072 3746 5164">
     <span class='ocr_line' id='line_1_50' title="bbox 466 5072 3746 5164; baseline 0.005 -34"><span class='ocrx_word' id='word_1_437' title='bbox 466 5082 590 5130; x_wconf 73' lang='lat' dir='ltr'><strong>sunt</strong></span> <span class='ocrx_word' id='word_1_438' title='bbox 619 5073 947 5144; x_wconf 63' lang='lat' dir='ltr'><strong>proposita?</strong></span> <span class='ocrx_word' id='word_1_439' title='bbox 984 5072 1050 5129; x_wconf 81' lang='lat' dir='ltr'><strong>In</strong></span> <span class='ocrx_word' id='word_1_440' title='bbox 1081 5085 1286 5131; x_wconf 78' lang='lat' dir='ltr'><strong>tantam</strong></span> <span class='ocrx_word' id='word_1_441' title='bbox 1308 5081 1448 5134; x_wconf 83' lang='lat' dir='ltr'><strong>enim</strong></span> <span class='ocrx_word' id='word_1_442' title='bbox 1477 5083 1843 5152; x_wconf 80' lang='lat' dir='ltr'><strong>arrogantiam</strong></span> <span class='ocrx_word' id='word_1_443' title='bbox 1873 5091 1922 5137; x_wconf 85' lang='lat' dir='ltr'><strong>et</strong></span> <span class='ocrx_word' id='word_1_444' title='bbox 1947 5085 2232 5138; x_wconf 76' lang='lat' dir='ltr'><strong>audacium</strong></span> <span class='ocrx_word' id='word_1_445' title='bbox 2261 5097 2354 5140; x_wconf 82' lang='lat' dir='ltr'><strong>nos</strong></span> <span class='ocrx_word' id='word_1_446' title='bbox 2406 5088 2740 5157; x_wconf 74' lang='lat' dir='ltr'><strong>prouexistis,</strong></span> <span class='ocrx_word' id='word_1_447' title='bbox 2793 5099 2848 5141; x_wconf 84' lang='lat' dir='ltr'><strong>ut</strong></span> <span class='ocrx_word' id='word_1_448' title='bbox 2892 5090 3207 5159; x_wconf 63' lang='lat' dir='ltr'><strong>quaestiones</strong></span> <span class='ocrx_word' id='word_1_449' title='bbox 3253 5091 3512 5161; x_wconf 81' lang='lat' dir='ltr'><strong>intrepide</strong></span> <span class='ocrx_word' id='word_1_450' title='bbox 3563 5109 3746 5164; x_wconf 87' lang='lat' dir='ltr'><strong>aggre-</strong></span> 
     </span>
    </p>
   </div>
   <div class='ocr_carea' id='block_1_51' title="bbox 471 5183 3745 5299">
    <p class='ocr_par' dir='ltr' id='par_1_51' title="bbox 471 5217 3745 5299">
     <span class='ocr_line' id='line_1_51' title="bbox 471 5217 3745 5299; baseline 0.004 -30"><span class='ocrx_word' id='word_1_451' title='bbox 471 5217 689 5270; x_wconf 78' lang='lat' dir='ltr'><strong>diamur</strong></span> <span class='ocrx_word' id='word_1_452' title='bbox 714 5231 733 5271; x_wconf 92' lang='lat'><em>:</em></span> <span class='ocrx_word' id='word_1_453' title='bbox 765 5217 872 5271; x_wconf 85' lang='lat' dir='ltr'><strong>imo</strong></span> <span class='ocrx_word' id='word_1_454' title='bbox 899 5233 991 5273; x_wconf 76' lang='lat' dir='ltr'><strong>nec</strong></span> <span class='ocrx_word' id='word_1_455' title='bbox 1015 5217 1259 5274; x_wconf 72' lang='lat' dir='ltr'><strong>audacius</strong></span> <span class='ocrx_word' id='word_1_456' title='bbox 1287 5235 1379 5274; x_wconf 80' lang='lat' dir='ltr'><strong>nec</strong></span> <span class='ocrx_word' id='word_1_457' title='bbox 1409 5224 1734 5293; x_wconf 64' lang='lat' dir='ltr'><strong>arrogantiae</strong></span> <span class='ocrx_word' id='word_1_458' title='bbox 1765 5225 1821 5278; x_wconf 82' lang='lat' dir='ltr'><strong>id</strong></span> <span class='ocrx_word' id='word_1_459' title='bbox 1853 5223 2063 5293; x_wconf 73' lang='lat' dir='ltr'><strong>facinus</strong></span> <span class='ocrx_word' id='word_1_460' title='bbox 2089 5236 2190 5282; x_wconf 83' lang='lat' dir='ltr'><strong>est.</strong></span> <span class='ocrx_word' id='word_1_461' title='bbox 2218 5225 2344 5282; x_wconf 81' lang='lat' dir='ltr'><strong>Non</strong></span> <span class='ocrx_word' id='word_1_462' title='bbox 2373 5227 2512 5282; x_wconf 79' lang='lat' dir='ltr'><strong>enim</strong></span> <span class='ocrx_word' id='word_1_463' title='bbox 2546 5227 2748 5282; x_wconf 70' lang='lat' dir='ltr'><strong>viribus</strong></span> <span class='ocrx_word' id='word_1_464' title='bbox 2785 5229 2980 5282; x_wconf 78' lang='lat' dir='ltr'><strong>nostris</strong></span> <span class='ocrx_word' id='word_1_465' title='bbox 3020 5229 3366 5298; x_wconf 76' lang='lat' dir='ltr'><strong>conﬁdentes,</strong></span> <span class='ocrx_word' id='word_1_466' title='bbox 3405 5229 3500 5284; x_wconf 71' lang='lat' dir='ltr'><strong>sed</strong></span> <span class='ocrx_word' id='word_1_467' title='bbox 3524 5229 3745 5299; x_wconf 34' lang='lat' dir='ltr'><strong>.nntisti-</strong></span> 
     </span>
    </p>
   </div>
   <div class='ocr_carea' id='block_1_52' title="bbox 466 5355 3746 5442">
    <p class='ocr_par' dir='ltr' id='par_1_52' title="bbox 466 5355 3746 5442">
     <span class='ocr_line' id='line_1_52' title="bbox 466 5355 3746 5442; baseline 0.007 -38"><span class='ocrx_word' id='word_1_468' title='bbox 466 5362 576 5406; x_wconf 83' lang='lat' dir='ltr'><strong>tum</strong></span> <span class='ocrx_word' id='word_1_469' title='bbox 604 5355 845 5422; x_wconf 82' lang='lat' dir='ltr'><strong>precibus</strong></span> <span class='ocrx_word' id='word_1_470' title='bbox 873 5372 938 5412; x_wconf 83' lang='lat' dir='ltr'><strong>ac</strong></span> <span class='ocrx_word' id='word_1_471' title='bbox 966 5359 1154 5414; x_wconf 76' lang='lat' dir='ltr'><strong>vestris</strong></span> <span class='ocrx_word' id='word_1_472' title='bbox 1186 5361 1369 5414; x_wconf 85' lang='lat' dir='ltr'><strong>omnia</strong></span> <span class='ocrx_word' id='word_1_473' title='bbox 1400 5363 1800 5433; x_wconf 78' lang='lat' dir='ltr'><strong>committentes,</strong></span> <span class='ocrx_word' id='word_1_474' title='bbox 1833 5365 1902 5418; x_wconf 85' lang='lat' dir='ltr'><strong>ad</strong></span> <span class='ocrx_word' id='word_1_475' title='bbox 1935 5364 2175 5420; x_wconf 78' lang='lat' dir='ltr'><strong>stadium</strong></span> <span class='ocrx_word' id='word_1_476' title='bbox 2226 5384 2320 5422; x_wconf 87' lang='lat' dir='ltr'><strong>nos</strong></span> <span class='ocrx_word' id='word_1_477' title='bbox 2371 5370 2727 5428; x_wconf 76' lang='lat' dir='ltr'><strong>aceinximus.</strong></span> <span class='ocrx_word' id='word_1_478' title='bbox 2774 5371 2875 5428; x_wconf 81' lang='lat' dir='ltr'><strong>Hic</strong></span> <span class='ocrx_word' id='word_1_479' title='bbox 2914 5371 3061 5428; x_wconf 85' lang='lat' dir='ltr'><strong>clare</strong></span> <span class='ocrx_word' id='word_1_480' title='bbox 3101 5373 3255 5428; x_wconf 76' lang='lat' dir='ltr'><strong>vides</strong></span> <span class='ocrx_word' id='word_1_481' title='bbox 3293 5372 3746 5442; x_wconf 83' lang='lat' dir='ltr'><strong>Chrysostomum</strong></span> 
     </span>
    </p>
   </div>
   <div class='ocr_carea' id='block_1_53' title="bbox 468 5495 3750 5588">
    <p class='ocr_par' dir='ltr' id='par_1_53' title="bbox 468 5495 3750 5588">
     <span class='ocr_line' id='line_1_53' title="bbox 468 5495 3750 5588; baseline 0.006 -39"><span class='ocrx_word' id='word_1_482' title='bbox 468 5495 534 5550; x_wconf 84' lang='lat' dir='ltr'><strong>ad</strong></span> <span class='ocrx_word' id='word_1_483' title='bbox 558 5497 795 5588; x_wconf 78' lang='lat' dir='ltr'><strong>stadium</strong></span> <span class='ocrx_word' id='word_1_484' title='bbox 835 5515 895 5556; x_wconf 89' lang='lat' dir='ltr'><strong>se</strong></span> <span class='ocrx_word' id='word_1_485' title='bbox 921 5503 1316 5575; x_wconf 85' lang='lat' dir='ltr'><strong>accingentem,</strong></span> <span class='ocrx_word' id='word_1_486' title='bbox 1343 5515 1401 5561; x_wconf 91' lang='lat' dir='ltr'><strong>et</strong></span> <span class='ocrx_word' id='word_1_487' title='bbox 1427 5503 1875 5578; x_wconf 69' lang='lat' dir='ltr'><strong>Quadragesimat</strong></span> <span class='ocrx_word' id='word_1_488' title='bbox 1902 5522 2186 5566; x_wconf 83' lang='lat' dir='ltr'><strong>sermones</strong></span> <span class='ocrx_word' id='word_1_489' title='bbox 2219 5511 2454 5581; x_wconf 89' lang='lat' dir='ltr'><strong>primum</strong></span> <span class='ocrx_word' id='word_1_490' title='bbox 2497 5513 2796 5582; x_wconf 89' lang='lat' dir='ltr'><strong>ineuntem,</strong></span> <span class='ocrx_word' id='word_1_491' title='bbox 2827 5529 2995 5585; x_wconf 88' lang='lat' dir='ltr'><strong>seque</strong></span> <span class='ocrx_word' id='word_1_492' title='bbox 3028 5530 3168 5586; x_wconf 90' lang='lat' dir='ltr'><strong>pene</strong></span> <span class='ocrx_word' id='word_1_493' title='bbox 3212 5515 3454 5571; x_wconf 73' lang='lat' dir='ltr'><strong>audacia:</strong></span> <span class='ocrx_word' id='word_1_494' title='bbox 3485 5515 3750 5570; x_wconf 82' lang='lat' dir='ltr'><strong>incusan-</strong></span> 
     </span>
    </p>
   </div>
   <div class='ocr_carea' id='block_1_54' title="bbox 473 5628 3742 5723">
    <p class='ocr_par' dir='ltr' id='par_1_54' title="bbox 473 5628 3742 5723">
     <span class='ocr_line' id='line_1_54' title="bbox 473 5628 3742 5723; baseline 0.005 -35"><span class='ocrx_word' id='word_1_495' title='bbox 473 5643 603 5699; x_wconf 87' lang='lat' dir='ltr'><strong>tem,</strong></span> <span class='ocrx_word' id='word_1_496' title='bbox 623 5628 772 5705; x_wconf 83' lang='lat' dir='ltr'><strong>‘quod</strong></span> <span class='ocrx_word' id='word_1_497' title='bbox 805 5653 921 5694; x_wconf 91' lang='lat' dir='ltr'><strong>rem</strong></span> <span class='ocrx_word' id='word_1_498' title='bbox 948 5649 1153 5699; x_wconf 86' lang='lat' dir='ltr'><strong>tantam</strong></span> <span class='ocrx_word' id='word_1_499' title='bbox 1177 5645 1561 5716; x_wconf 76' lang='lat' dir='ltr'><strong>aggrederetur</strong></span> <span class='ocrx_word' id='word_1_500' title='bbox 1588 5662 1604 5714; x_wconf 88' lang='lat'><strong>;</strong></span> <span class='ocrx_word' id='word_1_501' title='bbox 1632 5662 1754 5718; x_wconf 74' lang='lat' dir='ltr'><strong>qua:</strong></span> <span class='ocrx_word' id='word_1_502' title='bbox 1784 5656 1932 5703; x_wconf 83' lang='lat' dir='ltr'><strong>certe</strong></span> <span class='ocrx_word' id='word_1_503' title='bbox 1960 5647 2141 5705; x_wconf 88' lang='lat' dir='ltr'><strong>omnia</strong></span> <span class='ocrx_word' id='word_1_504' title='bbox 2167 5651 2670 5722; x_wconf 84' lang='lat' dir='ltr'><strong>quadragesimales</strong></span> <span class='ocrx_word' id='word_1_505' title='bbox 2696 5666 2980 5707; x_wconf 84' lang='lat' dir='ltr'><strong>sermones</strong></span> <span class='ocrx_word' id='word_1_506' title='bbox 3025 5651 3198 5722; x_wconf 89' lang='lat' dir='ltr'><strong>prima</strong></span> <span class='ocrx_word' id='word_1_507' title='bbox 3226 5651 3344 5707; x_wconf 90' lang='lat' dir='ltr'><strong>vice</strong></span> <span class='ocrx_word' id='word_1_508' title='bbox 3394 5651 3742 5723; x_wconf 84' lang='lat' dir='ltr'><strong>incipientem</strong></span> 
     </span>
    </p>
   </div>
   <div class='ocr_carea' id='block_1_55' title="bbox 473 5774 3741 5866">
    <p class='ocr_par' dir='ltr' id='par_1_55' title="bbox 473 5774 3741 5866">
     <span class='ocr_line' id='line_1_55' title="bbox 473 5774 3741 5866; baseline 0.006 -36"><span class='ocrx_word' id='word_1_509' title='bbox 473 5774 750 5838; x_wconf 66' lang='lat' dir='ltr'><strong>indicant.</strong></span> <span class='ocrx_word' id='word_1_510' title='bbox 780 5793 888 5839; x_wconf 90' lang='lat' dir='ltr'><strong>non</strong></span> <span class='ocrx_word' id='word_1_511' title='bbox 913 5782 1064 5841; x_wconf 87' lang='lat' dir='ltr'><strong>enim</strong></span> <span class='ocrx_word' id='word_1_512' title='bbox 1097 5798 1162 5843; x_wconf 83' lang='lat' dir='ltr'><strong>ea</strong></span> <span class='ocrx_word' id='word_1_513' title='bbox 1182 5797 1316 5846; x_wconf 77' lang='lat' dir='ltr'><strong>usus</strong></span> <span class='ocrx_word' id='word_1_514' title='bbox 1345 5796 1432 5845; x_wconf 84' lang='lat' dir='ltr'><strong>est</strong></span> <span class='ocrx_word' id='word_1_515' title='bbox 1461 5786 1713 5847; x_wconf 88' lang='lat' dir='ltr'><strong>ordiendi</strong></span> <span class='ocrx_word' id='word_1_516' title='bbox 1734 5787 1950 5847; x_wconf 86' lang='lat' dir='ltr'><strong>ratione</strong></span> <span class='ocrx_word' id='word_1_517' title='bbox 1976 5804 2122 5848; x_wconf 79' lang='lat' dir='ltr'><strong>anno</strong></span> <span class='ocrx_word' id='word_1_518' title='bbox 2152 5791 2474 5863; x_wconf 84' lang='lat' dir='ltr'><strong>insequente</strong></span> <span class='ocrx_word' id='word_1_519' title='bbox 2501 5793 2630 5865; x_wconf 73' lang='lat'><strong>587,</strong></span> <span class='ocrx_word' id='word_1_520' title='bbox 2660 5808 2784 5852; x_wconf 89' lang='lat' dir='ltr'><strong>cum</strong></span> <span class='ocrx_word' id='word_1_521' title='bbox 2826 5791 3122 5853; x_wconf 83' lang='lat' dir='ltr'><strong>Sermones</strong></span> <span class='ocrx_word' id='word_1_522' title='bbox 3155 5793 3223 5853; x_wconf 89' lang='lat' dir='ltr'><strong>de</strong></span> <span class='ocrx_word' id='word_1_523' title='bbox 3260 5794 3469 5852; x_wconf 85' lang='lat' dir='ltr'><strong>Statuis</strong></span> <span class='ocrx_word' id='word_1_524' title='bbox 3519 5809 3618 5866; x_wconf 83' lang='lat' dir='ltr'><strong>per</strong></span> <span class='ocrx_word' id='word_1_525' title='bbox 3665 5805 3741 5850; x_wconf 85' lang='lat' dir='ltr'><strong>to-</strong></span> 
     </span>
    </p>
   </div>
  </div>
