3964 6426
181 389 282 446 579

177 501 526 578 εὐχαριστίας
560 501 773 554 ἅπαντα
814 499 1033 570 ἤνεγκε,
1065 497 1153 552 διὰ
1198 495 1357 550 τοῦτο
1389 495 1482 552 καὶ
1512 492 1752 578 δαψιλεῖς

178 572 474 659 ἐκομίσατο
515 584 613 646 τὰς
649 580 884 652 ἀμοιϐὰς
923 583 1017 634 καὶ
1047 581 1140 635 ἐπὶ
1179 577 1274 633 τοῦ
1314 578 1580 649 παρόντος
1613 572 1748 659 βίου.

189 657 476 739 Ἐννόησον
507 667 620 738 γάρ
663 681 775 735 μοι,
818 664 901 717 ὅτι
942 664 1082 735 ὑπὲρ
1139 661 1231 718 τοῦ
1278 660 1504 732 βραχέος
1543 657 1750 713 ἐκείνου

178 755 396 829 χρόνου,
424 751 484 804 ὃν
512 748 612 819 τὴν
641 747 886 802 δουλείαν
912 749 1007 800 καὶ
1025 747 1090 801 τὸ
1117 747 1493 829 δεσμωτήριον
1526 742 1754 829 ﬁnitast:-

177 823 289 902 νεν,
320 838 380 889 ἐν
411 833 740 903 ὀγδοήκοντα
772 830 919 885 ἔτεσι
961 829 1058 901 τὴν
1099 828 1376 900 βασιλείαν
1406 827 1598 882 διεῖπε.
1645 823 1755 878 Καὶ

176 926 262 978 ὅτι
295 920 478 974 πίστει
509 914 686 970 πάντα
716 913 1032 984 διέπραττε,
1057 913 1152 966 καὶ
1189 912 1279 966 διὰ
1315 910 1472 967 τοῦτο
1501 910 1594 967 καὶ
1631 907 1757 980 περὶ

179 1005 280 1076 τῆς
303 1002 416 1057 τῶν
460 999 632 1055 ὀστῶν
674 996 1046 1069 μετακομιδῆς
1094 994 1421 1060 ἐνετείλατο,
1463 993 1627 1076 axona
1661 991 1756 1043 τοῦ

181 1073 403 1143 Παύλου
445 1083 724 1152 λέγοντος·
773 1081 982 1134 Πίστει
1036 1078 1258 1148 Ἰωσὴφ
1295 1074 1592 1134 τελευτῶν
1625 1073 1759 1140 περὶ

181 1168 293 1237 τῆς
333 1166 552 1232 ἐξόδου
581 1163 700 1217 τῶν
732 1162 878 1218 υἱῶν
919 1161 1166 1229 Ἰσραὴλ
1187 1161 1617 1230 ἐμνημόνευσε.
1652 1157 1759 1210 Καὶ

181 1253 285 1306 οὐκ
314 1251 446 1320 ἔστη
497 1248 656 1318 μέχρι
685 1246 898 1310 τούτου,
932 1245 1046 1300 ἀλλ’
1087 1245 1174 1301 ἵνα
1215 1244 1392 1317 μάθῃς
1425 1243 1524 1314 τὴν
1556 1241 1757 1304 αἰτίαν,

179 1335 248 1388 δι’
282 1334 352 1404 ἢν
382 1329 662 1400 ἐπέσκηψε
701 1328 809 1382 τῶν
849 1328 1022 1382 ὀστῶν
1065 1327 1164 1399 τὴν
1204 1327 1435 1398 κομιδὴν
1483 1321 1756 1393 γενέσθαι,

183 1419 340 1488 φησι,
373 1414 484 1470 Kal
508 1414 640 1480 περὶ
665 1411 783 1469 τῶν
812 1411 1040 1466 ὀστέων
1062 1411 1249 1466 αὑτοῦ
1268 1409 1629 1466 ἐνετείλατο.

255 1499 414 1568 Τάχα
445 1497 668 1552 πλείονα
693 1494 761 1549 τὰ.
801 1493 1088 1568 εἰρημένα.
1114 1493 1252 1548 ἀλλὰ
1277 1491 1574 1560 σύγγνωτε.
1615 1489 1760 1562 Πρὸς

183 1580 296 1653 γὰρ
311 1581 372 1634 τὸ
390 1580 543 1642 τέλος
562 1578 655 1632 τοῦ
677 1577 878 1648 βιϐλίου
901 1576 1204 1647 φθάσαντες
1225 1574 1490 1646 ἐϐουλήθη
1499 1590 1596 1643 μεν
1616 1572 1761 1626 ἅπαν

189 1668 432 1736 σήμερον
459 1661 776 1724 τελέσαντες
802 1661 863 1714 τὸ
881 1657 1104 1730 βιϐλίον,
1127 1658 1270 1712 οὕτω
1293 1655 1641 1712 καταπαῦσαι
1672 1654 1762 1710 τὸν

1154 378 1521 436 SERMONES
1557 375 1626 433 IN
1663 373 1982 433 GENESIM.
2024 403 2092 416 --
2131 371 2476 432 MONITUM:

3322 365 3434 421 530

1855 489 1997 542 ὥστε
2033 489 2341 560 μεμνῆσθαι
2365 487 2474 540 τῶν
2509 484 2833 556 εἰρημένων,
2869 482 2963 537 καὶ
2987 479 3183 553 ζηλοῦν
3215 481 3429 534 τῶνιδι-

1855 574 2026 628 καίων
2057 573 2261 626 τούτων
2285 570 2383 642 τὴν
2417 569 2637 642 ἀρετὴν,
2667 569 2766 639 τὴν
2798 568 2928 638 περὶ
2954 567 3080 628 τοὺς
3110 563 3437 628 ἀδικοῦντας.

1855 655 2224 723 ἀνεξικακίαν,
2257 655 2354 726 τὴν
2392 654 2520 724 περὶ
2556 653 2680 716 τοὺς
2721 650 3124 722 ἐπηρεάζοντας
3158 647 3432 720 μακροθυ-

1859 740 2010 809 μίαν,
2035 739 2134 811 τὴν
2155 740 2506 807 σωφροσύνην
2528 735 2628 807 τὴν
2647 734 3111 806 ὑπερϐάλλουσαν.
3149 731 3431 787 Ἐντεῦθεν

1859 821 1968 893 γὰρ
2011 824 2105 877 καὶ
2130 825 2158 876 ὁ
2186 822 2393 883 δίκαιος
2419 817 2574 883 οὗτος
2601 817 2868 887 τοσαύτην
2901 817 3248 872 ἐπεσπάσατο
3277 817 3431 893 παρᾷ

1856 891 1950 959 τοῦ
1975 905 2111 959 Θεοῦ
2133 905 2232 977 τὴν
2262 903 2492 957 εὔνοιαν.
2525 904 2589 955 El
2613 902 2791 955 τοίνυν
2816 899 3118 971 βουλόμεθα
3145 899 3242 952 καὶ
3267 891 3430 970 ἡμεῖς

1859 990 1956 1060 τὴν
1983 989 2190 1044 ἄνωθεν
2221 985 2624 1042 ἐπισπάσασθαι
2659 986 2853 1057 ῥοπὴν,
2892 984 3058 1038 πολὺν
3092 984 3192 1054 τῆς
3229 985 3431 1056 ἀρετῆς

1860 1073 2142 1146 ποιώμεθα
2165 1074 2341 1143 λόγον.
2386 1071 2547 1127 Οὕτω
2574 1071 2682 1141 γὰρ
2714 1070 2811 1124 καὶ
2842 1067 2938 1122 τοῦ
2966 1067 3282 1136 Πνεύματος
3312 1070 3434 1122 ἐπι-

1863 1160 2184 1234 σπασόμεθα
2214 1161 2314 1230 τὴν
2342 1158 2524 1230 χάριν,
2559 1157 2654 1210 καὶ
2674 1155 2766 1208 τὸν
2799 1153 3040 1225 παρόντα
3064 1152 3179 1222 βίον
3208 1150 3430 1218 ἀλύπως

1859 1246 2014 1301 διανύ
2022 1265 2081 1301 σο
2079 1262 2207 1318 μεν,
2226 1245 2442 1299 καὶτῶν
2463 1243 2762 1315 μελλόντων
2778 1239 3171 1310 ἐπιτευξόμεθα
3187 1238 3430 1308 ἀγαθῶνο

1861 1324 1936 1384 ὧν
1962 1330 2172 1399 γένοιτο
2188 1330 2397 1392 πάντας
2423 1329 2571 1399 ἡμᾶς
2596 1327 2894 1394 ἐπιτυχεῖν,
2921 1323 3104 1395 χάριτι
3131 1325 3228 1378 καὶ
3247 1324 3434 1393 φιλαν-

1863 1415 2080 1489 θρωπίᾳ
2122 1413 2216 1472 τοῦ
2248 1411 2456 1486 Κυρίου
2496 1411 2653 1484 ἡμῶν
2695 1408 2871 1480 Ἰησοῦ
2921 1406 3181 1480 Χριστοῦ,
3217 1407 3335 1478 μεθ’
3372 1400 3434 1460 οὗ

1863 1500 1940 1571 τῷ
1970 1499 2168 1570 Πατρὶ,
2217 1499 2334 1568 ἅμα
2370 1496 2448 1568 τῷ
2493 1497 2636 1565 ἁγίῳ
2679 1492 2980 1563 Πνεύματι,
3024 1489 3172 1556 δόξα,
3209 1489 3434 1560 κράτος,

1863 1584 2018 1655 τιμὴ,
2050 1584 2144 1636 νῦν
2174 1582 2269 1636 καὶ
2301 1580 2407 1647 ἀεὶ,
2449 1579 2542 1634 καὶ
2575 1580 2654 1642 εἰς
2681 1577 2808 1640 τοὺς
2827 1575 3034 1638 αἰῶνας
3058 1572 3166 1627 τῶν
3197 1571 3435 1630 αἰώνων.

1876 1669 2070 1740 Ἀμήν.

186 1751 362 1819 λόγον,
396 1746 490 1801 καὶ
510 1746 608 1816 τὴν
629 1743 833 1816 συνήθη
861 1742 1204 1814 παράκλησιν
1217 1743 1346 1812 ὑμῖν
1363 1741 1755 1811 προσαγαγεῖν,

1107 2029 1343 2088 ΤΕΛΟΣ
1389 2025 1706 2084 ΟΜΙΛΙΩΝ
1755 2029 1881 2084 ΕΙΣ
1944 2028 2087 2088 ΤΗΝ
2138 2028 2490 2088 ΓΕΝΕΣΙΝ.

1627 2815 2007 2876 MONITUM.

172 3142 282 3188 tam
311 3132 803 3205 Quadragesimam
830 3134 1037 3191 habuit.
1070 3136 1257 3208 itaque
1287 3137 1339 3190 l.i
1368 3136 1662 3194 Sermones
1690 3138 1809 3193 sine
1835 3138 2002 3194 dubio
2039 3139 2311 3209 pertinent
2339 3139 2407 3194 ad
2444 3154 2644 3193 annum
2676 3138 2801 3204 588,
2833 3154 2944 3209 quo
2977 3138 3201 3193 ineunte
3229 3136 3453 3212 presby-

172 3277 253 3322 ter
293 3269 583 3325 ordinatus
632 3270 753 3337 mn,
786 3279 846 3325 ut
889 3271 1094 3335 dictum
1138 3283 1223 3329 est
1264 3275 1316 3328 in
1364 3273 1574 3331 Monito
1623 3275 1694 3330 ad
1750 3274 2044 3332 llomiliam
2091 3276 2180 3332 cui
2231 3274 2456 3342 titulus,
2511 3273 2643 3330 Cum
2686 3275 2958 3345 presbyter
3004 3273 3107 3342 fuit
3153 3273 3452 3338 ordinatus,

173 3415 344 3476 Totno
377 3415 417 3471 l.

243 3560 470 3632 Aliquot
503 3559 670 3631 igitur
696 3560 856 3617 annis
885 3571 1180 3633 antequam
1211 3561 1477 3618 Homilias
1508 3562 1600 3631 67,
1632 3577 1765 3633 qum
1782 3563 2117 3634 praecedunt,
2151 3563 2402 3628 haberet,
2449 3564 2551 3621 hos
2585 3563 2882 3621 Sermones
2929 3563 3183 3631 dixerat,
3214 3563 3304 3619 ubi
3334 3564 3457 3634 plu-

178 3702 316 3757 rima
346 3703 554 3771 passim
579 3701 1006 3769 animadvertas,
1038 3718 1162 3772 qute
1202 3702 1394 3762 iisdem
1425 3718 1568 3774 sepe
1615 3703 1795 3760 verbis
1823 3703 1877 3758 in
1913 3703 2167 3760 Homiliis
2210 3704 2317 3759 illis
2359 3703 2760 3761 observantur:
2811 3703 2956 3764 unde
2997 3703 3230 3768 tortasse
3261 3702 3461 3764 dixrt‘it

171 3841 454 3914 quispiam
482 3842 581 3905 bos
609 3840 903 3899 Sermones
925 3843 982 3896 in
1005 3843 1188 3898 fronte
1214 3841 1444 3912 hujusce
1473 3841 1630 3898 Tomi
1658 3851 1712 3898 et
1735 3851 1865 3898 ante
1893 3841 2159 3902 Homilias
2201 3843 2465 3901 locandus
2499 3844 2690 3911 fuisse,
2731 3853 2792 3900 ut
2821 3846 3083 3914 temporis
3110 3843 3246 3900 ordo
3272 3859 3460 3899 serva-

175 3988 354 4034 retur.
389 3977 588 4034 Verum
615 3981 910 4036 maluimus
950 3979 1282 4036 Frontonem
1317 3979 1576 4037 Ducatum
1603 3980 1758 4049 sequi
1790 3987 1845 4034 et
1877 3988 2086 4038 tantum
2114 3977 2245 4033 illud
2274 3994 2475 4050 corpus
2505 3977 2864 4034 Homiliarum
2893 3979 3050 4034 initio
3071 3979 3270 4044 locare,
3295 3993 3456 4046 quam

175 4118 349 4176 hosce
375 4119 641 4188 pauwlns
666 4127 722 4174 et
749 4119 1039 4189 perbreves
1066 4117 1378 4174 Sermones.
1403 4118 1485 4176 Ad
1518 4119 1634 4172 haec
1674 4126 1853 4173 autem
1878 4117 2070 4174 Sermo
2103 4131 2306 4183 nonus,
2348 4116 2443 4187 qui
2471 4130 2666 4188 agmen
2705 4115 2933 4184 claudit,
2966 4130 3074 4174 non
3128 4116 3292 4172 modo
3341 4125 3464 4185 post

177 4254 319 4310 alios
344 4262 493 4320 octo,
517 4252 611 4309 sed
641 4255 803 4309 etiam
835 4264 959 4328 post
998 4251 1260 4309 Homilias
1290 4254 1470 4309 dictus
1506 4262 1608 4308 est.

249 4394 372 4450 Etsi
404 4409 568 4464 porro
596 4391 654 4450 lii
691 4391 986 4451 Sermones
1009 4391 1152 4448 inter
1172 4391 1378 4461 primas
1401 4387 1786 4462 Chrysostomi
1840 4389 2131 4448 conciones
2167 4399 2543 4458 numerentur,
2579 4389 2632 4444 in
2669 4388 2797 4460 :illis
2838 4404 2947 4445 non
2993 4389 3158 4445 modo
3203 4389 3462 4460 eloquen-

177 4529 319 4585 tiam
354 4536 410 4584 et
444 4528 778 4586 inventionis
806 4526 1125 4583 felicitatem
1162 4525 1469 4594 admireris,
1518 4543 1640 4599 quae
1689 4527 1745 4581 in
1799 4528 2012 4588 caeteris
2070 4529 2329 4590 omnibus
2376 4529 2496 4600 ejus
2543 4528 2802 4597 operibus
2859 4527 3114 4596 elucent;
3163 4530 3258 4586 sed
3299 4529 3465 4586 etiam

176 4667 598 4727 animadvertas
625 4675 892 4737 quantum
920 4664 990 4723 ad
1018 4672 1496 4735 extemporaneam
1539 4664 1991 4722 declamationem
2048 4680 2266 4739 semper
2313 4676 2664 4737 comparatus
2711 4666 2879 4722 fuerit
2925 4677 3108 4725 tantus
3158 4669 3380 4738 artifex,
3413 4681 3467 4729 et

173 4822 350 4880 quam
382 4803 450 4862 ad
487 4819 575 4860 res
600 4800 955 4874 quantumvis
989 4799 1302 4871 inopinatas
1329 4801 1471 4872 stylo
1504 4802 1912 4872 persequendas
1936 4811 2134 4876 praesto
2170 4804 2356 4861 fuerit.
2401 4803 2516 4864 Hoc
2561 4823 2672 4864 uno
2715 4823 2828 4862 rem
2867 4809 3119 4880 exemplo
3157 4812 3466 4881 percipias:

173 4944 232 4998 in
274 4941 547 4997 Sermone
575 4948 778 5010 quarto
803 4953 959 4994 num.
989 4937 1049 5006 5,
1077 4953 1200 4994 cum
1245 4939 1544 4996 accedente
1594 4941 2037 5013 nocteﬁlucerna:
2066 4943 2312 5001 ecclesiae
2349 4945 2801 5012 accenderentur,
2843 4946 3152 5018 auditores,
3199 4950 3406 5005 aversis
3439 4967 3468 5003 ει

170 5084 578 5142 concionatore
608 5087 805 5156 oculis,
830 5087 899 5144 ad
929 5089 1185 5145 lucernas
1222 5103 1281 5145 se
1313 5097 1641 5148 convertunt
1674 5103 1690 5146 :
1723 5088 1853 5146 hinc
1879 5089 1970 5148 ille
2007 5091 2192 5148 statim
2223 5105 2418 5148 eorum
2452 5093 2762 5151 socordiam
2795 5093 2990 5165 carpit,
3028 5100 3083 5148 et
3117 5091 3287 5146 multa
3323 5091 3468 5144 haud

173 5222 348 5279 dubie
383 5223 684 5296 imparatus
714 5226 853 5283 dixit
881 5227 1167 5299 praeclare,
1197 5243 1262 5285 ac
1292 5229 1342 5286 si
1379 5244 1496 5285 rem
1531 5231 1828 5288 meditatus
1871 5233 2223 5302 accessisset,
2262 5233 2356 5306 qui
2398 5242 2578 5291 tamen
2624 5235 2739 5291 haec
2779 5234 3075 5305 praevidere
3119 5235 3271 5290 nullo
3305 5237 3469 5289 modo

172 5378 458 5441 potuerat.

254 5505 431 5564 Primi
464 5507 750 5566 Sermonis
787 5509 1293 5582 interpretationem
1325 5528 1519 5569 novam
1571 5515 2047 5587 concinnavimus,
2096 5519 2224 5589 quia
2275 5519 2477 5574 veteris
2523 5519 2834 5587 lntcrpretis
2873 5519 3052 5574 vcrsio
3089 5532 3196 5572 non
3248 5515 3467 5570 ferenda

172 5648 324 5699 erat.
354 5642 716 5716 Reliquorum
747 5647 1128 5719 interpretatio
1161 5658 1247 5708 est
1279 5650 1578 5709 Frontonis
1616 5649 1820 5717 Ducaei,
1855 5667 2021 5724 quam
2055 5653 2241 5708 multis
2277 5653 2330 5708 in
2362 5653 2497 5710 locis
2535 5653 2941 5724 castigavimus.
