3964 6488
534 417 631 478 58!

987 537 1267 611 [ϐω-645]
1306 540 1524 595 ΛΟΓΟΣ
1558 542 1637 598 Αν.

530 684 779 752 Δεκθείς
805 683 874 736 ἐν
905 681 1062 751 ἀρχῇ
1106 681 1214 748 τῆς
1248 684 1747 753 τεσσαρακοστῆς
1776 686 1863 749 εἰς
1891 684 1979 746 τὸ,
2017 683 2111 737 Ἐν

599 755 741 826 ἀρχῇ
788 753 1040 826 ἐποίησεν
1150 754 1402 826 θεὸς-τδν
1439 755 1667 824 οὐρανὸν
1698 756 1791 808 καὶ
1832 753 1929 826 τὴν
1965 753 2102 823 γῆνο

597 820 864 890 κὰῖήέτερί
890 820 1172 889 νηστείας
1212 823 1308 876 καὶ
1337 820 1776 894 ἐλεημοσύνης.

600 967 818 1025 α’.Ἦδὺ
848 965 947 1038 μὲν
973 969 1199 1032 ναύταις
1220 968 1281 1022 τὸ
1303 968 1423 1039 έαρ,
1457 969 1554 1039 ήδὺ
1593 969 1652 1023 δέ
1690 969 1782 1023 καὶ
1810 968 2065 1039 γηπόνοις
2088 983 2103 997 ο

524 1053 642 1107 ἀλλ’
672 1050 798 1105 οὔτε
837 1050 1081 1116 ναύταις,
1117 1052 1243 1106 οὑτε
1265 1052 1525 1122 γηπόνοις
1564 1053 1741 1117 οὕτως
1768 1054 1866 1123 ήδὺ
1892 1052 1953 1106 τὸ
1984 1051 2104 1124 έαρ,

523 1136 601 1202 ὠς
630 1137 745 1199 τοῖς
776 1134 1120 1206 βουλομένοις
1153 1135 1464 1205 φιλοσοφεῖν
1491 1136 1623 1207 ἡδὺς
1662 1137 1692 1188 6
1727 1135 1827 1206 τῆς
1855 1136 2108 1206 νηστείας

523 1219 737 1291 καιρὸς,
779 1219 841 1273 τὸ
887 1218 1257 1289 πνευματικὸν
1290 1218 1400 1271 τῶν
1437 1218 1624 1290 ψυχῶν
1668 1218 1786 1290 ἔαρ,
1824 1220 1858 1290 ἡ
1902 1218 2107 1290 ἀληθὴς

522 1302 634 1356 τῶν
665 1301 942 1373 λογισμῶν
981 1301 1215 1373 γαλήνη.
1260 1301 1526 1372 Γηπόνοις
1552 1309 1578 1337 ⁸
1610 1301 1709 1373 μὲν
1755 1302 1863 1375 γάρ
1907 1301 2004 1373 ήδὺ
2045 1301 2106 1355 τὸ

522 1385 646 1457 εαρ,
677 1386 761 1439 ὅτι
785 1388 899 1448 τοῖς
929 1384 1116 1440 ἄνθεσι
1154 1384 1276 1437 τότε
1316 1386 1755 1456 στεφανουμένην
1790 1385 1959 1456 δρῶσι
2005 1386 2105 1455 τὴν

523 1471 649 1540 γῆν,
674 1470 769 1524 καὶ
788 1468 1041 1539 καθάπερ
1069 1467 1287 1538 ἱμάτιον
1310 1468 1552 1521 ποικίλον
1575 1467 1984 1539 ἐφαπλούμενον
2007 1466 2106 1522 αὑ-

522 1555 592 1623 τῇ
627 1552 910 1613 πάντοθεν,
940 1551 1039 1623 τὴν
1092 1550 1388 1621 βλάστησιν
1418 1549 1517 1621 τὴν
1558 1551 1665 1604 ἀπὺ
1706 1550 1813 1605 τῶν
1838 1549 2103 1620 βοτανῶν·

524 1636 751 1699 ναύταις
777 1634 834 1688 δὲ
862 1634 962 1706 ήδὺ
996 1634 1055 1687 τὸ
1087 1633 1208 1705 ἔαρ,
1243 1633 1326 1686 ὅτι
1361 1633 1431 1686 τά
1470 1630 1733 1688 θαλάττια
1770 1631 1915 1688 νῶτα
1967 1632 2106 1705 μετά

524 1718 828 1788 ἀσφαλείας
885 1717 1069 1787 έχουσι
1114 1716 1301 1779 πλεῖν,
1350 1716 1609 1788 κυμάτων
1659 1714 2063 1788 ἐστορεσμένων
2084 1756 2100 1777 .

521 1800 786 1870 δελφίνων
821 1801 881 1852 ἐν
910 1798 1078 1870 πολλῇ
1120 1798 1426 1864 παιζόντων
1467 1798 1676 1869 γαλήνῃ
1714 1801 1807 1853 καὶ
1845 1800 1974 1870 παρ’
2002 1800 2102 1853 αὑ-

519 1884 647 1946 τοὺς
675 1883 773 1946 τῆς
802 1881 929 1950 νηδς
960 1882 1086 1944 τοὺς
1116 1881 1328 1952 τοίχους
1356 1880 1737 1936 κυϐιστώντων
1760 1882 1789 1925 ι)
1820 1881 2101 1943 πολλάκις.

529 1966 694 2037 Ἠμῖν
723 1965 781 2019 δὲ
808 1966 904 2038 ήδὺ
933 1964 995 2018 τὸ
1022 1965 1121 2035 τῆς
1150 1965 1401 2037 νηστείας
1428 1964 1548 2036 ἔαρ,
1585 1965 1667 2019 ὅτι
1707 1963 1927 2036 κύματα
1949 1966 2101 2035 ἡμῖν,

430 2028 442 2081 ἶ
518 2028 620 2118 οὑχ
672 2028 916 2111 ὑδάτων,
967 2028 1088 2099 ἀλλ”
1130 2028 1435 2118 ἐπίθυμιῶν
1466 2028 1679 2116 ἀλόγων
1720 2028 2102 2101 καταστέλλειν

521 2130 702 2194 εἴωθε,
733 2131 830 2183 καὶ
870 2129 1133 2198 στέφανον
1175 2130 1307 2200 ἡμῖν
1340 2130 1403 2183 οὑ
1447 2129 1684 2183 τδν’ἀπὸ
1731 2129 1841 2183 τῶν
1873 2129 2099 2193 ἀνθέων,

391 2198 411 2271 ξ
519 2213 658 2267 ἀλλά
684 2213 776 2266 τὸν
811 2213 920 2267 ἀπὸ
947 2211 1056 2265 τῶν
1088 2198 1329 2283 χαρίτων
1373 2212 1684 2284 περιτίθησι
1711 2211 1821 2267 τῶν
1853 2229 2100 2282 πνευμα-

393 2293 442 2364 ζ,
515 2294 718 2350 τικῶν⁸
771 2294 1080 2364 Στέφανον
1125 2293 1233 2366 γάρ
1272 2296 1561 2365 χαρίτων,
1605 2296 1773 2365 φησὶ,
1824 2294 1971 2364 δέξῃ
2017 2295 2102 2364 σῇ

392 2369 445 2411 ’Ὗ
519 2379 776 2450 κορυφῇ.
827 2380 938 2451 Οὑχ
982 2378 1126 2434 οὑτω
1175 2379 1399 2451 χελιδὼν
1453 2381 1683 2448 φανεῖσα
1727 2381 1818 2433 τὸν
1860 2378 2102 2451 χειμῶνα

516 2462 848 2516 ἀπελαύνειν
870 2462 1083 2525 εἴωθεν,
1117 2462 1195 2526 ὡς
1225 2462 1447 2532 νηστεία
1481 2464 1713 2531 φανεῖσα
1740 2463 1832 2516 τὸν
1856 2462 2101 2533 χειμῶνα

513 2546 623 2599 τῶν
648 2545 838 2599 παθῶν
865 2545 966 2615 τῆς
996 2545 1238 2609 διανοίας
1266 2544 1517 2599 ἐκϐάλλει
1546 2544 1648 2614 τῆς
1675 2546 1970 2617 ἡμετέρας.
1997 2546 2102 2598 Οὑ-

514 2629 636 2681 κέτι
663 2628 812 2698 μάχη
841 2631 908 2699 τῇ
946 2627 1091 2698 ψυχῇ
1119 2627 1256 2698 πρὸς
1286 2628 1385 2699 τὴν
1422 2626 1633 2698 σάρκα,
1676 2626 1797 2680 οὐδὲ
1832 2625 2100 2692 κατεξαν-

519 2711 733 2764 ίσταται
765 2709 866 2780 τῆς
887 2710 1079 2780 κυρίας
1102 2711 1136 2781 ή
1161 2708 1344 2778 δούλη.
1377 2709 1514 2763 ἀλλά
1557 2711 1665 2773 πᾶς
1694 2702 1848 2771 οὗτος
1875 2707 1969 2761 τοῦ
1996 2706 2101 2760 σώ-

520 2809 688 2862 ματος
717 2794 746 2844 6
777 2791 1011 2862 πόλεμος
1040 2791 1279 2845 λέλυται.
1319 2792 1473 2845 Ἐπεὶ
1504 2786 1597 2845 οὖν
1645 2789 1816 2862 πολλή
1847 2788 1947 2859 μὲν
1970 2791 2099 2859 παρ’

517 2877 649 2945 ἡμῖν
681 2876 894 2946 είρήνη,
926 2873 1094 2945 πολλὴ
1127 2872 1185 2926 δὲ
1215 2874 1307 2926 καὶ
1333 2876 1366 2944 ή
1399 2873 1626 2946 γαλήνη,
1656 2873 1788 2945 φέρε
1813 2874 1909 2926 καὶ
1938 2874 2100 2943 ἡμεῖς

515 2959 580 3012 τὸ
614 2958 819 3028 σκάφος
843 2956 946 3027 τῆς
977 2955 1326 3021 διδασκαλίας
1358 2953 1697 3028 ἑλκύσωμεν,
1732 2954 1840 3009 ἀπὸ
1883 2955 2100 3026 λιμένος

515 3043 598 3105 είς
619 3041 814 3113 λιμένα
852 3039 1315 3111 παραπέμποντες
1341 3039 1453 3092 τῶν
1481 3038 1764 3110 ὑμετέρων
1793 3038 1970 3093 ἀκοῶν
2002 3039 2100 3109 τήν

514 3124 854 3196 ἡμερότητα.
888 3122 1048 3192 Φέρε,
1075 3122 1420 3193 λεπτοτέρων
1453 3121 1957 3193 κατατολμήσωμεν
1984 3138 2102 3192 νοηο

519 3208 727 3279 μάτων,
761 3208 889 3278 περὶ⁵
912 3204 1144 3277 οὐρανοῦ
1187 3205 1279 3258 καὶ
1312 3205 1415 3276 γῆς
1451 3204 1544 3258 καὶ
1574 3204 1842 3277 θαλάττης
1876 3205 1968 3258 καὶ
2004 3204 2099 3257 τοῦ

514 3289 705 3345 λοιποῦ
732 3290 832 3362 τῆς
874 3290 1104 3352 κτίσεως
1135 3287 1554 3358 φιλοσοφοῦντες
1599 3288 1884 3359 σώματος·
1922 3286 2101 3342 ταῦτα

512 3374 625 3445 γὰρ
658 3375 788 3445 ἡμῖν
833 3371 1153 3443 ἀνεγνώσθη
1185 3373 1445 3443 σήμερον.
1488 3372 1597 3425 Καὶ
1633 3372 1688 3424 τί
1745 3371 1883 3443 πρὸς
1925 3375 2096 3443 ἡμᾶς,

512 3457 706 3528 φησὶν,
742 3459 771 3511 6
819 3456 949 3527 περὶ
978 3454 1209 3517 κτίσεως
1241 3453 1429 3522 λόγος;
1488 3453 1632 3522 Πρὸς
1665 3455 1814 3524 ἡμᾶς
1861 3454 1958 3523 μὲν
1982 3450 2095 3519 οὖν,

513 3538 810 3611 ἀγαπητοί.
834 3539 897 3592 Et
928 3537 1037 3611 γὰρ
1061 3538 1126 3590 ἐκ
1150 3534 1414 3607 μεγέθους
1441 3537 1534 3590 καὶ
1569 3535 1829 3609 καλλονῆς
1866 3538 2100 3607 κτισμά-

512 3640 625 3677 των
657 3621 934 3689 ἀναλόγως
970 3623 998 3674 ὁ
1028 3619 1408 3691 γενεσιουργὸς
1440 3619 1748 3691 θεωρεῖται,
1782 3620 2001 3692 ὅσῳπερ
2031 3620 2099 3675 ἂν

512 3705 596 3776 τῷ
621 3703 841 3775 μεγέθει
858 3703 960 3773 τῆς
980 3702 1245 3771 καλλονῆς
1270 3701 1381 3755 τῶν
1410 3702 1723 3773 κτισμάτων
1744 3702 2066 3775 ἐνδιατρίψω
2083 3735 2098 3746 -

519 3806 640 3860 μεν,
657 3786 908 3842 τοσοῦτον
926 3786 1062 3859 πρὸς
1080 3786 1173 3839 τὸν
1192 3786 1570 3858 γενεσιουργὸν
1590 3786 2093 3858 χειραγωγούμεθα.

584 3873 745 3942 Μέγα
791 3871 996 3941 ἀγαθὸν
1039 3872 1236 3925 είδέναι
1258 3915 1271 3937 ,
1308 3871 1363 3923 τί
1397 3870 1497 3940 μέν
1517 3869 1634 3924 ἐστι
1682 3870 1922 3941 κτίσμα,
1958 3871 2011 3924 τί
2037 3868 2097 3923 δὲ

514 3959 741 4027 κτιστής
758 3974 771 3988 ι
791 3956 845 4009 τί
874 3955 971 4027 μὲν
986 3954 1165 4025 ἔργον,
1182 3954 1234 4008 τί
1255 3953 1311 4007 δὲ
1333 3955 1582 4025 ποιητής.
1598 3953 1708 4005 Καὶ
1727 3952 1836 4024 γάρ
1856 3955 1904 4006 εί
1923 3952 2095 4007 ταῦτα

512 4040 731 4111 ⁴ᾔδεισαν
759 4037 1002 4109 ἀκριϐῶς
1024 4038 1254 4109 διαιρεῖν
1282 4037 1331 4089 οἱ
1360 4038 1457 4106 τῆς
1482 4035 1739 4107 ἀληθείας
1759 4035 1963 4107 ἐχθροὶ,
1995 4036 2096 4090 οὑκ

513 4121 581 4174 ἂν
610 4121 791 4174 πάντα
818 4121 1091 4189 συνέχεον,
1116 4120 1186 4173 τά
1216 4121 1331 4174 ἀνω
1361 4118 1512 4173 κάτω
1546 4118 1855 4181 ποιοῦντες*
1884 4118 1983 4189 οὑχ
2011 4119 2094 4172 δτι

512 4202 584 4258 τὰ
615 4203 791 4272 ἄστρα
822 4202 918 4255 καὶ
959 4202 1051 4254 τὸν
1097 4201 1327 4272 οὐρανὸν
1365 4201 1732 4271 κατήνεγκαν,
1758 4200 1859 4271 τὴν
1895 4200 1951 4254 δὲ
1991 4203 2095 4273 γῆν

511 4287 857 4359 ἀνήνεγκανε
886 4282 1001 4338 ἀλλ’
1038 4285 1117 4337 ὅτι
1148 4282 1240 4334 τὸν
1281 4281 1392 4335 τῶν
1442 4282 1685 4353 οὐρανῶν
1720 4281 1943 4352 βασιλέα
1985 4284 2094 4337 ἀπὸ

507 4369 618 4424 τῶν
642 4370 847 4442 θρόνων
873 4365 1339 4429 καταϐιϐάσαντες
1361 4363 1469 4417 τῶν
1497 4364 1812 4435 βασιλικῶν,
1838 4367 1975 4435 μετά
1995 4368 2094 4439 τῆς

508 4453 743 4516 κτίσεως
779 4451 1017 4523 ἔστησαν
1038 4489 1052 4514 ,
1086 4449 1186 4521 τὴν
1233 4447 1289 4501 δὲ
1337 4447 1516 4500 κτίσιν
1565 4450 1678 4511 τοῖς
1708 4446 1808 4519 τῆς
1843 4448 2093 4520 θεότητος

509 4535 818 4611 προεδρίοις
851 4536 1139 4605 ἐτίμησαν.
1171 4533 1236 4585 El
1277 4532 1407 4602 περὶ
1435 4530 1667 4594 κτίσεως
1696 4531 1917 4603 ᾔδεισαν
1944 4533 2093 4602 φιλο-

511 4624 696 4692 σοφεῖν
729 4621 1019 4691 Μανιχαῖοι
1052 4616 1236 4679 καλῶς
1255 4655 1271 4679 ,
1305 4615 1406 4668 οὑκ
1445 4615 1512 4668 ἂν
1544 4615 1642 4686 τὴν
1674 4616 1733 4682 ἐξ
1770 4616 1871 4670 οὑκ
1899 4616 2089 4681 όντων,

507 4705 608 4774 τὴν
634 4702 1019 4775 φθειρομένην,
1038 4700 1138 4771 τὴν
1170 4699 1420 4770 ῥέουσαν,
1445 4697 1546 4769 τὴν
1574 4697 1961 4770 ἀλλοιουμένην
1979 4702 2091 4763 τοῖς

507 4787 610 4853 τῆς
637 4786 962 4854 ἀγεννησίας
1008 4783 1320 4854 πρεσϐείοις
1345 4780 1503 4853 [646]
1538 4781 1823 4853 ἐτίμησαν.
1854 4783 1917 4835 Et
1962 4783 2091 4854 περὶ

509 4870 742 4931 κτίσεως
767 4867 987 4937 ᾔδεισαν
1024 4865 1286 4935 Ἕλληνες
1314 4864 1627 4933 φιλοσοφεῖν
1667 4863 1872 4931 καλῶς,
1894 4865 1995 4918 οὑκ
2021 4863 2089 4918 ἃν

506 4951 971 5020 ἀπεπλανήθησαν
999 4949 1101 5018 τῆς
1116 4947 1392 5019 ἀληθείας,
1405 4948 1506 5001 οὑκ
1523 4946 1588 5001 ἂν
1604 4945 1977 5017 ἐσεϐάσθησαν
1992 4948 2088 5001 καὶ

508 5033 842 5105 ἐλάτρευσαν
868 5034 934 5103 τῇ
957 5032 1132 5084 κτίσει
1152 5030 1304 5102 παρά
1331 5030 1423 5083 τὸν
1444 5030 1729 5083 κτίσαντα.
1751 5030 1930 5094 Καλὸς
1952 5033 1980 5084 6
2005 5031 2090 5084 οὑ-

509 5116 692 5187 ρανὺς,
705 5114 839 5169 ἀλλά
862 5114 952 5168 διά
968 5112 1127 5166 τοῦτο
1142 5112 1232 5181 ἐδη
1243 5112 1570 5183 μιουργήθη,
1589 5111 1677 5164 ἴνα
1702 5113 2090 5184 προσκυνήσῃς

505 5198 600 5252 τὸν
625 5198 955 5270 ποιήσαντα’
980 5195 1203 5267 φαιδρὸς
1236 5197 1265 5248 6
1291 5194 1459 5264 ἥλιος,
1483 5193 1597 5248 ἀλλ’
1628 5195 1715 5248 ίνα
1743 5194 2089 5269 θεραπεύσῃς

505 5282 599 5335 τὸν
625 5283 1039 5354 ’ἐργασάμενονο
1072 5280 1121 5333 εί
1152 5278 1209 5332 δὲ
1245 5276 1459 5349 μέλλεις
1497 5277 1849 5348 ἐναπομένειν
1880 5277 1958 5348 τῷ
1987 5276 2087 5347 τῆς

508 5364 739 5428 κτίσεως
765 5364 1026 5436 θαύματι,
1060 5363 1151 5415 καὶ
1183 5360 1260 5432 τῷ
1295 5359 1487 5414 κάλλει
1536 5357 1645 5411 τῶν
1700 5358 1878 5429 ἔργων
1908 5375 2088 5430 παρα-

507 5445 871 5518 καθῆσθαι,τὸ
892 5448 1009 5519 φῶς
1022 5465 1105 5501 σοι
1118 5446 1309 5517 γέγονε
1339 5444 1548 5508 σκότος,
1559 5441 1758 5514 μᾶλλον
1782 5442 1839 5495 δὲ
1850 5441 1928 5512 τῷ
1948 5443 2086 5511 φωτὶ

570 5696 598 5726 ⁸
628 5691 755 5756 Reg.
779 5692 976 5756 γαλήνη.
1001 5693 1034 5749 ἡ
1056 5689 1238 5754 ἄγκυρα
1274 5690 1370 5737 τῶν
1391 5687 1593 5745 πιστῶν,
1613 5685 1695 5733 καὶ
1715 5683 1830 5746 πρὸς
1865 5682 1985 5730 Θεὸν
2002 5681 2083 5743 γέο

508 5772 647 5857 γυῖα.
668 5754 763 5805 κει
781 5754 1018 5815 γηπῶιοις.
1169 5814 1179 5824 _
1850 5804 1861 5814 ,

622 5819 745 5857 Ihm-
768 5815 1120 5857 κυϐιστώντων-
1142 5824 1314 5857 saeuus
1337 5808 1605 5857 lezcndum
1636 5811 1728 5855 est.
1773 5802 1861 5855 Ed!

768 5802 1120 5877 τίνξιστώῦτων,
1142 5814 1314 5873 sicque
1337 5808 1605 5871 legendum
1636 5811 1728 5855 est.
1773 5802 1906 5855 Εὐίιὶ
1948 5804 2082 5851 κυϐι-

510 5873 772 5931 στούντῶν,
792 5873 954 5923 minus
975 5878 1135 5921 recte.

1202 424 1260 480 S.
1297 420 1583 482 JOANMS
1614 421 2110 483 CHRYSUSTOMI
2142 425 2466 484 ARCIIIEP.
2506 428 3049 489 CONSTANTINOP.
3676 441 3763 496 δεῖ

2210 542 2346 614 πρὸς
2378 544 2570 611 σκότος
2595 548 2831 619 ἐχρήσω.
2856 544 3010 610 Εἶδες
3038 547 3161 602 ὅσον
3188 547 3395 617 ἀγαθόν
3427 549 3544 603 ἐστι
3564 550 3623 602 τὸ
3643 551 3762 604 εἰδέ-

2207 641 2294 678 ναι
2332 626 2459 691 τοὺς
2486 631 2614 701 περὶ
2656 631 2883 694 κτίσεως
2920 630 3143 698 λόγους;
3170 629 3262 698 Μὴ
3297 631 3477 685 τοίνυν
3509 634 3751 705 παραδρά

2210 724 2318 780 μῃς
2346 709 2407 762 τδ
2440 711 2649 783 κέρδος,
2703 712 2840 766 ἀλλά
2890 714 3029 784 μετά
3068 712 3359 783 ἀκριϐείας
3396 714 3635 786 πρόσεχε
3673 722 3765 781 τοῖς

2205 789 2550 861 λεγομένοις·
2585 795 2648 847 ού
2681 795 2792 867 γάρ
2823 795 2886 868 δὴ
2921 796 3052 868 περὶ
3078 796 3311 868 οὐρανοῦ
3344 798 3503 866 μόνον
3532 798 3763 870 ἐροῦμεν,

2207 874 2300 927 καὶ
2330 876 2452 946 γῆς,
2484 878 2578 931 καὶ
2608 877 2899 949 θαλάττης,
2925 879 3060 934 ἀλλά
3082 881 3177 933 καὶ
3202 882 3331 953 περὶ
3356 881 3459 949 τῆς
3478 883 3766 954 γεννήσεως

2204 956 2305 1026 τῆς
2336 959 2633 1031 ἡμετέρας,
2655 964 2750 1016 καὶ
2782 963 2946 1016 πόθεν
2975 965 3003 1017 6
3032 962 3279 1026 θάνατος,
3300 963 3397 1017 καὶ¹
3425 964 3587 1018 πόθεν
3607 967 3643 1035 ἡ
3675 967 3766 1020 ἐπί-

2209 1041 2408 1113 μοχθος
2436 1042 2571 1116 ζωὴ,
2593 1046 2688 1100 καὶ
2718 1046 2880 1101 πόθεν
2902 1049 2959 1101 αί
2979 1047 3209 1117 ἀθυμίαι
3239 1049 3333 1100 καὶ
3362 1048 3663 1119 φροντίδες.
3681 1051 3768 1103 Καὶ

2206 1123 2316 1196 γάρ
2347 1125 2489 1197 ὑπὲρ
2515 1127 2720 1182 τούτων
2751 1131 2846 1183 καὶ
2877 1131 3017 1202 ὑπὲρ
3063 1130 3327 1184 πλειόνων
3359 1131 3562 1202 ἐτέρων
3590 1131 3769 1186 ἀτεολον

2206 1207 2333 1275 γίαν
2381 1209 2595 1273 συνθεὶς
2626 1213 2654 1265 6
2695 1211 2857 1278 Θεὸς,
2906 1212 2968 1266 τὸ
3007 1212 3212 1284 βιϐλίον
3241 1212 3400 1267 τοῦτο
3447 1214 3584 1285 πρὸς
3641 1215 3770 1286 ἡμᾶς

2208 1290 2481 1362 ἐπεμψεν·
2519 1294 2640 1348 οὑδέ
2677 1296 2786 1368 γάρ
2843 1296 3225 1366 ἀπολογεῖσθαι
3275 1301 3627 1371 παραιτεῖται
3677 1302 3770 1363 τοῖς

2205 1373 2515 1445 ἀνθρώποις
2540 1378 2569 1429 6
2598 1377 2750 1444 Θεὸς,
2795 1378 2930 1434 ἀλλά
2980 1380 3081 1451 βοᾷ
3125 1379 3215 1435 διά
3247 1378 3341 1433 τοῦ
3384 1382 3674 1452 προφήτου
3696 1381 3769 1434 λέ-

2205 1472 2318 1524 γων
2337 1474 2351 1489 '
2383 1458 2580 1524 Δεῦτε,
2606 1461 2703 1514 καί
2749 1460 3177 1533 διαλεχθῶμεν,
3210 1463 3373 1532 λέγει
3402 1463 3642 1531 Κύριος.
3677 1465 3775 1517 Ούκ

2204 1544 2552 1614 ἀπολογεῖται
2589 1547 2645 1600 δὲ
2682 1549 2841 1619 μόνον
2871 1550 2965 1603 καὶ
2997 1548 3298 1614 δικάζεται,
3340 1550 3474 1603 ἀλλά
3513 1552 3612 1603 καὶ
3640 1551 3771 1614 ὅπως

2204 1632 2553 1706 διαφύγωμεν
2585 1635 2684 1707 τὴν
2730 1638 3025 1710 καταδίκην
3060 1639 3336 1692 διδάσκει·
3363 1640 3424 1691 ού
3455 1638 3565 1711 γὰρ
3598 1640 3771 1703 ἀτελῶς

2204 1714 2348 1785 εἷπε,
2383 1722 2582 1786 Δεῦτε,
2606 1723 2704 1777 καί
2736 1725 3147 1796 διαλεχθῶμεν
3163 1743 3176 1757 ο
3200 1726 3335 1781 ἀλλά
3356 1728 3623 1798 πρότερον
3647 1727 3772 1781 διδά-

2204 1807 2303 1875 ξας
2332 1808 2383 1862 τί
2411 1810 2511 1880 μὲν
2541 1812 2736 1878 είπεῖν,
2771 1813 2825 1867 τί
2850 1813 2904 1865 δὲ
2965 1813 3187 1882 ποιῆσαι
3216 1813 3343 1886 χρὴ,
3378 1813 3520 1868 οὕτω
3556 1816 3698 1885 πρὸς
3722 1816 3773 1869 τὸ

2201 1894 2552 1968 δικαστήριον
2580 1899 2850 1954 εἵλκυσεν.
2884 1902 3152 1955 ’Ἄκουσον
3171 1897 3264 1955 οὖν
3295 1901 3499 1956 ἀνωθεν
3523 1902 3624 1955 τοῦ
3663 1920 3771 1974 προ-

2204 1983 2435 2053 φητικοῦ
2461 1986 2726 2056 ῥήματος.
2747 1989 3086 2054 Λούσασθε,
3127 1989 3371 2059 καθαροὶ
3392 1991 3661 2058 γίνεσθε,
3680 1991 3771 2060 ἀερ-

2201 2069 2369 2125 έλετε
2384 2072 2489 2139 τὰς
2516 2075 2807 2143 πονηρίας
2829 2074 2949 2130 ἀπὸ
2974 2076 3095 2130 τῶν
3114 2076 3332 2146 ψυχῶν
3353 2077 3519 2147 ὑμῶν
3537 2094 3552 2108 ·
3566 2078 3773 2148 μάθετε

2203 2159 2395 2213 καλὸν
2416 2160 2633 2229 ποιεῖν,
2670 2163 2911 2231 κρίνατε
2958 2162 3199 2233 ὀρφανῷ
3220 2202 3237 2229 ,
3293 2165 3390 2218 καί
3428 2163 3773 2221 δικαιὼσατε

2202 2247 2428 2316 χήραν·
2476 2250 2570 2303 καὶ
2603 2251 2723 2303 τότε
2771 2252 2935 2321 φησί’
2991 2252 3190 2319 Δεῦτε,
3231 2252 3331 2306 καί
3357 2252 3771 2326 διαλεχθῶμεν,

2200 2336 2364 2406 λέγει
2396 2338 2631 2406 Κύριος.
2659 2339 2731 2391 Οὑ
2758 2338 3019 2410 βούλομαι
3050 2342 3311 2411 γυμνοὺς,
3342 2342 3500 2412 φησὶ,
3529 2345 3633 2397 καὶ
3663 2345 3773 2416 ἐρή-

2204 2442 2340 2494 μους
2359 2425 2468 2477 τῶν
2491 2425 2878 2496 δικαιωμάτων
2900 2425 3106 2490 λαϐεῖν,
3129 2427 3265 2481 ἀλλά
3287 2428 3628 2494 καθοπλίσας
3648 2432 3775 2502 ὑμᾶς

2199 2511 2319 2573 ταῖς
2348 2508 2690 2577 ἀπολογίαις,
2722 2509 2897 2575 οὑτως
2929 2511 3024 2564 ἐπὶ
3058 2511 3156 2576 τὰς
3206 2510 3435 2576 εὐθύνας
3476 2513 3665 2567 καλῶ·
3694 2517 3773 2567 καί

2200 2596 2308 2667 γὰρ
2347 2594 2664 2660 δικάζεσθαι
2697 2596 2958 2668 βούλομαι
2991 2597 3127 2669 πρὸς
3157 2599 3323 2668 ὑμᾶς,
3356 2598 3454 2668 οὑχ
3497 2600 3588 2652 ἵνα
3625 2616 3777 2653 κατα-

2201 2683 2391 2752 κρίνω,
2425 2683 2541 2736 ἀλλ’
2571 2684 2658 2738 ἵνα
2693 2684 2989 2755 φείσωμαι.
3018 2684 3173 2738 Οὑτω
3204 2684 3301 2738 καὶ
3348 2685 3587 2756 ἀλλαχοῦ
3624 2703 3775 2758 φησι⁹

2202 2769 2349 2841 Λέγε
2382 2771 2463 2825 σὺ
2501 2770 2735 2840 πρῶτον
2756 2783 2779 2812 α
2813 2776 2922 2839 τὰς
2954 2773 3197 2842 ἀνομίας
3234 2789 3372 2836 σου,
3406 2775 3510 2828 ἵνα
3552 2775 3778 2833 δικαιω-

2202 2856 2332 2924 θῇς.
2370 2858 2553 2929 Ἔχεις
2608 2861 2914 2931 κατήγορον
2960 2859 3157 2932 πικρὸν
3185 2861 3281 2914 καὶ
3317 2862 3625 2932 ἀνήμερον,
3660 2880 3778 2934 προ-

2201 2943 2381 2998 λαϐὼν
2410 2945 2656 3016 ἅρπασον
2681 2947 2888 3001 ἐκείνου
2907 2946 3006 3020 τὴν
3032 2946 3205 3014 τάξιν,
3237 2946 3518 3018 ἔμφραξον
3542 2950 3610 3003 7:6
3636 2950 3779 3005 ἀναί-

2204 3049 2428 3103 σχυντον
2460 3032 2657 3103 στόμα.

2273 3119 2337 3191 β’.
2368 3120 2529 3192 Παρὰ
2565 3121 2664 3191 μὲν
2692 3116 2786 3175 οὖν
2803 3121 2902 3193 τὴν
2918 3121 3092 3194 ἀρχὴν
3126 3121 3194 3176 δι’
3212 3122 3408 3177 ἐαυτοῦ
3422 3127 3539 3187 τοῖς
3571 3122 3779 3199 ἀνθρὼ-

2201 3226 2324 3273 ποις
2346 3210 2375 3262 6
2412 3210 2546 3274 Θεδς
2577 3208 2795 3279 ὡμίλει,
2828 3209 2904 3274 ὡς
2931 3210 3239 3282 ἀνθρώποις
3267 3211 3505 3266 ἀκοῦσαι
3540 3212 3781 3270 δυνατόν.

2199 3295 2357 3350 Οὕτω
2390 3298 2530 3369 πρὸς
2561 3297 2655 3350 τὸν
2706 3298 2880 3368 ’Δδάμ
2916 3293 3108 3370 ἦλθενσ
3138 3298 3314 3364 οὕτως
3360 3300 3677 3374 ἐπετίμησε
3711 3301 3786 3371 τῷ

2198 3385 2342 3438 Κάῖν
2365 3401 2378 3415 ·
2406 3384 2550 3439 οὕτω
2578 3382 2827 3456 διελέχθη
2856 3384 2934 3456 τῷ
2967 3384 3091 3438 Νῶε
3109 3402 3123 3416 ο
3153 3386 3328 3450 οὑτως
3366 3389 3689 3461 ἐπεξενώθη
3715 3388 3788 3459 τῷ

2212 3472 2484 3545 Ἀϐραάμ.
2517 3472 2738 3545 Ἐπειδὴ
2762 3474 2819 3527 δὲ
2839 3474 2975 3543 πρὸς
3006 3474 3207 3529 κακίαν
3224 3476 3258 3545 ή
3284 3475 3447 3544 φύσις
3472 3477 3641 3547 ήμῶν
3685 3493 3789 3531 an-

2199 3561 2504 3627 έκλινε,καὶ
2514 3562 2765 3632 καθάπερ
2784 3564 2863 3625 είς
2886 3563 3181 3634 ὑπερορίαν
3200 3563 3574 3637 τινὰ-μακράν
3594 3566 3795 3635 ἑαυτὴν

2196 3649 2472 3721 διέστησε,
2494 3649 2796 3719 τηνικαῦτα
2822 3649 3030 3715 λοιπὸν,
3063 3651 3315 3722 καθάπερ
3342 3654 3401 3705 ἐν
3430 3655 3635 3725 μακρᾷ
3660 3654 3790 3708 καθ-

2198 3736 2429 3790 εστῶσιν
2457 3738 2758 3809 ἀποδημίᾳ,
2819 3739 3124 3809 γράμματα
3176 3739 3409 3809 πέμπει,
3462 3742 3667 3816 ὥσπερ
3708 3741 3796 3798 διά

2196 3843 2342 3890 τινος
2388 3826 2679 3896 ἐπιστολῆς
2716 3827 2817 3897 τὴν
2866 3827 3107 3881 παλαιὰν
3152 3828 3291 3899 πρὸς
3329 3831 3487 3899 ἡμᾶς
3528 3831 3794 3885 ἀνανεού-

2201 3930 2361 3984 μενος
2403 3913 2606 3982 φιλίαν.
2636 3915 2746 3967 Καὶ
2772 3915 2842 3968 τά
2877 3916 2974 3985 μὲν
2997 3917 3301 3986 γράμματα
3332 3916 3513 3970 ταῦτα
3539 3917 3796 3991 επεμψεν

2195 4003 2224 4054 6
2243 3999 2397 4067 Θεὸς,
2422 4000 2646 4071 ἐκόμισε
2673 4000 2731 4054 δὲ
2761 4003 2790 4054 6
2811 4002 3073 4072 Μωῠσῆς.
3107 4003 3172 4056 Τί
3201 3998 3294 4057 οὖν
3326 4002 3479 4073 λέγει
3512 4005 3586 4060 τά
3604 4009 3797 4079 γράμο

2200 4103 2376 4159 ματα;
2415 4089 2518 4141 Ἐν
2554 4086 2715 4157 ἀρχῇ
2762 4088 3057 4157 ἐποίησεν
3093 4093 3127 4144 ό
3178 4089 3325 4156 Θεὸς
3362 4092 3476 4145 τὸν
3520 4094 3796 4162 οὐρανὸν

2195 4172 2294 4227 καί
2315 4171 2428 4241 τὴν
2452 4171 2587 4243 γῆν.
2610 4174 2766 4238 Τίνος
2784 4174 2970 4229 ἕνεκεν
2997 4175 3057 4227 οὑ
3085 4175 3212 4247 περὶ
3233 4175 3345 4229 τῶν
3371 4176 3635 4245 ἀγγέλων
3665 4180 3798 4249 ἡμῖν

2194 4259 2521 4329 διαλέγεται,
2556 4261 2619 4314 ού
2662 4262 2793 4331 περὶ
2823 4261 2932 4314 τῶν
2984 4261 3378 4333 ἀρχαγγέλων;
3417 4263 3486 4317 Εί
3520 4264 3642 4336 γάρ
3688 4265 3797 4318 ἀπὸ

2194 4348 2300 4401 τῶν
2332 4349 2646 4420 κτισμάτων
2679 4350 2708 4402 6
2736 4348 3069 4420 δημιουργὸς
3094 4349 3400 4422 θεωρεῖται,
3431 4351 3629 4425 πολλῷ
3648 4355 3803 4423 μᾶλ-

2192 4435 2282 4490 λον
2308 4437 2403 4490 ἀπ’
2426 4435 2652 4491 ἐκείνων
2686 4437 2957 4506 φαίνεται.
2992 4436 3175 4501 Καλὸς
3203 4439 3233 4490 6
3258 4438 3514 4509 οὐρανὸς,
3534 4440 3668 4494 ἀλλ’
3697 4441 3801 4508 οὐχ

2191 4524 2334 4579 οὑτω
2360 4526 2544 4588 καλὸς,
2571 4525 2647 4590 ὡς
2686 4526 2942 4595 ἄγγελος·
2991 4527 3216 4599 φαιδρὸς
3259 4529 3288 4581 6
3324 4527 3501 4597 ἥλιος,
3530 4529 3663 4583 ἀλλ’
3706 4529 3804 4599 οὐχ

2193 4615 2334 4669 οὑτω
2363 4612 2607 4686 φαιδρὸς,
2635 4616 2711 4680 ὡς
2738 4619 2766 4671 6
2787 4616 3147 4688 ἀρχάγγελος.
3171 4616 3327 4681 Τίνος
3345 4614 3442 4671 οὖν
3465 4618 3673 4674 ἕνεκεν
3702 4618 3802 4688 τὴν

2193 4702 2531 4774 ὑψηλοτέραν
2572 4704 2730 4772 ἀφεὶς
2771 4704 2908 4772 ὁδὸν,
2934 4704 3023 4758 διὰ
3062 4704 3168 4775 τῆς
3203 4706 3602 4776 ταπεινοτέρας
3644 4709 3806 4779 ἡμᾶς

2191 4790 2402 4861 όδηγεῖ;
2439 4790 2563 4844 Ὅτι
2596 4789 2872 4855 Ἰουδαίοις
2911 4790 3216 4860 διαλέγεται
3237 4834 3253 4859 ,
3282 4794 3396 4856 τοῖς
3435 4794 3804 4865 ἀλογώτερον

2189 4876 2576 4948 διακειμένοις,
2593 4880 2708 4942 τοῖς
2737 4879 2874 4951 πρὸς
2900 4878 2969 4932 τὰ
2994 4878 3231 4952 αἰσθητά
3253 4880 3656 4951 ἐπτοημένοις,
3684 4885 3809 4946 τοῖς

2189 4964 2251 5030 ἐξ
2269 4964 2544 5034 Αἰγύπτου
2569 4964 2719 5038 [647]
2745 4964 2841 5019 νῦν
2868 4965 3204 5033 ἐπανιοῦσιν,
3239 4966 3369 5021 ἔνθα
3396 4968 3811 5038 κροκοδείλους

2188 5053 2283 5107 καὶ
2328 5053 2499 5117 κύνας
2546 5054 2641 5107 καὶ
2678 5053 2945 5121 πιθήκους
2980 5052 3315 5126 ἐθεράπευον
3355 5055 3403 5107 οί
3456 5055 3807 5128 ἀνθρωποε-

2187 5141 2283 5194 καὶ
2309 5141 2412 5194 οὐκ
2443 5139 2569 5210 ἐνῆν
2600 5140 2688 5194 διά
2716 5144 2817 5212 τῆς
2854 5140 3196 5212 ὑψηλοτέρας
3247 5142 3446 5205 αὐτοὺς
3470 5143 3600 5196 όδοῦ
3642 5163 3816 5216 χειρ-

2187 5227 2478 5298 αγωγῆσαι
2500 5226 2637 5300 πρὸς
2669 5228 2761 5282 τὸν
2790 5229 3143 5301 δημιουργόν.
3163 5228 3503 5300 ’Υψηλοτέρα
3537 5232 3658 5301 μὲν
3694 5234 3817 5303 γὰρ

2186 5317 2302 5380 ὁδός
2332 5318 2480 5370 ἐστιν
2517 5317 2721 5388 ἐκείνη,
2765 5316 2900 5370 ἀλλὰ
2941 5317 3277 5389 τραχυτέρα,
3309 5317 3403 5371 καὶ
3434 5318 3817 5391 προσάντης,

2187 5407 2283 5458 καὶ
2310 5402 2509 5476 μᾶλλον
2540 5403 2724 5474 ὄρθιος
2749 5406 2863 5467 τοῖς
2891 5404 3318 5478 ἀσθενεστέροις.
3340 5403 3442 5458 Διά
3479 5404 3669 5460 τοότο
3708 5409 3823 5462 αὖα

2185 5493 2311 5556 τοὺς
2338 5491 2427 5546 διά
2464 5491 2566 5562 τῆς
2591 5491 2963 5560 εὑκολωτέρας
2996 5492 3141 5562 ἀγει,
3175 5494 3243 5547 δι’
3270 5492 3503 5566 ούρανοῦ
3536 5496 3660 5548 καὶ
3706 5499 3826 5567 γῆς

2186 5578 2281 5633 καὶ
2312 5580 2612 5652 θαλάττης,
2648 5579 2742 5632 καὶ
2785 5580 2883 5649 τῆς
2920 5579 3205 5651 ὀρωμένης
3259 5581 3492 5645 κτίσεως
3523 5581 3825 5654 ἀπάσης.

2190 5667 2309 5722 Ὀτι
2338 5669 2437 5736 μὲν
2468 5667 2579 5740 γάρ
2609 5665 2770 5721 τοῦτο
2806 5667 2870 5722 τὸ
2898 5668 3088 5737 αίτιον,
3118 5668 3207 5723 ὅτε
3232 5668 3430 5741 μικρὸν
3461 5667 3834 5739 ἐπέδωκαν,

2250 5864 2268 5890 ⁸³
2300 5861 2424 5924 Reg.
2451 5862 2649 5925 πρῶτος.
