3964 6446
201 339 309 398 581

723 448 951 509 SERMO
1005 446 1278 514 PRIMUS,

211 589 436 645 Habitus
465 581 520 643 in
563 587 814 659 principio
853 581 1272 654 Quadragesimw
1309 581 1363 633 in
1388 578 1540 643 illud,
1575 577 1628 630 In
1658 575 1801 645 prin-

278 679 425 752 cipio
455 678 581 733 fecit
615 677 754 732 Deus
789 675 979 730 caelum
1007 683 1064 728 et
1100 681 1294 729 terram
1318 668 1469 742 (Gen.
1523 669 1574 723 1.
1606 667 1700 738 l);
1743 680 1802 718 ac

280 773 347 826 de
363 771 641 845 jejunio-et
671 769 985 837 eleemosynu
1017 765 1113 836 (a).

290 904 346 960 1.
375 901 645 974 Jejunium
690 900 791 954 veri
821 907 1164 969 comparatur.
1211 927 1282 938 —-
1306 892 1606 951 Jucundum
1632 890 1808 946 nautis

206 1005 296 1053 est
316 1012 413 1052 ver
440 1037 456 1062 ,
478 992 773 1064 jucundum
805 991 1086 1062 agricolis;
1113 989 1208 1046 sed
1238 1003 1409 1058 neque
1437 987 1611 1041 nautis
1637 998 1810 1052 neque

206 1086 464 1159 agricolis
485 1085 555 1140 ita
581 1081 873 1153 jucundum
899 1098 992 1136 ver
1029 1089 1133 1146 est,
1158 1089 1215 1134 ut
1239 1079 1540 1134 volentibus
1568 1075 1809 1146 ριιίιομυ-

213 1180 371 1251 phari
409 1179 704 1249 jucundum
751 1187 834 1231 est
870 1175 1059 1246 jejunii
1111 1181 1341 1243 tempus,
1380 1171 1678 1226 animarum
1722 1184 1813 1219 γνι-

209 1272 535 1344 spi'rituale,
591 1269 975 1339 cogitationum
1022 1283 1147 1323 vera
1194 1263 1553 1334 tranquillitas
1577 1262 1618 1314 ι’.
1677 1259 1808 1313 Nam

210 1362 469 1435 agricolis
495 1376 589 1418 ver
639 1361 761 1416 ideo
782 1359 1077 1430 jucundum
1120 1367 1222 1422 est,
1277 1356 1400 1426 quia
1431 1363 1556 1408 tunc
1585 1366 1812 1407 corona-

213 1466 330 1512 tam
352 1455 534 1511 vident
564 1452 784 1508 ﬂoribus
813 1462 1007 1507 terram
1036 1492 1050 1515 ,
1076 1460 1130 1505 et
1159 1449 1445 1504 herbarum
1484 1444 1652 1500 comis
1675 1442 1817 1496 velut

214 1548 420 1602 amictu
451 1543 686 1614 undique
710 1551 955 1598 ornatam
987 1558 1000 1594 :
1032 1541 1206 1595 nautis
1228 1541 1353 1594 item
1383 1553 1479 1593 ver
1500 1533 1815 1606 jucundum,

214 1638 345 1709 quia
377 1636 602 1690 marium
643 1634 797 1690 dorsa
826 1641 940 1688 tuto
969 1639 1192 1702 possunt
1220 1628 1442 1684 navibus
1471 1625 1700 1688 sulcare,
1730 1638 1818 1677 se-

215 1729 364 1784 datis
390 1742 584 1797 nempe
611 1725 874 1791 tl'uctibus,
901 1724 1168 1794 delphinis
1190 1721 1472 1792 tranquille
1490 1717 1818 1782 ludentibus,

217 1832 277 1878 et
299 1821 368 1877 ad
413 1820 527 1891 ipsa
560 1822 708 1875 navis
751 1820 917 1874 latera
947 1817 1262 1887 plerumque
1291 1811 1684 1868 exsilientibus.
1716 1807 1822 1862 No-

220 1913 312 1968 bis
339 1921 522 1966 autem
551 1909 848 1980 jucundum
874 1916 959 1962 est
981 1906 1166 1976 jeju-uii
1206 1919 1319 1969 ver,
1348 1903 1473 1973 quia
1502 1901 1695 1954 ﬂuctus
1737 1913 1824 1951 no-

224 2004 333 2068 bis,
366 2016 474 2057 non
510 2001 792 2064 undarum,
840 1998 934 2053 sed
965 1997 1320 2051 absurdorum
1354 2001 1594 2046 motuum
1625 2003 1824 2043 concu-

226 2095 726 2167 piscentiarumque
760 2092 970 2156 sedare,
1003 2100 1056 2143 et
1087 2103 1341 2144 coronam
1383 2085 1558 2150 nobis,
1589 2097 1693 2136 non
1725 2080 1826 2134 ilo-

227 2206 376 2257 rum,
425 2188 522 2244 sed
553 2186 847 2258 spiritualis
894 2184 1079 2256 gratiae
1137 2196 1316 2236 texere
1363 2180 1541 2235 solet:
1574 2177 1828 2232 Coronam

231 2283 566 2355 gratiarum,
614 2281 805 2351 inquit,
845 2280 1061 2349 accipies
1115 2277 1268 2348 capiti
1323 2286 1410 2329 tuo
1460 2274 1638 2346 (Prov.
1667 2273 1717 2326 ι.
1748 2272 1829 2340 6).

231 2375 353 2430 Non
385 2375 464 2430 sic
486 2373 786 2428 adventans
816 2371 1045 2426 hirundo
1076 2369 1306 2423 hiemem
1332 2367 1472 2422 solet
1515 2365 1784 2434 depellere
1815 2404 1830 2428 ,

233 2475 299 2520 ut
321 2466 622 2520 adventans
649 2463 912 2533 jejunium
942 2461 1368 2515 turbulentorum
1397 2457 1560 2511 animi
1595 2466 1832 2509 motuum
1863 2483 1866 2487 λ

237 2558 477 2612 hiemem
505 2570 536 2608 a
565 2553 721 2609 nobis
771 2551 936 2622 ejicit.
980 2551 1095 2605 Non
1122 2549 1260 2604 ultra
1290 2563 1462 2618 pugna
1493 2546 1686 2601 animat
1714 2558 1836 2599 cum

237 2662 431 2712 carne,
464 2661 572 2701 non
618 2645 847 2716 insurgit
874 2643 1132 2699 adversus
1177 2641 1446 2697 dominam
1477 2637 1711 2704 ancilla;
1742 2635 1838 2693 sed

239 2737 554 2809 huiusmodi
585 2737 637 2790 in
685 2751 912 2806 corpore
937 2743 1140 2789 motum
1166 2733 1362 2788 bellum
1389 2741 1557 2786 totum
1593 2731 1838 2787 solvitur.

239 2827 692 2898 Quandoquidem
722 2827 885 2897 igitur
937 2840 1128 2895 magna
1159 2823 1385 2878 fruimur
1411 2837 1540 2892 pace
1564 2863 1580 2889 ,
1611 2820 1843 2891 ingenti-

242 2938 355 2994 quc
405 2919 833 2992 tranquillitate,
886 2933 1026 2989 age,
1075 2928 1131 2973 et
1185 2931 1284 2971 nos
1333 2931 1544 2986 quoque
1585 2915 1845 2970 doctrina:

245 3016 506 3087 scapham
539 3015 813 3070 traliamus
840 3057 855 3082 ,
909 3020 1070 3084 atque
1095 3027 1161 3068 ex
1193 3019 1348 3080 portu
1378 3011 1433 3065 in
1461 3010 1598 3064 bene
1629 3007 1843 3064 atl'ecta.

249 3125 374 3165 rum
406 3108 614 3163 aurium
637 3115 938 3161 vestrarum
969 3113 1182 3174 portum
1205 3101 1653 3156 transmittamus.
1700 3099 1812 3169 Age
1831 3137 1846 3163 ,

248 3202 532 3258 subtiliora
572 3200 865 3269 Scriptum
895 3211 1050 3253 sensa
1078 3195 1472 3266 aggrediamur,
1521 3207 1582 3246 ac
1601 3191 1669 3245 de
1693 3191 1847 3255 caelo,

251 3295 328 3350 de
355 3305 494 3349 terra
517 3335 532 3360 ,
563 3292 637 3347 de
660 3291 818 3358 mari,
842 3288 1016 3360 deque
1039 3295 1146 3341 tota
1168 3301 1349 3341 rerum
1395 3293 1586 3338 natura
1610 3281 1850 3351 philoso-

254 3385 675 3460 phemurrbaic
721 3384 918 3453 quippe
967 3380 1123 3436 nobis
1171 3377 1333 3433 hodie
1382 3377 1523 3431 lecta
1572 3381 1718 3428 sunt.
1746 3372 1852 3429 Sed

253 3478 391 3552 quid
417 3477 483 3533 ad
512 3492 632 3540 uos,
666 3476 896 3545 inquies,
921 3471 1208 3527 creationis
1233 3467 1409 3524 ratio?
1435 3467 1515 3522 Ad
1547 3481 1647 3520 nos
1673 3465 1856 3534 utique

258 3573 515 3644 pertinet,
540 3568 743 3625 dilecti.
774 3567 903 3621 Nam
933 3566 978 3621 si
999 3581 1065 3620 ex
1097 3562 1461 3632 magnitudine
1485 3571 1539 3615 et
1561 3559 1858 3630 pulchritu-

258 3665 393 3720 dine
420 3674 786 3720 creaturarum
819 3659 1167 3730 proportione
1189 3655 1419 3727 quadam
1441 3655 1667 3709 Creator
1696 3667 1862 3722 agno.

261 3758 458 3822 scitur,
489 3763 691 3826 quanto
720 3753 896 3824 magis"
921 3760 1220 3806 creatarum
1271 3763 1453 3803 rerum
1507 3746 1862 3816 pulchritudi-

263 3865 396 3906 nem
437 3846 963 3918 magnitudinemque
989 3841 1493 3910 contemplabimur,
1525 3847 1675 3893 tanto
1696 3837 1863 3906 magis

261 3941 339 3996 ad
366 3941 535 4010 ipsius
556 3937 778 4009 Opiﬁcis
807 3935 1051 3990 notitiam
1075 3933 1423 3988 adducemur.

346 4032 759 4088 Manio/tatarum
780 4039 827 4083 et
848 4026 1123 4082 Gentilium
1154 4039 1366 4077 errores.
1398 4051 1470 4060 —
1496 4020 1740 4089 Magnum
1769 4017 1866 4069 bo-

268 4141 404 4183 num
427 4134 508 4179 est
532 4137 696 4178 nosse
739 4119 864 4190 quid
893 4119 963 4172 sit
985 4126 1249 4181 creatura,
1278 4112 1406 4184 quid
1437 4111 1695 4176 Creator;
1742 4108 1868 4178 quid

266 4233 438 4289 opus,
471 4213 597 4285 quid
617 4212 829 4283 Opifex.
857 4209 990 4264 Nam
1018 4209 1062 4264 si
1094 4208 1208 4261 hmo
1257 4213 1503 4260 accurate
1540 4203 1868 4272 distinguere

271 4311 486 4366 scirent
513 4306 754 4362 veritatis
780 4305 964 4359 hostes
986 4345 1000 4370 ,
1031 4317 1136 4356 non
1167 4300 1347 4353 omnia
1375 4296 1788 4360 confunderent,
1810 4309 1873 4348 ac

271 4418 376 4460 sus
396 4401 568 4471 deque
599 4407 873 4454 verterent
905 4415 917 4448 :
947 4410 1053 4448 non
1083 4393 1226 4463 quod
1253 4391 1438 4447 stellas
1463 4399 1516 4444 et
1561 4388 1748 4442 caelum
1774 4386 1872 4440 de-

271 4493 559 4558 duxerint,
583 4499 640 4546 et
667 4498 864 4545 terram
891 4487 1179 4541 sublimem
1211 4482 1464 4544 fecerint;
1489 4479 1582 4535 sed
1619 4479 1872 4533 caelorum

274 4591 486 4660 Regem
531 4602 562 4640 a
593 4585 742 4656 regio
789 4581 931 4637 solio
965 4579 1303 4635 deturbatum
1330 4590 1449 4629 cum
1476 4571 1671 4628 creatis
1715 4570 1877 4626 rebus

275 4677 690 4740 coilocaverint,
723 4685 1029 4730 creaturam
1051 4684 1177 4726 vero
1204 4665 1498 4722 divinitatis
1529 4663 1744 4718 sedibus
1784 4662 1878 4716 bo-

278 4771 549 4828 tiorarint.
579 4769 636 4824 Si
682 4767 750 4822 de
777 4775 962 4821 natura
985 4778 1164 4818 rerum
1194 4769 1340 4816 recte
1382 4757 1612 4814 scissent
1641 4756 1879 4826 philoso-

279 4863 447 4936 phari
476 4862 754 4917 Manichaei
784 4900 800 4926 ,
846 4871 1138 4926 numquam
1178 4869 1316 4919 eam,
1347 4868 1470 4922 qua:
1499 4866 1565 4905 ex
1609 4849 1778 4903 nihilo
1808 4848 1884 4901 fa-

276 4966 398 5022 cta,
432 4954 736 5025 eoruptioni
760 4952 1014 5016 obnoxia,
1043 4949 1183 5003 ﬂuxa
1211 4956 1266 5000 et
1283 4943 1555 4999 mutabilis
1578 4948 1714 5007 erat,
1733 4938 1883 5008 quasi

277 5067 402 5108 non
442 5048 635 5104 factam
679 5047 1059 5102 honor-essent.
1090 5041 1147 5097 Si
1181 5039 1250 5095 de
1307 5053 1487 5092 rerum
1521 5044 1710 5089 natura
1739 5041 1886 5086 recte

280 5145 530 5201 scissent
558 5139 867 5196 ratiocinari
893 5136 1142 5207 gentiles,
1169 5148 1274 5186 non
1303 5147 1332 5184 a
1362 5143 1490 5185 vero
1521 5128 1886 5182 aberrassent.

283 5250 471 5307 neque
489 5233 782 5290 coluissent
796 5230 1212 5296 adorassentque
1227 5232 1522 5278 creaturam
1543 5219 1890 5290 potiusquatn

284 5331 628 5386 Creatorem.
671 5325 958 5380 Pulchrum
988 5329 1072 5376 est
1098 5319 1308 5383 ca—zlum,
1365 5315 1460 5370 sed
1503 5313 1623 5368 ideo
1648 5321 1888 5367 creatqu

291 5432 387 5482 cst
409 5431 469 5480 ut
497 5421 756 5478 adorares
782 5415 1042 5489 Opiﬁeem
1075 5432 1088 5468 :
1119 5411 1344 5484 pulcher
1367 5409 1470 5473 sol,
1497 5406 1594 5462 sed
1625 5405 1745 5461 ideo
1787 5405 1892 5474 pul-

363 5601 390 5632 ε
421 5593 942 5672 neg.,_.1‘rauquittitas,
963 5603 1143 5644 ancora
1163 5586 1400 5654 ﬁdelium,
1425 5590 1470 5637 et
1493 5597 1610 5650 pons
1633 5583 1701 5635 ad
1725 5590 1891 5638 Deum.

292 5659 802 5849 ξιὸὅηξτῶἓξῖἱθδιῗῶι
834 5719 900 5770 hi‘
922 5725 1182 5770 sermones
1222 5725 1332 5764 cum
1368 5710 1539 5762 Codice
1583 5709 1728 5774 Hegio
1762 5706 1886 5759 23:2

294 5799 456 5836 (nunc
509 5825 512 5828 .
601 5818 612 5830 .

1577 5871 1658 5881 ..ρο

1469 329 1536 385 IN
1574 324 1872 386 GENESI‘M
1909 322 2136 382 SERMO
2177 323 2216 377 Ι.

3392 321 3505 376 581

1916 439 2046 495 cher
2076 447 2133 493 ut
2157 437 2304 493 colas
2327 435 2607 493 Factorem
2636 455 2647 490 :
2673 435 2768 491 sed
2795 434 2840 490 si
2872 435 2924 490 in
2955 434 3089 490 mira
3122 449 3303 490 rerum
3327 432 3496 487 forma

1910 529 2194 595 consistas,
2234 539 2288 584 et
2319 544 2504 583 earum
2555 526 2940 599 pulchritudini
2969 527 3257 592 inbaireas,
3291 525 3378 580 lux
3407 525 3498 578 tibi

1913 634 2068 675 versa
2098 627 2180 674 est
2225 619 2277 672 in
2306 619 2553 673 tenebras
2573 659 2588 683 ,
2619 617 2733 672 imo
2773 616 2954 687 potius
2996 615 3115 670 luce
3143 614 3211 670 ad
3246 614 3495 670 tenebras

1914 727 2044 767 usus
2063 726 2143 767 es.
2168 710 2335 766 Vides
2366 720 2622 780 quantum
2653 710 2850 766 bonum
2891 709 2962 764 sit
2989 725 3170 764 rerum
3197 716 3498 780 creatarum

1917 820 2078 860 nosse
2139 805 2405 860 rationes?
2449 804 2526 858 Ne
2593 805 2769 873 itaque
2816 803 3020 858 lucrum
3053 773 3379 872 praeteretis,
3409 801 3503 855 sed

1915 898 2076 953 dictis
2105 905 2355 952 accurate
2375 897 2616 951 animum
2665 894 2898 950 adhibe:
2935 911 3040 950 non
3067 895 3208 949 enim
3229 894 3296 949 de
3327 895 3460 948 creto
3483 936 3498 956 ,

1915 990 1982 1045 de
2011 999 2172 1054 terra,
2200 989 2266 1044 de
2292 988 2428 1042 mari
2451 995 2653 1042 tantum
2681 987 2873 1042 dicturi
2901 999 3106 1051 sumus,
3135 984 3230 1040 sed
3256 985 3415 1040 etiam
3443 985 3508 1038 de

1917 1082 2124 1152 origine
2173 1091 2376 1144 nostra,
2407 1089 2566 1149 atque
2597 1078 2736 1134 unde
2765 1093 2912 1132 mors
2939 1088 3057 1132 orta
3087 1079 3194 1143 sit,
3225 1076 3366 1131 unde
3403 1077 3507 1128 vita

1921 1173 2207 1238 laboriosa,
2240 1173 2382 1227 unde
2414 1171 2626 1226 tristitia
2660 1181 2713 1227 et
2741 1170 3146 1226 Sollicitudincs.
3181 1168 3312 1224 Nam
3341 1180 3397 1223 ut
3444 1168 3510 1222 de

1923 1268 2008 1321 his
2035 1267 2206 1337 deque
2249 1266 2431 1320 multis
2468 1264 2587 1319 aliis
2618 1259 2736 1318 Sese
2765 1272 3010 1333 purgaret
3050 1263 3207 1325 Deus,
3251 1261 3394 1315 hunc
3440 1261 3506 1313 ad

1924 1375 2021 1414 nos
2051 1359 2242 1413 librum
2271 1359 2415 1412 misit
2445 1375 2456 1412 :
2485 1373 2658 1426 neque
2689 1357 2831 1410 enim
2879 1366 2997 1410 se:e
3024 1353 3314 1410 defendere
3365 1355 3504 1408 Deus

1923 1451 2259 1522 dedignatur,
2283 1451 2374 1506 sed
2397 1465 2492 1520 per
2511 1449 2821 1522 prophetam
2852 1447 3044 1502 clamat
3071 1467 3083 1502 :
3118 1447 3312 1514 Venite,
3341 1457 3386 1501 et
3409 1449 3514 1500 dis-

1927 1557 2176 1616 putemus,
2207 1547 2328 1600 dicit
2355 1544 2604 1598 Dominus
2650 1543 2798 1617 (Isai.
2827 1543 2876 1597 1.
2924 1543 3032 1613 l8).
3069 1541 3175 1596 Nec
3215 1542 3375 1595 modo
3392 1557 3513 1595 sese

1926 1639 2166 1694 defundit
2194 1655 2257 1692 ac
2305 1636 2508 1707 judicio
2545 1634 2855 1700 contendit,
2889 1633 2982 1689 scd
3031 1635 3190 1688 etiam
3237 1631 3507 1703 quomodo

1927 1731 2428 1787 condemnationem
2462 1728 2645 1798 fugere
2672 1727 2938 1796 possimus
2963 1725 3123 1780 docet
3156 1742 3168 1778 :
3218 1740 3326 1779 non
3372 1723 3526 1778 enim.

1932 1825 2101 1880 solum
2129 1823 2283 1886 dixit.
2320 1821 2514 1886 Venite,
2540 1831 2585 1876 et
2620 1821 2950 1892 disputemus,
2986 1818 3081 1874 sed
3111 1829 3390 1888 postquam
3415 1817 3516 1869 du.

1930 1919 2040 1972 cuit
2068 1917 2191 1986 quid
2220 1915 2502 1970 dicendum
2522 1958 2535 1981 ,
2567 1914 2695 1984 qttid
2740 1912 3005 1982 agendum
3035 1919 3198 1977 esset,
3222 1911 3302 1964 sic
3326 1909 3392 1964 ad
3423 1911 3522 1964 tri-

1932 2010 2095 2063 bunal
2131 2010 2307 2062 traxit.
2334 2007 2468 2062 Audi
2493 2009 2671 2077 itaque
2705 2005 3076 2075 propheticum
3102 2018 3405 2058 sermonem
3431 2017 3523 2055 su-

1936 2100 2116 2169 perius
2156 2099 2419 2168 prolatum
2449 2115 2462 2150 :
2492 2097 2777 2161 Lavamini,
2814 2095 2988 2149 mundi
3008 2104 3179 2158 estote,
3213 2098 3412 2164 auferte
3437 2111 3525 2146 ne-

1937 2192 2124 2261 quitias
2168 2192 2229 2244 ab
2256 2189 2519 2243 animabus
2559 2187 2737 2244 uestris
2761 2203 2779 2241 :
2804 2187 2981 2240 discite
3010 2187 3130 2240 bene
3163 2187 3330 2257 facere
3350 2229 3363 2251 ,
3389 2185 3532 2256 judi—

1937 2295 2049 2339 cate
2076 2285 2272 2355 pupillo
2296 2327 2311 2351 ,
2362 2293 2410 2338 et
2428 2284 2712 2356 justiﬁcate
2762 2282 2966 2335 viduam
3005 2279 3164 2353 (Ibid.
3215 2295 3263 2333 υ.
3306 2278 3438 2348 16);
3481 2288 3535 2332 et

1943 2387 2070 2431 tunc
2097 2377 2170 2430 ait
2195 2394 2206 2428 :
2247 2373 2442 2440 Venite,
2482 2384 2528 2428 et
2553 2374 2866 2443 disputemus
2890 2413 2904 2437 ,
2934 2371 3055 2425 dicit
3086 2371 3356 2425 Dominus.
3399 2370 3534 2424 Nolo

1942 2484 2062 2534 vos,
2104 2468 2295 2537 inquit,
2328 2465 2498 2520 nudos
2529 2474 2584 2520 et
2615 2463 2928 2519 defensione
2947 2478 3144 2517 vacuos
3166 2476 3401 2527 sumere,
3434 2461 3531 2514 Sed

1946 2560 2235 2614 instructos
2257 2556 2539 2612 ratiocinio
2563 2563 2618 2610 et
2643 2553 2954 2610 defensione
2993 2551 3061 2607 ad
3097 2553 3360 2606 rationem
3413 2551 3538 2605 red-

1947 2651 2177 2707 dendam
2202 2666 2335 2706 voco
2367 2667 2380 2703 :
2415 2648 2680 2719 siquidem
2731 2646 3006 2701 vobiscum
3034 2644 3336 2713 disceptare
3378 2644 3499 2695 volo
3521 2685 3536 2707 ,

1951 2763 2057 2801 non
2091 2754 2145 2800 ut
2168 2743 2544 2807 condenmem,
2579 2739 2673 2795 sed
2706 2747 2763 2793 ut
2792 2753 3026 2808 paream.
3058 2736 3147 2792 Sic
3190 2745 3242 2791 et
3273 2735 3380 2790 alio
3417 2734 3539 2788 loco

1951 2838 2079 2892 dicit
2111 2854 2123 2890 :
2155 2833 2253 2888 Dic
2300 2843 2353 2888 tu
2418 2834 2556 2904 prior
2608 2831 2894 2900 iniquitates
2945 2838 3090 2893 tuas,
3137 2837 3193 2882 ut
3247 2827 3548 2902 justiﬁceris

1955 2928 2115 3000 (Ibid.
2153 2928 2241 2982 45.
2283 2925 2396 3000 26).
2453 2925 2627 2980 llabes
2656 2922 2908 2978 acerbum
2940 2930 2994 2977 et
3045 2920 3302 2976 immitem
3334 2935 3494 2975 aecus
3517 2943 3554 2970 ι-

1957 3029 2126 3075 torem
2155 3036 2168 3072 :
2203 3016 2436 3089 praeveni
2464 3030 2608 3082 eum,
2639 3013 2813 3070 locum
2845 3013 2992 3084 prius
3023 3025 3244 3082 occupa,
3278 3024 3340 3066 os
3368 3009 3541 3081 impu-

1959 3112 2096 3169 dens
2133 3111 2343 3168 obtura.

2028 3205 2085 3260 9..
2109 3205 2249 3260 Deus
2275 3222 2364 3276 per
2385 3205 2556 3259 literas
2573 3203 2675 3275 agit
2697 3218 2810 3256 cum
2830 3199 3206 3271 homine.—-(a)
3224 3197 3380 3253 Initio
3403 3205 3551 3252 certe

1964 3301 2105 3356 Deus
2145 3315 2240 3370 per
2277 3313 2334 3353 se
2363 3297 2671 3352 hominibus
2701 3295 3040 3365 loquebatur,
3073 3303 3326 3364 quantmn
3347 3293 3552 3346 scilicet

1965 3392 2270 3447 hominibus
2291 3388 2475 3443 audire
2507 3385 2586 3441 fas
2615 3394 2716 3440 cst.
2746 3385 2833 3440 Sic
2859 3385 3121 3439 Adamum
3150 3383 3299 3446 adiit,
3326 3383 3403 3436 sic
3426 3382 3553 3437 Cai-

1966 3500 2092 3538 num
2141 3480 2468 3550 increpavit;
2502 3479 2580 3534 sic
2609 3494 2732 3534 cum
2772 3477 2884 3533 Noe
2925 3478 3177 3546 loquutus
3203 3483 3284 3529 est
3312 3493 3326 3541 ;
3360 3476 3437 3528 sic
3483 3475 3552 3528 ab

1967 3577 2273 3631 Abrahamo
2319 3573 2552 3642 hospitio
2599 3578 2898 3641 susceptus.
2933 3568 3131 3624 Verum
3181 3568 3303 3637 quia
3365 3577 3551 3621 natura

1970 3676 2149 3722 nostra
2173 3665 2242 3720 ad
2263 3665 2457 3718 malum
2486 3663 2790 3728 declinavit,
2823 3670 2876 3716 et
2921 3659 3073 3731 quasi
3103 3659 3156 3713 in
3207 3659 3556 3728 longinquum

1971 3758 2218 3814 exsilium
2240 3757 2473 3825 seipsam
2507 3754 2781 3810 transtulit
2809 3770 2823 3819 ;
2855 3751 3069 3806 demum
3093 3750 3182 3804 ille
3210 3751 3385 3814 nobis,
3410 3748 3564 3817 quasi

1972 3850 2184 3919 longam
2213 3846 2702 3918 peregrinationem
2724 3842 3141 3912 susceperimus,
3172 3841 3354 3896 literas
3379 3841 3562 3902 mittit,

1974 3941 2125 4011 quasi
2153 3954 2249 4009 per
2275 3937 2558 4007 epistolam
2589 3935 2866 3989 nobiscum
2891 3943 3126 3988 veterem
3151 3947 3413 3987 renovans
3436 3931 3568 3983 ami-

1975 4030 2175 4085 citiam.
2205 4027 2517 4098 I‘lujusmodi
2551 4027 2732 4081 literas
2758 4025 2900 4078 misit
2934 4025 3094 4086 Deus,
3128 4023 3302 4077 attulit
3333 4022 3546 4095 Moyses

1977 4123 2116 4190 Quid
2146 4123 2324 4176 ierunt
2371 4121 2583 4174 literae?
2607 4118 2672 4172 In
2695 4119 2945 4188 principio
2998 4118 3116 4187 fecit
3149 4115 3283 4170 Deus
3303 4117 3485 4170 caelum
3523 4127 3575 4168 et

1979 4226 2166 4270 terram
2221 4213 2386 4287 (Gen.
2444 4212 2625 4282 1.1).
2670 4211 2779 4265 Cur
2832 4225 2936 4264 non
2995 4210 3062 4264 de
3111 4210 3313 4279 angelis
3367 4210 3453 4263 vel
3502 4208 3570 4262 do

1983 4309 2321 4380 archangelis
2370 4306 2604 4376 loquitur
2653 4305 2850 4360 nobis?
2900 4303 3042 4359 Nam
3089 4303 3142 4358 si.
3185 4319 3249 4358 ex
3306 4301 3580 4357 creaturis

1983 4403 2208 4459 Creator
2266 4402 2632 4472 conspicitur,
2691 4399 2858 4453 multo
2913 4398 3081 4466 magis
3137 4413 3206 4451 exv
3256 4396 3360 4450 iliis
3418 4396 3576 4449 nosci

1989 4495 2179 4566 potuit.
2211 4495 2501 4549 Pulchrum
2532 4501 2614 4546 est
2640 4495 2851 4555 emtum,
2877 4489 2987 4543 sed‘
3009 4505 3115 4542 non
3170 4489 3240 4542 ita
3287 4487 3572 4557 pulchrum

1989 4600 2045 4643 ut
2073 4588 2326 4658 angelus;
2358 4585 2671 4655 splendidus
2705 4584 2806 4649 sol,
2833 4582 2926 4637 scd
2951 4597 3056 4636 non
3086 4581 3154 4633 ita
3187 4579 3498 4650 Splendidus
3523 4591 3580 4634 ut

1989 4682 2364 4752 archangelus.
2390 4681 2498 4735 Cur
2549 4680 2724 4748 itaque
2744 4676 3058 4731 sublimiore
3084 4675 3305 4728 dimissa
3337 4671 3416 4727 via
3437 4716 3452 4740 ,
3487 4689 3586 4743 per

1991 4775 2334 4829 humiliorem
2364 4788 2460 4827 nos
2490 4771 2653 4826 ducit.
2677 4769 2808 4835 Quia
2836 4784 2958 4822 eum
2984 4766 3185 4822 Iudaeis
3215 4767 3469 4837 loquitur,
3489 4769 3579 4836 qui

1993 4867 2268 4923 intellectu
2297 4865 2475 4920 minus
2506 4861 2750 4917 instructi
2777 4867 2949 4925 erant,
2975 4861 3064 4930 qui
3096 4858 3385 4914 sensilibus
3415 4858 3582 4913 her-

1994 4963 2146 5027 bant,
2178 4960 2268 5031 qui
2315 4957 2661 5028 exAEgypto
2693 4970 2864 5025 nuper
2888 4951 3130 5024 egressi,
3166 4951 3255 5006 ubi
3284 4951 3542 5007 crocodili
3570 4994 3584 5015 ,

1995 5071 2178 5122 canes,
2223 5054 2390 5110 simia:
2418 5053 2486 5108 ab
2527 5049 2832 5107 hominibus
2882 5047 3215 5111 colebantur,
3252 5059 3350 5098 nec
3396 5043 3588 5100 licebat

1997 5148 2310 5204 sublimiore
2363 5149 2446 5199 via
2490 5145 2611 5200 illus
2673 5143 2740 5197 ad
2781 5143 3092 5197 Creatorem
3143 5138 3361 5192 ducere.
3403 5134 3585 5190 Subli-

1999 5240 2138 5294 mior
2190 5238 2374 5309 utique
2424 5239 2507 5291 via
2549 5235 2638 5290 illa
2679 5241 2815 5297 erat,
2867 5233 2959 5287 sed
3008 5229 3288 5298 aSperior,
3323 5239 3591 5300 praerupta

1998 5341 2052 5387 et
2075 5330 2236 5386 ardua
2267 5327 2669 5386 inﬁrmioribus.
2697 5325 2820 5377 Ideo
2848 5324 2964 5375 illos
2987 5336 3079 5388 per
3101 5318 3392 5372 faciliorem
3427 5318 3569 5372 dtu-it

2002 5440 2098 5496 per
2126 5423 2314 5478 caelum
2342 5463 2356 5487 ,
2383 5431 2599 5483 terram,
2617 5430 2795 5479 utare,
2825 5423 3124 5482 ea-tcraque
3148 5408 3375 5463 visibilia
3395 5420 3594 5462 creata.

2063 5577 2138 5640 (α)
2155 5595 2158 5602 ·
2174 5583 2285 5640 [nec
2299 5573 2470 5640 iisdem
2494 5581 2620 5632 perte
2647 5565 2985 5640 verbis-babes
2998 5577 3144 5640 supra
3169 5563 3418 5640 gentilia}
3438 5562 3486 5634 iu
3503 5561 3594 5640 (in:

2003 5625 2160 5690 τιεὲὶιή
2181 5636 2274 5684 col.
2300 5635 2361 5683 28
2394 5641 2446 5682 et
2466 5625 2606 5693 seqq.
2633 5644 2645 5678 :
2671 5636 2786 5693 sunt
2810 5629 2957 5693 etiam
2980 5625 3072 5675 alia
3090 5627 3238 5693 multa
3256 5627 3430 5693 passim
3449 5625 3598 5693 intus

2002 5687 2330 5754 sermonibus,
2355 5707 2465 5757 qutc
2505 5687 2677 5744 eadem
2695 5692 2798 5755 ipsa
2832 5689 3076 5741 habcutut'
3117 5690 3164 5740 in
3198 5687 3431 5741 ιιόιηὶιίἰδ.
3483 5687 3599 5735 dte

2005 5763 2230 5815 htonitum
2253 5771 2414 5823 supra.
