3964 6450
389 369 499 424 585

388 488 543 560 Quod
574 494 756 542 autem
784 481 898 537 haec
923 492 1050 534 vera
1071 477 1139 532 sit
1166 487 1350 539 causa,
1371 469 1497 525 audi
1521 467 1814 540 quomodo,
1845 473 1982 536 post-

389 557 554 653 quam
594 576 809 649 paulum
847 570 1187 642 profecerant
1209 566 1250 632 ¹,
1295 561 1554 653 propheta
1579 560 1646 616 de
1673 557 1780 614 illis
1802 571 1989 653 super-

396 645 481 729 nis
511 645 794 727 virtutibus
821 665 1086 734 loquatur.
1115 657 1348 712 Laudato
1379 652 1680 718 Dominum,
1705 648 1895 722 inquit,
1926 645 1991 701 de

394 763 536 821 certis
560 804 576 829 ,
607 760 810 815 laudate
861 771 974 810 eum
1015 753 1069 807 in
1122 748 1373 806 excelsis:
1410 746 1619 802 laudate
1663 759 1779 798 eum
1821 756 1993 796 omnes

392 856 562 926 angeli
602 854 734 920 eius,
765 848 972 905 laudate
998 862 1114 902 eum
1141 859 1313 899 ontnes
1341 841 1550 896 virtutes
1571 839 1682 909 ejus
1708 853 1726 891 :
1755 834 1995 905 quoniam

397 953 504 1020 ipse
531 946 683 1009 dixit,
711 953 756 1000 et
785 945 923 1016 [acta
948 948 1065 995 sunt
1087 955 1107 1005 ;
1130 937 1236 1008 ipse
1265 933 1524 989 mandavit
1547 972 1564 998 ,
1592 941 1640 984 et
1681 937 1850 984 creata
1878 935 1996 981 sunt

394 1017 427 1112 (⁷
448 1039 595 1097 Psal.
623 1036 746 1098 us.
783 1031 915 1092 1.2.
949 1032 983 1088 5
1003 1029 1047 1106 ).
1077 1029 1146 1084 Et
1164 1025 1291 1101 quid
1316 1026 1508 1081 mirum
1531 1023 1575 1077 si
1605 1021 1658 1076 in
1689 1018 1869 1075 Veteri
1895 1017 1997 1073 Te.

397 1139 668 1193 stamento
701 1129 790 1186 hic
814 1127 1080 1184 doctrinm
1129 1121 1323 1178 modus
1350 1118 1617 1190 reperitur
1641 1157 1654 1182 ,
1685 1129 1809 1170 cum
1835 1112 1997 1168 etiam

397 1229 453 1283 in
477 1224 630 1282 Novo
660 1264 676 1291 ,
699 1219 916 1294 quando
940 1214 1316 1274 sublimiorum
1343 1211 1786 1268 documentorum
1804 1207 1825 1238 ¹
1858 1213 1996 1260 tem-

399 1334 502 1390 pus
529 1325 668 1384 erat,
697 1329 822 1371 cum
858 1306 1279 1367 Atheniensibus
1325 1304 1552 1374 loquens
1576 1298 1776 1356 Paulus
1800 1339 1816 1365 ,
1847 1311 1998 1390 earn-

400 1386 526 1469 dcm
556 1408 787 1468 tenuerit
811 1407 980 1470 viam,
1009 1416 1170 1474 quam
1208 1395 1425 1470 Moyses
1453 1409 1573 1450 cum
1604 1391 1818 1448 Judzeos
1850 1386 2001 1443 insti-

403 1504 623 1563 tueret?
654 1501 838 1570 Neque
870 1495 1016 1554 enim
1060 1494 1128 1550 de
1183 1489 1386 1563 angelis
1442 1487 1616 1558 deque
1667 1479 2002 1552 arcliangelis

402 1609 712 1653 sermonem
738 1591 861 1648 fecit
881 1608 894 1645 :
921 1586 1017 1644 sed
1036 1586 1105 1642 de
1131 1583 1285 1648 exulo,
1308 1581 1377 1638 de
1407 1589 1570 1646 terra,
1586 1585 1640 1632 et
1659 1574 1726 1630 de
1747 1572 1903 1639 mari,
1930 1572 2001 1626 ita

406 1689 758 1744 concionattts
783 1702 797 1738 :
829 1681 971 1736 Deus
998 1679 1085 1751 qui
1109 1676 1229 1747 fecit
1257 1672 1524 1736 mundum,
1550 1679 1597 1722 et
1627 1667 1799 1722 omnia
1819 1677 1932 1735 qua:
1951 1662 2005 1716 in

407 1798 466 1834 eo
493 1785 650 1833 sunt:
675 1775 756 1829 hic
784 1772 896 1829 caeli
921 1780 969 1826 et
993 1780 1142 1823 terrae
1159 1781 1277 1820 cum
1302 1765 1367 1819 sit
1391 1761 1660 1826 Dominus,
1683 1774 1785 1812 non
1807 1758 1860 1810 in
1891 1771 2005 1808 ma-

408 1869 634 1944 uufactis
660 1864 860 1938 templis
887 1861 1082 1918 habitat
1136 1859 1157 1934 (
1190 1858 1304 1913 Act.
1333 1857 1420 1911 17.
1450 1853 1522 1910 24
1544 1854 1585 1926 ).
1635 1852 1704 1908 ΑΙ.
1884 1847 2008 1944 Plii-

408 1939 682 2034 lippenses
702 1958 781 2030 (a)
808 1953 1182 2026 alloquebatur
1203 1991 1218 2017 ,
1264 1965 1372 2004 non
1406 1947 1509 2002 hac
1549 1945 1671 2000 illos
1700 1943 1784 1997 via
1812 1939 1964 1996 duxit
1989 1957 2006 2006 ;

408 2054 505 2112 sed
525 2053 596 2111 ad
625 2051 994 2110 sublimiorem
1023 2046 1142 2102 illos
1169 2043 1485 2100 concionem
1509 2035 1763 2109 provehit
1791 2034 1876 2088 his
1891 2047 2012 2088 vero

409 2147 494 2202 bis
522 2161 538 2200 :
576 2144 833 2215 Quoniam
855 2141 911 2196 in
935 2139 1047 2211 ipso
1065 2145 1238 2192 creata
1287 2141 1403 2188 sunt
1426 2130 1660 2184 universa
1684 2140 1800 2196 qua:
1823 2130 1880 2178 tn
1908 2137 2012 2177 cte-

414 2239 480 2292 lis
502 2245 550 2292 et
571 2251 686 2307 qua:
707 2235 761 2289 in
783 2242 915 2288 terra
935 2273 953 2298 ι
975 2231 1077 2285 sive
1101 2227 1270 2282 throni
1295 2267 1310 2293 ,
1339 2224 1444 2279 sive
1482 2219 1876 2286 dominationes,
1913 2215 2016 2270 sive

414 2329 758 2399 principatus,
780 2324 883 2378 sive
909 2329 1212 2392 potestates:
1233 2316 1408 2372 omnia
1436 2329 1526 2385 per
1550 2313 1719 2382 ipsum
1747 2317 1795 2364 et
1824 2309 1878 2362 in
1902 2307 2016 2380 ipso

413 2429 584 2474 creata
610 2429 729 2473 sunt
756 2414 776 2488 (
803 2413 1000 2470 Coloss.
1035 2408 1178 2468 1.16
1204 2409 1248 2481 ).
1281 2407 1372 2464 Sic
1397 2415 1450 2461 et
1474 2404 1710 2461 Joannes
1739 2402 1862 2474 quia
1888 2415 2012 2472 per-

424 2510 678 2567 fectiores
705 2506 893 2562 habuit
934 2502 1245 2574 discipulos,
1266 2499 1569 2555 universam
1599 2492 1762 2551 simul
1786 2491 2017 2549 creatio-

423 2617 545 2656 ncm
568 2597 1030 2657 commemoravit.
1085 2593 1205 2650 Non
1235 2591 1380 2648 enim
1409 2589 1566 2656 dixit,
1592 2589 1784 2644 caelum
1811 2593 1869 2642 et
1909 2593 2017 2641 ter-

417 2706 528 2748 tam
553 2703 608 2748 et
629 2705 799 2758 mare,
829 2688 950 2756 sed,
976 2685 1164 2742 Omnia
1191 2701 1280 2756 per
1303 2684 1475 2755 ipsum
1503 2684 1642 2752 facta
1661 2688 1814 2746 sunt,
1845 2686 1891 2732 et
1913 2677 2022 2731 sine

419 2787 534 2856 ipso
583 2783 778 2854 factum
824 2789 897 2835 est
942 2777 1076 2833 nihil
1105 2775 1241 2850 quod
1269 2778 1462 2848 factum
1489 2771 1599 2843 est(
1624 2769 1788 2826 Joan.
1811 2769 1864 2826 1.
1890 2769 1926 2824 5
1949 2766 1969 2840 )
1996 2785 2011 2834 ;

427 2877 545 2933 sive
574 2873 786 2928 visibile
811 2913 828 2941 ,
853 2870 1062 2942 inquit,
1105 2868 1174 2924 sit
1201 2907 1219 2935 ,
1246 2866 1359 2922 sive
1386 2863 1673 2921 invisibile.
1702 2861 1852 2918 Sicut
1877 2861 2023 2916 enim

428 2965 571 3039 apud
594 2963 1019 3037 ludimagistros,
1050 2961 1188 3016 alius
1213 2957 1450 3032 puellum
1477 2972 1508 3011 a
1533 2964 1706 3013 matre
1733 2953 2022 3026 accipiens,

427 3059 600 3130 prima
639 3057 813 3128 ipsum
836 3054 997 3112 docet
1020 3051 1321 3116 elementa;
1351 3049 1490 3105 alius
1513 3047 1709 3105 deinde
1729 3045 2024 3118 excipiens,

424 3148 748 3222 discipulum
772 3146 842 3204 ad
862 3145 1177 3204 sublimiora
1204 3144 1526 3200 documenta
1569 3139 1815 3212 provehit
1841 3155 1857 3194 :
1900 3138 1972 3195 ita
1995 3153 2027 3193 a

428 3243 612 3315 Moyse
640 3239 879 3297 etPaulo
911 3247 966 3295 et
992 3237 1199 3294 Joanne
1246 3244 1424 3292 actum
1466 3243 1567 3290 est.
1623 3232 1833 3304 Moyses
1882 3229 2030 3290 enim

430 3342 674 3412 ignaram
702 3337 940 3394 omnium
971 3344 1028 3392 et
1065 3349 1238 3405 nuper
1279 3332 1598 3387 ablactatam
1638 3338 1882 3384 naturam
1927 3340 2028 3381 no-

427 3443 593 3488 stram
620 3430 792 3508 prima
813 3428 1007 3485 divina:
1024 3424 1347 3498 cognitionis
1362 3423 1627 3480 elementa
1643 3420 1842 3476 docuit.
1863 3418 2028 3474 Joan-

430 3539 526 3580 nes
546 3532 728 3579 autem
757 3529 814 3578 et
847 3519 1068 3587 Paulus,
1090 3518 1243 3590 quasi
1269 3533 1302 3571 a
1329 3513 1701 3586 lndimagistro
1729 3521 1978 3582 acceptos
1999 3525 2028 3567 a

429 3613 633 3686 Moyse,
664 3611 912 3668 homines
936 3609 1004 3665 ad
1033 3609 1343 3666 sublimiora
1369 3607 1690 3663 documenta
1735 3602 2028 3669 deducunt,

435 3707 614 3782 priora
659 3714 840 3761 tamen
894 3704 1077 3777 paucis
1109 3707 1616 3759 commemorantes.
1657 3695 1848 3753 Vidisti
1895 3697 2031 3752 utri-

436 3816 604 3874 usque
629 3798 965 3858 Testamenti
1015 3795 1332 3854 afﬁnitatem
1359 3794 1384 3848 Ἰ
1419 3792 1598 3850 vidisti
1625 3804 1946 3848 consensum
1976 3787 2033 3846 in

435 3893 820 3956 documentis?
871 3891 1083 3948 Audisti
1136 3890 1189 3946 in
1243 3887 1428 3944 Veteri
1480 3883 1810 3942 sensibilium
1851 3898 2030 3939 rerum

433 3992 789 4057 creationem,
815 3995 874 4044 et
901 3985 970 4042 de
1013 3979 1386 4056 spiritualibus
1426 3977 1682 4035 Davidem
1721 3976 2029 4032 dicentem:

438 4081 562 4152 Ipse
580 4080 740 4146 dixit,
769 4089 817 4137 et
848 4081 983 4151 facta
1009 4084 1128 4130 sunt
1155 4073 1177 4144 (
1213 4071 1359 4129 Psal.
1390 4070 1479 4127 32.
1509 4068 1543 4127 9
1569 4069 1744 4140 )iSic
1770 4068 1960 4124 iterum
1981 4071 2034 4123 in

437 4173 612 4240 Novo,
641 4181 925 4242 postquam
943 4168 1143 4225 dictum
1172 4175 1254 4221 est
1280 4161 1348 4221 de
1371 4161 1726 4219 invisibilibus
1751 4160 2037 4231 potestati-

439 4269 560 4334 bus,
591 4266 752 4324 etiam
781 4263 850 4320 de
881 4271 1126 4320 creatura
1175 4256 1416 4315 sensibili
1469 4271 1651 4314 sermo
1690 4254 1938 4311 habetur.
1967 4253 2038 4308 In

439 4357 693 4432 principio
728 4355 844 4428 fecit
883 4353 1022 4408 Deus
1047 4350 1232 4406 caelum
1264 4357 1314 4404 et
1352 4356 1561 4402 terram.
1592 4344 1782 4402 Sermo
1821 4345 2036 4418 quidem

439 4450 627 4507 brevis
652 4457 708 4504 et
726 4445 980 4519 simplex,
999 4457 1064 4499 ac
1093 4441 1293 4498 dictum
1321 4453 1487 4495 unum
1513 4477 1531 4507 ,
1560 4437 1654 4493 sed
1684 4435 1825 4508 quod
1845 4450 2038 4493 omnes

445 4541 875 4600 adversariorum
917 4548 1092 4595 turres
1145 4535 1462 4592 subvertere
1510 4533 1699 4605 possit.
1752 4531 1850 4588 llic
1879 4546 2036 4587 men-

446 4647 554 4692 tem
581 4635 798 4692 adhibe.

518 4726 793 4781 ﬂanichwi
839 4725 1097 4780 veritatem
1126 4719 1376 4776 mendacii
1413 4727 1680 4773 accusant.
1706 4747 1778 4757 —
1808 4714 2031 4772 Accedit

445 4817 775 4876 Manichmus
798 4816 1006 4882 dicens,
1033 4814 1250 4870 Materia
1283 4828 1394 4868 non
1425 4809 1567 4866 facta
1613 4808 1742 4862 fuit:
1765 4805 2036 4878 responde

447 4907 527 4965 illi
557 4927 572 4964 :
603 4907 671 4962 In
700 4905 951 4978 principio
981 4904 1099 4976 fecit
1125 4902 1264 4958 Deus
1309 4901 1492 4957 celum
1532 4909 1579 4956 et
1622 4909 1808 4955 terram
1833 4915 1852 4952 :
1882 4907 1936 4953 et
1957 4906 2040 4950 to-

447 5011 554 5057 tam
595 4997 716 5071 ejus
754 4994 1113 5067 arrogantiam
1162 4992 1343 5050 statim
1393 4989 1722 5048 subvertisti.
1773 4987 1882 5045 Sed
1935 5002 2041 5043 non

446 5090 618 5148 credit
638 5088 935 5160 Scriptura:
955 5085 1136 5152 dictis,
1158 5083 1350 5156 inquit.
1372 5082 1514 5152 Ergo
1528 5097 1592 5137 ea
1619 5080 1688 5136 de
1708 5094 1870 5137 causa
1891 5079 2043 5150 quasi

446 5183 796 5240 furibundum
846 5175 999 5235 illum
1024 5175 1229 5249 repelle
1254 5182 1312 5232 et
1352 5188 1625 5230 aversare.
1646 5172 1778 5228 Nam
1805 5172 1898 5245 qui
1933 5172 2045 5228 Deo

446 5288 556 5329 non
592 5272 766 5329 credit
800 5269 978 5342 palam
1028 5265 1310 5338 loquenti,
1350 5273 1407 5322 et
1445 5265 1535 5336 qui
1562 5263 1846 5320 veritatem
1887 5277 2042 5318 men-

390 5401 395 5406 -
447 5363 589 5420 dacii
617 5371 859 5429 accusat,
903 5377 1011 5435 quo
1058 5369 1218 5432 pacto
1271 5357 1492 5414 insaniae
1522 5367 1892 5427 argumentum
1937 5371 2042 5409 non

451 5453 607 5522 ferat,
638 5469 835 5524 nempe
859 5449 1334 5510 incredulitatem?
1355 5450 1426 5505 At
1442 5447 1735 5520 quomodo,
1763 5447 1955 5518 inquit,
1977 5462 2044 5503 ex

452 5546 627 5604 nihilo
643 5545 760 5606 ﬁeri
787 5543 917 5615 quid
948 5543 1156 5616 possit?
1185 5542 1269 5600 Tu
1297 5557 1427 5599 vero
1453 5541 1586 5598 mihi
1619 5540 1792 5605 dicas,
1817 5555 2043 5611 quomo-

514 5637 540 5730 :
567 5643 708 5730 ’ἑξ-ν
731 5631 1794 5730 mmmrresmmm

518 5701 540 5730 ι
568 5703 710 5770 καθ’..
732 5701 1120 5768 νηυωορηοηψ
1140 5701 1508 5759 praceptorum.

518 5756 610 5820 (a)_
627 5765 712 5820 me
732 5769 965 5820 memoria
1013 5755 1187 5807 labitur
1206 5757 1508 5820 chrysostom

1407 5764 1582 5806 tomus.
1625 5762 1774 5804 Louis
1795 5754 1926 5803 enim
1947 5767 2042 5806 non

468 5819 520 5871 in
534 5816 740 5883 Ipistola
760 5818 819 5868 ad
842 5816 1194 5882 Philippenscs,
1218 5831 1242 5868 s

1328 5817 1390 5870 ad
1409 5817 1726 5869 colossenses
1745 5816 1940 5879 legitur.

1155 340 1213 396 S.
1251 333 1528 392 JOANNIS
1562 323 2019 388 CIIRYSOSTO.“

2131 319 2403 378 RCHIEP.
2444 315 2976 377 CONSTANTINOP.

3581 307 3684 371 583

2097 452 2168 510 do
2195 471 2259 510 ex
2287 455 2437 525 prius
2457 453 2840 510 exsistentibus
2866 451 2980 509 fleri
3003 451 3130 523 quid
3155 452 3369 523 possit?
3392 452 3528 508 Nam
3549 455 3688 523 quod

2096 562 2164 604 ex
2203 563 2312 604 non
2341 547 2728 605 ersistentibua
2779 556 2924 603 terra
2965 546 3100 602 facta
3143 547 3237 614 sit,
3269 562 3372 618 ego
3397 547 3602 612 credo,
3638 558 3692 604 tu

2097 648 2278 695 autem
2305 638 2554 706 dubitas;
2580 639 2726 710 quod
2749 647 2930 695 autem
2947 653 3019 694 ex
3044 647 3185 693 terra
3212 637 3385 694 hctus
3406 638 3481 692 sit
3511 637 3694 701 homo,

2098 730 2258 786 ambo
2278 730 2618 786 confitemur.
2653 729 2747 786 Dic
2795 731 2955 801 igitur
2997 729 3131 786 illud
3159 729 3303 799 quod
3349 731 3405 786 in
3445 729 3701 786 confesso

2099 831 2155 879 et
2183 821 2394 879 facilius
2413 830 2519 891 est,
2552 821 2826 896 quomodo
2847 836 2916 877 ex
2940 830 3083 877 terra
3108 821 3248 877 facta
3274 823 3348 876 sit
3383 822 3571 877 carnis
3608 835 3703 880 na-

2104 923 2246 970 tura.
2289 914 2368 970 Ex
2401 927 2542 971 terra
2569 914 2716 972 enim
2743 914 2935 982 lutum,
2979 913 3117 970 later
3138 957 3154 984 ,
3190 929 3284 970 vas
3320 913 3509 982 ﬁctile,
3538 923 3596 970 et
3622 925 3699 969 tc-

2103 1019 2184 1065 sta
2213 1008 2330 1064 ﬁeri
2386 1009 2524 1064 solet
2553 1023 2808 1064 :carnem
2839 1024 2969 1065 vero
2998 1024 3065 1064 ex
3116 1017 3257 1064 terra
3303 1007 3499 1064 factam
3543 1023 3705 1064 nemo

2105 1116 2359 1173 umquam
2378 1100 2594 1156 viderit.
2617 1099 2902 1170 Quomodo
2929 1101 3091 1174 igitur
3113 1100 3252 1157 facta
3273 1111 3358 1158 est
3383 1101 3574 1156 carnis
3600 1117 3702 1157 na-

2107 1192 2266 1247 tura?
2292 1191 2564 1263 quomodo
2586 1207 2710 1248 ossa
2733 1193 3014 1248 ell'ormata
3039 1193 3198 1248 sunt?
3224 1192 3498 1265 quomodo
3529 1195 3706 1262 nervi,

2105 1302 2259 1342 vente
2279 1294 2334 1342 et
2349 1285 2605 1342 arterizn?
2634 1284 2911 1360 quomodo
2958 1285 3312 1354 membranae,
3345 1284 3538 1355 adeps,
3586 1300 3708 1341 car-

2107 1395 2226 1446 nes,
2259 1379 2420 1447 cutis,
2445 1393 2673 1451 ungues,
2707 1377 2908 1450 capilli,
2940 1386 2995 1433 et
3026 1387 3169 1432 tanta
3205 1374 3493 1432 diversitas
3531 1378 3709 1432 saria-

2107 1485 2228 1526 rum
2260 1471 2684 1526 substantiarum
2710 1485 2776 1526 cx
2804 1484 2908 1524 una
2944 1468 3260 1540 subjacente
3280 1469 3469 1525 terra?
3507 1469 3706 1525 Verum

2111 1563 2226 1618 lucc
2250 1564 2430 1620 dicere
2459 1564 2681 1620 minime
2717 1566 2910 1635 possis.
2940 1565 3224 1634 Quomodo
3249 1581 3380 1637 ergo
3410 1564 3706 1622 absurdum

2113 1669 2219 1710 non
2259 1653 2419 1712 fuerit
2454 1671 2578 1711 eum
2607 1656 2699 1726 qui
2741 1656 2794 1714 id
2837 1657 2982 1727 quod
3036 1657 3238 1714 clarius
3287 1667 3344 1712 et
3386 1656 3605 1714 facilius
3631 1667 3712 1715 est

2113 1748 2342 1818 ignorat,
2371 1745 2674 1803 difﬁciliora
2705 1758 2760 1804 et
2782 1763 2981 1804 arcana
3010 1749 3225 1806 curiose
3256 1750 3485 1804 scrutari
3511 1752 3535 1804 ?

2185 1865 2240 1920 3.
2283 1863 2474 1920 Rerum
2525 1865 2837 1920 naturalium
2885 1867 3135 1921 rationem
3187 1882 3288 1921 non
3333 1865 3674 1937 intelligimus
3693 1909 3708 1931 ,

2114 1965 2304 2028 quanto
2330 1956 2498 2012 minus
2519 1956 2709 2012 divina.
2742 1986 2813 1998 —
2838 1957 2932 2015 Vis
2962 1966 3014 2014 te
3038 1957 3216 2016 adhuc
3241 1957 3308 2012 ad
3342 1957 3589 2014 faciliora
3617 1957 3714 2016 du-

2116 2065 2259 2116 cam,
2284 2066 2404 2120 quae
2429 2050 2668 2122 quotidie
2702 2050 2817 2106 ﬁeri
2861 2051 3077 2108 solent?
3107 2051 3361 2108 Attamen
3406 2067 3477 2107 ne
3519 2051 3592 2108 de
3634 2053 3717 2109 his

2117 2143 2335 2214 quidem
2360 2144 2623 2201 rationem
2644 2143 2856 2200 reddes.
2877 2143 3078 2201 Panem
3103 2143 3339 2215 quntidie
3358 2145 3713 2206 comedimus.

2119 2233 2404 2302 Quomodo
2433 2234 2613 2307 igitur,
2645 2250 2848 2307 quaeso,
2879 2235 3035 2306 panis
3063 2235 3178 2307 ipsa
3206 2244 3395 2292 natura
3425 2237 3484 2292 in
3503 2237 3718 2306 saligni-

2121 2341 2248 2382 nem
2272 2327 2516 2394 vertitur,
2547 2328 2603 2383 in
2631 2328 2898 2398 pituitam,
2937 2327 2990 2382 in
3011 2327 3174 2389 bileui
3196 2329 3322 2386 etin
3352 2328 3593 2401 reliquos
3618 2330 3719 2386 bu-

2123 2418 2340 2474 morest
2397 2417 2530 2474 Nam
2574 2417 2728 2489 panis
2770 2417 2988 2489 quidem
3038 2419 3242 2478 densus.
3286 2418 3567 2491 durusque
3614 2431 3718 2486 est,

2124 2511 2341 2583 sanguis
2365 2525 2495 2567 vero
2515 2512 2695 2568 mollis
2719 2519 2774 2567 et
2801 2509 3032 2576 ﬂuidus;
3062 2512 3220 2582 panis
3243 2514 3325 2568 vel
3350 2511 3615 2569 canididos
3640 2515 3723 2569 vel

2127 2601 2376 2658 frumenti
2403 2603 2607 2670 colore,
2641 2603 2858 2673 sanguis
2887 2603 3050 2661 ruber
3072 2613 3128 2660 et
3166 2603 3341 2674 niger.
3388 2603 3723 2661 Caterarum

2128 2694 2259 2750 item
2311 2695 2625 2766 qualitatum
2674 2696 3034 2754 differentiam
3073 2698 3120 2753 si
3172 2699 3296 2770 quis
3335 2708 3723 2770 persequatur,

2128 2785 2355 2842 multum
2391 2786 2624 2842 inveniet
2665 2802 2858 2858 panem
2901 2788 3042 2845 inter
3083 2798 3140 2846 et
3177 2791 3493 2861 sanguinem
3536 2791 3731 2848 discri-

2130 2892 2274 2933 men.
2315 2877 2596 2946 Quomodo
2619 2879 2780 2951 igitur
2801 2879 2920 2938 haec
2944 2878 3103 2948 ﬁunt.
3127 2881 3392 2942 rationem
3410 2882 3609 2940 reddas
3634 2899 3729 2941 ve-

2131 2969 2244 3025 lim.
2271 2969 2376 3028 Sed
2398 2987 2690 3042 numquam
2716 2973 2909 3043 possis.
2929 2973 3143 3048 Ergone
3165 2983 3220 3033 to
3241 2975 3334 3046 qui
3355 2975 3463 3032 cibi
3488 2978 3735 3048 quotidie

2133 3064 2398 3122 immutati
2445 3065 2710 3126 ratione
2736 3066 2966 3125 reddere
3011 3069 3232 3141 nequis,
3261 3083 3296 3125 a
3342 3070 3458 3127 Deo
3499 3082 3735 3143 peracta

2132 3157 2422 3214 creationis
2443 3157 2680 3214 rationes
2698 3173 2730 3214 a
2751 3173 2840 3218 me
2863 3161 3112 3230 repetes?
3131 3161 3326 3217 Annon
3344 3161 3449 3218 hoc
3474 3175 3736 3221 extrema

2133 3247 2419 3307 denmntiaa
2447 3250 2647 3307 fuerit?
2673 3250 2729 3308 Si
2756 3252 2928 3309 nostri
2955 3253 3147 3309 similis
3161 3263 3246 3309 est
3271 3253 3436 3323 Deus,
3467 3258 3734 3314 rationem

2134 3344 2287 3415 exige
2311 3359 2572 3414 operum;
2607 3345 2717 3400 imo
2742 3359 2811 3401 ne
2834 3344 2890 3398 id
2913 3344 3132 3416 quidem
3155 3347 3491 3403 concedatur
3518 3366 3536 3407 :
3566 3350 3735 3406 multa

2134 3437 2336 3508 quippe
2361 3438 2590 3493 humana
2616 3444 2765 3494 certe
2791 3435 2929 3494 facta
2969 3437 3061 3508 qui
3089 3437 3225 3493 fiant
3265 3437 3447 3496 dicere
3477 3455 3593 3497 non
3617 3455 3739 3512 pos-

2137 3543 2357 3593 sumus;
2386 3529 2622 3598 exempli
2649 3543 2835 3596 causa,
2880 3529 3152 3601 quomodo
3198 3545 3264 3587 ex
3295 3533 3566 3590 metallica
3594 3545 3739 3592 terra

2137 3635 2326 3676 aurum
2356 3619 2478 3687 fiat;
2506 3620 2778 3691 quomodo
2796 3636 2961 3678 arena
2991 3620 3049 3678 in
3072 3622 3196 3678 vitri
3225 3624 3516 3694 puritatem
3562 3637 3742 3685 muts-

2141 3722 2247 3768 tur.
2272 3711 2542 3783 llultoque
2567 3712 2717 3782 plura
2747 3713 2856 3770 diei
2892 3723 3115 3784 possent
3147 3716 3384 3773 humano
3405 3717 3640 3776 artificio
3662 3721 3743 3776 fs-

2138 3813 2245 3871 cta,
2283 3820 2510 3877 quorum
2561 3804 2826 3863 rationem
2877 3806 3206 3878 ignoramus.
3256 3806 3651 3868 Verumtamen
3693 3814 3742 3869 si

2140 3897 2308 3952 nostri
2335 3896 2525 3952 similis
2541 3897 2612 3956 sit
2635 3896 2797 3964 Deus,
2825 3911 2923 3968 per
2945 3913 3031 3954 me
3051 3897 3181 3955 licet
3199 3899 3463 3957 rationem
3486 3913 3743 3972 repetas;

2139 3987 2224 4044 sin
2251 3989 2514 4046 immenso
2541 3989 2716 4059 spatio
2749 4003 2780 4044 a
2816 3989 2971 4046 nobis
3013 3989 3201 4058 distat,
3227 4000 3284 4048 et
3307 4007 3472 4063 supra
3521 3992 3743 4050 modum

2140 4077 2435 4146 antecellit,
2470 4093 2649 4134 annon
2675 4086 2934 4136 extremm
2985 4079 3144 4138 fuerit
3190 4081 3421 4139 insania:
3470 4097 3593 4152 eos,
3651 4085 3744 4156 qui

2142 4174 2461 4230 immensam
2488 4173 2630 4230 illius
2654 4174 2971 4245 sapientiam
2999 4183 3057 4230 et
3091 4175 3350 4232 virtutem
3388 4177 3743 4243 conﬁtentur,

2141 4282 2370 4338 eamque
2413 4267 2646 4324 divinam
2689 4276 2747 4324 et
2786 4267 3410 4338 incomprehensibilem.
3465 4271 3630 4341 quasi
3675 4271 3746 4327 de

2142 4362 2376 4419 humana
2403 4359 2634 4432 quadam
2664 4367 2780 4417 arte
2803 4402 2820 4429 ,
2856 4361 2935 4416 sic
2959 4375 3060 4431 per
3094 4361 3307 4432 singula
3351 4361 3625 4419 factorum
3660 4377 3747 4420 ra-

2144 4460 2344 4516 tionem
2386 4456 2681 4528 expetere?
2713 4454 2914 4512 Verum
2961 4455 3046 4511 his
3089 4455 3268 4512 missis
3307 4455 3634 4524 ratiociniis,
3680 4456 3746 4512 ad

2144 4561 2354 4623 petram
2379 4550 2526 4606 illam
2560 4548 2788 4606 solidam
2831 4547 3118 4604 redeamus
3138 4567 3157 4604 :
3205 4547 3276 4604 In
3322 4549 3579 4620 principio
3631 4551 3749 4621 fecit

2144 4645 2288 4702 Dsus
2315 4645 2496 4700 calum
2521 4653 2569 4699 et
2596 4655 2802 4698 terram.
2832 4641 3007 4712 Supra
3046 4641 3178 4698 illud
3200 4641 3610 4698 fundamentum
3641 4653 3745 4711 sta,

2145 4752 2216 4794 ne
2243 4737 2363 4808 quis
2389 4737 2445 4792 in
2475 4743 2530 4791 te
2554 4735 2908 4790 humanarum
2947 4733 3338 4805 cogitationum
3379 4734 3579 4791 fluctus
3631 4751 3748 4792 mo-

2145 4839 2270 4887 veat
2301 4847 2315 4884 :
2347 4829 2686 4901 Cogitationes
2721 4829 2856 4882 enim
2895 4827 3191 4882 mortalium
3219 4829 3432 4894 timida,
3464 4837 3517 4884 α
3539 4829 3748 4892 incertis

2145 4923 2522 4980 adinventiotm
2549 4937 2724 4976 eorum
2755 4919 2912 4992 (Sap.
2962 4919 3027 4982 9,
3057 4920 3121 4976 ιι
3141 4917 3187 4991 ).
3216 4919 3300 4975 Ne
3337 4919 3498 4990 igitur
3523 4920 3579 4975 id
3605 4921 3748 4992 quod

2147 5020 2358 5075 ﬁrmum
2385 5025 2470 5073 est
2498 5015 2739 5082 deseras,
2769 5022 2828 5070 ut
2865 5013 3062 5068 animm
3086 5023 3195 5069 tua:
3239 5014 3468 5070 salutem
3519 5015 3749 5070 inﬁrmis

2145 5120 2202 5166 et
2247 5109 2524 5165 fallacibus
2559 5105 2854 5163 ratiociniis
2887 5105 3198 5164 committas
3225 5122 3240 5159 :
3272 5105 3368 5162 sed
3398 5121 3562 5162 mane
3600 5107 3658 5162 in
3685 5106 3748 5162 iis

2145 5218 2268 5272 qua:
2295 5200 2547 5266 didicisti,
2574 5209 2632 5256 et
2667 5215 2789 5268 quae
2817 5198 2910 5254 tibi
2931 5197 3240 5254 concredita
3263 5207 3411 5264 sunt,
3440 5207 3496 5254 et
3519 5199 3613 5255 die
3642 5219 3656 5256 :
3683 5197 3743 5254 ιη

2157 5297 2409 5368 principio
2436 5295 2552 5369 fecit
2577 5293 2713 5350 Deus
2734 5293 2918 5349 caalum
2937 5303 2982 5347 et
3009 5301 3214 5348 terram.
3237 5291 3293 5349 Si
3326 5291 3656 5348 Manichacus
3674 5292 3750 5365 (a)

2148 5387 2454 5453 accesserit,
2484 5387 2530 5441 si
2555 5385 2811 5449 Marcion,
2839 5387 2885 5441 si
2909 5385 3173 5442 Valentini
3201 5385 3390 5440 morbo
3413 5385 3745 5454 laborantes,

2151 5485 2196 5539 si
2223 5481 2404 5554 quivis
2433 5481 2596 5548 alius,
2630 5479 2734 5536 hoc
2760 5479 2960 5536 dictum
2990 5479 3200 5550 objice;
3229 5480 3276 5536 si
3303 5478 3575 5536 ridentem
3600 5474 3749 5536 vitle-

2211 5686 2284 5747 (α)
2301 5685 2605 5742 Matucbmus,
2623 5684 2842 5742 Marcion,
2862 5681 3312 5747 V‘alentinuspeum
3330 5691 3611 5747 creatorem
3636 5689 3746 5728 esse

2149 5745 2414 5812 negabant.
2431 5748 2721 5812 Manichceus
2730 5748 2835 5812 sive
2847 5751 3014 5812 planos
3030 5745 3494 5812 dicebat_mat_eriam
3502 5752 3742 5812 lanternam

2154 5799 2287 5864 esse.
2307 5811 2414 5874 Ejus
2429 5810 2552 5862 liber
2573 5812 2644 5862 sic
2666 5805 2946 5870 incipiebat,
2966 5813 3097 5857 teste
3117 5806 3392 5866 Epiphanio,
3429 5818 3474 5868 p.
3499 5803 3618 5859 6.30:
3642 5799 3756 5850 Erat
