3964 6420
234 331 341 388 58⁸5

232 452 468 505 ἄκουσον
489 458 516 486 ι
545 446 662 508 πῶς
700 447 882 510 αὐτοῖς
900 447 929 499 ὁ
951 447 1239 521 Προφήτης
1289 448 1384 502 καὶ
1428 449 1559 518 περὶ
1592 449 1816 503 ἐκείνων

232 537 547 606 διαλέγεται
579 534 689 588 τῶν
717 534 829 588 ἄνω
850 534 1151 606 δυνάμεων.
1183 534 1410 589 Αίνεῖτε
1446 534 1554 588 τόν
1575 536 1816 602 Κύριον,

235 625 435 695 φησὶν,
476 624 546 677 ἐκ
591 622 711 677 τῶν
738 620 1045 691 οὐρανῶν,
1082 621 1299 677 utre:er
1344 621 1533 677 αὐτὸν
1582 622 1652 675 ἐν
1696 620 1822 687 τοῖς

232 712 525 780 ὑψίστοις
544 727 556 740 ·
582 711 799 764 αίνεῖτε
819 710 1254 781 αὺτιίιν,πάντες
1274 712 1327 764 οὶ
1350 709 1592 780 ἄγγελοι
1613 706 1819 772 αὐτοῦ,

232 798 459 852 alr-cits
480 794 879 860 αὐτὸν,πᾶσαι
899 799 959 851 αι
979 796 1265 867 δυνάμεις
1283 796 1468 851 αὑτοῦ
1487 810 1502 825 ·
1527 796 1615 849 ὅτι
1641 796 1821 860 αὐτὸς

235 882 392 951 εἷπε,
425 883 524 937 zeal
616 883 1026 957 ἐγενήθησαν·
1070 884 1254 949 αὐτὸς
1302 882 1674 947 ἐνετείλατο,
1723 881 1823 934 zeal

236 976 637 1041 ἐκτίσθησαν.
694 974 804 1027 Καὶ
831 973 885 1026 τί
936 972 1250 1043 θαυμαστὸν
1273 1016 1288 1040 ,
1325 974 1373 1025 εί
1404 974 1462 1025 ἐν
1506 974 1574 1043 τῇ
1612 972 1826 1040 Παλαιᾷ

236 1057 398 1127 οὗτος
417 1062 445 1115 ὁ
475 1064 673 1134 τρόπος
703 1063 803 1133 τῆς
839 1062 1191 1125 διδασκαλίας
1219 1063 1389 1127 ἐστὶν,
1421 1062 1622 1129 δπουγε
1650 1061 1743 1113 καὶ
1768 1063 1826 1114 ὲν

238 1153 309 1221 τῇ
335 1152 533 1221 Καινῇ,
561 1150 650 1202 ὅτε
686 1147 791 1202 τῶν
833 1149 1178 1221 ὑψηλοτέρων
1210 1149 1556 1220 διδαγμάτων
1582 1150 1609 1189 Ι·
1636 1148 1827 1220 καιρὸς

236 1233 333 1311 ἦν,
383 1237 689 1308 Ἀθηναίοις
725 1237 1109 1307 διαλεγόμενος
1143 1239 1171 1293 ό
1209 1238 1423 1301 Παῦλος
1447 1236 1652 1308 ταύτην
1695 1232 1826 1308 ἦλθε

238 1325 344 1396 τὴν
368 1325 506 1389 ὁδὸν,
541 1325 718 1396 ἥνπερ
754 1319 885 1395 ἦλθε
914 1325 1158 1395 Μωῦσῆς
1206 1325 1490 1389 Ἰουδαίους
1519 1325 1823 1388 παιδεύων;

241 1412 383 1465 Οὐδέ
412 1412 520 1481 γάρ
550 1403 703 1475 οὗτος
732 1411 860 1482 περὶ
891 1410 1138 1479 ἀγγέλων
1171 1412 1265 1463 καὶ
1292 1410 1647 1481 ἀρχαγγέλων
1676 1407 1826 1463 εἶπεν

241 1499 450 1564 αὐτοῖς,
491 1498 627 1553 ἀλλά
667 1500 796 1570 περὶ
843 1498 1072 1569 οὐρανοῦ
1108 1498 1204 1551 καὶ
1241 1498 1345 1568 γῆς
1394 1498 1488 1550 καὶ
1536 1496 1824 1567 θαλάττης,

240 1587 391 1643 οὕτω
412 1605 527 1651 πως
558 1588 889 1660 δημηγορῶν
909 1605 922 1619 ·
965 1589 1026 1642 '0
1061 1587 1205 1654 Θεὸς
1234 1591 1267 1642 ό
1295 1588 1558 1658 ποιήσας
1586 1588 1693 1641 τὸν
1727 1588 1828 1640 κό-

242 1692 408 1746 σμον
455 1677 554 1731 καί
585 1676 783 1730 πάντα
824 1676 897 1731 τὰ
923 1678 993 1731 ἐν
1025 1677 1207 1745 αὐτῷ,
1237 1672 1413 1742 οὗτος
1442 1676 1701 1745 οὐρανοῦ
1731 1675 1832 1729 zeal

242 1764 362 1835 γῆς
396 1764 681 1835 ὑπάρχων
716 1767 950 1834 Κύριος,
978 1767 1091 1818 οὐκ
1119 1764 1190 1819 ἐν
1221 1764 1656 1834 χειροποιήτοις
1690 1780 1829 1817 zeat-

243 1852 401 1907 οικεῖ
416 1852 604 1920 ναοῖς.
625 1852 761 1906 Ἀλλ’
777 1853 897 1923 οὐχ,
916 1854 1005 1905 ὅτε
1026 1852 1410 1923 Φιλιππησίοις
1433 1852 1725 1919 διελέγετο,
1743 1850 1832 1904 διὰ

241 1939 452 2010 ταύτης
472 1938 677 2010 ἡγαγεν
697 1940 894 2004 αὐτοὺς
918 1940 1017 2010 τῆς
1030 1939 1150 1995 ὁδοῦ
1167 1959 1178 1971 ο
1204 1941 1316 1994 ἀλλ’
1339 1940 1433 1993 ἐπὶ
1453 1940 1551 2009 τὴν
1573 1939 1833 2008 ὑψηλοτέ-

249 2044 355 2097 ραν
372 2028 566 2090 αὐτοὺς
587 2028 777 2098 ἀνάγει
804 2028 1166 2101 δημηγορίαν,
1184 2030 1382 2084 οὑτωσὶ
1406 2028 1602 2097 λέγων·
1622 2030 1749 2081 ’Ότι
1764 2029 1835 2082 ἐν

242 2114 412 2179 αὐτῷ
427 2114 672 2183 ἐκτίσθη
695 2115 765 2169 τὰ
782 2115 980 2170 πάντα
999 2117 1070 2170 τὰ
1084 2116 1155 2169 ἐν
1168 2116 1293 2182 τοῖς
1320 2116 1594 2184 οὐρανοῖς
1621 2115 1719 2169 καί
1733 2115 1833 2169 ἐπὶ

244 2203 363 2271 τῆς
386 2202 519 2273 τῆς,
540 2204 661 2258 εἴτε
680 2206 903 2273 θρόνοι,
951 2206 1070 2259 εἴτε
1100 2207 1464 2275 κυριότητες,
1490 2207 1610 2260 εἴτε
1631 2204 1832 2274 ἀρχαί,

242 2291 372 2344 εἴτε
419 2290 726 2355 ἐξουσίαι·
767 2291 966 2346 πάντα
1012 2292 1086 2345 δι’
1119 2293 1329 2359 αὑτοῦ,
1368 2293 1467 2347 zeal
1516 2296 1605 2359 είς
1649 2295 1836 2348 αὑτὸν

248 2379 317 2432 ἐκ
327 2394 542 2433 τισται.
558 2378 715 2433 Οῦτω
731 2380 825 2434 καὶ
855 2380 1320 2452 Ἰωάννης,ἐπειδὴ
1338 2381 1704 2452 τελειοτέρους
1725 2377 1834 2453 εἶχε

246 2468 379 2528 τοὺς
397 2466 1082 2538 μαθητευομένους,πάσης
1098 2469 1232 2539 ὁμοῦ
1249 2469 1346 2540 τῆς
1365 2469 1590 2532 κτίσεως
1604 2471 1628 2521 ἐ
1636 2487 1740 2539 μνη
1750 2469 1835 2539 μό-

247 2572 465 2609 νευσεν.
485 2558 562 2610 Οὐ
586 2557 695 2630 γὰρ
719 2554 891 2624 εἶπεν,
919 2557 1146 2631 οὐρανὸν
1176 2558 1269 2612 καὶ
1292 2560 1395 2631 γῆν
1419 2561 1515 2612 καὶ
1544 2558 1834 2623 θάλατταν,

246 2642 393 2707 ἀλλ’,
414 2642 496 2696 ὅτι
513 2643 717 2697 Πάντα
738 2643 810 2697 δι’
836 2645 1022 2700 αὐτοῦ
1044 2646 1301 2716 ἐγένετο,
1328 2646 1425 2699 zeal
1447 2646 1624 2715 χωρὶς
1651 2646 1838 2700 αὑτοῦ

248 2729 493 2801 ἐγένετο
520 2731 663 2786 οὐδὲ
692 2731 763 2787 ἓν
802 2732 833 2789 ὃ
864 2733 1145 2804 γέγονεν·
1179 2733 1289 2786 εἴτε
1332 2734 1626 2806 ὁρώμενον,
1652 2735 1837 2805 φησὶν,

248 2818 368 2872 εἴτε
399 2819 476 2891 μὴ
496 2817 792 2891 ὁρώμενον.
817 2820 1082 2892 Καθάπερ
1109 2821 1218 2892 γάρ
1246 2821 1336 2876 ἐπὶ
1360 2822 1464 2875 τῶν
1484 2821 1838 2884 διδασκάλων,

251 2907 287 2959 ὁ
315 2906 417 2976 μὲν
445 2906 595 2978 παρά
616 2908 715 2979 τῆς
740 2909 946 2983 μητρὸς
977 2909 1294 2973 διδάσκαλος
1318 2909 1378 2962 τὸ
1403 2910 1610 2963 παιδίον
1639 2910 1835 2976 λαϐὼν,

252 2992 327 3049 τὰ
352 2993 545 3065 πρῶτα
570 3004 592 3033 ο
624 2995 787 3049 αὐτὸν
814 2996 1055 3050 παιδεύει
1084 3000 1340 3068 στοιχεῖα,
1366 2999 1393 3051 ό
1415 2997 1470 3050 δέ
1496 3000 1626 3070 παρ’
1654 2998 1840 3070 ἐτέρου

254 3078 439 3134 λαϐὼν
468 3080 809 3148 διδασκάλου,
844 3083 1090 3156 μαθητὴν
1124 3084 1261 3156 πρὸς
1291 3084 1360 3139 τά
1392 3086 1699 3158 ὑψηλότερα
1731 3086 1842 3141 τῶν

252 3166 607 3239 διδαγμάτων
641 3170 793 3239 ἄγει·
830 3170 974 3225 οὕτω
1010 3173 1104 3225 καὶ
1133 3172 1227 3226 ἐπὶ
1263 3173 1539 3237 Μωῦσέως
1575 3175 1668 3227 καὶ
1694 3175 1842 3228 Παύ-

254 3254 352 3311 λου
406 3256 501 3309 zeal
549 3256 797 3311 Ἰωάννου
836 3259 1047 3327 γέγονε.
1092 3260 1331 3331 Μωῦσῆς
1371 3261 1470 3333 μὲν
1513 3262 1623 3332 γὰρ
1673 3264 1842 3335 μηδὲν

254 3345 466 3398 εἰδυῖαν
505 3344 605 3413 τὴν
633 3344 795 3414 φύσιν
822 3346 981 3418 ἡμῶν
1009 3346 1339 3419 παραλαϐὼν
1379 3349 1502 3422 ἄρτι
1531 3350 1625 3402 τοῦ
1682 3352 1843 3420 γάλαο

258 3422 845 3503 κτοςάπαλλαγεῖσαν,
886 3433 955 3489 τά
979 3435 1172 3505 πρῶτα
1202 3435 1302 3505 τῆς
1331 3436 1662 3506 θεογνωσίας
1688 3439 1845 3493 ἐπαί-

256 3515 422 3568 δευσε
468 3520 708 3587 στοιχεῖα
734 3534 748 3548 ο
791 3518 1044 3589 Ἰωάννης
1087 3518 1144 3571 δέ
1177 3520 1269 3573 καὶ⁹
1309 3519 1541 3585 Παῦλος,
1593 3521 1845 3592 καθάπερ

262 3599 421 3670 παρα
439 3600 767 3654 διδασκάλου
803 3601 893 3655 τοῦ
926 3602 1207 3665 Μωῦσέως
1232 3604 1430 3667 αὐτοὺς
1450 3603 1724 3673 λαϐόντες,
1751 3609 1845 3662 ἐπὶ

259 3683 334 3739 τά
364 3683 672 3756 ὑψηλότερα
710 3684 818 3739 τῶν
852 3685 1197 3756 διδαγμάτων
1238 3687 1522 3756 ἀνάγουσι,
1553 3690 1665 3744 τῶν
1706 3710 1844 3763 προ-

260 3773 441 3843 τέρων
485 3772 994 3844 ἀναμιμνήσκοντες
1035 3776 1094 3827 ἐν
1137 3773 1348 3845 βραχεῖ.
1380 3771 1533 3841 Εἶδες
1568 3779 1847 3849 ἑκατέρων

261 3860 379 3915 τῶν
405 3860 690 3931 Διαθηκῶν
710 3860 810 3930 τὴν
842 3861 1163 3929 συγγένειαν
1186 3879 1199 3928 ;
1231 3858 1382 3926 Εἶδες
1405 3863 1501 3935 τὴν
1528 3868 1846 3936 συμφωνίαν

263 3947 381 4002 τῶν
417 3947 795 4018 διδαγμάτων;
828 3949 1108 4012 Ἤκουσας
1134 3950 1260 4023 περὶ
1296 3951 1396 4021 τῆς
1428 3951 1537 4004 τῶν
1572 3954 1850 4025 αἰσθητῶν

259 4035 630 4107 δημιουργίας
651 4037 707 4091 ἐν
735 4038 801 4107 τῇ
833 4036 1062 4107 Παλαιᾷ,
1093 4036 1338 4110 καὶπερὶ
1374 4040 1471 4109 τῆς
1506 4041 1615 4094 τῶν
1639 4043 1849 4114 νοητῶν

262 4124 363 4179 τοῦ
403 4123 563 4177 Δαυῒδ
593 4124 862 4193 λέγοντος,
901 4125 1030 4179 Ὅτι
1064 4125 1238 4192 αὐτὸς
1277 4123 1425 4193 εἶπε,
1460 4129 1558 4183 zeal
1602 4130 1848 4199 ἐγεννή-

264 4213 510 4280 ducar;
549 4210 707 4265 Οῦτω
750 4212 909 4266 πάλιν
952 4212 1011 4266 ἐν
1043 4214 1109 4282 τῇ
1143 4215 1340 4285 Καινῇ,
1375 4214 1544 4267 εἰπὼν
1584 4217 1711 4288 περὶ¹
1741 4218 1850 4271 τῶν

276 4298 534 4370 ἀοράτων
559 4300 864 4369 δυνάμεων,
895 4293 1016 4352 εἷπε
1038 4300 1132 4353 καὶ
1165 4302 1292 4371 περὶ
1320 4301 1419 4371 τῆς
1444 4302 1706 4375 αἰσθητῆς
1734 4306 1852 4359 κτί⁴

265 4397 435 4447 σεως·
460 4383 561 4436 Ἐν
586 4383 743 4454 ἀρχῇ
773 4385 1066 4455 ἐποίησεν
1094 4390 1129 4442 ό
1154 4389 1302 4456 Θεὸς
1330 4390 1440 4444 τὸν
1467 4392 1730 4460 οὐρανὸν
1758 4393 1857 4447 zeal

263 4471 389 4542 τὴν
416 4471 557 4542 γῆν.
586 4472 660 4527 Τδ
693 4474 847 4546 ῥῆμα
874 4474 1031 4530 τοῦτο
1059 4478 1232 4550 βραχὺ
1272 4479 1371 4549 μέν
1400 4481 1517 4533 ἐστι
1555 4482 1649 4534 καὶ
1679 4480 1854 4551 ψιλὸν,

263 4560 365 4615 καὶ
394 4561 546 4633 ῥῆμα
570 4561 650 4615 ἐν·
681 4563 930 4629 ἅπαντας
957 4565 1015 4619 δὲ
1045 4568 1156 4621 τῶν
1181 4567 1437 4621 ἐναντίων
1463 4569 1587 4632 τοὺς
1612 4569 1856 4640 πύργους

263 4650 641 4721 καταστρέψαι
673 4649 825 4724 1649]
857 4654 1162 4725 δυνήσεται.
1196 4655 1396 4709 Σκόπει
1421 4656 1498 4711 δέ.

338 4735 713 4809 Πῳσὲρχεται
738 4739 1041 4811 Μανιχαῖος
1069 4741 1261 4810 λέγων,
1291 4742 1609 4816 ’Δγέννητός
1637 4744 1785 4799 ἐστιν
1818 4744 1853 4814 ἡ

271 4826 381 4898 ὕλη
406 4843 418 4856 ·
452 4826 573 4880 εἰπὲ
599 4825 736 4898 πρὸς
769 4826 950 4891 αὐτὸν,
1000 4826 1104 4880 Ἐν
1135 4826 1293 4896 ἀρχῇ
1324 4827 1615 4897 ἐποίησεν
1644 4836 1678 4887 ὁ
1709 4836 1854 4902 Θεὸς

274 4918 388 4972 τὸν
408 4916 687 4985 οὐρανὸν,
728 4914 827 4968 zeal
875 4913 991 4981 τὴν
1032 4912 1168 4983 γῆν,
1204 4915 1298 4967 καὶ
1333 4916 1509 4970 πάντα
1556 4919 1645 4972 τὸν
1686 4922 1854 4991 τῦφον

272 5000 447 5063 αὐτοῦ
499 4997 874 5071 κατέστρεψας
918 4997 1140 5061 εὐθέως.
1182 4999 1320 5053 Ἀλλ’
1369 5000 1430 5052 οὐ
1482 5003 1725 5059 πιστεύει
1776 5007 1854 5078 τῷ

275 5090 489 5161 ῥήματι
514 5086 612 5157 τῆς
653 5083 895 5154 Γραφῆς,
926 5082 1112 5153 φησίν.
1146 5082 1356 5136 Οὐκοῦν
1384 5084 1471 5139 διὰ
1504 5085 1662 5141 τοῦτο
1690 5090 1855 5147 αὐτὸν

268 5175 351 5236 ὡς
384 5168 708 5241 μαινόμενον
739 5167 1060 5236 διάκρουσον
1087 5167 1181 5219 καὶ
1212 5168 1612 5240 ἀποστράφηθι.
1658 5172 1714 5227 'O
1745 5178 1857 5247 γὰρ

282 5255 357 5326 τῷ
400 5252 519 5323 Θεῷ
556 5251 631 5325 μὴ
673 5249 941 5305 πιστεύων
984 5249 1430 5321 ἀποφαινομένῳ,
1477 5252 1614 5309 ἀλλά
1660 5256 1854 5325 ψεῦδος

273 5339 379 5411 τῆς,
408 5335 667 5405 ἀληθείας
696 5331 1158 5401 καταγινώσκων,
1193 5334 1311 5397 πῶς
1343 5336 1404 5387 οὐ
1438 5335 1706 5409 λαμπρῶς
1755 5361 1857 5415 μα-

278 5425 404 5487 νίας
444 5422 666 5493 ἐκφέρει
699 5422 913 5492 δεῖγμα,
946 5421 1044 5492 τὴν
1073 5421 1363 5487 ἀπιστίαν;
1392 5424 1500 5476 Καὶ
1532 5424 1649 5489 πῶς
1671 5427 1730 5493 ἐξ
1756 5430 1855 5484 οὑκ

340 5575 369 5648 ξ
394 5575 789 5648 ἕεψὸνιέαυςτοὺς
812 5577 1052 5648 ἐπέδωκαν
1062 5576 1177 5648 προς
1187 5578 1468 5629 θεοσέϐειαν.
1479 5579 1717 5632 Ἀκονσον
1734 5585 1853 5648 Reg.

341 5634 371 5672 δ
396 5634 791 5701 Τῶνζφιλοσόφων
810 5634 1110 5701 διδαγμᾴτων
1130 5638 1251 5701 Reg.

278 5697 614 5811 τεῖαῐῶαέἓοε.
642 5697 833 5762 σι’ἱρεε
861 5697 1009 5753 3am.
1038 5714 1099 5750 cx
1127 5697 1331 5764 coxfject.
1362 5701 1414 5753 In
1456 5705 1602 5756 editis
1632 5707 1687 5755 τὰ
1724 5726 1857 5774 πρω-

1456 326 1535 383 .ΙΝ
1563 322 1869 380 GENESIM
1911 323 2144 382 SERMO
2184 327 2204 381 l

3385 334 3517 389 ὕει’

1921 446 2089 501 ὄντων
2132 450 2329 516 γένοιτ’
2366 453 2430 507 ἄν
2460 471 2531 517 τι,
2574 454 2740 524 (mai;
2772 454 2844 506 Σὺ
2889 452 2944 505 δέ
2982 469 3070 522 μοι
3109 451 3248 515 είπέ,
3286 451 3400 513 πῶς
3435 453 3493 517 ἐξ

1920 533 2088 589 ὅντων
2120 537 2327 604 γένοιτό
2354 557 2433 604 τι;
2467 541 2586 598 ’Ότι
2631 543 2727 611 μὲν
2770 541 2880 611 γὰρ
2909 540 2967 603 ἐξ
3012 540 3111 591 οὒκ
3140 538 3310 591 ὅντων
3348 542 3380 607 ἡ
3423 540 3494 607 γῆ

1921 623 2162 693 γέγονεν,
2191 628 2301 694 ἐγὼ
2341 629 2439 698 μὲν
2473 630 2738 695 πιστεύω,
2778 632 2842 684 σύ
2872 630 2929 684 δὲ
2968 628 3363 699 ἀμφιϐάλλεις·
3411 628 3495 681 ὅτι

1921 711 1977 763 δέ
2001 713 2065 764 ἐκ
2090 713 2193 782 γῆς
2215 714 2435 783 γέγονεν
2464 718 2764 787 ἄνθρωπος,
2790 717 3089 787 ἀμφότεροι
3108 715 3494 786 ὁμολογοῦμεν.

1928 797 2057 851 Εἰπὲ
2091 800 2269 853 τοίνυν
2298 802 2360 854 τὸ
2395 804 2921 876 συνομολογοῦμενον
2963 806 3057 857 καὶ
3109 801 3497 874 εὐκολώτερον,

1927 884 2042 948 πῶς
2064 886 2172 939 ἀπὸ
2200 890 2300 960 τῆς
2330 889 2434 960 γῆς
2457 891 2647 960 γέγονε
2670 891 2871 963 σαρκὸς
2893 891 3072 960 φύσις.
3107 890 3239 943 Ἀπὸ
3264 891 3364 958 γῆς
3390 889 3500 958 γὰρ

1927 972 2116 1043 πηλὸς,
2152 975 2245 1028 καὶ
2293 976 2531 1042 πλίνθος,
2564 978 2657 1031 καὶ
2690 979 2950 1050 κέραμος,
2982 978 3075 1031 καὶ
3114 978 3377 1049 ὄστρακον
3416 976 3501 1043 γί-

1926 1078 2107 1114 νεται·
2161 1064 2340 1134 σάρκα
2384 1064 2440 1117 δὲ
2482 1066 2588 1117 ἀπὸ
2620 1066 2723 1135 γῆς
2760 1065 3050 1135 γινομένην
3078 1064 3251 1125 οὐδεὶς
3284 1062 3350 1117 ἂν
3404 1061 3501 1115 ίδοι

1929 1150 2079 1203 ποτέ.
2125 1150 2251 1214 Πῶς
2292 1146 2386 1205 οῦν
2431 1153 2623 1221 γέγονε
2659 1154 2860 1225 σαρκὸς
2912 1153 3100 1222 φύσις;
3160 1152 3277 1215 πῶς
3313 1150 3504 1203 ὀστοῦν

1928 1236 2221 1309 διεπλάσθη
2246 1255 2258 1304 ;
2284 1237 2400 1302 πῶς
2428 1239 2623 1311 νεῦρα;
2660 1240 2774 1304 πῶς
2804 1240 3031 1309 φλέϐες;
3064 1240 3179 1303 πῶς
3209 1239 3502 1310 ἀρτηρίαι;

1930 1324 2048 1388 πῶς
2089 1324 2251 1397 ὑμὴν,
2284 1327 2378 1380 καὶ
2409 1327 2583 1393 λίπος,
2615 1329 2708 1381 καὶ
2749 1328 2948 1398 σάρκες
2968 1327 3019 1392 ἀ,
3051 1327 3143 1379 καὶ
3181 1326 3379 1396 δέρμα,
3412 1327 3506 1378 καὶ

1930 1409 2140 1481 ὅνυχες,
2171 1414 2265 1466 καὶ
2316 1413 2523 1484 τρίχες,
2555 1416 2647 1467 καὶ
2673 1415 2907 1486 τοσαύτη
2948 1415 3191 1466 ποικιλία
3229 1412 3504 1481 διαφόρων

1930 1499 2126 1552 οὐσιῶν
2154 1500 2217 1552 ἐκ
2265 1502 2394 1571 μιᾶς
2426 1502 2524 1573 τῆς
2560 1502 2925 1572 ὑποκειμένης
2960 1502 3093 1571 γῆς;
3130 1500 3269 1563 Ἀλλ’
3314 1500 3413 1552 οὐκ
3442 1498 3509 1550 ἂν

1931 1585 2074 1659 ἔχοις
2107 1589 2300 1643 εἰπεῖν.
2334 1588 2458 1651 Πῶς
2481 1586 2575 1642 οῦν
2605 1590 2705 1642 οὐκ
2732 1590 2932 1643 ἄτοπον
2964 1588 3027 1641 τὸ
3054 1588 3387 1657 σαφέστερον
3420 1588 3511 1639 καὶ

1932 1672 2298 1746 εὐκολώτερον
2327 1677 2390 1744 άγ
2402 1674 2647 1742 νοοῦντα,
2671 1676 2730 1729 τὸ
2756 1676 3181 1745 δυσχερέστερον
3211 1674 3307 1728 καὶ
3339 1676 3510 1743 ἀπορ-

1935 1761 2124 1831 ρητότε
2135 1779 2226 1831 ρον
2260 1779 2327 1815 πε
2336 1780 2413 1833 ριε
2424 1765 2587 1834 ργάζε
2598 1764 2720 1818 σθαι
2745 1764 2840 1817 καὶ
2864 1764 2996 1817 πολυ
3006 1781 3151 1831 πραγ
3160 1780 3283 1833 μονε
3290 1765 3369 1826 ἶν;

2002 1847 2070 1917 γ’.
2095 1849 2283 1903 Βούλει
2304 1868 2365 1904 σε
2384 1852 2479 1904 καὶ
2491 1852 2575 1921 ἐφ’
2592 1852 2677 1905 ἓτε
2687 1868 2776 1922 ρον
2796 1852 2889 1905 καὶ
2914 1850 3277 1921 εὐκολώτερον
3298 1850 3510 1918 ἀγάγω,

1936 1939 2030 1991 καὶ
2059 1940 2180 1993 καθ’
2211 1942 2451 2011 ἑκάστην
2469 1942 2683 2012 ἡμέραν
2708 1941 3024 2011 γινόμενον;
3062 1940 3201 1993 Ἀλλ’
3222 1941 3369 2010 ὅμως
3393 1940 3515 1992 οὐδέ

1934 2029 2124 2082 τούτου
2159 2047 2249 2100 μοι
2287 2031 2380 2084 τὸν
2433 2031 2591 2098 λόγον
2630 2033 2766 2102 ἐρεῖ.
2818 2032 3018 2101 Ἀρτον
3049 2028 3339 2099 σιτούμεθα
3391 2029 3513 2081 καθ’

1937 2118 2174 2189 ἑκάστην
2216 2118 2448 2189 ἡμέραν.
2500 2119 2626 2181 Πῶς
2664 2115 2779 2184 οῦν,
2833 2118 2955 2171 εἰπέ
2992 2120 3177 2188 μοι,ἡ
3216 2117 3308 2168 τοῦ
3350 2116 3516 2186 ἄρτου

1938 2205 2099 2273 φύσις
2133 2205 2270 2277 αὕτη
2320 2209 2399 2268 είς
2443 2200 2583 2278 αἷμα
2636 2206 2956 2276 μεθίσταται
3005 2207 3098 2258 καὶ
3142 2204 3390 2274 φλέγμα,
3425 2206 3519 2256 καὶ

1938 2293 2119 2364 χολὴν,
2150 2295 2390 2357 καὶτοὺς
2417 2294 2638 2357 λοιποὺς
2667 2295 2724 2345 ἐν
2755 2295 2887 2364 ἡμῖν
2914 2293 3156 2364 χυμούς;
3194 2294 3252 2345 '0
3283 2293 3379 2362 μὲν
3412 2293 3520 2361 γάρ

1938 2382 2053 2433 ἐστι
2097 2381 2301 2444 πυκνὸς
2341 2382 2436 2435 καὶ
2482 2381 2746 2451 σκληρὸς,
2788 2380 2849 2433 τὸ
2894 2381 2949 2433 δὲ
3003 2375 3143 2451 αἷμα
3182 2381 3376 2449 χαυνὸν
3428 2380 3522 2431 καὶ

1936 2469 2207 2540 διαρρέον,
2232 2470 2326 2522 καὶ
2349 2470 2378 2521 ὁ
2411 2469 2508 2539 μὲν
2535 2469 2727 2532 λευκὸς
2748 2469 2780 2540 ἢ
2810 2469 3108 2538 σιτόχρους,
3134 2468 3195 2521 τὸ
3216 2468 3271 2519 δὲ
3294 2468 3522 2538 ἐρυθρὸν

1938 2559 2033 2610 καὶ
2059 2557 2243 2627 μέλαν.
2261 2559 2371 2611 Καὶ
2398 2557 2507 2610 τῶν
2532 2556 2705 2611 ἄλλων
2729 2557 2786 2611 δὲ
2816 2555 3118 2626 ποιοτήτων
3135 2555 3234 2617 τὰς
3259 2554 3522 2627 διαφορὰς

1940 2646 1992 2698 εί
2034 2664 2117 2708 τις
2166 2645 2416 2708 ἐπέλθοι,
2476 2646 2609 2697 πολὺ
2647 2644 2708 2697 τὸ
2742 2644 2903 2715 μέσον
2948 2644 3170 2713 εὑρήσει
3216 2642 3378 2713 ἄρτου
3427 2645 3524 2696 καί⁵

1940 2732 2188 2802 αἵματος.
2230 2732 2354 2795 Πῶς
2389 2728 2481 2784 οῦν
2512 2731 2684 2784 ταῦτα
2713 2731 2946 2799 γίνεται,
2988 2730 3107 2782 εἰπέ
3141 2747 3252 2800 μοι,
3304 2730 3397 2782 καὶ
3433 2729 3524 2782 τὸν

1940 2821 2095 2889 λόγον
2124 2820 2340 2883 ἀπόδος.
2388 2819 2525 2872 Ἀλλ’
2557 2820 2656 2871 οὐκ
2700 2818 2765 2873 ἂν
2800 2819 2963 2888 ἔχοις.
2997 2816 3129 2871 Εἶτα
3176 2819 3384 2889 τροφῆς
3425 2820 3524 2888 τῆς

1940 2909 2063 2962 καθ’
2094 2909 2306 2981 ἡμέραν
2337 2908 2726 2979 ἀλλοιουμένης
2764 2911 3067 2979 παρασχεῖν
3103 2909 3192 2961 τὸν
3226 2908 3381 2976 λόγον
3426 2908 3527 2961 οὐκ

1942 2998 2114 3070 ἔχων,
2147 2999 2246 3069 τῆς
2279 2998 2372 3051 τοῦ
2411 2996 2545 3051 Θεοῦ
2576 2997 2933 3069 δημιουργίας
2977 2999 3226 3059 ἀπαιτεῖς
3264 3014 3331 3068 με
3364 2996 3528 3051 εὐθύς-

1941 3103 2071 3151 νας;
2107 3088 2216 3140 Καὶ
2248 3085 2366 3149 πῶς
2387 3086 2487 3140 οὐκ
2512 3085 2745 3156 ἐσχάτης
2764 3086 2951 3148 ἀνοίας
2983 3085 3173 3150 τοῦτο;
3200 3084 3262 3138 Εἰ
3296 3087 3394 3156 μὲν
3417 3085 3527 3158 γάρ

1943 3174 2066 3230 καθ’
2087 3176 2237 3246 ἡμᾶς
2266 3176 2413 3228 ἐστιν
2441 3176 2469 3227 ὁ
2509 3175 2660 3240 Θεὸς,
2699 3174 2920 3228 ἀπαίτει
2956 3175 3063 3228 τῶν
3095 3175 3403 3245 γενομένων
3436 3176 3529 3229 τὸν

1942 3263 2097 3331 λόγον
2115 3281 2127 3292 ·
2158 3262 2358 3332 μᾶλλον
2390 3263 2446 3315 δὲ
2476 3263 2612 3334 μηδὲ
2640 3263 2782 3316 οὕτω
2799 3278 2815 3293 ·
2849 3262 3021 3316 πολλά
3046 3264 3156 3334 γὰρ
3176 3262 3287 3315 τῶν
3316 3262 3528 3336 ἀνθρω-

1944 3351 2075 3424 πίνῃ
2108 3350 2405 3422 γινομένων
2432 3352 2597 3424 τέχνῃ
2635 3351 2783 3415 ὅπως
2811 3351 3019 3419 γίνεται
3064 3353 3238 3404 είπεῖν
3267 3352 3365 3403 οὐκ
3407 3351 3527 3421 έχο-

1947 3455 2047 3508 μεν
2068 3455 2082 3468 ·
2110 3436 2245 3503 οἷον,
2276 3438 2393 3501 πῶς
2428 3440 2537 3491 ἀπὸ
2570 3439 2675 3508 γῆς
2714 3439 2811 3509 τῆς
2846 3441 2903 3492 ἐν
2930 3441 3042 3501 τοῖς
3073 3438 3356 3508 μετάλλοις
3395 3455 3528 3509 χρυ·-

1946 3532 2061 3585 σίου
2101 3530 2312 3599 γίνεται
2360 3528 2550 3597 φύσις·
2603 3529 2722 3592 πῶς
2754 3531 2834 3592 είς
2884 3528 3038 3581 ὐελοῦ
3085 3528 3435 3598 καθαρότητα
3493 3532 3527 3600 ἡ

1943 3621 2169 3691 ψάμμος
2205 3620 2524 3690 μεθίσταται
2546 3632 2591 3673 θ.
2626 3621 2733 3674 Καὶ
2754 3619 2917 3689 ἕτερα
2936 3618 3142 3674 τούτων
3162 3620 3275 3673 ἔστι
3309 3618 3527 3673 πλείονα

1946 3711 2142 3773 εἰπεῖν,
2163 3708 2200 3762 ἀ
2221 3707 2429 3777 γίνεται
2458 3709 2555 3778 μὲν
2586 3706 2900 3779 ἀνθρωπίνῃ
2937 3707 3121 3779 τέχνῃ,
3155 3708 3245 3761 τὸν
3282 3708 3338 3760 δὲ
3371 3708 3527 3776 λόγον

1946 3799 2045 3854 οὐκ
2081 3798 2237 3869 ἴσμεν
2260 3800 2442 3868 ἡμεῖς.
2478 3798 2624 3868 Πλὴν
2648 3798 2762 3851 ἀλλ’
2797 3800 2843 3851 εί
2874 3797 2973 3867 μὲν
3008 3797 3129 3851 καθ’
3164 3799 3311 3868 ἡμᾶς
3341 3799 3369 3849 ό
3395 3798 3529 3861 Θεός

1949 3887 2116 3948 ἐστιν,
2148 3884 2368 3937 ἀπαίτει
2402 3884 2591 3952 λόγον·
2633 3885 2682 3937 εί
2721 3884 2778 3937 δέ
2811 3884 3053 3955 ἀπείρως
3083 3885 3238 3955 ἡμῶν
3275 3886 3529 3954 διέστηκε

1951 3974 2046 4026 καὶ
2077 3971 2422 4041 ἀσυγκρίτως
2456 3972 2736 4043 ὑπερέχει,
2778 3973 2894 4035 πῶς
2935 3973 3035 4024 οὐκ
3079 3973 3313 4043 ἐσχάτης
3340 3972 3406 4025 ἂν
3442 3972 3532 4044 εἴη

1953 4061 2171 4131 μανίας,
2200 4061 2427 4132 ἄπειρον
2462 4061 2627 4114 αὐτοῦ
2654 4061 2747 4114 καὶ
2771 4061 2871 4131 τὴν
2898 4061 3089 4130 σοφίαν
3124 4060 3219 4114 καὶ
3246 4060 3342 4132 τὴν
3371 4060 3528 4115 δύνα-

1955 4168 2046 4221 μιν
2087 4149 2500 4220 ὁμολογοῦντας,
2537 4148 2629 4200 καὶ
2666 4147 2815 4201 θείαν
2863 4149 2955 4201 καὶ
2996 4147 3400 4217 ἀκατάληπτον,
3455 4148 3532 4211 ὡς

1952 4238 2080 4309 περὶ
2106 4237 2454 4308 ἀνθρωπίνης
2498 4237 2642 4302 τινὸς
2689 4235 2904 4307 τέχνης,
2948 4235 3091 4289 οῦτω
3133 4237 3253 4291 καθ’
3300 4237 3531 4291 ἕκαστον

1951 4328 2060 4380 τῶν
2092 4328 2391 4398 γινομένων
2430 4328 2680 4381 ἀπαιτεῖν
2714 4325 2943 4390 εὐθύνας
2987 4326 3185 4391 αὐτόν;
3236 4325 3395 4378 Ἀλλά
3421 4326 3531 4395 γὰρ

1952 4416 2181 4486 ἀφέντες
2224 4417 2349 4478 τοὺς
2375 4415 2698 4486 λογισμοὺς,
2730 4414 2822 4466 ἐπὶ
2864 4415 2960 4484 τὴν
2990 4412 3139 4485 [649]
3174 4411 3380 4482 πέτραν
3431 4414 3529 4463 ἐπ-

1952 4505 2264 4575 ανέλθωμεν
2290 4505 2389 4575 τὴν
2416 4504 2631 4576 ἀρραγῆ
2657 4520 2669 4532 ·
2703 4506 2805 4558 Ἐν
2828 4501 2987 4571 ἀρχῇ
3018 4501 3307 4569 ἐποίησεν
3330 4504 3363 4553 ὁ
3386 4502 3530 4568 Θεὸς

1951 4595 2059 4649 τόν
2087 4594 2348 4661 οὐρανὸν
2386 4593 2485 4648 zeal
2521 4593 2636 4660 τὴν
2679 4590 2816 4661 γῆν.
2862 4591 2984 4643 Ἐπὶ
3037 4589 3210 4660 τούτῳ
3253 4590 3411 4660 στῆθι
3451 4591 3530 4661 τῷ

1954 4681 2187 4753 θεμελίῳ
2207 4696 2220 4710 ·
2261 4682 2335 4751 μή
2368 4681 2452 4744 τίς
2477 4697 2536 4734 σε
2563 4681 2645 4742 είς
2671 4679 2948 4751 λογισμῶν
2968 4678 3324 4749 ἀνθρωπίνων
3358 4696 3530 4750 ταρα-

1953 4774 2054 4843 χὴν
2086 4774 2405 4845 καταγάγῃ·
2441 4772 2729 4843 Λογισμοὶ
2773 4773 2884 4840 γὰρ
2914 4768 3149 4838 θνητῶν
3186 4770 3397 4838 δειλοὶ,
3432 4771 3530 4825 zeal

1953 4861 2311 4931 ἐπισφαλεῖς
2334 4864 2393 4914 αἱ
2423 4861 2680 4914 ἐπίνοιαι
2709 4858 2928 4913 αὐτῶν.
2952 4859 3045 4931 Μή
3072 4859 3253 4914 τοίνυν
3281 4859 3341 4913 τὸ
3375 4861 3532 4932 στερ-

1956 4952 2049 5023 ρὸν
2078 4950 2096 4990 τ
2128 4951 2314 5021 ἀφεὶς,
2348 4949 2426 5020 τῷ
2455 4948 2641 5020 σαθρῷ
2679 4948 2773 5003 καὶ
2806 4948 3096 5019 ἐπισφαλεῖ
3126 4947 3224 5021 τὴν
3259 4949 3531 5020 σωτηρίαν

1954 5040 2266 5112 ἐγχειρίσῃς
2294 5039 2396 5111 τῆς
2425 5041 2527 5111 σῆς
2555 5037 2731 5109 ψυχῆς
2753 5053 2769 5068 ·
2806 5037 2942 5092 ἀλλά
2976 5038 3103 5109 μένε
3133 5039 3189 5090 ἐν
3221 5034 3301 5100 οἷς
3329 5036 3529 5107 ἔμαθες

1956 5134 2049 5185 καὶ
2068 5130 2396 5199 ἐπιστώθης,
2414 5128 2509 5182 καὶ
2529 5128 2654 5197 λέγε
2673 5144 2687 5158 ·
2718 5128 2821 5182 Ἔν
2845 5127 3004 5196 ἀρχῇ
3024 5127 3312 5194 ἐποίησεν
3330 5129 3362 5180 ὀ
3385 5125 3528 5191 Θεὸς

1954 5219 2063 5273 τὸν
2098 5218 2358 5289 οὐρανὸν
2391 5218 2491 5272 zeal
2537 5217 2653 5287 τὴν
2679 5216 2815 5287 γῆν.
2864 5216 2984 5270 Κᾶν
3025 5216 3324 5285 Μανιχαῖος
3356 5230 3528 5283 προσ-

1957 5308 2108 5381 έλθῃ,
2135 5308 2239 5362 κᾶν
2260 5307 2546 5379 Μαρκίων,
2564 5306 2664 5360 κᾶν
2687 5306 2736 5357 οί
2762 5303 2831 5357 τά
2851 5301 3204 5356 Οὐαλεντίνου
3226 5300 3528 5366 νοσοῦντες,

1956 5397 2057 5451 κᾶν
2082 5396 2328 5451 ὁστισοῦν
2354 5396 2561 5467 ἕτερος,
2589 5392 2746 5446 τοῦτο
2779 5389 3081 5462 προϐάλλου
3115 5388 3176 5441 τὸ
3215 5389 3367 5459 ῥῆμα
3388 5406 3400 5418 ·
3428 5386 3532 5441 κᾶν

1958 5488 2071 5559 ἴδῃς
2103 5486 2365 5555 γελῶντα,
2388 5487 2453 5538 σὺ
2482 5483 2747 5553 δάκρυσον
2771 5479 2933 5533 αὑτὸν
2954 5479 3029 5543 ὼς
3062 5478 3403 5551 μαινόμενον.
3422 5475 3532 5533 Πύ-

2020 5635 2045 5674 d
2074 5634 2221 5694 Ὗμήν
2246 5633 2324 5679 καὶ
2342 5630 2513 5694 πιμελή
2537 5628 2615 5676 καὶ
2629 5628 2809 5694 ράρκες
2832 5625 2956 5694 Regi.

2024 5700 2047 5727 °
2075 5685 2362 5744 Μὲθίσταται
2388 5685 2508 5753 Reg.
2541 5698 2594 5738 el
2624 5685 2759 5753 SaVii}
2785 5725 2798 5748 ,
2841 5688 3119 5753 καθίσταται
3144 5685 3318 5739 Morel.

2025 5756 2043 5797 ί
2070 5758 2194 5820 Reg.
2218 5755 2423 5818 στερεόν.
2451 5750 2577 5805 lhfra
2596 5752 2680 5799 κᾶν
2705 5750 2975 5814 Μανιχαῖος.
