3964 6426
259 408 369 470 585

261 529 363 594 ris,
387 531 446 580 tu
479 533 603 576 eum
631 523 690 570 ut
727 510 990 567 furentem
1020 498 1262 571 deplora.
1297 493 1536 549 Buxeum
1562 483 1639 540 illi
1661 479 1863 534 habent

263 571 363 594 ...η
392 571 446 580 ._
484 571 579 576 πη

263 621 502 677 colorem
529 653 546 679 ,
602 606 897 664 demissent
930 591 1301 667 supercilium,
1344 583 1628 640 verborum
1674 571 1856 629 mode-

262 712 423 769 stiam
470 699 764 775 prmfenmt
793 713 806 748 :
839 703 896 748 tu
924 663 1044 760 fuge
1089 682 1369 740 illecebras
1394 717 1410 742 ,
1438 685 1493 729 et
1541 672 1722 740 lupum
1767 663 1866 718 sub

263 757 582 868 ovis-“pelle
621 757 902 846 occultum
950 757 1318 850 deprehendo.
1370 769 1662 835 Propterea
1715 757 1863 811 illum

261 892 503 950 maxime
545 884 672 941 odio
707 880 927 939 habeas,
954 873 1076 944 quia
1115 868 1241 924 dum
1285 876 1409 932 erga
1451 868 1502 912 te
1547 861 1867 910 conservum

271 1165 612 1242 implacabile
633 1159 834 1216 bellum
863 1161 919 1208 et
945 1147 1188 1221 praelium
1215 1151 1407 1211 gerens
1427 1142 1616 1188 contra
1661 1126 1871 1186 catlum,

269 1271 328 1319 et
350 1217 673 1332 lpotestatem
715 1217 1000 1319 quamdam
1046 1239 1156 1292 Deo
1205 1240 1506 1302 opponens.
1551 1220 1698 1288 Fuge
1729 1217 1876 1269 virus

269 1349 599 1424 iniquitatis,
631 1316 929 1416 perniciosa
957 1333 1239 1404 pharmaca
1271 1321 1394 1377 odio
1423 1316 1561 1371 habe
1593 1330 1607 1367 :
1638 1319 1693 1365 et
1714 1320 1876 1377 quam

1102 1421 1133 1424 __
1494 1420 1598 1424 UA
1677 1400 1846 1424 MM

272 1462 307 1501 ιι
349 1400 592 1516 patribus
632 1400 896 1503 .accepisti
954 1400 1301 1480 hereditatem
1337 1454 1352 1479 ,
1407 1420 1604 1476 nempe
1673 1400 1881 1455 divina-

275 1557 398 1599 rum
425 1535 818 1604 Scripturarum
861 1521 1019 1576 fidem
1035 1525 1194 1584 atque
1221 1505 1519 1564 doctrinam
1539 1539 1554 1562 ,
1587 1497 1724 1550 hanc
1758 1505 1880 1545 cum

279 1631 447 1690 multa
486 1586 698 1682 cabtela
729 1617 921 1674 retine.
961 1609 1024 1664 In
1047 1603 1295 1679 principio
1323 1597 1439 1669 fecit
1466 1592 1607 1646 Deus
1632 1586 1813 1640 cwlum
1835 1590 1883 1636 et

281 1736 490 1780 terram.
516 1713 656 1783 Quid
689 1711 793 1766 hoc
819 1705 948 1763 est?
976 1673 1150 1773 primo
1175 1693 1366 1750 caelum
1400 1728 1413 1752 ,
1444 1694 1626 1757 pOSIea
1649 1673 1885 1734 terram?

281 1817 461 1889 primo
514 1816 712 1864 tectmn
744 1845 757 1868 ,
819 1808 1004 1870 postea
1056 1786 1272 1847 solum?
1322 1781 1439 1837 Non
1484 1775 1627 1832 enim
1683 1778 1886 1826 natum

281 1861 457 1889 νυν-η
519 1861 618 1864 --η
747 1861 756 1868 ι
821 1861 834 1870 .

280 1903 593 1966 necessitati
638 1896 880 1953 subditus
924 1896 1044 1953 est,
1099 1897 1206 1937 non
1263 1876 1399 1932 artis
1456 1867 1652 1942 regulis
1697 1861 1884 1920 servit.

284 2001 496 2060 Etenim
523 2004 577 2051 et
604 2000 808 2048 naturae
837 1994 892 2040 et
914 1980 1068 2043 artis,
1096 1985 1150 2031 et
1170 1985 1350 2029 rerum
1377 1963 1616 2022 omnium
1643 1957 1891 2012 voluntas

288 2096 386 2153 Dei
414 2089 592 2162 opifex
633 2081 932 2148 artifexque
956 2081 1057 2130 est.
1086 2069 1249 2123 Terra
1300 2070 1470 2115 autem
1497 2062 1603 2109 erat
1628 2047 1894 2106 invisibilis

286 2200 333 2247 et
356 2178 715 2251 incomposita.
746 2172 854 2227 Cur
901 2167 1092 2224 caelum
1145 2157 1440 2231 perfectum
1469 2143 1742 2220 produxit,
1787 2151 1896 2194 ter-

284 2294 406 2336 ram
456 2281 637 2329 autem
688 2263 941 2338 paulatim
991 2253 1315 2310 fabricatum
1369 2258 1491 2299 eum
1539 2252 1662 2294 esse
1707 2238 1894 2288 narrat

287 2364 542 2440 Moyses?
575 2361 646 2419 Ut
669 2367 950 2430 postquam
994 2349 1046 2403 in
1074 2336 1435 2417 prarstantiori
1466 2332 1734 2388 elemento
1777 2321 1895 2394 ejus

1179 2433 1199 2440 λ
1359 2427 1412 2440 ···
1491 2439 1500 2440 κ
1553 2417 1773 2440 nus—.4-
1803 2408 1867 2440 ῥυ.

295 2408 536 2440 ¹¹³ν1⁰ν”’
580 2408 826 2430 ν’ττννι
1077 2408 1095 2417 -

295 2464 551 2518 virtutem
590 2452 857 2509 didiceras
878 2486 893 2512 ,
939 2440 1138 2498 certior
1174 2433 1331 2488 fieres
1359 2427 1509 2482 illum
1552 2417 1776 2492 perinde
1803 2408 1898 2485 po-

293 2554 463 2609 tuisse
502 2558 697 2604 tcrram
728 2538 1014 2611 perfectam
1049 2527 1363 2602 producere,
1389 2514 1655 2572 nteanlum
1678 2511 1893 2564 fecerat.

297 2647 408 2705 Sed
439 2651 657 2716 propter
689 2645 740 2691 te
769 2645 822 2687 et
848 2598 1066 2700 propter
1087 2622 1314 2678 salutem
1340 2624 1482 2668 tuam
1503 2622 1608 2663 non
1639 2606 1720 2659 sic
1749 2598 1895 2654 fecit.

295 2705 603 2808 Quomodo,
661 2725 892 2797 inquies,
946 2724 1162 2789 propter
1217 2723 1306 2764 me
1361 2713 1414 2759 et
1453 2707 1672 2771 propter
1726 2705 1900 2747 meam

296 2825 574 2890 salutem?
601 2817 917 2879 Communis
941 2824 1124 2866 mensa
1156 2815 1209 2860 et
1235 2799 1406 2872 patria
1431 2804 1486 2850 et
1516 2790 1693 2846 nutrix
1717 2796 1768 2841 ct
1792 2799 1905 2838 ma-

298 2934 383 2983 ter
425 2919 666 2976 omnium
695 2919 780 2968 est
803 2921 964 2967 terra,
997 2901 1127 2957 urbs
1155 2907 1210 2951 et
1261 2891 1566 2961 sepulcrum
1595 2889 1898 2937 commune.

298 3014 510 3074 Etenim
545 3018 771 3075 corpora
813 3007 994 3054 nostra
1037 3007 1104 3047 ex
1133 2990 1245 3058 ipsa
1281 3024 1296 3048 ,
1330 2981 1558 3048 indeque
1587 2968 1905 3041 corporibus

300 3107 504 3166 nostris
529 3101 760 3159 sumitur
775 3095 1108 3151 alimentum,
1141 3083 1196 3137 in
1230 3081 1343 3149 ipsa
1369 3072 1674 3130 habitamus
1699 3073 1754 3119 et
1784 3075 1907 3116 ver-

302 3215 510 3263 samur,
537 3204 592 3252 et
623 3199 746 3264 post
770 3195 997 3243 mortem
1037 3179 1234 3233 iterum
1279 3171 1332 3225 in
1365 3169 1536 3237 ipsam
1565 3155 1904 3215 revertimur.

304 3293 386 3351 Ne
435 3291 616 3360 itaque
655 3299 721 3340 ex
763 3272 1081 3334 necessariis
1131 3266 1314 3322 usibus
1361 3260 1530 3329 ipsam
1577 3252 1697 3323 plus
1749 3261 1908 3317 quam

306 3336 386 3351 ιιν
436 3336 612 3360 ’νυ-νιν--
664 3336 720 3340 ,νγ

306 3401 411 3460 par
437 3389 556 3439 erat
599 3373 898 3435 mirareris,
944 3378 1082 3420 neve
1128 3353 1514 3414 beneficiorum
1563 3343 1719 3413 copia
1774 3348 1825 3393 te
1853 3336 1908 3391 in

1281 3447 1293 3460 ‘
1373 3447 1506 3460 ·-““⁶
1587 3435 1756 3460 :nnnm
1815 3427 1908 3460 I:‘\:

308 3427 644 3546 impietatem
677 3460 1016 3537 pertraheret
1045 3467 1108 3507 ac
1142 3447 1511 3518 supplantaret
1533 3479 1547 3502 ,
1587 3435 1758 3504 ipsam
1815 3427 1911 3484 tibi

308 3521 641 3546 '"'I"""'"'"'
681 3521 697 3537 ι

308 3569 464 3642 prius
485 3561 770 3618 informem
798 3561 853 3608 et
877 3541 1286 3614 incompositam
1311 3532 1568 3595 declarat,
1600 3537 1660 3580 ut
1685 3523 1801 3592 ejus
1831 3521 1915 3575 in-

1012 3639 1021 3642 “
1120 3636 1128 3642 ¹
1410 3622 1485 3642 καε
1539 3614 1786 3642 -ι-ΑᾹ..ι.ἶσ
1862 3621 1913 3642 ιιι

311 3614 564 3714 firmitate
593 3653 902 3716 conspecta,
953 3636 1166 3694 mireris
1220 3645 1344 3686 eum
1399 3622 1488 3694 qui
1539 3614 1810 3689 produxit,
1861 3621 1916 3666 et

314 4027 483 4085 etiam
513 4037 607 4094 per
636 4018 902 4088 optimum
933 4009 1056 4063 vitae
1104 4003 1408 4058 institutum
1460 4012 1474 4046 :
1518 3991 1710 4044 Luceat
1751 3984 1914 4050 enim,

317 4117 516 4189 inquit,
566 4113 658 4167 luat
697 4117 862 4164 vestra
890 4116 1062 4158 coram
1084 4091 1396 4154 hominibus,
1452 4093 1508 4138 ut
1537 4081 1735 4136 videant
1765 4091 1922 4145 Opera

1649 4173 1660 4184 ⁸
1695 4171 1707 4189 9
1731 4188 1736 4189 γ
1795 4167 1921 4189 -_.L'-

318 4167 414 4189 ..-Ἰ
427 4167 516 4182 __-,

315 4218 487 4269 vestra
511 4209 672 4272 bona,
699 4211 744 4258 et
771 4197 1052 4272 gloriﬁcent
1079 4190 1286 4244 Patrem
1311 4189 1550 4243 vestrum,
1575 4173 1661 4244 qui
1689 4171 1743 4225 in
1784 4167 1922 4222 cwlis

319 4317 398 4363 est
424 4300 642 4377 (Matth.
667 4297 719 4353 5.
751 4291 864 4364 16).

398 4352 456 4455 ἰ.
479 4352 726 4452 ἶέᾷυἱαηὶ
754 4352 979 4458 episCOpi
1013 4371 1311 4433 Antiocheni
1337 4365 1537 4421 laudes.
1568 4389 1637 4400 -—
1663 4352 1922 4412 Volebam

325 4494 400 4551 de
430 4491 774 4556 eleemosyna
819 4485 1125 4533 sermonem
1153 4465 1388 4534 adjicere
1418 4476 1429 4509 :
1460 4464 1515 4508 at
1557 4450 1690 4506 mihi
1738 4459 1927 4514 super-

327 4589 496 4644 fluum
519 4595 639 4638 esse
661 4576 874 4632 videtur
900 4583 995 4624 vos
1027 4563 1190 4619 verbo
1219 4559 1415 4612 ducere
1436 4593 1450 4617 ,
1489 4561 1610 4603 cum
1667 4543 1712 4598 is
1740 4539 1829 4610 qui
1874 4538 1928 4592 in

329 4675 514 4736 medio
540 4671 693 4728 sedet
717 4658 1017 4721 communis
1061 4661 1212 4724 pater
1237 4657 1292 4702 et
1329 4644 1519 4698 doctor
1558 4644 1738 4691 uoster
1765 4627 1932 4700 possit

329 4783 434 4825 vos
461 4765 713 4836 operibus
739 4766 793 4813 et
839 4748 1094 4818 exemplo
1133 4740 1353 4798 erudire
1377 4777 1391 4804 ,
1421 4732 1511 4804 qui
1541 4744 1604 4784 ac
1644 4727 1687 4780 si
1714 4724 1931 4778 domum

332 4872 614 4936 paternam
644 4853 712 4907 ad
750 4852 852 4905 hoc
882 4843 1057 4900 solum
1109 4854 1138 4890 a
1168 4829 1463 4902 majoribus
1514 4819 1830 4888 accepisset,
1879 4819 1936 4867 ut

334 4916 363 4936 τ
379 4916 402 4918 η

333 4968 459 5010 eam
489 4945 786 5017 hospitibus
807 4929 1138 5005 excipiendis
1152 4925 1443 4997 praeberet,
1467 4916 1545 4969 sic
1573 4925 1691 4965 eam
1722 4918 1936 4975 semper

336 5047 412 5103 iis
441 5042 530 5114 qui
550 5000 647 5111 pi'o
671 5033 897 5090 veritate
921 5000 1194 5098 pelluntur
1207 5009 1529 5083 recipiendis
1549 5000 1855 5062 destinavit,
1883 5003 1942 5050 ut

339 5153 441 5197 eos
481 5133 729 5190 omnibus
770 5121 945 5180 modis
994 5117 1226 5174 foveret;
1255 5109 1328 5162 ita
1370 5113 1429 5158 ut
1481 5097 1716 5155 nesciam
1755 5100 1938 5146 utrum

339 5244 466 5289 eam
489 5226 627 5296 ejus,
649 5221 715 5276 ad
737 5211 1146 5290 peregrinorum
1173 5201 1391 5257 domum
1419 5189 1689 5263 appellare
1717 5199 1811 5254 par
1836 5182 1939 5248 sit;

1315 5289 1363 5296 ’³
1531 5283 1542 5295 ‘
1582 5281 1615 5296 -‘
1690 5294 1738 5296 κη
1767 5276 1809 5296 l—
1850 5272 1914 5296 ..ει

343 5272 466 5289 ””“⁴·’“·
491 5272 627 5296 *ιτ-τι
651 5272 714 5276 rw
739 5272 756 5290 ι
867 5272 898 5284 ν

343 5324 461 5382 imo
490 5317 668 5391 potius
697 5323 874 5367 annon
902 5319 964 5361 ea
995 5301 1136 5356 illius
1163 5308 1285 5350 esse
1315 5289 1436 5345 ideo
1461 5276 1817 5340 existimanda
1848 5272 1939 5342 sit,

347 5537 482 5580 Deus
499 5529 546 5576 et
567 5517 790 5576 materia,
817 5515 904 5565 lua:
927 5477 1950 5580 (ει-ιεηριυζιξζ

347 5540 482 5580 m
499 5540 546 5576 et
567 5540 790 5576 πιαιεηα,
817 5540 904 5565 tua;
927 5540 966 5562 cr
994 5540 1144 5558 ιωιιν.
1159 5540 1220 5554 νυ.
1257 5540 1341 5548 ν...-
1357 5540 1417 5546 ---
1611 5540 1622 5549 _
1767 5540 1779 5544 _

347 5587 596 5643 ’παίδων
620 5585 802 5643 δουναι
826 5583 880 5626 ει
900 5572 1099 5643 malum
1145 5573 1325 5643 Βοξιλιξη
1347 5547 1668 5643 ἓξὲξιὶὲηὲξῗὲξς
1681 5540 1950 5643 “stati:

347 5603 596 5643 mutum,
621 5603 802 5634 Donum
826 5603 880 5626 ci.
901 5603 1099 5622 ιιιαιιιιιι.
1146 5603 1325 5614 mm.-."
1350 5603 1373 5605 γ
1400 5603 1405 5604 ,

347 5649 602 5702 creavisse
643 5641 867 5696 dicebat,
909 5633 1074 5702 Epiph.
1113 5644 1159 5691 ιη.
1193 5609 1692 5702 βο4έηξῗξξέιξὲἱξ2ξ.

1284 5663 1492 5734 buxeum
1519 5671 1693 5722 habent
1714 5666 1802 5734 illi
1824 5663 1954 5734 colo-

352 5694 896 5764 annia‘adscribetiant.
923 5694 1238 5764 Paulopost,

353 5725 518 5764 ornata
538 5725 896 5757 mnuum“.
924 5725 1066 5746 ι-αιιω
1104 5725 1238 5754 vum,
1284 5725 1401 5734 μη--

353 5787 494 5833 rem;
517 5773 609 5822 hoc
628 5776 708 5833 est
728 5766 924 5817 ﬂavum,
950 5754 1176 5821 pallidum
1219 5747 1336 5797 buvi
1376 5742 1558 5810 instar:
1587 5735 1677 5783 hoc
1696 5731 1870 5780 dicitur
1888 5725 1953 5774 de

864 5829 873 5833 Α
939 5829 948 5833 -
1009 5818 1036 5833 --
1054 5831 1064 5833 ς
1087 5831 1094 5833 -
1145 5806 1509 5833 -ι-..-....,..ηηι-ηια
1573 5792 1952 5833 "utram-atii)an

358 5792 494 5833 rem;
518 5792 609 5822 ιιυυ
628 5792 708 5818 cal.
730 5792 924 5817 navum,
953 5792 1176 5821 γυνη-η...
1221 5792 1246 5797 --
1261 5792 1286 5795 ,-

358 5841 421 5889 lis
443 5838 526 5898 qui
557 5827 806 5898 simulate,
830 5829 884 5872 et
903 5803 1533 5898 utealips.circumveniant,
1573 5792 1952 5849 macet'atioucm

360 5881 420 5951 ἷῖ
435 5881 667 5960 pallidum
689 5886 877 5942 vultum
901 5881 1144 5934 affectant.

1038 371 1064 388 ”
1494 369 1557 432 1N
1598 359 1892 426 GENESIBI
1921 357 2152 418 Sillim)
2188 355 2253 414 ll.

3453 342 3562 400 583

1970 477 2095 544 quia
2125 466 2528 542 peregrinorum
2547 474 2650 522 est.
2682 461 2890 520 Etenim
2907 458 3191 516 facultates
3214 463 3411 524 nostrae
3435 466 3487 508 tu
3499 469 3568 508 ne

1973 567 2204 618 maxime
2233 569 2429 616 nostra:
2451 559 2604 625 fiunt,
2633 553 2848 625 quando
2875 566 2981 606 non
3009 549 3185 612 nobis,
3203 544 3298 601 sed
3319 543 3569 614 pauperi-

1973 657 2074 712 bus
2100 672 2190 712 eas
2221 652 2556 725 possidemus
2585 659 2641 704 et
2659 649 3051 716 dispensamus.
3083 638 3365 708 Quomodo
3388 645 3566 689 autem

1976 749 2078 804 hoc
2104 747 2194 813 sit,
2223 761 2324 817 ego
2349 744 2548 800 dicam.
2579 741 2636 798 Si
2683 739 2751 795 ad
2787 737 3065 793 dexteram
3097 731 3346 803 pauperis
3373 742 3570 796 argen-

1978 853 2088 896 tum
2119 841 2379 911 depunas,
2415 853 2522 891 non
2568 835 2896 908 sycophanta
2930 829 3152 894 invadit,
3201 840 3306 879 non
3360 819 3572 875 invidus

1977 933 2168 988 oculus
2197 931 2432 1001 respicit,
2465 943 2570 984 non
2601 927 2708 992 fur,
2740 941 2844 980 non
2885 923 3145 994 parietum
3177 918 3401 972 cffossor
3431 913 3574 966 abri-

1980 1027 2076 1097 pit,
2111 1041 2218 1080 non
2259 1037 2449 1078 servus
2477 1036 2544 1076 eo
2578 1020 2758 1074 ablato
2784 1016 2960 1087 fugam
2991 1013 3152 1068 facit:
3188 1025 3308 1063 nam
3342 1008 3429 1062 illa
3486 1022 3578 1072 pe-

1979 1134 2083 1174 nus
2120 1132 2247 1173 vere
2275 1117 2483 1187 asylum
2521 1122 2626 1169 est.
2666 1111 2724 1167 Si
2768 1118 2945 1164 autem
2977 1106 3122 1160 domi
3151 1101 3415 1165 defodias,
3445 1097 3578 1158 furi,

1982 1225 2258 1266 murorum
2285 1206 2549 1272 eﬂossori,
2571 1203 2772 1270 invi-lo,
2799 1200 3164 1272 sycophantae,
3190 1207 3367 1257 servo,
3391 1199 3445 1244 et
3468 1188 3578 1242 cui-

1985 1305 2116 1359 libet
2157 1301 2413 1373 perniciei
2470 1314 2660 1353 aurum
2705 1306 2854 1350 tuum
2903 1291 3194 1349 obnoxium
3239 1286 3388 1342 facis.
3424 1284 3579 1350 Saepe

1985 1396 2200 1463 accidit,
2233 1403 2291 1449 ut
2312 1393 2492 1464 jauuis
2520 1400 2576 1446 et
2605 1389 2847 1445 vectibus
2891 1385 3077 1440 multis
3103 1378 3366 1451 oppositis
3393 1383 3580 1432 exter-

1987 1504 2177 1544 norum
2226 1487 2419 1541 damna
2467 1482 2708 1553 pecunia:
2762 1477 3002 1541 vitarint,
3051 1473 3147 1528 sed
3203 1467 3581 1541 penuariorum

1988 1597 2180 1638 manus
2213 1595 2319 1634 non
2346 1577 2665 1647 effugerint,
2697 1573 2826 1644 ipsis
2856 1585 2978 1625 cum
3005 1567 3231 1639 pecunia
3265 1559 3584 1630 aufugienti-

1992 1678 2111 1732 bus,
2147 1673 2308 1729 Vides
2357 1679 2482 1726 tunc
2512 1684 2612 1724 nos
2653 1682 2780 1722 vere
2816 1663 3129 1718 facultatum
3161 1665 3461 1712 nostrarum
3491 1650 3590 1706 do-

1991 1770 2167 1825 minos
2195 1781 2336 1831 esse,
2360 1779 2482 1818 cum
2513 1775 2606 1816 eas
2635 1757 2777 1830 apud
2823 1767 3086 1825 pauperes
3115 1749 3454 1820 deponimus.
3479 1742 3586 1798 Ne-

1993 1878 2095 1933 que
2123 1852 2381 1915 custodia:
2401 1854 2574 1909 solum
2599 1849 2767 1921 gratia
2792 1847 2878 1901 hic
2901 1845 3065 1899 tutior
3081 1841 3230 1895 locus
3257 1846 3362 1902 est,
3395 1833 3486 1890 sed
3505 1842 3590 1888 cst

1994 1955 2154 2010 etiam
2201 1948 2420 2019 majoris
2449 1943 2579 1999 lucri
2627 1951 2680 1996 et
2717 1945 3009 2009 proventus
3048 1946 3226 1989 causa.
3258 1928 3388 1982 Nam
3416 1926 3459 1979 si
3491 1927 3590 1978 ho-

1997 2045 2130 2098 mini
2179 2038 2486 2102 fmnereris,
2519 2032 2870 2089 centesimam
2897 2024 3134 2093 accipis:
3184 2021 3228 2075 si
3271 2027 3449 2072 autem
3481 2014 3592 2068 Deo

1999 2152 2094 2207 per
2117 2146 2405 2204 pauperem
2457 2124 2764 2187 fueuereris,
2794 2121 2903 2189 jam
2936 2133 3044 2172 nou
3085 2111 3462 2169 centesimam,
3495 2107 3589 2162 sed

1999 2224 2306 2293 centuplum
2336 2217 2588 2287 accipies.
2622 2213 2677 2269 Si
2701 2213 2753 2267 iu
2785 2209 2945 2265 feraci
2986 2220 3134 2262 seras
3165 2216 3292 2273 agro
3314 2241 3328 2263 ,
3371 2208 3424 2254 et
3449 2197 3590 2262 larga

2001 2332 2158 2388 seges
2184 2313 2366 2377 fuerit,
2400 2306 2688 2376 decuplum
2713 2301 2936 2358 seminis
2961 2300 2976 2329 ¹
3021 2294 3264 2358 referas;
3295 2291 3340 2346 si
3378 2290 3431 2343 in
3461 2287 3597 2342 caelo

2002 2425 2172 2476 seras,
2218 2416 2500 2478 postquam
2544 2398 2861 2468 centuplum
2918 2390 3214 2459 acceperis,
3247 2387 3408 2439 vitam
3437 2382 3597 2436 etiam

2003 2516 2281 2568 asternam,
2311 2508 2650 2570 perpeluam,
2683 2485 3041 2546 immortalem
3063 2477 3382 2552 possidebis.
3415 2473 3483 2528 Et
3513 2471 3602 2526 hic

2003 2690 2251 2762 jaciunt;
2286 2686 2396 2740 illic
2423 2697 2554 2738 vero
2595 2679 2712 2733 sine
2763 2683 2964 2733 aratro,
3005 2667 3200 2728 bobus,
3231 2659 3500 2732 agricolis,
3548 2666 3604 2710 et

2006 2782 2224 2853 reliquis
2250 2776 2540 2840 laboribus,
2568 2773 2710 2842 jacta
2737 2765 2940 2822 semina
2960 2759 3251 2832 pullulant;
3275 2769 3380 2808 non
3403 2759 3590 2814 mstus,

2009 2892 2116 2932 non
2144 2871 2337 2944 pluvia:
2361 2868 2562 2931 nimim,
2587 2879 2694 2918 non
2727 2873 2914 2923 eruca,
2942 2854 3025 2908 vel
3072 2849 3302 2922 grando,
3336 2843 3418 2898 vel
3451 2844 3598 2897 locu-

2009 2978 2214 3024 starum
2244 2977 2457 3035 agmen,
2484 2957 2570 3013 vel
2619 2953 2905 3011 ﬂuviorum
2937 2942 3315 3002 inundationes
3341 2979 3354 3002 ,
3386 2934 3471 2990 vel
3501 2949 3607 2988 ca:-

2012 3072 2124 3119 tera
2164 3053 2471 3128 hujusmodi
2517 3044 2803 3114 metuenda
2833 3049 2958 3098 sunt
3007 3033 3245 3097 serenti;
3274 3028 3368 3084 sed
3393 3042 3512 3098 qu-.e
3536 3023 3606 3078 ibi

2006 3154 2149 3225 jacta
2177 3158 2304 3204 sunt
2343 3145 2571 3208 semina,
2597 3138 2730 3194 nulli
2761 3130 3018 3206 perniciei
3043 3134 3168 3183 sunt
3195 3120 3444 3180 obnoxia.
3473 3117 3607 3171 Cum

2013 3245 2172 3316 igitur
2199 3256 2299 3296 nec
2329 3237 2480 3293 labor
2505 3277 2520 3302 ,
2545 3246 2645 3288 nec
2671 3227 2990 3300 periculum,
3021 3236 3120 3276 nec
3149 3215 3404 3287 suSpicio,
3438 3223 3610 3279 neque

2009 3335 2216 3407 jactura
2238 3300 2513 3402 qumpiani
2535 3322 2710 3386 adsit;
2741 3317 2834 3374 sed
2861 3317 3008 3386 jacto
3033 3309 3238 3366 semine
3266 3307 3424 3374 longe
3457 3300 3610 3371 plura

2015 3435 2323 3491 nascantur,
2371 3429 2427 3476 et
2481 3426 2624 3473 tanta
2675 3413 2802 3467 hinc
2853 3406 3113 3478 pullulent
3157 3400 3318 3462 bona,
3375 3394 3499 3460 Quae
3523 3407 3613 3445 nec

2017 3521 2194 3577 oculus
2233 3516 2394 3581 vidit,
2433 3527 2521 3566 nec
2567 3507 2706 3561 auris
2755 3500 2972 3562 audivit,
3018 3510 3107 3548 nec
3154 3493 3207 3544 in
3245 3504 3332 3542 cor
3388 3483 3608 3537 hominis

2019 3613 2354 3669 ascenderunt
2386 3608 2464 3678 (1.
2493 3603 2613 3658 Cor.
2642 3600 2697 3654 2.
2740 3597 2795 3668 9)
2833 3614 2847 3648 :
2877 3605 3056 3648 annon
3107 3595 3362 3642 extrema:
3392 3577 3614 3649 ignavia:

2023 3705 2199 3771 fuerit,
2241 3702 2434 3756 relicto
2480 3694 2710 3765 majore,
2745 3688 2796 3744 id
2825 3684 2968 3757 quod
3024 3680 3202 3736 minus
3231 3683 3314 3730 est
3345 3669 3613 3743 persequi,

2021 3809 2168 3856 eteo
2211 3793 2355 3864 quod
2409 3798 2583 3845 tutum
2615 3793 2731 3841 erat
2785 3781 3028 3840 deserto,
3087 3774 3312 3832 incerta,
3368 3761 3618 3834 periculis

2025 3893 2200 3961 plena,
2231 3896 2284 3940 et
2311 3879 2618 3938 infortuniis
2648 3873 2833 3929 multis
2874 3865 3105 3924 obnoxia
3134 3859 3324 3916 adire?
3349 3857 3481 3922 Quae
3523 3869 3617 3906 no-

2023 3984 2105 4038 bis
2133 3979 2284 4034 venia
2315 3975 2369 4029 id
2397 3969 2701 4044 agentibus,
2743 3978 2862 4034 qua:
2899 3956 3173 4025 excusatio
3195 3954 3219 4006 ?
3245 3951 3617 4019 Paupertatem

2024 4072 2365 4132 obtendimus
2414 4085 2426 4121 :

2026 4186 2145 4242 quas
2168 4182 2291 4222 cum
2320 4163 2427 4216 duo
2467 4130 2643 4213 solum
2675 4130 2884 4208 minuta
2937 4145 3184 4207 haberet,
3215 4139 3331 4192 hazc
3378 4130 3624 4202 deposuit

2029 4221 2299 4335 ZLuc.E’.l.
2329 4254 2421 4325 9.).
2457 4248 2607 4306 Illius
2638 4247 2822 4314 itaque
2868 4237 3082 4295 divitias
3127 4229 3462 4287 aemulemur.
3507 4221 3626 4276 imi-

2033 4368 2206 4412 temur
2227 4345 2488 4422 propositi
2516 4333 2970 4411 magnilicentiam
2997 4372 3010 4392 ,
3041 4336 3098 4382 ut
3123 4321 3356 4392 reposita
3380 4317 3456 4371 illi
3483 4315 3623 4368 bona

2029 4457 2423 4515 consequamur
2453 4457 2466 4492 :
2498 4450 2618 4506 qua:
2671 4444 2770 4484 nos
2811 4437 3001 4480 omnes
3042 4414 3268 4485 adipisci
3318 4409 3618 4474 contingat,

2031 4499 2286 4614 gratia'et
2308 4499 2637 4600 benignitate
2667 4517 2880 4576 Domini
2908 4510 3077 4569 nostri
3101 4507 3229 4563 Jesu
3253 4499 3475 4564 Christi,
3505 4510 3626 4550 cum

2034 4588 2140 4705 :qu
2175 4588 2341 4691 Patri,
2395 4588 2663 4686 simulque
2706 4618 2894 4666 sancto
2925 4600 3172 4673 Spiritui,
3222 4592 3414 4666 gloria,
3463 4588 3632 4656 impe-

2035 4725 2394 4793 riunt,honor,
2423 4729 2563 4771 nunc
2583 4719 2638 4766 et
2661 4717 2896 4774 seraper,
2918 4698 3040 4755 etin
3063 4690 3264 4749 saecula
3284 4683 3629 4743 saeculorum.

2039 4823 2232 4880 Amen.

2671 4907 2898 4970 SERMO
2937 4905 2998 4961 il.

2044 5047 2146 5104 Cur
2173 5045 2227 5097 in
2251 5039 2356 5095 sole
2386 5046 2432 5090 et
2460 5035 2580 5087 tuna
2608 5039 2653 5082 et
2680 5026 2804 5080 uelo
2825 5032 2870 5076 et
2901 5018 3022 5073 aliis
3050 5013 3233 5068 dixerit
3263 5023 3280 5061 :
3311 5005 3444 5065 Fiat,
3471 5004 3522 5054 in
3546 5001 3639 5053 h0~

2118 5137 2252 5191 mine
2301 5139 2488 5193 autent,
2535 5121 2852 5180 Faciamus;
2897 5120 2946 5167 et
2973 5107 3220 5180 quidnam
3263 5100 3326 5156 sit
3369 5095 3523 5160 illud,
3555 5091 3637 5146 Ad

2122 5229 2406 5298 imaginem
2439 5219 2590 5293 (Gen.
2628 5217 2680 5270 1.
2703 5213 2756 5268 3.
2787 5210 2841 5266 6.
2870 5207 2941 5260 26
2962 5203 3005 5277 ).

2127 5347 2179 5400 1.
2219 5342 2308 5397 Vis
2337 5333 2584 5394 orationis
2632 5324 2894 5381 Ecclesia.
2922 5346 2991 5358 -—-
3017 5306 3286 5380 Numquid
3325 5299 3646 5358 meministis

2054 5438 2431 5513 quaestionum,
2465 5439 2586 5498 qua:
2629 5417 2782 5474 vobis
2833 5425 3004 5481 nuper
3041 5415 3165 5459 sunt
3209 5392 3540 5473 propositm?
3589 5389 3644 5443 lu

2057 5483 2431 5513 ἰυυυν--η---πη
2484 5483 2495 5498 .

2057 5539 2258 5589 tantam
2313 5523 2457 5580 enim
2487 5510 2843 5584 arrogantiam
2869 5514 2924 5561 et
2949 5499 3224 5556 audaciam
3266 5507 3366 5548 nos
3404 5483 3652 5560 provexi-

2057 5629 2174 5694 Stis,
2208 5633 2266 5680 ut
2290 5615 2614 5691 qumstiones
2641 5599 2912 5674 intrepide
2940 5593 3316 5668 aggrediamur
3347 5600 3361 5638 :
3396 5583 3504 5636 imo
3547 5589 3651 5630 nec

2061 5665 2174 5694 ουδ’
2210 5665 2266 5680 ν’
2290 5665 2530 5691 *ν--ηπυ
2787 5665 2803 5674 .
2979 5665 2996 5668 ,
3015 5665 3028 5666 γ

2061 5718 2301 5778 audacia:
2329 5723 2430 5768 nec
2456 5699 2785 5772 arrogantiae
2811 5694 2865 5750 id
2895 5690 3105 5748 facinus
3131 5689 3233 5740 est.
3263 5675 3381 5732 Non
3411 5670 3555 5730 enim
3576 5665 3649 5721 vi-

2132 5843 2148 5872 t
2186 5845 2322 5899 avg,
2343 5820 2598 5888 decuplum
2612 5811 2829 5877 seminis,
2841 5807 2919 5862 vel
2943 5803 3012 5859 bis
3034 5794 3237 5873 decupl'.‘
3251 5805 3286 5822 α·

2469 4072 2523 4118 at
2573 4057 2922 4132 pauperiores
2951 4066 3057 4106 non
3102 4059 3287 4102 sumus
3318 4040 3477 4094 vidua
3508 4037 3620 4101 illa,
3653 4080 3669 4119 ἐ.

3653 4093 3664 4119 l
