3964 6420
409 357 510 414 587

413 473 563 529 ribus
589 468 788 526 nostris
813 465 1144 523 conﬁdentes
1169 505 1182 528 ,
1217 461 1313 517 sed
1339 460 1638 516 antistitum
1663 455 1916 530 precibus
1937 467 2000 508 ac

413 566 602 622 vestris
647 562 826 620 omnia
853 560 1248 617 committentes
1274 555 1341 610 ad
1367 554 1598 610 stadium
1631 565 1730 606 nos
1759 547 2002 605 accinxi-

408 675 549 716 mus.
577 657 748 714 ‘l'auta
777 669 941 726 porro
969 654 1049 707 vis
1077 660 1158 707 est
1187 665 1406 722 precum
1439 647 1697 703 Ecclesia:
1720 687 1734 712 ,
1769 652 1830 700 ut
1876 642 2002 697 licet

409 753 577 824 magis
600 751 730 806 muti
757 763 914 820 quam
962 744 1166 814 lapides
1193 757 1457 809 essemus,
1493 753 1667 810 penna
1697 737 1888 809 quavis
1926 735 2003 790 le-

412 847 617 902 viorem
641 843 875 912 linguam
912 847 1151 894 nostram
1183 836 1442 894 efﬁciant.
1474 833 1605 888 Nam
1645 831 1783 886 sicut
1808 829 1859 884 in
1889 841 2003 884 me-

407 939 494 995 dia
521 936 643 992 navi
674 933 915 991 incidens
935 932 1050 987 vela
1075 928 1343 1001 zephyrus
1374 926 1565 998 sagitta
1591 923 1826 979 velocius
1847 935 2000 992 cym-

417 1032 540 1086 bam
568 1037 846 1100 promovet
879 1045 894 1082 :
922 1027 999 1082 sic
1033 1035 1088 1080 et
1134 1027 1188 1078 in
1240 1024 1475 1093 linguam
1503 1017 1731 1074 dicentis
1758 1014 1999 1069 incidens

1181 343 1235 401 S.
1276 341 1552 400 JOANNIS
1578 333 2052 397 CHRYSOSTOMI
2095 333 2412 394 ARCHIEP.
2453 337 2984 400 CONSTANTI’NOP.

2108 451 2290 546 homo,
2319 455 2472 526 cujus
2490 457 2561 514 ita
2593 457 2732 517 Deus
2760 461 2985 520 salutem
3010 465 3298 537 adamavit,
3321 478 3381 526 ut
3411 487 3482 528 ne
3509 475 3698 546 υιιίες-

2107 544 2218 601 nito
2257 547 2471 618 quidem
2501 563 2602 608 suo
2629 561 2848 622 propter
2875 569 2999 614 eum
3029 570 3308 626 parceret:
3356 577 3534 633 neque
3560 544 3716 624 enim

2105 636 2281 690 omnia
2320 648 2577 708 prtestare
2615 643 2897 714 molirique
2945 645 3168 716 destitit,
3213 649 3394 714 donec,
3434 653 3492 709 in
3539 654 3701 709 altum

2104 737 2346 784 evectum
2377 731 2429 787 in
2461 745 2557 788 sua
2581 733 2803 792 dextera
2845 737 3145 796 collocavit.
3181 741 3471 800 Enimvero
3508 745 3704 804 clamat

2105 819 2158 876 id
2184 821 2380 878 Paulus
2405 823 2591 882 dicens
2615 845 2628 881 :
2656 827 3078 887 Conresuscitnsit
3103 844 3150 889 et
3177 837 3446 895 comedere
3469 841 3589 911 fecit
3614 859 3704 900 nos

408 1094 583 1179 oratio
613 1119 890 1186 Ecclesiae,
918 1115 1290 1172 vehementius
1313 1127 1472 1183 quam
1501 1109 1768 1181 zephyrus
1789 1121 1998 1162 sermo-
2103 1094 2211 1152 indi

414 1230 537 1270 nem
564 1221 861 1287 promovet.
895 1210 1184 1279 Propterea
1232 1220 1332 1261 nos
1361 1205 1520 1260 etiam
1552 1200 1792 1273 quotidie
1826 1198 1997 1255 couti-

408 1305 598 1362 denter
645 1303 712 1359 ad
771 1309 1042 1358 certamen
1082 1314 1180 1354 nos
1234 1295 1582 1366 accingimus.
1633 1292 1691 1348 Si
1747 1291 1889 1346 enim
1943 1289 1996 1343 iu

403 1396 643 1454 externis
693 1393 1072 1451 certaminibus
1101 1391 1366 1462 quispiam
1398 1429 1413 1455 ,
1443 1388 1530 1443 cui
1559 1387 1746 1442 decem
1792 1393 1998 1440 tantum

403 1497 497 1543 aut
518 1488 700 1560 viginti
729 1486 928 1542 fuerint
956 1485 1110 1539 amici
1140 1484 1192 1538 in
1241 1491 1396 1538 tanto
1417 1481 1631 1552 populo,
1678 1479 1924 1534 alacriter
1944 1477 1995 1532 in

405 1598 623 1639 arenam
649 1581 925 1638 descendit
957 1597 970 1632 :
1001 1579 1168 1634 multo
1195 1578 1362 1648 magis
1388 1590 1506 1643 nos,
1557 1575 1646 1646 qui
1675 1587 1781 1628 non
1808 1572 1996 1628 decem

405 1685 494 1729 aut
524 1674 731 1745 viginti,
790 1671 884 1729 sed
917 1681 1086 1728 totum
1115 1670 1382 1725 theatrum
1431 1683 1497 1722 ex
1538 1665 1786 1721 fratribus
1834 1665 1998 1734 patri-

404 1767 609 1837 busque
661 1764 948 1820 conﬂatum
991 1763 1267 1825 habemus,
1299 1759 1631 1817 conﬁdenter
1674 1758 1727 1813 id
1753 1771 1991 1828 agemus.

403 1857 636 1913 Tametsi
658 1857 710 1911 in
738 1858 979 1912 externis
995 1853 1379 1911 certaminibus
1397 1867 1502 1908 non
1527 1851 1755 1906 multum
1780 1848 1998 1920 prodest

402 1948 618 2003 athlctm
671 1948 898 2004 certanti
955 1955 1244 2018 spectator,
1293 1945 1393 2001 nisi
1445 1943 1584 1999 forte
1612 1952 1671 1998 ut
1699 1943 1897 1998 clamet
1942 1950 1998 1995 et

402 2039 585 2097 laudet
635 2055 756 2111 quae
801 2050 1081 2110 geruntur,
1126 2047 1180 2094 et
1224 2039 1277 2092 in
1321 2035 1584 2108 superiori
1637 2036 1756 2090 loco
1803 2032 1998 2088 sedens

402 2148 523 2189 cum
579 2131 685 2187 illis
728 2131 1038 2197 contendat,
1083 2131 1174 2200 qui
1212 2128 1583 2184 contradicunt
1614 2145 1629 2180 :
1659 2125 1711 2180 in
1766 2124 1997 2180 stadium

402 2241 529 2280 vero
574 2223 922 2289 descendere,
956 2237 1278 2292 manumque
1305 2221 1598 2290 porrigere,
1627 2217 1714 2275 vel
1741 2217 1996 2273 adversa-

401 2316 465 2371 rii
515 2315 704 2388 pedem
759 2313 1005 2380 trahere,
1055 2312 1141 2368 vel
1193 2311 1338 2366 aliud
1389 2309 1654 2381 ejusmodi
1723 2307 1996 2378 quidpiam

400 2424 580 2480 agere,
613 2407 834 2462 minime
863 2406 1004 2462 licet.
1056 2405 1158 2474 Qui
1202 2404 1346 2460 enim
1389 2403 1458 2459 ab
1505 2402 1657 2457 initio
1701 2401 1993 2457 certamina

399 2502 490 2556 illa
516 2501 926 2563 constituerunt,
956 2499 1128 2554 acutis
1170 2498 1305 2568 palis
1333 2495 1545 2561 defixis,
1579 2509 1643 2550 ac
1689 2494 1905 2549 funibus
1935 2493 1988 2547 in

397 2607 586 2666 gyrum
611 2590 850 2647 extensis
877 2598 1243 2661 spectatorum
1290 2587 1552 2642 insaniam
1597 2594 1803 2641 arcent.
1854 2583 1994 2652 Quid

399 2698 531 2738 vero
556 2683 774 2750 mirum,
807 2682 853 2737 si
881 2681 1211 2738 descendere
1235 2680 1522 2750 spectaturi
1549 2695 1657 2733 non
1690 2679 1836 2744 licet,
1869 2693 1992 2732 cum

403 2785 458 2833 et
483 2777 750 2846 palaestra:
797 2774 1111 2844 magistrum
1134 2772 1359 2843 jubeant
1383 2772 1513 2826 foris
1540 2771 1816 2827 sedentem
1841 2769 1991 2839 juxta

401 2880 622 2920 arenam
651 2906 664 2930 ,
721 2879 752 2919 a
803 2865 960 2936 longe
1009 2864 1339 2920 certantibus
1382 2863 1642 2918 doctrina:
1691 2862 1989 2920 subsidium

395 2957 660 3031 praebere,
689 2972 858 3030 prope
897 2972 1027 3013 vero
1056 2971 1162 3012 non
1190 2957 1372 3011 sinant
1397 2955 1694 3012 accedere?
1737 2954 1838 3011 llic
1866 2970 1995 3011 vero

396 3067 505 3108 non
535 3052 606 3106 ita
654 3050 748 3117 lit;
779 3049 877 3107 sed
906 3059 963 3106 et
1002 3049 1208 3106 doctori
1238 3059 1293 3106 et
1330 3049 1620 3120 spectatorl
1650 3047 1777 3105 licet
1800 3048 1867 3103 ad
1897 3063 1996 3104 nos

395 3143 748 3212 descendere,
803 3152 962 3215 atque
990 3142 1184 3201 aﬂ‘ectu
1227 3158 1395 3216 prope
1434 3143 1668 3210 adstare,
1717 3142 1995 3214 precibus-

397 3255 500 3310 que
526 3239 669 3294 vires
691 3237 910 3294 addere.
949 3239 1060 3309 Age
1086 3253 1218 3309 ergo
1247 3253 1399 3293 more
1424 3237 1747 3293 athletarum
1779 3235 1994 3292 illorum

394 3328 770 3402 aggrediamur
821 3329 1136 3386 certamina.
1168 3329 1442 3401 Siquidem
1488 3329 1564 3385 illi
1596 3345 1716 3386 cum
1757 3343 1816 3385 se
1859 3328 1995 3385 invi-

393 3439 510 3482 cem
543 3423 748 3484 medios
776 3424 1180 3495 prehenderint,
1235 3438 1300 3480 ac
1352 3425 1404 3480 vi
1431 3439 1666 3480 nexuum
1695 3423 1897 3480 fuerint
1925 3423 1992 3479 ad

392 3517 832 3574 circumstantem
883 3531 944 3572 se
986 3520 1116 3573 foris
1147 3517 1354 3573 turbam
1403 3517 1618 3589 impulsi
1649 3526 1868 3589 propter
1896 3525 1992 3572 zm-

400 3609 607 3680 gustias
636 3609 761 3677 loci,
813 3610 1038 3666 nexibus
1087 3609 1279 3666 solutis
1331 3611 1398 3666 ad
1449 3611 1763 3666 certaminis
1810 3611 1990 3666 locum

393 3715 584 3757 rursus
605 3709 949 3757 revertuntur
982 3700 1215 3757 :deinde
1245 3701 1530 3758 redeuntes
1558 3717 1664 3757 non
1694 3703 1828 3759 recti
1859 3717 1992 3759 con-

392 3791 708 3864 grediuntur
736 3806 945 3861 rursus,
965 3809 1151 3849 verum
1171 3794 1226 3849 in
1251 3793 1501 3851 eumdem
1529 3811 1588 3851 se
1610 3811 1843 3852 neruum
1870 3811 1990 3852 mo-

393 3883 521 3939 dum
547 3892 854 3956 statumque
881 3885 1188 3953 restituunt,
1220 3886 1272 3941 in
1297 3903 1402 3958 quo
1447 3895 1605 3945 antea
1639 3899 1764 3945 sunt
1807 3889 1987 3945 divisi.

395 3974 621 4042 Quando
650 3975 812 4046 igitur
838 3990 936 4031 nos
963 3992 1178 4049 quoque
1216 3993 1520 4035 sermonem
1550 3979 1830 4038 absolvere
1885 3982 1989 4038 loci

393 4065 641 4137 angustia
669 4067 865 4138 coegit,
893 4082 992 4140 age
1029 4069 1096 4124 ad
1145 4069 1318 4140 ipsum
1346 4070 1524 4126 locum
1563 4074 1873 4129 certaminis
1901 4088 1990 4128 re-

393 4166 709 4225 vertentes,
771 4175 943 4216 nexus
997 4162 1064 4218 ab
1117 4163 1184 4218 iis
1232 4179 1352 4234 qua:
1404 4163 1666 4222 hodierno
1693 4167 1782 4223 die
1836 4168 1991 4225 nobis

391 4258 520 4306 sunt
543 4251 677 4312 lecta
704 4251 992 4307 solvamus.
1030 4252 1098 4308 Et
1119 4255 1247 4310 dixit
1275 4255 1412 4311 Deus
1441 4299 1457 4323 ,
1493 4259 1684 4330 inquit,
1714 4260 1992 4320 Faciamus

392 4343 647 4397 hominem
708 4343 778 4397 ad
852 4343 1126 4416 imaginem
1189 4357 1237 4401 et
1303 4348 1688 4407 similitudinem
1763 4362 1990 4411 nostram

395 4433 549 4504 (Gen.
579 4435 776 4508 1.25).

462 4525 569 4582 Cur
610 4526 752 4584 Deus
798 4530 1015 4599 dixerit,
1070 4531 1352 4590 Faciamus
1381 4533 1678 4606 hominem,
1719 4555 1844 4608 non,
1871 4540 1990 4597 Fiat

392 4618 574 4675 homo.
592 4620 757 4694 —(a)
775 4621 951 4680 Unum
980 4624 1084 4682 hoc
1111 4626 1341 4697 primum
1369 4630 1594 4699 quaesita
1622 4630 1862 4703 dignum,
1895 4649 1990 4692 cur

393 4709 629 4778 tandem,
657 4727 778 4768 cum
808 4716 996 4771 caelum
1025 4714 1197 4784 ﬁeret,
1226 4733 1490 4791 nusquam
1514 4721 1712 4778 dictum
1743 4725 1845 4793 sit,
1880 4724 1991 4781 Fa-

389 4802 606 4868 ciamus,
633 4802 746 4869 sed,
781 4803 901 4860 Fiat
925 4807 1128 4875 cretum,
1152 4807 1273 4863 Fiat
1299 4811 1410 4878 lux,
1438 4820 1599 4885 atque
1627 4815 1698 4870 ita
1725 4816 1779 4870 in
1807 4816 1988 4888 singu-

391 4891 459 4947 lis
486 4901 851 4948 creaturarum
895 4896 1216 4964 generibus:
1259 4899 1349 4957 hic
1388 4917 1517 4958 vero
1545 4905 1718 4961 solum
1747 4907 1987 4964 additum

387 4985 460 5040 sit
485 4984 636 5054 illud,
661 4984 958 5055 Faciamus,
982 4996 1036 5044 et
1056 4991 1339 5050 consilium
1363 5009 1427 5052 ac
1452 4994 1768 5056 deliberatio
1790 5009 1988 5060 etcum

388 5079 562 5138 altero
580 5083 831 5154 qu0piam
854 5082 1072 5140 honoris
1095 5097 1343 5144 consorte
1362 5093 1774 5151 communicatio
1789 5095 1813 5148 ?
1829 5095 1989 5165 Quis-

390 5187 515 5228 nam
545 5173 702 5244 igitur
731 5174 822 5231 ille
865 5176 1078 5235 tandem
1109 5181 1305 5250 estqui
1335 5181 1597 5241 creandas
1617 5226 1632 5253 ,
1663 5186 1749 5243 cui
1779 5197 1984 5244 tantum

391 5263 610 5324 honoris
638 5267 952 5325 deferatur?
977 5269 1150 5326 Homo
1178 5280 1260 5327 est
1282 5313 1298 5340 ,
1331 5287 1580 5344 magnum
1621 5275 1752 5340 illud
1788 5278 1986 5335 animal

381 5362 445 5410 et
462 5354 777 5416 admirabile
794 5401 810 5427 ,
840 5360 1088 5433 quodque
1114 5363 1261 5424 omni
1278 5373 1522 5421 creatura
1545 5369 1887 5437 praestantius
1905 5378 1991 5426 est

390 5445 531 5516 apud
564 5446 726 5506 Deum
748 5490 764 5519 ,
791 5461 1011 5526 propter
1048 5471 1206 5526 quem
1235 5457 1425 5514 cmlum
1470 5465 1525 5514 et
1553 5468 1696 5516 terra
1739 5471 1792 5519 et
1839 5477 1990 5519 mare

390 5551 456 5593 ac
491 5538 757 5611 reliquum
800 5556 960 5602 omne
1009 5556 1269 5604 creaturae
1307 5563 1500 5620 corpus
1547 5559 1629 5608 est
1671 5553 1984 5610 conditum:

413 5669 1049 5756 ..€f‘)._1‘35.u9:s‘!§§i!ni1ia
1233 5691 1368 5756 κρω-
1390 5688 1424 5737 8
1446 5689 1495 5738 in
1517 5690 1880 5756 δεηθείωιοοι.
1904 5693 1986 5756 70.

393 5731 606 5793 iamper
640 5731 786 5785 totam
879 5753 944 5790 ne
976 5731 1988 5816 Romilium.Jlnwsequenﬁbvuﬁliﬁ.1le

394 5805 544 5854 pauca
565 5753 837 5856 bllth
859 5814 1104 5865 reperies.

2102 1277 2204 1345 Qui
2263 1279 2324 1335 ﬁt
2369 1291 2590 1351 autem,
2644 1285 2785 1346 dicet
2849 1289 3077 1362 aliquis,
3140 1295 3187 1356 si
3237 1302 3582 1366 prastantior
3621 1313 3703 1358 est

2105 1379 2217 1426 toto
2256 1373 2474 1443 mundo,
2509 1387 2568 1433 ut
2605 1389 2728 1450 post
2768 1383 3026 1442 mundum
3055 1389 3426 1458 producatur?
3471 1395 3556 1452 0b
3601 1395 3701 1454 hoc

2103 1465 2275 1536 ipsum
2322 1468 2606 1540 nimirum,
2647 1475 2790 1544 quod
2820 1479 3020 1536 mundo
3063 1487 3405 1551 praestantior
3443 1489 3535 1544 sit.
3568 1490 3700 1550 Nam:

2102 1559 2550 1653 quemadmodum
2575 1564 2881 1636 ingressum
2911 1572 2962 1630 in
2991 1573 3182 1634 urbem
3203 1579 3493 1648 quamdam
3524 1581 3694 1653 Impe-

2101 1656 2316 1742 ratore,
2362 1651 2562 1728 duces,
2589 1656 2866 1728 praefecti,
2897 1664 3187 1732 satellites,
3216 1683 3515 1742 omnesque
3557 1651 3708 1732 seni

2102 1740 2444 1811 prmoedunt,
2475 1753 2534 1803 ut
2562 1748 2758 1818 palatio
2795 1753 3075 1824 adornato,
3113 1768 3168 1816 et
3204 1762 3349 1818 omni
3392 1740 3502 1818 alio
3542 1766 3695 1821 mini-

2102 1833 2267 1890 sterio
2305 1847 2640 1910 praeparato,
2685 1858 2878 1915 magno
2913 1863 3037 1904 cum
3079 1849 3285 1912 honore
3312 1853 3706 1926 Imperatorem

2101 1928 2369 1997 excipiant
2410 1947 2424 1986 :
2457 1933 2534 1989 sic
2561 1934 2812 1995 nimirum
2843 1947 2897 1996 ct
2926 1941 3046 2010 hic,
3087 1947 3238 2013 quasi
3276 1948 3696 2011 introducendus

2101 2031 2198 2120 rex
2227 2029 2404 2088 esset,
2438 2024 2518 2080 sol
2559 2029 2834 2095 prmcessit
2859 2073 2872 2095 ,
2903 2033 3090 2089 caelum
3135 2043 3522 2110 praecucurrit,
3553 2045 3704 2112 prius

2101 2116 2401 2179 ingressum
2422 2123 2506 2174 est
2525 2116 2724 2184 lumen,
2752 2131 2930 2180 creata
2957 2135 3082 2180 sunt
3104 2132 3282 2184 omnia
3309 2142 3361 2186 et
3390 2133 3649 2190 adornata
3677 2178 3691 2202 ,

2105 2209 2322 2298 tumque
2349 2207 2520 2298 multo
2545 2223 2665 2266 cum
2695 2211 2899 2274 honore
2925 2215 3089 2278 homo
3121 2221 3476 2282 introducitur
3503 2227 3600 2298 (a).

2183 2294 2386 2368 Vocem,
2415 2297 2694 2361 Faciamus
2717 2347 2733 2374 ,
2761 2306 2999 2376 discutit,
3041 2321 3095 2366 ut
3133 2314 3200 2370 ad
3229 2294 3566 2387 Unigem'tunr
3607 2319 3701 2377 Dei

2100 2387 2267 2455 litium
2305 2396 2680 2462 agnoscendus:
2733 2398 2896 2458 hostes
2935 2403 3157 2470 veritatis
3187 2408 3430 2462 adducat.
3468 2411 3692 2467 Anthro-

2101 2486 2451 2554 pomorphitas
2492 2490 2771 2562 redarguit.
2789 2523 2860 2534 —-
2897 2495 3174 2554 Faciamus
3200 2500 3456 2558 hominem
3477 2506 3548 2558 ad
3569 2506 3692 2561 ima-

2099 2572 2286 2642 ginem.
2332 2577 2529 2636 Audiat
2574 2581 2811 2640 Judmus.
2856 2586 2940 2642 Ad
2968 2603 3128 2658 quem
3157 2589 3286 2648 dicit
3316 2592 3478 2660 Deus,
3510 2593 3693 2651 Facia-

2100 2684 2214 2722 mus
2230 2669 2258 2722 ?
2274 2669 2437 2726 Mosis
2462 2682 2587 2730 sunt
2611 2675 2803 2744 literas.
2832 2677 3015 2750 Mosis,
3043 2683 3129 2738 cui
3159 2699 3218 2740 se
3241 2686 3467 2744 credere
3490 2689 3703 2755 dicunt.-

2100 2768 2155 2815 et
2193 2762 2546 2821 mentiuntur.
2594 2767 2664 2824 Ut
2704 2769 2847 2828 enim
2887 2774 3028 2830 scias
3066 2773 3185 2833 illos
3227 2779 3443 2837 mentiri
3489 2789 3546 2837 et
3591 2797 3698 2838 non

2100 2854 2340 2923 credere,
2366 2855 2637 2918 Christum
2667 2864 2788 2921 illos
2816 2869 3225 2930 convincentom
3251 2873 3398 2938 audi,
3421 2888 3488 2932 ac
3515 2873 3694 2932 dicen-

2101 2957 2208 3005 tem
2236 2969 2252 3005 :
2296 2950 2358 3007 Si
2382 2953 2649 3010 crederetis
2677 2955 2879 3029 Moysi,
2908 2961 3178 3020 crederetis
3199 2974 3248 3018 et
3276 2966 3402 3022 mihi
3427 2966 3608 3038 (lacn.
3639 2971 3689 3032 5.

2099 3041 2213 3111 ιθ).
2244 3042 2362 3098 Jam
2391 3060 2521 3102 vero
2547 3049 2689 3119 apud
2714 3049 2835 3109 illos
2861 3053 3077 3124 quidem
3103 3067 3225 3116 sunt
3253 3058 3398 3127 libri,
3427 3064 3572 3131 apud
3600 3080 3693 3122 nos

2098 3146 2274 3194 autem
2327 3141 2586 3199 librorum
2634 3143 3123 3221 thesaurus:apud
3167 3153 3289 3214 illos
3317 3155 3508 3224 litcmc,
3555 3161 3698 3230 apud

2099 3249 2198 3289 nos
2244 3244 2298 3290 et
2337 3235 2528 3305 litem,
2573 3247 2629 3300 ct
2671 3242 2976 3298 sententias.
3011 3243 3094 3300 Ad
3133 3261 3292 3316 quem
3342 3249 3508 3319 igitur
3545 3252 3695 3320 dicit,

2099 3323 2377 3385 Faciamus
2400 3329 2696 3386 hominem?
2721 3332 2803 3388 Ad
2831 3334 3077 3406 angelum
3097 3378 3112 3402 ,
3144 3336 3354 3408 inquit,
3381 3339 3467 3396 vel
3497 3344 3565 3405 ad
3605 3360 3692 3405 ar-

2097 3417 2413 3490 changelum
2457 3421 2771 3494 simpliciter
2816 3425 2976 3482 verba
3025 3427 3173 3485 facit.
3209 3429 3278 3488 Ut
3316 3433 3464 3492 enim
3506 3436 3692 3494 verbo-

2098 3525 2258 3568 rones
2287 3510 2498 3580 famuli,
2529 3513 2657 3570 dum
2685 3517 2756 3572 ab
2783 3516 2929 3575 beris
2970 3530 3323 3592 accusantur,
3356 3539 3462 3581 nec
3498 3526 3696 3589 habent

2096 3605 2240 3673 quod
2264 3605 2345 3661 eis
2373 3615 2556 3676 aperte
2585 3610 2964 3680 respondeant,
2994 3613 3251 3686 quidquid
3276 3616 3333 3672 in
3357 3617 3583 3677 buccam
3605 3637 3688 3678 ve-

2097 3698 2239 3751 nerit
2266 3697 2577 3767 proferunt:
2609 3701 2687 3756 sic
2709 3711 2766 3757 et
2803 3717 2899 3758 vos
2924 3704 2990 3760 ad
3029 3707 3276 3776 angelum
3305 3717 3364 3765 et
3401 3711 3695 3784 archange—

2096 3789 2207 3844 lum
2236 3789 2353 3846 baec
2390 3805 2513 3850 esse
2547 3792 2687 3849 dicta
2728 3795 2908 3852 vultis.
2936 3795 3106 3864 Quem
3148 3798 3362 3856 tandem
3401 3804 3688 3874 angelum?

2095 3897 2255 3952 quem
2272 3883 2683 3958 archangelum?
2703 3887 2885 3959 Neque
2899 3892 3045 3947 enim
3061 3893 3369 3964 angelorum
3387 3907 3472 3952 est
3485 3913 3686 3965 creare.

2096 3990 2273 4046 neque
2299 3977 2745 4050 archangelorum
2787 3982 2905 4039 haec
2929 3987 3163 4054 operari.
3205 3988 3385 4055 Quare
3410 4005 3543 4047 vero
3567 4007 3686 4049 cum

2095 4066 2286 4123 caelum
2314 4069 2535 4139 quidem
2561 4072 2836 4142 conderet,
2869 4089 2977 4131 non
3006 4077 3144 4134 dixit
3165 4081 3356 4150 angelo
3382 4091 3441 4138 et
3463 4083 3686 4142 archan-

2094 4159 2236 4230 gelo,
2263 4159 2360 4217 sed
2390 4177 2486 4232 per
2512 4178 2575 4219 se
2599 4164 2748 4220 illum
2771 4167 3060 4238 produxit:
3089 4186 3212 4227 cum
3241 4189 3370 4236 vero
3393 4176 3532 4233 caelo
3557 4187 3688 4234 toto-

2094 4265 2200 4320 que
2241 4253 2442 4309 mundo
2471 4258 2814 4324 praestantius
2853 4263 3053 4319 animal
3098 4265 3351 4335 produxit
3375 4266 3688 4338 hominem,

2095 4350 2209 4398 tum
2233 4359 2427 4402 servos
2454 4346 2557 4404 sibi
2581 4351 2760 4408 socios
2784 4355 3074 4412 creationis
3098 4357 3392 4416 adsciscit?

2164 4437 2224 4492 2.
2261 4438 2380 4496 Non
2421 4443 2494 4498 ita
2523 4452 2637 4513 est,
2670 4447 2830 4517 plane
2857 4465 2964 4505 non
2990 4451 3061 4506 ita
3090 4460 3211 4520 est;
3245 4454 3444 4526 quippe
3470 4459 3686 4530 angelo.-

2093 4545 2212 4586 rum
2251 4543 2335 4590 est
2374 4537 2648 4605 assistere,
2690 4555 2799 4596 non
2847 4557 3069 4601 creare:
3117 4545 3566 4619 archangelorum
3611 4563 3691 4610 est

2093 4622 2420 4694 ministrare,
2449 4643 2557 4686 non
2578 4633 2893 4705 participem
2916 4650 3040 4694 esse
3065 4643 3357 4698 sententiae-
3377 4653 3434 4699 et
3453 4647 3688 4704 consilii.

2093 4715 2235 4772 Audi
2259 4719 2389 4788 quid
2425 4720 2493 4777 de
2531 4724 2817 4781 virtutibus
2856 4727 3178 4799 Seraphim,
3217 4749 3336 4804 qua:
3356 4737 3689 4810 archangelis

2091 4817 2220 4865 sunt
2247 4811 2520 4883 celsiores,
2552 4815 2695 4874 dicat
2725 4819 2886 4876 Isaias
2928 4839 2942 4876 :
2975 4820 3094 4878 Vidi
3125 4822 3402 4882 Dominum
3439 4831 3692 4889 adustam

2091 4916 2249 4974 super
2271 4904 2457 4960 solium
2484 4908 2737 4964 excelsum
2762 4921 2808 4965 et
2835 4913 3102 4984 eleuatum,
3135 4927 3185 4973 et
3209 4918 3488 4990 Seraphin:
3513 4925 3689 4980 adsta-

2093 4996 2212 5050 bant
2240 4997 2294 5051 in
2314 5001 2528 5054 circuitu
2555 5003 2668 5071 ejus
2689 5018 2709 5057 :
2731 5021 2822 5059 sex
2843 5006 2942 5060 ala
2965 5009 3076 5075 uni,
3109 5020 3158 5065 et
3177 5028 3270 5066 ses
3295 5014 3394 5068 aia
3429 5015 3581 5080 alteri
3600 5034 3621 5083 ;
3646 5027 3692 5072 et

2093 5090 2292 5146 duabus
2313 5095 2514 5163 quidem
2530 5097 2628 5150 alis
2643 5100 2932 5168 operiebant
2957 5103 3112 5173 [acies
3134 5121 3258 5162 suos
3273 5107 3430 5178 (Issi.
3451 5110 3508 5167 6.
3541 5114 3568 5166 ι
3581 5153 3594 5167 .
3613 5114 3690 5184 2),

2095 5191 2154 5238 ut
2176 5185 2382 5241 scilicet
2420 5187 2608 5243 oculos
2633 5205 2759 5246 suos
2787 5193 3094 5262 munirent,
3125 5201 3268 5269 quod
3293 5202 3634 5260 exsilientem
3665 5221 3694 5261 e

2093 5275 2230 5331 solio
2257 5275 2516 5348 fulgorem
2561 5281 2831 5339 sustinere
2857 5300 2962 5341 non
2990 5298 3231 5358 possent.
3259 5293 3398 5361 Quid
3441 5295 3566 5349 ais?
3593 5296 3692 5352 Se-

2093 5370 2303 5440 rapbim
2329 5371 2564 5439 adstant,
2594 5384 2813 5431 ettanta
2843 5387 2968 5434 sunt
2997 5381 3352 5440 admiratione
3380 5399 3445 5441 ac
3473 5396 3693 5456 stupore

2093 5473 2361 5534 correpta,
2385 5464 2545 5537 idque
2565 5482 2687 5524 cum
2715 5470 2810 5525 Dei
2833 5471 3046 5529 videant
3073 5475 3456 5548 indulgentiam
3480 5484 3691 5554 ςπεάί

2095 5569 2223 5611 vero
2269 5563 2325 5612 et
2369 5558 2579 5616 consilii
2621 5573 2748 5618 sunt
2795 5565 3083 5638 participes
3109 5608 3124 5636 ,
3175 5572 3691 5647 consultationisque

2163 5821 2235 5885 (a)
2269 5820 2383 5873 Vide
2406 5821 2616 5874 similem
2640 5828 2933 5878 sententiam
2964 5834 3096 5879 Hom.
3124 5827 3153 5880 8
3177 5829 3226 5881 in
3247 5838 3369 5882 Gen.
