3964 6424
235 367 350 428 587

239 482 356 537 τῶν
369 483 648 555 προέδρων
664 487 755 540 καὶ
775 489 893 552 ταῖς
910 488 1208 560 ὑμετέραις
1228 493 1286 548 τὺ
1307 497 1415 548 πᾶν
1435 495 1527 551 ἐπι
1533 500 1824 570 ρρίψαντες

240 573 637 645 ἀπεδυσάμεθα
660 577 796 646 πρὸς
825 578 884 631 τὺ
934 580 1168 634 στάδιον.
1209 584 1354 655 Εὐχὴ
1403 587 1459 639 δὲ
1503 589 1826 660 Ἐκκλησίας

236 661 498 745 τοσοῦτον
521 662 764 729 δύναται,
800 665 876 729 ὡς
905 669 954 720 εί
987 671 1080 722 καὶ
1108 669 1271 724 λίθων
1297 669 1441 744 ἦμεν
1470 676 1823 746 ἀφωνότεροι,

239 748 448 818 πτεροῦ
481 751 680 814 παντὸς
707 753 1041 826 κουφοτέραν
1069 757 1200 828 ἡμῖν
1241 759 1340 830 τὴν
1366 761 1615 829 γλῶτταν
1669 765 1826 834 ἐργά-

241 836 464 891 σασθαι.
503 838 712 908 Ὥσπερ
745 840 855 909 γὰρ
891 839 1124 914 ζέφυρος
1159 849 1239 909 εἰς
1273 848 1412 918 μέσα
1441 849 1537 919 τῆς
1565 850 1691 921 νηὸς
1723 854 1824 922 ἐμ·-

229 924 427 977 τπεσὼν
467 923 535 977 τά
593 925 756 991 ἱστία,
793 927 980 997 βέλους
1043 930 1298 1004 ὀξύτερον
1357 937 1717 1008 παραπέμπει
1763 940 1824 993 τὸ

238 1012 483 1083 σκάφος·
524 1012 666 1068 οὕτω
706 1017 800 1068 καὶ
843 1017 1168 1088 Ἐκκλησίας
1196 1023 1328 1094 εὐχὴ
1369 1026 1450 1088 εἰς
1473 1023 1572 1096 τὴν
1611 1025 1704 1081 τοῦ
1736 1027 1822 1080 λέ-

231 1115 429 1169 γοντος
458 1100 772 1172 ἐμπεσοῦσα
791 1105 1308 1181 γλῶτταν,ζεφύρου
1342 1112 1698 1185 σφοδρότερον
1719 1133 1822 1168 πα-

233 1188 520 1272 ραπέμπει
579 1190 670 1243 τὸν
724 1190 902 1260 λόγον.
944 1196 1035 1247 Διδ
1077 1197 1172 1249 καὶ⁵
1215 1199 1376 1268 ἡμεῖς
1427 1200 1553 1253 καθ’
1584 1202 1822 1275 ἑκάστην

229 1277 452 1350 ἡμέραν
499 1277 825 1352 θαρροῦντες
881 1282 1245 1354 ἀποδυόμεθα.
1303 1285 1366 1340 Εἰ
1417 1289 1526 1359 γὰρ
1581 1291 1678 1344 ἐπὶ
1708 1291 1819 1345 τῶν

229 1365 439 1432 ἔξωθεν
476 1367 704 1434 ἀγώνων
727 1368 856 1423 δέκα
877 1388 960 1433 τις
980 1371 1206 1444 μόνον,ἢ
1235 1375 1407 1429 εἴκοσι
1429 1375 1567 1447 ἔχων
1584 1379 1820 1450 ἐραστὰς

229 1455 294 1506 ἐν
316 1454 380 1524 δή
390 1471 474 1525 μῳ
506 1455 764 1527 τοσούτῳ,
783 1458 921 1528 μετά
945 1459 1250 1530 προθυμίας
1271 1463 1351 1525 είς
1375 1464 1465 1517 τὸν
1485 1464 1672 1533 ἀγῶνα
1689 1468 1819 1522 κάτ-

229 1559 344 1595 εισι
365 1560 380 1573 ο
416 1543 595 1614 πολλῷ
619 1545 816 1615 μᾶλλον
839 1548 1021 1617 ἡμεῖς,
1061 1549 1193 1601 ὅπου
1225 1551 1284 1603 οὐ
1315 1550 1468 1618 δέκα,
1498 1554 1616 1607 οὐδὲ
1643 1553 1816 1609 εἴκοσι

233 1633 418 1702 μόνον,
441 1631 556 1685 ἀλλ’
585 1633 730 1686 ἅπαν
758 1636 890 1704 ἡμῖν
914 1635 975 1688 τὸ
997 1635 1226 1708 θέατρον
1256 1639 1315 1704 ἐξ
1344 1640 1587 1710 ἀδελφῶν
1607 1643 1700 1696 καὶ
1722 1662 1817 1697 πα-

226 1720 406 1790 τέρων
431 1719 1078 1795 σύγκειται,θαρῤοῦντες
1100 1725 1258 1779 τοῦτο
1282 1730 1603 1800 ποιήσομεν.
1629 1733 1814 1786 Καίτοι

225 1825 294 1876 γε
327 1808 421 1861 ἐπὶ
436 1809 544 1864 τῶν
572 1809 768 1875 ἔξωθεν
789 1811 1015 1882 ἀγώνων
1042 1815 1194 1868 οὐδὲν
1209 1816 1274 1869 ἂν
1303 1818 1446 1886 μέγα
1461 1819 1816 1889 καρπώσαιτο

224 1899 257 1948 ὅ
286 1898 595 1970 ἀγωνιστὴς
625 1900 777 1972 παρά
813 1899 904 1954 τοῦ
941 1901 1133 1955 θεατοῦ
1158 1943 1172 1968 ,
1209 1903 1323 1956 ἀλλ’
1359 1906 1391 1975 ἢ
1439 1908 1562 1960 ὅσον
1620 1908 1811 1979 βοῆσαι

225 1987 460 2048 ἐκεῖνον,
496 1987 588 2039 καὶ
612 1985 888 2057 θαυμάσαι
911 1987 976 2041 τὰ
1005 1992 1367 2062 γεγενημένα,
1393 1994 1486 2047 καὶ
1508 1996 1813 2068 φιλονεικῆ-

225 2089 322 2126 σαι
352 2075 464 2136 τοῖς
495 2075 868 2142 ἀντιλέγουσιν
895 2075 1006 2129 άνω
1029 2077 1336 2149 καθήμενον
1366 2095 1382 2109 ·
1424 2083 1725 2153 καταϐῆναι
1755 2085 1812 2136 δὲ

223 2163 308 2224 είς
336 2161 400 2215 το
435 2161 668 2228 στάδιον,
690 2163 785 2216 καὶ
803 2164 961 2234 χεῖρα
986 2164 1192 2235 ὀρέξαι,
1208 2166 1302 2219 καὶ
1320 2167 1543 2221 ἑλκύσαι
1565 2170 1701 2223 πόδα
1718 2170 1810 2223 τοῦ

211 2249 755 2321 ἀνταγωνιζομένου,
791 2251 823 2321 ἢ
865 2251 992 2306 ἄλλο
1047 2271 1098 2306 τι
1140 2253 1380 2308 τοιοῦτον
1419 2257 1809 2322 ἐπιδείξασθαι,

219 2339 436 2402 τούτοις
465 2340 525 2393 οὐ
557 2339 733 2410 θέμις.
800 2343 863 2394 Ol
894 2343 1002 2412 γὰρ
1041 2343 1164 2407 τοὺς
1196 2344 1416 2413 ἀγῶνας
1470 2346 1712 2412 ἐκείνους
1751 2350 1810 2416 ἐξ

219 2429 398 2500 ἀρχῆς
421 2429 826 2501 διαταξάμενοι,
873 2431 1145 2497 σκόλοπας
1189 2433 1460 2504 πήξαντες
1495 2434 1635 2500 ὀξεῖς
1661 2479 1676 2503 ,
1717 2440 1811 2492 καὶ

221 2517 436 2588 σχοινία
469 2517 653 2588 κύκλῳ
691 2518 1098 2588 περιϐαλόντες,
1135 2519 1278 2573 οὕτω
1315 2521 1426 2575 τῶν
1460 2523 1667 2577 θεατῶν
1710 2525 1809 2596 τὴν

221 2607 426 2678 μανίαν
468 2609 730 2680 εἴργουσι.
764 2610 874 2662 Καὶ
897 2610 949 2663 τί
977 2609 1309 2680 θαυμαστὸν,
1358 2614 1406 2665 εἰ
1444 2613 1607 2686 θεατῇ
1644 2634 1810 2670 κατα-

212 2694 384 2764 ϐῆναι
412 2695 473 2748 οὐ
499 2695 678 2766 θέμις,
697 2697 898 2766 δπουγε
921 2698 1014 2750 καὶ
1037 2699 1128 2751 τὸν
1151 2699 1508 2772 παιδοτρίϐην
1535 2701 1639 2769 ἔξω
1657 2704 1808 2775 παρὰ

219 2783 320 2854 τὴν
356 2784 505 2838 κόνιν
541 2785 886 2850 καθίσαντες,
918 2786 1202 2858 πόρρωθεν
1233 2789 1332 2859 τὴν
1358 2789 1467 2843 ἀπὸ
1514 2792 1612 2862 τῆς
1663 2793 1808 2847 διδα-

219 2872 454 2936 σκαλίας
480 2875 796 2944 συμμαχίαν
829 2876 1072 2944 εἰσάγειν
1101 2879 1214 2939 τοῖς
1241 2877 1666 2949 ἀγωνιζομένοις
1715 2899 1809 2935 κε-

216 2961 460 3024 λεύουσι,
496 2963 720 3033 πλησίον
746 2965 801 3017 δέ
825 2964 924 3016 οὐκ
957 2963 1117 3018 ἐῶσιν
1146 2965 1348 3032 ἐλθείν;
1390 2968 1528 3020 Ἀλλ’
1571 2970 1670 3022 οὐκ
1721 2973 1808 3024 ἐν-

215 3049 394 3103 ταῦθα
412 3049 617 3113 οὕτως⁸
657 3050 794 3104 ἀλλά
824 3053 918 3104 καὶ
964 3051 1272 3124 διδασκάλῳ
1304 3055 1397 3107 καὶ
1432 3054 1596 3128 θεατῇ
1635 3074 1804 3111 κατα-

217 3137 382 3206 ϐῆναι
412 3136 548 3207 πρὸς
581 3138 728 3207 ἡμᾶς
763 3137 862 3203 ἔνι,
900 3139 994 3192 καὶ
1024 3140 1192 3208 ἐγγὺς
1221 3141 1410 3212 στῆναι
1441 3145 1508 3213 τῇ
1540 3142 1800 3211 διαθέσει,

215 3225 311 3276 καὶ
324 3223 415 3276 διὰ
431 3223 538 3276 τῶν
556 3224 729 3294 εὐχῶν
744 3225 874 3296 ἡμῖν
893 3227 1260 3298 συγκροτῆσαι
1278 3229 1373 3299 τὴν
1384 3229 1611 3301 δύναμιν
1627 3231 1802 3305 [65%].

216 3314 392 3384 Δεῦρο
418 3313 549 3383 γοῦν
573 3315 693 3368 κατ’
731 3316 927 3380 αὐτοὺς
964 3317 1208 3383 ἐκείνους
1254 3321 1381 3384 τοὺς
1419 3322 1659 3392 ἀθλητὰς
1693 3323 1802 3377 τῶν

216 3399 620 3472 παλαισμάτων
655 3402 943 3475 ἁψώμεθα.
980 3407 1090 3460 Καὶ
1157 3407 1267 3482 γὰρ
1320 3409 1546 3464 ἐπειδάν
1601 3413 1803 3466 ἐκεῖνοι

219 3489 425 3561 μέσους
459 3491 686 3555 ἑαυτοὺς
714 3493 1098 3564 κατασχόντες,
1136 3495 1241 3549 ὑπὸ
1269 3498 1368 3567 τῆς
1403 3497 1523 3568 βίας
1559 3499 1666 3553 τῶν
1696 3500 1804 3573 ἀμ-

213 3581 408 3650 μάτων
432 3580 569 3650 πρὸς
611 3580 701 3634 τὸν
747 3581 943 3646 ἔξωθεν
976 3583 1172 3649 αὐτοὺς
1206 3587 1550 3658 περιεστῶτα
1581 3587 1804 3654 ἐξακον-

215 3666 481 3721 τισθῶσιν
505 3668 661 3737 ὄχλον
684 3669 771 3723 διὰ
795 3670 893 3742 τὴν
916 3669 1011 3724 τοῦ
1048 3673 1215 3727 τόπου
1267 3676 1649 3748 στενοχωρίαν,
1706 3677 1802 3730 λύ-

216 3773 416 3819 σαντες
473 3757 540 3810 τά
589 3756 838 3828 ἀμματα,
877 3758 1016 3824 πρὸς
1071 3760 1162 3813 τὸν
1219 3762 1316 3831 τῆς
1345 3762 1585 3831 ἀγωνίας
1639 3764 1802 3818 πάλιν

213 3843 615 3914 ἐπανέρχονται
662 3845 824 3898 τόπον
848 3861 864 3877 ⁶
898 3841 1015 3900 εἶτα
1069 3849 1455 3915 ἐπανελθόντες
1493 3851 1593 3905 οὐκ
1651 3853 1801 3923 ὀρθοὶ

213 3931 628 4001 συμπλέκονται
664 3933 843 4000 πάλιν,
887 3933 1003 3988 ἀλλ’
1035 3935 1092 3988 ἐν
1122 3936 1316 4007 ἐκείνῳ
1356 3936 1432 4007 τῷ
1465 3939 1653 4010 τρόπῳ
1691 3941 1800 3994 τῶν

211 4017 432 4089 δεσμῶν
467 4020 692 4085 ἑαυτοὺς
717 4025 1178 4096 καταστήσαντες,
1223 4026 1280 4079 ἐν
1317 4018 1362 4094 ᾧ
1389 4027 1483 4080 καὶ
1531 4027 1682 4093 ὄντες
1719 4029 1800 4083 δι-

211 4107 510 4178 ελύθησαν.
553 4109 707 4163 Ἐπεὶ
743 4105 836 4164 οῦν
869 4112 964 4166 καὶ
1000 4113 1150 4182 ἡμᾶς
1190 4112 1415 4183 ἡτόπου
1469 4117 1800 4187 στενοχωρία

213 4195 520 4249 καταλῦσαι
552 4197 643 4250 τὸν
671 4196 828 4266 λόγον
853 4199 1154 4268 ἠνάγκασε,
1189 4200 1321 4272 φέρε
1346 4202 1483 4273 πρὸς
1516 4203 1607 4257 τὸν
1636 4205 1801 4259 τόπον

211 4283 316 4352 τῆς
346 4285 583 4351 ἀγωνίας
615 4285 1022 4353 ἐπανελθόντες,
1057 4287 1124 4341 τὰ
1148 4287 1380 4359 ἅμματα
1417 4291 1670 4362 λύσωμεν
1692 4294 1800 4347 ἀπὸ

213 4373 323 4426 τῶν
350 4374 590 4445 τήμερον
606 4373 1062 4442 ἀναγνωσθέντων
1091 4378 1243 4448 ἡμῖν.
1259 4379 1368 4432 Καὶ
1390 4375 1558 4434 εἷπεν
1577 4384 1608 4435 ό
1632 4382 1796 4447 Θεὸς,

212 4462 372 4532 φησι,
389 4461 740 4532 Ποιήσωμεν
760 4462 1074 4532 ἄνθρωπον
1095 4465 1222 4520 κατ’
1239 4469 1446 4522 εἰκόνα
1467 4468 1567 4523 καὶ
1596 4469 1800 4539 ὁμοίω-

210 4565 322 4604 σιν
344 4548 660 4617 ἡμετέραν.
1730 4555 1735 4561 ’

292 4639 391 4690 Ἓν
437 4637 656 4708 πρῶτον
688 4638 845 4692 τοῦτο
871 4638 1021 4704 ἄξιον
1054 4638 1308 4712 ζητῆσαι,
1354 4641 1406 4695 τί
1447 4641 1668 4714 δήποτε,
1709 4643 1798 4697 ὅτε

215 4728 317 4796 μὲν
349 4727 377 4778 6
408 4727 633 4798 οὐρανὸς
661 4726 892 4794 ἐγίνετο,
911 4725 1148 4796 οὐδαμοῦ
1161 4729 1243 4794 τὸ,
1263 4727 1630 4799 Ποιήσωμεν,
1646 4729 1799 4803 εἴρη-

211 4831 326 4878 ται,
391 4813 548 4877 ἀλλὰ,
590 4813 910 4883 Γενηθήτω
939 4815 1230 4884 οὐρανὸς,
1268 4816 1587 4884 Γενηθήτω
1649 4818 1794 4888 φῶς,

212 4905 309 4958 καὶ
340 4901 462 4956 καθ’
488 4902 719 4959 ἕκαστον
748 4903 846 4974 τῆς
876 4903 1106 4965 κτίσεως
1143 4902 1309 4974 μέρος
1333 4901 1505 4967 οὕτως
1525 4919 1538 4932 '
1568 4903 1798 4958 ἐνταῦθα

208 4992 269 5046 δὲ
306 4993 388 5056 τὸ,
409 4993 782 5063 Ποιήσωμεν,
803 4991 1125 5064 πρόσκειται
1153 4991 1332 5062 μόνον,
1355 4991 1518 5062 βουλὴ
1552 4993 1642 5045 καὶ
1677 4993 1800 5046 σκέ-

208 5079 306 5148 ψις
331 5081 427 5133 καὶ
453 5081 590 5151 πρὸς
620 5080 806 5152 ἕτερόν
826 5096 946 5132 τινα
967 5079 1226 5150 ὁμότιμον
1258 5079 1650 5147 ἀνακοίνωσις;
1702 5081 1799 5145 Τίς

212 5185 346 5220 ποτε
385 5166 494 5239 ἄρα
523 5168 670 5221 ἐστὶν
700 5169 728 5220 6
755 5167 1208 5239 δημιουργεῖσθαι
1233 5166 1460 5238 μέλλων,
1495 5169 1576 5224 ὅτι
1606 5169 1798 5222 τοσαύ-

207 5272 311 5326 της
333 5255 603 5308 ἀπολαύει
633 5254 800 5326 τιμῆς
821 5270 836 5321 ;
858 5255 1181 5325 ’Ἄνθρωπός
1219 5258 1360 5320 ἐστι,
1391 5257 1451 5310 τὸ
1483 5257 1625 5327 μέγα
1661 5257 1799 5322 ζῶον

209 5344 307 5396 καὶ
334 5343 673 5414 θαυμαστὸν,
696 5343 792 5397 καὶ
825 5342 926 5415 τῆς
953 5345 1185 5405 κτίσεως
1214 5343 1431 5414 ἁπάσης
1459 5343 1537 5414 τῷ
1565 5344 1683 5416 Θεῷ
1713 5365 1798 5400 τι-

212 5431 386 5502 μιώτε
396 5449 506 5503 ρον,
523 5433 591 5486 δι’
618 5432 679 5486 ὃν
724 5433 951 5506 οὐρανὸς
999 5433 1092 5486 καὶ
1121 5432 1194 5503 γῆ
1221 5432 1315 5486 καὶ
1347 5431 1588 5486 θάλαττα
1608 5434 1700 5487 καὶ
1738 5435 1800 5489 τὸ

206 5519 400 5573 λοιπὸν
417 5521 572 5574 ἅπαν
595 5521 694 5592 τῆς
731 5521 965 5584 κτίσεως
1004 5520 1193 5592 σῶμα·
1233 5519 1539 5591 ἄνθρωπος,
1599 5517 1659 5576 οὗ
1696 5525 1796 5594 τῆς

209 5607 490 5678 σωτηρίας
512 5607 684 5672 οὕτως
707 5611 735 5662 6
753 5606 886 5672 Θεὸς
914 5606 1152 5679 ἠράσθη,
1182 5608 1257 5672 ὡς
1288 5607 1421 5678 μηδὲ
1440 5607 1532 5661 τοῦ
1554 5610 1797 5680 Μονογε-

208 5695 338 5760 νοῦς
354 5695 647 5765 φείσασθαι
672 5696 740 5750 δι’
765 5695 948 5751 αὐτόν·
981 5697 1040 5749 οὐ
1068 5696 1178 5767 γὰρ
1194 5696 1404 5767 ἀπέστη
1435 5697 1613 5752 πάντα
1629 5701 1799 5754 ποιῶν

210 5785 306 5838 καὶ
347 5785 876 5856 πραγματευόμενος
903 5827 918 5856 ,
954 5785 1058 5850 ἕως
1096 5785 1256 5840 αὐτὸν
1297 5785 1794 5864 ἀναγαγὼνῌέκάθ-

1424 379 1488 436 IN
1514 381 1816 436 CI'ZNESIM
1852 382 2085 440 SERMO
2111 388 2168 443 ll.

3408 405 3510 460 εδδ

1936 520 2047 554 ισεν
2063 503 2120 555 ἐν
2136 502 2283 572 δεξιᾷ
2322 504 2539 560 ἑαυτοῦ.
2568 504 2672 559 Καὶ
2708 509 2805 580 βοᾷ
2823 509 3033 575 Παῦλος
3070 511 3277 581 λέγων·
3317 518 3511 582 Συνή-

1929 607 2085 660 γειρε
2100 593 2199 645 καί
2210 596 2612 650 συνεκάθισεν
2626 597 2782 667 ἡμᾶς
2797 600 2866 653 ἐν
2886 600 3053 666 δεξιᾷ
3072 602 3290 657 ἑαυτοῦ
3304 603 3374 657 ἐν
3389 605 3514 673 τοῖς

1927 681 2303 748 ἐπουρανίοις
2348 684 2417 736 ἐν
2459 684 2692 752 Χριστῷ
2732 688 2957 755 Ἰησοῦ.
2996 689 3095 742 Διά
3150 690 3308 744 τοῦτο
3339 691 3506 766 βουλὴ

1928 768 2022 821 καὶ
2053 770 2246 838 σκέψις
2281 771 2376 824 καὶ
2397 773 2777 841 ἁνακοίνωσις,
2812 777 2913 830 οὐκ
2946 779 3132 849 ἐπειδὴ
3159 779 3187 830 6
3210 779 3344 844 Θεὸς
3396 782 3507 850 βου.

1925 854 2026 924 λῆς
2051 855 2253 910 δεῖται’
2290 859 2364 929 μὴ
2414 859 2658 928 γένοιτο·
2695 863 2828 917 ἀλλὰ
2870 864 2948 934 τῷ
2993 867 3232 936 σχήματι
3260 867 3370 920 τῶν
3412 871 3511 940 ρη-

1929 943 2113 1014 μάτων
2150 944 2250 1016 τὴν
2277 947 2359 1009 εἰς
2385 947 2476 1000 τὸν
2493 951 2786 1020 γενόμενον
2807 954 2938 1023 ἡμῖν
2957 954 3292 1009 ἐνδείκνυται
3318 959 3506 1028 τιμήν.

1924 1031 2035 1085 Καὶ
2063 1032 2201 1098 πῶς,
2221 1037 2408 1105 φησὶν,
2429 1040 2477 1092 εἰ
2506 1040 2603 1092 τοῦ
2639 1040 2846 1112 κόσμου
2877 1041 3204 1115 τιμιώτερός
3227 1046 3342 1098 ἐστι
3366 1062 3507 1099 παν-

1921 1121 2032 1185 τὸς,
2048 1121 2276 1196 ὕστερον
2294 1128 2387 1181 τοῦ
2407 1129 2612 1201 κόσμου
2641 1142 2666 1173 ι
2694 1132 3004 1201 παράγεται
3024 1148 3040 1198 ;
3061 1134 3138 1186 Δι’
3167 1133 3300 1186 αὐτὸ
3325 1134 3505 1200 τοῦτο,

1922 1210 2110 1282 ἐπειδὴ
2140 1213 2236 1266 τοῦ
2264 1214 2470 1287 κόσμου
2501 1217 2826 1290 τιμιώτερός
2845 1221 3014 1274 ἐστιν.
3051 1220 3260 1292 Ὠσπερ
3281 1220 3391 1292 γὰρ
3409 1221 3508 1292 βαρ

1923 1297 2114 1363 σιλέως
2151 1303 2232 1364 είς
2259 1318 2383 1356 τινα
2409 1302 2565 1358 πόλιν
2597 1304 2842 1360 ἐλαύνειν
2871 1306 3176 1377 μέλλοντος,
3209 1308 3506 1378 στρατηγοὶ

1920 1387 2015 1438 καὶ
2045 1384 2279 1459 ὕπαρχοι
2305 1390 2401 1443 καὶ
2428 1390 2717 1464 δορυφόροι
2739 1393 2835 1448 καὶ
2858 1395 3059 1458 πάντες
3084 1397 3134 1448 οί
3163 1394 3338 1449 δοῦλοι
3367 1412 3503 1465 προ-

1919 1473 2232 1542 φθάνουσιν,
2256 1477 2345 1531 ἵνα
2372 1477 2441 1531 τά
2460 1478 2708 1550 βασίλεια
2729 1482 3265 1550 παρασκευάσαντες,
3287 1483 3382 1536 καὶ
3397 1483 3504 1534 πᾶ-

1920 1577 2020 1614 σαν
2039 1561 2139 1632 τὴν
2165 1561 2332 1634 ἀλλην
2361 1564 2784 1636 εὐτρεπίσαντες
2807 1567 3122 1640 θεραπείαν,
3143 1568 3280 1638 μετά
3302 1567 3506 1637 πολλῆς

1917 1647 2014 1716 τῆς
2056 1652 2223 1719 τιμῆς
2257 1651 2625 1718 ὑποδέξωνται
2666 1655 2757 1707 τὸν
2805 1654 3060 1724 βασιλέαο
3119 1655 3262 1708 οὕτω
3305 1654 3368 1726 δὴ
3410 1656 3503 1708 καὶ

1917 1735 2184 1800 ἐνταῦθα,
2237 1737 2491 1810 καθάπερ
2527 1741 2796 1810 βασιλέως
2834 1743 3149 1812 εἰσάγεσθαι
3195 1743 3500 1813 μέλλοντος,

1918 1822 2262 1893 προέφθασεν
2293 1827 2320 1878 6
2343 1827 2516 1896 ἥλιος,
2551 1828 2896 1900 προέδραμεν
2925 1831 2953 1882 ό
2986 1830 3216 1900 οὐρανὸς
3237 1870 3250 1894 ,
3284 1845 3504 1900 προεισ-

1914 1909 2045 1980 ῆλθε
2075 1910 2136 1963 τὸ
2175 1914 2325 1981 φῶς,
2357 1913 2576 1966 ἅπαντα
2624 1914 2815 1982 γέγονε
2868 1916 2963 1968 καὶ
3007 1915 3360 1987 εὐτρεπίσθη,
3408 1916 3502 1967 καὶ

1914 1997 2034 2050 τότε
2072 1999 2100 2050 6
2131 1998 2418 2069 ἄνθρωπος
2450 1999 2587 2070 μετά
2615 2001 2816 2072 πολλῆς
2840 1999 3069 2072 ὕστερον
3099 2003 3382 2069 εἰσάγεται
3403 2002 3502 2072 τῆς

1915 2103 2105 2156 τιμης.

1982 2171 2336 2242 Ποιήσωμεν
2372 2174 2688 2244 ἄνθρωπον
2729 2175 2856 2228 κατ’
2879 2177 3106 2229 εἰκόνα.
3157 2174 3438 2228 Ἀκουέτω
3475 2177 3502 2228 δ

1928 2259 2196 2323 Ἰουδαῖος.
2215 2261 2359 2330 Πρὸς
2384 2261 2506 2314 τίνα
2526 2263 2688 2333 φησιν
2705 2264 2732 2314 6
2761 2262 2914 2328 Θεὸς,
2939 2261 3319 2333 Ποιήσωμειστ
3340 2264 3504 2316 Μωΰο

1915 2347 2053 2410 σέως
2079 2348 2197 2400 ἐστὶ
2230 2347 2296 2401 τά
2325 2349 2652 2421 γράμματα,
2680 2349 2980 2414 Μωῦσέως,
3080 2350 3355 2404 πιστεύειν
3375 2351 3503 2420 ψευ-

1910 2433 2124 2503 δόμενοί
2151 2452 2306 2504 φασι.
2348 2437 2459 2488 Καὶ
2493 2437 2575 2489 ὄτι
2600 2436 2888 2505 ψεύδονται
2923 2437 3017 2490 καὶ
3043 2437 3103 2490 οὐ
3132 2436 3498 2498 πιστεύουσιν,

1910 2522 2075 2575 ἄκουε
2106 2521 2202 2574 τοῦ
2230 2523 2467 2594 Χριστοῦ
2484 2523 2850 2594 διελέγχοντος
2876 2526 3074 2589 αὐτοὺς
3096 2526 3188 2578 καὶ
3217 2524 3465 2593 λέγοντος
3483 2540 3498 2554 ⁸

1909 2612 1980 2662 El
2021 2610 2367 2664 ἐπιστεύετε
2385 2610 2650 2675 Μωϋσεῑ,
2687 2612 3036 2666 ἐπιστεύετε
3068 2611 3145 2666 ἂν
3181 2612 3333 2682 ἐμοί.
3388 2610 3500 2664 Νῦν

1908 2695 1966 2749 δὲ
2003 2699 2133 2767 παρ’
2160 2697 2390 2761 ἐκείνοις
2427 2699 2523 2768 μὲν
2552 2698 2622 2751 τὰ
2646 2698 2848 2767 βιϐλία,
2877 2699 3005 2766 παρ’
3028 2701 3160 2769 ἡμῖν
3183 2697 3240 2752 δὲ
3273 2699 3383 2751 τῶν
3417 2699 3503 2768 βιτ

1909 2781 2072 2838 ὀλίων
2091 2785 2120 2836 ὁ
2158 2783 2428 2856 θησαυρός
2448 2800 2462 2814 ·
2495 2785 2626 2853 παρ’
2652 2786 2884 2850 ἐκείνοις
2903 2786 2972 2838 τὰ
2995 2787 3322 2857 γράμματα,
3347 2785 3500 2859 [655]

1911 2872 2041 2942 παρ’
2057 2874 2188 2943 ἡμῖν
2210 2873 2304 2926 καὶ
2320 2872 2387 2926 τὰ
2404 2872 2711 2946 γράμματα
2732 2874 2826 2927 καὶ
2845 2873 2912 2927 τὰ
2932 2875 3201 2944 νοήματα.
3223 2874 3361 2945 Πρὸς
3378 2875 3501 2926 τίνα

1907 2957 2021 3025 οὖν,
2047 2959 2188 3024 εἰπὲ,
2217 2959 2275 3012 λέ
2287 2977 2390 3028 γει,
2417 2961 2774 3030 Ποιήσωμεν
2799 2960 3117 3029 ἄνθρωπον
3134 2977 3155 3025 ;
3174 2961 3312 3032 Πρὸς
3334 2962 3501 3029 ἄγγε-

1905 3047 2029 3110 λον,
2065 3049 2256 3118 φησὶν,
2303 3048 2336 3118 ἢ
2382 3048 2519 3118 πρὸς
2557 3048 2902 3118 ἁρχάγγελον
2951 3048 3137 3112 ἀτελῶς
3180 3049 3498 3118 φθέγγεται.

1906 3135 2174 3206 Καθάπερ
2201 3134 2308 3208 γὰρ
2324 3137 2372 3189 οἱ
2410 3137 2692 3208 μαστιγίαι
2719 3137 2829 3190 τῶν
2849 3137 3074 3192 οἰκετῶν
3099 3138 3250 3209 παρὰ
3283 3136 3389 3192 τῶν
3411 3137 3500 3190 δεκ

1908 3224 2122 3276 σποτῶν
2170 3225 2588 3296 ἐγκαλούμενοι,
2627 3227 2719 3278 καὶ
2759 3224 2820 3289 ἐξ
2862 3225 3080 3288 εὐθείας
3129 3226 3230 3278 οὐκ
3287 3224 3501 3296 ἔχοντες

1905 3312 2324 3384 ἀποκρίνασθαι,
2361 3315 2422 3367 τὸ
2456 3314 2682 3368 ἐπελθὸν
2714 3314 2860 3369 ἅπαν
2883 3314 3287 3386 προσφέρουσιν
3309 3332 3320 3344 ·
3356 3315 3500 3369 οὓτω

1904 3400 1968 3472 δὴ
2001 3402 2091 3455 καὶ
2134 3403 2325 3474 ὐμεις,
2364 3399 2513 3474 Πρὸς
2535 3402 2784 3471 ἄγγελον,
2812 3403 2970 3472 φατὲ,
3025 3407 3123 3457 καὶ
3157 3403 3497 3474 ἀρχάγγελον

1904 3483 2045 3542 εἷπε.
2083 3489 2241 3543 Ποῖον
2289 3490 2558 3559 άγγελον;
2610 3493 2764 3546 ποῖον
2800 3491 3146 3563 ἀρχάγγελον
3178 3491 3244 3558 ι³;
3282 3492 3356 3544 Οὐ
3385 3492 3496 3563 γὰρ

1904 3578 2150 3648 ἀγγέλων
2178 3579 2295 3632 ἐστὶ
2315 3579 2376 3631 τὸ
2394 3580 2774 3651 δημιουργεῖν,
2797 3581 2918 3633 οὐδὲ
2949 3580 3306 3652 ἀρχαγγέλων
3322 3581 3382 3633 τὺ
3407 3584 3500 3651 ἐρ-

1903 3665 2167 3736 γάζεσθαι
2193 3667 2385 3721 ταῦτα.
2410 3666 2568 3730 Τίνος
2590 3667 2647 3720 δέ
2664 3667 2877 3734 ἕνεκεν,
2915 3669 3005 3721 ὅτε
3026 3668 3124 3738 μὲν
3156 3670 3246 3722 τὸν
3272 3669 3497 3740 οὐρανὸν

1904 3754 2180 3823 ἐποίησεν,
2213 3755 2314 3808 οὐκ
2337 3749 2491 3809 εἶπεν
2514 3755 2732 3826 ἀγγέλῳ
2776 3755 2872 3808 καὶ
2899 3755 3246 3827 ἀρχαγγέλῳ,
3273 3755 3408 3809 ἀλλά
3431 3757 3498 3810 δι’

1904 3842 2099 3896 ἐαυτοῦ
2123 3844 2448 3914 παρήγαγεν
2471 3861 2486 3899 :
2517 3843 2606 3896 ὅτε
2630 3843 2687 3895 δέ
2710 3843 2771 3896 τὸ
2794 3843 3120 3914 τιμιώτερον
3152 3829 3386 3913 οὐρανοῦ
3403 3843 3498 3896 καὶ

1904 3931 2105 3995 παντὸς
2137 3932 2346 4002 κόσμου
2370 3932 2665 4002 παρήγαγε
2705 3932 2872 3996 ζῶον,
2913 3930 3005 3984 τὸν
3037 3930 3343 4002 ἄνθρωπον,
3373 3932 3497 3985 τότε

1902 4021 2027 4082 τοὺς
2046 4018 2266 4081 δούλους
2289 4019 2581 4082 κοινωνοὺς
2600 4018 2667 4070 λα
2675 4018 2870 4089 μὸάνειι
2893 4019 2992 4088 τῆς
3021 4018 3388 4090 δημιουργίας
3409 4037 3422 4087 ;

1975 4108 2040 4178 β’.
2062 4107 2174 4162 Οὐκ
2195 4107 2310 4160 ἔστι
2327 4107 2520 4173 ταῦτα,
2539 4109 2639 4162 οὐκ
2659 4107 2794 4160 ἐστι’
2822 4107 3072 4176 ἀγγέλων
3094 4107 3204 4178 γὰρ
3219 4109 3280 4160 τὸ
3299 4125 3496 4180 παρεσ-

1903 4196 2080 4261 τάναι,
2109 4196 2169 4248 οὐ
2193 4195 2254 4248 τὸ
2267 4194 2621 4266 δημιουργεῖν
2637 4212 2651 4226 ο
2671 4195 3030 4267 ἀρχαγγέλων
3060 4196 3119 4247 τὸ
3138 4195 3495 4267 λειτουργεῖν,

1902 4285 2024 4356 οὐχὶ
2042 4283 2103 4337 τὸ
2122 4283 2350 4355 γνώμης
2369 4286 2651 4338 κοινωνεῖν
2677 4285 2772 4338 καὶ
2789 4284 3006 4355 βουλῆς.
3030 4285 3300 4338 ’Ἄκουσον
3318 4286 3368 4336 τί
3391 4303 3494 4355 φη-

1905 4389 1989 4428 σιν
2023 4373 2252 4437 Ἡσαΐας
2272 4373 2402 4443 περὶ
2425 4373 2536 4426 τῶν
2560 4373 2816 4443 Σεραφὶμ
2835 4373 3140 4443 δυνάμεων,
3167 4373 3274 4426 τῶν
3292 4373 3494 4427 ἀνωτέ-

1905 4477 1984 4530 ρω
2003 4458 2112 4513 τῶν
2143 4458 2500 4531 ἀρχαγγέλων
2527 4476 2540 4490 '
2566 4455 2750 4513 Εἶδον
2769 4459 2877 4512 τὸν
2909 4461 3134 4527 Κύριον
3153 4459 3492 4527 καθήμενον

1901 4546 1998 4600 ἐπὶ
2034 4548 2251 4614 θρόνου
2279 4545 2527 4614 ὑψηλοῦ
2559 4546 2658 4599 καί
2685 4546 3046 4615 ἐπηρμένου,
3077 4545 3177 4599 καὶ
3212 4547 3285 4600 τὰ
3312 4549 3493 4615 Σερα-

1901 4634 2012 4703 φὶμ
2027 4633 2539 4702 παρειστήκεισαν
2558 4635 2766 4700 κύκλῳ
2781 4633 2969 4688 αὑτοῦ
2987 4651 3000 4666 ·
3014 4633 3082 4697 ἐξ
3099 4634 3390 4705 πτέρυγες
3414 4636 3492 4701 τῷ

1901 4721 2012 4785 ἐνὶ,
2048 4719 2148 4774 καὶ
2183 4720 2253 4786 ἐξ
2299 4721 2589 4790 πτέρυγες
2624 4720 2705 4788 τῷ
2735 4722 2829 4774 ἐνί
2855 4737 2868 4750 °
2901 4721 3000 4776 καὶ
3039 4722 3170 4788 ταῖς
3197 4714 3314 4792 μέν
3345 4722 3489 4778 δυσὶ

1901 4809 2149 4876 πτέρυξι
2176 4808 2637 4863 κατεκάλυπτον
2660 4809 2732 4864 τὰ
2757 4810 3052 4878 πρόσωπα
3072 4811 3324 4876 ἑαυτῶν,
3353 4813 3490 4866 ἁποσ

1900 4898 2230 4968 τειχίζουσαι
2276 4896 2519 4968 δηλονότι
2556 4895 2657 4960 τὰς
2699 4897 2871 4967 ὄψεις,
2902 4897 2993 4951 διὰ
3036 4899 3096 4952 τὸ
3130 4898 3204 4970 μὴ
3230 4899 3488 4955 δύνασθαι

1899 4985 1997 5057 τὴν
2018 4986 2084 5038 ἐκ
2107 4984 2200 5038 τοῦ
2237 4984 2426 5056 θρόνου
2461 4986 2771 5057 φερομένην
2793 4986 3079 5058 ἀστραπὴν
3105 4987 3483 5051 ὐποδέξασθαι.

1900 5075 1966 5127 Τί
2000 5073 2216 5142 λέγεις;
2269 5074 2349 5127 Τὰ
2386 5074 2486 5145 μὲν
2523 5076 2776 5146 Σεραφὶμ
2826 5078 3246 5148 παρεστήκασι,
3283 5076 3376 5130 καὶ
3425 5078 3485 5128 ἐν

1902 5161 2141 5234 θαύματι
2162 5161 2402 5233 τοσούτῳ
2420 5161 2528 5216 εἰσὶ
2549 5163 2643 5216 καὶ
2666 5161 2945 5234 ἐκπλήξει,
2970 5164 3064 5217 καὶ
3085 5163 3258 5216 ταῦτα
3283 5179 3485 5230 συγκα-

1900 5253 2129 5307 τάδασιν
2158 5253 2292 5306 Θεοῦ
2324 5252 2590 5324 βλέποντα
2608 5267 2624 5282 ⁸
2657 5252 2879 5322 ἄγγελοι
2909 5253 2964 5306 δὲ
2993 5252 3085 5305 καί
3117 5251 3343 5322 γνώμης
3370 5270 3484 5306 κοι-

1901 5341 2159 5398 νωνοῦσιν
2188 5343 2367 5414 αὐτῷ,
2394 5344 2488 5397 καὶ
2531 5341 2774 5411 σκέψεως
2815 5341 3169 5411 μετέχουσιν;
3215 5340 3354 5395 Ἀλλ’
3383 5341 3483 5395 οὐκ

1903 5432 1968 5486 ἂν
1991 5432 2102 5503 ἔχοι
2129 5432 2307 5502 λόγον.
2363 5431 2523 5484 Ἀλλά
2549 5429 2632 5494 τίς
2658 5431 2772 5482 ἐστι
2806 5427 2942 5499 πρὸς
2973 5429 3032 5484 ὃν
3045 5447 3198 5502 φησι,
3215 5431 3483 5498 Ποιήσω-
3533 5492 3541 5504 ,

1965 5606 1991 5635 ⁸
2016 5603 2139 5664 Reg.
2165 5597 2464 5666 ﬁmgpogro‘ﬁ
2483 5597 2729 5666 κόσμου.ω

1961 5665 1989 5705 b
2017 5654 2442 5726 Ροξῑάρχάγγελον
2486 5654 2589 5726 ιιεεέ
2623 5655 2932 5726 ράῇοίιιῃιιπ
2973 5658 3025 5726 ip
3064 5655 3188 5726 ῐιεε.
3227 5660 3286 5726 τι
3330 5654 3480 5726 Sayil:

1902 5729 2018 5777 εἶπε.
2043 5718 2406 5784 Πὶον’ἑῐίγγέλον
2420 5758 2432 5779 ,
2454 5719 2590 5768 ποῖον
2614 5719 2930 5784 ἀρχάγγελον;
2954 5719 3017 5784 οὐ
3040 5720 3130 5782 γὰρ
3144 5718 3364 5784 ἀγγέλων.
3383 5718 3482 5767 ἐστι

1901 5791 1956 5838 τὸ
1975 5780 2291 5853 δηΜγεῦ),
2311 5784 2421 5833 οὐδέ
2446 5780 2764 5846 ἀρχαγγέλων.
2795 5783 2914 5843 Qua:
2935 5780 3116 5832 desum
3141 5780 3192 5832 in
3217 5780 3389 5832 Marci.
