3964 6440
200 399 298 457 $89

202 510 500 574 consortes?
524 506 580 561 ld
612 504 755 560 nullo
781 500 943 558 modo
976 509 1057 557 est
1100 500 1293 556 rationi
1323 509 1761 555 consentaneum.

206 607 299 664 Sed
324 603 433 675 quis
470 600 559 654 ille
583 605 665 652 est
694 596 758 650 ad
786 609 944 664 quem
985 593 1133 658 dicit,
1166 591 1438 645 Faciamus
1479 588 1775 643 hominem?

208 690 540 755 Admirabilis,
564 687 919 749 consiliarius,
934 694 1147 756 potens,
1170 685 1303 738 Deus
1328 683 1498 749 fortis,
1526 683 1774 751 princeps

207 789 351 860 pacis,
384 795 527 854 pater
552 780 711 833 futuri
750 778 928 831 sat-culi
964 776 1114 847 (Isai.
1146 776 1197 829 9.
1223 774 1301 844 6),
1337 775 1453 843 ipse
1482 782 1565 831 est
1592 772 1773 840 unige-

207 884 334 937 nitus
356 878 441 931 Dei
470 874 651 928 Filius.
685 872 761 926 Ad
786 888 904 926 eum
929 872 1090 941 igitur
1115 870 1246 924 dicit
1265 911 1277 931 ,
1313 867 1584 921 Faciamus
1611 865 1775 918 homi-

194 991 306 1027 nem
326 970 388 1024 ad
403 968 665 1035 imaginem
688 976 732 1018 et
756 963 1138 1017 similitudinem
1164 970 1407 1015 nostram.
1432 959 1613 1030 Neque
1630 957 1773 1011 enim

203 1070 321 1124 dixit
349 1081 510 1119 meam
542 1072 593 1115 et
627 1072 802 1120 tuam,
832 1059 916 1113 vel
946 1073 1119 1111 meam
1149 1065 1203 1110 et
1233 1064 1461 1109 vestram
1484 1095 1499 1119 ,
1532 1052 1627 1107 sed
1649 1094 1664 1119 ,
1694 1052 1774 1104 Ad

192 1159 449 1229 imaginem
474 1164 698 1206 nostram
719 1194 732 1217 ,
762 1150 1003 1204 indicans
1030 1147 1315 1217 imaginem
1350 1160 1507 1198 unam
1539 1152 1592 1197 et
1612 1158 1771 1197 unam

191 1248 574 1306 similitudinem
604 1265 615 1298 :
646 1255 700 1297 at
742 1245 832 1297 Dei
875 1252 927 1297 et
962 1241 1270 1311 angelorum
1315 1253 1419 1293 una
1460 1237 1634 1306 imago
1665 1251 1769 1289 non

190 1352 302 1407 est,
330 1353 494 1409 neque
522 1352 625 1390 una
658 1334 971 1389 similitudo.
1005 1332 1103 1400 Qui
1140 1331 1281 1386 enim
1316 1339 1498 1400 posset
1534 1343 1636 1381 una
1670 1328 1774 1381 Do-

188 1433 315 1489 mini
341 1441 390 1486 ct
418 1430 735 1484 famulorum
773 1441 895 1481 esse
935 1427 1107 1495 imago
1145 1435 1199 1478 et
1226 1422 1562 1477 similitudo?
1595 1421 1773 1490 Itaque

188 1525 329 1578 romni
360 1539 418 1577 ex
459 1530 611 1591 parte
647 1518 983 1573 convincitur
1036 1516 1151 1570 falsi
1199 1530 1377 1569 sermo
1405 1523 1621 1568 vester:
1648 1527 1769 1566 nam

200 1618 480 1672 dominatus
507 1614 789 1683 imaginem
824 1612 908 1665 hic
937 1610 1219 1681 signiﬁcat,
1250 1617 1304 1661 ut
1336 1608 1534 1662 indicat
1555 1614 1608 1661 et
1629 1606 1770 1675 quod

199 1711 433 1781 sequitur.
482 1707 619 1761 Cum
653 1705 797 1759 enim
839 1704 1095 1769 dixisset,
1128 1701 1207 1755 Ad
1242 1702 1508 1771 imaginem
1548 1709 1594 1752 ct
1627 1698 1770 1752 simi-

198 1802 474 1861 litudinem,
530 1797 725 1866 adjecit
771 1813 784 1848 :
849 1794 912 1847 Et
968 1794 1291 1847 dominentur
1344 1792 1561 1863 piscibus
1616 1790 1770 1843 maris

198 1892 332 1960 (Gen.
372 1897 419 1945 t.
463 1889 601 1958 26):
642 1888 944 1941 dominatus
986 1893 1161 1939 autem
1210 1884 1302 1937 Dei
1354 1893 1406 1937 et
1457 1882 1769 1951 angelorum

197 2001 320 2039 unus
340 1999 451 2040 esse
491 1982 696 2052 nequit.
730 1980 1010 2050 Quomodo
1052 1980 1195 2034 enim
1238 1993 1356 2034 esse
1386 1988 1604 2046 posset,
1646 1992 1766 2031 cum

196 2093 317 2131 unus
368 2091 647 2130 servorum
703 2073 770 2128 sit
835 2082 889 2127 et
944 2071 1076 2125 alter
1134 2070 1386 2133 Domini,
1449 2069 1766 2122 famulorum

180 2185 315 2224 -nnus
350 2178 399 2222 et
440 2168 580 2221 alter
614 2164 959 2236 imperantis?
989 2162 1092 2217 Sed
1127 2170 1181 2216 et
1215 2161 1301 2214 alii
1342 2160 1556 2230 quidam
1584 2175 1768 2213 rursus

180 2261 238 2313 'in
274 2274 363 2313 nos
398 2260 677 2327 insurgunt
706 2256 944 2311 dicentes
969 2297 982 2319 ,
1014 2255 1180 2308 Deum
1207 2253 1364 2306 talem
1410 2251 1607 2305 habere
1635 2251 1767 2303 ima-

178 2353 348 2419 ginem
395 2349 609 2419 qualem
650 2357 713 2402 let
760 2361 897 2412 nos,
943 2344 1081 2399 male
1125 2344 1479 2413 intelligentcs
1509 2340 1649 2411 quod
1690 2341 1768 2394 di-

189 2450 317 2495 ctum
362 2448 459 2495 est.
500 2439 691 2508 Neque
732 2439 875 2492 enim
909 2435 1219 2490 substantia:
1262 2433 1395 2487 dixit
1447 2434 1760 2501 imaginem,

180 2532 270 2585 sed
315 2532 620 2586 dominatus
678 2530 1001 2598 imaginem,
1059 2538 1115 2581 ut
1176 2542 1241 2581 ex
1301 2526 1364 2579 iis
1420 2539 1538 2595 qure
1572 2524 1768 2579 deinde

189 2626 522 2695 adjiciuntur,
584 2623 949 2678 ostendemus.
1006 2618 1077 2675 Ut
1132 2619 1272 2673 enim
1339 2618 1477 2672 scias
1535 2617 1765 2670 humana

189 2718 338 2771 forma
378 2717 666 2788 praeditum
696 2730 801 2769 non
842 2728 961 2769 esse
998 2711 1228 2777 Numen,
1270 2709 1393 2764 audi
1429 2709 1649 2764 Paulum
1688 2708 1767 2763 di-

188 2820 375 2864 centem
407 2828 420 2864 :
460 2807 551 2862 Vir
582 2805 785 2878 quidem
825 2821 927 2859 non
956 2804 1098 2858 debet
1137 2802 1292 2855 velati
1316 2841 1331 2867 ,
1357 2816 1471 2853 cum
1509 2800 1573 2853 sit
1597 2800 1766 2867 imago

182 2913 224 2955 et
241 2903 389 2973 gloria
409 2901 500 2956 Dei
521 2918 539 2954 :
567 2900 755 2954 mulier
775 2908 940 2952 autem
961 2897 1124 2967 gloria
1146 2896 1239 2949 viri
1259 2904 1329 2948 est
1355 2894 1427 2965 (1.
1446 2892 1564 2948 Cor.
1586 2893 1761 2964 11.7):

184 3004 428 3063 propterea
474 2995 660 3057 debet,
712 2992 912 3061 inquit,
964 2989 1129 3043 velum
1175 2988 1358 3041 habere
1405 3003 1561 3055 supra
1612 2995 1766 3056 caput

186 3088 328 3158 (ibid.
367 3106 412 3142 υ.
446 3086 557 3159 10).
608 3085 893 3139 Enimvero
918 3083 960 3136 si
1002 3081 1107 3135 hoc
1130 3080 1248 3134 loco
1274 3079 1555 3148 imaginem
1584 3077 1634 3131 id
1667 3093 1762 3146 ap-

180 3180 398 3247 pellavit,
429 3178 702 3249 :cqualcm
732 3175 926 3229 divina:
954 3172 1098 3227 omni
1130 3187 1194 3226 cx
1226 3181 1377 3240 parte
1402 3170 1587 3224 forma:
1617 3168 1766 3224 simi-

177 3270 438 3326 litudinem
476 3268 815 3339 signiﬁcans,
852 3274 918 3320 et
958 3265 1158 3319 idcirco
1204 3263 1297 3318 Dei
1342 3262 1515 3333 imago
1544 3268 1766 3315 vocatur

183 3362 343 3427 homo,
366 3364 485 3433 quia
512 3364 660 3418 Deus
681 3360 955 3429 hocpacto
978 3357 1228 3427 ﬁguratus
1251 3362 1370 3410 est:
1400 3354 1555 3424 igitur
1576 3368 1765 3407 secun-

180 3453 289 3509 dum
317 3456 429 3511 illos
457 3470 564 3510 non
604 3452 774 3506 virum
805 3458 1010 3503 tantum
1030 3448 1096 3502 ad
1124 3447 1408 3517 imaginem
1438 3446 1633 3501 factum
1661 3444 1763 3499 dici

179 3548 460 3617 oportebat,
486 3546 589 3603 sed
618 3545 777 3600 etiam
808 3542 1105 3595 mulierem.
1127 3539 1363 3593 Mulieris
1392 3538 1534 3592 enim
1559 3536 1765 3607 virique

176 3640 325 3710 ﬁgura
356 3649 408 3697 et
437 3639 618 3694 forma
644 3644 700 3689 et
726 3632 1018 3688 similitudo
1045 3638 1127 3685 est
1154 3644 1276 3684 una.
1312 3629 1482 3695 Quam
1512 3628 1670 3699 igitur
1696 3627 1764 3682 ob

177 3748 373 3788 causam
400 3736 578 3803 imago
617 3730 709 3784 Dei
736 3728 817 3781 vir
845 3727 1060 3791 dicitur,
1090 3724 1287 3779 mulier
1306 3737 1434 3777 vero
1461 3737 1565 3775 non
1593 3721 1718 3775 item
1742 3720 1764 3774 ?

166 3824 289 3893 Quia
317 3827 572 3881 nimirum
610 3838 715 3877 non
744 3820 810 3875 de
842 3818 1072 3887 imagine
1101 3815 1428 3870 mentionem
1456 3813 1615 3878 facit,
1645 3828 1764 3882 quae

174 3919 405 3974 informa
446 3918 552 3973 sita
604 3915 695 3979 sit,
723 3912 816 3967 sed
846 3910 914 3965 de
951 3907 1180 3977 imagine
1218 3921 1338 3975 qua:
1380 3905 1433 3959 in
1464 3903 1760 3965 dominatu,

165 4025 307 4081 quam
335 4011 484 4066 solus
511 4008 587 4063 ho
606 4002 900 4069 nio-habet,
934 4015 1038 4053 non
1066 4006 1244 4052 autem
1274 3995 1484 4049 mulier.
1514 3993 1646 4048 Nam
1680 3992 1765 4045 hic

173 4103 369 4171 quidem
397 4098 614 4157 nemini
636 4094 880 4151 subditus
908 4099 1018 4153 est,
1048 4090 1136 4143 illa
1168 4088 1291 4142 huic
1319 4085 1550 4152 subdita,
1582 4100 1765 4154 quem-

167 4196 445 4251 admodum
506 4192 687 4263 inquit
728 4190 917 4242 Deus:
972 4184 1054 4237 Ad
1108 4182 1271 4234 virum
1314 4190 1454 4233 tuum
1510 4178 1765 4232 conversio

175 4297 281 4353 tua,
325 4300 369 4343 et
412 4291 527 4358 ipse
571 4285 649 4338 tui
692 4279 1032 4335 dominabitur
1064 4278 1079 4346 (
1107 4274 1234 4330 Gen.
1286 4275 1339 4329 5.
1388 4269 1517 4343 16).
1564 4271 1765 4326 Idcirco

175 4380 255 4434 Dei
289 4382 505 4452 quidem
556 4380 737 4446 imago
781 4383 862 4429 est
912 4374 1013 4434 vir,
1065 4371 1186 4439 quia
1237 4367 1601 4422 sublimiorem
1648 4366 1767 4419 nul-

169 4474 266 4527 lum
298 4474 459 4529 habet
485 4517 501 4540 ,
535 4466 992 4544 quemadmodum
1024 4465 1132 4518 Deo
1158 4461 1439 4516 sublimior
1457 4467 1540 4514 est
1567 4458 1763 4523 nullus,

168 4568 252 4624 Sed
301 4570 559 4623 omnibus
611 4564 960 4619 dominatur:
1020 4557 1215 4611 mulier
1268 4567 1397 4607 vero
1444 4552 1609 4622 gloria
1662 4552 1765 4605 viri

164 4670 275 4725 est,
327 4662 452 4729 quia
514 4658 638 4711 viro
691 4651 929 4721 subjecta
985 4658 1085 4704 est.
1129 4648 1196 4701 Et
1240 4645 1365 4699 alibi
1420 4658 1606 4697 rursus
1646 4642 1763 4697 ait:

168 4749 279 4803 Non
332 4751 581 4805 debemus
633 4746 883 4801 aestimare
928 4757 1083 4807 auro,
1130 4747 1216 4791 aut
1262 4747 1504 4806 argento,
1552 4744 1638 4787 aut
1686 4735 1764 4788 la-

164 4845 295 4911 pidi,
343 4844 426 4897 vel
472 4840 762 4910 sculptura:
799 4835 953 4897 artis,
1003 4840 1092 4885 aut
1146 4830 1464 4900 cogitationis
1510 4826 1764 4892 hominis,

166 4933 487 4989 Divinitatem
536 4948 651 4987 esse
690 4928 903 4983 similem
953 4925 1086 4997 (Act.
1118 4924 1204 4977 l7.
1236 4918 1344 4991 l6).
1388 4919 1539 4986 Quod
1588 4928 1765 4972 autem

160 5026 301 5091 dicit,
335 5029 480 5081 hanc
513 5020 846 5080 sententiam
874 5017 1034 5071 habet
1060 5036 1072 5070 :
1105 5029 1209 5069 non
1239 5011 1399 5066 modo
1429 5012 1621 5080 ﬁguras
1650 5025 1768 5078 qua:

160 5128 449 5174 «eruuntur
475 5117 701 5174 excedit
727 5112 958 5175 Numen,
988 5108 1083 5164 sed
1110 5121 1283 5177 neque
1306 5120 1460 5159 mens
1486 5104 1767 5158 ellormare

160 5215 257 5268 tale
283 5213 549 5285 quiddam
580 5215 757 5279 potest
783 5248 798 5271 ,
828 5204 1001 5274 qualis
1026 5209 1110 5257 est
1136 5202 1294 5255 Deus.
1322 5198 1421 5267 Qui
1452 5198 1563 5253 ﬁeri
1596 5206 1765 5266 potest

156 5320 300 5375 ergo,
324 5316 383 5361 ut
416 5300 669 5359 hominis
698 5299 919 5367 ﬁguram
950 5294 1146 5349 habeat
1179 5293 1339 5355 Deus,
1370 5306 1491 5344 eum
1525 5306 1591 5345 ne
1618 5305 1770 5343 men-

158 5409 257 5455 tem
284 5400 516 5472 quidem
547 5396 721 5451 ullam
749 5408 904 5464 posse
943 5392 1086 5447 dicat
1120 5390 1316 5445 Paulus
1355 5387 1643 5442 essentiam
1678 5384 1766 5439 Dei

155 5491 291 5561 apud
335 5508 398 5549 se
448 5488 791 5563 cogitatione
840 5481 1168 5540 informare?
1212 5478 1487 5548 Siquidem
1546 5477 1769 5531 formam

154 5595 391 5639 nostram
421 5599 488 5639 ac
520 5585 751 5652 ﬁguram
779 5592 966 5634 omnes
992 5573 1128 5644 apud
1158 5587 1255 5627 nos
1276 5570 1596 5641 cogitatione
1621 5567 1772 5622 facile

154 5678 426 5747 possimus
458 5675 787 5731 informare.
834 5671 1042 5726 Rursus
1084 5666 1152 5723 de
1189 5666 1529 5734 eleemosyna
1570 5677 1772 5716 sermo-

154 5783 272 5823 nem
302 5770 513 5825 inferre
538 5773 861 5829 statueram,
894 5760 987 5817 sed
1018 5759 1170 5814 nobis
1200 5767 1409 5823 tempus
1440 5754 1490 5810 id
1522 5769 1626 5809 non
1654 5769 1773 5822 pcr-

156 5861 353 5918 mittit:
407 5863 751 5937 quapropter
802 5853 961 5909 ﬁnem
1008 5850 1094 5905 hic
1138 5846 1349 5904 dicendi
1394 5845 1670 5911 faciamus,
1726 5845 1769 5898 si

1410 384 1477 441 IN
1514 381 1809 439 GENESIM
1850 379 2076 438 SERMO
2113 382 2201 438 ill.

3383 391 3488 450 590

1885 498 2030 567 prius
2059 497 2127 551 ad
2168 496 2297 551 illud
2340 512 2437 553 vos
2466 500 2727 556 cohortati
2775 500 3056 572 fuerimus,
3100 513 3157 558 ut
3196 504 3504 575 diligenter

1883 589 2061 642 omnia
2088 604 2207 658 quae
2229 589 2370 645 dicta
2392 602 2517 646 sunt
2540 593 2813 648 memoriae
2841 595 3123 662 mandetis,
3153 596 3483 665 multamque

1886 693 2044 736 rectre
2070 684 2491 739 conversationis
2510 700 2691 739 curam
2718 687 2936 756 geratis,
2974 701 3041 741 ne
3068 687 3259 741 frustra
3292 696 3347 742 et
3367 688 3484 743 sine
3504 736 3520 755 ι

1884 774 2058 827 fructu
2099 775 2353 830 collectas
2394 791 2633 845 agamus.
2687 779 2940 845 Quamvis
2982 781 3123 834 enim
3171 770 3511 850 dogmatum,‘

1884 867 2254 923 rectitudinem
2285 883 2667 925 conservemus
2689 913 2703 937 ,
2737 872 2839 926 nisi
2872 887 3091 942 cperunt
3120 876 3291 927 virtus
3328 842 3501 959 accc-1

1880 957 2006 1026 dat,
2054 961 2271 1015 omnino
2318 976 2347 1015 a
2391 963 2495 1017 vita
2536 972 2732 1018 mterna
2787 966 3112 1020 excidemus.
3167 965 3287 1020 Non
3337 966 3482 1021 enim

1883 1052 2066 1114 omnis,
2096 1051 2299 1121 inquit,
2327 1054 2413 1122 qui
2433 1054 2554 1107 dicit
2575 1055 2717 1121 mihi,
2747 1054 2980 1121 Domine,
3006 1055 3246 1123 Domine,
3270 1057 3478 1110 intrabit

1880 1142 1933 1195 in
1976 1159 2186 1213 regnum
2226 1144 2505 1199 ctelorum:
2542 1145 2631 1199 sed
2674 1148 2763 1214 qui
2805 1149 2925 1216 facit
2971 1149 3277 1202 voluntatem
3305 1147 3481 1203 Patris

1879 1235 2010 1299 mei,
2038 1235 2126 1305 qui
2150 1245 2221 1289 est
2247 1236 2298 1290 in
2329 1237 2465 1290 cazlis
2489 1237 2699 1308 (Matth.
2724 1238 2776 1293 7.
2803 1238 2919 1310 21).
2948 1238 3289 1293 Volunlalem
3319 1239 3480 1310 igitur

1881 1325 1974 1381 Dei
2006 1343 2125 1380 cum
2167 1328 2312 1382 omni
2344 1329 2521 1383 studio
2558 1330 2845 1392 faciamus,
2876 1339 2935 1384 ut
2963 1331 3014 1384 in
3043 1330 3204 1385 cmlos
3234 1330 3435 1386 intrare
3462 1372 3479 1396 .

1879 1432 1943 1471 ae
1968 1417 2102 1471 bona
2134 1435 2251 1488 qua:
2280 1430 2573 1489 praeparata
2605 1429 2729 1474 sunt
2759 1420 2854 1486 iis,
2887 1422 2973 1491 qui
3021 1422 3186 1475 Deum
3214 1421 3477 1490 diligunt,

1879 1512 2099 1581 adipisci
2126 1512 2394 1581 possimus
2420 1531 2430 1566 :
2458 1528 2684 1582 quorum
2711 1515 2912 1568 utinam
2938 1528 3035 1567 nos
3059 1514 3339 1584 participes
3363 1513 3478 1568 ﬁeri

1880 1620 2069 1659 omnes
2096 1607 2398 1675 contingat,
2427 1606 2595 1676 gratia
2625 1616 2679 1661 et
2709 1607 3038 1678 benignitate
3068 1607 3279 1662 Domini
3310 1607 3477 1663 nostri

1877 1697 2003 1752 Jesu
2042 1698 2276 1763 Christi,
2309 1715 2429 1753 cum
2455 1715 2562 1770 quo
2592 1700 2768 1765 Patri,
2810 1700 3075 1769 simulque
3123 1709 3308 1754 sancto
3354 1700 3479 1768 Spi-

1878 1790 2002 1841 ritui
2030 1790 2219 1858 gloria,
2250 1790 2531 1860 imperimn
2553 1832 2567 1855 ,
2602 1789 2798 1858 honor,
2833 1807 2973 1846 nunc
3002 1800 3055 1846 et
3075 1806 3306 1862 semper,
3340 1799 3393 1845 et
3424 1789 3477 1844 in

1877 1880 2075 1934 szrcula
2104 1881 2443 1935 smculorum.
2475 1883 2665 1935 Amen.

2497 2124 2727 2180 SEiiilO
2762 2126 2846 2179 lll.

1879 2321 2015 2387 Quid
2042 2320 2104 2373 sit
2127 2320 2276 2384 illud,
2326 2321 2406 2375 Ad
2447 2321 2850 2378 similitudinem
2882 2321 3036 2389 (Gen.
3072 2323 3120 2376 l.
3152 2322 3265 2392 26),
3298 2332 3345 2375 et
3375 2338 3473 2391 qua

1946 2415 2009 2465 de
2039 2429 2192 2465 causa
2214 2454 2226 2474 ,
2271 2429 2384 2465 cum
2409 2414 2589 2467 dixerit
2623 2413 2759 2467 Deus
2795 2431 2884 2467 nos
2921 2414 3174 2466 dominari
3203 2414 3254 2466 in
3292 2413 3426 2481 [eras
3454 2454 3469 2478 ,

1947 2519 2047 2556 non
2082 2504 2400 2557 dominemur
2420 2546 2432 2569 ,
2465 2514 2510 2557 et
2537 2505 2631 2558 hoc
2663 2521 2859 2576 maan
2894 2523 3013 2577 erga
3040 2522 3129 2560 nos
3158 2522 3294 2560 cura:
3317 2522 3473 2577 argu-

1945 2604 2165 2648 mentttm
2194 2612 2317 2649 esse.

1947 2815 1968 2868 i
1985 2853 1997 2866 .
2039 2813 2338 2867 Accuratam
2359 2813 2640 2885 Scriptura:
2665 2815 2922 2869 lectionem
2949 2816 3300 2881 commendat;
3329 2815 3472 2871 Scri-

1873 2916 2076 2978 pturam
2106 2911 2302 2977 confert
2340 2923 2454 2959 cum
2482 2907 2707 2976 gemmis.
2746 2938 2816 2946 -—
2844 2906 3301 2975 Quemadmodum
3334 2906 3470 2961 nihil

1872 2999 2158 3068 proficiunt
2178 2999 2265 3067 qui
2293 2999 2577 3065 seminant,
2603 3014 2723 3055 cum
2746 3014 2901 3054 secus
2925 3001 3063 3054 viam
3092 3000 3297 3055 semina
3323 3000 3467 3068 jacta

1875 3089 2066 3144 fuerint
2098 3107 2111 3143 :
2142 3091 2217 3144 sic
2248 3105 2420 3161 neque
2451 3091 2687 3160 proderit
2713 3091 2756 3146 is
2784 3091 2874 3162 qui
2900 3092 3046 3156 dicit,
3076 3092 3119 3145 si
3141 3091 3206 3145 ad
3235 3101 3467 3145 mentem

1870 3181 2170 3236 auditorum
2203 3182 2377 3236 oratio
2412 3197 2517 3236 non
2558 3183 2777 3246 feratur,
2811 3182 2903 3237 sed
2932 3198 3096 3236 sonus
3124 3183 3270 3236 vocis
3298 3183 3348 3235 in
3380 3197 3469 3236 ae-

1871 3290 1986 3329 rem
2009 3282 2210 3328 temere
2238 3272 2460 3327 diffusus
2486 3273 2784 3328 auditorem
2814 3274 2956 3329 nulla
2990 3286 3234 3343 percepta
3268 3274 3468 3328 utilita-

1872 3377 1924 3420 te
1962 3366 2248 3436 relinquat.
2296 3366 2420 3419 llmc
2464 3374 2640 3420 autem
2668 3381 2695 3418 a
2727 3380 2811 3420 me
2852 3383 2956 3419 non
2986 3366 3101 3421 sine
3128 3382 3285 3420 causa
3326 3367 3466 3421 dicta

1871 3468 1992 3514 sunt
2017 3459 2185 3524 vobis,
2216 3458 2308 3514 sed
2337 3474 2401 3513 ne
2424 3460 2687 3513 faciliores
2714 3467 2915 3513 tantum
2941 3460 3233 3515 sententias
3258 3472 3468 3531 appeta-

1873 3553 1960 3617 tis,
1984 3568 2170 3607 verum
2196 3549 2566 3623 profundiorcs
2584 3553 2740 3607 etiam
2769 3553 3168 3623 aggrediamini.
3190 3552 3299 3607 Nisi
3321 3555 3465 3609 enim

1867 3644 1977 3713 jam
2005 3643 2071 3697 ad
2098 3643 2491 3713 Scripturarum
2521 3643 2773 3699 interiora
2805 3644 3216 3713 descendamus,
3247 3645 3370 3699 dum
3398 3646 3465 3700 ad

1872 3737 2159 3791 natandum
2203 3736 2449 3807 expedita
2483 3736 2635 3791 nobis
2660 3745 2786 3791 sunt
2814 3738 3073 3803 membra,
3104 3737 3230 3791 dum
3261 3739 3468 3793 acutius

1871 3836 2098 3882 cernunt
2127 3828 2288 3892 oculi,
2324 3843 2497 3898 neque
2540 3829 2847 3883 deliciarum
2896 3829 3208 3884 humoribus
3252 3839 3468 3884 contur-

1871 3919 2081 3983 bantur,
2127 3917 2252 3971 dum
2284 3919 2613 3973 constantior
2643 3928 2723 3973 est
2760 3919 3003 3988 spiritus,
3051 3929 3104 3973 ut
3134 3935 3200 3973 ne
3234 3919 3465 3975 suffece-

1872 4027 2013 4077 mur,
2060 4009 2272 4080 quando
2308 4008 2734 4065 descendemus?
2763 4014 2841 4065 An
2884 4026 3002 4065 cum
3040 4010 3244 4066 delicia:
3283 4012 3468 4067 adfue-

1871 4104 1997 4169 rint,
2029 4103 2198 4174 epulae
2221 4143 2236 4166 ,
2267 4104 2519 4170 ebrietas,
2552 4113 2604 4158 et
2633 4104 2861 4174 ingluvie
2889 4104 3195 4159 redundans
3239 4105 3468 4160 mensa?

1873 4198 2030 4267 Atqui
2060 4207 2167 4252 tum
2192 4212 2257 4250 ne
2281 4197 2479 4251 moveri
2506 4196 2719 4267 quidem
2748 4196 2899 4251 facile
2917 4212 3199 4267 possumus
3224 4216 3235 4250 :
3265 4206 3466 4251 tantum

1874 4290 2185 4346 deliciarum
2219 4305 2354 4343 onus
2379 4289 2610 4343 animam
2640 4300 2843 4359 gravat.
2889 4288 3079 4345 Nonne
3106 4289 3296 4344 videtis
3323 4299 3378 4342 ut
3408 4288 3464 4354 ii,

1874 4380 1961 4448 qui
1989 4380 2255 4450 pretiosos
2285 4380 2523 4449 reperire
2566 4380 2770 4450 lapides
2804 4380 3053 4449 cupiunt,
3085 4395 3189 4433 non
3219 4380 3271 4432 in
3311 4379 3468 4433 litore

1874 4486 2087 4525 sursum
2119 4470 2368 4526 sedentes
2420 4470 2717 4539 fluctusque
2749 4479 3091 4524 numerantes
3142 4469 3269 4523 illud
3317 4470 3467 4526 inve-

1875 4561 2025 4615 niant
2043 4560 2182 4629 quod
2211 4569 2476 4629 qurerunt,
2501 4560 2595 4615 sed
2620 4562 2669 4615 in
2689 4559 3007 4630 profundum
3031 4561 3199 4629 ipsum
3222 4560 3469 4614 delaban-

1876 4661 1962 4705 tur
1988 4667 2001 4715 ;
2034 4652 2241 4704 tametsi
2268 4651 2463 4705 multus
2489 4659 2571 4704 est
2621 4651 2670 4703 iu
2702 4650 2992 4719 quatrendo
3020 4650 3188 4715 labor,
3222 4650 3470 4705 multum-

1876 4756 1977 4811 que
2007 4741 2057 4794 in
2082 4738 2401 4793 inveniendo
2430 4739 2737 4803 discrimen,
2762 4748 2815 4794 et
2843 4750 3121 4809 postquam
3144 4741 3465 4807 invenerint,

1877 4833 2081 4886 lucrum
2115 4832 2362 4885 nullum?
2388 4832 2554 4900 Quam
2585 4833 2727 4887 enim
2777 4848 3019 4902 magnam
3055 4833 3105 4887 in
3151 4835 3313 4889 vitam
3366 4850 3469 4890 no-

1877 4936 2041 4981 stram
2090 4924 2343 4979 invehere
2385 4933 2561 4994 potest
2616 4926 2894 4980 utilitatem
2945 4927 3179 4997 lapidum
3234 4929 3471 4984 inventio

1876 5017 2267 5088 pretiosorum?
2303 5016 2511 5071 Utinam
2536 5033 2600 5071 ne
2631 5018 2822 5071 multas
2848 5018 3176 5074 calamitates
3217 5020 3464 5089 importa-

1875 5112 1995 5165 ret!
2025 5108 2166 5164 Nihil
2215 5110 2357 5163 enim
2385 5108 2525 5163 aliud
2554 5109 2715 5163 vitam
2764 5112 3041 5175 subvertit,
3072 5119 3127 5165 et
3166 5124 3376 5163 sursum
3407 5124 3469 5164 ac

1876 5203 2127 5259 deorsum
2158 5210 2343 5255 cuncta
2365 5202 2555 5256 miscet
2580 5211 2776 5272 pratter
2797 5201 2932 5255 hanc
2951 5201 3295 5271 pecuniarum
3325 5202 3468 5256 insa-

1877 5297 2038 5349 niam.
2074 5293 2451 5349 Verumtamen
2475 5294 2545 5349 illi
2568 5303 2622 5349 et
2648 5295 2875 5348 animam
2897 5303 2951 5346 et
2974 5308 3171 5363 corpus
3196 5307 3471 5363 exponunt

1877 5385 2169 5458 quotidiani
2193 5387 2363 5440 vietus
2385 5401 2563 5452 causa,
2593 5399 2756 5454 seque
2783 5383 3029 5438 fluctibus
3050 5384 3300 5439 audacter
3320 5400 3471 5439 com-

1880 5482 2096 5535 mittunt
2125 5495 2138 5532 :
2175 5478 2259 5534 hic
2288 5494 2418 5535 vero
2443 5493 2613 5547 neque
2642 5477 2950 5541 discrimen,
2982 5492 3157 5548 neque
3188 5487 3365 5532 tantus
3391 5478 3473 5532 la-

1879 5573 1979 5627 bor
2008 5579 2109 5635 est,
2143 5584 2326 5625 verum
2356 5569 2596 5639 exiguus,
2627 5576 2681 5623 et
2709 5567 2754 5621 is
2785 5575 3002 5637 propter
3028 5582 3213 5624 eorum
3239 5585 3357 5639 quae
3386 5570 3470 5623 in-

1880 5675 2035 5721 venta
2076 5673 2199 5719 sunt
2225 5662 2686 5717 conservationem
2709 5660 3014 5731 suscipitur.
3048 5661 3178 5716 Nam
3205 5676 3321 5731 quae
3348 5677 3469 5716 cum

1882 5755 2131 5810 facilitate
2160 5759 2370 5824 reperta
2402 5761 2543 5815 sunt,
2585 5751 2782 5806 nullius
2808 5750 2964 5823 pretii
2993 5753 3174 5806 multis
3202 5751 3469 5807 videntur.

1886 5846 2003 5900 Non
2030 5855 2105 5903 est
2159 5845 2209 5898 in
2243 5842 2429 5915 pelago
2468 5842 2755 5914 Scriptura:
2785 5840 3017 5915 procella
3047 5841 3299 5898 fluctuum
3320 5884 3337 5911 ,
3380 5844 3473 5897 sed
