3964 6428
477 365 578 427 591

476 474 673 550 quovis
709 479 866 546 portu
911 466 1244 542 tranquillius
1284 473 1368 523 06¢
1412 465 1520 521 hoc
1555 460 1775 533 ρειιαιιε
1806 475 1820 512 ³
1852 468 2076 513 ³³⁸0⁸⁸³⁸

483 585 592 626 non
616 576 700 625 est
726 566 781 624 in
819 565 1078 621 ohswros
1103 564 1252 619 sinus
1275 559 1454 632 abyssi
1484 572 1544 615 se
1569 555 1874 619 demittere,
1900 563 2079 621 neque

486 661 713 718 rationis
752 658 1056 729 esttertium
1084 669 1341 727 aquarum
1365 650 1630 709 violentia:
1654 648 1881 705 salutem
1926 658 2077 701 suam

487 749 859 818 committere;
888 748 987 806 sed
1021 746 1189 804 multa
1214 746 1303 803 lux
1331 743 1420 801 hic
1457 741 1677 817 effulget
1718 741 1888 795 multo
1916 733 2082 790 radiis

487 840 751 901 solaribus
797 840 927 910 ipsis
970 836 1319 909 splendidior,
1372 833 1540 890 multa
1584 830 1882 894 serenitas;
1907 824 2083 883 omnis

486 931 721 1003 procella
748 929 995 985 submota
1023 938 1127 996 est,
1161 937 1215 985 et
1237 939 1424 984 eorum
1451 938 1571 995 qua
1599 921 1939 993 reperiuntur
1965 929 2087 976 tan-

489 1033 603 1077 tum
631 1033 714 1076 est
746 1022 973 1086 lucrum,
1003 1028 1058 1076 ut
1081 1035 1150 1077 ne
1173 1018 1417 1076 oratione
1435 1014 1651 1088 quidem
1674 1014 1779 1070 ulla
1804 1015 1975 1086 possit
1986 1030 2088 1071 ex-

490 1112 698 1183 plicari.
737 1111 817 1168 Ne
844 1112 1004 1182 igitur
1025 1110 1405 1183 defatigemur,
1441 1108 1536 1165 sed
1567 1106 1963 1179 inquisitionem
1988 1120 2086 1178 ag-

490 1203 818 1276 grediamur.
848 1202 1088 1258 Audistis
1114 1202 1282 1258 Deum
1310 1200 1379 1257 ad
1406 1200 1690 1271 imaginem
1727 1212 1879 1255 suam
1908 1197 2087 1256 homi-

494 1310 617 1351 nem
642 1294 968 1361 condidisse,
992 1303 1048 1350 et
1073 1294 1198 1368 quid
1220 1295 1292 1351 sit
1314 1292 1466 1360 illud,
1489 1293 1571 1348 Ad
1592 1291 1864 1364 imagines:
1885 1301 1935 1347 et
1951 1292 2094 1348 siuti-

495 1387 779 1451 litudinem,
805 1384 1058 1453 diximus,
1086 1401 1280 1457 nempe
1304 1401 1412 1443 non
1435 1399 1555 1443 esse
1599 1384 1914 1441 substantiae
1938 1398 2093 1440 com-

496 1479 831 1548 parationcm
855 1520 872 1544 ,
927 1478 1021 1535 sed
1073 1477 1379 1535 dominatus
1433 1477 1837 1535 similitudinem
1894 1496 1908 1533 :
1961 1477 2095 1535 illud

500 1581 678 1627 autem
698 1612 715 1638 ,
747 1570 830 1626 Ad
852 1571 1234 1627 similitudinem
1256 1613 1272 1640 ,
1301 1571 1503 1628 indicat
1540 1572 1727 1628 mitem
1754 1586 1818 1627 ac
1841 1584 2096 1629 mansne-

505 1675 615 1718 tum
637 1678 759 1719 esse
777 1672 1046 1734 oportere,
1076 1663 1294 1736 Deoque
1318 1679 1417 1735 pro
1438 1665 1642 1721 viribus
1661 1664 1868 1720 ratione
1887 1663 2098 1721 virtutis

504 1756 784 1812 assimilari
810 1798 825 1821 ,
858 1765 1018 1826 prout
1060 1756 1138 1811 ait
1177 1755 1424 1813 Christus
1452 1773 1465 1809 :
1497 1755 1674 1812 Estote
1718 1756 1908 1811 similes
1946 1754 2099 1811 Patri

503 1863 617 1902 meo
634 1890 650 1914 ,
689 1848 776 1919 qui
799 1849 852 1903 in
880 1848 1017 1903 culis
1044 1858 1118 1903 est
1149 1846 1374 1921 (Matth.
1405 1850 1461 1907 5.
1491 1849 1565 1905 45
1582 1848 1623 1920 ).
1650 1846 1722 1905 Ut
1747 1849 1891 1905 enim
1921 1848 1975 1903 in
2001 1848 2101 1903 hac

504 1941 609 1997 lata
630 1951 686 1998 et
709 1943 943 2013 spatiosa
968 1951 1111 1998 terra
1135 1942 1380 2013 quaedam
1407 1942 1657 1999 animalia
1678 1943 1846 2015 magis
1872 1950 1999 1999 sunt
2018 1956 2104 1997 ra-

506 2032 671 2089 tionis
698 2034 959 2103 expertia,
990 2032 1237 2105 quzedam
1271 2032 1567 2090 ferociora:
1597 2034 1676 2089 sic
1702 2034 1754 2088 in
1779 2034 1975 2088 anima:
2002 2047 2102 2088 no-

505 2134 636 2181 stra:
660 2124 939 2182 latitudine
963 2125 1207 2197 quasdam
1237 2136 1366 2183 sunt
1401 2141 1433 2180 a
1475 2126 1684 2182 ratione
1723 2127 1893 2197 magis
1917 2126 2105 2182 aliena:

509 2231 576 2273 ac
593 2216 843 2275 belluiua:
859 2218 1229 2289 cogitationes,
1251 2219 1496 2290 quoidam
1528 2217 1815 2276 ferociores
1833 2226 1889 2274 et
1918 2218 2106 2274 imma-

510 2309 712 2367 niones.
737 2310 1057 2382 Suhigendtc
1086 2311 1246 2382 igitur
1271 2325 1337 2367 ac
1376 2310 1658 2367 domanda:
1690 2319 1849 2378 sunt,
1892 2325 2108 2367 earum-

509 2417 614 2473 que
634 2400 943 2458 dominatus
971 2402 1164 2458 rationi
1188 2401 1625 2458 committendus.
1661 2402 1726 2457 Et
1752 2403 1841 2473 qui
1868 2400 1984 2458 fieri
2012 2415 2109 2473 po-

513 2503 651 2561 test,
706 2491 852 2548 dicet
898 2493 1091 2565 aliquis
1113 2534 1129 2561 ,
1159 2502 1221 2550 ut
1246 2493 1537 2550 belluinam
1564 2493 1942 2565 cogitationem
1986 2493 2107 2563 quis

513 2584 764 2657 subigat?
800 2583 937 2654 Quid
964 2585 1065 2651 ais,
1094 2584 1166 2640 mi
1194 2584 1388 2640 homo?
1416 2584 1627 2641 Leones
1662 2583 1980 2656 subigimus,
2008 2600 2109 2641 eo-

518 2694 746 2751 rumque
772 2678 980 2734 animas
1005 2678 1215 2735 cicures
1238 2677 1536 2745 reddimus,
1558 2686 1614 2734 et
1633 2678 1846 2734 dubitas
1874 2694 1942 2734 an
1964 2678 2110 2749 cogi-

516 2769 774 2825 tationum
809 2766 1068 2823 feritatem
1089 2768 1158 2822 ad
1185 2767 1647 2824 mansuetudinem
1675 2770 1846 2838 possis
1868 2767 2113 2824 traduce-

516 2856 620 2915 re?
648 2854 884 2915 Tametsi
914 2858 1056 2914 leoni
1086 2860 1342 2916 naturalis
1378 2868 1461 2915 est
1488 2857 1707 2925 feritas,
1740 2868 1935 2929 przeter
1959 2866 2115 2915 natu-

518 2966 633 3007 ram
669 2959 847 3006 autem
876 2949 1269 3016 mansuetudo;
1314 2950 1407 3006 tibi
1449 2964 1580 3007 vero
1620 2958 1805 3006 contra
1856 2951 2114 3007 naturalis

518 3056 601 3099 cst
626 3042 960 3114 benignitas,
991 3040 1173 3099 feritas
1201 3056 1329 3098 vero
1372 3051 1568 3114 ιιι-αξιοι·
1604 3052 1866 3097 naturam.
1899 3041 2115 3114 Ergone

519 3132 611 3205 qui
640 3133 692 3188 id
712 3132 937 3204 expellis
962 3133 1102 3205 quod
1124 3144 1203 3189 est
1233 3132 1494 3198 naturale,
1524 3141 1581 3189 et
1601 3134 1792 3189 anima:
1820 3133 2008 3190 bellua:
2034 3134 2115 3190 in-

527 3226 663 3282 seris
692 3225 835 3296 quod
874 3234 1070 3296 praeter
1106 3235 1349 3281 naturam
1379 3234 1489 3293 est,
1537 3225 1591 3281 in
1620 3234 1709 3282 tua
1737 3226 1902 3298 ipsius
1936 3227 2115 3284 anima

528 3312 670 3388 quod
708 3325 791 3372 est
827 3316 1069 3372 naturale
1100 3331 1206 3373 non
1242 3315 1443 3387 poteris
1469 3316 1828 3372 conservare?
1854 3308 1980 3389 quis
2014 3316 2119 3373 hoc

520 3426 745 3468 summa:
782 3425 889 3467 non
919 3410 1119 3467 tribuat
1142 3409 1517 3483 negligentia?
1553 3407 1689 3465 Nam
1720 3409 1772 3465 in
1798 3410 1971 3466 leonis
1993 3410 2117 3482 qui-

520 3500 645 3558 dem
670 3502 850 3559 anima
896 3510 1094 3574 prmter
1133 3501 1271 3557 hanc
1313 3500 1598 3558 difﬁcultas
1646 3508 1729 3557 est
1754 3501 1925 3558 altera
1971 3518 1986 3556 :
2035 3511 2120 3557 est

524 3597 669 3652 enim
690 3606 886 3666 expers
911 3595 1378 3651 ratiocinationum
1401 3595 1580 3650 anima
1604 3594 1816 3651 bellum.
1847 3593 1916 3650 Et
1941 3604 2120 3650 tamen

525 3688 710 3744 leones
736 3702 882 3758 Stch
908 3687 1117 3743 vidistis
1153 3687 1342 3743 ovibus
1378 3687 1772 3743 mansuetiores
1810 3702 1905 3758 per
1946 3686 2120 3743 forum

524 3776 671 3845 duci,
702 3788 758 3835 et
787 3779 938 3835 multi
960 3780 1050 3851 qui
1080 3780 1132 3835 in
1159 3777 1387 3835 ofﬁcinis
1415 3789 1697 3836 versantur
1718 3780 2000 3851 pecuniam
2021 3795 2119 3837 eo-

525 3887 645 3928 rum
674 3871 881 3929 custodi
923 3882 1206 3928 numerant
1243 3880 1512 3945 tamquam
1542 3872 1673 3927 artis
1717 3872 2017 3929 mercedem
2059 3887 2124 3929 ac

526 3964 732 4035 peritirc
756 4008 771 4034 ,
815 3974 920 4036 qua
944 3965 1175 4022 belluam
1204 3966 1438 4021 cicurem
1477 3963 1709 4021 reddidit
1739 3981 1753 4019 :
1783 3973 1838 4020 at
1867 3964 1920 4019 in
1945 3964 2123 4020 anima

529 4067 616 4111 tua
661 4065 715 4111 et
754 4057 893 4112 ratio
940 4067 1020 4113 est
1065 4067 1123 4114 et
1166 4057 1257 4113 Dei
1298 4057 1476 4123 timor,
1508 4056 1842 4130 multumque
1891 4056 2125 4128 undique

528 4146 786 4201 auxilium
831 4147 1151 4203 ostenditur.
1195 4148 1273 4204 Ne
1300 4149 1459 4220 igitur
1487 4156 1781 4220 praitestus
1808 4157 1863 4205 et
1898 4164 2124 4205 excusa-

533 4239 707 4293 tiones
736 4238 1016 4294 obtcndas.
1041 4237 1200 4295 Potes
1225 4240 1389 4307 enim,
1421 4240 1466 4296 si
1492 4240 1647 4307 velis,
1672 4240 1784 4297 lleri
1813 4252 2127 4297 mansuetus

530 4339 586 4383 ct
612 4327 769 4386 lenis.
803 4326 1081 4386 Faciamus
1110 4330 1359 4385 hominem
1377 4332 1446 4385 ad
1472 4331 1743 4402 imaginem
1767 4340 1812 4387 et
1831 4331 2125 4387 similitudi-

532 4441 646 4481 ucm
674 4432 919 4492 nostram,
943 4432 989 4479 ct
1018 4425 1307 4480 dominetur
1329 4423 1519 4480 bestiis.

600 4519 655 4573 2.
689 4508 966 4575 ϐεηιὶιὶιιιη
1008 4518 1278 4588 objectioui
1314 4518 1603 4589 respondet.
1635 4516 1792 4574 Initio
1817 4518 2128 4592 [eras-homo

534 4627 634 4665 non
656 4610 879 4665 timebat.
912 4640 983 4650 -—
1008 4608 1121 4665 Hoc
1149 4608 1267 4665 loco
1288 4609 1571 4680 insurgunt
1591 4609 1644 4665 in
1672 4623 1770 4665 nos
1794 4610 2041 4681 gentiles,
2073 4619 2131 4664 ot

539 4700 593 4756 id
620 4699 753 4756 falso
778 4698 882 4756 dici
911 4698 1274 4767 contendunt;
1306 4715 1411 4755 non
1448 4700 1593 4756 enim
1624 4714 1724 4756 nos
1746 4701 1934 4757 bestiis
1959 4700 2132 4758 domi-

536 4808 764 4861 namur;
814 4793 944 4862 ipsa;
990 4792 1146 4849 nobis
1189 4793 1366 4863 potius
1416 4792 1757 4850 dominantur
1797 4793 2131 4865 multumque

539 4892 741 4941 metum
774 4882 1038 4954 injiciunt.
1070 4883 1213 4940 Sane
1248 4883 1463 4957 quidem
1491 4883 1596 4941 hoc
1635 4899 1824 4941 verum
1867 4900 1977 4942 non
2002 4894 2087 4942 est
2113 4902 2127 4938 :

535 4975 739 5033 sufficit
761 4974 904 5032 enim
932 4974 1000 5031 ad
1026 4974 1251 5031 bestiam
1280 4975 1597 5047 abigendam
1627 4975 1672 5031 si
1697 4974 1859 5033 facies
1899 4974 2131 5033 humana

528 5080 848 5143 compareat
876 5087 898 5125 ι
950 5076 1128 5125 tantus
1165 5069 1218 5124 in
1260 5083 1352 5125 eas
1400 5085 1432 5125 a
1472 5068 1630 5126 nobis
1669 5069 1831 5126 timor
1870 5069 2127 5127 dimanat.

536 5161 692 5231 Quod
734 5160 905 5218 sicubi
932 5158 999 5217 ad
1038 5174 1098 5216 se
1128 5157 1460 5217 ulciscendas
1487 5161 1743 5232 impetum
1769 5160 1986 5231 faciant,
2017 5163 2133 5222 sive

538 5254 678 5311 fame
707 5261 952 5324 cogente,
984 5251 1099 5309 sive
1119 5250 1259 5323 quod
1279 5265 1377 5308 nos
1393 5251 1491 5324 ipsi
1513 5267 1605 5309 cas
1624 5253 1681 5309 in
1708 5253 1978 5325 angustias
2004 5255 2132 5312 red-

539 5342 768 5414 igamu’s,
806 5344 992 5414 eisque
1019 5342 1127 5397 vim
1171 5341 1492 5409 inferamus,
1538 5344 1643 5399 hoc
1695 5359 1826 5400 vero
1866 5346 2134 5418 perfectus

540 5451 647 5490 non
675 5444 759 5489 est
780 5434 1107 5491 dominatus.
1135 5434 1317 5507 Neque
1338 5435 1482 5492 enim
1503 5435 1549 5493 si
1589 5437 1709 5508 quis
1739 5448 1979 5496 nostrum
2005 5440 2135 5499 visis

541 5523 841 5581 latronibus
865 5525 1121 5597 impetum
1149 5524 1466 5583 facientibus
1491 5537 1748 5599 armetur,
1789 5539 1847 5587 et
1871 5531 1938 5588 ad
1963 5548 2023 5589 se
2048 5535 2134 5591 ul-

543 5615 850 5672 ciscendum
875 5634 935 5674 se
963 5630 1274 5690 comparet,
1313 5620 1619 5680 dominatus
1643 5625 1897 5695 appellari
1926 5642 2013 5683 res
2042 5629 2132 5684 illa

547 5713 721 5772 tiotest
744 5747 760 5773 ,
790 5708 882 5764 sed
915 5710 1141 5780 propriae
1170 5712 1362 5768 salutis
1387 5714 1596 5771 tuendae
1621 5715 1922 5774 sollicitudo
1952 5735 1966 5772 :
1992 5726 2130 5774 atta-

544 5812 669 5853 men
698 5812 806 5867 non
834 5801 954 5862 inde
977 5819 1161 5876 quer
1185 5805 1570 5881 defensionem,
1593 5809 1688 5868 sed
1712 5810 1945 5882 aliunde,
1969 5827 2127 5884 quam

1225 352 1283 411 S.
1326 346 1606 410 JOANNIS
1642 335 2120 402 CiiRYSOSTOIll
2184 336 2522 397 ARCHIEP.‘
2549 337 3090 397 CONSTANTINOP.

3710 220 3741 233 ἐ

2188 452 2339 510 vobis
2366 451 2498 510 utile
2522 452 2686 511 tuerit
2997 455 3272 513 Timasius
3298 456 3502 515 bestias
3528 474 3597 517 ac
3618 462 3803 518 refor-

2186 545 2470 613 midamus,
2496 553 2658 616 atque
2679 545 2956 603 dominatu
2977 547 3311 605 excidimus:
3334 565 3448 607 non
3474 566 3651 625 nego;
3680 555 3803 611 inn

2186 648 2383 709 sponte
2404 638 2844 697 confiteorznon
2884 650 3067 699 tamen
3105 641 3160 698 id
3196 642 3513 701 mordacem
3544 646 3800 703 caecini

2189 730 2362 802 legem
2386 730 2643 787 ostendit.
2668 731 2785 787 Non
2810 732 2952 789 enim
2982 735 3057 789 ita
3084 748 3145 790 se
3168 749 3256 791 res
3286 734 3560 793 habebant
3583 753 3616 792 a
3640 739 3802 809 pria-

2190 823 2365 895 cipio,
2408 823 2508 880 sed
2551 823 2860 882 metuebant
2892 833 2953 883 et
2987 827 3331 895 tremebant,
3375 844 3545 901 seque
3584 829 3804 888 lio-ini

2194 922 2464 986 tamquam
2509 915 2730 972 domino
2769 916 3157 974 submittebant
3186 936 3201 973 :
3230 919 3482 990 queuizim
3511 931 3697 984 autem
3729 921 3802 977 ﬁ-

2192 1007 2350 1064 ducia
2395 1016 2452 1064 et
2490 1007 2698 1067 honore
2735 1009 3069 1077 excidimus,
3111 1010 3313 1067 idcirco
3354 1012 3475 1068 illas
3517 1014 3803 1071 linteatus.

2197 1099 2352 1158 Unde
2376 1115 2503 1156 vero
2527 1100 2580 1155 id
2605 1101 2857 1156 constat?
2882 1101 3110 1157 Adduxit
3137 1102 3323 1158 bestias
3349 1105 3420 1158 ad
3439 1104 3607 1160 Atlans
3629 1104 3806 1173 υοω,

2198 1200 2256 1246 ιιι
2280 1190 2473 1248 videret
2500 1190 2624 1263 quid
2647 1202 2845 1247 vocaret
2870 1207 2960 1249 eas
2983 1192 3140 1262 (Gen.
3162 1193 3217 1247 2.
3249 1193 3340 1266 l9)
3364 1212 3380 1250 :
3400 1211 3576 1267 neque

2198 1281 2371 1337 Adam
2394 1281 2551 1353 quasi
2581 1282 2774 1339 timore
2800 1292 3082 1355 correptus
3102 1325 3120 1350 ,
3151 1285 3246 1341 sed
3272 1293 3538 1358 tamquam
3561 1289 3816 1346 subtilis

2199 1371 2304 1427 sibi
2336 1372 2507 1428 servis
2532 1372 2750 1433 sentina
2785 1376 2992 1429 cum-tis
3018 1375 3294 1447 imposuit.
3324 1377 3441 1436 Hoc
3464 1393 3591 1437 vero
3614 1380 3814 1444 det-io

2201 1472 2359 1519 natus
2399 1473 2483 1519 est
2527 1462 2798 1519 indicium.
2845 1464 3207 1534 Quamobrem
3244 1469 3430 1526 volens
3461 1472 3619 1527 etiam
3654 1470 3815 1529 Deus

2203 1569 2300 1626 per
2328 1553 2431 1610 hoc
2458 1554 2534 1609 illi
2560 1568 2672 1610 sua:
2699 1558 2979 1626 potestatis
3004 1558 3291 1617 ostettderc
3318 1561 3628 1631 dignitatem
3651 1604 3671 1632 ,
3696 1579 3814 1619 nos

2207 1648 2410 1702 minuat
2454 1646 2852 1719 impositionem
2895 1649 2995 1721 ipsi
3040 1652 3321 1721 permisit,
3352 1662 3510 1725 aulae
3546 1655 3815 1727 imposita

2205 1738 2311 1794 illis
2348 1740 2563 1796 nomina
2607 1741 2663 1795 in
2708 1741 2788 1798 eis
2830 1756 2902 1798 ex
2946 1742 3039 1797 illo
3084 1752 3330 1815 tempore
3364 1760 3813 1816 permanserunt.

2210 1828 2375 1887 Omne
2399 1832 2541 1889 enim
2558 1831 2698 1904 quod
2716 1832 2909 1888 amavit
2928 1831 3119 1901 Adam,
3138 1835 3237 1890 hoc
3256 1851 3442 1892 natm
3457 1836 3579 1906 illis,
3601 1839 3814 1910 inquit.

2208 1921 2390 1994 itaque
2420 1939 2581 1980 unum
2608 1924 2711 1979 hoc
2739 1922 2992 1981 indicium
3018 1933 3102 1982 est
3141 1925 3212 1983 ab
3249 1926 3401 1984 initio
3425 1927 3561 1985 feras
3587 1928 3812 1987 homini

2210 2014 2478 2071 terribiles
2498 2029 2608 2070 non
2635 2014 2798 2072 fuisse
2826 2031 2841 2069 :
2865 2015 3091 2072 alterum
3118 2032 3248 2074 vero
3270 2019 3428 2075 etiam
3450 2019 3604 2090 priori
3626 2024 3817 2078 mani-

2209 2106 2400 2165 festius
2424 2116 2511 2163 est
2530 2149 2546 2175 ,
2578 2109 2849 2179 serpentis
2888 2109 3212 2181 colloquium
3244 2125 3369 2167 cum
3395 2112 3631 2170 muliere.
3665 2114 3817 2171 Nam

2209 2200 2254 2256 si
2279 2200 2546 2257 terribiles
2554 2196 2865 2258 hominibus
2880 2200 3107 2259 fuissent
3125 2202 3329 2271 bestiis,
3348 2204 3535 2261 mulier
3548 2220 3819 2278 serpente

2209 2305 2499 2366 conspecto
2515 2311 2620 2351 non
2636 2296 2942 2363 mansisset,
2959 2312 3144 2354 verum
3158 2297 3480 2370 aufugisset;
3496 2314 3672 2371 neque
3686 2316 3821 2359 eon-

2210 2389 2387 2446 silium
2416 2387 2719 2446 admisisset
2737 2390 2778 2456 ί,
2816 2404 2991 2460 neque
3016 2399 3161 2447 tanta
3186 2405 3311 2447 cum
3337 2392 3617 2448 securitate
3642 2394 3821 2453 collo-

2210 2488 2377 2551 quuta
2393 2495 2517 2537 cum
2538 2479 2631 2536 illo
2652 2478 2861 2547 fuisset,
2882 2479 2980 2538 sed
3004 2479 3285 2538 confestim
3305 2482 3373 2537 ad
3392 2491 3666 2553 aspectum
3693 2484 3819 2555 ejus

2210 2571 2575 2643 obstupefacta
2601 2569 2961 2644 profugisset:
2983 2571 3095 2643 jam
3119 2586 3248 2629 vero
3267 2579 3323 2629 et
3338 2572 3685 2645 colloquitur,
3711 2590 3818 2632 nec

2214 2663 2526 2720 reformidat
2547 2705 2564 2731 ,
2592 2663 2734 2736 quod
2763 2664 3001 2721 nondum
3027 2663 3119 2721 ille
3143 2664 3303 2721 timor
3321 2674 3490 2722 esset.
3522 2666 3817 2736 Postquam

2217 2763 2397 2810 autent
2438 2763 2713 2826 peccatum
2756 2755 3013 2821 intravit,
3042 2754 3271 2827 dignitas
3306 2756 3472 2812 etiam
3502 2767 3583 2813 est
3610 2757 3816 2815 ablata.

2217 2846 2285 2903 Et
2313 2846 2451 2903 sicut
2479 2846 2618 2903 inter
2644 2845 2876 2904 famulos
2901 2847 2993 2919 qui
3020 2847 3360 2906 honestiores
3382 2859 3513 2905 sunt
3534 2858 3595 2905 et
3615 2850 3819 2906 clario-

2217 2954 2326 3008 res,
2349 2939 2622 2996 conservis
2641 2939 2755 2996 suis
2774 2941 2969 2998 terrori
2992 2948 3140 3007 sunt,
3165 2942 3257 3012 qui
3277 2951 3460 2998 autem
3482 2941 3820 3000 oﬂ‘endcrunt

2219 3029 2429 3099 lterum,
2453 3046 2745 3090 conservos
2769 3031 2960 3089 timent
2983 3050 2996 3087 :
3017 3033 3097 3089 sic
3115 3043 3169 3089 et
3193 3032 3396 3089 homini
3417 3035 3656 3105 contigit.
3684 3034 3820 3090 Nam

2218 3122 2348 3180 dum
2388 3123 2579 3181 liducia
2615 3124 2758 3197 apud
2796 3125 2967 3180 Deum
2997 3125 3143 3181 salva
3173 3125 3413 3193 mansit,
3445 3127 3701 3182 terribilis
3724 3128 3822 3185 iuit

2218 3216 2406 3274 bestiis
2434 3234 2449 3271 :
2476 3226 2759 3289 postquam
2784 3227 2962 3274 autem
2988 3217 3233 3286 offendit,
3254 3218 3421 3276 etiam
3447 3220 3666 3277 ultuuos
3691 3236 3826 3275 con-

2220 3322 2501 3364 servorum
2542 3308 2798 3379 deinceps
2835 3309 3027 3365 timuit.
3066 3310 3222 3378 Quod
3255 3311 3301 3367 si
3338 3310 3444 3367 hoc
3482 3311 3554 3367 ita
3580 3327 3686 3367 non
3712 3312 3778 3368 sit
3802 3354 3820 3378 ,

2217 3400 2445 3457 ostende
2486 3411 2541 3457 tu
2586 3400 2718 3456 mihi
2756 3399 2924 3458 fuisse
2968 3402 3234 3458 terribiles
3277 3400 3588 3460 hominibus
3627 3405 3825 3461 beatias

2218 3504 2349 3550 ante
2370 3502 2652 3565 peceatum
2681 3512 2694 3548 :
2719 3494 2861 3565 atqui
2892 3510 2999 3550 non
3024 3494 3245 3565 poteris.

2296 3584 2473 3640 Timor
2502 3584 2781 3640 bestiarum
2820 3586 2960 3641 utilis
3000 3585 3217 3641 honuni.
3265 3614 3335 3627 —
3363 3587 3517 3655 Quod
3552 3589 3599 3645 si
3642 3598 3824 3659 postea

2222 3675 2389 3732 subiit
2416 3676 2575 3732 timor
2596 3717 2614 3741 ,
2645 3675 2749 3732 hoc
2773 3678 2934 3734 etiam
2970 3678 3347 3735 sollicitudinis
3378 3680 3587 3736 Domini
3615 3691 3699 3738 est
3734 3698 3825 3737 ar-

2225 3778 2557 3842 gumentum.
2587 3770 2718 3826 Nam
2742 3772 2787 3826 si
2818 3781 2939 3842 post
2968 3770 3172 3828 homini
3199 3771 3375 3829 traditi
3397 3788 3427 3827 a
3451 3773 3561 3830 Dee
3584 3777 3827 3831 mandati

2229 3865 2705 3935 transgressionem
2732 3864 2941 3935 hiteger
2963 3864 3018 3919 in
3050 3880 3173 3920 eum
3199 3880 3232 3920 a
3262 3865 3372 3922 Deo
3397 3865 3622 3922 collatus
3656 3867 3828 3923 hortor

2228 3957 2518 4013 mansisset
2544 3956 2819 4024 immotus,
2845 3955 2984 4012 haud
3015 3956 3220 4013 faciles
3245 3957 3395 4028 lapsu
3424 3960 3825 4017 resurresisset.

2226 4051 2455 4121 Quando
2488 4052 2630 4108 enim
2660 4062 2716 4108 et
2750 4051 3124 4110 inobedientes
3151 4062 3210 4110 et
3239 4054 3554 4112 obedientes
3584 4057 3698 4126 pari
3728 4056 3827 4112 lto-

2228 4159 2364 4200 nore
2398 4144 2682 4210 fruuntur,
2712 4144 2779 4200 ad
2825 4144 3222 4216 immobitatem
3261 4147 3576 4205 erudiuntur
3617 4150 3825 4221 magis,

2230 4251 2407 4308 neque
2434 4236 2590 4294 facile
2618 4252 2647 4292 a
2676 4238 2809 4294 vitio
2833 4237 3120 4296 desistunt.
3152 4239 3210 4297 Si
3240 4242 3386 4297 enim
3424 4241 3537 4312 jam
3562 4258 3689 4298 cum
3718 4253 3826 4299 ter-

2229 4344 2385 4387 rores
2422 4339 2478 4387 et
2521 4345 2695 4402 ptume
2735 4347 2802 4389 ac
2844 4333 3106 4405 supplicia
3152 4334 3471 4403 imminent,
3510 4337 3830 4409 resipiscam

2234 4437 2344 4479 non
2370 4422 2677 4495 dignantur,
2704 4425 2893 4495 quales
2922 4424 3152 4482 fuissent
3177 4426 3224 4482 si
3249 4426 3382 4482 nihil
3407 4442 3571 4500 grave
3594 4440 3698 4498 pro
3720 4429 3832 4485 suis

2232 4515 2443 4575 delictis
2469 4519 2609 4588 passi
2636 4517 2858 4574 essent?
2885 4519 3067 4589 Itaque
3097 4519 3252 4575 nobis
3278 4519 3588 4576 dominatus
3616 4522 3692 4577 ob
3718 4522 3829 4578 siu-

2227 4608 2472 4678 gularent
2512 4610 2686 4665 nostri
2726 4624 2915 4666 curam
2961 4617 3017 4665 et
3062 4610 3476 4666 sollicitudinem
3520 4627 3552 4668 a
3594 4613 3709 4668 Deo
3746 4622 3832 4668 est

2233 4699 2462 4756 ablatus.
2492 4700 2573 4757 Tu
2596 4716 2726 4758 vero
2749 4701 2838 4758 hic
2857 4716 3068 4773 quoque
3094 4701 3417 4760 ineﬂ‘abilem
3443 4704 3563 4775 ejus
3589 4704 3831 4776 benigni-

2238 4804 2400 4850 tatem
2434 4795 2740 4851 eonsidera.
2778 4794 3057 4867 Siquidem
3099 4796 3270 4852 Adam
3309 4806 3480 4854 totum
3521 4795 3831 4857 mandatum

2236 4885 2473 4953 violavit,
2500 4896 2564 4942 ac
2590 4887 2761 4958 legem
2793 4895 3161 4958 transgressus
3189 4898 3274 4943 est
3296 4906 3313 4941 :
3344 4888 3485 4944 Deus
3513 4899 3701 4946 autem
3729 4906 3834 4946 non

2238 4988 2407 5036 totum
2445 4981 2712 5037 honorem
2746 4981 3005 5048 sustulit,
3037 4996 3210 5053 neque
3252 4990 3363 5038 tota
3403 4997 3527 5038 eum
3570 4993 3837 5054 potestate

2237 5074 2459 5145 deiecit,
2486 5075 2582 5132 sed
2609 5091 2673 5131 ea
2699 5074 2977 5133 dumtaxat
2996 5075 3067 5131 ab
3090 5076 3209 5146 ejus
3232 5077 3463 5148 imperio
3487 5080 3695 5136 exemit
3717 5081 3832 5135 ani-

2233 5169 2396 5226 malia
2421 5209 2439 5234 ,
2463 5184 2584 5240 qua:
2609 5183 2715 5225 non
2746 5170 2973 5225 multum
2996 5168 3068 5224 ad
3094 5167 3255 5240 hujus
3281 5179 3403 5226 vna:
3430 5171 3734 5229 subsidium
3756 5172 3835 5229 illi

2236 5261 2545 5320 conducunt
2567 5280 2583 5317 :
2610 5278 2730 5334 qua
2758 5268 2890 5318 vero
2910 5263 3221 5319 necessatis
3239 5273 3369 5319 sunt
3389 5272 3447 5320 et
3470 5264 3620 5321 otiis
3638 5305 3659 5333 ,
3682 5282 3834 5337 quae-

2234 5369 2344 5426 que
2371 5356 2597 5412 multum
2620 5355 2920 5413 inservth
2944 5356 3065 5411 vita:
3091 5364 3324 5424 nostris,
3352 5368 3417 5413 ca
3441 5356 3658 5413 subdita
3678 5357 3839 5415 nobis

2238 5463 2360 5506 esse
2384 5449 2648 5520 permisit.
2672 5448 2842 5507 Betim
2864 5448 3020 5505 nobis
3045 5447 3259 5520 reliquit
3278 5458 3545 5518 armenta,
3568 5458 3629 5506 ut
3649 5465 3837 5506 vome-

2239 5558 2354 5600 rem
2383 5542 2690 5611 trahemus,
2716 5551 3001 5600 tutemet
3027 5542 3330 5611 soleamus,
3350 5552 3419 5598 ut
3440 5543 3651 5600 senius
3676 5553 3837 5601 terra!

2241 5762 2498 5879 "me
2523 5772 2683 5833 Neque
2704 5764 2959 5818 cattsilium
2979 5762 3107 5819 illud
3123 5765 3305 5817 iturum
3323 5768 3371 5816 ei
3387 5761 3713 5827 pernicionem
3735 5760 3835 5812 ad—
