3964 6438
461 391 566 445 M5

463 500 912 570 καταϐάλλωμεν·
957 497 1134 567 ἀφῆκε
1168 496 1275 549 τῶν
1309 493 1619 562 ὑποζυγίων
1664 493 1732 547 τά
1761 491 1920 562 γένη,
1953 491 2043 543 ἴνα

470 588 602 658 πρὸς
635 586 734 656 τὴν
758 583 865 636 τῶν
893 581 1189 652 ἀγωγίμων
1216 577 1586 650 μετακομιδὴν
1612 572 2045 658 συναντιλαμϐά-

469 657 625 740 νηται
651 670 781 737 ἡμῖν
810 665 917 718 τῶν
945 665 1141 716 πόνων·
1171 662 1350 732 ἀφῆκε
1377 659 1667 731 προϐάτων
1690 658 1935 728 ποίμνια,
1958 657 2048 740 ῖνα

469 739 682 822 ἔχωμεν
701 752 781 813 εἰς
801 746 1092 818 περιϐολάς
1111 742 1340 815 ἱματίων
1353 743 1618 814 χορηγίαν
1635 741 1929 812 ἀρκοῦσαν·
1953 739 2048 792 καὶ

469 837 630 905 ἕτερα
653 833 710 885 δὲ
746 830 894 903 [658]
934 829 1064 899 γένη
1096 825 1250 893 ζώων
1276 828 1426 880 εῖασε
1455 825 1656 896 πολλὴν
1681 827 1814 896 ἡμῖν
1855 823 2049 893 ἑτέραν

469 919 758 986 εἰσάγοντα
775 914 980 987 χρείαν.
1001 912 1216 984 Ἐπειδὴ
1244 911 1352 983 γάρ
1371 910 1616 974 κολάζων
1644 909 1736 962 τὸν
1763 907 2050 978 ἄνθρωπον

471 1003 672 1070 ἔλεγεν,
734 1002 829 1053 Ἐν
855 996 1049 1066 ἰδρῶτι
1081 996 1187 1051 τοῦ
1241 995 1565 1063 προσώπου
1603 1007 1720 1046 σου
1762 992 1922 1061 φάγῃ
1945 992 2053 1045 τὸν

470 1087 653 1155 ἄρτον
681 1099 819 1146 σου,
854 1082 940 1136 ἵνα
965 1081 1038 1152 μὴ
1069 1082 1098 1134 6
1121 1079 1282 1150 ἱδρὼς
1309 1073 1464 1141 οὗτος
1496 1080 1592 1132 καὶ
1622 1080 1651 1132 6
1683 1077 1877 1148 μόχθος
1902 1077 1995 1129 καὶ
2023 1074 2054 1126 6

473 1168 631 1230 πόνος
647 1166 918 1237 ἀφόρητος
1012 1163 1338 1231 ἐπεκούφισε
1352 1163 1412 1214 τὸ
1430 1162 1566 1232 βαρὺ
1581 1159 1671 1213 καὶ
1686 1159 1940 1229 φορτικὸν
1959 1156 2052 1209 τοῦ

473 1251 698 1322 ιδρῶτος
725 1250 804 1320 τῷ
837 1248 1028 1319 πλήθει
1061 1247 1170 1300 τῶν
1189 1246 1396 1314 ἀλόγων
1421 1245 1530 1297 τῶν
1561 1244 2055 1322 συνεφαπτομένων

473 1321 606 1404 ἡμῖν
653 1331 748 1386 τοῦ
783 1331 944 1384 πόνου
995 1331 1217 1400 καὶτῆς
1261 1326 1640 1396 ταλαιπωρίας
1683 1325 1906 1395 ταύτης.
1947 1321 2056 1374 Καὶ

475 1415 728 1484 καθάπερ
760 1412 1028 1482 δεσπότης
1061 1409 1436 1480 φιλάνθρωπος
1472 1408 1564 1461 καὶ
1598 1406 1952 1477 κηδεμονικὸς
1965 1404 2056 1456 τὸν

477 1497 696 1566 οἰκέτην
733 1496 824 1547 τὸν
862 1493 1056 1548 ἑαυτοῦ
1095 1493 1376 1563 μαστίξας,
1408 1490 1704 1562 θεραπείαν
1731 1488 1856 1542 τινά
1885 1503 2057 1558 προσ-

479 1583 602 1647 άγει
632 1583 750 1643 ταῖς
775 1578 1044 1648 μάστιξινο
1072 1577 1214 1630 οὑτω
1245 1579 1338 1630 καὶ
1381 1577 1410 1628 ό
1440 1575 1572 1640 Θεὸς
1614 1573 1908 1643 καταδίκην
1936 1575 2058 1626 ἐπι-

481 1663 616 1726 θεὶς,
650 1665 808 1715 παντὶ
825 1663 1008 1732 τρόπῳ
1025 1661 1123 1730 τὴν
1161 1659 1455 1730 καταδίκην
1492 1659 1694 1727 ταύτην
1728 1655 2059 1725 κουφοτέραν

480 1746 728 1815 βούλεται
762 1747 1004 1816 ποιῆσαι,
1041 1744 1223 1815 ἱδρῶτι
1253 1746 1351 1814 μὲν
1379 1745 1529 1814 ἡμᾶς
1559 1741 1929 1803 καταδικάσας
1967 1740 2061 1792 καὶ

480 1830 627 1898 πόνῳ
647 1829 904 1899 διηνεκεῖ,
956 1827 1046 1880 τοῦ
1099 1827 1153 1880 δὲ
1209 1827 1372 1879 πόνου
1407 1825 1842 1894 συνεφάπτεσθαι
1895 1821 2062 1875 πολλά

477 1912 585 1964 τῶν
618 1911 829 1980 ἀλόγων
860 1911 992 1981 γένη
1023 1910 1454 1982 παρασκευάσας
1483 1912 1633 1980 ἡμῖν.
1651 1908 1824 1979 ’Υπὲρ
1847 1907 1912 1978 δὴ
1935 1906 2060 1960 τού-

480 2014 588 2049 των
613 1997 869 2049 ἁπάντων
893 1996 1376 2066 εὑχαριστήσωμεν
1397 1993 1565 2063 αὐτῷ’
1594 1993 1688 2046 καὶ
1713 1993 1822 2063 γὰρ
1855 1992 1916 2044 τὸ
1943 1990 2064 2043 δοῦ-

481 2094 568 2131 ναι
592 2078 690 2149 τὴν
717 2077 884 2149 τιμὴν
909 2080 1062 2148 ἡμῖν,
1097 2079 1191 2130 καὶ
1235 2077 1296 2129 τὸ
1328 2075 1490 2128 πάλιν
1513 2074 1731 2142 ἀφελεῖν
1755 2075 1853 2144 τὴν
1876 2073 2062 2144 τιμὴν,

483 2161 662 2213 καὶτὸ
714 2161 789 2231 μὴ
827 2161 1007 2213 πᾶσαν
1054 2161 1274 2228 ἀφελεῖν
1307 2158 1498 2229 αὑτὴν,
1528 2157 1623 2210 καὶ
1664 2158 1725 2210 τὸ
1771 2155 1862 2208 τὸν
1901 2155 2064 2223 φόϐον

487 2246 618 2316 ἡμῖν
649 2242 944 2312 ἐπιστῆσαι
992 2243 1099 2294 τῶν
1147 2241 1370 2313 θηρίων,
1421 2242 1514 2295 καὶ
1546 2241 1744 2304 πάντα,
1773 2239 1839 2292 ἀν
1871 2255 1956 2301 τις
1980 2239 2067 2302 ἐξ-

485 2324 674 2398 ετάζῃ.
699 2326 895 2396 πολλῆς
920 2326 1082 2396 γέμει
1113 2325 1323 2394 σοφίας,
1345 2324 1543 2396 πολλῆς
1557 2323 1902 2395 κηδεμονίας,
1938 2322 2066 2375 πολ-

491 2410 581 2478 λῆς
635 2408 1062 2479 φιλανθρωπίας·
1122 2404 1191 2480 ἧς
1241 2410 1451 2478 γένοιτο
1506 2409 1716 2470 πάντας
1747 2408 1895 2478 ἡμᾶς
1926 2406 2062 2460 ἀπο⁶

485 2493 669 2548 λαύειν
714 2494 977 2564 διηνεκῶς
1021 2495 1100 2557 εἰς
1142 2493 1304 2561 δόξαν
1350 2492 1446 2546 τοῦ
1477 2491 1649 2546 ταῦτα
1687 2489 2066 2562 ἐργασαμένου

485 2576 642 2629 Θεοῦ·
657 2575 807 2646 αὑτῷ
835 2579 868 2647 ἠ
888 2576 1015 2643 δόξα
1040 2579 1120 2640 εἰς
1140 2578 1266 2639 τοὺς
1296 2575 1498 2640 αίῶνας
1515 2575 1624 2629 τῶν
1645 2573 1855 2628 αἰώνων
1870 2573 2064 2643 Ἀμήν.

1111 2708 1329 2762 ⁴ΛΟΓΟΣ
1361 2711 1432 2764 Δ⁹.

494 2844 610 2895 Ὅτι
636 2841 917 2906 δουλείας
946 2843 1204 2905 τρόπους
1231 2839 1385 2908 τρεῖς
1427 2840 1752 2909 εἰσήγαγεν
1791 2839 1831 2907 ὴ
1880 2839 2067 2909 ἀμαρ-

560 2913 656 2966 τία
683 2931 695 2943 ·
747 2911 845 2964 καὶ
891 2910 1041 2979 πρὸς
1079 2910 1222 2979 τοὺς
1252 2911 1533 2978 ῥᾳθύμως
1569 2910 1926 2975 ἀκούοντας,
1971 2909 2069 2962 καί

555 2979 641 3050 μὴ
672 2978 964 3050 τιμῶνται,-
996 2978 1206 3049 γονεῖς.

561 3106 631 3151 α’.
667 3097 967 3152 Ἠκούσατε
996 3098 1141 3168 χθὲς,
1167 3097 1284 3162 πῶς
1325 3098 1424 3169 μὲν
1458 3098 1680 3169 ἐποίησε
1713 3097 1940 3167 βασιλέα
1977 3098 2072 3153 καὶ

491 3183 727 3252 ἄρχοντα
753 3182 862 3234 τῶν
917 3182 1121 3253 Θηρίων
1168 3183 1259 3235 τὸν
1291 3182 1575 3252 ἄνθρωπον
1611 3184 1640 3235 6
1672 3182 1824 3246 Θεὸς,
1865 3182 1982 3246 πῶς
2014 3183 2072 3235 δὲ

492 3265 652 3318 αὑτὸν
672 3265 833 3328 εὐθὺς
860 3266 958 3334 τῆς
995 3264 1270 3334 βασιλείας
1301 3264 1523 3329 ἐξέϐαλε
1544 3284 1558 3299 ο
1595 3266 1794 3337 μᾶλλον
1825 3265 1882 3319 δὲ
1917 3267 2017 3336 οὑχ
2044 3268 2073 3319 6

491 3347 645 3410 Θεὸς,
677 3348 794 3401 ἀλλ’
823 3348 981 3411 αὑτὸς
1012 3349 1202 3402 ἑαυτὸν
1239 3349 1327 3402 διά
1371 3349 1473 3420 τῆς
1515 3352 1801 3420 παρακοῆς
1850 3349 2072 3414 ἐξέϐαλε

491 3430 590 3498 τῆς
613 3431 796 3500 τιμῆς.
830 3431 903 3484 Τὸ
952 3432 1050 3501 μὲν
1074 3432 1183 3502 γὰρ
1200 3433 1380 3501 τυχεῖν
1401 3431 1502 3501 τῆς
1539 3431 1832 3500 βασιλείας,
1855 3433 1954 3502 τῆς
1976 3431 2072 3485 τοῦ

494 3512 627 3564 θεοῦ
655 3513 1063 3584 φιλανθρωπίας
1093 3514 1310 3582 ἐγένετο
1344 3516 1529 3586 μόνης.
1555 3515 1630 3568 Οὑ
1659 3514 1769 3586 γάρ
1794 3515 2073 3588 κατορθω-

500 3596 684 3663 μάτων
717 3595 862 3664 αὑτῷ
910 3597 1112 3666 ταύτην
1170 3597 1337 3651 ἔδωκε
1389 3597 1487 3668 τὴν
1532 3597 1788 3667 ἀμοιϐὴν,
1819 3597 1956 3650 ἀλλά
1980 3598 2076 3651 καὶ

495 3677 628 3747 πρὶν
679 3676 1016 3745 ῆγενέσθαι,
1064 3679 1341 3750 ἐκόσμησε
1377 3683 1444 3750 τῇ
1493 3682 1648 3750 τιμῇ.
1708 3681 1825 3732 Ἵνα
1853 3681 1962 3752 γάρ
1999 3682 2074 3752 μὴ

497 3758 684 3828 λέγῃς,
715 3759 797 3812 ὅτι
827 3759 965 3829 μετά
1012 3759 1184 3814 ταῦτα
1213 3761 1502 3832 γενόμενος
1532 3763 1560 3815 6
1602 3761 1908 3832 ἄνθρωπος,
1957 3759 2077 3818 εἶτα

499 3840 666 3895 πολλά
705 3843 1073 3916 κατορθώσας,
1102 3845 1274 3908 οὑτως
1307 3845 1656 3900 ἐπεσπάσατο
1695 3847 1787 3900 τὸν
1819 3847 1953 3901 Θεὸν
1997 3849 2078 3912 εἰς

498 3927 558 3979 τὸ
582 3925 763 3981 δοῦναι
785 3929 930 4000 αὑτῷ
955 3929 1051 4002 τὴν
1079 3929 1184 3983 τῶν
1215 3931 1420 4002 θηρίων
1449 3930 1645 4002 ἀρχὴν,
1682 3930 1888 4002 μέλλων
1915 3931 2078 3984 αὑτὸν

499 4008 844 4063 διαπλάττειν
893 4014 1020 4082 περὶ
1065 4013 1164 4084 τῆς
1194 4014 1367 4086 ἀρχῆς
1399 4012 1566 4068 αὑτοῦ
1599 4013 1906 4081 διαλέγεται
1935 4011 2080 4065 οὑτω

502 4091 703 4158 λέγων·
733 4094 1084 4164 Ποιήσωμεν
1101 4095 1413 4163 ἄνθρωπον
1433 4097 1558 4150 κατ’
1589 4099 1796 4150 εἰκόνα
1823 4096 1921 4149 καί
1948 4096 2080 4150 καθ’

502 4173 789 4240 ὁμοίωσιν
824 4177 1136 4243 ἡμετέραν,
1176 4179 1273 4231 καί
1305 4179 1654 4245 ἀρχέτωσαν
1701 4177 1819 4232 τῶν
1862 4179 2082 4244 θηρίων

503 4253 616 4322 τῆς
646 4253 782 4324 τῆς.
805 4257 918 4327 Πρὸ
945 4257 1042 4328 τῆς
1074 4258 1219 4330 ζωῆς
1247 4260 1282 4329 ή
1302 4259 1455 4330 τιμὴ,
1479 4259 1585 4329 πρὸ
1602 4260 1701 4329 τῆς
1722 4259 2080 4329 δημιουργίας

500 4341 532 4393 6
563 4339 844 4408 στέφανος,
878 4340 972 4394 καὶ
1016 4344 1145 4413 πρὶν
1183 4340 1217 4411 ἢ
1250 4343 1520 4409 γενέσθαι,
1547 4342 1640 4394 ἐπὶ
1681 4343 1772 4395 τὸν
1806 4342 2080 4412 βασιλικὸν

501 4422 760 4489 ἀνάγεται
783 4422 992 4495 θρόνον.
1034 4424 1341 4496 Ἄνθρωποι
1368 4426 1467 4496 μὲν
1499 4425 1608 4496 γάρ
1634 4425 1758 4488 τοὺς
1787 4427 2081 4494 ὑποκειμὲ-

502 4522 624 4566 νους
650 4506 832 4570 αὑτοῖς
855 4509 914 4560 ἐν
941 4508 1152 4578 ἐσχάτῳ
1179 4509 1327 4580 γήρᾳ
1360 4508 1496 4577 μετά
1519 4507 1743 4568 πολλοὺς
1771 4507 1966 4570 πόνους
1987 4505 2083 4560 καὶ

507 4588 734 4657 μυρίους
760 4589 1057 4652 κινδύνους,
1077 4591 1204 4651 τοὺς
1234 4593 1291 4643 ὲν
1321 4591 1530 4661 εἰρήνῃ,
1555 4593 1682 4652 τοὺς
1713 4591 1770 4640 ὲν
1804 4589 2079 4659 πολέμοις,

504 4671 624 4724 τότε
662 4671 896 4740 τιμῶσιν
918 4689 933 4704 ο
967 4675 995 4727 6
1025 4673 1083 4726 δὲ
1110 4673 1241 4737 Θεὸς
1266 4674 1364 4744 οὑχ
1390 4673 1562 4736 οὑτως
1579 4716 1595 4738 ,
1619 4672 1731 4727 ἀλλ’
1763 4672 1964 4735 εὑθέως
1989 4690 2082 4744 γε-

508 4754 729 4823 νόμενον
761 4755 921 4807 αὑτὸν
955 4756 1048 4807 ἐπὶ
1084 4756 1182 4828 τὴν
1213 4757 1378 4828 τιμὴν
1411 4756 1615 4826 ταύτην
1643 4757 1840 4825 ἧγαγε,
1871 4755 2084 4816 δεικνὺς

509 4837 590 4888 ὅτι
616 4836 674 4887 οὑ
699 4837 1135 4908 κατορθωμάτων
1154 4841 1300 4892 ὲστίν
1322 4839 1525 4910 ἀμοιϐὴ
1546 4839 1607 4891 τὸ
1622 4839 1928 4908 γινόμενον,
1949 4837 2088 4890 ἀλλά

511 4917 632 4972 θεία
664 4921 840 4989 χάρις,
864 4921 959 4973 καὶ
990 4921 1089 4974 οὑκ
1116 4921 1327 4994 όφειλή.
1359 4923 1432 4975 Τὸ
1464 4923 1561 4992 μὲν
1589 4918 1682 4975 οὖν
1707 4923 1894 4974 λαϐεῖν
1923 4922 2085 4974 αὑτὸν

509 5001 608 5073 τὴν
629 5001 823 5074 ἀρχὴν,
851 5003 960 5055 ἀπὸ
994 5003 1092 5074 τῆς
1118 5003 1212 5056 τοῦ
1256 5004 1391 5056 Θεοῦ
1421 5005 1830 5075 φιλανθρωπίας
1869 5005 2088 5072 ἐγένετο

516 5088 683 5156 μόνης
705 5103 718 5115 ³
759 5086 820 5138 τὸ
845 5085 902 5140 δὲ
928 5085 1181 5138 ἐκπεσεῖν
1201 5087 1297 5154 τῆς
1323 5088 1498 5156 ἀρχῆς
1530 5099 1554 5126 α
1572 5127 1587 5150 ,
1638 5087 1747 5140 ἀπὸ
1775 5087 1876 5156 τῆς
1920 5085 2086 5138 αὑτοῦ

514 5170 1018 5240 ρᾳθυ’μίας.Ὥσπερ
1046 5168 1160 5240 γὰρ
1179 5171 1226 5221 οἱ
1256 5169 1493 5236 βασιλεῖς
1519 5172 1642 5233 τοὺς
1665 5171 1762 5240 οὑχ
1790 5169 2089 5222 ὑπακούον-

513 5269 611 5315 τας
667 5256 779 5316 τοίς
839 5253 1018 5305 αὐτῶν
1061 5252 1445 5323 προστάγμασι
1485 5253 1820 5323 παραλύουσι
1852 5251 1950 5320 τῆς
1986 5251 2088 5320 ἀρ-

515 5337 613 5404 χῆς
638 5349 652 5363 ·
677 5337 820 5388 οὑτω
849 5337 944 5389 καὶ
978 5337 1007 5386 6
1050 5335 1182 5398 Θεὸς
1223 5335 1478 5404 ἐποίησεν
1515 5336 1607 5388 ἐπὶ
1651 5334 1746 5386 τοῦ
1779 5333 2088 5403 ἀνθρώπου,

516 5416 636 5468 τότε
659 5417 972 5489 παραλύσας
1001 5418 1162 5470 αὑτὸν
1187 5418 1282 5488 τῆς
1299 5419 1490 5488 ἀρχῆς.
1523 5419 1842 5486 ’Λναγκαῖον
1863 5415 1922 5466 δὲ
1937 5413 2088 5485 [659]

518 5500 756 5570 σήμερον
786 5501 981 5567 εἰπεῖν,
1009 5502 1184 5572 πόσην
1207 5503 1302 5555 καὶ
1329 5501 1494 5571 ἀλλην
1523 5500 1687 5571 τιμὴν
1718 5502 1752 5568 ἡ
1781 5499 1880 5569 τῆς
1908 5499 2092 5567 ἀμαρ-

519 5589 637 5644 τίας
664 5582 950 5653 παρείλετο
1000 5581 1179 5650 φύσις,
1227 5583 1322 5638 καὶ
1368 5584 1526 5646 ὅσους
1557 5580 1800 5643 δουλείας
1832 5581 2090 5648 εἰσήγαγε

591 5771 605 5791 "
642 5767 756 5826 Reg.
786 5781 911 5814 unus
934 5765 988 5813 τὸ
1011 5767 1061 5813 δὲ
1088 5767 1297 5813 ἐκϐαλεῖν
1323 5769 1462 5814 αὑτὸν
1482 5776 1562 5824 τῆς
1582 5769 1730 5830 ἀρχῆς

1160 384 1216 435 ὃ.
1257 377 1540 433 JUALVNIS
1575 368 2072 431 CIIRYSOSTOMI
2105 367 2432 425 ARCHIEP.
2471 367 3020 424 CONSTANTINUP.

3618 374 3716 431 596

2149 487 2405 557 τρόπους,
2429 485 2619 558 ὥσπερ
2635 502 2719 550 τις
2745 486 3006 558 τύραννος
3029 489 3084 540 ἐν
3108 486 3467 556 πολυτρόποις
3486 487 3721 557 δεσμοῖς,

2143 572 2266 632 ταῖς
2298 570 2665 634 παντοδαπαῖς
2712 572 2909 641 ἀρχαῖς
2945 570 3042 641 τὴν
3087 571 3364 641 ἡμετέραν
3392 569 3721 640 δεσμεύουσα

2148 653 2329 722 φύσιν.
2365 653 2521 706 Ἐστι
2552 653 2736 707 τοίνυν
2767 654 2909 725 ἀρχὴ
2949 655 3044 706 καὶ
3097 654 3309 707 δουλεία
3359 651 3578 724 πρώτη.
3611 655 3722 707 καθ’

2147 736 2214 808 ῆν
2243 735 2338 789 καὶ
2368 735 2643 805 γυναικῶν
2684 738 2734 789 οἰ
2775 736 2966 807 ἄνδρες
2999 735 3291 807 κρατοῦσιο
3329 735 3471 805 μετά
3497 737 3609 806 γὰρ
3634 737 3725 806 τὴν

2149 820 2425 890 ἁμαρτίαν
2451 822 2484 890 ή
2521 819 2724 890 ταύτης
2757 821 2974 888 ἐγένετο
2995 819 3172 891 χρεία.
3209 819 3325 888 Πρὸ
3354 818 3464 888 γὰρ
3491 819 3592 887 τῆς
3630 837 3724 872 πα·

2151 902 2359 974 ρακοῆς
2390 903 2652 973 ὁμότιμος
2680 899 2750 974 ἦν
2782 902 2860 969 τῷ
2907 902 3061 972 ἀνδρί
3081 919 3095 933 °
3148 902 3242 954 καὶ
3274 901 3384 972 γὰρ
3409 902 3500 953 ὅτε
3530 901 3727 972 ταύτην

2150 986 2464 1040 διέπλαττεν
2496 987 2525 1039 6
2556 987 2709 1050 Θεὸς,
2734 982 2818 1050 οἷς
2844 988 3116 1057 ἐχρήσατο
3145 987 3355 1056 ῥήμασι
3388 986 3486 1037 καὶ
3521 985 3613 1036 ἐπὶ
3638 986 3727 1054 τῆς

2152 1067 2493 1131 διαπλάσεως
2513 1068 2607 1122 τοῦ
2627 1069 2838 1138 ἀνδρὸς,
2867 1068 3076 1130 τούτοις
3108 1068 3201 1120 καὶ
3231 1067 3324 1119 ἐπὶ
3350 1066 3454 1134 τῆς
3484 1066 3728 1135 δημιουρ-

2153 1151 2278 1218 γίας
2297 1151 2394 1220 τῆς
2415 1151 2909 1221 γυναικός,Ὥσπερ
2927 1145 3020 1203 οὖν
3041 1145 3194 1202 εἶπεν
3213 1149 3299 1202 ἐπ’
3319 1147 3538 1217 ἐκείνῳ,
3566 1147 3726 1213 Ποιή-

2152 1246 2355 1299 σωμεν
2388 1232 2708 1298 ἄνθρωπον
2740 1235 2866 1286 κατ’
2899 1233 3107 1286 εἰκόνα
3164 1231 3267 1284 καί
3301 1231 3432 1283 καθ’
3452 1231 3732 1298 ὁμοίωσιν

2154 1314 2471 1385 ἡμετέραν,
2499 1316 2594 1368 καὶ
2621 1317 2720 1369 οὑκ
2752 1311 2894 1378 εἷπε,
2927 1313 3218 1386 Γενηθήτω
3242 1313 3537 1384 ἄνθρωπος
3558 1328 3572 1342 ·
3602 1311 3735 1365 οὑτω

2155 1399 2253 1452 καὶ
2285 1399 2378 1452 ἐπὶ
2409 1397 2612 1466 ταύτης
2642 1398 2744 1450 οὑκ
2777 1391 2922 1460 εἰπε,
2954 1396 3243 1467 Γενηθήτω
3289 1396 3454 1464 γυνὴ,
3486 1392 3624 1448 ἀλλά
3650 1395 3734 1447 καὶ

2157 1480 2412 1545 ἐνταῦθα,
2450 1481 2802 1549 Ποιήσωμεν
2829 1477 2992 1545 αὑτῷ
3013 1479 3248 1547 βοηθόν
3265 1495 3280 1511 ο
3310 1479 3408 1534 καὶ
3431 1479 3535 1549 οὑχ
3562 1478 3734 1542 ἁπλῶς

2160 1565 2377 1636 βοηθὸν,
2399 1565 2555 1625 ἀλλά.
2587 1567 2726 1621 Κατ’
2751 1566 2960 1631 αὐτὸν,
2985 1563 3148 1618 πάλιν
3176 1563 3237 1617 τὸ
3256 1563 3525 1634 ὁμότιμον
3550 1561 3732 1632 δηλῶν.

2159 1649 2378 1720 Ἐπειδὴ
2397 1651 2506 1720 γὰρ
2533 1649 2732 1720 πολλὴν
2762 1651 2843 1712 εἰς
2866 1649 2965 1720 τὴν
2986 1648 3086 1719 τῆς
3110 1646 3257 1718 ζωῆς
3281 1646 3442 1716 ἡμῶν
3472 1645 3658 1716 χρείαν
3678 1645 3734 1698 τὰ

2159 1731 2328 1800 ἀλογα
2351 1731 2448 1801 τὴν
2478 1732 2577 1802 τῆς
2609 1731 2856 1802 βοηθείας
2897 1731 3158 1801 εἰσήγαγε
3210 1729 3527 1792 κοινωνίαν,
3559 1728 3644 1780 ῖνα
3670 1727 3736 1797 μὴ

2159 1815 2270 1868 τῶν
2301 1813 2503 1867 δούλων
2537 1815 2765 1886 νομίσῃς
2795 1810 2932 1867 εἶναι
2966 1813 3061 1866 καὶ
3084 1811 3180 1881 τὴν
3208 1811 3468 1879 γυναῖκα,
3501 1810 3602 1880 ὅρα
3634 1807 3735 1871 πῶς

2162 1899 2307 1951 ποιεί
2333 1897 2431 1967 τὴν
2452 1896 2724 1968 διάκρισιν
2763 1898 3026 1966 φανεράν.
3072 1896 3292 1962 "Hydra
3324 1893 3397 1946 τὰ
3421 1893 3624 1959 θηρία,
3653 1907 3736 1960 φη-

2164 1981 2270 2044 σὶν,
2296 1979 2554 2052 ἐνώρτιον
2580 1979 2687 2033 τοῦ
2725 1979 2928 2048 Ἀδὰμ,
2969 1979 3066 2032 καί
3115 1980 3226 2046 οὐχ
3272 1976 3492 2046 εὑρέθη
3524 1975 3738 2041 ,βοηθὸς

2163 2063 2363 2132 ὅμοιος
2385 2060 2545 2126 αὐτῷ
2567 2061 2692 2114 κατ’
2717 2063 2923 2115 αὐτόν.
2951 2061 3016 2113 Τί
3039 2055 3165 2125 οὗν;
3189 2063 3218 2113 6
3239 2060 3406 2122 ἵππος
3446 2060 3513 2112 οὑ
3541 2059 3737 2130 βοηθὸς,

2166 2147 2759 2220 συμπαραταττόμενος
2783 2150 2841 2201 ὲν
2869 2151 2978 2210 τοῖς
3001 2147 3291 2218 πολέμοις;
3322 2149 3352 2200 6
3383 2146 3517 2216 βοῦς
3543 2148 3602 2200 οὑ
3625 2145 3740 2216 βοη-

2164 2235 2279 2302 θὸς,
2309 2236 2541 2306 ἄροτρον
2565 2234 2740 2288 ἕλκων
2768 2234 2864 2287 καὶ
2895 2233 3229 2304 συγκάμνων
3251 2235 3386 2303 ἡμῖν
3405 2234 3468 2287 ὲν
3503 2235 3621 2295 ταῖς
3647 2231 3741 2284 τῶν

2167 2321 2511 2394 σπερμάτων
2531 2321 2861 2384 καταϐολαῖς
2885 2337 2901 2386 ;
2929 2320 3051 2383 ϐνος
3079 2322 3175 2375 καὶ
3203 2321 3431 2392 ἡμίονος
3456 2321 3522 2373 οὑ
3553 2319 3740 2391 βοηθοὶ,

2165 2414 2302 2485 πρὸς
2329 2414 2428 2487 τὴν
2455 2410 2567 2464 τῶν
2590 2409 2891 2479 ἀγωγίμων
2928 2410 3065 2480 ἡμῖν
3093 2409 3552 2479 συμπράττοντες
3594 2424 3741 2477 μετα-

2167 2503 2430 2575 κομιδήν;
2475 2499 2614 2554 Ἀλλ’
2641 2500 2728 2553 ἴνα
2751 2497 2829 2570 μὴ
2850 2496 3011 2552 τοῦτο
3037 2497 3223 2569 λέγῃς,
3247 2497 3337 2551 διὰ
3361 2497 3527 2550 τοῦτο
3557 2496 3742 2567 ἀκριϐῆ

2167 2593 2405 2644 ποιεῖται
2450 2587 2548 2658 τὴν
2582 2586 2867 2657 διαίρεσιν.
2913 2583 3052 2640 Οὐδὲ
3082 2584 3193 2655 γάρ
3231 2579 3388 2637 εἶπεν
3431 2583 3646 2647 ἁπλῶς,
3671 2583 3743 2636 ὅτι

2167 2679 2266 2747 οὑχ
2299 2675 2499 2746 εὑρέθη
2529 2675 2679 2744 αὑτῷ
2707 2673 2922 2745 βοηθὸς,
2953 2673 3070 2728 ἀλλ’
3095 2674 3179 2727 ὅτι
3215 2673 3342 2742 Οὐχ
3369 2673 3589 2740 εὐρέοη
3609 2673 3742 2739 ,Βοη-

2169 2764 2275 2830 θὸς
2311 2763 2514 2832 ὅμοιος
2543 2761 2728 2826 αὐτῷ.
2774 2759 2935 2815 Οὕτω
2991 2761 3083 2816 καὶ
3134 2759 3391 2824 ἐνταῦθα,
3433 2760 3744 2831 Ποιήσωμεν

2170 2851 2322 2922 αὑτῷ
2353 2849 2571 2922 βοηθὸν,
2615 2849 2714 2918 οὑχ
2761 2847 2972 2912 άπλῶς,
3021 2846 3179 2913 ἀλλά,
3214 2846 3577 2915 Ποιήσωμεν
3601 2844 3744 2911 αὐτῷ

2161 2938 2400 3006 ,βοηθὸν
2424 2935 2553 2990 κατ’
2583 2936 2790 2997 αὑτὸν,
2827 2929 2972 2990 εἷπε.
3004 2934 3188 2987 Ταῦτα
3212 2934 3272 2987 δὲ
3305 2934 3412 3004 πρὸ
3443 2932 3552 3002 τῆς
3581 2935 3743 3003 ἀμαρ-

2171 3027 2292 3090 τίας
2315 3041 2332 3056 ο
2371 3023 2509 3094 μετά
2529 3023 2586 3077 δὲ
2607 3022 2707 3094 τὴν
2745 3023 3021 3093 ἁμαρτίαν
3041 3063 3056 3087 ,
3107 3022 3263 3089 Πρὸς
3286 3021 3394 3075 τὸν
3422 3020 3615 3090 ἄνδρα
3642 3034 3744 3073 σου

2171 3112 2211 3178 ὴ
2262 3109 2618 3180 ἀποστροφή
2665 3125 2782 3164 σου
2807 3150 2824 3174 ,
2871 3111 2969 3163 καί
3020 3109 3206 3175 αὐτός
3257 3122 3376 3161 σου
3429 3107 3742 3176 κυριεύσει.

2173 3197 2439 3269 Ἐποίησά
2467 3213 2548 3256 σε.
2573 3199 2762 3267 φησὶν,
2788 3195 3080 3267 ὁμότιμον*
3113 3195 3214 3248 οὑκ
3239 3195 3461 3267 ἐχρήσω
3487 3193 3664 3257 καλῶς
3687 3195 3744 3262 τῇ

2174 3289 2353 3358 ἀρχῇο
2382 3283 2653 3355 μετάϐηθι
2685 3282 2821 3352 πρὸς
2852 3281 2952 3352 τὴν
3003 3281 3310 3351 ὑποταγὴν.
3358 3281 3479 3332 Ούκ
3531 3281 3746 3350 ῆνεγκας

2173 3376 2272 3446 τὴν
2306 3371 2638 3442 ἐλευθερίαν,
2666 3369 2956 3434 κατάδεξαι
3005 3368 3103 3440 τὴν
3126 3367 3390 3421 δουλείαν.
3457 3368 3577 3420 Οὑκ
3618 3362 3746 3426 οἶδας

2174 3462 2385 3532 ἄρχειν,
2424 3459 2517 3512 καὶ
2556 3458 2624 3512 δι’
2657 3457 2828 3528 αὑτῆς
2871 3457 2982 3510 τῶν
3029 3453 3374 3525 πραγμάτων
3423 3453 3633 3518 ἔδειξας
3661 3453 3745 3521 τῆς

2176 3548 2405 3617 πείραςο
2439 3544 2598 3614 γενοῦ
2650 3543 2762 3598 τῶν
2811 3541 3153 3613 ἀρχομένων,
3189 3541 3286 3595 καὶ
3330 3539 3421 3594 τὸν
3450 3539 3621 3612 ἄνδρα
3646 3538 3748 3590 ὲπί-

2176 3633 2346 3702 γνωοι
2373 3631 2584 3703 κύριον.
2611 3629 2767 3699 Πρὸς
2809 3628 2920 3682 τόν
2945 3627 3138 3696 ἄνδρα
3163 3642 3282 3682 σου
3318 3626 3357 3694 ἡ
3409 3624 3746 3694 ἀποστροφή

2176 3737 2317 3786 σου,
2345 3718 2444 3771 καί
2473 3717 2657 3783 αὐτός
2684 3731 2802 3770 σου
2835 3714 3160 3783 κυριεύσει.
3206 3713 3319 3766 Καὶ
3371 3713 3478 3782 ὅρα
3518 3712 3648 3765 Θεοῦ
3677 3713 3747 3762 ὲν-

2177 3805 2351 3860 ταῦθα
2393 3800 2823 3875 φιλανθρωπίαν.
2876 3801 2995 3854 Ἵνα
3050 3799 3161 3870 γὰρ
3215 3798 3292 3870 μὴ
3355 3799 3640 3853 ἀκούσασα
3677 3797 3747 3854 τὸ,

2179 3894 2371 3959 Αὐτός
2396 3909 2515 3947 σου
2541 3891 2865 3959 κυριεύσει,
2881 3889 3144 3961 φορτικὴν
3173 3883 3311 3942 εἷναι
3333 3887 3539 3960 νομίσῃ
3559 3887 3651 3958 τὴν
3676 3885 3750 3937 δε-

2181 3978 2462 4045 σποτείαν,
2493 3978 2762 4049 πρότερον
2786 3977 2847 4030 τὸ
2869 3977 2969 4045 τῆς
2997 3974 3326 4046 κηδεμονίας
3353 3974 3568 4046 ζέθηκεν
3598 3974 3748 4043 ὄνομα

2180 4067 2367 4132 εἰπὼν,
2405 4067 2565 4135 Πρὸς
2595 4067 2704 4120 τόν
2761 4065 2952 4133 ἄνδρα
3001 4080 3119 4118 σου
3153 4065 3187 4132 ἡ
3236 4061 3598 4132 ἀποστροφή
3625 4077 3748 4120 σου»

2180 4153 2863 4223 τουτέστιν,Ἥ,καταφυγή
2897 4168 2991 4204 σου
3021 4151 3115 4204 καὶ
3142 4151 3170 4202 ό
3191 4149 3355 4220 λιμὴν
3383 4151 3478 4202 καὶ
3519 4152 3555 4220 ή
3589 4146 3747 4214 ἀσφά-

2181 4242 2298 4294 λεια
2332 4243 2536 4303 ἐκεῖνος
2575 4239 2727 4292 ἔσται
2759 4255 2875 4291 σοι’
2907 4240 2963 4291 ὲν
2989 4239 3122 4291 πᾶσι
3155 4239 3267 4300 τοῖς
3315 4235 3537 4289 ἐπιοῦσι
3576 4235 3748 4294 δεινοῖς

2183 4329 2321 4400 πρὸς
2345 4329 2554 4382 ἐκεῖνον
2578 4324 3020 4396 ἀποστρέφεσθαι
3051 4324 3146 4378 καὶ
3172 4323 3540 4392 καταφεύγειν
3584 4340 3661 4376 σοι
3684 4319 3746 4372 δί-

2183 4415 2323 4485 δωμι
2341 4414 2390 4468 ι).
2423 4414 2498 4466 Οὑ
2519 4412 2694 4483 ταύτῃ
2719 4411 2776 4464 δὲ
2803 4411 2985 4481 μόνον,
3009 4411 3147 4464 ἀλλά
3167 4412 3261 4465 καὶ
3282 4413 3548 4480 φυσικαῖς
3571 4407 3751 4466 αὑτοὺς

2185 4501 2474 4569 συνέδησεν
2504 4501 2772 4568 ἀνάγκαις
2802 4498 3055 4568 καθάπερ
3077 4498 3355 4568 ἄρρηκτόν
3396 4513 3520 4549 τινα
3549 4494 3748 4563 δεσμὸν.

2183 4593 2283 4663 τὴν
2311 4594 2374 4644 ὲκ
2397 4591 2496 4661 τῆς
2519 4589 2813 4661 ἐπιθυμίας
2835 4588 3145 4658 περιϐαλὼν
3167 4590 3350 4652 αὐτοῖς
3379 4587 3592 4642 ἅλυσιν.
3618 4580 3751 4643 Είὸες

2185 4680 2304 4742 πῶς
2329 4679 2594 4749 εἰσήγαγε
2619 4679 2720 4748 μὲν
2744 4676 2841 4746 τὴν
2865 4677 3145 4747 ὑποταγὴν
3179 4677 3213 4746 ἡ
3239 4675 3506 4747 ἁμαρτία,
3538 4678 3567 4728 6
3597 4675 3652 4726 δὲ
3678 4673 3752 4723 £6-

2190 4769 2428 4838 μήχανος
2463 4766 2556 4818 καὶ
2585 4765 2746 4833 σοφὸς
2772 4763 2906 4826 Θεὸς
2941 4763 3034 4816 καὶ
3071 4763 3282 4826 τούτοις
3313 4763 3450 4834 πρὸς
3480 4763 3542 4815 τὸ
3567 4759 3753 4832 συμφέο

2189 4870 2282 4925 ρον
2318 4854 2452 4923 ἡμῖν
2492 4851 2877 4921 ἀπεχρήσατο;
2914 4850 3182 4902 ’Ἄκουσον
3236 4849 3357 4912 πῶς
3403 4850 3502 4902 καὶ
3559 4848 3750 4905 Παῦλος

2189 4943 2317 5012 περὶ
2345 4939 2548 5010 ταύτης
2577 4939 2726 5007 λέγει
2754 4939 2852 5008 τῆς
2883 4938 3165 5007 ὑποταγῆς
3192 4977 3208 5000 ,
3267 4937 3356 4989 ἵνα
3392 4936 3574 5010 μάθῃς
3608 4933 3752 4987 πάλιν

2189 5031 2430 5091 Παλαιᾶς
2471 5025 2624 5098 [660]
2676 5025 2772 5079 καὶ
2832 5025 3041 5094 Καινῆς
3082 5026 3182 5094 τὴν
3205 5024 3547 5095 συμφωνίαν.
3577 5019 3751 5084 Γυνὴ.

2191 5122 2375 5189 φησὶν,
2400 5118 2470 5170 ἐν
2499 5115 2730 5184 ἠσυχίᾳ
2764 5113 3110 5179 μανθανέτω
3133 5115 3205 5165 ὲν
3237 5113 3405 5180 πάσῃ
3433 5107 3719 5179 ὑποταγῇ.

2261 5201 2415 5266 Εἶδες
2442 5205 2537 5256 καὶ
2556 5203 2717 5257 αὑτὸν
2737 5200 3083 5264 ὑποτάξαντα
3110 5199 3190 5270 τῷ
3209 5199 3364 5271 ἀνδρὶ
3382 5201 3485 5271 τὴν
3501 5200 3750 5267 γυναῖκα;

2203 5294 2342 5345 Ἀλλ’
2381 5292 2691 5361 ἀνάμεινον,
2727 5289 2823 5342 καὶ
2853 5290 2953 5360 τὴν
2979 5288 3159 5342 αἰτίαν
3185 5289 3416 5359 ἀκούσῃ.
3448 5287 3545 5340 Διά
3567 5287 3640 5352 τί,
3667 5284 3754 5334 Ἐν

2191 5379 2360 5448 πάσῃ
2399 5376 2708 5446 inmani;
2745 5376 3015 5429 Γυναῖκα
3055 5387 3076 5414 ε
3106 5376 3238 5446 γάρ,
3280 5377 3436 5446 φησὶ,
3461 5374 3754 5428 διδάσκειν

2192 5472 2302 5524 οὐκ
2347 5468 2656 5535 ἐπιτρέπω.
2711 5464 2812 5518 Διά
2838 5467 2922 5532 τί;
2959 5464 3195 5530 Ἑδίδαξε
3250 5467 3361 5535 γάρ
3407 5464 3552 5529 ἇπαξ
3581 5459 3753 5520 κακῶς

2191 5559 2284 5611 τὸν
2315 5557 2506 5626 Ἀδάμ.
2538 5555 2692 5610 Οὐδὲ
2711 5553 3023 5608 αὐθεντεῖν
3050 5554 3159 5610 τοῦ
3177 5554 3418 5621 ἀνδρός.
3451 5554 3748 5616 Τίδήπστεί

2257 5712 2286 5750 b
2310 5711 2434 5773 Reg.
2460 5723 2586 5758 unus
2605 5708 2661 5756 σὲ
2681 5708 2852 5773 δίδωμι

2261 5777 2279 5803 ³
2310 5769 2430 5832 ιζοᾷ.
2459 5773 2586 5819 idem
2610 5769 2809 5830 γυναικί.
