3964 6428
261 391 367 448 593

261 499 622 556 mandemus:
650 500 865 571 reliquit
888 509 943 556 et
964 498 1317 569 subjugalium
1350 500 1511 553 multa
1541 513 1758 568 genera,
1792 505 1850 551 ut

254 591 323 647 ad
347 593 587 648 sarcinas
604 591 980 650 convellendas
994 591 1232 646 laborem
1253 590 1525 645 nobiscum
1547 596 1850 645 exanttent:

255 685 473 755 reliquit
500 686 677 739 ovium
706 700 912 756 greges,
944 693 999 738 ut
1025 682 1315 738 habeamus
1336 724 1351 747 ,
1381 698 1500 752 quae
1528 682 1595 736 ad
1625 696 1723 736 nos
1754 696 1849 736 ve-

254 776 495 832 stiendos
516 776 780 832 sufficiant
802 792 819 831 :
842 778 1057 847 reliquit
1077 785 1130 831 et
1146 776 1246 830 alia
1262 791 1455 846 genera
1476 774 1846 839 animantium,

252 880 325 920 ex
355 866 551 936 quibus
569 867 734 922 multa
764 868 814 921 in
840 876 1051 921 nostros
1073 881 1200 920 usus
1221 864 1498 921 commoda
1520 864 1846 920 derivantur.

252 954 390 1009 Nam
426 956 550 1026 quia
580 956 705 1011 dum
736 956 1006 1012 hominem
1045 957 1257 1025 puniret
1294 956 1504 1009 dixerat
1531 973 1544 1007 :
1572 952 1639 1008 In
1666 956 1851 1009 sudore

250 1047 425 1101 vultus
456 1048 530 1100 tui
561 1050 771 1102 vesceris
801 1065 931 1117 pane
959 1059 1043 1101 tuo
1074 1047 1226 1119 (Gen.
1258 1047 1310 1101 5.
1344 1045 1432 1115 i9)
1465 1065 1477 1099 :
1510 1057 1565 1100 ut
1591 1062 1658 1100 ne
1687 1046 1852 1101 sudor

248 1151 321 1191 ac
365 1138 516 1192 labor
553 1138 654 1194 iste
697 1139 1047 1194 intolerabilis
1083 1150 1221 1193 esset
1252 1179 1265 1201 ,
1298 1137 1508 1192 sudoris
1548 1135 1849 1192 molestiam

252 1228 567 1301 laborisque
600 1232 913 1302 gravitatem
940 1231 1305 1301 jnmentorum
1337 1230 1675 1285 multitudine
1702 1230 1848 1285 leva-

249 1324 334 1378 vit
356 1364 373 1389 ,
404 1339 523 1393 quae
550 1339 652 1379 una
687 1325 962 1380 nobiscum
995 1325 1238 1380 laborant
1271 1332 1324 1379 et
1354 1323 1625 1377 molestias
1651 1320 1845 1376 ferunt.

251 1414 329 1469 Et
354 1415 800 1484 quemadmodum
830 1416 1092 1487 benignus
1116 1431 1181 1471 ac
1208 1415 1456 1487 providus
1486 1415 1646 1470 herus
1671 1414 1853 1486 ﬂagel-

252 1507 369 1562 lato
397 1523 555 1564 servo
577 1523 761 1563 curam
783 1509 1014 1579 aliquam
1040 1524 1328 1577 congruam
1352 1508 1572 1579 ﬂagellis
1592 1508 1807 1564 adhibet
1834 1527 1849 1564 :

249 1596 340 1652 sic
381 1598 632 1653 nimirum
678 1599 766 1654 ubi
808 1616 1017 1670 ptenam
1059 1615 1152 1655 reo
1192 1600 1443 1668 imposuit
1474 1600 1664 1666 Deus,
1704 1600 1850 1655 omni

250 1687 467 1742 ratione
497 1703 708 1757 ptrnam
748 1690 901 1744 istam
946 1690 1203 1745 leviorem
1234 1689 1461 1745 reddere
1488 1689 1691 1755 voluit,
1717 1690 1845 1744 dum

250 1777 325 1831 ad
356 1778 605 1834 sudorem
634 1795 732 1834 nos
756 1780 1101 1851 laboremque
1137 1791 1448 1850 perpetuum
1475 1781 1756 1837 damnatos
1792 1782 1845 1836 in

252 1868 444 1924 labore
468 1872 671 1925 curavit
697 1870 916 1927 ferendo
939 1888 968 1926 a
991 1873 1171 1927 multis
1194 1874 1478 1942 generibus
1502 1874 1849 1929 animantium

250 1959 521 2028 adjuvari.
568 1960 673 2015 Pro
710 1962 792 2016 his
829 1978 957 2017 sane
997 1964 1246 2017 omnibus
1273 1964 1322 2017 ei
1361 1964 1559 2033 gratias
1587 1980 1846 2033 agamus:

251 2064 385 2104 nam
413 2050 552 2119 quod
581 2051 835 2108 honorem
860 2053 1013 2108 nobis
1032 2054 1275 2120 contulit,
1303 2068 1367 2108 ac
1388 2069 1572 2109 rursus
1595 2055 1851 2110 honorem

251 2141 476 2210 eripuit.
506 2151 561 2198 et
587 2158 690 2198 non
716 2159 929 2199 omnem
959 2145 1152 2214 eripuit
1179 2145 1373 2215 ipsum,
1404 2154 1458 2199 et
1481 2146 1622 2215 quod
1654 2146 1851 2202 bestia-

254 2247 382 2287 rum
412 2232 653 2287 timorem
684 2234 921 2298 immisit,
948 2245 1004 2290 et
1028 2236 1228 2301 omnia,
1256 2236 1301 2290 si
1330 2235 1449 2305 quis
1473 2236 1739 2291 examinet
1765 2252 1851 2303 ea,

253 2322 483 2377 multam
506 2324 839 2394 sapientiam,
860 2326 1078 2380 multam
1100 2326 1510 2395 providentiam,
1526 2327 1853 2397 multamque

253 2412 600 2468 clementiam
639 2431 750 2486 prze
786 2431 847 2471 se
878 2417 1055 2471 ferunt
1102 2435 1114 2469 :
1160 2433 1261 2484 qua
1296 2417 1449 2471 nobis
1477 2417 1725 2472 omnibus
1752 2417 1854 2472 frui

258 2514 526 2572 perpetuo
561 2507 834 2575 contingat
876 2507 927 2561 in
974 2508 1062 2563 Dei
1099 2508 1321 2578 gloriam
1346 2548 1363 2573 ,
1395 2508 1483 2578 qui
1524 2508 1639 2562 lucc
1671 2509 1852 2563 omnia

261 2592 491 2661 perfecit
521 2610 536 2647 :
566 2594 663 2664 ipsi
694 2596 863 2667 gloria
897 2598 948 2651 in
977 2598 1169 2652 Stecula
1200 2598 1536 2653 saeculorum.
1574 2600 1764 2653 Amen.

838 2749 1068 2805 senno
1096 2750 1159 2805 IV
1190 2751 1287 2824 (a).

262 2877 420 2946 Quod
470 2882 725 2936 servitutis
752 2883 926 2937 modos
974 2894 1073 2937 tres
1116 2884 1376 2939 induxerit
1407 2895 1663 2955 peccatum
1689 2901 1709 2939 :
1738 2896 1784 2939 et
1805 2888 1858 2939 in

338 2972 646 3043 negligentes
675 2975 965 3036 auditores,
997 2992 1180 3041 eosque
1227 2977 1312 3046 qui
1348 2987 1579 3046 parentes
1626 2994 1727 3031 non
1756 2980 1855 3031 Ito-

336 3076 540 3119 norant.

339 3199 390 3251 l.
422 3195 630 3252 Honore
649 3201 797 3270 aﬂicit
818 3201 1044 3256 subditos
1064 3220 1180 3257 suos
1213 3203 1368 3270 Deus,
1390 3206 1735 3274 quomodo-—
1752 3208 1860 3261 Au-

261 3286 475 3342 divisﬁs
514 3288 629 3344 heri
657 3331 672 3354 ,
713 3306 820 3361 quo
866 3302 1021 3361 pacto
1054 3294 1192 3349 Deus
1243 3295 1511 3349 hominem
1566 3296 1858 3351 bestiarum

262 3393 447 3449 regem
478 3395 541 3435 ac
570 3382 862 3453 principem
884 3386 1244 3453 constituerit,
1264 3402 1369 3456 quo
1387 3397 1540 3457 pacto
1570 3391 1695 3444 item
1726 3405 1861 3445 con-

266 3471 445 3527 festim
471 3490 502 3527 e
542 3490 709 3545 regno
752 3476 899 3531 illum
943 3478 1194 3548 ejecerit;
1225 3482 1308 3535 vel
1339 3483 1515 3550 potius
1541 3497 1647 3536 non
1677 3483 1818 3538 Deus
1842 3525 1857 3548 ,

264 3562 359 3618 sed
381 3564 496 3635 ipse
524 3580 619 3635 per
648 3567 1061 3626 inobedientiam
1088 3570 1292 3625 honore
1322 3573 1556 3642 seipsum
1578 3573 1858 3629 abdicarit.

264 3654 395 3709 Nam
436 3656 576 3724 quod
619 3659 692 3712 illi
725 3675 944 3728 regnum
974 3662 1257 3730 obtigerit,
1290 3662 1487 3718 divinae
1533 3665 1700 3719 solius
1753 3666 1851 3720 fuit

265 3748 629 3818 benignitatis.
672 3750 853 3821 Neque
880 3753 1021 3805 enim
1056 3752 1190 3806 hanc
1223 3754 1297 3807 illi
1329 3755 1630 3810 mercedem
1677 3757 1862 3811 tribuit

263 3848 413 3894 recte
459 3838 750 3905 factorum,
784 3842 878 3896 sed
919 3845 1305 3913 etpriusquam
1356 3856 1528 3909 esset,
1562 3846 1662 3900 hoc
1711 3848 1858 3901 illum

267 3929 472 3985 honore
492 3931 787 3987 decoravit.
826 3940 895 3988 At
926 3950 993 3989 ne
1016 3934 1224 3989 diceres
1256 3935 1524 3989 hominem
1551 3946 1731 4005 postea
1764 3954 1862 3992 na-

267 4028 379 4074 tum
401 4061 416 4084 ,
449 4020 641 4076 deinde
674 4023 857 4077 multis
886 4024 1044 4077 editis
1095 4025 1371 4091 praeclaris
1422 4025 1748 4081 facinoribus
1788 4029 1859 4082 ita

268 4109 435 4165 Deum
463 4111 562 4166 sibi
609 4112 925 4168 conciliasse
948 4154 963 4179 ,
994 4123 1052 4168 ut
1075 4116 1142 4169 ab
1169 4131 1234 4169 eo
1260 4116 1540 4183 imperium
1572 4118 1622 4169 in
1657 4118 1859 4173 belluas

266 4201 555 4268 obtineret,
588 4219 712 4259 cum
758 4204 1082 4261 formaturus
1110 4222 1233 4261 eum
1260 4216 1434 4269 esset,
1478 4207 1544 4261 de
1574 4208 1740 4276 ipsius
1766 4210 1864 4263 im-

267 4295 422 4363 perio
449 4295 609 4351 verba
662 4296 784 4350 facit
820 4298 891 4351 ita
924 4297 1107 4352 dicens
1138 4316 1151 4351 :
1181 4298 1458 4356 Faciamus
1498 4301 1750 4354 hominem
1796 4303 1864 4354 ad

264 4384 540 4455 imaginem
581 4397 629 4440 et
658 4387 1034 4442 similitudinem
1066 4399 1285 4442 nostram
1311 4431 1324 4454 ,
1350 4400 1397 4442 et
1435 4390 1725 4444 dominetur
1780 4392 1861 4446 beo

264 4482 378 4536 stiis
404 4490 553 4535 term
579 4481 730 4550 (Gen.
759 4483 809 4536 l.
840 4483 957 4552 26).
994 4486 1130 4538 Ante
1156 4483 1318 4537 vitam
1348 4483 1538 4547 honor,
1569 4494 1693 4538 ante
1712 4500 1864 4539 crea-

265 4572 471 4627 tionem
516 4587 714 4627 corona
733 4613 748 4639 ,
777 4581 831 4628 et
856 4582 1140 4643 antequam
1169 4573 1260 4627 liat
1280 4614 1292 4637 ,
1321 4573 1388 4626 ad
1420 4574 1623 4642 regium
1652 4574 1861 4628 solium

264 4664 533 4720 evehitur.
570 4664 778 4719 Etenim
807 4665 1054 4721 homines
1095 4665 1336 4721 subditos
1381 4680 1509 4721 suos
1539 4667 1590 4720 in
1622 4677 1861 4722 extrema

263 4764 547 4811 senectute
601 4766 721 4825 post
765 4758 963 4811 multos
1016 4758 1227 4813 labores
1266 4769 1319 4812 et
1346 4758 1551 4812 inﬁnita
1582 4761 1815 4827 pericula
1846 4802 1860 4825 ,

262 4863 389 4901 cum
422 4848 473 4902 in
520 4863 651 4919 pace
680 4858 789 4904 tum
818 4850 869 4903 in
905 4850 1088 4914 bellis,
1118 4859 1226 4904 tum
1256 4849 1471 4905 demum
1514 4851 1717 4907 honore
1748 4854 1866 4907 afli-

263 4941 416 4994 ciunt
445 4955 465 4994 :
491 4940 631 4996 Deus
660 4951 838 4995 autem
870 4957 975 4996 non
1006 4943 1097 5009 ita,
1125 4942 1218 4996 sed
1247 4942 1429 4996 statim
1466 4951 1624 5012 atque
1653 4954 1736 4998 est
1758 4986 1771 5007 ,
1797 4945 1865 5000 ad

266 5031 417 5085 hunc
446 5046 568 5085 cum
616 5031 876 5087 honorem
905 5032 1116 5098 evexit,
1149 5044 1203 5087 et
1240 5033 1341 5087 hoc
1372 5049 1476 5087 non
1520 5044 1666 5088 recte
1694 5035 1859 5091 facto-

264 5134 389 5176 rum
421 5134 545 5176 esse
570 5123 875 5177 mercedem
906 5123 1173 5190 ostendit,
1202 5124 1296 5177 sed
1330 5124 1554 5192 gratiam
1587 5125 1820 5179 divinam
1845 5167 1861 5191 ,

266 5219 323 5264 et
350 5226 458 5265 non
501 5210 761 5267 debitum.
806 5213 958 5279 Quod
992 5214 1148 5283 igitur
1170 5213 1521 5283 principatum
1566 5217 1862 5285 acceperit,

266 5300 322 5357 id
345 5317 415 5356 ex
456 5302 569 5356 sola
616 5301 708 5358 Dei
738 5302 1065 5373 benignitate
1113 5303 1185 5357 illi
1230 5304 1483 5358 obvenit:
1517 5305 1657 5372 quod
1686 5316 1864 5360 autem

265 5393 534 5449 exciderit
557 5395 884 5465 principatu,
908 5411 974 5450 ex
1014 5395 1179 5464 ipsius
1206 5395 1433 5464 ignavia.
1463 5395 1603 5463 Ergo
1628 5405 1687 5449 ut
1716 5413 1866 5465 reges

264 5488 351 5542 Pis
378 5488 467 5558 qui
494 5489 606 5543 suis
631 5505 738 5544 non
771 5498 960 5559 parent
1002 5489 1268 5543 mandatis
1307 5489 1567 5557 abrogant
1598 5490 1866 5559 principa-

270 5585 389 5632 tum
421 5595 437 5632 :
464 5576 619 5635 itase
647 5579 814 5650 gessit
840 5595 965 5651 erga
1014 5580 1284 5634 hominem
1316 5580 1454 5633 Deus
1477 5621 1493 5643 ,
1525 5595 1644 5633 cum
1670 5578 1717 5635 ei
1742 5590 1869 5636 tunc

266 5669 634 5740 principatum
670 5672 965 5741 abrogavit.
1009 5672 1177 5726 Hodie
1207 5680 1385 5725 autem
1415 5687 1592 5739 opene
1641 5672 1867 5740 pretium

344 5800 418 5864 (ο)
454 5799 661 5853 collatus
683 5818 792 5855 cum
816 5806 980 5854 codice
1006 5808 1153 5866 Regio
1182 5805 1298 5852 I976
1323 5812 1500 5853 etcum
1522 5804 1664 5852 2562.

1541 387 1604 441 ΙΝ
1642 382 1942 440 CENESIM
1980 384 2210 440 SERMO
2234 384 2322 442 IV.

3445 391 3549 447 5N

1965 498 2123 551 tuerit
2147 498 2348 565 dicere,
2376 506 2633 568 quantum
2655 499 2816 557 etiam
2845 500 3007 558 alium
3030 501 3288 560 honorem
3321 505 3393 559 illi
3422 520 3519 574 pec
3536 535 3552 544 -

1961 591 2065 645 cati
2096 599 2281 645 natura
2312 590 2607 662 eripuerit,
2642 603 2694 648 et
2720 603 2852 664 quot
2880 596 3152 651 servitutis
3179 596 3367 653 modos
3394 598 3552 655 indu-

1959 684 2116 750 xerit,
2149 684 2276 738 dum
2321 694 2381 739 ut
2410 694 2668 757 tyrannus
2695 688 2959 759 quispiam
3008 688 3239 745 diversis
3264 690 3495 748 vinculis
3521 732 3540 759 ,

1959 776 2138 831 multis
2173 776 2457 846 generibus
2486 777 2878 847 principatuum
2919 788 3162 835 naturam
3196 791 3433 837 nostram
3454 781 3552 835 de-

1958 866 2146 921 vinxit.
2178 866 2389 921 Primus
2420 866 2580 937 igitur
2601 867 2931 939 principatus
2955 878 3038 924 est
3062 870 3290 924 servitus
3312 910 3328 935 ,
3362 885 3467 940 qua
3495 878 3553 925 et

1958 958 2275 1014 mulieribus
2329 960 2596 1029 imperant
2635 959 2736 1014 viri
2767 978 2780 1013 :
2812 961 3076 1030 siquidem
3106 970 3228 1031 post
3272 970 3549 1031 peccatum

1959 1049 2059 1105 hac
2105 1065 2242 1118 Opus
2283 1049 2399 1105 fuit.
2447 1050 2579 1106 Nam
2626 1059 2752 1106 ante
2786 1051 3201 1107 inobedientiam
3229 1068 3323 1121 par
3347 1051 3551 1110 honore

1958 1139 2056 1195 fuit
2098 1141 2251 1204 viro,
2295 1156 2527 1211 cumque
2570 1141 2716 1195 illam
2775 1140 3029 1196 formavit
3077 1142 3250 1204 Deus,
3278 1143 3552 1212 quibusin

1958 1231 2275 1286 formatione
2320 1230 2419 1286 viri
2447 1231 2623 1286 verbis
2668 1247 2797 1287 usus
2831 1241 2982 1297 erat,
3013 1233 3097 1287 his
3116 1242 3170 1286 et
3199 1232 3252 1286 in
3278 1233 3553 1287 creatione

1956 1322 2197 1381 mulieris
2236 1331 2318 1377 est
2358 1338 2505 1377 usus.
2547 1322 2619 1379 Ut
2647 1322 2807 1393 igitur
2844 1322 2913 1378 de
2943 1324 3035 1378 illo
3071 1323 3245 1387 dixit,
3277 1322 3551 1377 Faciamus

1957 1413 2206 1467 hominem
2255 1414 2324 1467 ad
2361 1414 2632 1485 imaginem
2664 1423 2713 1468 et
2755 1414 3133 1468 similitudinem
3162 1424 3386 1469 nostram
3408 1456 3422 1475 .
3458 1428 3554 1468 ne-

1955 1518 2058 1573 que
2083 1503 2256 1571 dixit,
2287 1504 2407 1559 Fiat
2428 1503 2590 1559 homo
2622 1520 2636 1557 :
2665 1504 2745 1559 sic
2771 1514 2825 1560 et
2850 1503 2918 1559 de
2959 1503 3062 1558 ista
3090 1520 3197 1558 non
3227 1504 3402 1568 dixit,
3435 1505 3553 1558 Fiat

1957 1596 2183 1662 mulier,
2234 1597 2331 1653 sed
2376 1597 2465 1652 hic
2508 1612 2720 1668 quoque
2768 1615 2783 1651 :
2834 1595 3112 1651 Faciamus
3184 1597 3231 1651 ei
3269 1596 3555 1665 adiutorem

1958 1685 2109 1757 (Gen.
2141 1687 2203 1741 2.
2233 1687 2326 1758 18)
2350 1729 2365 1754 ,
2396 1704 2570 1759 neque
2613 1688 2927 1759 simpliciter
2944 1689 3281 1758 adjutorem,
3309 1687 3435 1752 sed,
3460 1688 3556 1744 Se-

1958 1777 2181 1831 cundum
2208 1779 2377 1847 ipsum
2400 1821 2415 1844 ,
2443 1794 2550 1849 quo
2592 1794 2780 1834 rursus
2818 1779 3041 1835 honoris
3076 1780 3436 1850 atqualitatem
3465 1793 3556 1833 os-

1959 1868 2146 1922 tendit.
2176 1867 2309 1923 Nam
2337 1869 2590 1939 quoniam
2635 1868 2806 1923 brutae
2855 1870 3156 1924 animantes
3186 1869 3252 1923 ad
3300 1884 3553 1925 necessa-

1958 1958 2069 2013 rios
2099 1960 2221 2013 vitae
2265 1974 2396 2015 usus
2422 1960 2645 2015 multum
2697 1960 2855 2017 nobis
2902 1960 3185 2016 conferunt
3224 1962 3552 2032 adjumenti,

1958 2064 2026 2102 ne
2083 2050 2219 2105 forte
2264 2051 2547 2107 mulierem
2594 2066 2807 2122 quoque
2846 2052 2988 2106 inter
3028 2051 3294 2121 mancipia
3335 2062 3554 2121 putares

1959 2154 2081 2195 esse
2108 2142 2493 2197 numerandam
2518 2183 2535 2207 ,
2568 2142 2690 2197 vide
2715 2142 2986 2211 quomodo
3010 2144 3079 2197 ab
3107 2142 3214 2197 illis
3237 2158 3356 2197 eam
3380 2143 3556 2196 mani-

1960 2231 2095 2289 l‘este
2124 2233 2435 2305 distinguat.
2469 2233 2700 2289 Adduxit
2720 2234 2928 2300 bestias,
2954 2235 3143 2305 inquit,
3169 2251 3338 2289 coram
3366 2234 3551 2298 Adam,

1959 2334 2006 2377 et
2034 2341 2137 2378 non
2161 2334 2235 2379 est
2281 2326 2512 2380 inventus
2539 2326 2748 2395 adjutor
2784 2327 2967 2380 similis
3010 2328 3055 2379 ei
3088 2325 3365 2380 secundum
3389 2329 3557 2395 ipsum

1962 2414 2113 2487 (Gen.
2136 2416 2191 2469 2.
2226 2415 2313 2470 i9.
2340 2414 2458 2486 20).
2484 2416 2622 2482 Quid
2645 2417 2841 2488 igitur?
2860 2432 2967 2470 non
2994 2424 3075 2470 est
3104 2414 3317 2484 adjutor
3341 2429 3513 2484 equus
3536 2455 3551 2480 ,

1958 2508 2047 2577 qui
2075 2522 2292 2575 operam
2320 2524 2470 2563 suam
2503 2509 2574 2562 illi
2605 2517 2819 2578 praestat
2851 2509 2904 2562 in
2932 2508 3128 2563 bellis?
3156 2523 3262 2562 non
3290 2515 3374 2562 est
3400 2505 3555 2576 adju-

1963 2609 2047 2652 tor
2095 2600 2193 2654 bos
2217 2642 2233 2667 ,
2274 2601 2363 2669 qui
2388 2615 2659 2655 vomerem
2694 2600 2883 2664 trahit,
2915 2609 2970 2653 et
3010 2599 3135 2652 dum
3163 2600 3366 2653 semina
3398 2606 3557 2652 terra:

1963 2691 2305 2755 mandantur,
2356 2691 2637 2747 nobiscum
2689 2690 2931 2744 laborat?
2957 2706 3062 2743 non
3110 2699 3233 2742 sunt
3280 2688 3555 2758 adjutores

1962 2786 2145 2837 asinus
2191 2790 2242 2836 et
2273 2784 2447 2837 mulus
2467 2823 2483 2849 ,
2510 2783 2600 2853 qtti
2621 2782 2688 2836 ad
2723 2796 2890 2836 onera
2922 2779 3315 2834 transvehenda
3343 2795 3441 2832 nos
3461 2777 3557 2832 ad—

1956 2875 2185 2944 juvant?
2210 2875 2319 2930 Sed
2357 2892 2424 2931 ne
2454 2875 2558 2929 hoc
2593 2874 2742 2929 dicas
2772 2915 2787 2938 ,
2816 2882 3099 2943 propterea
3139 2872 3255 2927 haec
3304 2880 3553 2926 accurate

1962 2966 2254 3035 distinguit.
2287 2966 2403 3020 Non
2424 2968 2565 3021 enim
2594 2965 2907 3034 simpliciter
2934 2963 3088 3029 dixit,
3118 2962 3232 3017 Non
3262 2971 3345 3017 est
3370 2962 3561 3015 inven-

1965 3065 2049 3111 tus
2091 3056 2165 3111 illi
2190 3056 2423 3126 adjutor,
2452 3056 2579 3123 sed,
2614 3054 2736 3110 Non
2762 3064 2835 3109 est
2871 3055 3102 3109 inventus
3143 3052 3349 3123 adjutor
3377 3052 3563 3106 similis

1964 3148 2028 3200 ei.
2057 3146 2131 3202 Ita
2159 3147 2245 3202 hic
2269 3163 2484 3219 quoque
2511 3162 2616 3200 non
2640 3146 2794 3212 dixit,
2819 3145 3152 3215 simpliciter,
3186 3142 3465 3198 Faciamus
3486 3142 3561 3197 illi

1963 3238 2295 3307 adjutorem,
2328 3238 2421 3292 sed
2447 3280 2463 3302 ,
2497 3235 2774 3291 Faciamus
2821 3235 2901 3289 illi
2943 3236 3231 3306 adjutorem
3280 3234 3563 3288 secundum

1962 3329 2128 3397 ipsum
2153 3369 2169 3391 .
2191 3328 2344 3383 dixit.
2368 3328 2493 3383 Haec
2517 3337 2695 3382 autem
2720 3334 2846 3381 ante
2876 3335 3154 3395 peceatum
3179 3325 3516 3394 contigerunt
3543 3340 3557 3377 :

1968 3428 2086 3487 post
2111 3429 2384 3488 peccatum
2415 3429 2591 3472 autem
2627 3436 2641 3471 :
2673 3417 2753 3471 Ad
2781 3417 2945 3471 virum
2984 3425 3127 3471 tuum
3160 3416 3417 3469 conversio
3437 3424 3559 3479 tua,

1964 3515 2008 3556 et
2037 3504 2145 3572 ipse
2172 3504 2246 3556 tui
2273 3503 2618 3557 dominabitur
2644 3500 2796 3573 (Gen.
2817 3503 2869 3557 5.
2897 3499 3008 3571 16).
3041 3500 3325 3570 Αειιιιιιιειιι
3357 3498 3563 3553 honore

1966 3604 2018 3649 te
2073 3595 2283 3659 creavi,
2324 3594 2531 3664 inquit;
2567 3608 2672 3651 non
2698 3600 2843 3647 recte
2891 3606 2987 3646 usa
3025 3606 3084 3645 es
3131 3589 3464 3658 principatu:
3493 3587 3562 3641 ad

1965 3684 2350 3754 subjectioncm
2391 3684 2680 3739 descende.
2729 3682 2845 3738 Non
2878 3681 3040 3735 tulisti
3070 3681 3368 3736 libertatem
3399 3697 3412 3733 :
3444 3694 3562 3733 ser-

1966 3778 2189 3831 vitutem
2232 3776 2474 3831 admitte.
2509 3775 2792 3831 Nescivisti
2823 3775 3090 3844 imperare
3112 3813 3128 3839 ,
3158 3770 3302 3842 quod
3342 3782 3399 3826 et
3450 3770 3563 3839 ipsa

1967 3884 2145 3923 rerum
2173 3868 2503 3938 experientia
2545 3866 2832 3922 declarasti
2862 3884 2874 3920 :
2909 3874 3025 3920 esto
3053 3880 3161 3919 una
3200 3879 3268 3918 ex
3299 3862 3525 3916 subditis
3545 3901 3561 3923 ,

1966 3972 2019 4015 et
2045 3961 2317 4015 dominum
2353 3960 2524 4013 virum
2570 3972 2819 4028 agnosce.
2850 3955 2931 4009 Ad
2956 3956 3120 4010 virum
3147 3962 3287 4007 tuum
3307 3951 3564 4007 conversio

1968 4062 2073 4117 tua,
2097 4062 2144 4106 et
2170 4053 2277 4123 ipse
2296 4053 2366 4104 tui
2387 4051 2745 4105 dominabitur.
2775 4050 2844 4103 At
2866 4048 2986 4102 vide
3015 4047 3117 4101 hoc
3150 4045 3270 4101 leco
3296 4044 3389 4099 Dei
3416 4043 3564 4097 beni-

1966 4144 2241 4213 gnitatem.
2289 4141 2368 4197 Ne
2417 4141 2560 4195 enim
2606 4140 2867 4205 audiens,
2912 4138 3034 4210 Ipse
3081 4138 3153 4190 tui
3196 4134 3562 4195 dominabitur,

1969 4252 2184 4307 gravem
2235 4242 2482 4291 censeret
2527 4249 2647 4289 esse
2688 4234 3051 4296 dominatum,
3086 4229 3234 4300 prius
3273 4229 3444 4299 posuit
3473 4244 3567 4281 no-

1969 4344 2091 4384 men
2123 4344 2266 4384 cnrze
2291 4328 2478 4383 dicens
2501 4367 2516 4390 ,
2554 4326 2635 4380 Ad
2663 4327 2826 4381 virum
2856 4336 2997 4378 tuum
3024 4322 3282 4377 conversio
3308 4330 3395 4373 tua
3420 4362 3431 4379 .
3464 4320 3566 4372 hec

1968 4430 2071 4485 est,
2101 4419 2381 4490 Rt-fugium
2409 4428 2578 4484 tuum,
2608 4427 2813 4488 portus,
2836 4426 2890 4469 et
2910 4414 3169 4470 securitas
3190 4411 3281 4465 tibi
3310 4410 3412 4466 erit
3436 4410 3560 4463 ille:

1969 4524 2027 4567 ut
2051 4514 2103 4566 iu
2130 4514 2400 4577 omnibus,
2433 4528 2551 4579 qnze
2585 4512 2850 4579 ingruent,
2882 4508 3038 4562 malis
3056 4505 3123 4560 ad
3155 4505 3325 4574 ipsum
3356 4512 3410 4557 te
3430 4517 3563 4557 eon—

1968 4612 2147 4657 vertas
2168 4610 2240 4656 net
2266 4600 2544 4671 confugias
2564 4640 2579 4665 ,
2613 4598 2703 4652 tibi
2743 4596 3000 4652 concedo.
3028 4594 3210 4665 Neque
3240 4592 3342 4646 hoc
3364 4592 3563 4657 solum,

1969 4692 2063 4747 sed
2109 4701 2164 4746 et
2197 4690 2527 4744 naturalibus
2554 4702 2650 4743 eos
2702 4686 3110 4741 necessitatibus
3155 4683 3460 4754 colligavit,
3510 4693 3567 4736 et

1971 4793 2238 4853 tamquam
2278 4780 2560 4836 infractum
2602 4778 2869 4849 quoddam
2912 4777 3216 4838 vinculum,
3262 4775 3566 4841 cupiditatis

1971 4877 2073 4930 illis
2098 4884 2339 4929 catenam
2368 4872 2566 4942 injecit.
2599 4870 2760 4926 Vides
2786 4878 2844 4924 ut
2877 4868 3263 4939 subjectionem
3307 4866 3568 4921 invexerit

1970 4968 2183 5039 quidem
2202 4974 2497 5038 peccatum,
2512 4964 2684 5019 solers
2699 4973 2877 5018 autem
2890 4971 2943 5017 et
2955 4962 3166 5030 sapiens
3185 4960 3327 5015 Dens
3344 4959 3424 5013 his
3435 4974 3570 5028 quo-

1970 5077 2076 5132 qne
2095 5059 2162 5115 ad
2189 5066 2426 5113 nostram
2455 5057 2740 5111 utilitatem
2767 5055 2831 5109 sit
2860 5054 3023 5109 usus?
3050 5051 3189 5107 Audi
3219 5050 3342 5121 quid
3370 5049 3439 5103 de
3463 5048 3565 5102 hac

1970 5154 2302 5224 subjectione
2331 5151 2475 5205 dicat
2502 5150 2695 5204 Paulus
2719 5189 2735 5212 ,
2764 5156 2819 5201 ut
2850 5162 3062 5201 rursum
3094 5143 3300 5198 Veteris
3326 5155 3392 5195 ac
3431 5138 3567 5195 Novi

1971 5245 2297 5301 Testamenti
2332 5242 2675 5298 concordiam
2707 5237 2990 5306 intelligas.
3028 5233 3232 5296 Mulier,
3267 5232 3478 5300 inquit,
3510 5231 3566 5284 in

1972 5338 2172 5392 silentio
2192 5337 2353 5389 discat
2376 5350 2492 5387 cum
2512 5332 2650 5385 omni
2675 5328 2978 5395 subjectione
3003 5326 3080 5394 (Ι.
3115 5322 3245 5376 Tim.
3264 5319 3317 5373 ἓ.
3340 5320 3424 5373 Η.
3449 5319 3558 5382 i2).

2050 5430 2280 5484 Mulieris
2316 5429 2564 5498 oﬂicium;
2594 5423 2774 5478 mulier
2791 5420 3018 5493 subjecta
3042 5420 3149 5472 viro
3165 5458 3181 5481 .
3210 5433 3389 5486 quare.
3415 5416 3561 5470 Alte-

1973 5539 2086 5576 rum
2110 5520 2363 5575 servitutis
2388 5532 2544 5587 genus
2570 5531 2633 5569 ea:
2662 5521 2885 5584 peccato.
2902 5540 2976 5550 —
3001 5509 3162 5565 Vides
3178 5518 3232 5564 et
3258 5507 3429 5577 ipsum
3452 5506 3565 5559 \iro

1974 5613 2253 5668 mulierem
2279 5606 2611 5675 subjecisse?
2631 5602 2735 5659 Sed
2753 5611 3026 5671 exspecta,
3045 5610 3100 5656 et
3122 5614 3336 5655 causam
3356 5596 3565 5650 audies.

1974 5702 2103 5768 Cur,
2130 5701 2257 5756 Cum
2286 5699 2425 5753 omni
2451 5694 2793 5766 subjectione?
2824 5691 3035 5748 Mulieri
3059 5692 3225 5757 enim,
3250 5689 3439 5757 inquit,
3468 5688 3563 5740 do-

1977 5809 2086 5847 cere
2114 5809 2211 5847 non
2252 5790 2503 5861 permitto.
2537 5787 2672 5857 Quid
2705 5788 2818 5842 ita?
2846 5783 3022 5842 Semel
3046 5784 3187 5839 enim
3219 5780 3355 5836 male
3379 5781 3561 5836 docuit
