3964 6422
405 400 516 458 $95

407 517 601 573 Adam.
660 511 835 581 Neque
874 499 1125 561 destinari
1166 504 1220 558 in
1258 516 1445 556 mm.
1482 498 1595 554 Cur
1642 495 1695 553 id
1739 491 1990 549 tandem?

408 603 588 660 Semel
615 603 815 673 quippe
842 597 980 653 male
1001 595 1273 650 dominata
1296 601 1400 647 est.
1425 589 1532 645 Sed
1560 602 1669 643 esse
1693 586 1749 640 in
1766 583 1989 639 silentio.

413 695 511 753 Dic
532 708 663 749 vero
690 704 927 747 causam.
959 686 1126 741 Adam
1164 684 1310 742 enim
1330 722 1346 746 .
1369 681 1567 749 inquit,
1590 693 1692 731 non
1722 684 1798 731 est
1835 673 1991 730 sedu-

409 794 522 840 σιω
550 798 572 837 :
592 782 772 836 mulier
807 789 977 833 utens
1021 775 1227 830 seducta
1262 772 1315 827 in
1346 769 1758 842 pravaricstione
1782 764 1881 837 fuit
1911 763 1990 834 (1.

412 871 552 928 Tim.
587 870 644 925 2.
677 872 788 939 tt).
827 866 1030 922 Idcirco
1072 864 1216 921 illam
1260 876 1291 915 a
1317 859 1575 919 doctrinm
1616 855 1754 912 solio
1778 851 1991 923 deiecit.

411 963 513 1031 Qui
557 961 699 1019 enim
737 959 934 1014 docere
962 955 1133 1011 nescit
1155 994 1172 1019 ,
1198 952 1387 1012 discat.
1411 949 1618 1020 inquit:
1646 944 1788 1017 quod
1821 943 1868 997 si
1894 956 1991 996 no.

413 1055 573 1109 luerit
596 1054 825 1115 discere,
851 1049 949 1105 sed
974 1044 1431 1105 docerevbluerit,
1463 1051 1519 1096 et
1538 1039 1793 1110 seipsum,
1832 1043 1887 1090 et
1910 1032 1996 1090 di-

413 1144 646 1215 scipulos
672 1145 890 1211 insuper
914 1155 1042 1195 suos
1064 1137 1279 1208 perdet:
1314 1135 1366 1190 id
1389 1132 1533 1205 quod
1550 1133 1712 1190 etiam
1737 1139 1862 1183 tunc
1882 1141 1999 1181 tau-

414 1234 531 1303 lieri
572 1232 785 1288 accidit.
843 1232 1037 1287 Verum
1085 1230 1229 1284 illam
1274 1226 1489 1296 quidem
1546 1224 1661 1275 viro
1704 1219 1998 1288 subjectum

415 1327 613 1392 tuisse,
654 1340 717 1380 ac
748 1332 966 1396 propter
1003 1331 1278 1393 peceatum
1323 1318 1490 1372 fuisse
1526 1314 1816 1384 subjectum
1836 1351 1853 1377 ,
1876 1310 2002 1364 hinc

421 1414 761 1471 manifestum
787 1421 873 1469 est
898 1430 916 1467 :
948 1410 1076 1466 illud
1105 1418 1284 1464 autem
1310 1406 1497 1462 audire
1522 1405 1702 1467 velim,
1728 1401 1809 1455 Ad
1837 1400 2003 1453 eiram

418 1516 566 1560 tuum
587 1505 848 1560 “nmio
864 1513 955 1558 tua
968 1543 984 1568 ,
1006 1511 1056 1557 et
1080 1502 1193 1572 ipse
1220 1500 1297 1555 tui
1320 1498 1679 1553 dominabitur.

492 1596 547 1649 2.
575 1595 725 1652 Scire
748 1595 906 1650 velim
926 1607 1035 1665 quo
1053 1600 1207 1663 pacto
1225 1590 1293 1645 de
1313 1590 1413 1646 bac
1429 1589 1591 1644 etiam
1610 1600 1735 1642 cum
1758 1585 2005 1655 loquatur

422 1685 635 1755 Paulus,
657 1695 711 1743 et
726 1684 1053 1740 dominatum
1073 1684 1295 1737 misc.-at
1316 1695 1439 1735 cum
1460 1676 1845 1735 banevoleutia.
1864 1675 2006 1743 Quo-

422 1792 546 1831 nam
573 1776 798 1846 igituriu
821 1777 940 1830 loco
963 1773 1017 1829 id
1042 1772 1205 1827 facit?
1226 1771 1308 1826 Ad
1331 1770 1638 1826 Corinthios
1658 1768 1736 1838 (α)
1765 1768 2006 1822 scribens

424 1866 522 1931 ait,
563 1863 703 1927 Viri,
725 1863 922 1935 diligite
951 1863 1178 1934 κέων-ρο(
1206 1861 1393 1932 ΕνΙιεσ.
1426 1861 1480 1915 5.
1506 1859 1625 1930 25)
1661 1879 1675 1913 :
1702 1874 1831 1915 ecce
1851 1856 2002 1923 illud,

422 1958 505 2011 Ad
534 1957 695 2019 virum
719 1967 862 2011 luant
885 1958 1141 2011 conversio
1172 1964 1283 2010 tua.
1314 1954 1510 2010 Uxores
1533 1963 1705 2007 autem
1727 1962 1783 2007 ut
1799 1954 2007 2008 timeant

420 2048 558 2102 eius
604 2045 778 2117 (Ibid.
820 2063 868 2101 ι.
905 2045 1363 2118 35):eoceillud,
1404 2042 2004 2115 Ipsetaidominabitttr.

427 2136 589 2192 Vides
606 2136 893 2192 atminime
909 2136 1088 2207 gravis
1107 2136 1178 2191 sit
1199 2135 1520 2201 dominatus,
1541 2133 1756 2204 quando
1778 2131 2010 2188 fervidus

425 2237 652 2295 amator,
696 2227 934 2283 mulieris
971 2227 1254 2283 servientis
1291 2226 1450 2281 fuerit
1486 2224 1767 2291 demittas,
1796 2222 2011 2296 quando

426 2328 603 2374 uictus
632 2319 790 2374 tuerit
813 2333 935 2373 cum
968 2319 1190 2373 raritate
1218 2317 1572 2387 coniunctus?
1615 2316 1707 2372 Sic
1733 2317 1876 2372 enim
1903 2315 2010 2370 tol-

428 2410 555 2464 litur
576 2409 753 2463 cunnis
781 2408 1022 2464 molestia
1073 2408 1367 2465 servitutis.
1398 2405 1573 2463 Unum
1600 2406 1778 2476 itaque
1808 2404 2010 2476 princi-

427 2505 613 2567 patum
640 2497 847 2554 induxit
872 2498 1253 2554 inobedientia.
1294 2497 1410 2553 Noli
1434 2498 1577 2554 enim
1614 2497 1715 2552 hoc
1741 2506 2007 2568 spectare,

427 2587 573 2658 quod
598 2587 744 2645 illam
777 2598 836 2642 ut
871 2588 1153 2658 oportebat
1180 2589 1493 2657 temperarit
1526 2588 1666 2644 Deus
1688 2628 1705 2652 ,
1734 2588 1828 2645 sed
1868 2587 2013 2657 quod

430 2680 600 2748 ipsam
623 2678 895 2735 servitutis
908 2688 1150 2734 nuarum
1172 2679 1511 2735 eottstituerit
1537 2687 1845 2748 peccatum:
1866 2677 2014 2749 quod

430 2780 517 2828 est
537 2771 765 2827 alterum
784 2785 953 2842 genus
971 2771 1242 2826 sanitatis
1254 2771 1423 2825 multo
1440 2770 1606 2840 priori
1622 2770 1856 2840 gravius,
1871 2768 2016 2838 quod

431 2871 492 2918 et
504 2862 676 2932 ipsum
691 2863 951 2934 originem
968 2873 1022 2918 et
1037 2862 1377 2923 occasionem
1390 2861 1543 2916 duxit
1559 2877 1589 2915 a
1613 2870 1850 2931 peccato.
1883 2860 2016 2917 Nam

432 2964 553 3026 post
572 2954 830 3010 diluvium
856 2954 992 3021 Noe,
1020 2968 1309 3009 commune
1336 2952 1466 3009 illud
1490 2953 1722 3008 universi
1754 2962 2015 3007 terrarum

430 3047 584 3102 orbis
616 3046 945 3117 mulragimn
988 3055 1048 3101 et
1074 3046 1293 3099 exitium
1317 3086 1333 3111 ,
1358 3047 1594 3114 peccavit
1643 3045 1695 3099 in
1722 3043 2018 3114 genitorem

432 3152 595 3192 suum
610 3136 789 3192 Citam
806 3138 822 3168 ¹
840 3176 862 3203 ,
887 3151 1117 3207 cumque
1136 3135 1395 3193 nudatum
1416 3145 1620 3204 patrem
1647 3135 1897 3201 vidisset,
1922 3150 2016 3189 ae-

432 3226 713 3282 cusatione
747 3226 896 3282 illum
934 3226 1163 3295 amplius
1186 3239 1284 3281 sua
1307 3225 1446 3295 apud
1468 3223 1660 3280 fratres
1694 3238 1827 3280 suos
1851 3224 2018 3283 nuda»

434 3319 534 3387 vit,
560 3326 720 3391 atque
745 3318 871 3375 inde
899 3317 1122 3379 fratrum
1149 3332 1338 3373 servus
1360 3327 1442 3374 est
1478 3316 1668 3373 laetus.
1695 3316 2021 3389 Corruperat

434 3410 581 3466 enim
609 3420 818 3467 naturae
838 3412 1171 3467 nobilitatem
1199 3411 1433 3480 pravitas
1467 3410 1791 3467 voluntatis:
1819 3425 1882 3466 ac
1905 3426 2019 3465 meo

436 3504 544 3559 rite
585 3503 822 3574 quidem.
877 3504 1150 3574 Scriptura
1196 3502 1353 3572 igitur
1392 3502 1699 3557 innumeras
1745 3516 1841 3571 pro
1874 3502 2022 3570 justo

437 3594 644 3664 profert
690 3594 1061 3650 excusationes
1085 3634 1103 3660 ,
1126 3594 1209 3648 vel
1258 3594 1432 3662 potius
1466 3608 1576 3648 uno
1600 3594 1768 3647 verbo
1805 3608 2018 3646 tltnuem

440 3684 518 3738 illi
555 3684 649 3737 dat
674 3685 902 3737 veniam.
930 3683 1093 3752 Carpit
1120 3685 1295 3748 enim,
1322 3684 1518 3752 inquit,
1551 3681 1667 3737 Noe
1711 3684 1861 3736 homo
1881 3685 2020 3754 agri-

438 3774 554 3828 cola
581 3772 734 3843 (Gen.
761 3774 818 3831 9.
846 3772 962 3840 20).
988 3772 1123 3830 Illud
1150 3788 1298 3839 vero,
1323 3772 1504 3842 Capit,
1537 3773 1755 3828 multam
1783 3777 2023 3830 continet

436 3864 712 3920 ebrietatis
735 3866 1155 3921 excusationem.
1182 3863 1315 3920 Nam
1339 3877 1511 3935 neque
1532 3873 1787 3934 amantum
1809 3865 1915 3919 vini
1938 3865 2024 3920 bi.

443 3955 675 4011 nendum
711 3968 856 4013 esset
896 3965 1151 4022 noverat,
1184 3970 1283 4012 nec
1321 3956 1623 4026 quomodo;
1651 3971 1926 4011 merunme
1954 3972 2021 4010 an

440 4064 576 4118 aqua
620 4048 886 4104 mixtum:
928 4063 1027 4105 nec
1061 4048 1274 4120 quando
1304 4048 1589 4104 bibendum
1613 4089 1630 4114 ,
1674 4050 1929 4104 statimne
1955 4065 2018 4102 es

444 4137 796 4193 torcularibus
842 4137 1088 4196 bausutnl
1108 4178 1123 4203 ,
1156 4152 1223 4191 an
1251 4147 1369 4206 post
1415 4138 1631 4207 aliquod
1670 4146 1879 4206 tempus
1906 4137 2021 4191 ela-

444 4243 619 4296 psum.
650 4230 726 4285 Ac
747 4228 1018 4296 Scriptura
1038 4227 1258 4297 quidem
1298 4242 1392 4297 per
1415 4228 1532 4282 haec
1559 4226 1671 4283 Noe
1700 4227 1895 4282 factum
1925 4243 2021 4282 ett-

440 4332 624 4388 cusat;
651 4322 742 4392 qui
769 4336 897 4376 vero
919 4336 984 4376 ex
1015 4321 1136 4391 ipso
1179 4329 1466 4391 prognatus
1507 4329 1625 4375 erat
1647 4360 1663 4384 ,
1693 4320 1784 4389 qui
1810 4320 1881 4375 ab
1908 4319 2026 4389 ipso

440 4423 685 4473 servatus
713 4405 1001 4486 (siquidem
1016 4420 1240 4483 propter
1254 4409 1549 4471 exhibitura
1575 4412 1710 4480 patri
1739 4409 2023 4474 honorem,

441 4521 543 4561 una
571 4520 698 4563 eum
741 4504 950 4562 exteris
976 4510 1291 4572 tempestate
1312 4501 1559 4557 sublatus
1585 4515 1694 4558 nos
1723 4501 1983 4571 perierat)
2007 4542 2022 4562 .

440 4597 584 4653 nulla
618 4607 821 4654 naturae
851 4595 1027 4653 habita
1055 4595 1262 4649 ratione
1283 4633 1299 4658 .
1328 4606 1434 4648 non
1455 4591 1647 4653 salutis
1669 4593 1907 4647 obtentu
1931 4604 2024 4646 re-

440 4690 735 4757 cordatus,
787 4705 895 4744 non
947 4696 1095 4743 metu
1141 4687 1209 4741 ad
1246 4685 1527 4741 meliorem
1578 4692 1815 4739 mentem
1861 4682 2027 4738 redu-

441 4794 583 4845 ctus,
608 4795 733 4836 eum
761 4780 933 4835 adhuc
958 4791 1247 4848 superesse
1263 4776 1516 4847 reliquias
1540 4784 1785 4831 cerneret
1816 4775 1914 4831 iste
1937 4773 2026 4829 di-

443 4872 582 4926 visne
606 4911 625 4939 ,
653 4885 776 4924 cum
806 4870 1025 4938 vestigia
1046 4868 1366 4923 calamitatis
1387 4880 1666 4936 apparere,
1700 4880 1827 4919 cum
1849 4863 2028 4919 adhuc

445 4976 632 5019 eorum
677 4975 799 5032 qtae
849 4959 1154 5014 acciderant
1199 4967 1401 5012 metum
1446 4958 1663 5028 vigere,
1704 4954 2029 5015 contumelia

445 5063 721 5126 parentem
764 5048 960 5105 adiicit.
988 5048 1101 5103 llnc
1128 5049 1287 5102 etiam
1329 5049 1585 5102 admonet
1621 5047 1838 5117 sapiens
1879 5046 2030 5116 quis-

444 5146 588 5216 piam
627 5143 817 5198 diceus
845 5158 859 5194 :
894 5138 977 5193 Ne
999 5138 1230 5210 glorieris
1272 5139 1326 5191 in
1363 5137 1671 5192 contumelia
1719 5137 1880 5206 patris
1905 5136 1981 5189 tui
2009 5152 2031 5190 .'

446 5249 549 5289 non
572 5235 704 5291 enim
730 5232 911 5287 esttibi
934 5230 1098 5301 gloria
1114 5229 1276 5298 patris
1293 5228 1597 5282 conﬂamelia
1619 5227 1803 5297 (Eucti.
1824 5228 1876 5281 3.
1914 5225 2029 5297 l2).

453 5327 646 5382 Verum
675 5338 849 5394 neque
887 5322 989 5377 hoc
1030 5329 1249 5375 novent
1279 5318 1402 5384 ille;
1431 5317 1527 5373 sed
1571 5327 1848 5386 peceatum
1885 5317 2033 5371 omni

451 5419 602 5472 venia
627 5426 685 5471 et
719 5413 1064 5472 uensativme
1100 5413 1378 5482 indignum
1403 5410 1640 5467 admisit.
1669 5408 1797 5463 Iden
1827 5407 2033 5477 peccati

450 5524 664 5578 ponant
713 5508 1020 5563 servitutem
1066 5505 1319 5568 incurrit,
1346 5502 1678 5571 fratrumque
1720 5513 1907 5554 servus
1951 5506 2035 5553 est

515 5663 535 5696 ι
553 5667 637 5712 tta
658 5660 789 5722 Regii
809 5659 957 5722 bene.
981 5658 1099 5722 Edit.
1124 5657 1270 5717 nisls,
1292 5656 1536 5722 (Ianuari.

517 5722 591 5780 (al
623 5715 858 5769 Memoria:
875 5718 1009 5781 lapsu
1022 5715 1390 5781 Chrysostomus
1415 5717 1606 5781 tantum
1638 5715 1894 5781 corinthiis
1916 5716 2035 5763 εθινί-

459 5777 660 5831 beatum
682 5781 886 5842 inducit;
910 5777 1001 5828 sed
1022 5777 1157 5828 locus
1174 5787 1248 5827 est
1272 5781 1321 5825 iu
1340 5781 1484 5841 Epist.
1501 5778 1560 5826 ad
1584 5777 1827 5838 Pphcs'tns.

1130 390 1185 448 S.
1225 385 1501 445 JOANNIS
1535 377 2006 440 CllRYrOS'I'OMl
2044 374 2357 433 ARCHIEP.
2399 376 2913 433 CONSTANTINOP

3573 380 3669 434 59$

2096 493 2268 549 iactus
2288 534 2302 559 ,
2330 501 2386 548 et
2428 494 2829 563 praerogativam
2882 496 3100 549 honoris
3137 510 3166 547 a
3209 504 3401 550 natura
3447 496 3672 552 delatam

2095 585 2256 640 animi
2285 586 2543 655 pravitate
2584 586 2782 640 antisit.
2813 584 2989 641 Habes
3017 586 3241 640 alterum
3279 585 3560 640 servitutis
3582 600 3672 656 ge-

2097 690 2215 730 nus.
2246 675 2340 730 Vis
2366 676 2528 730 etiam
2559 677 2771 729 tertium
2799 675 2991 730 nosse?
3018 674 3236 730 Duobus
3256 674 3531 744 prioribus
3555 690 3674 746 gra-

2098 767 2215 822 vius
2233 775 2317 821 est
2342 766 2502 830 istud,
2534 768 2804 836 multoque
2829 766 3232 822 formidabilium
3262 766 3397 822 Nam
3424 768 3675 837 quoniam

2099 857 2201 913 illis
2234 872 2340 912 non
2365 865 2449 912 est
2465 857 2781 913 emendatus
2801 858 2843 924 ⁸,
2870 859 3072 913 vincula
3102 860 3252 913 nobis
3275 859 3494 914 adauxit
3519 857 3682 914 Deus.

2098 947 2376 1016 Quodnam
2399 948 2556 1018 igitur
2578 948 2703 1002 illud
2725 949 2842 1003 est?
2861 948 3165 1017 Principum
3193 963 3256 1003 ac
3277 949 3680 1017 magistratuum

2102 1036 2384 1102 nimirum;
2422 1052 2529 1092 non
2563 1039 2669 1093 tale
2697 1040 2852 1106 quale
2878 1039 3148 1102 mulieris,
3195 1054 3365 1103 neque
3389 1037 3500 1092 tale
3527 1037 3683 1107 quale

2100 1142 2378 1183 servorum
2403 1169 2420 1193 ,
2460 1128 2554 1183 sed
2583 1128 2750 1182 multo
2789 1129 2956 1198 magis
2984 1127 3343 1187 formidabile.
3381 1126 3578 1184 Videre
3603 1135 3684 1182 est

2103 1220 2339 1289 undique
2383 1218 2588 1288 gladios
2633 1227 2853 1285 acutos,
2902 1219 3209 1283 carniﬁces,
3253 1217 3546 1288 supplicia,
3577 1225 3686 1271 tor-

2104 1319 2307 1375 menta,
2339 1324 2555 1378 prunas,
2578 1309 2699 1363 vitm
2738 1309 2991 1379 necisque
3018 1318 3354 1377 potestatem.
3389 1307 3460 1361 Ut
3506 1316 3685 1361 autem

2104 1400 2243 1456 scias
2272 1398 2413 1456 bane
2439 1415 2652 1472 quoque
2698 1401 2913 1456 modum
2959 1400 3281 1469 principatus
3309 1415 3377 1455 ex
3400 1398 3687 1454 mione

2107 1490 2307 1562 peccati
2327 1499 2506 1546 ortum
2528 1490 2809 1556 habuisse,
2831 1501 3017 1545 rursus
3041 1491 3261 1545 Paulum
3283 1492 3460 1560 ipsum
3488 1491 3559 1546 de
3588 1491 3687 1545 hoc

2107 1579 2571 1652 philosophantem
2601 1581 2748 1635 audi.
2777 1580 2839 1636 Si
2867 1592 3035 1634 autem
3077 1582 3153 1635 sis
3195 1597 3295 1635 non
3326 1581 3506 1634 timere
3551 1592 3688 1650 pote-

2108 1684 2307 1739 statem,
2343 1674 2529 1727 bonum
2558 1677 2672 1745 fac,
2699 1673 2900 1743 inquit,
2927 1683 2977 1728 et
3005 1673 3208 1728 habebis
3247 1673 3452 1727 laudent
3490 1689 3554 1727 es
3576 1672 3686 1727 illa.

2109 1763 2173 1819 Si
2216 1774 2383 1817 autem
2427 1765 2617 1819 malum
2662 1767 2841 1835 feceris
2860 1807 2876 1830 ,
2905 1765 3025 1818 time
3048 1780 3068 1818 :
3096 1780 3199 1818 non
3228 1764 3361 1818 enim
3388 1763 3502 1818 sine
3534 1779 3688 1817 causa

2108 1855 2335 1926 gladium
2362 1863 2530 1926 portat
2575 1856 2749 1927 (Rom.
2780 1857 2867 1911 15.
2914 1857 2969 1911 3.
2997 1858 3073 1927 4).
3108 1855 3269 1911 Vides
3298 1868 3523 1927 propter
3551 1871 3646 1912 eos
3672 1899 3689 1921 ,

2108 1949 2203 2018 qui
2228 1949 2426 2004 malum
2470 1958 2811 2019 perpetrant,
2848 1959 2902 2004 et
2932 1949 3226 2020 principem
3249 1957 3306 2004 et
3329 1949 3565 2019 gladium
3593 1949 3694 2003 in—

2112 2038 2356 2094 minere?
2376 2040 2513 2094 Audi
2542 2039 2871 2094 manifestius
2893 2039 3032 2095 istud
3058 2041 3230 2109 ipsum
3256 2054 3460 2094 rursus.
3496 2038 3697 2093 Vindex

2111 2133 2256 2185 enim
2279 2139 2381 2196 est,
2413 2131 2602 2199 inquit,
2628 2131 2674 2184 ei
2696 2132 2780 2201 qui
2804 2132 2996 2184 malum
3026 2132 3132 2202 agit
3157 2130 3368 2202 (ἥξει),
3398 2129 3584 2200 Neque
3608 2132 3693 2185 dio

2112 2222 2230 2288 xit,
2262 2221 2376 2276 Non
2420 2223 2564 2277 enim
2611 2225 2728 2278 sine
2770 2238 2928 2277 causa
2969 2224 3217 2293 princeps
3256 2232 3339 2278 est
3374 2223 3510 2277 :sed
3533 2223 3697 2292 quid?

2115 2314 2239 2369 Non
2275 2314 2407 2369 enim
2444 2316 2553 2369 sine
2591 2330 2744 2369 tam
2770 2316 3001 2385 gladium
3026 2324 3214 2386 portat.
3244 2316 3523 2369 Armatum
3557 2315 3701 2384 judi-

2113 2419 2230 2461 cem
2263 2405 2354 2461 tibi
2384 2406 2624 2475 pnefecit
2670 2406 2738 2461 Ut
2761 2407 2903 2461 enim
2932 2416 3084 2476 pater
3112 2407 3341 2461 ﬁliorum
3365 2421 3576 2472 amans,
3606 2407 3697 2459 ubi

2116 2496 2445 2567 negligenter
2486 2495 2667 2552 oftlcio
2704 2511 2805 2552 suo
2847 2496 2994 2568 fungi
3032 2497 3178 2552 videt
3206 2496 3327 2551 illos
3352 2538 3369 2562 ,
3397 2508 3454 2551 et
3483 2509 3703 2567 propter

2119 2598 2394 2657 patermm
2417 2589 2796 2659 indulgentiam
2822 2604 2883 2645 se
2909 2591 2978 2645 ab
3004 2589 3109 2645 illis
3136 2591 3429 2655 contemni,
3458 2590 3529 2646 ob
3547 2605 3703 2647 suam

2119 2680 2408 2736 bonitatem
2456 2681 2756 2752 pmdagogis
2797 2697 2860 2741 ac
2899 2682 3317 2752 przeceptoribus
3370 2682 3706 2737 terribilibus

2120 2770 2239 2826 illos
2288 2772 2610 2826 committit:
2638 2774 2717 2827 sic
2757 2783 2811 2827 et
2855 2788 2884 2825 a
2913 2784 3093 2828 nostra
3135 2781 3322 2827 natura
3355 2788 3415 2828 se
3458 2785 3705 2828 contem-

2122 2873 2270 2933 ptum
2312 2878 2538 2919 cernens
2582 2864 2763 2930 Deus,
2795 2866 2866 2919 ob
2893 2881 3043 2919 suam
3093 2867 3384 2921 bonitatem
3435 2878 3712 2937 tamquam

2122 2953 2389 3023 magistris
2415 2968 2479 3008 ac
2504 2956 2808 3025 paedagogis
2847 2955 3162 3025 quiluudam
3202 2957 3528 3027 principibus
3558 2957 3710 3012 illam

2125 3046 2382 3112 tradidit,
2416 3056 2474 3100 ut
2522 3047 2897 3117 negligentiam
2935 3046 3053 3116 ejus
3096 3048 3448 3117 corrigerent.
3492 3046 3601 3102 Sed
3656 3048 3710 3103 si

2123 3140 2281 3197 vultis
2304 3181 2319 3206 ,
2344 3156 2407 3195 ex
2436 3141 2600 3195 veteri
2627 3139 2972 3198 Testamento
2994 3140 3122 3197 illud
3151 3150 3457 3213 Spectamus
3474 3182 3491 3206 ,
3512 3140 3583 3195 ob
3607 3155 3714 3194 uo—

2123 3243 2290 3286 stram
2337 3232 2585 3286 nimirum
2635 3233 2945 3303 pravitatem
2977 3233 3078 3291 hoc
3123 3247 3258 3305 Opus
3301 3232 3467 3289 fuisse
3499 3232 3710 3301 prioci-

2127 3336 2271 3393 patu.
2302 3323 2532 3393 Propter
2562 3323 2773 3393 iniquos
2795 3324 3055 3395 quispiam
3086 3326 3344 3395 propLeta
3380 3338 3718 3381 succensens

2128 3418 2211 3472 his
2237 3416 2414 3472 verbis
2445 3417 2644 3470 utitur:
2674 3415 2882 3470 Tacebis
2909 3417 3028 3471 dum
3056 3417 3241 3486 impius
3264 3417 3470 3475 decorat
3484 3418 3715 3490 ᾔνικται.

2125 3519 2171 3563 ct
2199 3510 2353 3581 [acies
2378 3509 2399 3540 ¹
2422 3510 2648 3562 homines
2678 3509 2822 3579 quasi
2852 3510 3011 3581 pisces
3052 3509 3227 3570 nutris,
3257 3516 3305 3561 et
3331 3509 3478 3577 quasi
3501 3509 3717 3577 reptilia

2128 3620 2231 3658 nou
2249 3602 2482 3655 habentia
2503 3602 2678 3656 ducem
2707 3599 2930 3668 (Habac.
2955 3601 3006 3654 1.
3033 3600 3119 3654 15.
3150 3598 3276 3669 li)?
3303 3599 3443 3667 Ergo
3468 3597 3717 3655 idcodus

2127 3706 2211 3749 est
2234 3734 2250 3758 ,
2281 3708 2348 3751 ne
2392 3702 2660 3761 tamquam
2701 3692 2909 3760 reptilia
2938 3692 3143 3746 simus:
3169 3690 3293 3746 ideo
3319 3692 3566 3759 princeps
3587 3731 3606 3757 ,
3638 3706 3722 3747 ne

2131 3795 2396 3855 tamquam
2446 3785 2619 3852 pisces
2645 3782 2667 3814 ³
2694 3797 2792 3838 nos
2838 3781 3064 3839 iuvit-em
3114 3779 3460 3837 devoremus.
3489 3779 3625 3839 Nam
3652 3791 3727 3836 ut

2128 3885 2349 3946 propter
2390 3874 2610 3930 morbos
2648 3874 3037 3929 medicamenta
3066 3881 3191 3927 sunt
3212 3872 3368 3938 data,
3394 3873 3724 3942 sicpropter

2127 3967 2344 4033 delicta,
2373 3965 2654 4036 supplicia.
2682 3964 2944 4031 Quoniam
2982 3962 3126 4019 enim
3154 3964 3200 4017 is
3227 3963 3318 4033 qui
3342 3964 3539 4017 virtute
3571 3979 3721 4033 pra:—

2128 4059 2272 4113 ditus
2301 4058 2458 4121 vivit,
2484 4055 2746 4127 ejusmodi
2783 4054 3103 4126 praefectura
3158 4069 3266 4110 non
3311 4053 3543 4123 indiget,
3587 4053 3728 4107 audi

2130 4152 2257 4221 quid
2297 4151 2440 4207 dicat
2461 4149 2657 4202 Paulus
2686 4167 2699 4202 :
2724 4148 2820 4203 Sin
2848 4157 3016 4202 autem
3044 4149 3118 4201 vis
3146 4163 3248 4202 non
3291 4147 3467 4200 tiutere
3489 4157 3722 4215 potesta-

2132 4254 2231 4297 tem
2258 4283 2271 4303 ,
2317 4241 2503 4295 bonum
2545 4239 2628 4308 {ac
2655 4279 2670 4303 ,
2702 4247 2750 4293 et
2797 4238 3000 4293 habebis
3037 4240 3237 4293 laudent
3283 4254 3347 4294 ea:
3386 4237 3476 4291 illa
3533 4236 3717 4297 tilum.

2135 4335 2217 4389 t3.
2243 4334 2319 4402 5).
2351 4329 2630 4401 Spectator
2659 4340 2781 4385 tuus
2800 4370 2816 4393 ,
2837 4329 3027 4400 inquit,
3058 4340 3140 4384 est
3166 4328 3351 4399 iudex.
3379 4328 3438 4383 Si
3466 4338 3618 4384 recte
3652 4330 3725 4383 ri—

2134 4441 2225 4479 vas
2248 4467 2264 4489 ,
2295 4440 2399 4479 non
2440 4431 2709 4492 spectator
2732 4421 2902 4479 solum
2925 4461 2938 4485 ,
2972 4420 3069 4476 sed
3105 4420 3267 4475 etiam
3317 4418 3586 4475 laudator.
3616 4418 3725 4473 Sed

2133 4519 2259 4589 quid
2301 4532 2400 4587 ego
2441 4514 2509 4571 de
2557 4514 2854 4585 principum
2901 4513 3095 4583 loquor
3119 4513 3440 4570 necessitate
3464 4550 3481 4574 ,
3508 4526 3636 4567 cum
3664 4522 3723 4567 et

2134 4611 2253 4664 aliis
2296 4609 2462 4664 multo
2492 4605 2783 4677 majoribus
2811 4603 3154 4660 sublimiores
3197 4604 3306 4658 sint
3344 4603 3437 4675 qui
3483 4604 3727 4672 philoso-

2136 4704 2313 4773 phiam
2343 4698 2552 4761 colnnt?
2574 4697 2846 4769 Siquidem
2869 4696 3167 4768 principum
3186 4696 3421 4766 ipsorum
3447 4696 3726 4767 principes

2135 4804 2262 4849 sunt
2304 4793 2468 4864 leges.
2504 4791 2749 4845 Attamen
2793 4803 2967 4859 neque
3018 4788 3224 4861 legibus
3267 4788 3476 4859 indiget
3510 4789 3597 4855 is,
3630 4792 3723 4859 qui

2136 4902 2257 4942 cum
2306 4883 2563 4946 modestia
2593 4892 2647 4937 et
2689 4880 2941 4952 aequitate
2970 4881 3107 4934 vivit
3136 4896 3150 4932 :
3177 4888 3340 4949 atque
3379 4881 3482 4933 hoc
3504 4888 3725 4934 testan-

2140 4989 2246 5036 tem
2287 4978 2409 5032 audi
2437 4975 2656 5030 Paulum
2692 4973 2774 5029 bis
2801 4973 3014 5039 verbis,
3040 4972 3191 5029 Justo
3213 4973 3297 5028 les
3324 4987 3426 5029 non
3451 4979 3525 5028 est
3550 4974 3727 5043 posita

2142 5074 2217 5144 (l.
2244 5073 2375 5129 Tim.
2403 5072 2454 5127 1.
2488 5069 2564 5139 9).
2595 5068 2746 5136 Quod
2772 5069 2817 5123 si
2846 5068 2932 5123 lex
2951 5068 3119 5139 posita
3146 5082 3253 5123 non
3277 5075 3382 5129 est,
3408 5066 3585 5125 multo
3612 5081 3727 5125 Illa-

2137 5166 2218 5234 gis
2245 5162 2490 5233 princeps
2518 5159 2566 5213 ei
2595 5159 2872 5227 pra-iectus
2891 5172 2997 5213 non
3028 5165 3129 5212 est.
3164 5157 3243 5215 En
3270 5156 3364 5212 tibi
3388 5157 3608 5216 tertimn
3634 5170 3727 5226 ge-

2140 5272 2243 5313 nus
2284 5255 2610 5329 principatus
2633 5292 2650 5317 ,
2677 5252 2767 5320 qui
2804 5260 2860 5309 et
2888 5251 3004 5321 ipse
3043 5250 3265 5311 ducum
3296 5249 3456 5313 habet
3482 5251 3733 5308 occasus-

2138 5363 2259 5405 nem
2286 5362 2315 5400 a
2340 5352 2556 5416 peccato
2578 5352 2634 5398 et
2658 5342 3012 5413 improbitate.

2202 5528 2220 5557 ι
2256 5530 2372 5587 Reg.
2397 5534 2555 5581 unus,
2578 5531 2671 5569 non
2692 5515 2932 5569 emendati
2953 5528 3135 5569 simula.
3159 5516 3278 5569 illi.
3298 5549 3315 5576 ,
3339 5513 3423 5567 ille
3455 5529 3551 5571 aut
3569 5528 3729 5569 entan-

2139 5587 2388 5712 “iniice:
2419 5656 2572 5701 unus,
2617 5654 2649 5693 ο
2676 5639 2932 5712 providens
2971 5649 3113 5700 nens,
3158 5646 3289 5691 taces
3327 5641 3450 5691 dum
3494 5639 3735 5700 tuttur»

2144 5709 2287 5765 impio
2308 5706 2580 5758 deteratur.
2601 5711 2646 5755 et
2669 5706 2807 5773 facis.

2206 5773 2228 5802 ³
2264 5778 2399 5832 tit-3.,
2423 5780 2574 5829 prsces
2597 5780 2761 5814 utam.
