3964 6434
459 400 469 446 .’
491 399 558 454 97

530 519 603 585 γ’.
629 517 750 582 Πῶς
783 515 877 573 οὖν
896 523 924 574 6
947 520 1154 585 Παῦλος
1187 539 1371 592 φησιν,
1394 522 1477 575 ὅτι
1509 524 1629 576 Οὐκ
1662 524 1832 576 ἐστιν
1860 521 2035 586 ἐξου-

459 608 585 671 σία,
608 609 659 660 εί
673 608 758 676 μὴ
779 609 896 661 ἀπὸ
915 608 1095 674 Θεοῦ;
1119 611 1239 663 Ὅτι
1263 611 1428 674 αύτδς
1449 611 1619 681 αὑτὴν
1642 611 1778 681 πρὸς
1803 611 1862 664 τὸ
1886 610 2036 663 λυσι-

458 694 610 758 τελὲς
640 696 770 766 ἡμῖν
796 696 1146 766 κατέστησεν.
1173 697 1451 768 Είσήγαγε
1477 698 1578 768 μὲν
1607 697 1714 770 γὰρ
1743 697 1914 768 αὑτῆς
1933 699 2034 767 τήν

451 784 648 854 ’χρείαν
671 784 704 854 ὴ
731 783 996 855 ἀμαρτὶα·
1026 787 1056 839 6
1085 787 1142 840 δέ
1165 787 1298 849 Θεὸς
1335 787 1473 859 πρὸς
1498 787 1562 840 τὸ
1589 787 1869 857 συμφέρον
1897 788 2034 857 ἡμῖν

456 871 826 940 ἀπεχρήσατο.
846 872 954 926 Καὶ
972 872 1220 945 καθάπερ
1242 875 1274 945 ή
1297 873 1456 946 χρεία
1471 873 1578 926 τῶν
1598 873 1905 943 φαρμάκων
1925 872 2035 927 ἀπὸ

453 955 564 1011 τῶν
589 957 913 1027 τραυμάτων
941 956 1170 1025 γίνεται,
1207 958 1240 1027 ἡ
1275 957 1330 1010 δὲ
1357 957 1620 1026 ἐπαγωγὴ
1654 956 1761 1010 τῶν
1801 954 2026 1026 φαρμά-

455 1059 566 1096 κων
593 1041 701 1095 ἀπὸ
731 1041 832 1112 τῆς
863 1041 970 1096 τῶν
991 1042 1192 1115 ίατρῶν
1225 1043 1415 1113 σοφίας
1437 1061 1452 1076 ο
1485 1043 1627 1096 οὕτω
1663 1044 1758 1098 καὶ
1790 1045 1824 1113 ή
1869 1041 2042 1113 χρεία..

451 1131 556 1202 τῆς
568 1129 812 1193 δουλείας
829 1131 936 1184 ἀπὸ
953 1131 1054 1200 τῆς
1083 1132 1359 1203 ἁμαρτίας
1381 1132 1573 1200 γέγονε
1592 1148 1605 1161 ⁸
1636 1131 1698 1184 τὸ
1719 1131 1776 1184 δὲ
1803 1131 1883 1192 εἰς
1907 1130 2026 1182 δέον

454 1217 625 1288 αὐτὴν
647 1217 928 1288 ρυθμίσαι,
952 1219 1059 1272 ἀπὸ
1082 1220 1182 1288 τῆς
1208 1219 1302 1272 τοῦ
1331 1219 1468 1272 Θεοῦ
1488 1220 1698 1286 σοφίας.
1740 1217 1898 1270 ’Λλλά
1920 1216 2026 1286 γάρ

453 1305 797 1375 διανάστητε,
827 1307 923 1360 καὶ
949 1306 1048 1378 τὴν
1080 1307 1352 1378 ρᾳθυμίαν
1383 1305 1666 1360 ἀπόθεσθε.
1689 1305 1844 1368 Τίνος
1863 1305 2028 1358 ἕνεκα

453 1393 613 1448 τοῦτο
632 1394 774 1463 λέγω
792 1413 807 1462 ;
842 1395 978 1466 Περὶ
997 1395 1231 1467 Γραφῶν
1251 1397 1379 1467 ύμῖν
1396 1395 1748 1468 διηγούμεθα,
1777 1395 1934 1464 ὑμεῖς
1969 1392 2026 1445 δὲ

455 1483 580 1544 τοὺς
613 1481 923 1553 ὀφθαλμοὺς
958 1483 1362 1555 ἀποστήσαντες
1391 1484 1565 1554 ἡμῶν,
1607 1483 1743 1554 πρὸς
1761 1481 1860 1544 τὰς
1891 1481 2025 1550 λαμ-

435 1569 634 1638 -πάδας
659 1569 872 1623 καὶτὸν
913 1570 1011 1634 τάς
1047 1569 1336 1640 λαμπάδας
1373 1570 1604 1624 ἀπτοντα
1636 1571 2025 1638 μετεστήσατε.

457 1656 571 1710 Καὶ
616 1655 788 1727 πόσης
816 1655 972 1710 τοῦτο
1020 1656 1311 1728 ῥᾳθυμίας,
1348 1658 1497 1727 ἡμᾶς
1550 1656 1804 1724 ἀφέντας,
1856 1655 2028 1724 τούτῳ

457 1744 751 1814 προσέχειν
774 1762 789 1810 ;
823 1743 938 1813 Πῦρ
955 1744 1180 1798 ἀνάπτω
1196 1742 1350 1812 κάγὼ
1375 1755 1402 1783 ιι
1425 1743 1486 1795 τὸ
1505 1743 1612 1795 ἀπὸ
1644 1742 1752 1794 τῶν
1775 1742 1814 1793 Γ
1819 1741 2025 1812 ραφῶν,

456 1831 551 1884 καὶ
573 1831 664 1884 ἐπὶ
684 1831 786 1901 τῆς
812 1830 1057 1902 γλώττης
1077 1832 1174 1902 τῆς
1191 1831 1464 1903 ἡμετέρας
1479 1830 1783 1901 λαμπάδιον
1813 1829 2026 1883 καίεται

453 1918 516 1971 τὺ
535 1921 636 1989 τῆς
663 1917 1031 1982 διδασκαλίας.
1061 1918 1232 1972 Τοῦτο
1266 1917 1449 1990 μεῖζον
1476 1918 1570 1971 καὶ
1594 1918 1799 1986 βέλτιον
1823 1917 1883 1970 τὸ
1913 1915 2028 1986 φῶς

455 2006 664 2058 ἐκείνου
701 2005 795 2058 τοῦ
843 2005 1053 2075 φωτός·
1087 2005 1148 2058 οὑ
1178 2005 1287 2076 γάρ
1322 2005 1386 2076 δὴ
1426 2004 1717 2077 θρυαλλίδα
1746 2004 2029 2074 διάϐροχον

457 2093 641 2162 ἐλαίῳ,
659 2092 907 2161 καθάπερ
932 2087 1108 2155 οὗτος,
1141 2094 1471 2162 ἐξάπτομεν,
1503 2092 1638 2146 ἀλλά
1659 2091 1838 2160 ψυχάς
1866 2094 1923 2144 ἐν
1947 2091 2030 2142 εύ-

461 2181 646 2252 σεϐείᾳ
674 2182 974 2253 ἀρδομένας
1002 2185 1068 2252 τῇ
1097 2182 1197 2251 τῆς
1224 2182 1542 2255 ἀκροάσεως
1574 2183 1884 2251 ἀνάπτομεν
1912 2182 2028 2232 ἐπι-

457 2268 650 2339 θυμίᾳ.
672 2268 947 2336 Διελέγετό
967 2285 1096 2322 ποτε
1122 2270 1217 2322 καὶ
1243 2271 1270 2322 ὁ
1302 2267 1508 2330 Παῦλος
1539 2269 1597 2320 ἐν
1630 2265 1862 2338 ὑπερῴῳ
1900 2266 2024 2320 τινί.

470 2355 632 2410 Ἀλλά
661 2357 850 2428 μηδεὶς
877 2355 1143 2427 νομιζέτω
1170 2374 1235 2427 με
1256 2355 1452 2424 Παύλῳ
1469 2354 1834 2425 παραϐάλλειν
1858 2356 2028 2425 ἐμαυ-

455 2442 579 2497 τόν⁸
613 2444 674 2496 ού
708 2444 818 2514 γὰρ
848 2441 992 2496 οὕτω
1025 2444 1246 2514 μέμηνα
1267 2458 1285 2476 ο
1319 2442 1433 2495 ἀλλ’
1465 2443 1551 2495 ἵνα
1609 2442 1816 2514 μάθητε
1854 2443 2026 2514 πόσην

454 2531 584 2600 περὶ
608 2529 707 2601 τὴν
735 2529 999 2599 ἀκρόασιν
1044 2529 1277 2599 σπουδὴν
1309 2527 1709 2582 ἐπιδείκνυσθαι
1747 2530 1877 2600 χρή.
1939 2532 2027 2582 Δι-

455 2617 674 2685 ελέγετο
699 2617 879 2671 τοίνυν
903 2619 932 2672 6
959 2617 1170 2681 Παῦλος
1189 2619 1246 2670 ἐν
1271 2616 1525 2688 ὑπερῴῳ,
1553 2617 1647 2670 καὶ
1668 2617 1875 2688 ἑσπέρα
1901 2634 2028 2670 κατι

455 2703 636 2768 ἔλαϐε,
669 2703 922 2775 καθάπερ
952 2705 1046 2758 καὶ
1077 2702 1172 2757 νῦν
1199 2745 1214 2769 ,
1249 2704 1346 2757 καὶ
1382 2703 1663 2774 λαμπάδες
1687 2699 1828 2775 ἦσαν
1861 2705 1920 2757 ἐν
1951 2704 2028 2776 τῷ

457 2790 722 2863 ὑπερῴῳ·
754 2786 872 2844 εἶτα
900 2793 929 2845 6
959 2789 1198 2860 Εῦτυχος
1229 2790 1338 2844 ἀπὸ
1367 2793 1468 2862 τῆς
1497 2791 1712 2862 θυρίδος
1736 2792 2026 2854 κατέπεσε,

457 2880 550 2934 καὶ
579 2880 640 2932 ού
660 2878 868 2933 διέλυσε
891 2879 949 2933 τὸ
972 2878 1171 2948 πτῶμα
1196 2878 1289 2932 τὸν
1317 2878 1590 2946 σύλλογον,
1621 2880 1742 2932 ούδέ
1763 2880 2028 2950 ἀνέστησε

455 2968 517 3021 τὸ
547 2967 772 3036 θέατρον
803 2968 832 3020 6
859 2967 1116 3028 θάνατος·
1147 2965 1261 3019 ἀλλ’
1288 2965 1460 3029 οὕτως
1489 2961 1630 3037 ἦσαν
1669 2967 2027 3038 προσηλωμέο

455 3069 539 3106 νοι
563 3055 630 3124 τῇ
668 3052 777 3106 τῶν
805 3052 964 3106 θείων
1004 3053 1266 3124 ἀκροάσει
1302 3051 1527 3121 λογίων,
1563 3053 1639 3116 ὡς
1681 3054 1814 3125 μηδὲ
1841 3055 2029 3124 αἰσθη-

458 3142 614 3214 θῆναι
651 3141 744 3196 τοῦ
785 3141 1074 3212 πτώματος
1099 3160 1112 3172 ·
1149 3141 1308 3212 ὑμεῖς
1357 3142 1414 3195 δὲ
1445 3143 1597 3196 οὐδὲν
1625 3143 1774 3209 ξένον
1810 3144 2025 3209 ἰδόντες,

456 3229 578 3286 οὐδὲ
603 3229 932 3300 παράδοξον,
960 3228 1075 3282 ἀλλ’
1107 3228 1393 3300 ἄνθρωπον
1414 3230 1481 3283 τά
1514 3229 1717 3303 συνήθη
1748 3231 2025 3296 ποιοῦντα,

455 3321 556 3380 τὰς
581 3315 731 3386 δψεις
760 3317 880 3370 ἐκεῖ
911 3314 1266 3387 μετεθήκατε.
1304 3317 1415 3370 Καὶ
1444 3317 1604 3380 ποίας
1637 3318 1704 3372 ἂν
1747 3319 1834 3389 εἴη
1873 3319 2028 3372 τοῦτο

457 3401 785 3474 συγγνώμης
811 3401 992 3467 ἀξιονς
1027 3403 1233 3475 Μηδεὶς
1263 3403 1473 3469 τοίνυν,
1509 3404 1802 3474 ἀγαπητοὶ,
1839 3422 2026 3478 φορτι-

456 3491 562 3562 κήν
585 3507 705 3544 τινα
728 3491 828 3561 τὴν
842 3490 1158 3559 ἐπιτίμησιν
1185 3490 1451 3559 νομιζέτω
1467 3505 1482 3520 ⁸
1509 3493 1569 3544 οὐ
1587 3491 1696 3562 γὰρ
1721 3494 2024 3562 μισοῦντες,

455 3577 594 3630 ἀλλά
642 3575 927 3645 κηδόμενοι
982 3574 1336 3644 ἐγκαλοῦμεν.
1390 3576 1870 3644 Ἀξιοπιστότερα
1920 3580 2029 3650 γὰρ

457 3664 760 3731 τραύματα
777 3662 990 3729 φίλων,
1018 3660 1055 3728 ἢ
1077 3661 1325 3714 ἑκούσια
1342 3662 1648 3730 φιλήματα
1672 3663 1919 3733 ἐχθρῶν.

528 3751 858 3820 Διανάστητε
879 3748 1076 3810 τοίνυν,
1109 3748 1433 3830 παρακαλῶ,
1475 3751 1569 3803 καὶ
1605 3749 1762 3804 τοῦτο
1801 3752 2030 3820 ἀφέντες

456 3839 518 3892 τὸ
545 3837 676 3907 πῦρ,
705 3837 782 3907 τῷ
809 3837 948 3905 φωτὶ
975 3835 1270 3906 προσέχετε
1296 3835 1406 3889 τῶν
1438 3835 1597 3890 θείων
1614 3837 1864 3909 Γραφῶν.
1882 3839 2031 3892 Ἐτε.

459 3942 551 3995 ρον
579 3925 688 3995 γάρ
709 3925 836 3993 ὑμῖν
855 3923 1026 3993 ἀρχῆς
1054 3920 1314 3991 βούλομαι
1338 3920 1539 3992 τρόπον
1569 3925 1762 3991 εἰπεῖν,
1795 3927 1896 3978 οὐκ
1922 3928 2030 3980 ἀπὸ

458 4011 732 4083 ἁμαρτίας
754 4010 1102 4080 λαμϐάνοντα
1131 4008 1278 4082 [665]
1301 4009 1395 4079 τὴν
1419 4009 1692 4078 ὑπόθεσιν,
1721 4012 1858 4066 ἀλλά
1880 4015 2029 4085 παρά

456 4102 557 4168 τῆς
585 4097 800 4166 φύσεως
831 4097 1020 4166 αὑτῆς.
1053 4097 1150 4159 Τίς
1173 4093 1266 4150 οὖν
1290 4091 1442 4160 οῦτὸς
1472 4099 1656 4165 ἐστιν;
1705 4100 1763 4152 '0
1794 4101 1904 4153 τῶν
1937 4120 2028 4155 τε-

458 4188 666 4240 κόντων
689 4186 769 4247 είς
793 4183 1010 4251 ἔκγονα.
1041 4183 1254 4236 Ὧδίνων
1279 4184 1386 4255 γάρ
1408 4186 1555 4238 ἐστιν
1595 4187 1797 4258 ἀμοιϐὴ
1829 4191 1860 4258 ἡ
1919 4207 2030 4242 τοι-

459 4273 596 4344 αύτη
628 4273 782 4343 τιμή.
816 4271 912 4323 Διά
945 4270 1101 4323 τοῦτο
1135 4269 1229 4323 καί
1263 4288 1346 4334 τις
1383 4272 1542 4339 σοφὸς
1575 4273 1753 4341 λέγει’
1804 4275 1900 4342 Ὠς
1935 4277 2029 4330 δε..

457 4366 714 4427 σπόταις
761 4360 1099 4414 δούλευσον
1118 4359 1240 4424 τοῖς
1277 4360 1614 4429 γεννήσασι
1634 4377 1727 4416 σε.
1774 4361 1907 4418 Εἶτα
1933 4368 2030 4419 καὶ

457 4453 556 4522 τὴν
589 4450 767 4504 αἰτίαν
798 4446 993 4515 ἐπάγει
1014 4446 1186 4516 λέγων
1206 4463 1221 4479 ·
1247 4448 1307 4501 Τί
1328 4448 1436 4516 γὰρ
1463 4450 1665 4516 αὐτοῖς
1689 4451 2028 4507 ἀνταποδώ-

458 4556 591 4602 σεις
611 4577 627 4601 ,
655 4536 848 4600 καθὼς
875 4536 1048 4589 αὐτοί
1073 4551 1169 4589 σοι
1192 4550 1212 4599 ;
1242 4535 1433 4589 Καίτοι
1460 4537 1511 4589 τί
1541 4537 1670 4590 ποτέ
1693 4540 1860 4602 ἐστιν,
1899 4541 1927 4594 ὃ
1953 4543 2028 4612 μὴ

458 4627 679 4680 δύναται
728 4629 855 4688 παῖς
898 4624 1188 4679 ἀποδοῦναι
1244 4624 1447 4695 πατρί;
1481 4624 1648 4678 Οὐδὲν
1699 4623 1792 4681 οῦν
1839 4629 2028 4701 άλλοῆ

456 4714 616 4767 τοῦτο
642 4714 814 4782 λέγει·
838 4711 1034 4776 Καθὼς
1064 4711 1218 4766 αὐτοί
1260 4729 1318 4765 σε
1353 4713 1670 4784 ἐγέννησαν,
1716 4717 1781 4769 σὺ
1834 4719 2031 4784 αὐτοὺς

459 4800 717 4868 γεννῆσαι
747 4799 807 4850 οὑ
834 4797 1055 4869 δυνήσῃ.
1111 4800 1264 4852 Ἐπεὶ
1296 4795 1389 4852 οὖν
1425 4800 1567 4854 κατά
1595 4801 1754 4856 τοῦτο
1781 4804 2028 4873 ἠλαττώ-

463 4885 623 4957 μεθα,
662 4883 920 4953 ἑτέρωθεν
959 4885 1438 4957 πλεονεκτήσωμεν
1459 4890 1579 4951 ταῖς
1610 4891 1690 4952 εἰς
1721 4891 1919 4956 αὐτοὺς
1944 4911 2028 4947 τι-

464 4976 614 5046 μαῖς,
653 4972 726 5042 μὴ
751 4970 840 5024 διὰ
864 4971 952 5024 τὸν
983 4974 1081 5042 τῆς
1113 4973 1325 5042 φύσεως
1353 4975 1517 5044 νόμον
1546 4977 1723 5046 μόνον,
1753 4980 1890 5033 ἀλλά
1922 4984 2029 5054 πρδ

458 5061 559 5130 τῆς
585 5058 800 5129 φύσεως
828 5057 916 5110 διά
948 5059 1038 5110 τὸν
1061 5058 1153 5110 τοῦ
1179 5058 1311 5111 Θεοῦ
1345 5062 1526 5129 φόϐον.
1551 5065 1660 5116 Καὶ
1688 5065 1797 5138 γάρ
1822 5069 2027 5140 σφόδρα

459 5151 488 5200 6
513 5147 645 5208 Θεὸς
680 5145 922 5215 βούλεται
966 5145 1093 5208 τοὺς
1121 5145 1377 5210 τεκόντας
1420 5151 1683 5217 τιμᾶσθαι
1734 5155 1885 5225 παρά
1919 5157 2029 5210 τῶν

459 5234 788 5303 τεχθέντωνο
820 5235 915 5288 καὶ
945 5234 1071 5298 τοὺς
1111 5235 1210 5304 μέν
1257 5234 1415 5289 τοῦτο
1447 5239 1736 5303 ποιοῦντας
1772 5243 2028 5311 μεγάλοις

462 5319 683 5386 ἀγαθοῖς
712 5321 804 5372 καὶ
830 5320 1057 5390 δωρεαῖς
1082 5321 1390 5390 ἀμείϐεται,
1419 5323 1545 5388 τοὺς
1580 5325 1636 5377 δέ
1665 5330 2028 5398 παραϐαίνον-

461 5421 558 5468 τας
585 5405 678 5458 τὸν
703 5407 866 5475 νόμον
919 5409 1174 5477 μεγάλοις
1210 5410 1304 5463 καὶ¹
1335 5409 1526 5474 δεινοῖς
1571 5413 1785 5479 κολάζει
1816 5422 2025 5482 κακοῖς.

475 5492 538 5544 '0
583 5492 947 5559 κακολογῶν,
987 5497 1138 5564 φησὶ,
1186 5498 1410 5566 πατέρα
1442 5498 1478 5567 ἣ
1499 5503 1726 5570 μητέρα
1745 5543 1759 5566 ,
1798 5503 2029 5571 θανάτῳ

532 5754 554 5782 ⁸
587 5753 706 5808 Rea.
741 5757 836 5819 πῦρ
854 5759 986 5807 ἂπτω
1024 5761 1172 5810 κάτω.

1155 402 1211 454 S.
1252 402 1534 456 JOANNIS
1571 397 2057 457 CHRYSOSTOMI
2109 398 2428 456 ARCHIEP.
2466 401 3004 456 CONSTANTINOP.

3602 403 3698 462 598

2133 519 2482 572 τελευτάτω.
2513 519 2637 582 Τοῖς
2659 519 2715 572 δὲ
2752 518 2985 588 τιμῶσιν
3012 519 3206 581 αὑτοὺς
3233 518 3377 572 οὕτω
3407 519 3528 584 πώς
3551 537 3696 591 φησιο

2136 609 2279 677 Τίμα
2311 609 2416 663 τὸν
2440 609 2662 676 πατέρα
2695 623 2811 662 σου
2841 609 2936 662 καί
2963 609 3076 675 τὴν
3099 609 3324 677 μητέρα
3343 624 3487 670 σου,
3513 611 3613 663 ἵνα
3636 606 3703 666 εὖ

2131 714 2231 752 σοι
2261 699 2530 768 γένηται·
2561 699 2659 752 καὶ
2691 699 2806 767 ἔσῃ
2832 700 3266 767 μακροχρόνιος
3303 699 3404 752 ἐπὶ
3434 699 3548 768 τῆς
3572 699 3703 770 τῆς.

2133 791 2309 862 Ὅπερ
2330 791 2584 862 μέγιστον
2601 791 2802 860 ἀγαθὸν
2817 787 2954 844 εἶναι
2973 791 3270 862 νομίζεται,
3281 794 3353 862 γῆ
3362 809 3461 863 ρας
3478 792 3706 863 λιπαρόν

2134 883 2229 936 καὶ
2259 885 2433 954 μῆκος
2459 884 2624 955 ζωῆς,
2653 883 2810 937 τοῦτο
2834 883 3028 954 ἔθηκεν
3054 883 3286 938 ἔπαθλον
3332 886 3446 948 τοῖς
3476 884 3707 954 τιμῶσιν

2134 975 2358 1040 αύτούς·
2392 977 2486 1030 καὶ
2503 976 2639 1048 ὅπερ
2669 975 2895 1046 ἔσχατον
2923 971 3062 1029 εἶναι
3095 976 3242 1028 δοκεῖ
3261 975 3455 1040 κακὸν,
3479 974 3707 1039 θάνατος

2133 1063 2331 1136 ἄωρος,
2351 1064 2510 1119 τοῦτο
2532 1064 2726 1134 έθηκεν
2747 1064 3019 1134 ἐπιτίμιον
3038 1066 3150 1126 τοῖς
3172 1061 3491 1133 ὑϐρίζουσιν
3520 1063 3601 1123 είς
3622 1063 3708 1114 αὑ-

2132 1159 2259 1222 τούς
2276 1175 2290 1189 ·
2322 1159 2448 1221 τοὺς
2477 1157 2576 1228 μέν
2605 1156 2984 1227 ἐπισπώμενος
3014 1158 3094 1218 είς
3109 1154 3323 1208 εῦνοιαν
3345 1157 3410 1225 τῇ
3428 1154 3531 1223 τῆς
3549 1153 3707 1223 τιμῆς

2135 1247 2464 1320 ἐπαγγελίᾳ,
2498 1250 2624 1311 τοὺς
2651 1247 2708 1301 δὲ
2737 1245 2830 1301 κάι
2855 1247 3085 1309 ἄκοντας
3111 1243 3341 1312 ἀπάγων
3363 1245 3465 1313 τῆς
3500 1242 3710 1314 ῦϐρεως

2133 1341 2214 1410 τῷ
2233 1340 2330 1409 τῆς
2357 1338 2626 1411 τιμωρίας
2653 1339 2822 1410 φόϐῳ.
2849 1339 2983 1392 Οὐδὲ
3002 1337 3111 1408 γὰρ
3135 1337 3323 1398 ἁπλῶς
3342 1335 3712 1407 ἀποθνήσκειν

2135 1429 2345 1483 κελεύει
2373 1429 2463 1482 τὸν
2501 1429 2856 1500 πατραλοίαν,
2891 1428 3011 1482 ούδέ
3038 1428 3263 1498 δημίους
3296 1425 3460 1479 αὐτὸν
3487 1425 3600 1478 ἀπὺ
3618 1424 3710 1478 τοῦ

2134 1519 2480 1590 δικαστηρίου
2516 1519 2778 1583 λαϐόντας
2818 1517 3032 1584 ἐξάγειν
3068 1518 3158 1571 διά
3185 1517 3287 1587 τῆς
3321 1516 3553 1586 ἀγορᾶς,
3592 1513 3710 1567 ούδέ

2135 1613 2234 1681 τῆς
2267 1610 2473 1672 πόλεως
2509 1608 2613 1673 ἔξω
2645 1608 2744 1680 τὴν
2772 1608 3016 1678 κεφαλὴν
3045 1607 3409 1676 ἀποτέμνειν·
3441 1604 3560 1657 ἀλλ’
3590 1603 3712 1670 ἀγει

2137 1701 2236 1770 μὲν
2267 1699 2428 1753 αὑτὸν
2466 1701 2544 1760 είς
2574 1699 2745 1769 μέσην
2777 1696 2876 1768 τὴν
2914 1695 3068 1749 πόλιν
3109 1695 3273 1759 αὐτὸς
3307 1695 3338 1746 ό
3371 1693 3580 1764 πατὴρ,
3619 1692 3712 1746 καὶ

2135 1791 2302 1860 χωρὶς
2349 1787 2675 1855 ἀποδείξεως
2716 1788 2897 1858 πάσης
2945 1785 3294 1838 πιστεύεται·
3325 1783 3420 1837 καὶ
3454 1783 3603 1852 μάλα
3635 1784 3713 1836 δι-

2134 1883 2318 1945 καίως.
2350 1883 2406 1933 ὐ
2428 1881 2536 1952 γὰρ
2552 1881 2646 1935 καὶ
2665 1882 2922 1951 χρήματα
2939 1877 3032 1931 καὶ
3050 1876 3275 1947 σώματα
3291 1877 3516 1929 καὶμπᾶν
3536 1873 3712 1928 ὁτιοῦν

2133 1974 2386 2043 ἐλόμενος
2408 1973 2548 2043 ὑπὲρ
2563 1971 2658 2025 τοῦ
2681 1970 2869 2031 παιδὸς
2890 1967 3363 2037 καταδαπανῆσαι,
3381 1967 3484 2020 οὑκ
3501 1966 3569 2020 ἀν
3586 1982 3714 2018 ποτε

2134 2067 2439 2136 κατήγορος
2465 2063 2628 2118 αὑτοῦ
2652 2063 2894 2131 γέγονεν,
2915 2061 2962 2114 εί
2996 2061 3070 2131 μὴ
3093 2059 3263 2130 πολλὴ
3278 2061 3381 2130 τῆς
3405 2061 3621 2132 ὕϐρεως
3647 2059 3715 2134 ῆν

2135 2161 2167 2231 ἠ
2197 2162 2298 2212 ὑπε
2309 2158 2492 2229 ρϐολή.
2522 2159 2678 2226 Ἀγει
2700 2157 2880 2210 τοίνυν
2907 2153 3069 2209 αὑτὸν
3093 2153 3173 2216 είς
3201 2153 3264 2206 τὸ
3296 2154 3462 2224 μέσον
3487 2154 3593 2223 τῆς
3617 2154 3714 2206 πό-

2133 2252 2289 2314 λεως,
2339 2246 2456 2302 εἶτα
2493 2249 2648 2302 καλεῖ
2686 2249 2778 2300 τὸν
2820 2247 2992 2316 δῆμον
3037 2247 3250 2301 ἅπαντα
3270 2287 3284 2309 ,
3314 2246 3410 2300 καὶ
3434 2245 3588 2314 λέγει
3617 2247 3717 2316 τὴν

2133 2341 2466 2412 κατηγορίαν
2496 2358 2510 2372 ·
2541 2341 2591 2393 οἱ
2623 2339 2681 2392 δὲ
2706 2338 2996 2402 ἀκούοντες
3025 2338 3225 2402 πάντες
3244 2377 3258 2400 ,
3297 2337 3534 2400 ἕκαστος
3570 2337 3716 2390 λίθον

2130 2431 2346 2498 λαϐὼν,
2385 2428 2529 2485 οὕτω
2577 2429 2829 2500 βάλλουσι
2870 2429 2964 2482 τὸν
3002 2429 3358 2500 πατραλοίαν.
3401 2429 3480 2481 Ού
3514 2429 3625 2498 γάρ
3652 2428 3716 2499 δὴ

2131 2521 2329 2585 θεατὰς
2380 2521 2539 2592 μόνον
2575 2519 2676 2590 τῆς
2717 2517 3009 2590 τιμωρίας,
3054 2517 3191 2571 ἀλλά
3237 2519 3330 2572 καὶ
3375 2519 3718 2589 αὐτουργοὺς

2129 2611 2270 2667 εῖναι
2295 2611 2540 2682 βούλεται
2560 2613 2589 2664 6
2611 2609 2925 2681 νομοθέτης,
2949 2610 3036 2663 ῖνα
3060 2612 3140 2672 είς
3165 2610 3264 2680 τὴν
3287 2608 3720 2676 ἅξιάνλὲκαστος

2134 2699 2257 2755 ίδὼν
2293 2702 2392 2772 τῆν
2433 2700 2662 2764 ἐαυτοῦ,
2691 2700 2757 2754 δι’
2805 2693 2874 2770 ἦς
2907 2699 2998 2752 τὸν
3037 2699 3186 2752 λίθον
3234 2700 3328 2752 καὶ
3357 2700 3524 2762 αὐτὸς
3555 2699 3719 2754 ἔϐαλε

2131 2792 2272 2846 κατά
2295 2792 2394 2861 τῆς
2416 2790 2511 2844 τοῦ
2534 2790 2863 2862 πατραλοίου
2893 2790 3134 2860 κεφαλῆς
3158 2830 3172 2853 ,
3201 2790 3385 2844 ἱκανὸν
3417 2791 3721 2861 ὑπόμνημα

2131 2884 2268 2954 πρὸς
2293 2881 2577 2953 διόρθωσιν
2601 2881 2720 2952 ἔχῃ.
2743 2881 2820 2933 Οὐ
2845 2881 3007 2957 μόνον
3025 2880 3080 2933 δέ
3099 2879 3259 2934 τοῦτο
3277 2921 3292 2942 ,
3315 2881 3455 2934 ἀλλά
3481 2883 3575 2934 καὶ
3602 2881 3719 2934 ἐτε-

2135 2991 2226 3046 ρον
2255 2974 2390 3044 ἡμῖν
2421 2975 2450 3028 6
2470 2972 2768 3043 νομοθέτης
2792 2971 3090 3026 αἰνίττεται
3115 3013 3130 3036 ,
3167 2973 3252 3025 ὅτι
3292 2975 3321 3025 6
3361 2973 3492 3036 τοὺς
3522 2971 3721 3040 γονέας

2132 3065 2369 3138 ὑϐρίζων
2399 3065 2502 3118 οὐκ
2533 3063 2778 3127 ἐκείνους
2807 3062 3035 3134 ῆδίκηκε
3074 3063 3254 3132 μόνον,
3283 3062 3424 3116 ἀλλά
3452 3063 3548 3116 καὶ
3576 3063 3722 3116 πάν-

2130 3173 2228 3219 τας
2260 3155 2600 3227 ἀνθρώπους.
2633 3153 2731 3209 Διά
2760 3153 2917 3208 τοῦτο
2951 3155 3159 3216 πάντας
3187 3154 3279 3207 ἐπὶ
3306 3153 3405 3224 τὴν
3432 3153 3724 3207 κοινωνίαν

2129 3251 2230 3312 τῆς
2264 3246 2534 3318 τιμωρίας
2555 3246 2740 3309 καλεῖ,
2771 3244 3026 3314 καθάπερ
3054 3244 3418 3314 ὑϐρισμένους
3447 3245 3723 3318 ἅπαντας,

2131 3338 2227 3392 καὶ
2447 3336 2582 3408 ὁμοῦ
2615 3337 2710 3390 καὶ
2737 3336 2895 3389 πόλιν
2925 3335 3269 3407 περιίστησιν
3297 3338 3550 3402 ἅπασαν,
3590 3315 3720 3390 παιἰ

2131 3431 2302 3486 δεύων
2327 3431 2565 3493 καὶτοὺς
2587 3429 2738 3482 οὐδὲν
2766 3427 2988 3497 ἔχοντας
3015 3427 3194 3481 κοινὸν
3216 3427 3353 3498 πρὸς
3375 3428 3502 3492 τοὺς
3527 3427 3725 3499 ἠδικη-

2137 3521 2327 3591 μένους
2347 3519 2440 3572 ἐπὶ
2469 3517 2715 3584 γονεῦσιν
2745 3517 3119 3588 ὑϐριζομένοις
3143 3518 3494 3586 ἀγανακτεῖν,
3522 3518 3596 3581 ώς
3618 3519 3726 3590 τῆς

2134 3615 2318 3683 κοινῆς
2346 3612 2560 3682 φύσεως
2592 3609 2976 3682 ὑϐριζομένης,
3003 3613 3097 3665 καὶ
3123 3613 3214 3665 τὸν
3235 3613 3480 3666 τοιοῦτον
3504 3615 3725 3685 ἀνθρω-

2135 3724 2255 3769 πον,
2305 3705 2492 3773 ὥσπερ
2532 3703 2720 3773 λοιμόν
2754 3720 2875 3756 τινα
2909 3705 3002 3756 καὶ
3033 3705 3221 3775 κοινὴν
3265 3705 3422 3759 νόσον
3445 3748 3461 3770 ,
3495 3705 3571 3776 μὴ
3616 3707 3726 3776 τῆς

2136 3795 2344 3857 πόλεως
2382 3792 2540 3863 μόνον
2557 3831 2573 3856 ,
2613 3791 2750 3845 ἀλλά
2784 3793 2880 3846 καὶ
2911 3792 3006 3846 τοῦ
3045 3796 3222 3861 φωτὸς
3255 3795 3581 3848 ἀπελαύνειν
3619 3799 3726 3850 αὑ-

2133 3885 2246 3939 τοῦ.
2293 3883 2556 3954 Πολέμιος
2603 3881 2714 3953 γὰρ
2759 3885 2788 3936 6
2831 3883 3070 3948 τοιοῦτος
3112 3884 3206 3938 καὶ
3245 3885 3426 3950 κοινὸς
3461 3887 3728 3941 ἁπάντων

2135 3978 2283 4032 ἐστὶν
2313 3978 2533 4048 ἐχθρὸς,
2563 3977 2658 4030 καὶ
2690 3974 2841 4047 [664]
2879 3975 2976 4030 τοῦ
3009 3976 3145 4030 Θεοῦ
3165 4017 3180 4042 ,
3210 3978 3307 4032 καὶ
3333 3979 3434 4048 τῆς
3463 3979 3690 4047 φύσεως
3711 4022 3729 4044 ,

2136 4070 2231 4122 καὶ
2258 4068 2367 4122 τῶν
2395 4068 2594 4137 νόμων,
2622 4067 2715 4118 καὶ
2739 4066 2837 4136 τῆς
2862 4067 3046 4135 κοινῆς
3077 4067 3332 4121 ἁπάντων
3364 4067 3521 4138 ἡμῶν
3550 4067 3728 4140 ζωῆς.

2137 4159 2236 4214 Διά
2253 4159 2411 4212 τοῦτο
2431 4160 2637 4220 πάντας
2659 4157 3096 4226 συνεφάπτεσθαι
3127 4158 3336 4211 κελεύει
3352 4159 3452 4227 τῆς
3479 4161 3726 4228 σφαγῆς,

2136 4251 2324 4322 ὥσπερ
2345 4249 2466 4303 τινὰ
2489 4247 2770 4319 καθαρμὸν
2790 4247 2886 4318 τῆς
2905 4246 3113 4309 πόλεως
3128 4248 3512 4319 ἐργαζόμενος.
3542 4249 3729 4302 Πολλὰ

2140 4345 2268 4414 ὑμῖν
2306 4341 2489 4410 ἀγαθά
2515 4341 2744 4409 γένοιτο,
2781 4340 2862 4392 ὅτι
2896 4340 3035 4410 μετά
3064 4339 3336 4411 τοσαύτης
3363 4341 3562 4411 ἡδονῆς
3597 4344 3729 4405 τοὺς

2138 4433 2266 4504 περὶ¹
2304 4431 2399 4484 τοῦ
2443 4428 2774 4500 πατραλοίου
2802 4427 2992 4496 λόγους
3022 4427 3296 4494 ἐδέξασθε,
3330 4431 3425 4483 καὶ
3461 4430 3587 4484 ἀντὶ
3616 4432 3728 4482 τῶν

2137 4525 2300 4578 λίθων
2345 4525 2465 4586 ταῖς
2513 4521 2660 4592 βοαῖς
2706 4519 2869 4575 αὑτὸν
2910 4519 3169 4573 ἐϐάλλετε
3207 4537 3222 4550 ·
3263 4523 3569 4594 τεκμήριον
3617 4523 3729 4595 γὰρ

2136 4615 2296 4670 τοῦτό
2327 4617 2442 4668 ἐστι
2471 4613 2566 4667 τοῦ
2604 4611 2802 4682 πολλὴν
2831 4611 2960 4681 περὶ
2997 4613 3088 4664 τὸν
3117 4611 3312 4666 ἐαυτοῦ
3343 4613 3727 4685 πατέρα.ἐκα-

2140 4725 2263 4761 στον
2307 4705 2461 4776 ὑμῶν
2501 4702 2600 4775 τὴν
2646 4702 2860 4755 εῦνοιαν
2903 4702 3284 4774 ἐπιδεδεῖχθαι.
3322 4705 3434 4757 Καὶ
3460 4706 3574 4774 γὰρ
3603 4707 3729 4758 τότε.

2136 4802 2262 4862 τοὺς
2307 4799 2504 4868 νόμους
2555 4795 2788 4866 μάλιστα
2835 4794 3140 4864 θαυμάζειν
3190 4794 3464 4866 εἰώθαμεν
3489 4797 3620 4861 τοὺς
3656 4798 3728 4850 τά

2139 4889 2514 4959 ἁμαρτήματα
2540 4884 2884 4948 κολάζοντας,
2911 4885 3040 4936 όταν
3071 4884 3146 4955 μὴ
3175 4885 3476 4948 συνειδότες
3508 4887 3729 4949 ἐαυτοίς

2135 4980 2206 5034 τά
2249 4980 2621 5051 ἁμαρτήματα
2676 4971 2845 5047 ὦμεν.
2888 4977 3060 5047 Ὑπὲρ
3107 4976 3171 5045 δὴ
3214 4976 3419 5030 τούτων
3467 4978 3728 5032 ἀπάντων

2137 5071 2617 5141 εὐχαριστήσωμεν
2660 5066 2736 5135 τῷ
2783 5065 3151 5136 φιλανθρώπῳ
3185 5064 3305 5135 Θεῷ
3331 5065 3410 5136 τῷ
3436 5067 3730 5137 κηδομένῳ

2136 5163 2235 5231 τῆς
2265 5160 2412 5230 ζωῆς
2441 5159 2538 5228 τῆς
2565 5157 2859 5227 ἡμετέρας,
2896 5157 2991 5209 καὶ
3020 5155 3336 5226 προνοοῦντι
3367 5157 3594 5224 γονέων,
3625 5162 3728 5211 καὶ

2138 5252 2342 5304 παίδων
2387 5247 2742 5320 φροντίζοντι,
2795 5248 2890 5299 καὶ
2931 5245 3110 5299 πάντα
3136 5245 3277 5316 ὑπὲρ
3317 5245 3418 5314 τῆς
3445 5247 3730 5316 ἡμετέρας

2135 5338 2501 5410 οἰκονομοῦντι
2531 5335 2822 5406 σωτηρίας.
2850 5334 3008 5406 Αύτῷ
3033 5335 3142 5407 γὰρ
3164 5335 3363 5404 πρέπει
3385 5334 3533 5400 δόξα,
3560 5336 3728 5403 τιμὴ,

2136 5429 2232 5484 καὶ
2271 5428 2634 5500 προσκύνησις
2687 5424 2783 5477 σὺν
2836 5423 2916 5494 τῷ
2970 5425 3196 5495 ἀνάρχῳ
3251 5424 3449 5495 Πατρὶ,
3503 5426 3597 5476 καὶ
3641 5425 3733 5494 τῷ

2139 5520 2278 5589 ἁγίῳ
2304 5517 2598 5586 Ιινεύματι,
2628 5513 2722 5568 νῦν
2752 5515 2845 5568 καλ⁵
2873 5515 2980 5581 ἀεὶ,
3011 5514 3105 5569 καὶ
3134 5516 3214 5578 είς
3235 5513 3362 5577 τοὺς
3386 5513 3588 5578 αἰῶνας
3610 5513 3730 5567 τῶν

2141 5611 2363 5664 αἰώνων.
2406 5607 2591 5678 Ἀμήν.
