3964 6428
265 375 374 427 51η

339 488 377 542 ὃ
423 487 667 557 Quonam
709 488 868 559 igitur
897 496 1051 557 pacto
1080 484 1153 538 ait
1189 483 1380 538 Paulus
1408 492 1720 551 potestatem
1753 496 1857 533 non

266 593 394 634 esse
419 578 519 632 nisi
548 594 578 630 a
620 577 730 632 Deo
760 577 933 648 (Rom.
964 577 1049 631 15.
1081 574 1181 644 2)?
1208 573 1359 642 Quod
1389 572 1635 627 nimirum
1661 572 1726 625 ad
1755 572 1859 625 uti-

270 668 473 722 litatem
518 679 754 724 nostram
797 667 948 722 nobis
986 666 1131 721 illam
1174 665 1313 720 Deus
1345 659 1695 719 constituerit.
1728 662 1859 716 Nam

268 765 551 827 peccatum
594 757 809 828 quidem
850 757 1222 812 necessitatem
1266 757 1384 825 ejus
1430 754 1628 809 invexit
1665 770 1679 805 :
1722 753 1863 808 Deus

261 862 448 903 autem
472 848 540 902 ad
567 857 803 903 nostram
835 847 1114 903 utilitatem
1143 855 1226 902 est
1251 861 1397 901 usus.
1430 847 1493 900 Et
1520 843 1863 915 quemadmo-

266 938 398 992 dum
425 954 493 993 ex
521 938 830 994 vulneribus
859 940 917 992 ﬁt
948 946 1008 993 ut
1048 937 1451 993 medicamentis
1495 938 1857 1007 indigeamus;

267 1043 338 1083 ex
366 1027 691 1083 medicorum
716 1039 895 1083 autem
922 1027 1200 1097 sapientia,
1231 1037 1287 1081 ut
1311 1026 1661 1082 adhibeantur
1689 1028 1862 1082 medi-

267 1129 519 1173 ramenta
552 1136 566 1172 :
594 1118 672 1173 sic
703 1128 758 1175 et
795 1119 1087 1174 necessitas
1122 1118 1392 1173 servitutis
1418 1130 1593 1172 ortum
1623 1117 1803 1172 habuit
1832 1133 1862 1171 a

269 1220 493 1279 peccato
524 1229 539 1265 :
573 1222 629 1265 ut
653 1220 831 1266 autem
858 1211 924 1266 ad
950 1211 1001 1265 id
1027 1211 1167 1280 quod
1196 1226 1329 1282 opus
1354 1220 1470 1266 erat
1495 1211 1580 1265 illa
1607 1211 1863 1280 dirigere-

269 1309 381 1368 tur,
406 1300 460 1356 id
486 1316 616 1358 sane
642 1302 838 1358 divina:
864 1314 1138 1374 acceptum
1167 1302 1439 1357 ferendum
1461 1311 1544 1356 est
1567 1302 1860 1372 sapienti:e.

273 1393 476 1449 Verum
514 1394 699 1451 adeste
729 1397 954 1463 animis,
987 1405 1043 1452 et
1068 1396 1328 1453 desidiam
1358 1412 1570 1451 omnem
1608 1397 1857 1452 excutite.

267 1484 380 1539 Cur
407 1485 620 1541 tandem
649 1487 700 1541 id
727 1488 880 1542 dico?
906 1489 1205 1559 Scripturas
1230 1489 1383 1545 vobis"
1410 1505 1740 1555 enarramus,
1768 1505 1865 1544 vos

267 1586 402 1631 vero
426 1580 628 1634 aversis
651 1595 679 1633 a
710 1582 863 1636 nobis
882 1582 1074 1649 oculis,
1099 1582 1165 1637 ad
1195 1584 1438 1638 lucernas
1463 1593 1517 1637 et
1540 1583 1605 1637 ad
1630 1600 1752 1639 eum
1773 1585 1863 1654 qui

269 1670 518 1727 lucernas
536 1673 860 1728 accendebat
883 1673 982 1744 (a),
1006 1690 1099 1729 eos
1122 1676 1480 1731 convertistis.
1502 1676 1722 1744 Quanta;
1744 1691 1864 1745 por-

269 1776 338 1817 ro
365 1769 450 1817 est
485 1760 588 1818 hoc
613 1765 872 1819 socordiae
891 1806 908 1831 ,
938 1764 1091 1820 nobis
1132 1766 1333 1821 relictis
1355 1808 1371 1832 ,
1403 1767 1525 1822 huic
1552 1766 1865 1822 attendere?

270 1850 454 1922 Ignem
483 1868 584 1923 ego
611 1869 823 1924 quoque
845 1856 1081 1911 acccndo
1102 1858 1116 1888 ¹
1136 1897 1153 1922 ,
1183 1859 1271 1926 qui
1302 1857 1431 1912 latet
1459 1857 1511 1910 in
1537 1856 1823 1927 Scripturis~
1844 1898 1860 1921 ,

269 1952 328 1997 et
356 1942 410 1996 in
440 1951 619 1998 nostra
647 1943 820 2016 lingua
849 1946 1189 2001 succenditur
1208 1948 1424 2003 lucerna
1449 1948 1726 2004 doctrinm.
1750 1948 1865 2003 Hoc

271 2031 371 2086 illo
399 2031 571 2101 majus
602 2042 686 2087 est
728 2034 905 2089 lumen
934 2050 1000 2089 ac
1036 2036 1228 2091 melius
1255 2053 1271 2092 :
1304 2052 1407 2091 non
1434 2038 1576 2092 enim
1604 2037 1725 2092 oleo
1749 2054 1866 2093 ma-

269 2121 408 2177 dens
444 2122 767 2193 ellychuium
793 2165 809 2190 ,
845 2134 903 2178 ut
930 2125 1032 2180 iste
1050 2166 1064 2189 ,
1095 2126 1434 2181 accendimus
1455 2167 1473 2193 ,
1499 2128 1595 2183 sed
1624 2128 1867 2198 irrigatas

272 2213 474 2285 pietate
498 2216 705 2269 animas
730 2216 978 2271 audiendi
999 2218 1290 2287 cupiditate
1320 2219 1729 2275 iuﬁannnamns.
1760 2222 1868 2276 Dis-

269 2307 489 2363 serebat
517 2308 677 2362 etiam
718 2308 912 2364 Paulus
940 2310 1224 2380 aliquando
1255 2310 1304 2365 in
1338 2314 1612 2367 camaculo
1637 2315 1865 2383 quodam

269 2399 411 2469 (Act.
436 2399 527 2455 20.
564 2400 696 2469 7-9).
725 2401 893 2456 Nemo
921 2411 1097 2457 tamen
1138 2404 1425 2459 arbitretur
1449 2406 1708 2475 mcipsum
1732 2407 1867 2461 velle

269 2505 363 2545 me
388 2506 509 2546 cum
537 2491 702 2547 Paulo
728 2508 1041 2562 comparare
1063 2535 1078 2556 ,
1106 2510 1210 2549 non
1240 2496 1382 2550 enim
1410 2497 1543 2552 adeo
1572 2514 1689 2553 sum
1721 2498 1866 2553 insa-

270 2597 411 2648 nus,
442 2583 535 2638 sed
568 2593 625 2638 ut
668 2584 974 2655 intelligatis
1010 2597 1264 2656 quantmn
1304 2589 1461 2643 studii
1495 2605 1589 2644 vos
1625 2599 1869 2659 oporteat

268 2674 338 2726 ad
383 2673 707 2730 audiendum
748 2676 1025 2732 adhibere.
1065 2680 1369 2734 Disserebat
1409 2695 1540 2750 ergo
1582 2681 1775 2735 Paulus
1814 2682 1865 2736 in

268 2767 570 2831 caenaculo,
599 2776 655 2823 et
675 2784 912 2837 vespera,
939 2782 993 2823 ut
1022 2787 1161 2826 nunc
1182 2772 1364 2836 etiam,
1387 2772 1588 2836 incidit,
1611 2785 1869 2844 erantque

273 2855 509 2913 lucernze
538 2861 589 2913 in
616 2863 893 2916 cmnaculo
924 2880 935 2914 :
965 2862 1160 2919 deinde
1187 2863 1376 2919 cecidit
1404 2864 1677 2936 Eutychus
1703 2865 1771 2921 de
1803 2866 1868 2921 fe-

272 2959 454 3003 nestra
481 2991 496 3008 .
528 2966 700 3021 neque
725 2964 1043 3008 conventum
1073 2970 1229 3009 casus
1268 2955 1356 3010 ille
1384 2956 1663 3021 dissolvit,
1696 2974 1870 3027 neque

271 3055 424 3095 mors
469 3041 734 3097 theatrum
779 3047 1036 3100 sustulit:
1070 3062 1250 3101 verum
1297 3048 1365 3100 ita
1410 3047 1605 3103 divinis
1644 3050 1869 3119 eloquiis

269 3133 552 3189 audiendis
585 3136 729 3190 alﬁxi
756 3147 943 3202 erant,
974 3146 1031 3191 ut
1071 3154 1245 3208 neque
1273 3155 1429 3195 casus
1469 3141 1608 3196 illius
1651 3157 1866 3196 sensum

272 3223 445 3278 ullum
474 3226 716 3295 ceperint
743 3241 757 3280 :
788 3242 883 3282 vos
918 3244 1045 3282 vero
1076 3230 1217 3283 nulla
1262 3230 1469 3285 insolita
1500 3248 1556 3286 re
1584 3243 1866 3301 conspecta

271 3317 358 3372 vel
382 3318 536 3381 mira,
561 3317 654 3373 sed
681 3317 898 3375 homine
924 3330 1148 3383 tantum,
1170 3322 1258 3391 qui
1282 3322 1493 3376 solitum
1518 3325 1868 3379 ministerium

270 3405 476 3472 obibat,
507 3408 632 3462 illuc
657 3409 842 3463 oculos
865 3411 1225 3466 convenistis.
1254 3411 1321 3466 Et
1344 3428 1447 3482 qua
1476 3414 1687 3469 tandem
1718 3417 1869 3471 venia

270 3498 494 3568 dignum
528 3500 629 3554 hoc
668 3500 865 3555 fuerit?
890 3501 1058 3556 Nemo
1089 3504 1264 3572 igitur,
1292 3503 1656 3571 dilectissimi,
1688 3522 1870 3576 reprc-

272 3590 588 3645 hensionem
633 3592 911 3647 molestam
955 3602 1009 3646 ut
1050 3610 1266 3664 gravem
1309 3596 1599 3651 arbitretur
1639 3614 1651 3649 :
1699 3613 1870 3667 neque

270 3683 421 3738 enim
448 3679 571 3735 odio
599 3682 832 3751 impulsi,
858 3682 951 3738 sed
978 3684 1337 3739 sollicitudine
1357 3686 1552 3741 inducti
1580 3687 1871 3755 reprehen-

269 3779 472 3833 dianus.
506 3777 769 3833 Fideliora
793 3781 989 3849 quippe
1014 3792 1131 3836 sunt
1156 3783 1432 3836 amicorum
1462 3787 1692 3852 vulnera,
1719 3803 1870 3854 quam

270 3880 556 3939 spontaneo
580 3871 754 3924 oscula
781 3872 1096 3925 inimicorum
1125 3873 1305 3937 (Pror.
1334 3874 1422 3928 27.
1456 3874 1531 3944 6).

352 3959 430 4013 De
459 3960 631 4029 oﬂiciis
668 3961 891 4029 ﬁliorum
919 3979 1038 4032 erga
1068 3974 1297 4032 parentes
1321 3982 1338 4027 ,°
1368 3969 1432 4019 de
1455 3968 1869 4021 remunerationi-

270 4054 370 4106 bus
395 4052 708 4107 ntanentibus
737 4064 1000 4122 parentum
1029 4056 1267 4110 cultores.
1301 4056 1375 4110 De
1400 4059 1559 4127 poenis
1588 4061 1868 4123 parricida-

268 4159 392 4197 rum
416 4158 434 4195 :
459 4159 549 4196 cur
573 4143 797 4211 lapidari
826 4161 909 4198 eos
937 4146 1092 4198 voluit
1125 4146 1276 4200 Deus.
1302 4179 1372 4187 ——
1394 4150 1662 4203 Attendite
1692 4153 1867 4220 igitur,

266 4246 480 4302 qua‘Stt,
507 4242 561 4287 et
589 4232 690 4288 hoc
718 4234 839 4304 igne
870 4235 1055 4290 relicto
1081 4236 1147 4291 ad
1178 4254 1447 4293 sacrarum
1476 4241 1868 4311 Scripturarum

270 4324 458 4377 lumen
484 4324 1012 4380 animum-adhibete.
1042 4328 1219 4382 Alium
1243 4330 1382 4383 enim
1406 4331 1732 4399 principatus
1760 4350 1870 4387 mo-

268 4414 406 4468 dum
447 4416 604 4469 statui
640 4416 854 4482 dicere,
884 4420 972 4487 qui
1010 4435 1114 4473 non
1143 4436 1172 4473 a
1206 4432 1457 4489 peccato,
1491 4424 1582 4477 sed
1618 4440 1648 4478 a
1684 4435 1870 4481 natura

270 4505 392 4573 ipsa
433 4506 595 4561 traxit
631 4508 910 4576 originem.
943 4510 1073 4576 Quis
1116 4512 1203 4567 ille
1247 4528 1404 4580 porro
1437 4517 1556 4568 est?
1588 4515 1869 4571 Parentum

272 4594 333 4650 in
375 4595 590 4651 liberos.
631 4596 728 4651 Est
764 4598 907 4653 enim
949 4604 1309 4657 remuneratio
1342 4615 1522 4672 partus
1553 4605 1722 4660 honor
1750 4609 1867 4663 iste.

274 4688 565 4755 Propterea
593 4690 807 4758 sapiens
831 4692 1093 4761 qniSpiam
1116 4694 1247 4749 dicit
1280 4714 1292 4748 :
1325 4696 1482 4762 Quasi
1507 4699 1723 4754 dominis
1745 4703 1870 4755 servi

270 4779 341 4831 iis
361 4817 375 4839 .
406 4780 489 4847 qui
521 4790 568 4833 te
592 4793 869 4850 genuerunt
898 4782 1083 4853 (Ercli.
1113 4786 1165 4839 '5.
1196 4786 1269 4854 8).
1308 4787 1505 4842 Deinde
1532 4807 1744 4845 causam
1774 4793 1868 4844 ad-

270 4868 389 4938 jicit
418 4869 601 4925 dicens
630 4887 645 4923 :
673 4872 808 4937 Quid
832 4874 964 4926 enim
988 4874 1231 4929 retribuet:
1259 4878 1380 4941 illis,
1408 4883 1657 4948 quomodo
1686 4883 1763 4935 illi
1784 4884 1873 4936 tibi

270 4958 454 5028 (Ibid.
484 4962 537 5015 7.
566 4961 716 5033 50)?
765 4963 996 5019 Tametsi
1027 4967 1151 5033 quid
1182 4969 1393 5023 tandem
1420 4982 1535 5033 est,
1564 4974 1703 5042 quod
1735 4975 1872 5030 ﬁlius

274 5051 417 5120 patri
454 5053 755 5109 retribuere
798 5072 901 5108 nou
940 5060 1145 5124 possit?
1176 5058 1315 5113 Nihil
1343 5076 1474 5131 ergo
1506 5063 1646 5117 aliud
1678 5076 1872 5133 praeter

274 5141 383 5197 hoc
411 5142 540 5197 dicit
571 5162 584 5197 :
616 5144 684 5201 Ut
708 5156 759 5201 te
785 5148 881 5215 ipsi
911 5164 1226 5217 genuerunt,
1256 5162 1311 5207 tu
1338 5155 1455 5210 illos
1479 5158 1693 5225 gignere
1717 5160 1871 5214 mini-

277 5246 370 5287 me
413 5236 629 5304 poteris.
663 5237 885 5301 Quando
921 5239 1080 5309 igitur
1116 5242 1170 5296 in
1215 5244 1314 5299 hac
1356 5262 1416 5301 re
1453 5247 1559 5302 illis
1592 5249 1871 5305 inferiores

281 5339 487 5388 smnus,
518 5326 733 5380 aliunde
762 5328 900 5394 illos,
932 5330 1122 5385 delatis
1151 5334 1278 5403 ipsis
1309 5335 1619 5401 honoribus,
1651 5356 1872 5411 supere-

278 5429 421 5477 mus,
451 5430 555 5468 non
584 5420 653 5470 ob
681 5418 849 5487 legem
877 5429 1083 5477 naturze
1111 5435 1334 5490 tantum,
1360 5428 1453 5482 sed
1479 5438 1603 5485 ante
1628 5442 1867 5487 naturain

276 5504 353 5559 ob
381 5505 474 5560 Dei
512 5507 777 5562 timorem.
808 5509 1029 5564 Multum
1057 5514 1198 5568 enim
1231 5528 1476 5584 parentes
1501 5534 1528 5571 a
1562 5520 1743 5575 liberis
1771 5522 1869 5577 ho-

281 5597 459 5651 norari
487 5596 597 5652 vult
630 5598 772 5654 Deus
800 5616 812 5652 :
842 5609 897 5655 et
920 5603 1009 5670 qui
1041 5602 1140 5658 hoc
1178 5604 1433 5672 fecerint,
1472 5610 1676 5679 magnis
1718 5611 1870 5668 bouis

350 5706 367 5770 ξ
402 5714 538 5770 μω..
559 5707 718 5770 ignem
735 5722 878 5770 super
901 5717 1083 5761 terram
1105 5716 1331 5764 arcendo.

349 5766 421 5828 (α)
446 5766 711 5830 Lampados
732 5766 835 5822 sive
860 5770 1070 5824 lucernae
1095 5775 1140 5824 in
1165 5775 1368 5827 ecclesia
1393 5780 1799 5833 accendebantur.

1579 370 1642 424 IN
1682 366 1866 423 GENE

1972 366 1981 421 l
2022 367 2253 423 διεκλιο
2294 367 2380 425 ιν.
3452 372 3556 427 523

1969 491 2339 533 remuneratur
2363 494 2426 534 ac
2451 479 2624 541 donis.
2652 494 2745 534 eos
2776 495 2903 534 vero
2928 480 3014 549 qui
3042 479 3209 550 legem
3242 483 3554 549 transgressi

1968 570 2181 637 fuerint,
2210 572 2413 642 magnis
2438 581 2490 627 et
2513 573 2763 641 gravibus
2786 573 2940 626 malis
2969 574 3136 641 punit.
3164 572 3264 641 Qui
3284 574 3557 627 maledix-

1964 663 2049 725 ril,
2085 662 2271 732 inquit,
2305 663 2439 731 patri
2465 664 2539 716 vel
2570 664 2736 730 matri,
2768 674 2925 718 morte
2953 663 3197 716 moriatur
3217 664 3236 733 (
3258 662 3423 718 Exod;
3456 663 3554 717 21.

1967 754 2080 819 l7).
2114 754 2201 807 Eis
2227 769 2373 820 vero,
2401 755 2486 823 qui
2516 754 2781 809 honorant
2806 755 2944 819 illos,
2976 756 3053 810 sic
3079 755 3191 808 ait:
3224 753 3435 809 Honora
3465 773 3561 823 pa-

1966 856 2091 900 trem
2117 856 2254 900 tuum
2282 858 2326 901 et
2357 858 2564 900 matrem
2592 857 2751 912 luant,
2779 856 2831 900 ut
2860 849 2980 901 bene
3006 848 3069 901 sit
3094 847 3182 901 tibi
3209 863 3229 900 :
3255 856 3300 899 et
3324 848 3423 901 eris
3446 848 3563 901 lou-

1966 957 2133 1012 gazvus
2158 957 2310 1010 super
2339 951 2526 994 terram
2557 941 2764 1011 (Exod.
2794 941 2886 996 20.
2922 942 2987 996 l2
3008 944 3044 1013 ).
3082 942 3233 1011 Quod
3268 943 3559 998 maximum

1966 1048 2086 1111 esse
2114 1034 2308 1089 bonum
2338 1044 2605 1100 censetur,
2638 1037 2843 1090 beatam
2880 1036 3085 1090 scilicet
3122 1044 3474 1100 senectutem,
3505 1045 3560 1089 et

1966 1125 2091 1179 vitae
2132 1126 2487 1196 prolixitatem
2513 1167 2529 1191 ,
2577 1125 2679 1180 hoc
2722 1125 2999 1196 proposuit
3043 1126 3319 1195 prmmium
3369 1125 3432 1180 iis
3469 1125 3559 1194 qui

1969 1216 2114 1285 ipsos
2154 1216 2458 1270 honorarint
2490 1234 2503 1269 :
2532 1216 2752 1286 etquod
2791 1231 3057 1270 summum
3096 1231 3219 1271 esse
3249 1216 3444 1271 malum
3479 1216 3561 1268 vi-

1967 1307 2142 1372 detur,
2172 1316 2395 1361 inertem
2424 1306 2795 1373 immaturam,
2824 1306 2926 1359 hoc
2956 1307 3007 1358 in
3039 1321 3250 1376 pinnam
3284 1307 3561 1375 preposuit

1971 1397 2035 1453 iis
2060 1440 2074 1462 ,
2107 1398 2196 1468 qui
2221 1398 2592 1452 contumeliosi
2623 1398 2676 1452 in
2702 1412 2796 1452 eos
2823 1397 3015 1451 fuerint
3046 1414 3057 1449 :
3085 1406 3243 1466 atque
3271 1397 3340 1449 ita
3369 1395 3562 1453 horum

1968 1488 2182 1559 quidem
2213 1488 2636 1543 benevolentiam
2658 1487 3007 1544 sibihonoris
3037 1486 3413 1556 pollicitatione
3432 1502 3562 1541 con-

1968 1580 2133 1645 ciliat,
2168 1580 2289 1635 illos
2316 1595 2442 1634 vero
2468 1582 2630 1634 etiam
2658 1579 2852 1633 invitos
2883 1594 3052 1647 pinum
3081 1577 3362 1632 formidine
3387 1594 3415 1628 a
3441 1591 3562 1630 cou-

1970 1672 2186 1727 tumelia
2228 1681 2460 1727 revocat.
2506 1670 2622 1726 Non
2671 1670 2842 1725 solum
2881 1670 3023 1725 enim
3065 1670 3201 1723 mori
3244 1667 3559 1738 parricidam

1964 1764 2134 1834 jubet,
2160 1780 2331 1834 neque
2353 1764 2630 1834 abreptum
2652 1778 2682 1817 a
2700 1762 2900 1833 judicio
2926 1778 3020 1831 per
3042 1763 3212 1815 forum
3234 1776 3265 1815 a
3289 1760 3563 1815 lictoribus

1967 1856 2156 1922 educi,
2186 1870 2358 1925 neque
2385 1864 2537 1910 extra
2573 1855 2839 1909 civitatem
2870 1853 3043 1922 capite
3075 1852 3308 1906 truncari
3343 1869 3357 1905 :
3387 1850 3480 1906 sed
3509 1851 3561 1903 in

1972 1946 2202 2002 mediam
2229 1947 2499 2002 civitatem
2522 1945 2736 2000 deducit
2764 1946 2933 2015 ipsum
2961 1954 3128 2013 pater,
3156 1951 3211 1998 et
3233 1941 3434 2011 absque
3459 1941 3561 1993 alia

1968 2040 2153 2110 quavis
2198 2040 2508 2107 probatione
2539 2038 2670 2093 ﬁdes
2700 2038 2775 2092 illi
2813 2037 3038 2091 habetur
3069 2054 3082 2090 :
3115 2051 3179 2092 ac
3211 2036 3405 2089 merito
3440 2034 3559 2103 qui-

1969 2131 2113 2187 dem.
2143 2130 2274 2185 Nam
2303 2130 2393 2199 qui
2429 2130 2681 2199 pecunias
2717 2137 2775 2183 et
2809 2144 3032 2197 corpora
3076 2137 3128 2182 et
3166 2126 3309 2181 aliud
3351 2124 3564 2195 quidvis

1973 2237 2069 2291 pro
2109 2222 2220 2275 ﬁlio
2259 2221 2487 2277 libenter
2526 2220 2888 2290 impenderet,
2927 2235 3214 2289 numquam
3257 2218 3374 2287 ejus
3413 2218 3565 2271 fieret

1969 2320 2269 2375 accusator,
2304 2310 2407 2366 nisi
2442 2326 2649 2365 summa
2688 2310 2756 2364 ab
2795 2310 2887 2364 illo
2926 2309 3117 2378 injuria
3147 2316 3290 2365 esset
3318 2306 3561 2363 affectus.

1973 2403 2193 2458 Deducit
2234 2403 2393 2473 igitur
2420 2403 2569 2457 illum
2598 2403 2650 2456 in
2687 2400 2920 2457 medium
2951 2400 3213 2465 civitatis,
3244 2398 3436 2453 deinde
3466 2413 3562 2466 po—

1970 2497 2094 2567 pqu
2119 2496 2379 2552 advocato
2407 2496 2798 2551 accusationem
2826 2496 3167 2564 pronunt'at:
3196 2492 3285 2561 qui
3315 2506 3441 2547 vero
3467 2508 3569 2545 au-

1968 2590 2140 2650 diunt,
2169 2589 2359 2659 singuli
2391 2598 2603 2658 arrepto
2628 2588 2802 2658 lapide
2839 2586 3156 2657 parricidam
3184 2584 3333 2639 illum
3365 2598 3560 2651 percu.-

1972 2681 2129 2735 tiunt.
2175 2680 2288 2735 Non
2333 2680 2479 2734 enim
2524 2688 2859 2749 spectatores
2894 2687 3098 2731 tantum
3147 2674 3424 2745 supplicii,
3466 2673 3575 2726 sed.

1971 2772 2132 2827 etiam
2162 2771 2435 2826 ministros
2461 2785 2554 2827 eos
2586 2786 2708 2826 esse
2736 2770 2845 2824 vult
2876 2770 3168 2839 lt-gislzttor,
3198 2777 3255 2820 ut
3283 2782 3405 2822 cum
3433 2765 3562 2819 dex-

1973 2872 2142 2919 teram
2168 2878 2322 2917 suam
2341 2863 2569 2933 quisque
2589 2863 2951 2931 conspexerit,
2981 2876 3085 2929 qua
3114 2859 3344 2930 lapidem
3369 2868 3418 2912 et
3449 2857 3564 2927 ipse

1972 2955 2026 3009 in
2057 2955 2330 3025 parricida:
2352 2962 2510 3025 caput
2541 2953 2782 3023 projecit,
2809 2953 2908 3006 hac
2932 2950 3216 3005 sufﬁcienti
3244 2948 3565 3004 admonitio-

1973 3060 2041 3100 ne
2079 3046 2366 3100 instructus
2405 3045 2468 3099 ad
2504 3045 2782 3101 meliorem
2819 3044 3022 3113 frugem
3052 3048 3352 3096 revocetur.
3380 3037 3567 3109 Neque

1974 3154 2105 3195 vero
2139 3139 2189 3195 id
2233 3141 2408 3194 solum
2431 3181 2445 3203 ,
2479 3139 2572 3195 sed
2613 3149 2667 3193 et
2704 3139 2844 3192 aliud
2889 3137 3041 3192 nobis
3073 3135 3243 3191 innuit
3272 3132 3569 3204 legislator,

1972 3249 2097 3289 eum
2126 3234 2396 3293 nimirum,
2426 3234 2514 3299 qui
2544 3232 2865 3286 contumelia
2897 3239 3145 3299 patentes
3169 3228 3428 3291 affecerit,
3457 3241 3571 3279 non

1974 3324 2095 3378 illos
2119 3332 2343 3390 tantum,
2373 3324 2465 3378 sed
2494 3324 2655 3378 etiam
2692 3336 2880 3376 omnes
2909 3320 3150 3375 homines
3180 3318 3418 3374 laesisse-
3436 3317 3566 3371 Pro-

1975 3422 2152 3483 pterea
2190 3424 2411 3468 cunctos
2449 3412 2515 3467 ad
2555 3412 2798 3482 supplicii
2837 3411 3165 3466 consortium
3203 3418 3385 3472 vocat,
3413 3408 3575 3477 quasi

1973 3503 2295 3559 contumelia
2337 3504 2532 3559 fuerint
2571 3503 2649 3556 aﬁ'
2663 3502 2744 3555 -cti
2776 3516 2962 3555 omnes
2986 3542 3001 3566 ,
3033 3517 3097 3555 ac
3124 3500 3380 3570 populum
3406 3499 3570 3554 simul

1974 3605 2028 3648 et
2068 3603 2232 3650 totam
2260 3605 2517 3649 convocat
2557 3596 2864 3659 civitatem,
2896 3605 2951 3647 ιιι
2989 3593 3184 3647 doceat
3204 3631 3219 3656 ,
3249 3605 3346 3645 eos
3372 3589 3568 3659 quibus

1975 3686 2106 3741 nihil
2133 3696 2218 3742 est
2242 3701 2523 3741 commune
2549 3702 2669 3741 cmn
2711 3686 2813 3740 illis
2840 3686 2929 3753 qui
2965 3684 3145 3740 aﬂ'ecti.
3178 3692 3300 3738 sunt
3339 3682 3526 3751 injuria
3550 3723 3563 3743 .

1976 3779 2027 3832 in
2050 3793 2145 3831 eos
2170 3777 2532 3846 indignatione
2559 3778 2910 3842 commoveri,
2939 3776 3028 3845 qui
3054 3774 3424 3829 contumeliosi
3456 3773 3568 3826 fue-

1975 3871 2078 3925 rint
2121 3871 2174 3923 in
2217 3879 2462 3938 parentes
2486 3910 2503 3933 ,
2542 3879 2809 3937 tamquam
2848 3869 2899 3921 in
2938 3883 3277 3922 communem
3322 3874 3566 3919 naturam

1974 3959 2198 4014 cadente
2229 3960 2419 4027 injuria
2444 4001 2457 4019 ,
2494 3970 2652 4024 utque
2680 3961 2837 4013 talem
2875 3958 3151 4011 hominem
3172 3957 3324 4027 quasi
3363 3964 3567 4023 pestem

1974 4050 2257 4119 quamdam
2284 4064 2727 4118 communi-mque
2766 4050 3013 4103 morbum
3054 4063 3162 4101 non
3199 4063 3263 4101 ex
3306 4046 3437 4099 urbe
3476 4059 3567 4098 sor

1976 4142 2105 4207 lum,
2138 4142 2230 4196 sed
2258 4158 2322 4196 ex
2352 4142 2460 4209 ipsa
2492 4158 2704 4212 quoque
2731 4144 2835 4194 vita
2861 4142 3094 4210 ejiciant.
3122 4140 3302 4195 Hostis
3321 4138 3463 4194 enim
3486 4149 3570 4190 est

1976 4234 2058 4288 vir
2086 4234 2381 4302 ejusmodi,
2423 4245 2475 4287 et
2514 4237 2750 4288 omnium
2790 4235 3087 4289 communis
3127 4233 3407 4297 inimicus,
3440 4233 3573 4295 Dei,

1977 4337 2200 4391 naturm,
2225 4327 2418 4395 legum.
2440 4328 2745 4381 etomnium
2768 4338 3008 4381 nostrum
3029 4327 3339 4382 viventium.
3366 4324 3570 4379 Idcirco

1976 4416 2134 4471 simul
2172 4432 2359 4471 omnes
2397 4418 2610 4487 aggredi
2652 4418 2855 4471 caedem
2891 4417 3071 4486 jubet,
3114 4415 3567 4484 utrexpialionem

1976 4508 2259 4577 quamdam
2290 4508 2527 4577 perﬁciat
2556 4510 2804 4562 civitatis.
2833 4509 2990 4562 Multa
3018 4508 3177 4562 vobis
3195 4508 3330 4560 bona
3358 4506 3567 4560 contin-

1975 4609 2121 4669 gant,
2144 4601 2283 4669 quod
2306 4609 2447 4653 tanta
2462 4616 2583 4653 cum
2607 4601 2877 4667 voluptate
2896 4600 2963 4653 de
2988 4600 3243 4669 parricida
3262 4614 3565 4654 sermonem

1975 4690 2293 4758 exceperitis
2316 4729 2332 4754 ,
2362 4705 2423 4743 ac
2449 4690 2678 4757 lapidum
2712 4691 2830 4743 loco
2856 4691 3075 4744 vocibus
3106 4691 3249 4743 illum
3286 4704 3566 4758 percusse-

1978 4781 2129 4834 ritis:
2159 4781 2257 4834 hoc
2293 4784 2434 4834 enim
2480 4783 2728 4836 indicimn
2771 4783 2999 4851 ingentis
3028 4791 3109 4837 est
3145 4782 3581 4848 benevolentia,

1976 4887 2076 4939 qua
2108 4882 2309 4939 patrem
2337 4889 2490 4925 suum
2521 4882 2753 4925 vestrum
2789 4873 3150 4941 unusquisque
3175 4874 3571 4942 eomp'et‘iitur.

1977 4962 2126 5017 Time
2163 4965 2302 5017 enim
2344 4968 2609 5035 prmeipnd
2653 4966 2830 5035 leges,
2871 4982 2990 5034 qua:
3027 4967 3217 5021 delicta
3259 4967 3568 5035 vindicant,

1977 5052 2193 5108 laudare
2225 5058 2599 5110 consuevimus
2619 5098 2635 5121 ,
2664 5074 2783 5112 cum
2815 5058 3126 5113 delictorum
3157 5057 3253 5128 ipsi
3282 5058 3439 5111 nobis
3465 5058 3566 5112 mi-

1977 5146 2119 5198 nime
2158 5147 2355 5200 conscii
2399 5147 2676 5203 fuerimus.
2725 5149 2827 5202 I’ro
2868 5149 2948 5202 liis
2988 5150 3144 5217 igitur
3177 5148 3428 5201 omnibus
3461 5149 3569 5205 cie.-

1977 5239 2139 5292 mcnti
2181 5239 2290 5293 Deo
2329 5242 2526 5309 gratias
2566 5257 2819 5310 agamus,
2860 5241 2950 5309 qui
2992 5242 3110 5293 vita:
3150 5248 3344 5294 nostra:
3383 5256 3567 5292 curam

1974 5332 2133 5400 gerit,
2160 5332 2257 5400 qui.
2279 5334 2584 5400 parentibus
2612 5334 2871 5399 provic'et,
2898 5333 2983 5399 qui
3012 5332 3081 5387 de
3107 5332 3285 5386 liberis
3309 5332 3566 5389 estsollio

1974 5420 2131 5483 citus,
2155 5431 2210 5474 et
2232 5438 2326 5490 pro
2349 5432 2527 5476 nostra
2550 5424 2721 5476 salute
2740 5433 2925 5476 cuncta
2948 5423 3201 5490 disponit.
3228 5424 3401 5489 Ipsttttt
3421 5424 3564 5477 enim

1975 5510 2130 5565 decet
2153 5512 2337 5580 gloria,
2369 5512 2559 5574 honor,
2587 5522 2641 5566 et
2670 5511 2930 5577 adoratio,
2964 5529 3065 5565 una
3092 5528 3213 5568 cmn
3243 5514 3397 5569 Patre
3421 5516 3574 5583 prin-

1975 5602 2096 5671 cipii
2122 5614 2359 5674 experte,
2384 5619 2445 5658 ac
2470 5612 2656 5659 sancto
2676 5604 3063 5674 Spiritu,,nunc
3091 5617 3139 5663 ct
3168 5621 3400 5677 semper,
3429 5616 3483 5663 et.
3511 5609 3563 5664 iu

1977 5696 2169 5751 saecula
2196 5697 2534 5753 saeculorum.
2570 5699 2759 5754 Amen.
