3964 6414
987 479 1216 536 SERMO
1257 481 1297 536 v
1340 480 1439 552 (a).

424 612 577 680 Quod
599 630 698 669 non
723 624 926 684 propter
945 613 1196 668 Adamum
1221 617 1480 684 punimur,
1501 623 1548 666 et
1568 613 1765 676 ntalem
1791 627 1880 680 per
1896 625 2011 664 eum

491 706 624 760 bona
645 722 797 777 quam
825 704 962 760 mala
989 715 1105 760 sunt
1130 705 1434 774 importata,
1463 706 1508 759 si
1533 702 1676 759 nobis
1697 703 1823 772 ipsis
1845 711 2011 754 atten-

491 798 610 854 dere
631 799 932 854 voluerimus
949 816 967 853 :
987 809 1034 852 et
1057 797 1297 853 adversus
1319 813 1406 852 eos
1425 797 1513 868 qui
1537 812 1782 868 pauperes
1806 803 2011 859 prseter-

489 901 629 946 euut.

489 1029 540 1082 1.
573 1026 676 1081 Vos
703 1027 916 1098 quidem
948 1027 1172 1084 fortasse
1203 1041 1301 1082 nos
1337 1041 1555 1082 onmem
1591 1027 1787 1095 putatis
1813 1025 1880 1078 de
1909 1025 2038 1084 do-.

419 1119 622 1175 minatu
655 1119 950 1175 absolvisse
990 1133 1295 1175 sermonem
1328 1135 1344 1172 :
1374 1127 1428 1172 at
1455 1133 1556 1188 ego
1586 1117 1811 1171 multum
1839 1116 2013 1169 adhuc

419 1209 475 1264 in
501 1221 571 1264 eo
597 1209 752 1265 video
785 1208 1016 1265 fructum
1055 1225 1331 1280 apparere.
1375 1208 1480 1265 Sed
1515 1224 1584 1264 ne
1609 1207 1966 1278 defatigemini
1993 1248 2008 1269 ,

417 1314 630 1371 quzesu,
667 1316 945 1371 quousque
976 1310 1144 1355 totum
1188 1301 1359 1370 ipsum
1390 1298 1834 1368 decerpserimus.
1879 1297 2010 1351 Nam

417 1402 473 1448 et
499 1391 780 1462 diligentes
817 1393 1064 1464 agricolae
1092 1407 1212 1446 cum
1244 1392 1404 1445 vitem
1436 1389 1579 1446 foliis
1605 1399 1903 1444 comantem
1934 1389 2015 1442 vi-

418 1482 630 1548 derint,
661 1492 716 1537 et
745 1484 912 1538 multo
941 1483 1117 1537 fructu
1141 1491 1415 1538 oneratam
1435 1523 1453 1548 ,
1481 1497 1585 1536 non
1616 1491 1868 1537 externos
1896 1489 2012 1536 tan-

421 1584 533 1630 tum
571 1575 890 1630 abscindunt
936 1589 1214 1640 racemos,
1253 1573 1348 1630 sed
1384 1583 1438 1629 et
1481 1573 1704 1628 ulterius
1745 1572 2014 1644 progressi

421 1668 666 1738 palantes
707 1667 1082 1737 conlriuguut.
1127 1678 1181 1722 et
1229 1666 1355 1722 folia
1401 1675 1691 1732 coercent,
1735 1666 1808 1721 ita
1849 1675 1908 1723 ut
1943 1682 2012 1723 ne

421 1757 624 1813 minimi
667 1758 882 1827 quidem
931 1759 1068 1812 acini
1115 1772 1448 1814 racemorum
1493 1755 1775 1813 frondibus
1815 1758 2011 1814 obtecti

419 1848 634 1903 lateant.
663 1846 840 1904 Nolite
864 1849 1028 1920 igitur
1049 1850 1458 1920 negligentiores
1488 1850 1591 1906 illis
1618 1849 1814 1918 videri,
1840 1865 2012 1922 neque

418 1941 726 2011 priusquam
753 1949 920 1995 totum
947 1959 976 1995 a
1007 1943 1156 1996 vobis
1179 1938 1249 1996 sit
1271 1952 1549 2013 acceptum
1580 1943 1814 1999 recedite
1837 1962 1850 1998 :
1875 1959 2012 2018 prte-

416 2031 602 2085 sertim
642 2038 765 2086 eum
806 2032 957 2086 labor
995 2033 1207 2102 quidem
1251 2047 1436 2100 meus,
1479 2033 1680 2089 fructus
1721 2043 1901 2090 autem
1943 2035 2013 2090 sit

420 2131 616 2178 vester.

488 2209 593 2268 Cur
622 2211 685 2266 ob
721 2213 872 2268 unius
909 2223 1174 2283 peccatum
1204 2213 1295 2267 alii
1329 2214 1626 2284 puniantur.
1653 2245 1726 2255 —-
1751 2215 2013 2271 Hesterno

417 2303 507 2358 die
548 2303 802 2359 mulieres
838 2304 1239 2368 accusavimus,
1269 2305 1352 2360 vel
1383 2305 1559 2376 potius
1585 2322 1689 2360 non
1723 2306 1973 2362 mulieres
1993 2350 2008 2374 ,

415 2393 512 2450 sed
557 2394 722 2449 Evam
766 2393 908 2464 quod
958 2410 1054 2464 per
1107 2404 1378 2464 peccatum
1429 2398 1739 2452 servitutem
1790 2398 2008 2454 invexit.

416 2483 666 2538 Fortasse
691 2483 871 2538 dicent
901 2485 1055 2538 nobis
1085 2485 1339 2541 mulieres
1367 2505 1380 2540 :
1409 2487 1603 2553 Quare,
1630 2501 1751 2542 eum
1777 2488 1862 2542 illa
1890 2504 2012 2558 pec-

413 2583 609 2637 casset,
641 2589 739 2629 nos
764 2575 1028 2628 damna-tae
1055 2573 1277 2641 fuitnus,
1298 2582 1353 2628 et
1379 2577 1534 2629 unius
1563 2591 1806 2646 persenti:
1832 2579 2011 2647 lapsus

415 2663 545 2732 fuit,
575 2664 781 2718 crimen
820 2674 998 2719 autem
1041 2679 1202 2719 sexus
1243 2665 1448 2719 totius?
1479 2667 1590 2720 Hoc
1629 2668 1790 2722 etiam
1829 2667 2012 2725 dicere

413 2757 556 2810 servi
602 2765 820 2826 possent
851 2774 867 2810 :
893 2756 1029 2822 Quid
1068 2771 1246 2810 causa:
1284 2768 1360 2812 cst
1402 2771 1533 2822 cur,
1561 2773 1683 2812 eum
1712 2759 1764 2812 in
1803 2767 2008 2828 patrem

416 2846 835 2902 contumeliosus
873 2847 1062 2901 fuisset
1097 2846 1350 2900 Chanaan
1391 2845 1501 2920 (lt),
1539 2847 1605 2900 ad
1646 2857 1812 2902 totutn
1844 2863 2014 2918 genus

416 2953 572 3010 paena
600 2939 889 2993 transivit?
916 2939 980 2992 Ει
1005 2937 1094 3008 qui
1123 2939 1460 3007 magistratus
1489 2939 1856 3007 reformidant,
1888 2955 2012 3009 pos-

415 3038 538 3084 sent
565 3029 802 3098 objicere
833 3044 846 3082 :
876 3027 984 3084 Cur
1011 3028 1222 3083 tandem
1249 3029 1459 3083 caeteris
1493 3030 1753 3084 scelerate
1783 3030 2011 3086 viventi-

415 3119 517 3175 bus
551 3119 652 3190 ipsi
687 3119 816 3189 jugo
851 3118 1122 3174 servitutis
1151 3118 1347 3173 addicti
1385 3119 1549 3174 sunt?
1577 3119 1712 3188 Quid
1744 3121 1903 3191 igitur
1928 3121 2012 3176 bis

413 3212 666 3268 omnibus
686 3213 1159 3283 respondebimus?
1179 3213 1449 3284 Siquidem
1473 3231 1574 3270 una
1595 3215 1860 3272 solutione
1874 3233 2015 3287 qua:-

413 3304 677 3360 stionibus
705 3304 822 3360 istis
846 3306 1094 3360 omnibus
1120 3305 1345 3360 satisiict
1376 3323 1389 3359 :
1422 3307 1625 3375 priores
1650 3307 1866 3376 quidem
1893 3307 2014 3363 illos

414 3410 667 3465 peccasse
690 3439 707 3463 ,
734 3412 796 3452 ac
823 3412 918 3452 sua
957 3399 1391 3466 praevaricatione
1418 3398 1729 3452 servitutem
1773 3399 2016 3454 introdu-

414 3487 596 3554 xisse;
627 3502 812 3542 verum
840 3488 1197 3542 introductam
1237 3488 1382 3541 illam
1423 3487 1746 3556 posteriores
1782 3491 2014 3557 peccatis

415 3579 528 3633 suis
555 3578 924 3633 eonilrmasse.
952 3577 1084 3632 Nam
1109 3579 1152 3632 si
1177 3578 1392 3647 quidem
1423 3587 1681 3646 perpetuo
1709 3593 1769 3633 se
1796 3586 2014 3648 possent

415 3685 446 3721 a
477 3669 709 3738 peccatis
742 3671 1008 3723 immunes
1036 3669 1358 3734 ostendere,
1385 3669 1505 3736 jure
1536 3669 1761 3723 fortasse
1798 3680 2012 3738 possent

416 3760 786 3816 contradicere
822 3775 838 3815 :
871 3759 953 3814 sin
994 3769 1172 3814 autem
1219 3761 1400 3812 multis
1446 3760 1543 3830 ipsi
1581 3775 1796 3830 quoque
1841 3763 2014 3831 poenis

418 3862 542 3907 sunt
567 3852 804 3918 obnoxii,
837 3852 1028 3906 frustra
1062 3851 1162 3906 hac
1186 3853 1530 3907 excusatione
1556 3867 1614 3907 se
1644 3862 1876 3908 tuentur.
1902 3855 2014 3925 Ego

417 3945 561 3998 enim
599 3959 702 3998 non
737 3944 882 4007 dixi,
926 3953 1200 4012 peccatum
1225 3943 1336 4012 jam
1368 3944 1676 3998 servitutem
1704 3959 1810 3999 non
1841 3944 2011 4000 intro-

417 4039 648 4104 ducere,
675 4038 768 4094 sed
797 4051 957 4092 omne
984 4047 1259 4108 peceatum
1285 4053 1406 4092 cum
1437 4039 1693 4092 servitute
1727 4053 1846 4095 esse
1879 4053 2013 4094 con-

413 4127 679 4198 junctum,
709 4136 767 4182 et
790 4129 844 4182 in
873 4129 1071 4197 peccati
1105 4137 1368 4190 naturam,
1397 4143 1502 4180 non
1534 4129 1587 4182 in
1617 4128 1783 4182 solam
1813 4129 2013 4197 peccati

419 4218 776 4274 dill‘erentiam
813 4233 1026 4272 causam
1067 4217 1248 4286 rejeci.
1285 4217 1356 4271 Ut
1395 4217 1554 4287 igitur
1585 4233 1772 4272 omnes
1799 4218 2012 4287 quidem

421 4311 743 4367 incurabiles
765 4311 936 4365 morbi
966 4317 1193 4364 mortem
1218 4307 1469 4373 inferunt,
1499 4324 1604 4362 non
1627 4324 1813 4364 omnes
1838 4319 2014 4364 tamen

419 4405 660 4476 ejusdem
702 4411 831 4458 sunt
873 4413 1074 4457 naturae
1106 4420 1119 4456 :
1149 4401 1226 4457 sic
1263 4410 1318 4456 et
1349 4402 1526 4455 omnia
1556 4401 1770 4470 quidem
1800 4412 2016 4472 peccata

422 4501 634 4569 pariunt
661 4498 1005 4560 servitutem,
1037 4510 1142 4550 non
1174 4503 1352 4548 tamen
1391 4493 1630 4563 ejusdem
1663 4504 1866 4548 natura:
1894 4503 2018 4549 sunt

421 4591 623 4646 omnia.
657 4590 902 4645 Peccavit
931 4589 1062 4652 Eva,
1088 4604 1210 4643 cum
1239 4587 1438 4656 lignum
1461 4587 1712 4656 gustavit,
1737 4595 1790 4642 et
1818 4586 2018 4642 idcirco

422 4681 674 4734 damnata
701 4688 803 4735 est.
836 4681 1124 4748 Propterea
1171 4679 1278 4732 noli
1311 4685 1366 4730 tu
1403 4693 1588 4730 rursus
1615 4676 1760 4731 aliud
1789 4677 1884 4730 illo
1913 4676 2019 4730 for-

423 4782 568 4827 tasse
590 4771 828 4825 deterius
856 4779 1130 4839 pecmtum
1154 4771 1510 4824 committere.
1542 4769 1652 4823 lloe
1675 4778 1728 4823 ct
1753 4768 1822 4823 de
1848 4768 2019 4824 servis

423 4864 620 4918 merito
661 4861 955 4916 dixerimus
978 4903 995 4927 ,
1029 4862 1129 4916 hoc
1169 4871 1225 4916 et
1265 4863 1334 4916 de
1374 4863 1476 4917 illis
1504 4863 1592 4931 qui
1624 4861 2020 4933 magistratibus

423 4953 672 5018 subsunt,
706 4951 906 5020 primos
933 4953 1180 5005 nimirum
1208 4962 1480 5019 peccatum
1512 4953 1890 5014 introduxisse,
1926 4967 2019 5021 po-

425 5055 600 5100 steros
623 5051 805 5098 autem
829 5041 1174 5097 succedentes
1199 5042 1500 5095 dominatus
1524 5045 1770 5098 virtutem
1797 5044 1908 5096 suis
1931 5059 2019 5097 re-

426 5135 654 5190 tinuisse
681 5133 914 5189 delictis.
947 5133 1167 5186 Possum
1196 5140 1251 5184 et
1275 5132 1376 5185 alia
1403 5132 1714 5188 defensione
1743 5135 1817 5188 uti
1843 5133 2020 5204 :quod

431 5227 583 5280 multi
611 5241 828 5297 nempe,
859 5240 979 5280 omn
1009 5225 1075 5279 ad
1103 5225 1350 5279 virtutem
1379 5227 1604 5295 regressi
1632 5238 1834 5292 essent,
1866 5242 1896 5280 a
1925 5227 2021 5280 do-

431 5318 637 5372 minatu
667 5317 863 5372 fuerint
890 5316 1164 5372 vindicati.
1193 5317 1272 5370 Ae
1314 5317 1480 5386 prius,
1509 5317 1554 5371 si
1587 5318 1780 5386 placet,
1807 5318 1876 5372 de
1900 5334 2020 5371 mu-

495 5471 570 5533 (a)
605 5477 656 5521 In
676 5471 843 5520 euiiee
858 5471 1012 5531 Regio
1031 5472 1156 5524 2542
1177 5471 1284 5523 haec
1318 5473 1516 5526 Horuilia
1538 5489 1634 5525 non
1659 5479 1708 5524 iu
1746 5475 1879 5523 serie
1901 5471 2020 5523 alia-

434 5542 542 5594 rum
565 5535 772 5594 (nititur.
800 5539 852 5580 et.
873 5535 1068 5594 omnino
1090 5536 1486 5594 pratermittitur.

500 5592 577 5652 (υ)
606 5593 690 5656 ttie
721 5598 839 5654 puto
877 5592 1240 5656 mendosegpoui
1261 5595 1478 5656 Chanaan
1500 5607 1588 5656 pro
1608 5596 1772 5653 chum,
1796 5601 1852 5642 ut
1874 5595 2021 5642 etiam

438 5651 706 5720 ln_ttomilis
722 5651 1025 5720 praecedenti
1049 5651 1164 5700 Edii.
1188 5654 1351 5720 Morel.
1395 5651 1580 5709 Sed'ibi
1603 5661 1707 5708 Mss.
1731 5651 2022 5720 auctoritate

436 5709 856 5820 :‘mtmsug‘nus
884 5724 899 5760 :
923 5711 1000 5760 bic
1021 5725 1118 5760 non
1158 5715 1408 5775 audemus,
1441 5729 1556 5776 quia
1600 5723 1707 5764 Mss.
1733 5719 1878 5766 etiam
1899 5715 2022 5764 cita-

462 5782 476 5815 t
630 5784 639 5792 ’
692 5783 721 5818 e

462 5782 571 5815 man
597 5782 721 5818 naue

1199 369 1252 424 S.
1296 368 1574 423 JOANNIS
1608 362 2084 422 CIIRYSUSTOMI
2134 364 2450 419 ARCIIIEP.
2493 363 3028 421 CONSTANTINOP.

3605 366 3708 423 συθ

2124 475 2345 530 lieribus
2369 491 2674 531 sermonem
2714 475 3067 542 instituamus,
3095 487 3153 532 ut
3184 478 3368 532 videas
3395 493 3508 547 quo
3535 490 3709 548 pecua,

2120 580 2241 620 eum
2268 566 2372 620 illis
2397 567 2603 620 vincula
2631 568 2816 620 beatus
2838 563 3031 621 Paulus
3053 566 3354 633 indidisset,
3379 575 3570 624 eadem
3598 585 3713 628 ntr-

2118 670 2209 710 sus
2239 656 2350 726 ipse
2379 656 2655 712 latraverit.
2687 657 2746 712 Si
2773 673 2873 728 qua
2910 659 3108 724 mulier,
3138 658 3337 728 inquit,
3365 661 3532 714 uirum
3568 659 3718 713 [tam

2117 747 2393 815 infidelem,
2425 756 2472 802 et
2500 748 2582 802 hic
2605 749 2848 802 consentit
2875 749 3102 804 habitare
3122 766 3237 804 eum
3265 751 3378 816 illa,
3407 768 3512 804 non
3540 751 3719 804 diutu-

2120 848 2196 891 tat
2232 839 2377 892 illum
2410 840 2494 911 (l.
2525 838 2642 895 Cor.
2681 841 2734 894 7.
2769 841 2891 909 l3).
2923 841 3036 909 Qua
3065 843 3133 896 de
3160 858 3319 897 causa
3340 843 3366 896 ἲ
3398 841 3548 898 Unde
3587 844 3726 898 atina

2119 931 2216 983 sris
2237 971 2251 994 ,
2284 930 2484 993 mulier,
2517 948 2586 984 an
2613 931 2774 985 virum
2803 941 3060 985 servatura
3085 933 3154 987 sis
3188 932 3364 1005 (Ibid.
3398 950 3447 988 υ.
3482 933 3627 1001 ιδῃ
3653 934 3722 991 Et

2118 1037 2226 1090 quo
2251 1029 2404 1092 pacto
2426 1064 2443 1088 ,
2475 1023 2683 1091 inquit,
2717 1024 2886 1077 virum
2924 1024 3118 1093 poterit
3149 1040 3368 1079 scrvare
3395 1025 3637 1080 mulier?
3662 1026 3718 1081 Si

2117 1112 2328 1179 doceat,
2353 1115 2397 1168 si
2429 1116 2673 1179 instruat,
2705 1116 2748 1169 si
2778 1114 2848 1170 de
2876 1117 3130 1186 religione
3165 1133 3470 1172 sermonem
3503 1117 3716 1172 inierat.

2119 1205 2278 1274 Atqui
2315 1205 2532 1261 dicebas
2569 1207 2711 1272 heri,
2743 1206 2898 1262 beate
2937 1207 3129 1275 Paule,
3161 1207 3367 1263 Mulieri
3397 1209 3583 1264 docere
3620 1226 3721 1262 non

2119 1297 2350 1365 permitto
2382 1297 2400 1367 (
2418 1298 2466 1351 Ι.
2497 1296 2630 1350 Tim.
2661 1297 2717 1352 2.
2749 1297 2865 1368 12).
2898 1299 2998 1366 Qui
3030 1297 3089 1352 ﬁt
3119 1299 3308 1369 igitur,
3341 1309 3399 1353 ut
3428 1299 3576 1353 ilium
3607 1303 3723 1356 viro

2120 1388 2425 1458 magistram
2447 1389 2738 1444 adhibeas?
2754 1387 2869 1444 Non
2891 1405 3099 1446 meeum
3122 1392 3244 1461 ipse
3262 1406 3506 1461 pugnans
3523 1392 3576 1446 id
3596 1408 3718 1462 ego,

2118 1479 2213 1534 sed
2241 1494 2449 1533 mecum
2479 1479 2635 1535 valde
2660 1481 2958 1535 consentio.
2992 1481 3161 1543 Audi,
3189 1497 3374 1551 qttmso
3399 1524 3414 1547 ,
3444 1489 3503 1535 et
3528 1496 3627 1536 cur
3653 1482 3723 1536 il-

2120 1571 2224 1625 lam
2253 1572 2541 1641 dejecerit,
2573 1580 2628 1628 et
2653 1587 2750 1628 cur
2778 1587 2962 1628 rursus
2989 1573 3056 1626 ad
3085 1573 3374 1643 magisterii
3403 1574 3721 1628 cathedram

2119 1661 2264 1717 illam
2293 1663 2550 1730 evexerit,
2574 1673 2632 1718 ut
2661 1663 2806 1718 Pauli
2835 1664 3148 1734 sapientiora
3177 1664 3373 1720 discas.
3406 1664 3598 1719 Doceat
3623 1667 3720 1728 uir.

2121 1754 2306 1824 inquit.
2339 1755 2476 1822 Quid
2507 1755 2615 1810 ita?
2639 1755 2840 1827 Quippe
2862 1757 2951 1826 qui
2983 1756 3218 1811 seductus
3244 1773 3345 1810 non
3373 1759 3442 1810 sit
3465 1760 3484 1826 (
3506 1759 3554 1810 Ι.
3581 1757 3722 1811 Tim.

2117 1842 2172 1898 3.
2219 1844 2338 1915 14).
2377 1845 2543 1899 Adam
2577 1847 2742 1913 enim,
2777 1847 2943 1917 inquit
2965 1889 2981 1914 ,
3012 1863 3112 1902 non
3148 1856 3220 1902 est
3249 1849 3510 1902 seductus.
3547 1848 3728 1902 Discat

2117 1935 2318 2002 mulier,
2358 1935 2547 2006 lnquit.
2585 1937 2722 2004 Quid
2756 1937 2861 1991 ita?
2885 1937 3087 2007 Quippe
3113 1953 3228 2004 qua
3254 1939 3462 1992 seducta
3491 1941 3578 1992 sit.
3605 1939 3730 1993 Mu-

2119 2027 2219 2082 lier
2259 2030 2400 2084 enim
2443 2028 2662 2084 seducta
2711 2029 2764 2083 in
2811 2030 3248 2098 prmvaricatione
3292 2029 3412 2083 fuit.
3455 2030 3552 2085 llic
3590 2046 3729 2084 vero

2118 2119 2442 2172 contrarium
2484 2119 2750 2174 videmus.
2789 2120 2920 2175 Cum
2957 2119 3098 2175 enim
3135 2120 3213 2174 vir
3249 2119 3412 2175 fuerit
3451 2122 3724 2187 infidelis,

2120 2213 2310 2268 mulier
2345 2222 2522 2267 autem
2563 2213 2734 2268 ﬁdelis
2757 2255 2772 2279 ,
2820 2214 3016 2267 Doceat
3039 2254 3054 2274 ,
3096 2214 3302 2284 inquit,
3333 2215 3546 2268 mulier.
3575 2215 3724 2280 Quid

2120 2303 2224 2356 ita?
2253 2302 2386 2371 Quia
2415 2303 2635 2358 seducta
2665 2319 2768 2357 non
2801 2312 2902 2366 est,
2930 2318 3059 2358 eum
3082 2305 3153 2359 sit
3181 2304 3372 2359 ﬁdelis.
3411 2305 3588 2360 Discat
3619 2307 3727 2375 igi-

2120 2401 2205 2446 tur
2231 2393 2332 2459 vir,
2359 2391 2479 2463 quia
2507 2393 2758 2446 seductus
2785 2403 2886 2458 est,
2916 2408 3037 2448 eum
3065 2394 3136 2448 sit
3173 2394 3426 2450 iuli’lelis.
3455 2395 3727 2450 Commu-

2119 2493 2240 2537 tato:
2260 2493 2382 2538 sunt
2400 2481 2628 2538 doct-di
2649 2484 2791 2538 vices
2817 2501 2832 2538 :
2854 2493 3258 2540 commutentur
3271 2486 3434 2539 etiam
3458 2486 3729 2554 deinceps

2117 2577 2261 2631 vices
2301 2574 2631 2631 dominandi.
2678 2574 2868 2641 Vides,
2905 2591 3014 2646 quo
3054 2586 3208 2646 paeto
3245 2576 3446 2647 ubique
3480 2579 3732 2633 ostendit

2116 2667 2426 2721 servitutem
2457 2681 2562 2720 non
2594 2678 2867 2734 naturam,
2900 2667 2994 2722 sed
3023 2667 3393 2736 deeeptionem
3428 2678 3482 2722 et
3520 2684 3731 2739 pecca-

2119 2767 2230 2813 tum
2269 2756 2461 2828 sequi‘l
2491 2757 2643 2812 Venit
2684 2757 2840 2826 igitur
2863 2757 2930 2812 ad
2963 2759 3241 2814 mulierem
3269 2759 3343 2814 ab
3378 2759 3528 2812 initio
3551 2760 3732 2814 dece-

2117 2850 2250 2920 ptio,
2275 2857 2494 2918 sequuta
2521 2857 2604 2903 est
2626 2848 2889 2917 subjectio
2911 2848 3283 2919 deceptionem
3309 2852 3734 2919 :cmnmigravit

2115 2941 2183 2996 ad
2210 2941 2381 2994 virum
2410 2939 2605 2996 deinde
2629 2939 2904 3009 deeeptio,
2935 2941 3305 3010 commigravit
3338 2957 3551 3011 quoque
3585 2944 3736 2995 sub-

2112 3034 2298 3106 jectio.
2324 3033 2390 3088 Et
2412 3033 2552 3087 sicut
2578 3033 2632 3086 in
2658 3032 2918 3102 principio
2945 3031 3182 3086 mulieris
3207 3033 3435 3086 salutem
3468 3033 3583 3086 viro
3603 3048 3737 3088 cre-

2117 3125 2285 3194 didit,
2310 3125 2434 3196 quia
2462 3123 2713 3180 seduetus
2751 3139 2856 3178 non
2885 3134 3002 3179 erat
3023 3163 3043 3191 ,
3069 3125 3148 3179 sie
3182 3124 3370 3179 dicens
3391 3165 3405 3187 ,
3435 3125 3514 3178 Ad
3550 3126 3736 3178 virum

2117 3218 2372 3272 conversio
2397 3227 2515 3280 tua,
2547 3226 2593 3269 et
2617 3215 2726 3285 ipse
2751 3217 2821 3268 tui
2847 3215 3190 3270 dominabitur
3213 3213 3367 3287 (Gen.
3393 3217 3448 3272 5.
3477 3215 3564 3282 16)
3594 3236 3606 3267 :
3640 3218 3737 3273 sic

2115 3311 2277 3367 etiam
2315 3309 2420 3365 hoc
2451 3309 2568 3364 loco
2599 3323 2721 3362 cum
2758 3317 2903 3362 esset
2929 3308 3124 3363 mulier
3149 3308 3321 3364 lidelis
3345 3349 3362 3374 ,
3391 3324 3511 3379 quae
3539 3311 3734 3365 virum

2119 3403 2344 3460 baberet
2380 3401 2680 3466 inﬁdelem,
2713 3401 2938 3456 salutem
2978 3401 3076 3456 viri
3119 3399 3330 3457 mulieri
3371 3401 3594 3456 credidit
3632 3401 3738 3459 liis

2121 3495 2300 3551 verbis
2325 3504 2479 3550 utens
2509 3509 2524 3548 :
2555 3491 2704 3548 Unde
2727 3493 2859 3546 enim
2883 3493 2999 3557 scis,
3034 3494 3237 3559 mulier,
3266 3509 3332 3547 an
3360 3495 3520 3546 virum
3547 3511 3739 3548 serm-

2120 3596 2235 3641 tura
2261 3587 2368 3642 sis?
2385 3585 2521 3653 Quid
2547 3585 2646 3639 hac
2675 3583 2792 3639 fieri
2816 3584 3274 3638 demonstratione
3292 3585 3490 3639 clarius
3516 3597 3736 3654 potesr,

2119 3687 2178 3732 ut
2203 3680 2511 3732 servitutem
2539 3684 2746 3730 constet
2770 3691 2876 3729 non
2903 3685 3146 3729 naturam
3165 3677 3446 3746 consequi,
3469 3677 3562 3730 sed
3593 3692 3737 3745 pec-

2119 3770 2342 3824 catum?
2386 3767 2500 3823 Hoc
2541 3767 2610 3822 de
2656 3767 2828 3821 servis
2868 3781 3083 3836 quoque
3127 3767 3232 3822 dici
3284 3777 3477 3836 potest.
3526 3767 3737 3822 Servus

2119 3873 2323 3916 vocatus
2355 3860 2450 3914 es?
2482 3858 2603 3913 Non
2630 3859 2695 3913 sit
2725 3858 2812 3912 tibi
2846 3874 2981 3913 rura
3006 3860 3023 3929 (
3046 3859 3092 3913 l.
3121 3858 3240 3914 Cor.
3271 3860 3325 3914 7.
3354 3861 3415 3914 2|
3447 3864 3483 3930 ).
3523 3861 3696 3914 Vides
3718 3905 3734 3926 ,

2121 3963 2178 4008 ut
2203 3968 2387 4008 rursus
2415 3951 2614 4006 nudum
2641 3965 2762 4005 esse
2786 3965 2982 4006 nomen
3008 3952 3282 4006 servitutis
3303 3951 3571 4015 ostendat,
3595 3969 3735 4009 cum

2120 4044 2289 4097 virtus
2314 4040 2577 4096 adfuerit?
2603 4039 2710 4094 Sed
2728 4049 2776 4092 et
2800 4041 2843 4093 si
2870 4049 3013 4110 potes
3036 4041 3150 4109 ﬁeri
3177 4041 3322 4106 liber,
3354 4045 3516 4112 magis
3535 4053 3685 4098 utere
3718 4061 3738 4098 :

2122 4134 2225 4187 hoc
2252 4142 2355 4193 est,
2389 4131 2650 4184 Permane
2687 4131 2864 4198 potius
2893 4130 2944 4183 in
2975 4131 3254 4185 servitute.
3287 4132 3458 4198 Quam
3488 4131 3562 4185 ob
3590 4145 3734 4186 eau-

2121 4224 2276 4279 sam?
2307 4223 2410 4294 Qui
2434 4223 2566 4274 enim
2593 4221 2647 4274 in
2680 4219 2902 4274 Domino
2937 4232 3141 4276 uocatus
3169 4233 3244 4276 est
3269 4238 3444 4276 servus
3463 4265 3479 4287 ,
3513 4224 3737 4278 libertus

2122 4325 2193 4368 est
2218 4312 2423 4368 Domini
2449 4311 2610 4379 (ibid.
2634 4326 2683 4364 tt.
2707 4311 2823 4382 29).
2852 4310 3016 4366 Vides
3040 4313 3264 4368 nomine
3283 4313 3400 4367 solo
3424 4323 3582 4368 tenus
3601 4329 3738 4370 es-e

2121 4405 2450 4466 servitutem,
2483 4417 2547 4458 re
2569 4410 2746 4457 autem
2775 4403 2886 4471 ipsa
2914 4403 3261 4460 libertatem?
3287 4403 3399 4458 Cur
3426 4420 3589 4474 porro
3611 4420 3739 4460 ser-

2122 4511 2246 4550 vum
2274 4509 2492 4550 manere
2527 4494 2804 4562 permisit?
2829 4492 2898 4548 Ut
2936 4494 3199 4550 libertatis
3240 4497 3604 4564 prtestsntiam
3629 4513 3734 4552 co-

2120 4599 2430 4655 gnosceres.
2465 4584 2597 4638 Nam
2636 4583 2774 4637 sicut
2808 4586 2974 4638 multo
3012 4585 3188 4654 majus
3223 4601 3288 4640 ac
3326 4586 3515 4656 majori
3554 4589 3736 4641 admi-

2123 4677 2329 4730 ratione
2365 4675 2582 4745 dignum
2626 4683 2710 4730 est
2754 4674 2920 4729 illtesa
2965 4688 3184 4730 servare
3227 4677 3390 4730 trium
3437 4692 3736 4745 puerorum

2123 4781 2347 4837 corpora
2379 4777 2626 4822 manente
2657 4765 2871 4821 fornace
2896 4808 2911 4832 ,
2942 4782 3103 4836 quam
3145 4769 3290 4822 illam
3329 4770 3683 4837 exstinguere
3719 4788 3733 4820 :

2122 4857 2203 4912 sic
2240 4857 2406 4911 multo
2445 4857 2617 4926 majus
2654 4865 2710 4911 et
2745 4856 3115 4912 admirabilius
3152 4867 3275 4925 est,
3310 4874 3472 4929 quam
3515 4859 3739 4915 solvere

2124 4951 2468 5014 servitutem,
2509 4958 2758 5005 manente
2798 4949 2882 5003 illa
2923 4949 3227 5005 libertatem
3257 4950 3572 5008 ostendere.
3606 4950 3741 5005 ideo

2123 5041 2258 5096 dixit
2279 5059 2296 5096 :
2316 5040 2384 5096 Et
2406 5042 2450 5095 si
2480 5050 2620 5111 potes
2647 5041 2760 5109 ﬁeri
2783 5041 2926 5105 liber,
2951 5043 3114 5112 magis
3143 5053 3324 5105 utero;
3353 5043 3456 5098 hoc
3479 5051 3586 5107 est,
3608 5043 3738 5097 Scr-

2125 5147 2224 5188 vus
2248 5146 2405 5188 mane
2433 5147 2449 5188 :
2475 5131 2809 5186 verissimam
2839 5135 2985 5186 enim
3016 5133 3263 5200 possides
3292 5133 3624 5188 libertatem.

2192 5223 2249 5277 Ω.
2282 5223 2443 5277 Visne
2461 5223 2513 5276 in
2536 5222 2936 5292 magistratibus
2959 5224 3128 5279 etiam
3155 5225 3296 5279 istud
3324 5209 3596 5282 cernere‘i
3621 5227 3740 5283 Rex

2126 5313 2226 5370 fuit
2255 5313 2768 5378 Nabuchodonosor,
2808 5316 2900 5386 qui
2932 5314 3208 5372 fornacem
3241 5332 3402 5386 quam
3431 5318 3738 5373 vehemen-

2128 5405 2333 5459 tissime
2357 5406 2562 5460 curavit
2602 5406 2858 5471 accendi,
2901 5422 2965 5461 ac
3000 5415 3112 5464 tres
3154 5423 3352 5477 pueros
3392 5408 3445 5461 in
3495 5408 3740 5462 medium

2128 5493 2340 5559 adduci,
2371 5495 2612 5564 juvenes,
2655 5495 2922 5562 desertos,
2973 5497 3122 5551 omni
3167 5497 3371 5552 auxilio
3415 5497 3736 5558 destitutos.

2129 5597 2337 5650 servos,
2377 5586 2638 5656 captivos,
2671 5595 2936 5641 extorres.
2968 5586 3036 5641 Et
3059 5586 3187 5656 quid
3219 5588 3336 5642 ait?
3377 5586 3442 5640 Si
3475 5602 3611 5653 rere,
3637 5587 3738 5642 So-

2133 5675 2276 5739 drac,
2311 5677 2494 5739 Miser,
2534 5676 2831 5747 Abdenago,
2853 5679 2973 5733 deos
3005 5696 3143 5734 meos
3165 5697 3268 5734 non
3296 5681 3491 5744 colitis,
3525 5690 3572 5734 et
3601 5681 3735 5732 ima-

2134 5767 2298 5835 ginem
2327 5785 2528 5823 auream
2555 5783 2706 5839 quam
2742 5771 2898 5823 statui
2928 5788 3028 5825 non
3066 5773 3292 5828 adoratis
3315 5771 3483 5848 (Dan.
3514 5775 3567 5830 5.
3609 5774 3693 5839 li)
3716 5772 3742 5820 τ
