3964 6436
328 367 444 423 59’)

990 477 1206 532 ΛΟΓΟΣ
1233 477 1306 531 E‘.

332 625 465 685 Ὅτι
498 631 570 684 οὐ
598 628 696 680 διὰ
724 628 830 679 τόν
875 626 1054 696 Ἀδὰμ
1086 625 1450 696 κολαζόμεθά
1470 667 1486 689 ,
1520 626 1618 678 καὶ
1657 626 1745 678 ὅτι
1780 624 1912 696 μεὶ-

402 699 539 760 ζονα
571 696 691 751 τῶν
729 697 804 749 δι’
851 693 1086 750 ἐκείνου
1125 693 1584 764 εἰσενεχθέντων
1618 693 1904 764 λυπηρῶν

404 769 476 822 τὰ
509 767 758 836 χρηστὰ,
788 766 896 820 ἐὰν
927 765 1159 836 ἑαυτοῖς
1187 763 1573 836 προσέχωμεν
1591 782 1603 794 '
1628 765 1724 818 καὶ
1756 763 1905 816 κατὰ

401 838 520 893 τῶν
533 833 1038 905 ξηιρατρεχόντων
1059 835 1201 902 τοὺς
1227 833 1509 902 πένητας.

403 1010 470 1057 α’.
489 1002 676 1071 Ὑμεῖς
696 1000 794 1070 μέν
810 1001 939 1064 ἴσως
950 999 1196 1070 νομίζετε
1220 1000 1310 1053 τὸν
1324 1000 1569 1070 περὶτῆς
1589 999 1908 1061 δεσποτείας

323 1093 466 1161 ἡμῖν
501 1091 716 1144 ἅπαντα
769 1087 1102 1159 ἁπηρτίσθαι
1151 1089 1308 1155 λόγον
1337 1104 1353 1117 ο
1393 1085 1504 1156 ἐγὼ
1534 1087 1589 1140 δὲ
1617 1086 1696 1140 ἔτι
1739 1087 1907 1140 πολὺν

318 1178 440 1245 δρῶ
470 1178 560 1231 τὸν
589 1175 801 1246 καρπὸν
831 1175 890 1226 ἐν
919 1173 1067 1243 αὐτῷ
1092 1173 1433 1243 φαινόμενον.
1472 1173 1633 1227 Ἀλλά
1668 1173 1741 1244 μὴ
1769 1175 1907 1226 ἀπο-

320 1266 542 1334 κάμητε
561 1303 576 1326 ,
619 1259 922 1333 παρακαλῶ
947 1301 961 1324 ,
993 1261 1098 1323 ἕως
1131 1260 1293 1314 αὐτόν
1315 1260 1532 1314 ᾶπαντα
1561 1262 1909 1332 ἐκτρυγήσω-

324 1368 450 1420 μεν.
483 1351 593 1404 Καὶ
621 1350 729 1420 γάρ
769 1350 822 1401 οί
853 1348 1126 1416 φιλόπονοι
1150 1347 1257 1401 τῶν
1279 1349 1540 1419 γεωργῶν
1575 1349 1701 1402 ὅταν
1727 1349 1906 1402 ίδωσιν

319 1438 570 1507 ἄμπελον
606 1436 819 1499 πολλοῖς
855 1436 952 1504 μὲν
985 1438 1096 1498 τοῖς
1127 1437 1342 1504 φύλλοις
1377 1437 1637 1507 κομῶσαν
1659 1481 1672 1501 ,
1725 1437 1906 1507 πολλῷ

319 1525 380 1578 δὲ
411 1525 488 1594 τῷ
512 1523 711 1596 καρπῷ
744 1522 1068 1594 βριθομένην
1093 1563 1108 1588 ,
1138 1523 1260 1593 οὐχὶ
1292 1526 1418 1588 τοὺς
1449 1523 1647 1588 ἔξωθεν
1676 1524 1906 1596 βότρυας

320 1614 650 1683 ἐκτέμνουσι
705 1611 862 1682 μόνον
888 1649 902 1673 ,
946 1609 1082 1663 ἀλλά
1125 1611 1218 1663 καὶ
1262 1609 1522 1680 ἐνδοτέρω
1561 1612 1794 1682 χωροῦσι
1837 1612 1906 1664 τά

323 1699 586 1769 κλήματα
623 1697 996 1760 ἀνακλῶντες,
1029 1698 1122 1750 καὶ
1152 1695 1220 1749 τά
1254 1697 1428 1766 φύλλα
1460 1697 1902 1763 ἀναστέλλοντες,

321 1789 469 1840 ὥστε
492 1786 628 1858 μηδὲ
654 1784 859 1856 μικράς
876 1785 1150 1854 σταφυλῆς
1186 1787 1359 1855 ῥᾶγας
1385 1786 1491 1838 ὑπὸ
1517 1789 1629 1848 τοῖς
1655 1787 1906 1852 πετάλοις

321 1875 715 1946 κρυπτομένας
773 1874 974 1927 λαθεῖν.
1041 1873 1132 1943 Μὴ
1182 1874 1359 1926 τοίνυν
1421 1875 1644 1927 ἐκείνων
1699 1875 1904 1945 φανῆτε

322 1961 710 2034 ῥᾳθυμότεροι,
745 1959 878 2029 μηδὲ
907 1959 1200 2029 ἀποστῆτε,
1239 1959 1343 2022 ἓως
1371 1959 1440 2013 ἂν
1463 1961 1524 2012 τὸ
1551 1961 1660 2014 πᾶν
1681 1960 1902 2030 λάϐητεο

322 2050 423 2102 καὶ
451 2048 704 2118 μάλιστα,
728 2047 811 2100 ὅτι
830 2047 860 2100 ό
887 2045 986 2116 μέν
1007 2045 1164 2109 πόνος
1196 2045 1346 2115 ἐμὸς,
1382 2048 1410 2098 ό
1443 2046 1498 2099 δὲ
1530 2047 1742 2119 καρπὸς
1774 2047 1908 2116 ὑμέο

319 2148 506 2202 τερος.

399 2287 869 2357 Κατηγορήσαμεν
893 2285 1020 2356 χθὲς
1041 2285 1148 2340 τῶν
1170 2286 1462 2355 γυναικῶν,
1490 2288 1689 2358 μᾶλλον
1711 2290 1767 2342 δὲ
1787 2291 1907 2359 οὐχὶ

321 2373 434 2425 τῶν
463 2371 757 2440 γυναικῶν,
789 2371 924 2425 ἀλλά
950 2374 1050 2444 τῆς
1074 2372 1236 2437 Εὔας,
1269 2377 1349 2427 ὅτι
1382 2375 1472 2429 διά
1501 2377 1599 2446 τῆς
1634 2377 1907 2447 ἁμαρτίας

319 2461 424 2531 τὴν
473 2459 716 2514 δουλείαν
766 2461 1080 2531 εἰσήγαγεν.
1138 2461 1356 2515 Εἴποιεν
1416 2463 1481 2516 ἂν
1539 2465 1594 2516 αἱ
1649 2468 1906 2532 γυναῖκες

328 2550 459 2619 ἡμῖν
490 2547 670 2611 στίνος
702 2541 798 2600 06v
829 2546 1034 2612 ἕνεκεν,
1062 2549 1276 2618 ἐκείνης
1304 2551 1718 2622 ἀμᾱρτησάσης’
1748 2553 1907 2621 ἡμεῖς

326 2631 842 2704 κατεδικάσθημεν,
897 2633 990 2686 καὶ
1034 2633 1096 2686 τὸ
1146 2634 1242 2703 μὲν
1290 2636 1642 2706 παράπτωμα
1689 2637 1908 2704 γέγονεν

324 2719 449 2782 ἐνὸς
482 2717 775 2790 προσώπου
798 2757 812 2782 ,
849 2719 909 2772 τὸ
948 2718 1004 2771 δὲ
1046 2719 1297 2790 ἔγκλημα
1337 2722 1513 2774 κοινὴν
1556 2723 1655 2790 τῆς
1695 2723 1908 2791 φύσεως

329 2805 582 2876 ἁπάσης;
618 2805 788 2859 Τοῦτο
816 2806 909 2860 καὶ
931 2805 1104 2860 δοῦλοι
1131 2806 1332 2860 εἴποιεν
1355 2806 1420 2861 ἀν
1440 2819 1452 2830 ⁸
1480 2805 1545 2860 Τί
1568 2809 1790 2878 δήποτε,
1813 2809 1906 2864 τοῦ

326 2891 555 2946 Χαναὰν
587 2892 668 2957 εἰς
719 2892 810 2946 τὸν
859 2893 1072 2963 πατέρα
1098 2893 1416 2964 ὑϐρίσαντος
1440 2934 1455 2958 ,
1487 2893 1554 2948 τά
1603 2895 1702 2963 τῆς
1735 2913 1908 2963 τιμω-

326 2979 454 3052 ρίας
482 2981 562 3043 εἰς
594 2979 741 3034 ἅπαν
767 2979 915 3052 διέϐη
949 2980 1009 3034 τὸ
1036 2981 1220 3049 γένος;
1256 2981 1366 3036 Καὶ
1409 2983 1457 3036 οἱ
1491 2983 1615 3046 τοὺς
1642 2982 1909 3054 ἄρχοντας

321 3064 389 3120 δέ
419 3065 740 3136 φοδούμενοι
762 3066 921 3120 10610
944 3067 1010 3122 ἂν
1036 3067 1370 3121 αἰτιάσαιντο
1393 3084 1406 3098 ·
1433 3066 1497 3120 Τί
1521 3068 1721 3137 δήποτε
1743 3110 1756 3129 .
1796 3070 1910 3124 ἐτέ-

322 3171 440 3225 ρων
462 3155 520 3205 ὲν
548 3153 782 3224 πονηρία
805 3153 1106 3224 ζησάντων,
1130 3154 1287 3210 αὐτοὶ
1313 3153 1391 3226 τῷ
1426 3153 1576 3224 ζυγῷ
1604 3158 1701 3226 τῆς
1735 3157 1908 3227 ἀρχῆς

326 3239 736 3312 παρεδόθησαν;
764 3240 830 3293 Τί
854 3235 948 3293 οὖν
974 3238 1041 3296 ἂν
1066 3241 1312 3310 εἴποιμεν
1344 3241 1508 3312 ἡμεῖς
1537 3242 1671 3312 πρὸς
1691 3243 1909 3308 τούτους

323 3328 611 3391 ᾶπανταςδ
636 3327 753 3382 Μία
777 3326 885 3397 γὰρ
914 3325 1066 3382 ἐσται
1088 3327 1305 3384 πάντων
1331 3327 1662 3399 ζητημάτων
1685 3329 1904 3400 ἡλύσις·

321 3414 412 3468 ὅτι
437 3415 687 3484 ἥμαρτον
712 3415 811 3483 μέν
831 3415 882 3469 οί
911 3412 1188 3485 πρότεροι,
1206 3414 1300 3466 καὶ
1330 3412 1418 3467 διὰ
1436 3413 1534 3484 τῆς
1566 3415 1771 3478 οἰκείας
1806 3433 1910 3469 πα-

325 3501 535 3572 ρακοῆς
583 3501 683 3571 τὴν
731 3499 974 3553 δουλείαν
1024 3499 1316 3569 εἰσήγαγον
1345 3516 1359 3529 -
1396 3500 1742 3571 εἰσαχθεῖσαν
1771 3503 1828 3556 δὲ
1860 3505 1909 3556 οἱ

325 3585 486 3659 [665]
517 3586 656 3656 μετά
678 3585 853 3638 ταῦτα
881 3588 1001 3648 ταῖς
1029 3587 1158 3657 παρ’
1193 3585 1400 3640 ἑαυτῶν
1431 3587 1716 3659 ἐκύρωσαν
1743 3591 1912 3662 ἁμαρ-

322 3674 494 3737 τίαις.
539 3672 604 3726 Εἰ
650 3673 747 3742 μὲν
789 3671 898 3741 γάρ
936 3671 1110 3743 ἔχοιεν
1153 3672 1381 3734 ἑαυτοὺς
1416 3671 1584 3739 δείξαι
1623 3675 1912 3738 διαπαντὸς

325 3759 744 3831 ἁμαρτημάτων
788 3757 946 3820 ὄντας
991 3758 1262 3831 καθαροὺς
1283 3798 1298 3818 .
1352 3758 1482 3825 ίσως
1523 3761 1590 3816 ἂν
1621 3761 1705 3831 είη
1729 3763 1912 3826 αὐτοῖς

325 3845 515 3910 καλῶς
564 3845 739 3899 δοκεῖν
791 3844 1091 3912 ἀντιλέγειν
1117 3859 1130 3873 ⁸
1161 3843 1210 3897 εἰ
1254 3845 1309 3897 δὲ
1352 3846 1447 3900 καὶ
1490 3848 1646 3900 αὐτοὶ⁸
1696 3848 1912 3911 πολλοῖς

324 3933 471 3986 εἰσιν
493 3931 788 4002 ἐπιτιμίοις
816 3930 1127 3995 ὑπεύθυνοι,
1151 3931 1380 4002 περιττά
1409 3933 1476 3986 τά
1497 3935 1596 4004 τῆς
1619 3934 1912 3998 ἀπολογίας

323 4020 534 4090 ταύτης
577 4021 745 4074 ἐστίν.
805 4018 945 4088 Ἐγὼ
975 4020 1084 4092 γάρ
1114 4019 1213 4073 οὐκ
1249 4016 1402 4072 εἷπον
1423 4061 1438 4084 ,
1484 4021 1567 4074 ὅτι
1619 4021 1719 4092 ἤδη
1752 4023 1910 4093 μὲνὴ

326 4106 576 4178 ἁμαρτία
595 4107 837 4161 δουλείαν
861 4107 959 4160 οὐκ
989 4108 1216 4176 εἰσάγει,
1247 4107 1359 4160 ἀλλ’
1390 4109 1471 4160 ὅτι
1498 4111 1646 4162 πᾶσα
1670 4109 1912 4180 ἁμαρτία

325 4193 544 4265 δουλείᾳ
571 4193 1042 4265 συγκεκλήρωται,
1077 4192 1171 4246 καὶ
1201 4193 1362 4264 φύσιν
1392 4193 1684 4268 ἁμαρτίας,
1715 4194 1776 4246 06
1799 4195 1913 4248 6m-

330 4280 510 4352 φοράν
532 4279 800 4353 ἁμαρτίας
820 4279 1132 4352 ᾐτιασάμην
1155 4278 1332 4350 μόνον.
1354 4281 1563 4352 Ὠσπερ
1586 4276 1678 4334 οὖν
1700 4281 1912 4334 ἅπαντα

335 4373 439 4441 μὲν
491 4373 559 4426 τά
615 4371 810 4424 ἀνίατα
870 4371 1152 4440 νοσήματα
1207 4372 1286 4434 είς
1344 4369 1770 4444 θάνατον-ἀγει,
1817 4373 1915 4444 οὐχ

331 4461 552 4518 ἅπαντα
601 4462 656 4515 δὲ
707 4461 807 4529 τῆς
852 4460 1021 4530 αὐτῆς
1065 4462 1180 4513 ἐστι
1231 4460 1444 4528 φύσεως
1476 4478 1488 4490 ·
1520 4443 1662 4515 οὕτω
1710 4463 1804 4514 καὶ
1847 4443 1917 4514 τά

331 4555 711 4625 ἁμαρτήματα
737 4555 951 4610 ἅπαντα
977 4553 1076 4623 μὲν
1097 4553 1338 4610 δουλείαν
1367 4554 1560 4619 τίκτει,
1577 4556 1676 4626 οὐχ
1703 4555 1916 4609 ἅπαντα

327 4647 394 4698 δὲ
421 4645 520 4715 τῆς
549 4644 720 4714 αὐτῆς
748 4645 864 4696 ἐστι
901 4642 1136 4712 φύσεως.
1169 4643 1454 4715 Ἦμαρτεν
1473 4646 1505 4715 ἡ
1523 4644 1635 4700 Εὕα
1663 4645 1914 4717 ἁψαμένη

334 4731 433 4784 106
487 4731 678 4798 ξύλου,
726 4731 821 4784 καὶ
868 4729 1164 4801 κατεκρίθη
1215 4730 1282 4784 δι’
1332 4731 1482 4786 αὐτό.
1527 4732 1625 4784 Διά
1649 4731 1806 4785 τοῦτο
1841 4732 1916 4803 μὴ

333 4818 662 4890 ἁμαρτήσῃς
697 4817 761 4870 σὺ
793 4815 954 4872 πάλιν
985 4815 1176 4884 ἑτέραν
1207 4816 1338 4878 ἴσως
1383 4817 1596 4889 ἐκείνης
1643 4819 1918 4891 ἁμαρτίαν

334 4909 746 4980 χαλεπωτέραν.
777 4908 947 4962 Τοῦτο
974 4907 1068 4960 καὶ
1093 4908 1186 4960 ἐπὶ
1203 4906 1313 4959 τῶν
1328 4906 1528 4962 δούλων
1551 4908 1698 4972 ἄξιον
1719 4911 1916 4973 εἰπεῖν,

334 4999 496 5054 τοῦτο
527 5000 621 5054 καὶ
662 5000 755 5054 ἐπὶ
792 4998 898 5053 τῶν
936 4998 1252 5069 ἀρχομένων
1277 5039 1290 5062 ,
1318 4999 1399 5051 ὅτι
1428 4999 1718 5070 εἰσήγαγον
1745 5001 1842 5070 μέν
1870 5001 1918 5056 οἱ

337 5091 548 5164 πρῶτοι
576 5091 674 5161 τὴν
706 5090 1001 5160 ἁμαρτίαν,
1027 5091 1076 5142 οί
1103 5089 1159 5144 δὲ
1193 5089 1308 5159 μετ’
1341 5090 1582 5153 ἐκείνους
1601 5090 1919 5160 διαδεξάμε-

335 5201 424 5239 νοι
478 5184 742 5254 κατέσχον
791 5183 890 5251 τῆς
948 5179 1265 5244 δεσποτείας
1316 5181 1415 5252 τὴν
1467 5181 1693 5254 δύναμιν
1735 5183 1802 5235 δι’
1847 5174 1922 5237 ὧν

335 5275 789 5346 ἐπλημμέλησαν.
819 5275 967 5344 Ἐχω
989 5274 1084 5328 καὶ
1116 5275 1314 5344 ἑτέρως
1343 5272 1813 5343 ἀπολογήσασθαι·
1840 5274 1922 5329 ὅτι.

337 5367 527 5421 πολλοὶ
547 5366 681 5438 πρὸς
709 5363 907 5436 ἀρετὴν
933 5364 1316 5427 ἐπανελθόντες
1338 5403 1354 5426 ,
1392 5364 1782 5434 ἀπηλλάγησαν
1824 5366 1923 5435 τῆς

336 5456 680 5518 δεσποτείας.
735 5455 845 5507 Καὶ
871 5453 1163 5524 πρότερον,
1199 5455 1246 5505 εί
1277 5452 1452 5515 δοκεῖ,
1481 5453 1572 5506 ἐπὶ
1601 5453 1710 5506 τῶν
1735 5470 1922 5520 γυναι-

344 5546 458 5600 κῶν
485 5548 574 5598 τὸν
604 5543 762 5611 λόγον
783 5543 1148 5613 γυμνάσωμεν
1169 5585 1181 5604 ,
1219 5544 1283 5595 ἵν’
1319 5544 1433 5615 ἴδῃς
1459 5543 1575 5606 πῶς
1600 5546 1628 5596 ό
1653 5545 1921 5614 μακάριος

345 5636 556 5698 Παῦλος
580 5675 595 5697 ,
627 5637 657 5686 ό
688 5634 931 5705 περιθεὶς
966 5633 1157 5697 αύταϊς
1196 5633 1266 5686 τὰ
1312 5633 1488 5703 δεσμά
1509 5673 1525 5696 ,
1574 5635 1735 5698 αὐτὸς
1781 5636 1921 5689 αὐτὰ

351 5725 506 5780 πάλιν
536 5725 723 5791 ἀνῆκε.
757 5725 826 5780 Εἴ
855 5743 942 5790 τις
981 5723 1156 5793 γυνὴ,
1195 5725 1378 5794 φησὶν,
1413 5723 1601 5794 ἄνδρα
1628 5726 1750 5795 ἔχει
1780 5729 1914 5781 ἀπι-

1534 363 1600 417 ΙΝ
1637 363 1939 418 GENESIM
1972 361 2204 420 SEBMO
2244 364 2307 418 V.

3475 379 3587 435 (30!)

2011 493 2181 540 ator,
2209 478 2305 530 καί
2325 478 2506 542 αὐτὸς
2534 476 2892 531 συνευδοκεῖ
2910 474 3098 530 οἰκεῖν
3117 478 3246 545 μετ’
3275 476 3484 543 αὐτῆς,
3497 477 3588 544 μὴ

2007 564 2224 633 ἀφιέτω
2251 565 2457 619 αὐτόν.
2486 564 2585 618 Διά
2610 566 2662 616 τί
2678 583 2693 630 ;
2725 564 2790 618 Τί
2808 565 2918 634 γὰρ
2944 563 3111 629 οἶδας
3130 604 3144 626 ,
3176 566 3370 633 γύναι,
3401 567 3450 617 εί
3481 563 3584 616 τὸν

2008 650 2196 718 ἄνδρα
2222 651 2479 717 σώσεις;
2503 653 2614 706 Καὶ
2632 651 2769 715 πῶς,
2788 653 2942 721 φησὶ,
2967 652 3190 716 δύναται
3224 649 3396 703 σῶσαι
3426 650 3585 721 γονης

2007 738 2341 792 Διδάσκουσα
2365 779 2380 802 ,
2405 739 2718 809 κατηχοῦσα
2737 780 2752 803 ,
2779 739 3049 806 ἐνάγουσα
3081 738 3219 808 πρὸς
3243 738 3335 789 τὸν
3364 736 3466 806 τῆς
3499 740 3580 788 εὑ-

2011 824 2226 887 σεδείας
2253 825 2429 893 λόγον.
2449 825 2638 878 Καίτοι
2656 825 2802 894 χθὲς,
2819 819 2864 878 ὦ
2889 825 3122 894 μακάριε
3150 823 3349 886 Παῦλε,
3381 823 3585 890 ἔλεγες,

2007 912 2089 964 ὅτι
2135 912 2384 964 Puram!
2432 912 2743 965 διδάσκειν
2791 916 2900 966 οὐκ
2942 911 3252 978 ἐπιτρέπω.
3317 911 3438 974 Πῶς
3493 906 3586 963 οὖν

2009 1000 2173 1052 πάλιν
2202 1000 2519 1053 διδάσκαλον
2553 1002 2720 1072 αὐτὴν
2753 1005 2923 1066 ποιεῖς
2955 1001 3048 1054 106
3071 1001 3292 1071 άνδρός;
3315 1000 3451 1069 Οὐχὶ
3477 1016 3586 1069 μα-

2009 1085 2236 1157 χόμενος
2268 1086 2488 1157 ἐμαυτῷ
2510 1087 2665 1140 τοῦτο
2693 1087 2850 1152 ποιῶ,
2898 1087 3032 1141 ἀλλά
3073 1088 3168 1139 καὶ
3203 1087 3408 1156 σφόδρα
3445 1101 3584 1155 συμ-

2009 1172 2221 1242 φωνῶν.
2246 1173 2445 1225 ’Ἄκουε
2473 1173 2602 1242 γοῦν
2635 1178 2727 1226 καὶ
2756 1174 2900 1238 τίνος
2922 1174 3107 1226 ἐνεκεν
3137 1173 3307 1242 αὐτὴν
3339 1172 3582 1238 ἐξέϐαλε,

2009 1261 2102 1311 καὶ
2124 1259 2265 1322 τίνος
2295 1260 2483 1312 ἕνεκεν
2513 1260 2680 1330 αὐτὴν
2718 1260 2876 1313 πάλιν
2907 1260 3169 1327 ἐπανάγει
3200 1259 3333 1328 πρὸς
3362 1258 3452 1310 τὸν
3483 1258 3583 1327 τῆς

2007 1346 2356 1410 διδασκαλίας
2397 1347 2604 1419 θρόνον,
2653 1349 2738 1400 ἵνα
2789 1347 2964 1419 μάθῃς
2995 1347 3094 1418 τὴν
3122 1345 3332 1400 Παύλου
3371 1345 3584 1413 σοφίαν.

2008 1433 2373 1497 Διδωκέτω,
2434 1435 2632 1504 φησὶν,
2667 1438 2699 1487 ό
2740 1433 2913 1502 ἀνὴρ.
2976 1433 3073 1486 Διά
3119 1433 3205 1496 τί;
3266 1435 3386 1486 Οὐκ
3427 1432 3584 1500 ἠπα-

2006 1521 2158 1590 τήθη
2219 1521 2351 1591 γάρ.
2433 1522 2608 1591 Ἀδὰμ
2646 1521 2793 1591 γὰρ,
2854 1524 3048 1592 φησὶν,
3125 1523 3235 1574 οὐκ
3283 1519 3582 1587 ἠπατήθη.

2007 1607 2398 1672 Μανθανέτω,
2441 1609 2639 1679 φησὶν,
2685 1610 2722 1674 τ’]
2759 1606 2936 1678 γυνή.
2989 1607 3087 1660 Διά
3134 1607 3221 1670 τί;
3279 1605 3584 1672 Ἡπατήθη

2005 1693 2135 1764 γάρ.
2175 1695 2237 1747 'H
2265 1695 2404 1766 γυνὴ
2447 1697 2576 1765 γὰρ,
2607 1697 2789 1764 φησὶν,
2819 1694 3162 1763 άπατηθεῖσα
3189 1695 3246 1746 ἐν
3276 1693 3586 1763 παραϐάσει

2006 1781 2252 1848 γέγονεν.
2317 1781 2581 1834 Ἐνταῦθα
2625 1781 2680 1833 δὲ
2721 1781 2782 1834 τὸ
2825 1779 3088 1834 ἐναντίον.
3144 1781 3311 1832 Ὅταν
3344 1779 3441 1848 μὲν
3478 1777 3586 1848 γὰρ

2007 1868 2234 1929 ἄπιστος
2280 1864 2314 1942 ᾖ
2363 1870 2392 1920 ό
2439 1868 2598 1939 ἀνὴρ,
2654 1869 2819 1937 πιστὴ
2863 1867 2918 1919 δὲ
2975 1867 3008 1936 ἡ
3062 1864 3220 1935 γυνὴ,
3266 1865 3583 1925 διδασκέτω,

2007 1954 2204 2023 φησὶν,
2245 1955 2278 2024 ἡ
2322 1954 2476 2023 γυνή.
2526 1953 2624 2005 Διά
2659 1954 2748 2016 τί;
2783 1953 2906 2005 Ὅτι
2938 1951 3038 2004 οὐκ
3066 1952 3339 2021 ἠπάτηται
3367 1966 3381 1982 ο
3419 1951 3584 2022 πιστὴ

2005 2043 2113 2112 γάρ
2139 2045 2275 2098 ἐστι.
2308 2042 2639 2096 Μανθανέτω
2669 2042 2842 2094 τοίνυν
2883 2041 2912 2091 ό
2937 2041 3074 2110 ἀνήρ
3101 2052 3114 2067 ⁸
3148 2038 3402 2108 ἠπατήθη
3433 2039 3542 2109 γάρ
3555 2054 3582 2104 ,⁸

2006 2127 2232 2190 ἄπιστος
2273 2129 2380 2198 γάρ
2414 2129 2583 2181 ἐστιν.
2640 2126 3010 2197 Ἀντεστράφη
3034 2163 3048 2188 ,
3082 2126 3243 2195 φησὶ,
3275 2124 3344 2176 τὰ
3373 2126 3468 2195 τῆς
3505 2125 3586 2176 δι-

2006 2214 2302 2276 δασκαλίας
2330 2229 2344 2243 ·
2376 2213 2766 2284 ἀντεπράφθω
2799 2213 2983 2264 λοιπὸν
3022 2212 3118 2264 καὶ
3153 2211 3224 2262 τὰ
3263 2211 3362 2279 τῆς
3397 2211 3588 2264 δεσπο-

2006 2302 2176 2364 τείας.
2218 2297 2368 2364 Εῐδες
2405 2301 2522 2362 πῶς
2568 2299 2844 2368 πανταχοῦ
2896 2300 2957 2350 ού
3007 2301 3074 2368 τῇ
3122 2297 3279 2366 φύσει
3304 2337 3319 2359 ,
3354 2297 3488 2350 ἀλλὰ
3520 2301 3585 2368 τῇ

2007 2390 2191 2462 ἀπάτῃ
2219 2390 2311 2442 καὶ
2332 2392 2398 2460 τῇ
2430 2391 2673 2459 ἁμαρτίᾳ
2697 2390 2938 2442 δείκνυσι
2967 2389 3068 2458 τὴν
3099 2389 3343 2441 δουλείαν
3370 2387 3589 2439 ἀκολου-

2007 2471 2429 2542 θοῦσανςἮλθε
2466 2476 2648 2528 τοίνυν
2699 2476 2836 2544 πρὸς
2881 2476 2980 2545 τὴν
3031 2477 3263 2541 γυναῖκα
3314 2476 3347 2543 ἡ
3403 2475 3584 2543 ἀπάτη

2006 2561 2158 2628 παρὰ
2185 2561 2285 2632 τὴν
2314 2562 2509 2632 ἀρχὴν,
2544 2562 2879 2632 ἠκολούθησε
2908 2565 2974 2632 τῇ
3009 2563 3194 2633 ἀπάτῃ
3225 2564 3258 2631 ἡ
3293 2561 3540 2630 ὑποταγή
3567 2573 3582 2588 ⁸

2010 2651 2244 2721 μετέστη
2270 2649 2405 2718 μετὰ
2429 2648 2599 2701 ταῦτα
2621 2650 2756 2720 πρὸς
2775 2649 2866 2702 τὸν
2881 2650 3046 2718 ἄνδρα
3063 2652 3096 2719 ἡ
3117 2650 3321 2719 ἀπάτη,
3351 2649 3587 2717 μετέστη

2007 2736 2100 2789 καὶ
2123 2738 2156 2806 ὴ
2179 2737 2442 2806 ύποταγή.
2463 2737 2571 2789 Καὶ
2589 2735 2840 2806 καθάπερ
2857 2738 2912 2789 ὲν
2933 2738 3073 2806 ἀρχῇ
3095 2736 3173 2805 τῷ
3192 2736 3343 2806 ἀνδρὶ
3363 2735 3459 2805 τὴν
3483 2751 3588 2786 σω-

2004 2841 2070 2896 τη
2081 2825 2199 2896 ρίαν
2211 2827 2310 2895 τῆς
2325 2826 2580 2893 γυναικὸς
2594 2826 2990 2889 ἐνεπίστευσεν,
3005 2826 3190 2894 ἐπειδὴ
3207 2826 3304 2877 οὐκ
3316 2825 3585 2894 ἡπάτητο,

2007 2913 2204 2964 οὑτωσὶ¹
2237 2911 2411 2979 λέγων
2431 2951 2446 2971 ,
2479 2913 2632 2980 Πρὸς
2659 2913 2766 2966 τὸν
2787 2913 2977 2980 ἄνδρα
3005 2929 3122 2966 σου
3146 2913 3184 2978 ἡ
3234 2910 3586 2979 ἀποστροφή

2009 3015 2144 3068 σου,
2161 2997 2258 3052 καί
2281 2999 2459 3064 αὐτός
2482 3014 2597 3052 σου
2615 3000 2917 3066 κυριεύσει
2934 3015 2947 3028 ·
2969 2999 3109 3052 οὕτω
3133 3001 3226 3052 καὶ
3242 2999 3470 3052 ἐνταῦθα
3494 2999 3589 3050 ἐπὶ

2008 3086 2106 3156 τῆς
2136 3085 2332 3155 πιστῆς
2359 3085 2459 3155 τῆς
2486 3085 2574 3138 τὸν
2596 3085 2823 3139 ἄπιστον
2853 3086 3018 3157 ἄνδρα
3049 3085 3280 3157 ἐχούσης
3303 3127 3318 3150 ,
3349 3085 3445 3156 τὴν
3480 3103 3586 3138 σω-

2007 3171 2203 3245 τηρίαν
2251 3171 2346 3224 τοῦ
2393 3172 2582 3241 ἀνδρὸς
2622 3173 2942 3244 ἐμπιστεύει
2978 3175 3044 3243 τῇ
3095 3174 3334 3241 γυναικὶ,
3363 3172 3534 3240 λέγων
3569 3189 3585 3203 ο

2010 3259 2160 3330 [666]
2197 3259 2256 3314 Τί
2288 3259 2397 3328 γὰρ
2433 3255 2618 3324 οἶδας,
2660 3261 2856 3328 γύναι,
2890 3262 2941 3314 εί
2972 3260 3079 3313 τὸν
3109 3259 3296 3326 ἄνδρα
3336 3259 3588 3324 σώσεις;

2009 3346 2076 3401 Τί
2106 3345 2306 3415 ταύτης
2333 3346 2434 3415 τῆς
2461 3346 2784 3408 ἀποδείξεως
2808 3347 3138 3418 σαφέστερον
3168 3347 3358 3415 γένοιτ’
3378 3347 3463 3410 ἂν,
3491 3345 3589 3397 τοῦ

2011 3433 2086 3502 μὴ
2111 3435 2178 3503 τῇ
2211 3432 2370 3500 φύσει
2391 3432 2486 3502 τὴν
2507 3431 2770 3494 δουλείαν,
2805 3433 2942 3486 άλλά
2965 3437 3028 3502 τῇ
3053 3433 3295 3502 ἁμαρτίᾳ
3318 3432 3544 3486 ἕπεσθαι
3567 3449 3585 3497 ;

2009 3519 2180 3573 Τοῦτο
2227 3519 2321 3571 καὶ
2369 3519 2462 3570 ἐπὶ
2514 3518 2621 3570 τῶν
2669 3518 2870 3572 δούλων
2923 3518 3068 3572 ἐστιν
3124 3521 3316 3571 εἰπεῖν.
3363 3518 3588 3582 Δοῦλος

2008 3607 2271 3675 ἐκλήθης
2288 3625 2309 3672 ;
2329 3607 2422 3674 Μή
2454 3623 2553 3660 σοι
2571 3607 2820 3675 μελέτω.
2851 3608 3013 3679 Ὀρᾷς
3032 3608 3148 3670 πῶς
3171 3608 3328 3660 πάλιν
3349 3607 3588 3660 δείκνυσι

2008 3693 2162 3762 ψιλὸν
2189 3692 2360 3762 ὄνομα
2405 3695 2504 3763 τὴν
2543 3693 2787 3746 δουλείαν
2817 3689 2985 3747 οὖσαν
3003 3735 3018 3758 ,
3048 3695 3175 3748 ὅταν
3200 3695 3368 3764 ἀρετὴ
3399 3695 3587 3764 παρῇ;

2024 3779 2177 3834 Ἀλλ’
2210 3782 2263 3832 εί
2292 3779 2389 3832 καί
2427 3779 2680 3834 δύνασαι
2707 3782 3020 3849 ἐλεύθερος
3039 3781 3333 3852 γενέσθαι,
3353 3780 3592 3850 μᾶλλον

2011 3864 2254 3933 χρῆσαι,
2290 3866 2560 3930 τουτέστι,
2621 3867 2821 3938 μᾶλλον
2866 3869 2992 3937 μένε
3021 3869 3080 3921 ἐν
3110 3870 3176 3938 τῇ
3209 3868 3438 3938 δουλείᾳ.
3490 3867 3590 3919 Διά

2011 3954 2098 4018 τί;
2137 3954 2200 4005 '0
2224 3953 2332 4022 γὰρ
2354 3953 2424 4006 ἐν
2455 3955 2648 4021 Κυρίῳ
2684 3956 2929 4022 κληθεὶς
2970 3954 3222 4020 δοῦλος,
3268 3955 3589 4007 ἀπελεύθε-

2005 4058 2115 4110 ρος
2145 4042 2364 4110 Κυρίου
2410 4041 2602 4095 ἐστίν.
2649 4038 2801 4105 Εἶδες
2861 4043 3021 4112 μέχρι
3069 4043 3438 4112 προσηγορίας
3490 4041 3588 4110 τὴν

2013 4127 2255 4182 δουλείαν
2278 4168 2292 4188 ,
2322 4128 2379 4180 ἐν
2408 4128 2487 4198 τῷ
2525 4128 2811 4200 πράγματι
2840 4129 2894 4182 δὲ
2929 4130 3027 4197 τὴν
3054 4128 3400 4199 ἐλευθερίαν;
3431 4127 3586 4190 Τίνος

2013 4213 2070 4267 δὲ
2107 4216 2292 4268 ’ἐνεκεν
2327 4215 2505 4286 ἀφῆκε
2548 4216 2728 4286 μένειν
2756 4215 2972 4283 δοῦλον;
3005 4216 3124 4269 ’Ίνα
3152 4218 3250 4286 τῆς
3283 4215 3590 4286 ἐλευθερίας

2018 4303 2196 4378 μάθῃς
2237 4305 2335 4375 τὴν
2384 4305 2719 4375 περιουσίαν.
2763 4305 2972 4376 Ὠσπερ
3010 4305 3118 4375 γάρ
3144 4304 3239 4358 106
3272 4305 3459 4357 σϐέσαι
3492 4306 3590 4374 τὴν

2017 4392 2242 4461 κάμινον
2271 4391 2369 4460 τὴν
2397 4392 2492 4445 ἐπὶ
2519 4391 2625 4445 τῶν
2655 4391 2823 4461 τριῶν
2866 4391 3072 4446 παίδων
3103 4391 3236 4443 πολὺ
3283 4391 3588 4459 θαυμαστό-

2016 4495 2172 4548 τερον
2206 4473 2274 4548 ἦν
2318 4477 2378 4531 τὸ
2427 4477 2696 4547 μενούσης
2739 4479 2912 4546 αὐτῆς
2958 4477 3116 4546 ἀσινῆ
3161 4477 3485 4547 διατηρῆσαι
3521 4479 3590 4530 τά

2018 4565 2275 4632 σώματαο
2299 4564 2441 4616 οὕτω
2471 4562 2566 4618 τοῦ
2605 4563 2764 4617 λύσαι
2807 4563 2903 4634 τὴν
2935 4563 3178 4616 δουλείαν
3217 4563 3276 4614 τὸ
3324 4565 3588 4632 μενούσης

2018 4651 2186 4722 αὐτῆς
2222 4649 2392 4715 δείξαι
2436 4650 2535 4720 τὴν
2564 4649 2876 4722 ἐλευθερίαν
2909 4650 3090 4720 πολλῷ
3125 4649 3308 4719 μεῖζόν
3343 4654 3458 4703 ἐστι
3497 4652 3591 4702 καὶ¹

2017 4739 2471 4810 θαυμαστότερον.
2536 4741 2633 4793 Δια
2677 4739 2835 4792 τοῦτό
2880 4757 3074 4810 φησιν’
3135 4742 3204 4794 El
3256 4740 3355 4792 καὶ
3409 4739 3591 4794 δύνα-

2017 4848 2120 4883 σαι
2157 4831 2472 4898 ἐλεύθερος
2517 4830 2816 4900 γενέσθαι,
2851 4833 3094 4900 μᾶλλον
3129 4831 3382 4901 χρῆσαιο
3432 4849 3591 4886 τουτ-

2019 4923 2153 4982 έστι,
2193 4923 2322 4992 μένε
2349 4922 2532 4987 δοῦλος
2563 4941 2577 4955 ·
2618 4925 2716 4995 τὴν
2740 4923 2848 4996 γὰρ
2877 4924 3249 4996 ἀληθεστάτην
3275 4925 3420 4996 ἔχεις
3441 4925 3591 4978 ὲλευ-

2020 5012 2228 5084 θερίαν.

2095 5181 2158 5250 β’.
2185 5182 2370 5236 Βούλει
2393 5183 2485 5236 καὶ
2501 5184 2593 5236 ἐπὶ
2617 5183 2725 5235 τῶν
2756 5184 3029 5254 ἀρχόντων
3040 5182 3195 5235 10610
3231 5182 3385 5246 ἰδεῖν;
3427 5179 3589 5232 Βασι-

2021 5273 2144 5336 λεὺς
2176 5269 2244 5343 ἦν
2275 5275 2303 5326 ό
2331 5273 2833 5344 Ναϐουχοδονόσορ,
2883 5274 2978 5326 καὶ
3010 5271 3108 5342 τὴν
3152 5271 3380 5340 κάμινον
3418 5269 3591 5340 ἀνῆψα

2025 5367 2162 5435 μετὰ
2187 5367 2389 5435 πολλῆς
2409 5366 2508 5435 τῆς
2534 5365 2913 5435 σφοδρότητος,
2942 5365 3036 5417 καὶ
3063 5364 3190 5426 τοὺς
3219 5364 3364 5431 τρείς
3394 5360 3592 5424 παῖδας

2022 5455 2101 5516 είς
2144 5453 2308 5523 μέσον
2339 5456 2647 5523 παρήγαγε,
2686 5453 2856 5514 νέους,
2883 5453 3141 5522 ἐρήμους,
3171 5449 3422 5518 οὐδεμίαν
3447 5448 3590 5517 ἐχον·

2022 5563 2119 5607 τας
2154 5545 2488 5616 προστασίαν
2512 5585 2525 5608 ,
2551 5543 2767 5605 δούλους
2790 5582 2803 5604 ,
2851 5541 3228 5612 αἰχμαλώτους
3248 5581 3264 5604 ,
3313 5539 3592 5600 ἀπόλιδας.

2023 5639 2130 5691 Καὶ
2155 5638 2205 5689 τί
2241 5653 2436 5706 φησιν;
2471 5637 2536 5690 El
2559 5632 2814 5702 ἀληθῶς,
2850 5632 3104 5701 Σεδρὰκ,
3139 5634 3368 5692 Μισὰκ,
3411 5631 3594 5685 14668-

2026 5728 2202 5797 ναγὼ,
2239 5726 2361 5794 τοῖς
2385 5726 2540 5793 θεοῖς
2563 5744 2680 5797 μοι·
2701 5728 2772 5780 οὐ
2799 5727 3114 5796 λατρείνετε
3132 5766 3146 5791 ,
3179 5726 3276 5781 καὶ
3305 5726 3375 5794 τῇ
3412 5727 3591 5782 εικόνι
