3964 6426
302 364 401 421 θυι

301 474 443 544 Quid
470 491 599 547 ergo
626 476 897 545 illi?Vide,
922 494 1029 549 quo
1057 490 1210 550 pacto
1241 477 1407 536 virtus
1434 496 1546 547 eos,
1574 484 1663 552 qni
1692 482 1889 553 captivi

300 577 477 635 erant,
498 570 667 640 magis
697 572 871 640 regios
896 586 1054 641 quam
1087 586 1265 643 regem
1294 573 1465 642 ipsum
1493 573 1805 637 reddiderit,
1831 590 1894 629 ac

301 659 475 714 multo
498 660 778 714 excelsiori
806 660 983 715 animo
1005 661 1255 730 praiditos
1277 662 1395 716 illos
1426 663 1739 717 ostenderit.
1776 663 1891 718 Non

298 750 448 804 enim
472 759 741 821 tamquam
772 766 949 822 regem
977 752 1330 822 alloquenles,
1355 755 1447 809 sed
1480 765 1745 823 tamquam
1772 772 1892 809 cum

299 839 485 910 aliquo
511 840 612 894 sibi
652 839 867 896 subdito
904 856 1206 897 sermonem
1251 853 1494 899 serentes
1532 860 1655 898 cum
1702 845 1893 899 fiducia

299 929 721 1001 respondebam.
768 930 891 985 Non
934 948 1062 999 opus
1106 932 1364 999 habemus,
1395 934 1657 1004 inquiunt,
1701 953 1791 989 nos
1831 938 1895 990 de

298 1022 449 1076 verba
478 1024 571 1076 hoc
606 1023 910 1092 respondere
940 1025 1046 1095 regi
1088 1026 1106 1091 (
1136 1024 1270 1079 Dan.
1305 1026 1358 1081 5.
1395 1028 1459 1081 16
1486 1028 1523 1097 ).
1556 1028 1670 1082 Non
1696 1029 1891 1096 verbis,

298 1112 400 1166 sed
446 1112 608 1168 rebus
653 1111 782 1182 ipsis
828 1113 1341 1170 demonstrationem
1383 1117 1774 1174 exhibebimus.
1803 1118 1895 1175 Est

296 1201 439 1257 Deus
468 1204 520 1257 in
548 1202 694 1269 calo,
726 1214 902 1271 potens
927 1206 1125 1276 eripere
1145 1223 1235 1260 nos
1262 1207 1281 1277 (
1302 1205 1440 1261 Ibia’.
1464 1225 1512 1262 υ.
1539 1208 1661 1280 17).
1688 1210 1893 1265 Benefi-

296 1292 445 1346 cium
486 1308 517 1346 a
558 1294 777 1349 Daniele
824 1304 1102 1364 acceptum
1153 1297 1204 1351 in
1242 1298 1555 1353 memoriam
1584 1300 1660 1355 illi
1686 1316 1895 1357 revoca-

298 1391 430 1438 runt
470 1384 657 1439 iisdem
696 1386 777 1438 usi
821 1387 1018 1450 verbis,
1050 1403 1169 1456 qua:
1200 1389 1460 1458 pr0pheta
1500 1399 1623 1446 tunc
1653 1393 1887 1461 protulit.

292 1476 434 1544 Quid
475 1477 619 1533 enim
650 1477 739 1532 ille
779 1478 1027 1533 dicebat?
1058 1478 1178 1533 Non
1208 1492 1282 1535 est
1307 1498 1572 1553 magorum
1606 1483 1894 1541 Gazareno-

291 1583 431 1634 rum,
480 1566 837 1622 Chaldaeorum
878 1569 1098 1633 verbum,
1131 1572 1266 1640 quod
1298 1574 1507 1642 requirit
1547 1591 1673 1628 rex:
1699 1576 1789 1630 sed
1818 1586 1892 1630 est

291 1656 504 1714 Deusin
533 1659 671 1713 ctelis
690 1658 916 1714 revelatis
940 1662 1179 1731 mysteria
1207 1664 1225 1731 (
1258 1660 1343 1717 Id.
1373 1662 1430 1717 2.
1448 1662 1541 1719 27.
1568 1663 1639 1719 28
1742 1665 1891 1721 Hanc

291 1750 457 1821 igitur
494 1751 568 1806 illi
597 1766 784 1807 vocem
818 1754 870 1807 in
891 1753 1202 1808 memoriam
1232 1764 1501 1818 revocant,
1522 1766 1576 1810 ut
1597 1756 1891 1811 modestio-

290 1858 409 1899 rem
433 1842 579 1897 illum
600 1843 845 1899 reddant.
868 1844 1066 1899 Deinde
1081 1845 1229 1899 addit
1267 1846 1570 1915 Scriptura:
1603 1847 1671 1902 Et
1691 1850 1735 1900 si
1765 1865 1885 1915 non,

290 1944 469 1987 notum
494 1934 557 1987 sit
584 1935 697 1997 tibi,
728 1950 838 2001 rex,
868 1937 986 2005 quia
1010 1935 1130 1989 deos
1156 1945 1267 1989 tuos
1290 1954 1391 1989 non
1417 1937 1649 2002 colimus,
1681 1946 1727 1990 et
1756 1938 1888 1991 ima-

288 2025 460 2094 ginem
488 2040 719 2091 auream,
772 2042 925 2094 quant
974 2026 1214 2091 statuisti,
1244 2044 1344 2079 non
1378 2028 1652 2083 adoramus
1676 2027 1695 2099 (
1715 2028 1799 2083 Id.
1831 2031 1884 2085 4.

288 2115 363 2170 18
394 2116 439 2185 ).
466 2115 600 2171 Vide
626 2115 884 2185 juvenum
914 2117 1251 2186 sapientiam.
1280 2117 1415 2172 Nam
1447 2125 1611 2184 utne,
1643 2121 1733 2190 qui
1765 2132 1889 2177 tunc

285 2205 534 2269 aderant,
577 2206 743 2262 Deum
785 2206 1111 2262 infirmitatis
1153 2219 1487 2276 accusarent,
1528 2211 1575 2265 si
1613 2209 1749 2265 forte
1776 2213 1891 2267 col-

285 2297 469 2368 lapsos
498 2297 620 2351 illos
661 2298 712 2351 in
754 2297 1023 2351 fornacem
1062 2298 1197 2353 mori
1231 2299 1561 2369 contigisset,
1596 2304 1885 2370 potentiam

286 2387 413 2456 ejus
442 2398 568 2443 ante
596 2387 918 2443 confitentur
943 2389 1204 2455 dicentes,
1243 2387 1339 2443 Est
1376 2389 1515 2445 Deus
1552 2392 1605 2444 in
1633 2394 1777 2458 creto,
1800 2395 1887 2463 qui

285 2489 451 2551 potest
479 2496 571 2535 nos
613 2481 804 2550 eripere
837 2496 855 2533 :
887 2497 954 2535 ne
991 2492 1169 2535 autem
1218 2497 1401 2535 rursus
1446 2498 1565 2536 cum
1614 2483 1882 2539 llannnam

283 2571 605 2637 evasissent,
635 2570 899 2626 mercedis
919 2587 981 2626 ac
1003 2573 1205 2641 prmmii
1226 2588 1385 2627 causa
1418 2574 1525 2627 Deo
1549 2576 1759 2629 servire
1786 2592 1878 2645 pu-

284 2672 549 2729 tarentur,
581 2664 929 2733 adjecerunt:
962 2662 1028 2717 Et
1062 2665 1106 2719 si
1148 2682 1268 2728 non,
1303 2675 1474 2719 notum
1512 2667 1576 2718 sit
1614 2667 1721 2732 tibi,
1767 2684 1879 2733 rex,

281 2756 407 2826 quia
456 2756 575 2810 deos
622 2765 736 2811 tuos
773 2773 874 2810 non
924 2758 1168 2824 colimus,
1209 2767 1257 2812 et
1314 2759 1584 2828 imaginem
1633 2775 1877 2824 auream,

280 2864 437 2916 quam
471 2847 709 2913 statuisti,
750 2865 851 2902 non
880 2849 1190 2913 adoramus;
1218 2849 1413 2919 quibus
1442 2850 1617 2905 verbis
1643 2851 1797 2905 simul
1827 2861 1883 2907 et

286 2938 580 3007 praedicant
617 2939 713 2995 Dei
758 2941 1005 2995 virtutem
1029 2950 1083 2996 et
1106 2956 1419 3011 generosam
1450 2943 1641 2997 animus
1671 2959 1781 2997 sua:
1818 2946 1884 2998 li-

282 3030 497 3085 duciam
544 3046 651 3102 pra:
698 3046 757 3087 se
802 3033 999 3099 ferunt,
1038 3050 1104 3087 ne
1144 3033 1281 3088 forte
1316 3034 1384 3089 de
1422 3035 1527 3089 illis
1554 3035 1674 3105 quis
1698 3035 1881 3093 dicere

286 3131 489 3190 posset,
508 3138 629 3193 quae
644 3122 926 3179 adversum
948 3124 1051 3179 Job
1070 3125 1313 3180 diabolus
1330 3126 1703 3183 calumniando
1717 3129 1879 3199 jacta-

283 3210 402 3267 bat.
432 3213 568 3280 Quid
601 3228 727 3268 vero
757 3213 967 3269 dicebat
994 3215 1281 3270 diabolus?
1312 3215 1431 3270 Non
1474 3219 1631 3288 gratis
1667 3220 1786 3273 colit
1831 3229 1880 3273 te

278 3300 385 3356 Job
406 3319 426 3357 :
443 3305 690 3377 siquidm
716 3307 921 3360 munisti
943 3324 1021 3359 res
1045 3308 1176 3377 ejus,
1206 3323 1320 3377 qua:
1348 3309 1501 3374 intra,
1526 3318 1571 3362 et
1600 3326 1714 3378 qua:
1734 3321 1877 3365 extra

278 3406 405 3449 sunt
447 3395 587 3469 (Job
638 3399 690 3453 1.
723 3398 945 3469 9.10).
990 3399 1067 3454 Ne
1112 3400 1269 3468 igitur
1308 3401 1375 3453 de
1421 3402 1502 3455 his
1544 3402 1703 3456 etiam
1749 3402 1874 3457 illud

277 3484 389 3539 dici
421 3497 621 3557 posset,
646 3490 719 3545 illi
743 3499 1103 3551 antevertunt,
1123 3499 1177 3544 et
1208 3491 1488 3561 impmlens
1512 3507 1573 3545 os
1600 3491 1869 3547 obturant.

366 3575 612 3632 Virtutem
647 3580 734 3648 qui
769 3590 1009 3645 sectatur,
1040 3581 1165 3634 liber
1191 3591 1264 3635 est
1299 3591 1343 3635 et
1376 3584 1607 3651 superior
1628 3584 1827 3653 regibus
1853 3600 1874 3649 ;

273 3671 440 3724 uirtus
459 3688 657 3725 onmem
683 3683 865 3727 metum
888 3673 1310 3728 excludit—Sed
1328 3715 1342 3739 ,
1373 3684 1430 3727 ut
1460 3674 1724 3742 dicebam,
1750 3676 1874 3731 licet

254 3753 527 3829 'captivus
556 3762 626 3816 sit
651 3763 865 3833 aliquis,
906 3763 1030 3818 licet
1054 3778 1262 3829 servus,
1302 3764 1427 3818 licet
1454 3765 1784 3834 peregrinus,
1808 3766 1874 3819 li-

270 3860 366 3907 cet
394 3853 445 3907 in
472 3854 642 3908 aliena
665 3855 880 3925 regione
912 3864 1172 3920 versetur,
1204 3866 1258 3909 et
1280 3854 1530 3909 virtutem
1561 3870 1743 3909 secum
1775 3856 1870 3910 ha-

275 3944 399 3998 beat
422 3985 435 4007 ,
468 3944 714 4013 superior
743 3946 990 4000 omnibus
1016 3944 1119 3999 erit
1142 3945 1377 4011 regibus.
1410 3944 1571 3999 Vides
1594 3954 1648 3999 et
1676 3945 1869 4000 mulie-

270 4049 397 4088 rum
419 4035 647 4089 solutam
669 4048 788 4091 esse
814 4036 1146 4098 servitutem,
1164 4043 1219 4090 et
1236 4035 1574 4102 famulorum,
1602 4045 1655 4090 et
1682 4050 1867 4091 eorum

268 4125 364 4195 qui
396 4126 723 4195 principibus
746 4127 1007 4181 subsunt?
1033 4128 1145 4197 Age
1172 4126 1425 4195 deinceps
1465 4126 1743 4181 ostendam
1773 4127 1865 4181 tibi

268 4225 476 4270 metmn
522 4231 735 4286 quoque
773 4217 1061 4272 bestiarum
1104 4231 1223 4271 esse
1251 4216 1553 4285 depulsum.
1588 4215 1644 4269 In
1676 4215 1863 4270 eadem

267 4307 538 4376 quondam
573 4307 841 4377 Babylone
860 4308 1133 4375 conjectus
1156 4306 1327 4361 fuerat
1358 4309 1409 4359 in
1440 4307 1613 4361 laeum
1645 4306 1825 4361 Daniel
1850 4324 1863 4359 :

268 4398 369 4453 sed
410 4414 530 4453 eum
581 4399 770 4454 leones
812 4399 1075 4468 attingere
1118 4414 1223 4453 non
1274 4397 1573 4451 audebant.-
1607 4396 1868 4452 Videbant

264 4489 417 4545 cnim
450 4491 721 4561 antiquam
750 4500 803 4545 et
828 4492 1026 4560 regiam
1059 4491 1344 4561 imaginem
1374 4490 1425 4543 in
1455 4490 1571 4559 ipso
1601 4490 1868 4560 refulgen-

272 4590 404 4644 tetn,
453 4581 703 4652 illamque
749 4582 973 4636 formam
1019 4583 1332 4647 cernebant,
1372 4598 1530 4651 quam
1575 4582 1627 4636 in
1661 4583 1867 4637 Adamn

269 4671 517 4725 viderant
560 4680 685 4727 ante
731 4682 1027 4741 peccatum.
1065 4672 1339 4743 Siquidem
1369 4689 1491 4727 cum
1524 4673 1712 4727 eadem
1740 4674 1867 4730 sub-

260 4762 519 4833 jcctione,
546 4778 668 4818 cum
694 4764 761 4818 ad
792 4764 1054 4819 Adamum
1095 4768 1475 4833 accessissent,
1508 4768 1720 4821 nomina
1754 4779 1863 4822 tum

266 4865 610 4924 acceperunt.
641 4854 823 4924 Neque
853 4854 943 4909 hic
967 4855 1141 4909 solum
1166 4872 1181 4921 ;
1213 4855 1307 4910 sed
1336 4865 1393 4911 et
1431 4858 1484 4910 in
1514 4856 1673 4911 beato
1701 4857 1865 4913 Paulo

270 4946 412 4999 idem
451 4946 694 5017 contigit.
728 4946 858 4999 Nam
883 4954 938 4999 et
966 4946 1053 5000 ille
1091 4961 1212 5001 cum
1240 4949 1291 5000 in
1321 4947 1667 5002 barbarorum
1719 4948 1865 5002 insu-

267 5038 376 5090 lam
403 5035 606 5105 ejectus
643 5046 806 5100 esset,
841 5051 985 5107 pyra:
1015 5036 1301 5101 assidebat,
1332 5046 1389 5090 ut
1421 5037 1691 5092 calefieret
1724 5037 1859 5110 (Act.

263 5123 412 5195 98):
465 5125 659 5180 deinde
708 5126 989 5195 prosiliens
1021 5141 1052 5180 e
1083 5128 1366 5180 sarmentis
1414 5127 1592 5195 vipera
1637 5142 1857 5181 manum

269 5218 386 5287 ejus
429 5218 639 5273 invasit.
678 5217 813 5286 Quid
863 5233 991 5288 ergo
1036 5228 1218 5287 postea
1263 5218 1527 5287 contigit?
1566 5215 1858 5273 Confestim

269 5310 441 5365 bestia
470 5310 681 5365 cecidit.
716 5309 846 5363 Nam
879 5310 1129 5379 quoniam
1160 5320 1436 5378 peccatum
1485 5325 1589 5363 non
1632 5311 1856 5378 invenit,

269 5417 341 5457 ne
370 5402 615 5457 mordere
640 5402 853 5473 quidem
890 5402 1101 5470 potuit:
1139 5400 1232 5454 sed
1260 5402 1706 5471 quemadmodum
1738 5418 1858 5467 nos,

269 5495 316 5549 si
346 5494 559 5565 quando
583 5495 758 5550 levem
803 5495 1035 5565 aliquem
1072 5494 1349 5562 secpulum
1388 5492 1679 5548 ascendere
1708 5494 1858 5547 volu—

272 5603 415 5653 mus,
442 5588 570 5643 dum
609 5602 871 5657 nusquam
918 5586 1232 5656 reperimus,
1282 5584 1425 5656 quod
1464 5583 1858 5655 apprehensum

275 5691 587 5747 teneamus,
641 5688 863 5750 repente
899 5677 1263 5744 concidimus,
1311 5676 1425 5733 sive
1466 5676 1518 5731 in
1561 5674 1857 5745 subjectum

276 5775 518 5846 pelagus,
547 5774 656 5828 sive
682 5774 732 5828 in
764 5770 1110 5843 puteipitium
1145 5788 1156 5825 ε
1186 5770 1264 5827 sic
1302 5777 1356 5826 et
1390 5768 1476 5826 illa
1516 5766 1706 5834 bestia,
1733 5781 1855 5822 eum

1585 368 1648 424 IN
1686 364 1984 424 GENESIM
2021 366 2250 426 SERth
2283 369 2347 426 Υ.

3491 379 3597 435 ειη

2003 482 2238 553 subjecta
2271 493 2413 541 esset
2438 501 2568 558 pyra
2590 527 2607 554 ,
2639 487 2782 558 quod
2812 499 3088 559 peccatum
3116 534 3129 557 ,
3162 490 3244 545 cui
3268 489 3568 546 adhmreret

2003 588 2107 626 non
2139 573 2449 644 invenisset,
2481 592 2654 647 neque
2690 579 2777 633 cui
2800 579 2990 636 dentes
3021 582 3286 652 infigeret,
3322 583 3373 635 in
3404 598 3593 654 pyram

2000 663 2217 729 decidit,
2246 675 2300 721 et
2331 667 2650 737 interempta
2682 678 2782 722 est.
2820 670 2913 726 Vis
2942 672 3168 726 alterum
3200 673 3293 725 tibi
3319 671 3593 727 defensio-

2001 753 2085 807 nis
2127 770 2296 823 genus
2344 755 2397 810 in
2442 757 2674 812 medimn
2722 760 2986 815 aﬂ'eram?
3028 761 3202 817 Unum
3247 762 3460 831 quidem
3486 772 3590 828 est,

1998 847 2142 915 quod
2172 865 2276 901 non
2311 850 2516 916 priores
2547 859 2749 904 tantum
2790 855 3091 921 peccarint,
3123 854 3216 908 sed
3260 865 3313 908 et
3348 854 3438 923 qui
3472 863 3593 922 post

2002 936 2118 989 illos
2145 938 2252 991 nati
2282 948 2441 1001 Sttlll;
2469 939 2697 994 alterum
2729 956 2876 1004 vero,
2910 943 3047 1011 quod
3080 944 3168 1012 qui
3197 943 3335 997 bene
3375 957 3434 995 se
3470 957 3593 1012 ges-

1999 1028 2171 1082 serint
2190 1070 2204 1094 ,
2241 1029 2399 1098 idque
2425 1029 2551 1084 dum
2580 1031 2630 1084 in
2664 1033 2763 1086 hac
2791 1033 2896 1085 vita
2928 1045 3293 1097 versarentur,
3337 1033 3589 1088 leviorem

1998 1120 2345 1188 experiantur
2374 1122 2686 1175 servitutem
2715 1139 2729 1177 :
2762 1122 2842 1178 vel
2869 1125 3043 1194 potius
3070 1125 3136 1178 ab
3168 1125 3253 1178 illa
3282 1126 3486 1194 integra
3521 1124 3589 1178 li--

2002 1208 2274 1277 herentnr,
2324 1221 2381 1264 ut
2423 1213 2583 1267 etiam
2624 1215 2675 1267 in
2718 1213 3054 1279 mulieribus,
3084 1216 3217 1270 etin
3247 1215 3495 1280 subditis,
3530 1222 3586 1269 et

1999 1302 2052 1356 in
2086 1302 2274 1357 bclluis
2318 1320 2345 1354 a
2383 1303 2538 1357 nobis
2571 1312 2846 1359 ostensum
2889 1315 2989 1359 est.
3021 1306 3258 1361 Tertium
3304 1321 3430 1360 vero
3467 1315 3590 1376 post

1998 1392 2109 1457 illa,
2159 1393 2300 1462 quod
2346 1393 2591 1447 Christus
2643 1409 2763 1447 cmn
2811 1395 3150 1463 advenisset,
3194 1397 3394 1465 majora
3445 1410 3586 1449 nunc

1996 1484 2134 1539 bella
2178 1488 2247 1538 sit
2286 1485 2438 1538 nobis
2483 1486 2771 1555 pollicitus,
2817 1502 2977 1554 quam
3032 1502 3093 1541 ea
3136 1487 3327 1556 quibus
3370 1486 3579 1554 Spoliati

1997 1575 2190 1629 fuimus
2216 1577 2284 1629 ab
2314 1576 2397 1639 iis,
2439 1576 2530 1644 qui
2559 1594 2585 1627 a
2626 1576 2884 1645 principio
2912 1586 3213 1647 peecarant.
3246 1574 3383 1643 Quid
3414 1577 3581 1638 enim,

1994 1681 2194 1735 qna-so,
2229 1683 2367 1721 lttlttc
2399 1668 2580 1737 luges?
2603 1684 2669 1721 an
2702 1668 2843 1736 quod
2877 1669 3112 1722 admisso
3143 1678 3361 1737 peccato
3382 1683 3413 1722 e
3436 1682 3590 1736 para—

1993 1757 2111 1811 diso
2155 1769 2205 1811 le
2248 1758 2417 1811 Adam
2462 1757 2717 1827 cjecerit?
2763 1756 2866 1812 Fac
2918 1760 3053 1812 bona
3104 1773 3289 1827 opera,
3338 1764 3583 1812 virtutem

1992 1848 2273 1909 tumulare;
2295 1865 2390 1901 nee.
2416 1849 2523 1916 jam
2555 1847 2879 1916 paradisum,
2904 1848 2999 1903 sed
3031 1849 3123 1903 tibi
3153 1848 3343 1904 caelum
3376 1863 3580 1913 resero,

1994 1953 2170 2007 neque
2202 1942 2483 2006 permitto,
2517 1949 2573 1990 ut
2596 1954 2661 1991 ex
2693 1939 2846 2006 primi
2882 1939 3117 2009 parentis
3144 1940 3584 2009 praevaricatione

1993 2031 2119 2083 mali
2152 2031 2245 2082 tibi
2276 2030 2563 2098 quidquam
2593 2031 2863 2083 obveniat.
2896 2033 2976 2084 An
3023 2031 3193 2099 luges,
3230 2031 3372 2101 quod
3404 2030 3581 2085 domi-

1992 2130 2117 2174 natu
2147 2122 2197 2173 in
2226 2120 2364 2173 feras
2393 2121 2629 2189 privatus
2652 2121 2761 2174 sis?
2786 2122 2922 2176 Ecce
2946 2122 3036 2175 tibi
3067 2121 3339 2175 d:emones
3365 2135 3579 2191 quoque

1989 2212 2237 2281 subjicio,
2266 2212 2307 2265 si
2340 2213 2469 2265 velis
2494 2212 2789 2266 attendere.
2820 2211 3022 2266 Calcate
3061 2228 3292 2281 namque
3314 2252 3328 2275 ,
3374 2212 3577 2281 inquit,

1989 2320 2144 2372 supra
2167 2312 2420 2371 serpentes
2447 2312 2490 2354 et
2520 2303 2832 2372 scorpiones,
2864 2312 2910 2355 et
2936 2318 3089 2370 super
3115 2317 3314 2356 onmem
3348 2301 3579 2353 virtutem

1989 2394 2180 2447 inimici
2205 2397 2219 2463 (
2246 2393 2373 2447 Luc.
2408 2392 2492 2447 10.
2532 2393 2597 2448 19
2618 2393 2658 2463 ).
2688 2392 2873 2462 Neque
2897 2393 3027 2447 dixit
3051 2434 3066 2458 ,
3101 2393 3454 2448 Dominamini
3476 2433 3489 2455 ,
3520 2400 3581 2447 υι

1986 2500 2108 2539 cmn
2134 2484 2201 2537 de
2229 2485 2412 2538 bestiis
2438 2494 2654 2553 ageret,
2683 2484 2808 2552 scd,
2838 2483 3076 2549 Calcate,
3105 2491 3164 2538 ut
3184 2498 3451 2538 summum
3496 2485 3576 2537 in—

1988 2578 2209 2631 duceret
2233 2577 2585 2629 dominatum.

2060 2670 2112 2722 5.
2168 2668 2455 2737 Propterea
2486 2668 2681 2724 Paulus
2713 2683 2925 2738 quoque
2953 2684 3057 2722 non
3090 2667 3243 2732 dixit,
3276 2667 3414 2722 Dens
3445 2667 3573 2723 sub-

1980 2758 2128 2828 jicict
2175 2769 2413 2812 satanam
2455 2760 2555 2813 sub
2596 2757 2816 2826 pedibus
2861 2759 3086 2825 vestris,
3124 2758 3239 2821 sed,
3270 2758 3407 2812 Deus
3450 2776 3571 2812 con-

1984 2860 2105 2905 teret
2148 2862 2378 2906 satunam
2402 2850 2493 2905 sub
2523 2851 2731 2921 pedibus
2765 2852 2936 2904 vestris
2980 2851 3153 2921 (Rom.
3182 2850 3268 2905 16.
3301 2850 3417 2921 20).
3457 2850 3571 2904 Non

1978 2941 2113 3011 jam,
2147 2949 2203 2995 ut
2229 2942 2393 3011 prius,
2417 2941 2442 2994 Ι
2451 2957 2539 3012 pse
2568 2942 2842 2994 observavit
2877 2952 3031 3009 caput
3070 2951 3232 3008 tuum,
3260 2950 3306 2995 et
3332 2952 3385 2994 tu
3414 2940 3573 3011 ipsius

1982 3033 2275 3086 calcaneum
2304 3033 2585 3086 observabis
2608 3048 2627 3085 :
2670 3030 2763 3089 sed
2800 3032 3007 3101 integra
3049 3040 3132 3085 est
3171 3030 3411 3095 victoria,
3442 3046 3571 3101 per~

1981 3122 2153 3177 feetus
2180 3124 2499 3193 trimnplms,
2525 3124 2676 3192 plena
2707 3131 2911 3192 strages
2942 3122 3130 3187 hostis,
3170 3122 3484 3187 internecio,
3517 3130 3573 3175 et

1980 3214 2219 3269 exitium.
2258 3215 2381 3269 Viro
2418 3224 2469 3269 te
2508 3214 2732 3284 subjecit
2778 3215 2921 3279 Eva;
2948 3229 3048 3283 ego
3092 3230 3217 3269 vero
3248 3226 3298 3269 te
3320 3230 3425 3269 non
3456 3215 3571 3267 viro

1982 3315 2206 3370 tantum,
2237 3305 2331 3360 sed
2372 3315 2422 3359 et
2468 3305 2597 3373 ipsis
2626 3306 2829 3376 angelis
2855 3305 3060 3360 honore
3087 3308 3347 3375 zeqnaletn
3377 3305 3566 3372 reddo,

1978 3396 2023 3449 si
2052 3395 2199 3447 velis.
2233 3395 2345 3448 Vita
2384 3405 2435 3449 te
2480 3396 2725 3464 praesenti
2760 3396 3019 3464 privavit:
3052 3411 3153 3465 ego
3178 3410 3303 3449 vero
3334 3394 3563 3448 futuram

1979 3488 2072 3541 tilii
2102 3488 2328 3557 largior,
2363 3502 2673 3555 perennem,
2725 3487 3101 3553 immortalem,
3139 3495 3193 3539 et
3232 3485 3384 3539 bonis
3410 3486 3567 3539 inuu-

1979 3579 2140 3631 meris
2168 3577 2573 3631 redundantem.
2595 3576 2762 3631 Nemo
2784 3579 2945 3647 igitur
2972 3588 3187 3647 pr0pter
3215 3577 3334 3631 illos
3359 3576 3564 3645 priores

1976 3671 2173 3723 damno
2212 3686 2271 3725 se
2317 3670 2563 3724 allectum
2613 3671 2940 3725 arbitretur:
2996 3670 3193 3724 etenim
3240 3668 3287 3723 si
3340 3669 3564 3723 velimus

1975 3762 2177 3826 onntia,
2230 3777 2347 3829 qua:
2391 3760 2545 3815 nobis
2591 3761 2878 3830 largiturus
2928 3770 3031 3825 est,
3075 3759 3342 3829 persequi,
3397 3759 3565 3813 multo

1976 3854 2175 3921 majora
2222 3854 2323 3917 his,
2351 3868 2471 3921 qua:
2502 3853 2801 3916 amisimus,
2832 3852 2987 3906 nobis
3029 3868 3149 3906 esse
3191 3852 3383 3905 donata
3416 3867 3565 3903 conn-

1977 3946 2263 4013 perienms.
2304 3944 2568 3997 (laterum
2608 3959 2672 3997 ex
2723 3945 2807 4005 iis,
2842 3960 2961 4012 qum
2998 3943 3138 3999 dicta
3169 3954 3312 4007 sunt,
3343 3944 3408 3998 de
3437 3944 3563 3997 reli-

1973 4034 2092 4102 quis
2118 4034 2277 4087 etiam
2307 4033 2589 4085 COt.Slahll.
2639 4031 2983 4086 Laboriosum
3027 4032 3262 4087 Adamus
3290 4032 3449 4085 vitam
3484 4033 3565 4085 inc

1974 4123 2156 4184 vexit;
2188 4132 2241 4175 at
2270 4121 2512 4175 Christus
2542 4122 2699 4175 vitam
2736 4123 2999 4191 promisit,
3034 4123 3173 4177 unde
3215 4123 3344 4192 fugit
3385 4123 3556 4185 dolor,

1976 4213 2206 4274 tristitia,
2237 4222 2287 4265 ct
2314 4213 2562 4282 gemitus,
2600 4227 2764 4282 seque
2794 4228 3015 4281 regnum
3055 4214 3307 4267 caelorum
3340 4213 3560 4282 largitu-

1973 4320 2088 4358 rmn
2122 4303 2421 4372 pollicetur.
2465 4301 2635 4357 Venite
2667 4318 2915 4372 namque,
2961 4304 3150 4372 inquit,
3193 4304 3433 4357 benedicti
3456 4303 3562 4357 Pa-

1974 4395 2063 4447 tris
2082 4395 2194 4455 mei,
2226 4394 2472 4463 possidete
2493 4406 2723 4463 paratum
2750 4395 2886 4447 vobis
2912 4410 3123 4462 regnum
3151 4411 3182 4447 a
3205 4395 3562 4447 constitutione

1971 4486 2165 4539 mundi.
2184 4484 2385 4539 Esurivi
2405 4486 2557 4551 enim,
2583 4496 2631 4538 et
2658 4485 2866 4537 dedistis
2890 4486 3013 4539 mihi
3034 4484 3376 4538 manducare:
3403 4486 3556 4547 sitivi,

1970 4588 2016 4631 et
2041 4579 2247 4631 dedistis
2276 4578 2398 4630 milii
2423 4577 2584 4630 bibere
2607 4592 2626 4630 :
2656 4577 2835 4646 hospes
2860 4593 3019 4644 eram,
3060 4588 3109 4632 et
3138 4578 3410 4648 collegistis
3445 4593 3560 4631 me:

1971 4670 2137 4722 nudus
2171 4684 2332 4733 erant,
2366 4677 2410 4719 et
2442 4667 2769 4736 cooperuistis
2797 4683 2875 4720 me
2896 4682 2915 4719 :
2943 4668 2996 4720 in
3034 4684 3252 4735 carcere,
3281 4678 3324 4721 et
3356 4669 3559 4721 venistis

1968 4760 2037 4813 ad
2066 4776 2143 4813 me
2163 4757 2373 4829 (Matth.
2402 4758 2491 4812 25.
2524 4758 2636 4812 51-
2659 4757 2774 4828 56).

2042 4851 2095 4906 Μ
2102 4852 2257 4905 oralis
2271 4849 2517 4921 epilogus.
2542 4848 2793 4903 Hortatur
2811 4850 2880 4902 ad
2899 4850 3284 4922 eleemosynam.
3304 4883 3375 4893 --
3395 4851 3556 4907 Num-

1968 4944 2092 5015 quid
2123 4944 2283 5013 igitur
2308 4958 2405 4997 nos
2447 4958 2659 5012 quoque
2706 4942 2916 4997 boatam
2956 4942 3102 4997 illam
3138 4960 3323 5000 vocem
3369 4945 3554 4999 autne-

1969 5035 2130 5091 mus?
2159 5035 2417 5106 Equidem
2459 5052 2566 5090 non
2606 5036 2891 5089 admodum
2927 5035 2977 5089 id
3008 5036 3181 5090 ausim
3220 5052 3553 5097 asseverare,

1967 5127 2265 5197 praesertim
2296 5141 2415 5179 cum
2446 5140 2710 5195 pauperes
2740 5124 2894 5181 valde
2917 5139 3342 5181 contemnamus.
3362 5125 3554 5194 Jejunil

1968 5227 2175 5286 tempus
2200 5225 2302 5281 est,
2335 5225 2407 5269 tot
2436 5215 2835 5271 cohortationes
2863 5218 3013 5277 liunt,
3059 5223 3135 5269 tot
3175 5215 3424 5270 salutaria
3452 5215 3553 5269 do:

1965 5318 2209 5364 eumenta
2244 5318 2626 5377 proponuntur,
2672 5322 2854 5375 preces
2892 5307 3180 5370 cuminum,
3228 5306 3551 5374 quotidianus

1968 5398 2225 5458 eollectze,
2252 5397 2379 5466 quid
2413 5406 2588 5449 unnen
2631 5407 2747 5463 post
2780 5404 2977 5448 tantam
3023 5412 3203 5450 curam
3245 5397 3341 5450 ista
3388 5401 3553 5467 proli-

1965 5488 2155 5544 ciunt?
2184 5487 2325 5541 Nihil
2359 5488 2532 5556 plane.
2565 5486 2698 5540 llinc
2724 5487 2866 5541 etiim
2899 5488 3196 5542 recedimus
3225 5488 3412 5543 ordine
3441 5490 3550 5543 dis-

1967 5580 2135 5649 posita
2169 5593 2457 5649 pauperum
2485 5577 2692 5647 agmina
2729 5576 2853 5633 hinc
2888 5578 3011 5633 inde
3049 5581 3303 5635 stantium
3334 5582 3548 5637 intuen—

1967 5680 2080 5737 tes;
2106 5681 2161 5725 et
2186 5670 2336 5739 quasi
2370 5668 2666 5733 columnas,
2711 5684 2816 5724 non
2853 5668 3081 5724 humana
3109 5686 3331 5740 corpora
3362 5688 3553 5728 cerne--

1968 5777 2167 5829 remus,
2212 5761 2288 5817 sic
2326 5760 2525 5830 absque
2575 5762 2937 5818 misericordia
2979 5764 3332 5835 pra-terimus.
3363 5765 3545 5837 Itaque
