3964 6444
514 437 622 476 non
649 436 806 477 secus
831 437 895 478 ac
919 421 963 478 si
986 430 1188 478 statuas
1209 423 1382 476 anima
1411 430 1676 488 carentes,
1702 435 1807 475 non
1835 420 2112 490 spirantes

514 514 762 569 homines
789 523 1174 584 speetaremus,
1194 513 1261 568 ita
1283 513 1499 567 domum
1529 527 1894 582 properamus.
1929 509 2102 565 Enim-

513 618 644 658 vero
666 604 832 660 fames
862 605 1020 676 cogit,
1053 606 1313 675 inquiunt.
1338 604 1450 658 lmo
1479 602 1707 658 suadere
1726 602 1886 657 debet
1911 602 2097 666 fames,

513 703 574 750 ut
601 693 900 761 subsistas;
931 697 1211 767 siquidem,
1245 705 1302 750 ut
1326 696 1538 765 vulgato
1585 693 1751 749 fertur
1790 691 2095 796 proverbio,

511 783 661 840 Pleni
703 797 915 842 ventres
957 788 1258 845 esurientes
1298 804 1403 840 ltuit
1444 798 1707 840 noverunt
1735 803 1747 836 :
1773 795 1828 839 at
1863 783 1953 854 qui
1984 799 2100 838 esu-

516 876 658 930 riunt
695 892 762 931 ex
807 880 1124 933 necessitate
1150 895 1244 934 sua
1290 880 1452 933 etiam
1492 878 1724 932 alienam
1766 884 2094 948 agnoscunt;

509 967 596 1021 vel
630 969 805 1036 potius
833 985 903 1025 ne
929 971 1007 1024 sic
1033 969 1249 1040 quidem
1283 970 1394 1024 fieri
1423 981 1616 1040 potest,
1652 980 1708 1023 ut
1748 970 1891 1022 illam
1931 978 2093 1022 totam

507 1070 844 1130 perspectam
888 1062 1137 1116 habeant.
1189 1063 1324 1118 Nam
1369 1073 1422 1116 tu
1468 1063 1682 1132 quidem
1731 1062 1798 1116 ad
1855 1069 2094 1131 paratam

506 1165 748 1206 mensam
785 1154 1022 1221 festinas,
1068 1165 1121 1209 et
1154 1171 1219 1208 ne
1247 1154 1314 1209 ad
1355 1156 1620 1209 modicum
1642 1154 1856 1223 quidem
1886 1163 2094 1221 tempus

505 1250 660 1310 potes
683 1257 1032 1311 eupectare:
1070 1261 1269 1316 pauper
1295 1255 1472 1302 autem
1505 1257 1610 1301 stat
1638 1246 1702 1298 ad
1735 1249 1899 1315 ipsam
1925 1259 2092 1313 usque

503 1347 782 1403 vesperam
806 1336 1059 1392 festinans
1088 1347 1140 1393 et
1171 1339 1359 1393 sedulo
1385 1339 1718 1404 incumbens,
1746 1347 1803 1391 ιιι
1830 1337 2092 1406 quotidia—

503 1440 631 1480 nutn
675 1427 872 1482 victum
896 1438 1169 1498 comparet
1194 1448 1206 1484 :
1233 1445 1461 1498 cumque
1484 1430 1624 1483 diem
1650 1428 1852 1482 finitum
1876 1427 2089 1491 viderit,

501 1517 783 1587 pecuniam
811 1534 940 1574 vero
970 1520 1205 1576 nondum
1231 1531 1392 1576 totam
1414 1522 1711 1584 collectam,
1731 1535 1848 1588 quae
1868 1519 1934 1572 ad
1960 1534 2095 1588 quo-

503 1607 764 1662 tidianum
793 1609 990 1664 victum
1019 1611 1270 1675 sufficiat,
1303 1610 1448 1665 dolet
1479 1619 1532 1663 ct
1557 1609 1912 1672 excandescit,
1943 1618 1997 1664 et
2023 1607 2089 1662 ad

499 1709 566 1749 ea
595 1712 714 1766 qua:
757 1698 899 1754 vires
943 1699 1109 1768 ipsius
1151 1700 1420 1756 excedunt
1456 1699 1698 1754 audenda
1729 1699 2084 1767 cmnpellittlr.

500 1785 627 1842 ldeo
650 1789 751 1844 sub
777 1805 1054 1861 vesperam
1081 1791 1452 1848 vehementius
1481 1808 1579 1847 nos
1614 1793 1869 1847 invadunt
1900 1791 2086 1860 jnran-

500 1885 603 1943 tes,
629 1877 955 1948 adjurautes,
989 1883 1258 1953 lugentes,
1292 1882 1582 1951 plorantes,
1627 1898 1815 1938 mauus
1861 1881 2086 1937 tenden-

497 1973 598 2033 tes,
623 1967 725 2023 alia
752 1969 1028 2026 innumera
1061 1972 1396 2043 impudenter
1419 1990 1577 2044 agere
1602 1975 1791 2031 coacti.
1825 1974 2088 2028 Verentur

494 2057 638 2111 enim
692 2074 781 2124 ne,
827 2076 950 2116 cum
997 2077 1184 2118 omnes
1222 2066 1437 2120 domum
1487 2068 1825 2131 recesserint,
1867 2067 1918 2119 in
1951 2070 2086 2124 urbe

499 2155 768 2217 tamquam
801 2150 852 2204 in
878 2151 1092 2207 deserto
1121 2155 1229 2209 sint
1256 2156 1485 2211 erraturi
1519 2175 1530 2207 :
1562 2167 1617 2211 et
1642 2159 1773 2212 sicut
1807 2159 1898 2229 qui
1924 2160 2086 2214 inter-

493 2238 587 2294 diu
617 2240 946 2312 naufragium
975 2245 1234 2310 fecerunt,
1264 2247 1440 2304 tabula
1471 2258 1702 2320 arrepta,
1735 2261 1858 2305 ante
1897 2268 2084 2321 veSpe-

493 2344 610 2387 ram
633 2331 700 2385 ad
729 2343 941 2401 portum
970 2338 1251 2404 pervenire
1281 2338 1550 2406 festinant,
1575 2358 1643 2396 ne
1667 2341 1800 2396 forte
1829 2357 1947 2397 cum
1979 2360 2082 2398 uox

491 2420 790 2486 advenerit,
849 2425 977 2481 foris
1029 2440 1310 2484 manentes
1356 2432 1569 2502 gravius
1619 2431 1952 2503 naufragium
1985 2451 2079 2504 pa-

491 2511 691 2566 tiantur
718 2532 731 2567 :
768 2515 837 2569 ita
868 2525 922 2570 et
947 2533 1209 2588 pauperes
1237 2521 1366 2575 dum
1405 2522 1600 2578 famem
1647 2534 1916 2594 tamquam
1947 2543 2080 2580 nau-

489 2601 716 2673 fragium
759 2606 1163 2676 pertimescunt,
1209 2620 1334 2666 ante
1377 2627 1654 2683 vesperam
1695 2616 1973 2682 pecuniam
2013 2615 2080 2670 ad

488 2691 740 2747 diurnqu
773 2696 973 2750 victum
1023 2698 1378 2756 sufficientem
1425 2702 1678 2773 colligere
1711 2703 1981 2765 festinant,
2013 2720 2080 2760 ne

487 2797 610 2837 cum
637 2799 827 2841 omnes
847 2786 1064 2842 domum
1091 2789 1452 2856 discesserint,
1483 2803 1631 2847 extra
1663 2805 1871 2860 portum
1901 2811 2079 2849 rema-

490 2885 674 2931 neant.
698 2877 891 2934 Portus
909 2881 1053 2936 enim
1085 2882 1190 2937 illis
1211 2893 1335 2938 sunt
1359 2899 1544 2941 eorum
1572 2903 1782 2956 manus,
1807 2889 1894 2958 qui
1921 2904 2077 2959 opem

488 2965 686 3022 ferunt.

559 3060 613 3113 4.
646 3059 938 3129 Pauperum
969 3065 1204 3118 miseram
1237 3066 1575 3122 conditionem
1609 3070 1878 3138 describit,
1908 3074 2077 3128 diuiti-

485 3151 676 3220 busqtte
698 3152 941 3208 duritiam
983 3157 1150 3212 cordis
1179 3159 1465 3227 exprobrat.
1490 3191 1562 3201 -—
1591 3165 1660 3217 At
1694 3179 1793 3219 nos
1822 3181 1996 3238 neque
2024 3168 2076 3223 in

486 3241 604 3295 foro
627 3242 1014 3301 calamitatibus
1041 3264 1227 3304 eorum
1267 3267 1673 3310 commovemur
1694 3297 1709 3320 ,
1758 3275 1929 3330 neque
1953 3276 2075 3316 cum

484 3330 706 3387 domum
732 3337 935 3392 reversi
962 3354 1145 3394 sumus
1179 3358 1193 3395 :
1227 3342 1321 3396 sed
1345 3353 1544 3399 etcum
1583 3363 1766 3403 mensa
1803 3351 1955 3407 nobis
1981 3368 2077 3423 ap-

483 3422 656 3491 posita
675 3422 873 3494 fuerit,
916 3441 1061 3498 s:epe
1089 3431 1308 3487 infinitis
1352 3432 1508 3490 bonis
1539 3436 1736 3492 referta
1776 3422 2073 3511 (siquidem

481 3527 548 3567 ea
596 3513 732 3570 bona
760 3519 994 3572 vocanda
1025 3530 1150 3574 sunt
1177 3538 1299 3592 qua:
1338 3524 1406 3578 ad
1445 3535 1642 3582 nostra:
1677 3528 2076 3588 inhumanitalis

481 3603 982 3663 condemnationem
1027 3614 1442 3686 comedimus),
1499 3634 1862 3677 verumtamen
1913 3627 2072 3680 etiam

483 3706 605 3747 cum
633 3697 874 3765 apposita
903 3697 1063 3753 fuerit
1091 3717 1300 3770 mensa,
1327 3705 1452 3759 dum
1480 3723 1576 3776 per
1594 3711 1905 3781 angiportus
1935 3714 2072 3771 infe-

482 3783 597 3837 rius
639 3784 760 3839 illos
809 3787 1116 3846 incedentes
1158 3793 1439 3860 audimus,
1486 3807 1540 3852 et
1576 3799 1629 3854 in
1669 3803 1841 3857 triviis
1879 3821 2070 3878 magna

483 3890 614 3930 voce
642 3879 970 3946 clamantes,
1015 3885 1294 3954 profundis
1335 3887 1577 3945 dolentes
1616 3893 1929 3952 intenebris
1954 3938 1968 3960 ,
2017 3903 2068 3954 in
2166 3955 2170 3959 .

477 3965 645 4020 multa
676 3969 991 4037 solitudine,
1040 3990 1108 4031 ne
1135 3977 1212 4030 sic
1235 3978 1449 4046 quidem
1490 3997 1894 4041 commoventur
1925 4006 1938 4040 :
1971 3990 2070 4046 sed

479 4063 537 4108 ct
565 4057 731 4111 saturi
755 4058 882 4114 dum
911 4061 979 4117 ad
1021 4078 1269 4120 somnum
1313 4083 1412 4123 nos
1451 4075 1847 4140 convertimus,
1880 4087 1935 4132 et
1979 4079 2070 4134 illo

478 4159 666 4199 rursus
694 4155 934 4217 tempore
958 4155 1138 4208 multis
1177 4157 1500 4215 clamoribus
1537 4163 1777 4220 dolorem
1812 4177 2070 4227 testantes

479 4233 748 4301 audimus,
781 4241 932 4307 quasi
977 4243 1218 4298 rabidum
1248 4261 1435 4302 canem
1458 4291 1473 4314 ,
1519 4267 1624 4306 non
1652 4253 1936 4312 humanam
1969 4277 2067 4316 vo-

479 4341 595 4381 cem
618 4326 944 4398 audiremus,
975 4331 1044 4385 ita
1075 4337 1410 4404 praeterimus
1435 4357 1449 4394 :
1479 4353 1531 4396 et
1560 4359 1734 4414 neque
1758 4347 2068 4408 difficultate

477 4420 739 4488 temporis
767 4437 1066 4492 movemur,
1096 4428 1238 4497 quod
1268 4429 1582 4502 intempesta
1614 4447 1771 4494 nocte
1795 4440 2066 4500 dormien-

475 4509 619 4565 tibus
647 4513 896 4570 omnibus
921 4517 1242 4576 lamentetur
1269 4523 1359 4579 ille
1382 4525 1548 4594 solus,
1580 4544 1754 4600 neque
1779 4537 1918 4602 quod
1947 4554 2066 4607 per-

475 4604 722 4674 exiguum
752 4609 878 4680 quid
920 4613 1184 4681 postulet,
1233 4618 1376 4687 quod
1401 4619 1532 4674 nihil
1559 4624 1788 4694 amplius
1835 4644 1864 4683 a
1910 4604 2064 4688 nobis

473 4711 633 4761 quam
661 4715 852 4772 panem
873 4741 888 4767 ,
934 4715 1025 4759 aut
1049 4709 1265 4775 paulqu
1295 4713 1497 4780 argenti
1523 4725 1700 4783 petat,
1745 4735 1917 4790 neque
1947 4739 2061 4777 ma-

473 4783 748 4849 gnitudine
770 4791 1087 4850 calamitatis
1112 4837 1125 4860 ,
1163 4799 1306 4867 quod
1337 4813 1592 4872 perpetua
1623 4807 1758 4863 fame
1784 4783 2061 4868 conflicte-

475 4883 584 4940 tur,
619 4891 794 4947 neque
837 4882 1098 4940 modestia
1138 4890 1506 4959 supplicantis,
1536 4898 1765 4964 quicum
1799 4911 1940 4957 unita
1969 4920 2063 4959 ne-

469 4967 722 5022 cessitate
764 4983 1065 5040 prematur,
1105 4993 1210 5032 non
1254 4979 1319 5034 ad
1359 4981 1502 5039 fores
1533 4989 1790 5046 accedere
1828 4993 2059 5060 audeat,

472 5070 580 5110 non
605 5061 850 5116 cominus
880 5073 1040 5130 stare,
1073 5068 1166 5121 sed
1197 5069 1415 5126 inferius
1437 5074 1592 5146 longo
1623 5090 1860 5137 remotus
1890 5095 2056 5140 mter-

471 5153 614 5208 vallo
643 5155 1082 5227 supplicationem
1128 5174 1276 5215 suam
1308 5165 1516 5220 offerat.
1556 5170 1633 5225 Ac
1661 5174 1935 5243 siquidem
1967 5195 2058 5232 ac-

471 5243 676 5311 cipiat,
717 5245 1023 5303 innumeras
1050 5267 1238 5320 preces
1277 5257 1562 5325 rependit:
1590 5261 1635 5316 si
1663 5279 1766 5318 nou
1809 5268 2053 5336 accipiat,

474 5347 542 5388 ne
562 5335 640 5388 sic
657 5336 870 5405 quidem
893 5355 1138 5410 asperum
1167 5347 1385 5401 verbum
1404 5350 1619 5418 emittit,
1650 5369 1822 5425 neque
1850 5335 2056 5427 probris

472 5421 763 5480 insectatur
785 5438 878 5483 aut
899 5429 1117 5486 infamat
1143 5450 1258 5502 eos,
1286 5438 1377 5508 qui
1404 5454 1523 5496 cum
1551 5441 1681 5499 dare
1707 5421 1933 5515 possint,
1977 5452 2056 5504 tti-

474 5509 550 5565 hil
582 5515 820 5580 przebent
847 5535 861 5571 :
893 5520 986 5575 sed
1029 5532 1086 5577 ut
1121 5527 1381 5596 quispiam
1411 5529 1536 5585 dum
1564 5533 1632 5588 ad
1662 5509 2051 5594 intolerandum

472 5601 740 5667 quoddam
766 5609 1084 5678 supplicium
1113 5630 1143 5668 a
1167 5619 1414 5676 carnifice
1439 5622 1648 5680 ducitur
1669 5667 1684 5692 ,
1710 5627 1904 5687 deinde
1928 5646 2052 5688 cum

476 5699 857 5755 praetereuntes
879 5713 1065 5758 onmes
1089 5703 1372 5766 cohortalis
1397 5722 1450 5768 et
1489 5714 1780 5775 obsecrans
1797 5760 1813 5787 ,
1847 5720 2048 5780 nullum

1291 309 1346 363 S.
1389 306 1669 364 ,ΜΛΝΜὸ
1706 302 2184 362 CHRYSOSTOMI
2226 303 2547 363 ARClllEP.
2586 311 3117 372 CONSTANTINUP.
3641 337 3721 395 om

2218 417 2513 474 subsidium
2541 421 2785 479 obtinere
2811 428 3060 493 potuerit,
3084 430 3242 485 tnulta
3267 449 3383 490 cum
3407 437 3724 507 inhumanitate

2212 508 2276 562 ad
2306 511 2621 582 supplicium
2651 515 2896 571 ducitur:
2927 519 2996 572 ita
3027 518 3112 575 hic
3138 537 3346 594 quoque
3375 527 3487 581 dum
3509 543 3721 604 tamquam

2209 618 2236 654 a
2261 604 2510 659 carnifice
2543 605 2768 662 trahitur
2796 608 2861 660 ad
2889 621 3098 667 noctem
3123 628 3152 667 a
3175 612 3336 679 fame,
3363 631 3511 690 atque
3535 627 3589 679 ad
3619 631 3717 699 rigi-

2209 689 2305 747 lias
2349 695 2708 754 intolerabiles
2732 741 2746 762 ,
2800 716 2989 756 manus
3016 704 3216 769 tendit,
3255 719 3306 761 et
3337 712 3606 770 vehementi
3628 736 3718 773 cum

2205 784 2441 840 clamore
2488 803 2698 842 sursum
2730 789 2780 844 in
2811 791 3015 848 aedibus
3044 795 3290 853 sedentes
3315 800 3610 870 deprecans,
3649 831 3720 868 nec

2207 874 2366 928 ullum
2399 876 2742 934 humanitatis
2779 881 3036 939 auxilium
3084 883 3404 956 impetratis,
3448 909 3556 949 cum
3597 903 3718 955 multa

2201 967 2517 1026 crudelitate
2559 971 3052 1032 immisericorditer
3077 979 3404 1037 amandatur.
3435 985 3558 1042 Nihil
3585 1002 3716 1048 tamen

2202 1058 2390 1114 horum
2423 1078 2520 1118 nos
2554 1064 2806 1133 inﬂectit,
2852 1067 2945 1121 sed
2967 1077 3087 1138 post
3117 1081 3313 1127 tantam
3349 1075 3716 1139 inhumanitatetn

2201 1165 2390 1204 manus
2420 1150 2472 1205 in
2498 1154 2687 1207 caelum
2714 1155 2936 1212 tendere
2961 1159 3218 1215 audemus
3241 1205 3255 1225 ,
3304 1180 3364 1218 ac
3390 1166 3452 1221 de
3476 1167 3719 1227 misericor-

2198 1238 2282 1292 dia
2314 1241 2453 1310 apud
2495 1243 2659 1297 Deum
2685 1246 2844 1299 verba
2873 1245 3050 1304 facere
3075 1291 3090 1316 ,
3135 1255 3445 1324 veniamque
3473 1269 3714 1316 nostrorum

2197 1329 2515 1387 delictorum
2547 1335 2816 1403 postulare
2841 1355 2855 1400 ;
2911 1355 3010 1396 nec
3041 1341 3288 1399 timemus
3307 1387 3321 1409 ,
3364 1364 3426 1401 ne
3455 1347 3595 1407 finitis
3613 1354 3717 1423 ejus-

2198 1422 2340 1475 modi
2371 1425 2619 1491 precibns
2649 1437 2764 1496 post
2807 1439 3005 1485 tantam
3048 1435 3412 1491 crudelitatem
3453 1451 3500 1494 et
3525 1422 3714 1499 immani-

2198 1522 2356 1569 tatem
2384 1516 2450 1570 de
2473 1519 2606 1573 ca-lo
2633 1519 2827 1576 fulmen
2862 1521 2912 1576 iu
2948 1539 3044 1578 nos
3070 1537 3208 1580 ruat.
3241 1528 3362 1596 Qui,
3391 1548 3566 1600 quaeso,
3593 1535 3651 1601 fit,
3673 1547 3714 1590 ut

2195 1617 2315 1657 cum
2337 1606 2402 1659 ad
2426 1622 2671 1662 Somnum
2692 1618 2748 1665 et
2775 1613 3006 1681 quietem
3032 1616 3322 1686 pergimus,
3350 1632 3448 1673 nou
3472 1638 3712 1691 vereamur,

2197 1709 2263 1748 ue
2289 1695 2444 1751 nobis
2475 1696 2562 1753 hic
2589 1699 2705 1770 ipse
2731 1717 2932 1772 pauper
2962 1704 3012 1758 in
3053 1710 3257 1763 somnis
3294 1724 3536 1781 apparens
3559 1716 3711 1785 squali-

2192 1781 2316 1849 dus,
2347 1785 2620 1854 sordidus,
2653 1792 2842 1858 pannis
2867 1793 3094 1861 obsitus,
3123 1796 3456 1865 lamentetur,
3484 1819 3538 1857 ac
3562 1781 3711 1874 lugeat,

2192 1879 2247 1926 et
2283 1875 2654 1933 crudelitatem
2702 1883 3030 1952 exprobret?
3074 1886 3167 1942 Sic
3209 1889 3351 1944 enim
3382 1894 3557 1948 multos
3578 1895 3710 1950 audivi

2191 1961 2430 2020 dicentes
2471 1981 2530 2022 se
2558 2009 2574 2035 ,
2624 1986 2746 2024 cum
2794 1971 2863 2027 de
2911 1974 2998 2030 die
3025 1980 3348 2048 pauperibus
3371 1983 3620 2041 subvenire
3645 2003 3709 2041 ne

2189 2053 2497 2123 glexissent,
2519 2057 2663 2122 visos
2688 2062 2789 2117 sibi
2814 2065 2882 2120 de
2904 2078 3059 2122 nocte
3081 2068 3299 2126 funibus
3323 2076 3603 2131 constrictos
3619 2093 3708 2146 ege-

2191 2159 2380 2200 norum
2399 2160 2556 2204 manu
2580 2151 2740 2218 trahi,
2763 2155 3014 2221 cruciari,
3038 2169 3092 2214 et
3116 2160 3408 2219 innumeris
3436 2167 3570 2222 malis
3587 2167 3706 2220 παῖε-ἰ.

2188 2232 2296 2291 Sed
2324 2236 2436 2294 haac
2459 2241 2674 2310 quidem
2701 2257 2922 2300 somnus
2938 2259 3058 2303 suut
3081 2260 3138 2305 et
3165 2253 3497 2320 insomnium,
3521 2273 3573 2312 ac
3592 2274 3707 2326 pinna

2190 2332 2507 2398 temporaria
2535 2351 2548 2386 :
2581 2350 2680 2391 nos
2708 2346 2884 2393 autem
2905 2355 3082 2398 nonne
3109 2347 3414 2410 metuimus,
3459 2366 3628 2418 quzeso,
3661 2367 3710 2403 ne

2186 2419 2399 2487 quando
2425 2435 2712 2493 pauperem
2736 2425 2877 2483 ltunc
2899 2429 3305 2502 lamentantem,
3338 2437 3644 2502 clamantem,
3666 2447 3708 2491 et

2187 2509 2484 2578 plorantem
2512 2515 2562 2568 in
2588 2515 2816 2573 Abrahae
2831 2519 2948 2574 sinu
2972 2522 3272 2592 videamus,
3297 2537 3350 2582 ut
3371 2529 3486 2584 olim
3508 2529 3708 2585 Lamum

2186 2601 2275 2658 ille
2296 2602 2491 2661 dives?
2514 2607 2645 2674 Quae
2670 2626 2800 2666 vero
2829 2621 2884 2666 et
2911 2627 3211 2684 sequuntur
3243 2620 3390 2686 inde,
3422 2633 3587 2676 vestra:
3609 2637 3708 2676 con-

2185 2691 2424 2748 scientiae
2450 2696 2751 2769 colligenda
2782 2702 3046 2774 relinquo,
3075 2712 3384 2778 peracerba,
3411 2721 3461 2766 et
3482 2711 3707 2766 intoleran-

2183 2785 2250 2840 da
2278 2785 2366 2840 illa
2395 2796 2673 2857 tormenta,
2702 2809 2814 2864 quo
2845 2806 3001 2865 pacto
3029 2815 3223 2869 aquam
3247 2804 3465 2872 petierit,
3487 2819 3576 2873 quo
3594 2814 3708 2872 pacm

2183 2895 2252 2934 ne
2276 2889 2477 2950 guttam
2502 2883 2722 2953 quidem
2751 2886 3063 2954 obtinuerit,
3098 2909 3208 2962 quo
3242 2904 3389 2964 pacto
3418 2896 3617 2949 cruciata
3635 2896 3707 2947 lin-

2181 2983 2283 3039 gua
2314 2969 2491 3038 fuerit,
2521 2976 2789 3043 quomodo
2816 2989 2934 3046 post
2963 2982 3161 3036 multas
3192 2998 3376 3052 preces
3400 2986 3528 3039 fusas
3551 2985 3704 3038 nullam

2183 3058 2343 3115 fuerit
2380 3062 2588 3119 veniam
2629 3079 3028 3137 consequutus,
3081 3082 3139 3126 et
3189 3075 3450 3144 quomodo
3489 3074 3707 3144 suppliciis

2183 3159 2525 3223 torqueretur
2549 3158 2784 3212 aeternis.
2813 3161 2883 3213 At
2909 3161 3052 3215 enim
3083 3164 3226 3219 absit
3265 3175 3323 3220 ut
3351 3166 3442 3220 ista
3471 3180 3557 3220 nos
3580 3179 3706 3233 expe-

2180 3241 2414 3298 rimento
2439 3258 2723 3301 noscamus
2745 3287 2762 3314 ,
2817 3249 2911 3303 sed
2937 3265 2998 3306 ea
3028 3260 3236 3309 tantum
3276 3256 3411 3310 dicta
3452 3255 3705 3317 audientes,

2180 3333 2354 3388 minas
2373 3336 2626 3405 operibus
2654 3338 2825 3394 illatas
2845 3343 3127 3411 evitemus,
3151 3362 3216 3402 ac
3241 3348 3379 3420 digni
3402 3349 3588 3414 redditi,
3605 3361 3706 3416 quos

2181 3438 2412 3493 proavus
2439 3427 2705 3484 Abraham
2735 3433 2961 3489 comiter
2983 3451 3045 3491 ac
3072 3452 3412 3507 peramanter
3429 3441 3641 3510 excipiat,
3658 3437 3705 3490 ad

2179 3515 2427 3570 eumdem
2459 3532 2582 3571 cum
2609 3519 2700 3572 illo
2723 3525 3004 3590 pervenire
3041 3528 3219 3584 locum
3265 3533 3542 3600 possimus,
3579 3528 3706 3601 gratia

2178 3612 2234 3658 et
2262 3604 2588 3677 benignitate
2620 3608 2828 3666 Domini
2857 3617 3024 3670 nostri
3054 3617 3185 3674 Jesu
3226 3620 3448 3687 Christi,
3495 3637 3596 3676 cum
3627 3633 3705 3686 quo

2178 3693 2320 3749 Patri
2344 3696 2533 3766 gloria,
2553 3696 2745 3766 honor,
2769 3701 3075 3773 imperium,
3095 3724 3200 3764 una
3217 3725 3334 3766 cum
3350 3712 3530 3782 Spiritu
3545 3714 3707 3772 sancto,

2178 3802 2320 3842 nunc
2349 3797 2404 3844 et
2429 3803 2659 3860 semper,
2695 3802 2746 3848 et
2769 3794 2823 3849 in
2851 3798 3049 3852 saecula
3075 3803 3410 3858 saeculorum.
3437 3806 3602 3858 Amen.

2742 3925 2975 3986 δεηΜο
3015 3932 3079 3988 γι
3104 3933 3207 4008 (α).

2173 4053 2253 4109 De
2295 4056 2450 4128 ligno,
2499 4075 2567 4113 an
2609 4077 2672 4114 ea:
2722 4078 2779 4116 eo
2813 4066 3146 4134 cognitionem
3180 4071 3298 4126 boni
3319 4082 3364 4126 et
3390 4073 3503 4126 mali
3526 4069 3702 4124 Adonim

2242 4149 2456 4217 adeptus
2477 4150 2561 4214 sit,
2588 4169 2654 4205 an
2681 4168 2792 4208 vero
2823 4166 3090 4228 antequam
3135 4163 3320 4228 ederet,
3348 4165 3436 4218 Imc
3458 4165 3701 4233 dignoscan-

2243 4238 2298 4290 di
2322 4240 2564 4308 fitcultate
2590 4243 2830 4310 pra’ditus
2857 4247 3008 4316 fuerit
3042 4267 3060 4302 :
3087 4251 3304 4322 itemque
3350 4256 3409 4308 de
3441 4252 3633 4326 jejunio,
3668 4256 3701 4299 ef

2242 4329 2378 4398 quod
2395 4341 2622 4399 oporteat
2650 4333 2788 4388 domi
2821 4339 3056 4393 meditari
3078 4359 3194 4410 qum
3217 4343 3270 4398 in
3295 4345 3488 4401 εεειεεὶα
3513 4344 3700 4396 dicuntur

2242 4420 2261 4487 (
2287 4419 2412 4474 Gen.
2437 4420 2492 4475 2.
2519 4423 2604 4478 l7.
2627 4441 2736 4496 sqq.
2771 4427 2810 4495 ).

2242 4533 2294 4588 l.
2337 4531 2542 4598 Quanto
2594 4537 2768 4590 utilius
2807 4541 2872 4592 sit
2909 4544 3233 4599 concionibus
3280 4546 3539 4607 interesse,
3583 4554 3699 4608 quam

2172 4624 2401 4693 profanis
2427 4627 2766 4681 conventibus.
2797 4659 2867 4669 —
2892 4629 3161 4700 Jejunium
3191 4637 3396 4706 quidem
3422 4634 3568 4704 diligo
3588 4628 3696 4700 quod

2173 4715 2534 4782 temperantia:
2570 4718 2639 4772 sit
2676 4734 2888 4788 parens,
2920 4733 2974 4778 et
2997 4725 3115 4780 fons
3140 4727 3313 4784 omnis
3355 4723 3696 4800 philosophiae:

2169 4803 2262 4856 sed
2317 4813 2370 4857 et
2418 4806 2546 4861 illud
2583 4818 2797 4878 propter
2826 4828 2921 4867 vos
2939 4814 3125 4886 diligo,
3155 4829 3211 4874 et
3261 4829 3470 4891 propter
3511 4824 3696 4871 vestram

2167 4895 2463 4963 caritatem,
2487 4900 2626 4967 quod
2655 4900 2794 4957 hunc
2808 4904 2936 4959 mihi
2965 4921 3174 4965 sacrum
3205 4922 3360 4982 atque
3383 4905 3692 4967 venerandum

2167 4996 2358 5040 emtum
2371 4989 2623 5058 coegerit,
2639 4991 2796 5061 idque
2812 5004 3046 5064 pra'Stet,
3063 5010 3118 5053 ut
3135 5011 3340 5070 optatos
3353 5001 3514 5055 vultus
3531 5004 3694 5050 vestro!

2167 5073 2354 5130 intueri
2372 5079 2654 5145 possimus,
2669 5090 2722 5134 et
2733 5085 3014 5150 concedat,
3037 5099 3096 5143 ut
3113 5089 3211 5144 hoc
3237 5106 3386 5146 sacro
3401 5095 3634 5144 conventu
3647 5093 3694 5134 ac

2165 5165 2448 5225 festivitate
2460 5186 2579 5225 cum
2604 5173 2789 5229 fiducia
2807 5177 3151 5236 delectemur.
3175 5183 3285 5238 Non
3307 5185 3441 5239 enim
3453 5179 3623 5237 errabit
3644 5175 3691 5233 is.

2163 5260 2252 5328 qui
2271 5276 2579 5317 consessum
2599 5263 2740 5321 hunc
2754 5279 2991 5324 vestrum
3017 5284 3070 5327 et
3099 5291 3304 5330 sacrmu
3319 5284 3624 5330 conventum,
3651 5273 3689 5360 ei

2164 5347 2519 5418 festivitatem,
2549 5361 2603 5408 et
2625 5355 2725 5410 alia
2748 5371 2995 5415 sexcenta
3018 5363 3152 5418 bona
3175 5364 3494 5435 nuncuparit.
3523 5358 3634 5414 Nam
3655 5352 3688 5405 si

2163 5436 2216 5490 in
2255 5437 2426 5494 forum
2466 5442 2730 5510 profectus
2755 5449 3038 5518 quispiam,
3071 5454 3197 5509 etin
3225 5456 3442 5524 aliquem
3490 5446 3685 5504 incidens

2161 5542 2223 5582 ex
2247 5531 2450 5597 amicis,
2479 5548 2693 5591 omnem
2716 5552 2859 5608 saepe
2887 5541 3154 5600 tristitiam
3197 5546 3443 5614 abstergit
3471 5559 3482 5595 :
3505 5551 3590 5594 nos
3617 5533 3684 5601 (ιυί

2161 5680 2305 5804 sui?“
2475 5691 2760 5798 mm
2786 5699 2839 5744 εί
2858 5704 3159 5758 malum
3172 5697 3335 5750 confer
3347 5692 3609 5749 ctuuﬂomll.
3625 5681 3670 5731 18
