3964 6424
217 377 314 432 603

212 488 524 560 ἀνθρώπους
555 487 862 558 βλέποντες,
893 490 1064 553 οὕτως
1088 489 1268 543 οἴκαδε
1303 490 1653 559 ἐπειγόμεθα.
1703 491 1777 541 Τὸ

215 581 317 651 γάρ
344 582 536 650 πεινῆν
565 579 996 648 καταναγκάζει,
1029 582 1182 652 φησί.
1220 581 1329 634 Καὶ
1366 581 1470 651 μὴν
1494 581 1556 633 τὸ
1590 582 1780 651 πεινῇν

212 671 444 725 πειθέτω
469 670 649 740 μένειν
666 689 679 702 ·
700 673 756 722 αί
777 672 876 741 μὲν
892 672 1001 742 γάρ
1017 673 1041 723 ἐ
1050 673 1470 742 μπεπλησμέναι
1490 671 1775 742 γαστέρες,

213 761 350 816 κατά
375 761 475 832 τὴν
502 762 818 831 παροιμίαν,
850 763 949 825 τὰς
980 763 1256 826 πεινώσας
1285 762 1570 830 ἀγνοοῦσιν
1597 778 1611 796 ο
1643 763 1696 816 αῖ
1720 761 1777 814 δὲ

213 852 474 906 πεινῶσαι
503 853 565 904 ἐκ
603 854 702 922 τῆς
734 852 941 916 οἰκείας
973 854 1220 924 ἀνάγκης
1244 853 1340 907 καὶ
1365 853 1463 922 τὴν
1491 852 1778 922 ἀλλοτρίαν

213 940 629 1011 ἐπιγινώσκουσι
664 959 678 972 ·
717 941 916 1012 μᾶλλον
938 943 995 995 δὲ
1015 943 1135 996 οὐδὲ
1173 941 1316 996 οὕτω
1345 943 1565 996 δυνατὸν
1597 944 1776 996 πᾶσαν

213 1032 372 1102 αὐτὴν
409 1031 667 1085 κατιδεῖν.
714 1032 786 1086 Σὺ
825 1033 923 1102 μὲν
971 1032 1080 1101 γάρ
1129 1033 1222 1086 ἐπὶ
1253 1033 1776 1103 παρεσκευασμένην

212 1123 416 1192 τρέχεις
443 1121 745 1193 τράπεζαν,
785 1125 875 1176 καὶ
894 1123 1014 1176 οὐδέ
1052 1123 1245 1194 μικρὸν
1270 1125 1558 1194 ἀναμεῖναι
1583 1123 1772 1196 ἀνέχῃ·

212 1219 238 1268 ὀ
260 1216 314 1267 δὲ
336 1214 503 1282 πένης
524 1213 723 1284 ἕστηκε
756 1214 917 1285 μέχρι
931 1219 1032 1285 τῆς
1060 1216 1297 1287 ἑσπέρας
1321 1216 1510 1286 αὐτῆς,
1530 1215 1774 1268 σπεύδων

213 1307 299 1359 καὶ
321 1304 667 1374 ἐπειγόμενος
698 1305 800 1376 τὴν
821 1307 1094 1378 ἐφήμερον
1116 1308 1319 1378 τροφὴν
1338 1308 1656 1377 ἀπαρτίσαι·
1682 1307 1776 1360 καὶ

211 1399 344 1469 ὀρῶν
376 1397 476 1468 τὴν
493 1397 591 1466 μὲν
624 1397 836 1467 ἡμέραν
879 1396 1278 1468 πληρωθεῖσαν,
1309 1398 1370 1450 τὸ
1425 1399 1480 1450 δέ
1512 1397 1772 1468 ἀργύριον

211 1489 412 1544 οὐδέπω
440 1487 727 1559 πληρωθὲν
751 1487 915 1547 ἅπαν,
943 1488 1002 1541 τὸ
1028 1489 1162 1559 πρὸς
1188 1489 1392 1560 τροφὴν
1426 1489 1627 1559 ἀρκοῦν
1678 1491 1774 1556 ἐφ-

211 1585 423 1654 ήμερον,
448 1581 700 1632 ὀδυνάται
733 1581 824 1632 καὶ
861 1579 1222 1652 ἐμπίπραται,
1263 1579 1356 1632 καὶ
1404 1580 1626 1650 μείζονα
1673 1580 1774 1648 τῆς

211 1673 406 1736 οἰκείας
435 1671 721 1740 δυνάμεως
760 1671 963 1741 τολμᾷν
997 1670 1499 1737 ἀναγκάζεται.Διά
1533 1670 1690 1724 τοῦτο
1715 1674 1772 1722 ἐν

211 1763 408 1834 ἑσπέρᾳ
448 1761 805 1832 σφοδρότερον
827 1762 956 1830 ἡμῖν
981 1761 1333 1820 ἐπιτίθενται,
1356 1760 1638 1830 ὀμνύντες,
1675 1761 1769 1831 ὁρ⁴

211 1855 439 1919 κοῦντες,
463 1853 810 1924 θρηνοῦντες,
841 1852 1243 1923 ὀλοφυρόμενοι,
1275 1853 1372 1916 τὰς
1395 1855 1582 1923 χεῖρας
1599 1853 1774 1904 ἐκτείο

210 1964 398 2010 νοντες,
456 1946 628 2016 μυρία
690 1945 852 2015 ἕτερα
885 1945 1259 2014 ἀναισχυντεῖν
1317 1945 1766 2014 ἀναγκαζόμενοι.

210 2039 477 2091 Δεδοίκαοντ⁵
532 2037 643 2106 γὰρ
687 2036 782 2106 μὴ,
821 2035 1038 2088 πάντων
1073 2036 1254 2088 οἴκαδε
1279 2035 1768 2106 ἀναχωρησάντων,

215 2128 352 2201 [669]
371 2127 445 2190 ὡς
467 2130 525 2180 ἐν
549 2129 761 2199 ἐρήμῳ,
782 2130 846 2197 τῇ
880 2126 1029 2180 πόλει
1057 2126 1360 2180 πλανᾶσθαι
1393 2127 1644 2194 μέλλωσι.
1665 2125 1772 2178 Καὶ

213 2219 449 2290 καθάπερ
481 2219 533 2272 οἱ
561 2219 804 2289 ναυαγίῳ
826 2218 1212 2288 περιπεσόντες
1234 2218 1292 2270 ἐν
1317 2218 1520 2289 ἡμέρᾳ,
1556 2216 1773 2270 ἐπειδὰν

213 2311 565 2364 ἐπιλάϐωνται
612 2311 840 2371 σανίδος,
888 2310 994 2380 πρὸ
1041 2310 1142 2380 τῆς
1187 2309 1423 2380 ἑσπέρας
1454 2308 1543 2361 τὸν
1581 2309 1772 2378 λιμένα

213 2403 523 2456 καταλαϐεῖν
547 2401 880 2469 ἐπείγονται,
900 2403 1110 2470 μήποτε
1139 2399 1237 2470 τῆς
1271 2399 1464 2462 νυκτὸς
1519 2399 1774 2452 ἐπελθού-

215 2511 303 2565 σης
328 2493 428 2558 ἔξω
454 2494 741 2564 μείναντες
762 2491 1140 2561 χαλεπωτέρου
1165 2490 1464 2560 πειραθῶσι
1489 2490 1582 2544 τοῦ
1609 2506 1774 2542 ναυα·

211 2586 340 2652 γίου·
365 2583 508 2637 οῦτω
523 2583 622 2637 καὶ
642 2583 692 2635 οἰ
726 2584 976 2651 πένητες,
994 2583 1241 2654 καθάπερ
1265 2583 1520 2649 ναυάγιον
1539 2580 1772 2635 δεδοικό-

213 2694 291 2738 τες
317 2677 406 2729 τόν
423 2675 606 2745 λιμδν,
639 2675 927 2727 σπεύδουσι
975 2674 1081 2745 πρὸ
1123 2674 1224 2743 τῆς
1272 2673 1508 2741 ἑσπέρας
1539 2671 1599 2724 τὸ
1638 2671 1774 2742 πρὸς

212 2766 396 2838 τροφὴν
424 2767 612 2828 αὐτοῖς
628 2765 888 2836 ἀργύριον
926 2764 1128 2836 ἀρκοῦν
1177 2767 1520 2833 συναγαγεῖν,
1559 2765 1644 2818 ἵνα
1677 2764 1770 2834 μὴ,

213 2855 412 2910 πάντων
469 2853 946 2924 ἀποδημησάντων
1013 2853 1216 2916 οἴκαδε,
1275 2853 1378 2916 ἔξω
1439 2852 1530 2908 τοῦ
1560 2852 1778 2923 λιμένος.

215 2943 438 3012 μείνωσι.
461 2942 646 3013 Λιμὴν
667 2942 775 3012 γάρ
804 2942 987 3005 αὐτοῖς
1019 2942 1198 2996 αἰτῶν
1226 2940 1773 3012 ἀντιλαμϐανομένων

213 3035 375 3108 χεῖρές
397 3037 561 3088 εἰσιν.

272 3221 331 3276 δ’.
350 3223 541 3292 Ἡμεῖς
572 3220 629 3273 δὲ
640 3219 762 3274 οὔτε
780 3223 836 3274 ἐν
853 3221 1025 3290 ἀγορᾷ
1044 3219 1176 3290 πρὸς
1198 3218 1294 3282 τάς
1318 3217 1540 3272 ἐκείνων
1561 3217 1772 3287 ἐκκαμ-

211 3315 438 3385 πτόμεθα
463 3312 778 3384 συμφορὰς,
809 3311 934 3365 οὔτε
962 3311 1142 3364 οἴκαδε
1168 3309 1510 3372 ἀπελθόντες·
1534 3307 1669 3361 ἀλλά
1682 3309 1774 3361 καὶ¹

209 3406 297 3474 τῆς
317 3406 599 3475 τραπέζης
628 3406 761 3474 ἡμῖν
797 3403 1227 3474 παρακειμένης,
1261 3401 1522 3464 πολλάκις
1557 3401 1650 3453 καὶ
1675 3417 1776 3470 μυ-

212 3495 330 3565 ρίων
375 3494 660 3566 γεμούσης
702 3493 922 3561 ἀγαθῶν
967 3494 1102 3564 (είγε
1135 3493 1313 3562 ἀγαθά
1351 3493 1457 3565 χρὴ
1500 3493 1704 3555 καλεῖν,
1739 3492 1775 3546 ἃ

210 3587 293 3639 ἐπὶ
329 3585 654 3657 κατα-κρίσει
695 3586 793 3655 τῆς
837 3584 994 3654 ἡμῶν
1044 3584 1438 3654 ἀπανθρωπίας
1476 3583 1772 3654 ἐσθίομεν),

210 3678 335 3750 πλὴν
357 3679 490 3732 ἀλλά
521 3679 622 3732 καὶ
646 3679 746 3744 τῆς
779 3674 1054 3746 τραπέζης
1086 3677 1517 3746 παρακειμένης,
1543 3675 1772 3729 ἀκούονο

209 3785 291 3832 τες
315 3769 561 3824 κάτωθεν
588 3767 678 3823 διά
706 3765 816 3822 τῶν
856 3766 1144 3823 στενωπῶν
1177 3766 1499 3836 βαδιζόντων
1528 3766 1772 3827 ἐκείνων,

211 3861 297 3915 καὶ
326 3861 535 3933 μεγάλα
576 3858 820 3930 βοώντων
857 3858 914 3909 ἑν
968 3860 1080 3920 τοῖς
1122 3858 1404 3926 ἀμφόδοις,
1424 3857 1776 3926 ὀδυνωμένων

211 3953 262 4003 ἐν
310 3953 599 4023 βαθυτάτῳ
651 3950 849 4018 σκότῳ,
887 3949 945 4000 ὲν
979 3949 1183 4019 ἐρημίᾳ
1209 3948 1398 4019 πολλῇ,
1456 3947 1576 4001 οὐδὲ
1603 3946 1775 4008 οὕτως

209 4041 685 4114 ἐπικαμπτὸμεθα·
735 4039 870 4093 ἀλλὰ
908 4039 1008 4094 καὶ
1039 4038 1466 4109 ἐμπλησθέντες,
1496 4037 1591 4091 καὶ
1639 4039 1776 4108 πρὸς

212 4131 364 4186 ὕπνον
390 4133 720 4203 βαδίζοντες,
756 4133 850 4186 καὶ
879 4133 934 4184 ἐν
967 4129 1158 4202 ἐκείνῳ
1190 4129 1444 4202 πάλιντῷ
1477 4128 1651 4201 καιρῷ
1675 4147 1773 4198 με·

211 4226 340 4294 γάλα
369 4226 618 4281 κάτωθεν
647 4224 988 4294 ὀδυρομένων
1042 4223 1351 4287 ἀκούοντες,
1399 4222 1587 4292 ὥσπερ
1615 4221 1775 4284 κυνὸς

210 4315 514 4380 λυττῶντος,
543 4313 658 4368 ἀλλ’
711 4315 809 4366 οὐκ
844 4313 1191 4384 ἀνθρωπίνης
1246 4313 1530 4375 ἀκούοντες
1592 4311 1776 4382 φωνῆς

210 4405 340 4458 οὕτω
370 4405 813 4476 παρατρέχομεν·
846 4405 938 4457 καὶ
988 4403 1112 4456 οὔτε
1141 4404 1278 4474 πρὸς
1320 4403 1409 4454 τὸν
1445 4402 1634 4472 καιρὸν
1655 4404 1773 4454 ἐπι-

159 4535 162 4540 -
214 4498 571 4570 στρεφόμεθα,
599 4498 681 4548 ὅτι
722 4497 861 4566 ἀωρὶ
892 4495 1076 4548 λοιπὸν
1103 4494 1210 4546 τῶν
1237 4494 1446 4545 νυκτῶν
1485 4493 1775 4545 καθευδόν-

212 4602 311 4637 των
339 4586 595 4638 ἀπάντων
625 4583 830 4645 ἐκεῖνος
859 4581 1104 4651 ὀδύρεται
1147 4581 1324 4649 μόνος,
1357 4578 1479 4631 οὔτε
1522 4580 1658 4648 πρὸς
1719 4579 1776 4631 τὸ

217 4675 403 4742 κοῦφον
431 4676 531 4744 τῆς
561 4673 850 4742 αἰτήσεως,
881 4673 961 4725 ὅτι
1012 4671 1175 4742 ἄρτου
1228 4671 1389 4724 πλέον
1436 4671 1587 4723 οὐδὲν
1629 4672 1789 4739 ἡμᾶς·

213 4767 443 4831 ἀπαιτεῖ,
467 4767 500 4838 ἢ
529 4765 790 4836 ἀργύριον
813 4765 1010 4832 ὀλίγον,
1034 4763 1157 4817 οῦτε
1183 4764 1314 4834 πρὸς
1354 4763 1414 4816 τό
1437 4762 1662 4832 μέγεθος
1681 4765 1778 4833 τῆς

215 4859 510 4926 συμφορᾶς,
541 4855 780 4925 ὃτιλιμῷ
803 4854 1021 4907 παλαίει
1062 4855 1316 4925 διηνεκεῖ,
1346 4853 1468 4906 οῦτε
1517 4855 1652 4924 πρὸς
1679 4853 1778 4920 τὴν

214 4947 502 4999 ἐπιείκειαν
561 4948 652 4999 τοῦ
705 4947 882 4999 ἱκέτου
909 4987 924 5010 ,
977 4947 1059 5000 δτι
1122 4945 1355 5017 τοσαύτῃ
1418 4947 1778 5017 κατεχόμενος

213 5035 440 5104 ἀνάγκη,
454 5036 518 5087 οὐ
543 5036 676 5105 πρὸς
695 5035 793 5098 τὰς
824 5036 993 5106 θύρας
1018 5036 1210 5100 ἐλθεῖν,
1229 5037 1326 5088 οὐκ
1343 5036 1506 5104 ἐγγὺς
1527 5036 1778 5103 γενέσθαι

213 5121 398 5192 τολμᾷ,
451 5123 588 5176 ἀλλά
643 5124 885 5182 κάτωθεν
924 5127 987 5178 ἐκ
1033 5125 1227 5178 πολλοῦ
1262 5124 1358 5198 τοῦ
1415 5126 1781 5196 διαστήματος

215 5217 439 5267 ποιεῖται
458 5215 561 5284 τὴν
589 5215 883 5285 ἱκετηρίαν.
915 5216 1031 5272 Κᾶν
1066 5217 1163 5285 μὲν
1191 5217 1348 5288 λάϐῃ,
1382 5217 1575 5288 μυρίας
1598 5217 1780 5270 δίδωσι

214 5303 306 5365 τὰς
329 5305 513 5374 εὐχάς·
542 5304 607 5358 ἂν
637 5306 691 5358 δὲ
723 5306 799 5376 μὴ
829 5305 966 5378 λάϐῃ
987 5347 1001 5371 ,
1027 5308 1146 5360 οὐδέ
1176 5308 1319 5361 οὕτω
1362 5308 1556 5378 πικρὸν
1587 5308 1781 5361 ἐκϐάλ-

215 5391 291 5444 λει
312 5395 482 5464 ῥῆμα,
513 5397 634 5448 οὐδὲ
665 5396 985 5467 λοιδορεῖται
1009 5400 1102 5452 καὶ
1130 5398 1439 5468 βλασφημεῖ
1467 5399 1591 5462 τοὺς
1617 5398 1774 5451 δυνα-

219 5483 404 5549 μένους
431 5485 634 5552 δοῦναι,
673 5490 766 5542 καὶ
802 5489 878 5560 μὴ
930 5489 1288 5561 παρέχοντας·
1327 5488 1440 5543 ἀλλ’
1469 5487 1658 5559 ῶσπερ
1697 5506 1778 5555 τις

217 5574 317 5626 ὐπὴ
343 5576 540 5646 δημίου
587 5579 729 5642 τινὸς
760 5580 852 5632 ἐπὶ
906 5580 1126 5633 κόλασιν
1161 5581 1427 5649 ἀγόμενος
1485 5580 1777 5650 ἀφόρητον,

219 5656 329 5714 εἷτα
345 5667 469 5726 τοὺς
506 5668 1063 5735 παριόνταςτᾶπαντας
1105 5669 1458 5741 παρακαλῶν,
1500 5670 1776 5732 ἱκετεύων,

221 5751 307 5802 καὶ
349 5756 618 5824 μηδεμιᾶς
679 5759 954 5828 τυγχάνων
1006 5761 1360 5828 ἀντιλήψεως,
1393 5760 1531 5826 μετά
1578 5759 1779 5824 πολλῆς

1425 373 1490 428 IN
1526 373 1826 428 GENESIM
1867 371 2101 432 SERMO
2152 379 2239 433 Vl.

3345 389 3448 444 6οό

1885 492 1983 561 τῆς
2019 493 2409 563 ἀπανθρωπίας
2432 494 2566 567 πρὸς
2595 495 2690 566 τὴν
2723 496 2942 551 κόλασιν
2964 499 3175 567 ἄγεται·
3200 500 3338 554 οὕτω
3360 507 3448 558 κατ

1882 575 2058 646 οὗτος,
2099 583 2347 654 καθάπερ
2367 585 2471 637 ὐπδ
2490 586 2681 656 δημίου
2713 586 2806 639 τοῦ
2837 588 2992 658 λιμοῦ
3016 589 3148 661 πρὸς
3164 592 3262 664 τὴν
3282 593 3450 646 νύκτα

1885 671 2171 742 ἑλκόμενος
2201 675 2293 726 καὶ
2317 675 2416 746 τὴν
2437 677 2706 747 ἀφόρητον
2732 679 3060 749 ἀγρυπνίαν,
3099 681 3326 736 ἐκτείνει
3353 685 3452 754 μὲν

1881 763 1980 825 τὰς
2017 767 2221 834 χεῖρας,
2253 767 2390 834 μετά
2433 769 2663 838 σφοδρᾶς
2691 771 2787 840 τῆς
2815 769 2943 841 βοῆς
2991 773 3115 835 τοὺς
3140 774 3197 825 ἑν
3227 776 3346 838 ταῖς
3375 778 3453 828 οἰ·-

1883 855 2027 918 κίαις
2053 855 2165 910 ἀνω
2197 857 2536 928 καθημένους
2589 861 2943 931 παρακαλῶν,
2971 863 3222 934 οὐδεμιᾶς
3255 865 3312 918 δὲ
3331 867 3450 934 φιλ-

1883 945 2196 1016 ανθρωπίας
2257 951 2569 1019 τυγχάνων,
2621 952 2862 1022 ἀνηλεῶς
2911 955 3298 1024 ἀποπέμπεται
3358 958 3450 1011 καὶ

1885 1039 2022 1109 μετά
2061 1039 2261 1109 πολλῆς
2288 1041 2385 1111 τῆς
2412 1041 2710 1112 ὠμότητος.
2741 1043 2877 1096 Ἀλλ’
2905 1045 3055 1098 οὐδὲν
3078 1047 3286 1100 τούτων
3306 1048 3454 1118 ἡμᾶς

1881 1130 2238 1200 ἐπικάμπτει,
2285 1133 2419 1185 ἀλλὰ
2450 1134 2587 1203 μετά
2619 1135 2887 1206 τοσαύτην
2934 1137 3324 1208 ἀπανθρωπίαν
3371 1142 3452 1202 είς

1882 1223 1971 1276 τὸν
1995 1225 2221 1294 οὐρανὸν
2250 1227 2484 1277 ἐκτεῖναι
2511 1226 2606 1289 τὰς
2634 1231 2819 1298 χεῖρας
2850 1229 3156 1299 τολμῶμεν,
3192 1231 3287 1283 καὶ
3324 1234 3454 1303 περὶ

1880 1315 2031 1368 ἐλέου
2058 1315 2400 1388 διαλεχθῆναι
2429 1317 2506 1388 τῷ
2557 1319 2695 1389 Θεῷ,
2727 1321 2815 1374 καί
2864 1321 3193 1391 συγγνώμην
3229 1322 3452 1391 αἰτῆσαι

1878 1407 1986 1459 τῶν
2015 1407 2228 1461 οἰκείων
2249 1409 2682 1480 ἁμαρτημάτων·
2703 1412 2795 1464 καὶ
2827 1413 2887 1465 ού
2917 1412 3232 1482 δεδοίκαμεν
3264 1413 3337 1484 μὴ
3360 1431 3452 1466 κε-

1881 1499 2071 1569 ραυνὸς
2104 1500 2241 1569 μετά
2260 1501 2357 1571 τὴν
2387 1502 2642 1572 τοιαύτην
2656 1502 2820 1573 εὐχὴν
2851 1505 3171 1574 κατενεχθῇ,
3196 1506 3334 1575 μετά
3352 1507 3454 1576 τὴν

1877 1590 2144 1661 τοσαύτην
2191 1591 2448 1660 ὠμότητα
2501 1593 2597 1645 καὶ
2651 1594 3069 1664 ἀπανθρωπίαν.
3136 1595 3258 1660 Πῶς
3316 1597 3453 1666 πρὸς

1882 1678 2070 1742 ὕπνον,
2112 1681 2231 1733 εἰπέ
2273 1698 2385 1750 μοι,
2416 1681 2701 1753 βαδίζομεν
2754 1683 2848 1736 καὶ
2875 1684 3200 1746 ἀνάπαυσιν,
3244 1687 3338 1738 καὶ
3388 1687 3450 1738 οὐ

1876 1771 2194 1840 δεδοίκαμεν
2233 1771 2383 1844 [670]
2418 1775 2493 1844 μὴ
2547 1776 2666 1827 κατ’
2701 1775 2833 1845 ὄναρ
2860 1776 3022 1838 αὐτὸς
3066 1772 3220 1838 οὗτος
3266 1779 3394 1848 ὑμῖν
3423 1781 3456 1831 ό

1879 1863 2046 1931 πένης
2068 1864 2312 1928 ἐπιστὰς,
2342 1865 2589 1934 αὐχμῶν,
2616 1865 2804 1935 ῥυπῶν
2859 1867 3024 1936 ῥάκια
3053 1868 3452 1938 περιϐεϐλημέ-

1878 1971 1988 2018 νος,
2022 1955 2278 2026 ὀδύρηται
2308 1957 2402 2009 καὶ
2429 1955 2694 2029 θρηνήσῃ,
2739 1957 2838 2027 τὴν
2867 1956 3126 2032 ὠμότητα
3173 1958 3450 2027 ἑγκαλῶνς

1879 2044 1989 2094 Καὶ
2018 2043 2126 2114 γὰρ
2157 2043 2366 2097 πολλῶν
2392 2045 2648 2108 πολλάκις
2675 2046 2885 2115 ήκουσα
2919 2047 3206 2115 λεγόντων,
3228 2051 3310 2102 ὃτι
3332 2051 3451 2121 μεθ’

1880 2133 2092 2205 ἡμέραν
2115 2135 2462 2205 ὑπεριδόντες
2483 2136 2582 2204 τῆς
2608 2136 2715 2188 τῶν
2745 2138 2974 2207 πτωχῶν
3003 2139 3358 2210 ἀντιλήψεως,
3393 2143 3451 2193 ἐν

1880 2229 2033 2282 νυκτὶ
2075 2229 2283 2298 σχοινία
2330 2228 2830 2300 περιϐεϐλημένους
2886 2231 3111 2294 ἑαυτοὺς
3165 2229 3303 2285 εἶδον
3331 2232 3453 2302 ικαί

1880 2319 2202 2389 ἑλκομένους
2231 2320 2335 2372 ὐπὸ
2361 2321 2458 2390 τῆς
2474 2319 2582 2372 τῶν
2632 2322 2880 2390 πενήτων
2910 2321 3109 2393 χειρὸς,
3143 2338 3450 2393 σπαραττο-

1882 2411 2094 2479 μένους,
2120 2410 2287 2480 μυρία
2313 2411 2620 2479 πάσχοντας
2645 2411 2965 2480 πράγματα.
2984 2410 3144 2462 Ἀλλά
3164 2410 3334 2468 ταῦτα
3352 2411 3453 2481 μὲν

1880 2505 2044 2566 ὕπνος
2069 2503 2163 2555 καὶ
2197 2503 2348 2571 δναρ,
2389 2502 2481 2554 καὶ
2536 2501 2868 2572 πρόσκαιρος
2922 2500 3359 2572 τιμωρίωήμεῖς
3394 2502 3451 2554 δὲ

1878 2595 1940 2648 ού
1965 2595 2303 2664 δεδοίκαμεν,
2332 2593 2450 2645 εἰπέ
2486 2610 2596 2662 μοι,
2648 2594 2858 2662 μήποτε
2889 2592 2980 2644 τὸν
3029 2593 3236 2663 πένητα
3264 2583 3474 2646 τοῦτον

1879 2687 1969 2739 τὸν
1999 2686 2318 2757 ὀδυρόμενον
2345 2687 2437 2738 καὶ
2467 2685 2673 2755 βοῶντα
2708 2686 2801 2737 καὶ
2835 2685 3227 2754 ὀλοφυρόμενον
3258 2686 3316 2737 ἐν
3339 2689 3453 2745 τοῖς

1880 2779 2099 2840 κόλποις
2130 2777 2328 2848 ἴδωμεν
2356 2775 2448 2828 τοῦ
2484 2775 2752 2847 Ἀϐραὰμ,
2791 2775 3040 2846 καθάπερ
3073 2775 3201 2830 ποτέ
3225 2777 3316 2829 τὸν
3344 2778 3454 2830 Λά⁴

1881 2868 2046 2941 ζαρον
2097 2869 2127 2919 ὀ
2172 2867 2424 2929 πλούσιος
2471 2867 2705 2931 ἐκεῖνος;
2760 2867 2840 2921 Τά
2869 2867 2925 2920 δὲ
2976 2867 3221 2920 ἐντεῦθεν
3250 2869 3452 2938 ἀφίημι

1881 2960 2034 3032 ὐμῶν
2063 2959 2142 3030 τῷ
2201 2960 2483 3020 συνειδότι,
2545 2959 2612 3011 τά
2679 2958 2852 3028 πικρά
2903 2959 2995 3011 καὶ
3042 2959 3453 3030 άπαραμύθητα

1881 3055 2064 3106 ἐκεῖνα
2094 3053 2450 3122 κολαστήρια,
2474 3051 2588 3114 πῶς
2609 3051 2807 3121 ᾔτησεν
2833 3050 2992 3120 ὕδωρ,
3023 3050 3138 3113 πῶς
3181 3050 3301 3103 ούδὲ
3329 3067 3454 3103 στα-

1880 3145 2035 3212 γόνος
2069 3142 2246 3212 έτυχε,
2281 3142 2400 3204 πῶς
2427 3143 2458 3212 ἡ
2489 3141 2702 3210 γλῶττα
2725 3139 3172 3210 ἀπετηγανίζετο,
3187 3140 3304 3204 πῶς
3323 3141 3456 3193 πολε

1879 3236 1974 3306 λὴν
2003 3235 2101 3303 τὴν
2128 3233 2404 3304 ἱκετηρίαν
2425 3232 2557 3295 θεὶς,
2581 3233 2834 3301 οὐδεμιᾶς
2863 3231 3192 3302 συγγνώμης
3228 3231 3456 3285 ἀπέλαυ·

1882 3344 1941 3378 σε
1961 3365 1976 3386 ,
2005 3326 2098 3378 καὶ⁴
2131 3325 2245 3387 πῶς
2271 3323 2515 3376 ἀθάνατα
2564 3322 2870 3386 ἐκολάζετο.
2904 3321 3065 3375 Ἀλλὰ
3092 3323 3199 3392 γὰρ
3259 3321 3335 3393 μὴ
3358 3324 3451 3390 γέ-

1879 3433 2020 3468 νοιτο
2044 3417 2190 3486 ἡμᾶς
2229 3413 2400 3467 ταῦτα
2440 3414 2528 3467 διὰ
2571 3416 2668 3482 τῆς
2705 3413 2898 3482 πείρας
2945 3413 3153 3482 μαθεῖν,
3202 3412 3339 3464 ἀλλά
3365 3413 3456 3465 διά

1879 3510 1987 3561 τῶν
2011 3508 2184 3575 λόγων
2241 3505 2576 3566 ἀκούσαντας
2606 3503 2797 3572 φυγεῖν
2854 3504 2953 3574 τὴν
2994 3503 3081 3556 διὰ
3120 3502 3226 3556 τῶν
3279 3502 3456 3574 Εργων

1880 3596 2130 3666 ἀπειλὴν,
2161 3595 2257 3650 καλ⁵
2280 3579 2496 3665 τῆς-τοῦ
2535 3595 2878 3665 προπάτορος
2915 3592 3165 3663 Ἀϐραὰμ
3199 3592 3454 3662 φιλοφρο-

1883 3691 2046 3761 σύνης
2065 3689 2248 3755 ἀξίους
2271 3687 2710 3758 ἀποδειχθέντας,
2743 3689 2822 3750 εἰς
2843 3686 2932 3738 τὸν
2959 3685 3118 3738 αὐτὸν
3143 3685 3334 3754 ἐκείνῳ
3351 3701 3456 3754 χω-

1885 3783 2046 3852 ρῆσαι
2079 3781 2242 3833 τόπον
2266 3821 2282 3845 ,
2341 3779 2522 3851 χάριτι
2563 3779 2660 3830 καὶ
2711 3775 3096 3846 φιλανθρωπία
3123 3773 3216 3828 τοῦ
3247 3773 3458 3844 Κυρίου

1881 3874 2037 3946 ήμῶν
2074 3870 2244 3938 Ἰησοῦ
2273 3868 2530 3940 Χριστοῦ,
2561 3868 2679 3939 μεθ’
2712 3861 2772 3920 οὗ
2800 3867 2879 3937 τῷ
2904 3867 3079 3936 Πατρὶ
3115 3865 3282 3934 τιμὴ,
3306 3863 3456 3929 δόξα,

1882 3964 2082 4034 κράτος
2105 3961 2201 4013 σὺν
2232 3959 2308 4030 τῷ
2329 3960 2468 4030 ἁγίῳ
2498 3960 2800 4028 Πνεύματι,
2830 3957 2925 4010 νῦν
2973 3956 3066 4009 κοιλ¹
3095 3955 3202 4018 ἀεὶ,
3253 3955 3346 4008 καὶ
3375 3955 3456 4016 εἰς

1880 4055 2006 4116 τοὺς
2029 4052 2231 4115 αἰῶνας
2257 4050 2366 4103 τῶν
2386 4049 2618 4103 αἰώνων.
2660 4049 2852 4119 Ἀμήν.

2516 4224 2734 4277 ΛΟΓΟΣ
2764 4225 2853 4289 (τ’.

1882 4355 2166 4428 Περίᾲτοῦ
2190 4354 2402 4428 ἰξάλου,
2437 4354 2487 4404 εὶ
2511 4351 2588 4428 ἐξ
2616 4352 2858 4428 ἐκείνοτί
2889 4350 3142 4428 γέχυῖεζ
3159 4350 3207 4428 ’ἡ
3236 4346 3467 4428 τζῶσις

1952 4416 2059 4478 τοῦ
2089 4423 2279 4478 καλοῦ
2307 4424 2405 4476 καὶ
2435 4421 2539 4476 τοῦ
2592 4419 2860 4485 πονηροῦ
2896 4416 2992 4482 ’τῷ
3043 4416 3240 4486 Ἀδὰμ,
3285 4417 3324 4483 ἣ
3359 4418 3458 4469 καί

1953 4493 2207 4561 πρὸῌτῆς
2229 4493 2511 4560 βρώσεως
2547 4487 2670 4556 εἶχε
2697 4489 2811 4553 τὴν
2839 4486 3454 4561 διάγνωσιν-τειιξτηγ·

1951 4553 2021 4616 ἐὶρ
2050 4557 2100 4628 ᾧ
2137 4553 2243 4614 nidi
2266 4553 2400 4627 ,περὶ
2430 4553 2714 4625 νηστείας
2733 4596 2746 4614 ,
2788 4555 2885 4628 καὶ
2922 4553 3065 4628 περὶ
3098 4554 3203 4628 τοῦ
3235 4553 3363 4606 δεῖν
3390 4554 3462 4604 ἐν

1953 4624 2109 4701 οἰκίᾳ
2131 4624 2388 4698 μελετᾷν
2419 4624 2802 4696 τάλεγόμενα
2821 4627 2890 4676 ἐν
2908 4624 3224 4690 ἐκκλησίᾳ.

1953 4764 2022 4812 α’.
2048 4755 2190 4810 Φιλῶ
2220 4756 2315 4825 μὲν
2339 4753 2438 4823 τὴν
2457 4751 2713 4820 νηστείαν
2732 4789 2746 4808 ,
2770 4751 2851 4801 ὅτι
2878 4750 3062 4818 μήτηρ
3104 4745 3460 4816 σωφροσύνης

1884 4851 2050 4909 ἐστὶν,
2081 4848 2176 4902 καὶ
2205 4846 2355 4915 πηγὴ
2386 4843 2702 4913 φιλοσοφίας
2752 4842 2993 4907 ἀπάσης·
3024 4838 3164 4908 φιλῶ
3193 4838 3249 4890 δὲ
3287 4837 3460 4908 αὐτὴν

1885 4941 1979 4998 καὶ
2005 4937 2074 4990 δι’
2095 4939 2266 5007 ὑμᾶς,
2317 4936 2412 4990 καὶ
2437 4934 2523 4989 διὰ
2547 4934 2646 5003 τὴν
2676 4933 2949 5002 ὑμετέραν
2977 4930 3218 5000 ἀγάπην,
3250 4930 3332 4982 ὅτι
3367 4945 3459 4998 μοι

1885 5029 2091 5101 ταύτην
2116 5028 2215 5099 τὴν
2246 5027 2396 5097 ἱερὰν
2425 5025 2519 5082 καὶ
2536 5024 2720 5093 τιμίαν
2745 5023 2900 5092 ὐμῶν
2922 5021 3196 5090 συνήγαγε
3223 5017 3459 5081 σύνοδον,

1887 5121 2061 5177 καίτά
2107 5119 2416 5189 ποθούμενα
2468 5118 2736 5186 πρόσωπα
2781 5114 2964 5167 δίδωσι
2995 5112 3155 5165 πάλιν
3186 5110 3334 5171 ἰδεῖν,
3364 5108 3462 5160 καί⁵

1886 5216 2112 5285 παρέχει
2141 5212 2278 5282 μετά
2298 5212 2481 5273 ἀδείας
2508 5207 2843 5278 ἐντρυφῆσαι
2866 5207 2930 5275 τῇ
2950 5204 3086 5273 καλῇ
3125 5202 3298 5271 ταύτῃ
3325 5217 3459 5254 παν.

1886 5306 2078 5376 ηγύρει
2108 5305 2202 5357 καὶ
2218 5305 2400 5374 ἑορτῇ.
2429 5301 2540 5354 Καὶ
2567 5300 2674 5369 γάρ
2703 5299 2795 5351 καὶ
2820 5296 3124 5365 πανήγυριν
3153 5292 3247 5345 καὶ
3267 5289 3461 5362 ἑορτὴν

1886 5399 1980 5452 καὶ
2019 5396 2188 5466 μυρία
2207 5394 2389 5462 ἀγαθά
2425 5392 2526 5444 οὐκ
2548 5391 2612 5444 ἄν
2641 5405 2723 5451 τις
2764 5388 2998 5456 ἁμάρτοι
3043 5384 3143 5454 τὴν
3189 5382 3462 5454 ὑμετέραν

1888 5488 2101 5543 σύνοδον
2128 5484 2458 5557 προσειπών.
2507 5483 2568 5534 Εἰ
2598 5480 2705 5550 γάρ
2737 5480 2817 5540 εἰς
2845 5476 3049 5547 ἀγοράν
3076 5494 3161 5540 τις
3185 5473 3466 5546 ἐμϐαλὼν,

1887 5580 1978 5633 καὶ
2004 5577 2084 5631 ἑνὶ
2107 5575 2483 5643 συντυγχάνων
2525 5571 2684 5640 φίλῳ,
2719 5567 2978 5630 πολλάκις
3020 5569 3198 5624 πᾶσαν
3223 5565 3463 5635 ἀθυμίαν

1886 5667 2218 5724 ἀποτίθεται·
2238 5667 2396 5735 ἡμεῖς
2428 5664 2528 5716 οὐκ
2557 5665 2637 5726 εἰς
2659 5661 2885 5730 ἀγοράν,
2919 5659 3033 5713 ἀλλ’
3053 5661 3132 5722 εἰς
3166 5657 3464 5728 ἐκκλησίαν

1888 5759 2250 5821 ἀπαντῶντες,
2285 5759 2376 5810 καὶ
2407 5758 2500 5815 οῦν
2536 5757 2612 5808 ἑνὶ
2646 5756 3101 5820 σ·.›ντυγ·ίάνοντες
3141 5751 3300 5820 φίλῳ,
3325 5750 3461 5804 ἀλλά
