3964 6430
439 342 546 397 605

435 452 712 516 τοσούτοις
732 452 824 507 καὶ
845 453 1106 518 τοιούτοις
1128 455 1374 524 ἀδελφοῖς
1383 456 1482 509 καὶ
1507 453 1746 523 πατράσι
1768 453 2015 522 συγγινό⁴

441 564 614 617 μενοι,
640 549 756 610 πῶς
793 548 855 600 οὐ
891 549 1072 601 πᾶσαν
1099 535 1488 620 ἀποθησόμεθα
1512 548 1789 617 ἀθυμίανς
1824 546 2015 610 πῶςού

437 645 619 696 πᾶσαν
647 641 840 712 ἡδονὴν
867 645 1304 715 καρπωσόμεθας
1323 646 1399 697 Οὐ
1418 646 1527 715 γὰρ
1546 644 1625 714 τῷ
1646 644 1838 714 πλήθει
1859 645 2018 713 μόνον

433 734 590 800 οὗτος
620 737 845 806 βελτίων
877 740 905 792 6
932 739 1188 808 σύλλογος
1219 741 1328 794 τῶν
1361 741 1654 811 συνεδρίων
1673 740 1779 792 τῶν
1809 741 1866 790 ἑν
1900 740 2019 802 ταῖς

435 834 682 904 ἀγοραῖς,
717 833 853 886 ἀλλά
882 835 974 887 καὶ
995 836 1134 907 αὐτῇ
1169 839 1235 907 τῇ
1261 837 1421 905 φύσει
1467 837 1565 905 τῆς
1597 835 1908 899 διαλέξεως.
1955 836 2018 888 οε.

440 929 540 995 μὲν
569 927 678 1000 γὰρ
703 931 760 981 ἑν
790 930 1016 995 ἀγοραῖς
1051 932 1460 1002 συνεδρεύοντες
1493 933 1589 985 καὶ
1620 934 1757 1002 μετὰ.
1775 930 2020 997 ἀλλήλων

440 1022 850 1093 συγκαθήμενοι
893 1025 1099 1095 κύκλῳ,
1146 1026 1407 1089 πολλάκις
1461 1029 1559 1080 καί
1585 1027 1713 1097 περὶ
1743 1022 2021 1093 ἀνονήτων

445 1115 600 1187 [671]
621 1118 961 1186 διαλέγονται
993 1121 1356 1190 πραγμάτων,
1411 1122 1506 1174 καὶ
1531 1120 1746 1190 ψυχράν
1767 1120 2020 1186 είσάγου-

443 1229 530 1266 σιν
561 1214 799 1284 ὁμιλίαν,
832 1217 928 1268 καὶ
967 1216 1298 1285 φθέγγονται
1337 1219 1465 1288 περὶ
1505 1218 1614 1270 τῶν
1642 1217 1793 1270 οὐδὲν
1840 1217 2022 1280 αὐτοῖς

437 1310 848 1380 προσηκόντων.
880 1312 992 1365 Καὶ
1013 1311 1123 1384 γὰρ
1151 1312 1441 1384 εἰώθαμεν,
1471 1315 1547 1376 ὡς
1577 1314 1644 1366 τά
1661 1312 1848 1376 πολλὰ,
1886 1312 2024 1384 μετὰ

439 1404 685 1468 πλείονος
727 1405 962 1476 σπουδῆς
999 1407 1069 1460 τά
1116 1405 1374 1479 ἀλλότρια
1424 1409 1882 1480 περιεργάζεσθαι
1931 1408 2025 1462 καὶ

439 1499 939 1569 πολυπραγμονεῖν.
970 1501 1093 1552 Ὅτι
1145 1501 1244 1570 μὲν
1273 1499 1366 1555 οὖν
1412 1505 1557 1556 ἐστιν
1604 1503 1903 1574 ἐπισφαλὲς
1929 1501 2024 1555 καὶ

441 1593 686 1646 κίνδυνον
707 1588 850 1664 ἔχον,
877 1592 947 1646 τά
967 1595 1190 1664 ῥήματα
1215 1598 1462 1666 προϊέναι
1489 1598 1580 1650 καὶ
1603 1597 1822 1651 ἀκούειν
1845 1596 2022 1650 τοιαῑξρ⁴

441 1705 534 1749 τα,
568 1688 663 1742 καὶ
693 1687 1130 1759 παρασύρεσθαι,
1163 1691 1258 1743 καὶ
1287 1690 1468 1743 πολλοὶ
1496 1691 1754 1754 πολλάκις
1779 1691 1891 1745 ἀπὸ
1916 1689 2026 1743 τῶν

441 1780 698 1834 τοιούτων
729 1781 1018 1853 συνεδρίων
1071 1783 1338 1854 χειμῶνες
1391 1785 1814 1855 ἑπῃωρίσθησαν
1842 1788 1899 1838 ἑν
1945 1785 2026 1837 οἰ-

444 1877 610 1940 κίαις,
648 1878 889 1950 παρίημι
939 1878 1056 1933 νῦν·
1097 1880 1180 1932 ὅτι
1215 1881 1274 1934 δὲ
1307 1881 1562 1951 ἀνόνητος
1596 1881 1690 1933 καὶ
1717 1879 1901 1950 ψυχρὰ
1931 1879 2028 1933 καὶ

445 1971 673 2043 βιωτικὴ
726 1973 874 2026 πᾶσα
933 1973 1117 2044 ἑκείνη
1175 1976 1210 2046 ἡ
1244 1975 1497 2039 διάλεξις,
1531 1974 1626 2028 καῖ⁵
1657 1974 2029 2044 πνευματικὸς

443 2067 602 2134 λόγος
633 2068 732 2121 οὐκ
765 2068 829 2121 ἀν
852 2085 981 2134 ποτε
1007 2069 1219 2140 ταχέως
1248 2073 1327 2133 είς
1369 2069 1610 2123 τοιοῦτον
1637 2070 1867 2123 εἰσέλθοι
1901 2070 2028 2123 σύλ-

445 2163 622 2233 λογον,
653 2163 826 2224 οὐδεὶς
853 2165 1118 2218 ἀντείποι.
1173 2165 1437 2219 Ἐνταῦθα
1463 2165 1518 2218 δὲ
1563 2167 1660 2235 οὐχ
1684 2165 1875 2230 οὕτως,
1913 2165 2029 2220 ἀλλ’

447 2259 596 2313 ἀπαν
651 2259 983 2314 τούναντίον·
1042 2263 1190 2314 πᾶσα
1252 2261 1348 2332 μὲν
1378 2261 1486 2332 7&9
1539 2261 1771 2333 ἀκερδὴς
1799 2261 2030 2328 διάλεξις

449 2353 808 2426 ἀπελήλαται,
827 2357 975 2408 πᾶσα
1007 2355 1065 2409 δὲ
1097 2355 1442 2427 πνευματικὴ
1470 2356 1790 2410 διδασκαλία
1818 2359 2031 2429 είσενὴ-

448 2466 654 2504 νεκται.
711 2450 821 2504 Καὶ
858 2451 967 2521 7&9
1021 2452 1150 2521 περὶ
1196 2450 1373 2522 ψυχῆς
1406 2451 1505 2521 τῆς
1540 2453 1812 2523 ἡμετέρας
1853 2453 2029 2506 διαλε-

448 2550 689 2622 γόμεθα,
725 2551 820 2604 καὶ
855 2551 964 2604 τῶν
1003 2550 1148 2622 ψυχῇ
1209 2551 1596 2622 προσηκόντων
1642 2552 1885 2620 ἀγαθῶν,
1937 2555 2033 2609 καὶ

448 2645 580 2714 περὶ
619 2645 727 2699 τῶν
769 2646 1148 2716 ἀποκειμένων
1197 2647 1256 2698 ἐν
1287 2647 1400 2708 τοῖς
1448 2647 1698 2714 οὐρανοῖς
1727 2648 2028 2716 στεφάνων,

449 2740 547 2792 καὶ
576 2741 701 2810 περὶ
727 2738 836 2792 τῶν
865 2739 1132 2809 λαμπρῶν
1167 2739 1316 2808 βίων,
1352 2741 1590 2812 καὶπερὶ
1617 2743 1714 2811 τῆς
1737 2743 2034 2812 φιλανθρω-

453 2834 583 2895 πίας
603 2833 694 2886 τοῦ
715 2833 872 2896 Θεοῦ,
910 2835 1003 2887 καὶ
1027 2834 1274 2903 περὶτῆς
1295 2836 1548 2905 προνοίας
1569 2835 1662 2888 τοῦ
1690 2839 1909 2901 παντὸς,
1939 2839 2035 2892 καὶ

454 2928 712 3000 περὶτῶν
735 2928 908 2982 ἀλλων
936 2930 1191 2982 ἀπάντων
1238 2929 1344 2982 τῶν
1380 2931 1615 3000 μάλιστα
1649 2934 2034 3003 προσηκόντων

453 3025 608 3094 ἡμῖν,
641 3026 736 3078 καὶ
761 3025 905 3087 τίνος
924 3026 1112 3078 ἕνεκεν
1140 3025 1465 3096 γεγόναμεν,
1494 3027 1588 3080 καὶ
1620 3029 1747 3080 ποία
1777 3029 1916 3097 μετά
1935 3030 2034 3100 τὴν

455 3118 707 3172 ἑντεῦθεν
725 3119 1033 3190 ἀποδημίαν
1068 3120 1443 3192 ἀπαντήσεται
1488 3122 1637 3192 λῆξις
1665 3125 1817 3194 ἡμῖν,
1864 3126 1955 3179 καὶ
1977 3127 2034 3178 ἐν

456 3214 565 3267 τίσι
593 3215 662 3268 τά
695 3215 940 3286 ἡμέτερα
968 3215 1117 3269 ἔσται
1163 3217 1304 3272 τότε.
1341 3217 1450 3270 Καὶ
1485 3217 1578 3270 τοῦ
1611 3219 1866 3289 συλλόγου
1909 3223 2034 3276 τού-

456 3328 550 3363 του
577 3311 676 3381 ούχ
704 3313 863 3381 ἡμεῖς
892 3311 1073 3382 μόνον,
1098 3311 1234 3366 ἀλλά
1266 3313 1360 3367 καὶ
1389 3315 1664 3386 προφῆται
1687 3318 1780 3371 καὶ
1813 3320 2038 3373 ἀπόστο-

456 3405 537 3458 λοι
570 3407 902 3460 κοινωνοῦσι·
941 3408 1035 3461 καὶ
1048 3407 1108 3460 τὸ
1132 3408 1197 3478 δὴ
1221 3407 1404 3478 μεῖζον
1432 3411 1668 3471 πάντων,
1699 3413 1862 3476 αὐτὸς
1885 3415 2037 3469 ότῶν

457 3501 713 3554 ἁπάντων
746 3502 1022 3572 Δεσπότης
1071 3503 1235 3572 μέσος
1299 3503 1456 3574 ἡμῶν
1508 3506 1742 3576 ἕστηκεν
1809 3509 2034 3579 Ἰησοῦς.

458 3595 631 3657 Αὐτὸς
659 3595 768 3666 γάρ
800 3613 986 3662 φησιν,
1019 3597 1209 3650 Ὅπου
1255 3598 1366 3652 δύο
1403 3599 1442 3666 ἢ
1476 3600 1632 3666 τρεῖς
1669 3602 2036 3670 συνηγμένοι

457 3689 618 3743 εἰσὶν
646 3693 734 3754 είς
751 3691 816 3744 τὸ
847 3692 1032 3759 ὄνομά
1062 3710 1204 3760 μου,
1230 3693 1359 3746 ἐκεῖ
1391 3697 1503 3761 εἶμι
1527 3695 1778 3764 ἐνμέσῳ
1815 3697 2035 3753 αὐτῶν.

461 3785 525 3837 Εἰ
559 3785 616 3837 δὲ
645 3785 776 3838 ὅπου
800 3784 893 3839 δύο
919 3785 950 3856 ἢ
981 3789 1128 3859 τρεῖς
1158 3789 1264 3841 εἱσι
1289 3791 1637 3860 συνηγμένοι,
1662 3793 1720 3847 ὲν
1756 3793 1906 3864 μέσῳ
1937 3795 2038 3848 αὖ·

461 3877 570 3932 τῶν
607 3879 742 3944 ἑστι,
775 3879 954 3950 πολλῷ
993 3881 1191 3951 μᾶλλον
1241 3883 1375 3936 ὅπου
1398 3883 1639 3938 τοσοῦτοι
1679 3887 1778 3956 μὲν
1824 3889 2034 3961 ἀνδρες,

461 3973 718 4028 τοσαῦται
745 3975 801 4028 δὲ
826 3979 1100 4043 γυναῖκες,
1131 3977 1373 4031 τοσοῦτοι
1394 3979 1450 4032 δὲ
1486 3982 1739 4052 πατέρες,
1778 3985 1871 4038 καὶ
1901 3987 2039 4040 ἀπό-

466 4068 640 4122 στολοι
671 4069 764 4122 καὶ
799 4071 1070 4141 προφῆται
1101 4073 1158 4124 ἑν
1182 4074 1330 4144 μέσῳ
1359 4075 1600 4145 πάρεισι.

535 4163 624 4216 Διὸ
655 4164 749 4217 καὶ
776 4167 938 4234 ἡμεῖς
997 4166 1134 4234 μετὰ
1161 4168 1405 4232 πλείονος
1446 4171 1751 4242 προθυμίας
1807 4175 2038 4244 φθεγγό-

469 4258 607 4327 μεθα
634 4259 732 4329 τῆς
755 4259 964 4311 ἑκεῖθεν
985 4261 1352 4326 ἀπολαύοντες
1385 4265 1557 4334 ῥοπῆς
1575 4304 1589 4327 ,
1647 4269 1741 4320 καὶ
1777 4270 1876 4340 τὴν
1907 4271 2037 4323 ὑπό-

467 4369 651 4423 σχεσιν
679 4354 805 4422 ύμῖν
831 4353 1192 4424 ἀποδιδόαμεν
1218 4359 1266 4410 ⁸.
1332 4357 1708 4429 ’Υπεσχόμεθα
1750 4363 1859 4432 γὰρ
1895 4365 2038 4434 ἑρεῖν

465 4448 594 4518 περὶ
617 4447 712 4501 τοῦ
737 4447 896 4514 ξύλου
925 4449 1208 4521 πρότερον,
1233 4452 1278 4504 εἰ
1303 4451 1360 4517 ἑξ
1383 4453 1591 4506 ἐκείνου
1618 4455 1839 4523 γέγονεν
1860 4459 2040 4528 ἡγνῶ-

467 4561 551 4608 σις
579 4546 674 4599 τοῦ
707 4545 873 4598 καλοῦ
917 4548 1010 4600 καὶ
1037 4547 1128 4599 τοῦ
1157 4548 1396 4619 πονηροῦ
1421 4547 1500 4619 τῷ
1543 4552 1786 4623 ⁹Αδάμ,ἣ
1815 4553 1906 4608 καὶ
1934 4557 2039 4627 πρὸ

463 4642 564 4708 τῆς
595 4641 846 4712 βρώσεως
877 4638 986 4712 εἶχε
1007 4643 1104 4713 τὴν
1133 4643 1420 4712 διάγνωσιν
1453 4645 1675 4718 ταύτην.
1704 4651 2040 4721 Θαρροῦντες

465 4732 559 4788 οὖν
577 4737 642 4788 ἂν
676 4737 922 4806 εἴποιμεν
953 4738 1068 4796 νῦν.
1096 4739 1178 4792 ὄτι
1209 4739 1304 4793 καὶ
1337 4741 1444 4812 πρὸ
1469 4743 1569 4813 τῆς
1603 4744 1858 4814 βρώσεως
1907 4746 2040 4800 ταύ-

465 4847 568 4899 την
589 4827 700 4898 εἶχε
723 4830 820 4900 τὴν
847 4831 1155 4899 διάγνωσιν.
1184 4836 1247 4887 Εἰ
1275 4838 1382 4908 7&9
1408 4836 1483 4908 μὴ
1517 4838 1633 4908 ᾔδει
1655 4839 1708 4892 τί
1733 4841 1830 4910 μὲν
1854 4842 2038 4905 καλὸν,

466 4924 521 4976 τί
543 4923 600 4976 δὲ
624 4940 760 4994 πονη
769 4925 879 4995 ρον,
904 4927 995 4978 καὶ
1017 4928 1195 4980 αὐτῶν
1215 4931 1322 4983 τῶν
1355 4932 1565 5000 ἀλόγων
1598 4933 1934 5007 ἀλογώτερος
1949 4933 2038 5006 ἦν,

468 5018 696 5074 καὶτῶν
726 5019 929 5074 δούλων
965 5023 994 5073 6
1031 5023 1298 5093 δεσπότης
1346 5029 1716 5101 ἀνοητότερος.
1775 5031 1900 5095 ῐῙῶς
1931 5033 2040 5103 7&9

440 5117 566 5198 '06::
591 5115 810 5180 ἄτοπον,
846 5111 1007 5184 αἶγας
1041 5119 1136 5189 μὲν
1160 5121 1254 5172 καὶ
1288 5123 1534 5192 πρόϐατα
1562 5125 1759 5178 εἰδέναι
1788 5127 1917 5181 ποία
1941 5127 2040 5197 μὲν

467 5213 654 5276 αὐτοῖς
717 5213 912 5284 βοτάνη
963 5216 1256 5285 χρήσιμος,
1299 5217 1428 5269 ποία
1473 5218 1529 5272 δὲ
1571 5219 1806 5290 ὀλεθρία,
1843 5221 2040 5292 καὶμὴ

468 5303 634 5354 πᾶσιν
663 5301 802 5354 αὐτὰ
823 5303 1032 5357 ἐπιέναι
1064 5307 1177 5365 τοῖς
1207 5305 1570 5374 φαινομένοις,
1607 5307 1721 5361 ἀλλ’
1761 5310 1905 5380 ἔχειν
1942 5311 2042 5380 τὴν

467 5390 774 5458 διάγνωσιν,
827 5395 921 5447 καὶ
941 5395 1139 5448 εἰδέναι
1172 5397 1378 5466 σαφῶς,
1404 5398 1456 5451 τί
1488 5399 1585 5468 μὲν
1607 5400 1788 5465 αὐτοῖς
1817 5401 2043 5454 ἐπιϐλα-

471 5481 581 5547 ϐἑς,
599 5481 650 5534 τί
675 5481 731 5534 δὲ
759 5483 1052 5555 ὠφέλιμον·
1081 5486 1171 5538 τὸν
1191 5488 1247 5540 δὲ
1285 5487 1571 5560 ἄνθρωπον
1619 5491 1888 5559 τοσαύτης
1909 5492 2044 5544 ἀπο-

473 5571 779 5643 στερεῖσθαι
807 5575 905 5644 τῆς
933 5576 1264 5643 ἀσφαλείαςς
1325 5581 1383 5631 Εἰ
1407 5580 1515 5651 7&9
1553 5582 1627 5652 μὴ
1672 5581 1828 5633 τοῦτο
1877 5577 2040 5650 εἶχεν,

473 5662 678 5726 οὐδενὸς
730 5663 878 5727 ἄξιος
929 5659 1016 5733 ἦν,
1064 5666 1200 5718 ἀλλά
1253 5671 1343 5721 καὶ
1390 5673 1766 5743 εὐτελέστερος
1832 5674 2044 5726 πάντων

537 5776 560 5803 ⁸
585 5775 689 5835 κρε
729 5777 836 5836 ὑμῖν
868 5778 1194 5838 ἀποδώσομεν.

1139 342 1200 396 S.
1239 337 1523 395 JOANMS
1561 335 2048 392 CIIIH'SUSTUMI
2081 333 2406 388 Alulllll-J’.
2445 334 2998 393 CONSTANTINOP.

3597 341 3696 397 ωδ

2122 452 2354 521 ὑπῆρχε.
2381 449 2568 522 Πολλῷ
2590 451 2699 522 7&9
2727 451 3085 523 αἱρετώτερον
3119 448 3189 525 ἦν
3229 453 3384 524 αύτῷ
3415 456 3476 508 ἑν
3527 455 3700 528 σκότῳ

2121 545 2365 614 διάγειν,
2415 546 2507 598 καὶ
2550 546 2676 609 τοὺς
2726 546 3036 617 ὀφθαλμοὺς
3097 549 3455 618 ἐκκεκόφθαι,
3496 552 3700 606 καὶτοῦ

2121 642 2300 712 φωτὸς
2331 641 2764 714 ἀπεστερῆσθαι,
2795 643 2828 712 ἡ
2854 643 2930 713 μὴ
2980 644 3179 697 εἰδέναι
3223 645 3277 698 τί
3304 645 3406 716 μὲν
3431 646 3618 713 καλὸν,
3651 648 3703 702 τί

2121 737 2178 790 δὲ
2205 737 2464 808 πονηρόν.
2524 738 2650 791 Ἐἀν
2682 738 2792 808 γὰρ
2839 738 2997 793 τοῦτο
3052 740 3248 812 ἀνέλῃς
3279 742 3380 812 τῆς
3427 741 3579 812 ζωῆς
3608 743 3704 815 τῆς

2122 833 2417 903 ἡμετέρας,
2449 833 2629 886 πᾶσαν
2651 833 2752 904 τὴν
2783 832 2926 905 ζωὴν
2947 835 3107 906 ἡμῶν
3133 836 3360 902 ἀνεῖλες,
3383 839 3482 892 καὶ
3501 839 3707 908 πολλῆς

2126 926 2444 997 συγχύσεως
2489 927 2558 980 τά
2607 928 2785 983 πάντα
2840 930 3163 1001 ἐνέπλησας.
3212 930 3385 985 Τοῦτο
3417 931 3572 1005 Ῐ672]
3600 935 3708 1006 γάρ

2123 1023 2294 1085 ἑστιν,
2318 1016 2364 1090 ᾧ
2385 1023 2497 1075 τῶν
2520 1024 2728 1093 ἀλόγων
2754 1025 3106 1096 διαφέρομεν,
3151 1028 3244 1080 καὶ
3291 1023 3336 1096 ᾧ
3364 1029 3478 1081 τῶν
3503 1029 3706 1098 θηρίων

2125 1116 2384 1188 ἀμείνους
2423 1119 2610 1189 ἑσμὲγ,
2648 1120 2726 1190 τῷ
2750 1121 2948 1174 κακίαν
3001 1121 3094 1175 καὶ
3135 1123 3337 1193 ἀρετὴν
3359 1124 3584 1188 εἰδέναι,
3613 1125 3706 1178 καὶ

2124 1211 2203 1281 τῷ
2231 1213 2611 1280 ἐπιγινώσκειν
2634 1217 2692 1268 τὸ
2713 1217 2967 1288 πονηρὸν,
2986 1219 3076 1270 καὶ
3097 1217 3160 1270 τὸ
3184 1218 3347 1271 καλὸν
3367 1218 3442 1290 μὴ
3471 1220 3706 1288 ἀγνοεῖν.

2127 1309 2270 1361 Είδὲ
2297 1311 2456 1378 ἡμεῖς
2503 1309 2663 1364 τοῦτο
2713 1313 2870 1382 ῖσμεν
2903 1313 3018 1377 νῦν,
3062 1314 3159 1384 οὐχ
3211 1316 3370 1384 ἡμεῖς
3411 1315 3470 1367 δὲ
3525 1317 3706 1386 μόνον,

2127 1402 2265 1456 ἀλλά
2288 1405 2382 1456 καὶ
2411 1404 2615 1457 Σκύθαι
2643 1407 2735 1459 καὶ
2758 1405 3045 1479 βάρϐαροι,
3093 1408 3273 1478 πολλῷ
3321 1409 3525 1480 μᾶλλον
3550 1413 3580 1464 6
3616 1413 3710 1466 h-

2128 1499 2345 1571 θρωπος
2375 1501 2496 1554 τότε
2524 1504 2728 1563 ἐκεῖνος
2759 1505 2864 1575 πρὸ
2913 1506 3010 1576 τῆς
3046 1507 3319 1576 ἀμαρτίας
3345 1506 3510 1561 τοῦτο
3542 1508 3711 1576 ἑγνώ-

2128 1617 2233 1653 κειο
2266 1601 2358 1654 καὶ
2386 1603 2486 1654 οὐκ
2507 1601 2572 1655 ἀν
2596 1606 2624 1656 6
2653 1603 2942 1668 τοσαύταις
2968 1606 3222 1676 τιμηθεὶς
3242 1610 3450 1677 τιμαῖς,
3497 1604 3611 1662 οἷον
3630 1609 3711 1680 τῷ

2127 1697 2250 1750 κατ’
2271 1697 2476 1761 εἰκόνα,
2499 1697 2576 1769 τῷ
2604 1699 2723 1752 καθ’
2747 1700 3024 1770 ὁμοίωσιν,
3057 1702 3149 1755 καὶ
3177 1705 3298 1765 ταῖς
3321 1702 3539 1765 λοιπαῖς
3565 1703 3714 1756 εὐλο-

2129 1791 2297 1861 γίαις,
2315 1791 2410 1845 τοῦ
2435 1793 2732 1862 κεφαλαίου
2758 1794 2867 1848 τῶν
2902 1795 3125 1863 ἀγαθῶν
3153 1796 3360 1868 ἕρημος
3397 1796 3610 1868 ἔμεινε.
3640 1799 3714 1851 Τὸ

2129 1888 2239 1960 7&9
2267 1889 2429 1943 καλὸν
2453 1890 2544 1943 καὶ
2584 1891 2815 1962 πονηρὸν
2845 1893 3040 1945 ἑκεῖνοι
3078 1893 3226 1963 μόνοι
3253 1894 3565 1963 ἀγνοοῦσιν,
3596 1896 3714 1949 ὅσοι

2130 1984 2239 2038 τῶν
2275 1986 2418 2039 κατά
2447 1987 2610 2056 φύσιν
2655 1990 2793 2041 εἰσὶν
2825 1989 3256 2061 ἀπεστερημένοι
3291 1989 3528 2062 φρενῶψ
3576 1993 3608 2045 6
3655 1990 3717 2045 δὲ

2143 2081 2316 2152 ’Δδάμ
2338 2082 2525 2151 σοφίας
2551 2081 2749 2154 πολλῆς
2777 2085 3151 2156 ἐπεπλήρωτο,
3206 2087 3301 2139 καλ⁸
3318 2087 3718 2155 διαγνωστικὸς

2132 2176 2411 2247 ἑκατέρων
2455 2177 2662 2232 τούτων
2711 2174 2799 2250 ἦν.
2847 2181 2957 2234 Καὶ
3015 2181 3097 2234 δτι
3122 2183 3310 2251 σοφίας
3351 2183 3721 2254 ἐπεπλήρωτο

2132 2273 2530 2343 πνευματικῆς,
2552 2273 2783 2328 ἄκουσον
2809 2275 2978 2347 αύτὴς
3017 2276 3114 2347 τὴν
3144 2277 3437 2343 ἀπόδειξιν.
3474 2281 3720 2346 Ἦγαγε,

2134 2369 2290 2440 φησὶ,
2315 2371 2465 2438 πρὸς
2491 2371 2677 2423 αὐτὸν
2695 2373 2728 2424 ὀ
2755 2371 2897 2437 Θεὸς
2920 2373 2992 2425 τὰ
3011 2374 3208 2439 θηρία,
3225 2372 3371 2427 ίδεῑν
3390 2375 3446 2426 τί
3463 2373 3724 2427 καλέσει

2132 2465 2304 2518 αὐτά·
2355 2466 2532 2520 καλεῖ
2571 2484 2626 2520 τι
2672 2467 2967 2521 ἐκάλεσεν
2998 2468 3151 2522 αὐτὰ
3192 2469 3402 2536 Ἀδὰμ,
3435 2470 3613 2524 τοῦτο
3651 2472 3726 2523 τὸ

2135 2560 2325 2630 ὄνομα
2369 2561 2592 2630 αὐτοῖς.
2632 2562 2917 2632 Ἐννόησον
2966 2564 3144 2618 τοίνυν
3173 2564 3346 2634 πόσης
3403 2565 3731 2635 ἑπέπληστο

2137 2659 2352 2728 σοφίας,
2377 2659 2649 2723 τοσούτοις
2703 2659 2935 2728 γένεσιν,
2965 2660 3109 2714 οὓτω
3136 2661 3417 2727 ποικίλοις,
3445 2663 3538 2716 καὶ
3575 2680 3732 2715 παν-

2135 2753 2408 2818 τοδαποῖς,
2459 2757 2574 2818 τοῖς
2602 2754 2711 2810 τῶν
2757 2756 2990 2826 κτηνῶν,
3013 2758 3127 2820 τοῖς
3151 2756 3260 2810 τῶν
3283 2757 3546 2829 ἑρπετῶν,
3599 2760 3735 2820 τοῖς

2137 2849 2245 2902 τῶν
2273 2850 2490 2920 πτηνῶν
2538 2853 2914 2924 προσηγορίας
2961 2853 3248 2917 ἐπιθεῖναι,
3280 2855 3374 2908 καὶ
3416 2855 3591 2918 πάσας
3618 2871 3736 2907 κυ-

2141 2946 2283 3017 ρίας,
2311 2947 2578 3017 δυνηθείς.
2603 2947 2759 3002 Οῦτω
2803 2950 2910 3023 γὰρ
2955 2951 3251 3017 ἀπεδέξατο
3291 2951 3390 3023 τὴν
3417 2950 3559 3004 θέσιν
3604 2951 3736 3003 τῶν

2138 3043 2416 3112 ὀνομάτων
2445 3043 2472 3096 6
2501 3043 2631 3108 Θεὸς
2653 3084 2668 3108 ,
2701 3045 2777 3110 ώς
2817 3048 3014 3117 μηκέτι
3048 3047 3267 3119 κινῆσαι
3313 3048 3409 3111 τάς
3439 3064 3739 3120 προσηγοο

2142 3140 2262 3210 ρίας
2290 3139 2526 3204 ὲκείνας,
2561 3141 2697 3211 μηδὲ
2750 3143 3090 3214 ἁμαρτόντος
3147 3142 3310 3196 αὐτοῦ
3339 3144 3554 3214 θελῆσαι
3621 3145 3738 3198 ἀν-

2141 3235 2280 3288 ελεῖν
2309 3234 2406 3299 τάς
2429 3237 2743 3306 ἐπωνυμίας
2781 3240 2978 3293 αὐτῶν.
3009 3239 3137 3294 Πᾶν
3163 3242 3294 3310 γὰρ,
3321 3241 3500 3312 φησὶν,
3519 3241 3550 3296 6
3572 3243 3740 3297 ἐκά-

2139 3334 2325 3385 λεσεν
2347 3331 2498 3385 αὐτὰ
2548 3333 2738 3402 Ἀδὰμ,
2768 3333 2943 3388 τοῦτο
2973 3335 3158 3404 ὄνομα
3181 3337 3402 3402 αὐτοῖς.

2215 3465 2280 3536 β’.
2315 3461 2481 3531 Οὗτος
2500 3465 2630 3535 γοῦν
2664 3469 2849 3537 ἠγνόει
2879 3469 2931 3522 τί
2972 3471 3068 3540 μὲν
3089 3471 3270 3534 καλὸν,
3306 3473 3430 3525 τίδὲ
3451 3475 3739 3544 πονηρόν;

2143 3563 2252 3616 Καὶ
2275 3563 2391 3626 πῶς
2410 3563 2476 3617 ἂν
2498 3564 2610 3634 ἔχοι
2629 3564 2810 3633 λόγον;
2834 3567 3002 3620 Πάλιν
3023 3568 3197 3637 ἡγαγε
3218 3569 3317 3640 τὴν
3336 3573 3559 3638 γυναῖκα
3575 3573 3744 3643 πρὸς

2141 3659 2326 3722 αὐτὸν,
2351 3661 2444 3712 καὶ
2468 3659 2588 3713 ἰδὼν
2610 3661 2780 3732 αὐτὴν
2799 3662 3001 3725 εύθέως
3023 3664 3238 3732 ἐπέγνω
3273 3665 3369 3737 τὴν
3387 3667 3484 3736 τῆς
3503 3666 3743 3734 φύσεως

2141 3755 2414 3808 κοινωνόν.
2440 3756 2550 3808 Καὶ
2583 3755 2636 3808 τί
2673 3773 2842 3827 φησι;
2887 3757 3067 3812 Τοῦτο
3088 3760 3206 3813 νῦν
3241 3761 3464 3814 ὀστοῦν
3495 3761 3565 3815 ὲκ
3597 3762 3746 3817 τῶν

2142 3847 2343 3901 ὀστῶν⁸
2372 3868 2514 3918 μου,
2534 3850 2630 3904 καὶ
2667 3851 2822 3919 σὰρξ
2857 3855 2926 3908 ἐκ
2961 3853 3071 3920 τῆς
3105 3857 3335 3923 σαρκός
3347 3874 3484 3924 μου.
3502 3856 3745 3931 Ἐπειδὴ

2142 3945 2251 4017 7&9
2292 3947 2397 4017 πρὸ
2434 3947 2660 4020 βραχέος
2696 3944 2764 4020 ἦν
2791 3952 2821 4003 6
2851 3950 2982 4015 Θεὸς
3001 3952 3338 4023 παραγαγὼν
3356 3953 3502 4025 αὐτῷ
3520 3956 3587 4009 τὰ
3605 3956 3744 4020 ζῶα

2143 4043 2380 4106 ᾶπαντα,
2400 4043 2572 4109 δεῖξαι
2593 4044 2914 4116 βουλόμενος
2931 4046 2960 4100 6
2990 4047 3182 4119 Ἀδάμ,
3202 4051 3286 4103 ὅτι
3303 4049 3462 4104 τοῦτο
3491 4051 3554 4104 τὸ
3582 4052 3744 4116 ζῶον

2141 4143 2262 4208 ούχὶ
2293 4138 2349 4190 ἓν
2387 4139 2610 4194 ἐκείνων
2645 4141 2754 4196 τῶν
2790 4141 2944 4208 ζώων
2981 4146 3151 4213 ἐστὶν,
3189 4142 3344 4200 εἶπεσ
3392 4147 3570 4203 τοῦτο
3605 4149 3744 4204 νῦν

2143 4232 2370 4287 ὀστοῦν
2385 4234 2454 4287 ἐκ
2477 4233 2595 4288 τῶν
2611 4237 2810 4291 ὀστῶν
2825 4255 2964 4309 μου,
2984 4240 3082 4294 καί
3104 4240 3264 4309 σὰρξ
3279 4243 3348 4297 ἐκ
3367 4241 3474 4311 τῆς
3492 4249 3742 4312 σαρκός

2137 4345 2276 4396 μου.
2301 4329 2456 4392 τινὲς
2489 4329 2565 4394 δὲ,
2589 4333 2671 4385 δτι
2690 4333 2810 4402 οὐχὶ
2829 4334 2989 4388 τοῦτο
3017 4335 3180 4404 μόνον
3199 4337 3513 4404 αίνίττεται,
3537 4341 3736 4407 φασὶν,

2144 4424 2279 4478 ἀλλά
2296 4426 2389 4478 καὶ
2409 4425 2500 4480 τὸν
2519 4427 2722 4498 τρόπον
2736 4429 2835 4498 τῆς
2850 4430 3233 4503 δημιουργίας,
3251 4433 3344 4486 καὶ
3358 4434 3440 4486 δτι
3454 4435 3555 4487 οὐκ
3574 4435 3739 4490 ἔσται

2145 4521 2308 4574 πάλιν
2339 4523 2404 4591 τῇ
2443 4523 2662 4590 γυναικὶ
2693 4523 2933 4589 τοιοῦτος
2951 4525 3051 4596 τῆς
3071 4529 3337 4594 γενέσεως
3354 4530 3382 4581 6
3642 4531 3738 4586 διὰ

2142 4615 2302 4669 τοῦτο
2321 4611 2443 4670 εἷπε
2461 4633 2472 4645 °
2504 4620 2687 4674 Τοῦτο
2706 4621 2822 4674 νῦν
2837 4639 2849 4651 ·
2872 4623 3008 4693 ὅπερ
3029 4618 3123 4676 οὖν
3143 4625 3235 4678 καὶ
3254 4624 3438 4696 ἕτερος
3457 4627 3738 4698 ἑρμηνευ-

2141 4711 2244 4784 τὴς
2278 4713 2670 4785 ἀκριϐέστερον
2709 4719 3028 4788 ἑρμηνεύων
3066 4719 3219 4789 ἔλεγε
3245 4761 3258 4783 ,
3302 4721 3486 4776 Τοῦτο
3521 4723 3696 4788 ἅπαξ
3720 4765 3738 4786 ,

2144 4809 2346 4863 ὡσανεὶ
2366 4809 2538 4880 ἔλεγε,
2565 4809 2678 4867 Νῦν
2697 4814 2856 4884 μόνον
2893 4816 3031 4887 γυνὴ
3070 4818 3296 4885 γέγονεν
3327 4817 3386 4884 ἑξ
3419 4819 3618 4891 ἀνδρὸς
3638 4823 3742 4890 μό-

2144 4921 2236 4960 νου
2259 4923 2273 4936 ο
2313 4907 2452 4976 μετά
2469 4906 2527 4958 δὲ
2546 4907 2720 4962 ταῦτα
2739 4909 2923 4963 οὐκέτι
2941 4911 3114 4976 οὔτως
3134 4912 3309 4974 ἔσται,
3329 4913 3444 4967 ἀλλ’
3466 4914 3523 4980 ἑξ
3544 4917 3735 4986 ἀμφο-

2143 5001 2338 5072 τέρων·
2371 5001 2618 5056 Ὀστοῦν
2634 5003 2701 5056 ἐκ
2721 5004 2839 5057 τῶν
2857 5004 3056 5060 ὀστῶν
3072 5025 3206 5074 μου,
3231 5009 3330 5062 καὶ
3351 5008 3510 5077 σὰρξ
3526 5009 3598 5064 ἐκ
3621 5010 3741 5078 τῆς

2146 5097 2371 5164 σαρκός
2382 5113 2523 5166 μου.
2555 5097 2642 5182 Ἐς
2659 5098 2951 5172 ὁλοκλήρου
2971 5101 3081 5173 γὰρ
3098 5102 3192 5156 τοῦ
3213 5105 3531 5176 φυράματος
3549 5109 3579 5159 6
3598 5107 3738 5172 Θεὸς

2144 5191 2326 5245 λαϐὼν
2362 5193 2571 5264 κόμμα,
2592 5193 2734 5247 οὕτω
2769 5195 2866 5267 τὴν
2904 5201 3139 5265 γυναῖκα
3174 5200 3428 5266 ἔπλασεν,
3464 5201 3553 5254 ίνα
3589 5204 3739 5257 κατά

2149 5290 2324 5343 πάντα
2361 5293 2589 5361 κοινωνῇ
2627 5292 2705 5362 τῷ
2742 5293 2915 5364 ἀνδρί.
2955 5295 3139 5363 Αὕτη,
3172 5299 3325 5368 φησι,
3360 5300 3736 5366 κληθήσεται

2147 5385 2324 5453 γυνὴ,
2345 5385 2434 5439 ὅτι
2451 5387 2519 5440 ἐκ
2540 5387 2644 5441 τοῦ
2663 5389 2884 5458 ἀνδρὸς
2901 5391 3159 5461 ἐλήφθη.
3190 5395 3350 5467 Ὁρᾷς
3379 5396 3499 5460 πῶς
3517 5399 3613 5452 καὶ
3632 5398 3739 5469 τήν

2149 5481 2523 5553 προσηγορίαν
2558 5483 2648 5538 διά
2678 5485 2836 5538 τοῦτο
2874 5489 3198 5560 ἐπιτίθησιν,
3221 5492 3307 5544 ῖνα
3332 5495 3364 5563 ἡ
3389 5494 3736 5564 προσηγορία

2146 5577 2372 5648 διδάσκῃ
2411 5578 2508 5649 τὴν
2546 5583 2832 5636 κοινωνίαν
2860 5583 2962 5653 τῆς
2991 5585 3223 5653 φύσεως,
3247 5588 3393 5656 καὶὴ
3412 5588 3734 5642 διδασκαλία

2147 5671 2248 5741 τῆς
2269 5672 2407 5724 κατὰ
2430 5675 2528 5743 τὴν
2548 5675 2710 5743 φύσιν
2732 5681 3032 5742 κοινωνίας.
3057 5683 3149 5733 καὶ
3179 5683 3207 5733 6
3241 5683 3338 5752 τῆς
3368 5683 3733 5752 δημιουργίας

2153 5769 2350 5840 τρόπος
2390 5770 2644 5835 ὑπόθεσις
2681 5773 2900 5844 ἀγάπης
3001 5777 3299 5845 διηνεκοῦς,
3323 5779 3412 5831 καὶ
3437 5779 3733 5849 σύνδεσμος
