3964 6418
237 366 334 425 605

233 500 331 539 non
376 481 430 535 in
458 478 655 541 forum,
709 473 799 528 sed
828 471 879 524 in
896 468 1173 525 ecclesiam
1204 466 1466 525 venimus.
1520 472 1574 516 et
1602 461 1655 515 in
1674 474 1805 513 con-

231 591 461 650 gressum
482 588 580 627 nos
595 571 784 625 damus
805 581 907 620 non
927 563 1080 617 unius
1100 559 1276 622 amici,
1290 556 1382 611 sed
1400 565 1505 610 tam
1521 557 1808 609 multorum

231 647 288 725 ac
312 666 495 722 talium
516 664 736 717 fratrum
765 669 1096 727 patrumque,
1125 650 1214 719 qui
1244 648 1356 702 ﬁeri
1381 647 1591 716 poterit,
1616 656 1672 697 ut
1702 658 1805 697 non

230 774 434 815 omnem
462 753 769 811 mmstitiam
793 749 1140 815 deponamus,
1164 757 1267 797 non
1290 739 1471 793 lzetitia
1498 737 1641 791 omni
1660 735 1804 789 frua-

232 853 371 910 ntur?
399 850 515 906 Non
536 848 677 902 enim
705 852 920 913 propter
939 835 1329 895 multitudinem
1359 839 1565 886 tantum
1610 827 1800 882 melior

229 956 307 1002 est
333 941 633 999 forensibus
664 937 768 991 illis
809 933 1039 987 coetibus
1073 930 1159 983 bic
1179 938 1482 987 consessus,
1539 920 1631 975 scd
1677 937 1803 991 pro—

229 1047 343 1109 pter
393 1035 559 1103 ipsam
604 1026 989 1095 colloquiorum
1008 1019 1389 1075 conditionem.
1423 1013 1550 1067 Nam
1580 1012 1654 1067 illi
1690 1012 1805 1081 qni-

227 1129 340 1181 dem
364 1126 413 1177 in
444 1121 559 1176 foro
584 1117 944 1174 consideutcs,
968 1113 1092 1165 etin
1119 1108 1300 1162 orbem
1324 1107 1463 1158 inter
1492 1119 1550 1157 se
1571 1101 1801 1164 collecti,

227 1216 445 1286 atquein
468 1211 679 1267 circulis
695 1207 849 1262 otiosi
874 1217 1110 1273 persaspe
1131 1200 1196 1253 dc
1217 1198 1373 1251 rebus
1395 1195 1669 1249 inutilibus
1690 1207 1804 1245 scr-

226 1320 405 1362 mottes
424 1306 734 1361 conserunt,
759 1308 810 1349 et
835 1294 1013 1363 jejuna
1044 1287 1437 1358 colloquutione
1463 1283 1697 1339 instituta
1736 1280 1805 1334 de

227 1400 285 1451 iis
312 1395 469 1450 verba
514 1392 735 1451 faciunt,
765 1403 883 1456 qua:
931 1383 997 1438 ad
1049 1382 1195 1452 ipsos
1236 1377 1365 1432 nihil
1415 1377 1659 1429 attint-ut.
1713 1371 1803 1427 Sic

224 1489 359 1544 enim
390 1487 498 1539 fere
520 1484 597 1547 lit,
631 1491 689 1537 ut
716 1478 900 1548 majori
929 1475 1103 1531 studio
1120 1489 1207 1527 res
1228 1471 1429 1526 alienas
1451 1468 1798 1538 inquiramus,

222 1593 273 1637 et
296 1580 555 1636 curiosius
584 1574 912 1643 indagemus.
940 1568 1057 1623 .lam
1089 1582 1216 1620 vero
1261 1563 1523 1618 lubricum
1572 1576 1691 1613 esse
1739 1574 1802 1612 ac

223 1671 434 1745 periculi
461 1669 677 1739 plenum
725 1663 845 1718 talia
877 1662 1037 1716 verba
1069 1657 1288 1711 fundere
1318 1664 1475 1723 atque
1503 1652 1714 1714 audire,
1747 1659 1801 1703 ct

222 1762 418 1827 seduci,
449 1759 749 1827 multasque
773 1755 842 1808 ob
872 1751 1129 1821 ejusmodi
1176 1757 1471 1803 conventus
1523 1745 1794 1797 multotics

222 1858 474 1913 excitatas
503 1866 623 1908 esse
671 1850 722 1904 in
769 1847 980 1902 familiis
1028 1851 1387 1912 tempestates,
1435 1839 1612 1891 δῖοι»νο
1659 1851 1801 1889 nunc

223 1946 537 2019 supersedeo
571 1953 752 1999 :certc
778 1940 1016 1995 inutilem
1050 1953 1112 1991 ac
1139 1950 1327 1989 vanam
1353 1948 1472 1987 esse
1499 1941 1653 2000 atque
1701 1946 1802 1983 su:-

222 2043 450 2097 cularcm
483 2050 715 2096 .omnem
764 2029 1025 2101 ejusmodi
1068 2025 1568 2088 confalmlatioucm,
1626 2035 1800 2090 neque

223 2134 362 2189 facile
406 2128 741 2202 spiritualem
785 2138 1038 2193 umquam
1095 2133 1396 2175 sermonem
1429 2118 1482 2171 in
1532 2114 1797 2184 ejusmodi

221 2241 523 2283 consessum
563 2221 790 2287 admitti,
822 2218 1035 2289 negabit
1058 2229 1235 2271 nemo.
1263 2213 1357 2267 llic
1384 2220 1564 2265 autem
1591 2223 1695 2262 non
1727 2210 1797 2260 ita

224 2319 293 2383 lit,
320 2317 408 2373 sed
469 2312 797 2370 contrarium
825 2309 983 2380 plane
1022 2304 1331 2375 :siquidem
1376 2301 1551 2354 omnis
1598 2296 1799 2351 inutilis

222 2421 387 2463 sermo
407 2405 669 2476 rejicitur,
692 2400 867 2455 omnis
888 2413 1015 2454 vero
1035 2396 1274 2451 doctrina
1300 2391 1587 2463 spiritualis
1611 2390 1661 2442 in
1688 2402 1800 2441 nte-

220 2501 354 2554 dium
380 2496 671 2569 profertur.
726 2493 1011 2548 Enimvero
1037 2489 1104 2542 de
1133 2488 1308 2540 anima
1340 2491 1518 2537 nostra
1571 2479 1794 2535 disseri-

220 2608 349 2655 mus,
385 2590 564 2660 deque
611 2586 764 2642 bonis
821 2584 945 2647 illis,
1001 2596 1120 2650 quae
1146 2578 1211 2633 ad
1250 2576 1481 2630 animam
1511 2572 1796 2642 pertinent,

219 2684 378 2753 deque
403 2678 658 2750 repositis
683 2677 735 2732 in
762 2675 894 2731 caelo
913 2672 1150 2733 coronis,
1167 2670 1233 2722 de
1258 2670 1491 2721 virorum
1515 2664 1796 2719 illustrium

218 2775 521 2845 vita,deque
549 2770 640 2827 Dei
670 2767 994 2836 benignitate
1018 2773 1176 2833 atque
1194 2760 1423 2815 universi
1446 2754 1797 2827 providentia,

219 2868 435 2939 denique
456 2866 528 2921 de
552 2863 670 2919 aliis
697 2862 962 2925 omnibus,
995 2874 1113 2929 qttzc
1140 2857 1204 2911 ad
1237 2872 1334 2909 nos
1382 2854 1653 2922 pertinent
1678 2865 1795 2903 ma-

219 2960 366 3026 xime,
390 2959 549 3027 cujus
569 2956 644 3011 rei
668 2953 837 3025 gratia
868 2953 973 3005 nati
1006 2952 1193 3011 simus,
1216 2957 1267 3000 ct
1298 2960 1416 3015 qure
1444 2942 1656 2997 tandem
1684 2956 1801 2995 sors

218 3062 267 3107 et
291 3050 528 3106 conditio
549 3056 788 3102 nostrum
815 3061 879 3099 ex
909 3044 1008 3097 hac
1036 3040 1457 3094 vita-discessum
1509 3044 1795 3102 exceptura

217 3144 297 3210 sit,
316 3156 530 3213 quoque
557 3140 607 3193 in
630 3146 767 3193 statu
794 3152 880 3191 res
909 3143 1103 3189 nostrzu
1122 3143 1230 3186 tum
1250 3128 1506 3199 temporis
1522 3128 1629 3181 sint
1658 3127 1799 3178 futu-

220 3248 305 3288 ras.
337 3236 515 3304 Atque
554 3230 712 3299 hujus
732 3227 1004 3283 concionis
1035 3224 1318 3294 participes
1349 3236 1452 3274 nou
1480 3219 1653 3272 solum
1697 3231 1797 3271 nos

217 3340 405 3391 sumus,
433 3322 536 3379 sed
558 3330 612 3375 et
649 3319 921 3390 prepbetze
948 3326 1004 3372 et
1043 3314 1305 3385 apostoli,
1354 3310 1600 3381 quodque
1631 3308 1800 3377 majus

216 3430 291 3473 est
362 3417 639 3480 omnibus,
698 3414 812 3482 ipse
862 3409 1114 3465 Dominus
1161 3405 1398 3460 omnium
1449 3412 1553 3459 stat
1595 3401 1801 3455 medius

216 3511 343 3564 inter
371 3524 475 3563 nos
505 3507 678 3560 .lesus.
730 3504 849 3572 Ipse
871 3502 1063 3571 quippe
1090 3498 1217 3551 dicit
1250 3513 1263 3549 :
1301 3495 1399 3549 Ubi
1438 3496 1537 3547 duo
1583 3493 1660 3545 vel
1702 3502 1801 3545 tres

214 3600 504 3674 congregati
539 3597 732 3653 suntin
756 3594 958 3647 nomine
983 3609 1111 3654 meo,
1152 3589 1261 3641 illic
1287 3603 1398 3641 sum
1428 3587 1478 3638 in
1512 3585 1673 3637 medio
1715 3598 1798 3634 eo-

213 3713 319 3747 rum
354 3691 575 3764 (Matth.
605 3688 691 3744 18.
717 3686 789 3741 9.0
808 3688 849 3755 ).
881 3684 1031 3751 Quod
1054 3684 1097 3736 si
1127 3682 1211 3735 ubi
1236 3680 1341 3733 duo
1364 3687 1541 3731 tresve
1570 3688 1791 3743 congre-

213 3788 309 3856 gati
338 3795 490 3849 sunt,
512 3785 568 3838 in
612 3780 789 3837 medio
845 3790 927 3833 est
982 3778 1237 3845 ipsorum.
1294 3772 1458 3827 multo
1501 3770 1668 3838 magis
1712 3768 1799 3820 ubi

216 3887 287 3933 tot
309 3877 426 3941 viri,
487 3882 568 3929 tot
614 3872 905 3935 mulieres,
957 3881 1061 3923 tam
1115 3864 1263 3919 nndti
1312 3862 1471 3917 etiam
1514 3870 1714 3929 patres,
1748 3863 1801 3911 et

216 3970 428 4039 apostoli
457 3983 524 4023 ac
566 3964 839 4036 propheta:
868 3964 918 4015 in
950 3959 1125 4015 medio
1148 3963 1446 4011 versantur.

282 4062 505 4115 Adamus
525 4075 595 4111 an
622 4055 881 4110 scientiam
912 4053 1027 4105 boni
1055 4060 1099 4103 et
1130 4048 1249 4102 mali
1276 4044 1522 4099 habuerit.
1580 4042 1799 4109 Quinam

215 4153 433 4222 ignorent
462 4154 651 4206 bonum
677 4156 724 4200 et
754 4146 960 4199 malum.
991 4173 1062 4182 —
1083 4142 1419 4210 Quapropter
1462 4146 1516 4190 et
1543 4151 1639 4190 nos
1685 4150 1797 4187 tna-

214 4246 310 4313 jori
338 4261 459 4299 cum
494 4241 683 4296 fiducia
718 4237 880 4292 verba
909 4235 1151 4295 facimus,
1185 4247 1251 4285 eo
1278 4230 1397 4284 freti
1424 4227 1684 4290 subsidio,
1742 4235 1799 4278 et

218 4337 365 4391 lidctu
396 4336 551 4389 vobis
575 4334 753 4386 datam
783 4329 1039 4384 solvimus
1062 4327 1099 4377 ί.
1137 4325 1382 4377 Dicturos
1403 4321 1545 4376 enim
1568 4334 1663 4373 nos
1685 4318 1799 4389 pol-

218 4428 339 4481 liciti
362 4442 570 4489 sumus,
596 4425 824 4495 primum
849 4421 917 4475 de
948 4421 1111 4488 ligno,
1151 4433 1217 4469 an
1240 4431 1304 4470 ex
1331 4429 1397 4469 eo
1441 4413 1797 4481 cognitionem

218 4520 333 4575 boni
357 4536 420 4575 ac
438 4521 564 4576 mali
594 4532 664 4573 sn
690 4516 915 4586 adeptus
940 4514 1194 4574 Adamus,
1246 4524 1313 4562 an
1359 4522 1486 4561 vero
1515 4518 1797 4574 antequam

214 4612 411 4679 ederet,
459 4607 763 4681 lmjusmodi
793 4605 976 4660 notitia
1028 4602 1277 4673 pr:‘editns
1323 4609 1485 4653 esset.
1537 4597 1801 4651 Audacter

218 4704 369 4775 igitur
413 4719 555 4759 nunc
602 4703 842 4756 dicamus
869 4740 884 4761 ,
945 4699 1102 4751 etiam
1145 4704 1426 4763 antequam
1471 4691 1796 4751 comedet-ct,

218 4793 311 4849 hac
335 4812 454 4849 cum
484 4793 786 4863 cognitione
808 4790 1087 4861 pmditum
1118 4787 1277 4840 fuisse
1308 4784 1442 4837 :nisi
1484 4786 1626 4837 enim
1674 4781 1797 4849 quid

218 4885 408 4941 bonum
442 4887 705 4940 malumve
737 4882 890 4940 foret.
921 4881 1175 4943 novisset,
1197 4878 1325 4946 ipsis
1355 4875 1573 4929 rationis
1599 4888 1796 4941 exper-

218 4978 353 5032 tibus
379 4977 741 5031 animantibus
768 4972 1069 5032 itnmaniot'.
1104 4979 1156 5025 et
1180 4969 1429 5022 dominus
1452 4967 1622 5019 servis
1668 4963 1798 5016 stul-

216 5075 314 5124 tior
340 5070 653 5125 exstitisset.
715 5069 907 5121 Annon
959 5065 1099 5117 enim
1149 5060 1435 5115 absurdum
1481 5058 1708 5120 videtur,
1742 5065 1799 5107 ut

211 5176 386 5229 caprze
416 5160 630 5229 quidem
653 5167 708 5213 et
734 5171 864 5211 oves
892 5154 1154 5210 n0verint.
1196 5164 1439 5221 quantum
1483 5147 1647 5202 herba
1697 5144 1799 5199 sibi

209 5255 275 5306 sit
320 5253 488 5316 utilis,
537 5265 723 5320 quaeve
752 5248 1068 5318 perniciosa,
1119 5258 1289 5313 neque
1332 5244 1397 5295 ad
1442 5256 1628 5294 omnes
1682 5254 1800 5306 qua:

209 5354 517 5410 occurrunt,
532 5344 917 5402 adhzerescant,
941 5338 1032 5393 sed
1051 5338 1354 5391 discernere
1386 5333 1584 5401 possint
1600 5346 1661 5385 ac
1680 5344 1805 5383 uos-

208 5455 287 5505 tte.
314 5440 443 5510 quid
477 5440 606 5508 ipsis
629 5439 853 5494 luosium
884 5438 972 5497 sit,
1002 5442 1053 5485 et
1079 5430 1201 5501 quid
1233 5425 1570 5482 commodum
1598 5442 1611 5481 :
1643 5426 1802 5477 homo

214 5546 346 5587 vero
371 5542 517 5587 tanta
535 5531 781 5586 cautione
807 5525 1113 5583 fraudetur?
1133 5522 1241 5577 Nisi
1265 5520 1404 5573 enim
1430 5519 1531 5572 hoc
1559 5517 1798 5580 haberet,

216 5625 407 5680 nullius
435 5635 578 5680 esset
602 5623 775 5693 pretii,
822 5620 914 5676 sed
941 5618 1175 5671 omnimu
1206 5611 1593 5682 abjcctissituus
1642 5624 1801 5678 appa-

281 5782 293 5809 ¹
334 5786 474 5841 Ieg.,
499 5776 622 5827 vobis
646 5775 892 5826 solventes.

1457 346 1519 402 IN
1560 342 1853 401 GENESIM
1894 341 2120 399 SEINO
2163 345 2247 397 \‘l.

3390 364 3493 420 oua

1921 470 2081 515 reret.
2107 462 2267 517 Multo
2295 464 2435 519 enim
2464 467 2628 520 satius
2653 469 2750 538 ipsi
2774 472 2910 532 foret
2938 478 2993 536 In
3018 484 3252 542 tenebris
3270 492 3481 551 versari

1915 553 2188 623 oculisque
2214 566 2426 647 captum
2476 574 2615 623 esse,
2661 576 2723 617 ac
2772 565 2901 622 locis
2952 539 3503 647 “peculii-iisiis;

1914 658 2073 736 quam
2102 647 2305 716 utquid
2354 646 2549 702 bonum
2577 652 2666 717 sit,
2718 655 2912 723 quidve
2958 628 3177 725 malum.

1915 735 2070 792 Tolle
2098 738 2237 793 hanc
2261 755 2293 794 e
2317 739 2419 794 vita
2449 752 2630 797 nostra
2681 746 3003 819 facultatem,
3030 755 3139 824 jam

1915 846 2036 885 nem
2088 834 2246 888 vitam
2303 844 2536 892 nostram
2587 841 2886 905 sustuleris,
2930 855 2984 899 et
3033 852 3268 905 omnium
3323 869 3503 910 rerum

1916 924 2368 1016 perturbationem
2390 927 2676 985 invexeris.
2710 932 2821 988 Hoc
2841 936 2981 991 enim
3017 940 3140 995 illttd
3168 953 3268 1006 cst,
3320 964 3426 1016 quo
3475 967 3504 1002 a

1915 1014 2082 1069 brutis
2102 1016 2458 1073 animantibus
2478 1021 2793 1090 differimus,
2814 1036 2868 1081 et
2888 1044 2992 1098 quo
3014 1030 3140 1086 feris
3160 1014 3407 1103 przcstam
3421 1056 3482 1091 us

1913 1107 2052 1175 quod
2080 1108 2263 1162 vitium
2287 1112 2641 1181 virtutemque
2670 1082 2993 1186 noverim-us,
3026 1132 3081 1176 et
3132 1082 3273 1194 qrnod

1914 1212 2127 1252 scamus
2156 1199 2280 1267 qttid
2327 1202 2525 1255 malum
2567 1206 2657 1266 sit,
2694 1222 2866 1277 neque
2889 1211 3014 1280 quid
3037 1214 3104 1267 sit
3128 1215 3323 1271 bonum
3351 1219 3499 1289 igno—

1913 1304 2108 1343 remus.
2163 1291 2315 1357 Quod
2363 1294 2406 1346 si
2438 1311 2537 1349 nos
2597 1296 2647 1350 id
2720 1314 2861 1353 ttunc
2910 1303 3128 1372 scimus,
3182 1325 3354 1377 neque
3400 1330 3498 1367 nos

1911 1389 2137 1483 tantum,
2192 1382 2287 1438 sed
2337 1385 2494 1439 etiam
2544 1385 2755 1459 Scytha:
2799 1404 2861 1444 ac
2909 1390 3140 1462 barbari,
3172 1400 3340 1454 multo
3388 1419 3500 1457 ma-

1909 1476 1989 1540 gis
2020 1481 2127 1526 tttut
2162 1477 2416 1545 temporis
2462 1476 2623 1532 homo
2670 1479 2757 1533 ille
2810 1491 2935 1535 ante
2981 1498 3252 1552 peccatum
3296 1492 3347 1545 id
3396 1509 3497 1547 no-

1911 1574 2059 1616 verat
2108 1582 2121 1617 :
2170 1581 2340 1636 neque
2412 1584 2532 1621 cum
2603 1571 2761 1626 tantis
2824 1572 3116 1632 honoribus
3191 1584 3493 1638 cumulatus

1913 1666 2077 1716 esset,
2134 1669 2317 1725 utpote
2363 1660 2504 1729 quod
2558 1664 2623 1716 ad
2665 1664 2943 1733 imaginem
3002 1679 3053 1724 et
3096 1672 3496 1732 similitudinem

1911 1745 2000 1800 Dei
2052 1746 2306 1803 formatus
2358 1762 2519 1814 esset,
2551 1754 2770 1823 aliisque
2814 1756 3085 1815 beneficiis
3133 1776 3375 1833 ornatus,
3431 1784 3500 1823 eo

1906 1839 2046 1906 quod
2105 1849 2263 1909 caput
2310 1841 2567 1895 bonorum
2615 1853 2715 1907 cst,
2783 1847 3003 1903 orbatus
3052 1861 3196 1907 esset
3257 1857 3493 1911 relictus.

1906 1930 2036 1984 Nam
2088 1932 2211 2000 quid
2244 1933 2436 1985 bonum
2468 1934 2536 1986 sit
2580 1943 2634 1988 et
2661 1936 2882 2003 malum,
2912 1940 2983 1992 illi
3035 1942 3206 1997 solum
3230 1944 3494 2015 ignorant,

1905 2022 1993 2089 qui
2035 2022 2259 2075 naturali
2311 2023 2533 2075 rationis
2576 2024 2777 2091 judicio
2816 2039 2939 2082 sunt
2989 2033 3176 2099 privati
3222 2035 3495 2091 :Adamus

1906 2123 2081 2166 autem
2106 2114 2266 2166 multa
2293 2115 2547 2180 sapientia
2569 2117 2801 2183 repletus
2822 2128 2957 2181 erat,
2998 2130 3054 2174 ct
3094 2121 3251 2191 hujus
3301 2128 3499 2180 utrius-

1905 2218 2009 2272 que
2033 2203 2365 2257 discernendi
2400 2202 2648 2259 facultate
2678 2207 2927 2275 pollcbat.
2947 2210 3121 2280 Atque
3150 2220 3206 2266 ut
3234 2214 3497 2284 intelligas

1905 2309 2027 2348 eum
2051 2294 2307 2362 Spit‘illlali
2343 2296 2603 2364 repletum
2648 2296 2814 2352 fuisse
2839 2301 3119 2367 sapientia,
3162 2303 3499 2360 demonstra-

1905 2384 2103 2438 tionem
2129 2385 2244 2453 ejus
2276 2386 2349 2438 rei
2380 2386 2524 2439 andi.
2566 2387 2795 2440 Adduxit
2846 2392 2917 2441 at!
2949 2405 3061 2442 eum
3084 2389 3245 2459 Deus,
3296 2395 3488 2464 inquit,

1904 2475 2106 2541 bestias,
2134 2486 2190 2528 ut
2219 2476 2402 2529 videret
2428 2477 2551 2547 quid
2574 2487 2769 2530 voraret
2797 2490 2983 2541 eas;et
3007 2482 3052 2533 si
3075 2483 3198 2549 quid
3224 2500 3309 2536 eas
3334 2501 3489 2537 voca-

1904 2567 1971 2619 rit
1993 2567 2177 2631 Adam,
2199 2568 2291 2619 hoc
2313 2575 2385 2620 est
2415 2583 2595 2620 nomen
2627 2569 2752 2636 ipsis
2783 2568 2801 2638 (
2822 2567 2947 2622 Gen.
2972 2570 3026 2622 2.
3056 2572 3124 2626 19
3142 2572 3182 2642 ).
3201 2573 3494 2628 Considera

1904 2673 2053 2728 ergo,
2101 2667 2295 2728 quanta
2354 2659 2611 2728 sapientia
2664 2660 2966 2713 cumulatus
3021 2672 3186 2728 esset,
3239 2664 3328 2733 qui
3383 2673 3492 2718 tam

1905 2751 2085 2802 tnultis
2099 2749 2404 2818 generibus,
2426 2760 2530 2801 tam
2553 2749 2712 2801 variis
2733 2759 2784 2803 ct
2798 2749 3031 2818 cujusvis
3052 2753 3496 2821 speciei.jumcn-

1906 2849 2102 2901 torum.
2120 2841 2411 2910 reptilium,
2440 2851 2492 2894 et
2509 2840 2783 2893 volucrum
2811 2842 3229 2914 nomina,eaqne
3253 2849 3492 2915 pr0pria,

1906 2932 2182 3002 imponere
2218 2931 2467 2999 potuerit.
2498 2928 2586 2985 Sic
2614 2932 2755 2985 enim
2786 2931 2922 2986 hanc
2953 2936 3229 2989 nominum
3273 2938 3495 3006 imposi-

1907 3023 2104 3076 tioncm
2131 3023 2442 3092 approbavit
2473 3023 2610 3075 Deus
2632 3065 2647 3086 ,
2689 3030 2744 3075 ut
2784 3039 2888 3077 non
2911 3025 3138 3092 amplius
3158 3027 3274 3081 illas
3304 3034 3489 3098 πβρι-1-

1906 3114 2132 3168 lationes
2187 3114 2424 3174 mutarit,
2454 3128 2625 3181 neque
2651 3130 2769 3166 cum
2802 3115 2886 3169 ille
2915 3126 3186 3183 peccasset
3211 3160 3225 3184 ,
3256 3120 3483 3175 voluerit

1905 3218 1997 3259 cas
2046 3220 2075 3258 e
2122 3204 2297 3257 medio
2325 3203 2511 3258 tollere
2536 3221 2551 3258 :
2585 3203 2746 3256 Omne
2772 3205 2935 3271 enim,
2977 3206 3166 3276 inquit,
3190 3210 3325 3278 quod
3351 3228 3500 3264 voca-

1904 3299 1973 3351 rit
2002 3314 2060 3349 ea
2083 3298 2267 3361 Adam,
2299 3297 2392 3349 hoc
2421 3306 2490 3349 est
2510 3312 2688 3348 nomen
2720 3298 2862 3363 ipsis.

1975 3388 2032 3442 Ξ.
2056 3391 2136 3442 Αη
2169 3389 2327 3458 igitur
2358 3389 2475 3451 iste,
2505 3388 2628 3457 quid
2659 3388 2852 3441 bonum
2880 3399 3040 3455 esset,
3074 3391 3269 3461 quidve
3295 3396 3492 3449 malum

1907 3479 2223 3547 ignorabat?
2269 3477 2365 3532 Cui
2398 3494 2524 3531 vero
2571 3477 2620 3531 id
2652 3478 2922 3547 probabile
2965 3480 3248 3535 videatur?
3293 3482 3496 3538 Rursus

1909 3573 2186 3626 mulierem
2211 3572 2276 3624 ad
2308 3572 2479 3640 ipsum
2510 3570 2745 3633 adduxit,
2778 3582 2831 3623 et
2859 3586 2921 3624 ea
2953 3572 3061 3625 visa
3087 3573 3366 3629 confestim
3395 3591 3494 3629 na-

1909 3675 2040 3717 tura:
2084 3672 2388 3716 consortem
2440 3662 2672 3730 agnovit.
2732 3661 2797 3714 Et
2841 3661 2966 3730 quid
2997 3662 3115 3716 ait?
3140 3662 3253 3717 Hoc
3282 3681 3414 3717 nunc
3442 3681 3498 3720 os

1905 3773 1968 3809 ea:
2018 3756 2211 3809 ossibus
2263 3756 2406 3818 meis,
2458 3765 2504 3807 et
2546 3770 2666 3806 caro
2697 3754 2759 3806 de
2782 3770 2933 3807 carne
2952 3770 3063 3807 mea
3090 3753 3252 3824 (Ibid.
3283 3772 3329 3809 υ.
3356 3755 3492 3825 25).

1905 3847 2035 3903 Cum
2079 3849 2220 3902 enim
2271 3847 2427 3916 paulo
2473 3857 2598 3900 ante
2640 3847 2777 3900 Deus
2802 3847 2867 3900 ad
2894 3863 3015 3902 eum
3032 3859 3222 3903 cuncta
3247 3850 3497 3904 animalia

1904 3939 2231 4002 adduxisset,
2290 3936 2574 3991 ostendere
2606 3936 2791 3991 volens
2841 3937 3007 3990 Adam
3047 3953 3153 3991 non
3191 3938 3405 4007 aliquod
3431 3954 3495 3993 ex

1906 4033 2115 4086 t‘tl'lCl‘iS
2144 4047 2262 4084 esse
2291 4030 2393 4084 ltoc
2420 4029 2635 4093 animal,
2663 4028 2793 4081 dixit
2831 4048 2843 4083 :
2872 4028 2982 4081 Hoc
3008 4046 3143 4082 nunc
3181 4046 3237 4082 os
3266 4046 3328 4083 ex
3366 4031 3497 4084 ossi-

1905 4124 1996 4177 bus
2019 4124 2162 4183 meis,
2186 4132 2231 4175 et
2257 4137 2374 4175 caro
2420 4121 2482 4174 de
2525 4137 2674 4173 carne
2700 4137 2831 4173 utea.
2859 4119 3109 4174 Nonnulli
3136 4136 3262 4176 vero
3291 4122 3497 4185 dicunt,

1907 4232 2011 4268 non
2035 4214 2085 4267 id
2117 4214 2286 4266 solum
2315 4228 2436 4266 eum
2479 4212 2721 4277 iouuere,
2751 4211 2843 4265 Sed
2884 4212 3042 4266 etiant
3071 4213 3359 4269 crcatioois
3379 4228 3497 4268 mo-

1906 4307 2054 4372 dum,
2080 4320 2250 4375 ncque
2272 4304 2386 4357 fore
2408 4312 2463 4356 ut
2485 4317 2670 4356 rursus
2693 4302 2883 4355 mulier
2907 4318 2968 4356 ea
2998 4306 3206 4359 ratione
3228 4315 3496 4366 nascatur,

1908 4407 2187 4467 propterea
2232 4394 2451 4453 dixisse.
2490 4390 2600 4446 Hoc
2630 4408 2781 4455 nunc,
2827 4391 2966 4461 quod
3008 4394 3190 4456 utique
3232 4391 3367 4444 alius
3415 4392 3499 4444 itt-

1908 4501 2112 4560 terpres
2154 4488 2452 4542 accuratius
2480 4485 2835 4552 interpretans
2856 4483 3009 4545 dixit,
3044 4482 3155 4536 Hoc
3182 4484 3335 4536 senth
3366 4484 3443 4550 (ιι)
3472 4524 3488 4546 ,

1904 4583 2052 4653 quasi
2080 4581 2303 4643 diceret,
2329 4577 2480 4632 Nunc
2508 4584 2710 4629 tantmn
2741 4574 2929 4627 mulier
2974 4591 3037 4627 rx
3070 4576 3185 4627 solo
3210 4574 3322 4626 viro
3355 4575 3487 4627 facta

1904 4682 2025 4736 est,
2079 4669 2299 4740 posthac
2345 4677 2520 4720 autctn
2565 4680 2669 4717 non
2716 4665 2791 4716 sic
2831 4663 2954 4728 erit,
2999 4664 3093 4716 sed
3122 4679 3188 4715 ex
3219 4664 3494 4733 utrisque:

1908 4766 1978 4819 0s
2000 4780 2064 4817 ea:
2083 4761 2273 4817 ossibus
2300 4761 2438 4821 meis,
2462 4768 2507 4811 et
2530 4774 2645 4810 caro
2667 4758 2730 4810 de
2744 4773 2894 4809 carne
2917 4772 3045 4810 mea.
3072 4755 3201 4809 Nam
3224 4767 3499 4824 assumpto

1906 4874 1969 4912 ex
1993 4866 2098 4909 tota
2123 4867 2295 4909 massa
2328 4851 2624 4921 fragmento
2642 4866 2768 4913 uno,
2797 4849 2874 4902 sic
2917 4849 3196 4903 mulierem
3224 4849 3495 4913 formavit,

1908 4959 1961 5002 ut
1991 4949 2041 5001 in
2073 4945 2319 4999 omnibus
2346 4944 2463 4996 viro
2503 4941 2879 4995 communicet.
2930 4938 3055 4992 Hac
3096 4943 3354 4993 vocabitur
3379 4958 3495 4993 mu-

1906 5044 2018 5104 lier,
2076 5038 2266 5109 inquit,
2317 5035 2555 5106 quoniam
2603 5034 2666 5085 de
2715 5033 2821 5085 viro
2866 5041 3066 5102 sumpta
3108 5041 3200 5084 est.
3256 5029 3416 5085 Vides
3443 5042 3499 5084 ut

1908 5134 2067 5188 etiam
2101 5130 2509 5200 appellationem
2561 5125 2756 5178 idcirco
2803 5124 3060 5193 imponat,
3105 5130 3166 5175 ut
3215 5122 3501 5191 appellatio

1907 5223 2334 5278 communionem
2363 5228 2563 5273 natura:
2590 5216 2938 5279 demonstret,
2967 5223 3021 5267 et
3046 5213 3212 5282 ipsius
3244 5213 3500 5267 naturalis

1906 5311 2298 5370 communionis
2339 5307 2725 5364 demonstratio
2755 5311 2808 5358 et
2834 5303 3119 5357 creationis
3162 5302 3352 5356 modus
3382 5318 3497 5371 per.

1910 5407 2053 5478 petui
2095 5404 2294 5459 amoris
2332 5400 2564 5463 occasio,
2624 5406 2679 5452 ct
2735 5395 3001 5449 vinculum
3046 5394 3115 5449 sit
3163 5392 3504 5449 concordiae?

1970 5560 2044 5624 (α)
2078 5566 2218 5610 Juxta
2241 5559 2363 5607 duos
2386 5550 3248 5624 inter;iretgsitempefymmacbum
3273 5557 3326 5599 et
3346 5547 3500 5624 Τὴςο-

1907 5608 2324 5681 tlotionet—ti,voces
2348 5608 2593 5666 Hebrai'cat
2627 5618 2788 5670 DY‘Dt'l
2814 5608 2924 5665 ήκτ
2950 5608 3204 5662 vertenda
3239 5624 3297 5662 su
3318 5618 3369 5664 tt.
3408 5608 3501 5658 hoc

1909 5695 2089 5750 semet;
2113 5679 2170 5740 ad
2210 5689 2399 5750 literam
2425 5698 2540 5750 vero
2578 5686 2645 5732 sic
2669 5685 3065 5750 interpretamur,
3098 5681 3190 5750 (tuo
3213 5680 3328 5736 rice,
3369 5679 3501 5750 quod

1915 5737 2089 5807 eodem
2111 5737 2298 5803 recidit.
2325 5751 2365 5796 si
2392 5745 2651 5803 intelligas,
2677 5745 2765 5791 hac
2788 5737 2884 5792 ore
2910 5737 3078 5801 solum,
3101 5743 3146 5790 id
3170 5751 3264 5799 est,
3289 5737 3452 5789 semei.
