3964 6428
435 347 538 402 ΜΊ

438 459 646 517 Deinde
683 470 814 514 vero
838 453 963 528 quid
992 451 1108 509 ait?
1134 449 1352 519 Propter
1371 447 1467 500 hoc
1481 445 1726 511 relinquet
1752 442 1902 495 homo
1929 455 2027 509 pa—

437 561 566 602 trem
585 563 755 612 suum,
791 556 840 601 et
879 553 1090 598 matrem
1127 555 1293 606 suam,
1338 548 1385 593 et
1421 533 1698 591 adlacrebit
1731 531 1880 587 uxori
1925 543 2033 584 sua:

439 635 606 707 (Ceu.
638 637 694 691 2.
721 636 792 691 24
815 636 852 702 ).
878 633 995 689 Non
1042 629 1354 700 simpliciter
1407 627 1564 690 dixit,
1613 622 1860 683 Unietur.
1911 618 2031 681 sed,

436 727 748 787 Adhwrebt't.
796 734 858 782 ιιι
898 737 1160 779 summam
1196 717 1634 787 coniunctionem
1659 710 2029 784 signiﬁcaret:

440 820 507 874 Et
529 828 672 874 erunt
699 818 799 870 duo
833 817 884 870 in
921 829 1129 868 carnem
1166 826 1342 865 unam.
1372 809 1582 878 Ergone
1610 805 1700 875 qui
1730 814 1835 857 tam
1867 800 2035 856 multa

436 919 678 973 noverat,
708 907 811 971 die,
836 919 1019 976 qumso
1045 946 1062 970 ,
1088 902 1215 973 quid
1243 909 1387 956 esset
1417 899 1637 962 bonum,
1663 894 1786 966 quid
1813 891 2033 953 malum,

438 999 754 1072 ignorabat?
792 998 857 1053 Et
896 996 978 1051 cui
1010 995 1254 1049 videatur
1275 992 1330 1046 id
1361 990 1551 1044 rationi
1576 979 2035 1042 consentaneum?

439 1093 497 1149 Si
524 1092 666 1147 enim
697 1088 968 1144 nesciebat
994 1085 1117 1158 quid
1160 1084 1357 1138 bonum
1384 1088 1548 1145 esset,
1578 1088 1634 1133 et
1661 1076 1785 1147 quid
1814 1074 2032 1140 malum,

437 1194 725 1253 antequam
750 1181 819 1235 de
848 1178 992 1249 ligno
1027 1174 1357 1238 comedet-et,
1398 1172 1492 1227 sed
1525 1180 1640 1240 post
1667 1166 2034 1223 manducatin-

438 1290 561 1329 nent
584 1273 636 1327 id
662 1271 864 1336 didicit,
889 1278 1162 1339 peccatum
1184 1264 1257 1320 illi
1274 1262 1552 1335 sapientiae
1576 1259 1827 1331 magister
1841 1259 2035 1312 factum

442 1358 555 1429 est,
582 1372 638 1417 et
665 1376 888 1430 serpens
912 1373 1017 1413 non
1043 1356 1155 1426 jam
1185 1355 1457 1419 seductor,
1498 1350 1592 1406 sed
1624 1350 1828 1404 utilium
1855 1361 2035 1403 rerum

442 1452 785 1510 consiliarius
830 1460 914 1505 est
965 1448 1308 1509 constitutus,
1363 1457 1595 1513 eumque
1651 1440 1920 1495 hominem
1969 1451 2036 1492 ex

444 1543 620 1599 bellua
643 1541 893 1597 reddidit.
927 1538 1073 1594 Absit
1106 1536 1209 1592 hoc
1232 1553 1246 1591 :
1271 1550 1376 1591 non
1398 1533 1539 1589 enim
1567 1533 1636 1586 ita
1660 1547 1720 1586 se
1746 1545 1832 1586 res
1854 1528 2037 1595 habet,

444 1650 551 1689 non
574 1642 658 1688 est
683 1634 775 1686 ita.
798 1631 930 1687 Nam
962 1632 1008 1684 si
1041 1627 1313 1684 nesciebat
1337 1626 1464 1698 quid
1496 1626 1691 1681 bonum
1719 1631 1880 1682 esset.
1909 1620 2037 1693 quid

446 1725 665 1787 malum,
716 1719 983 1793 quomodo
1014 1718 1319 1773 mandatum
1359 1714 1599 1787 accepit?
1650 1714 1816 1769 Nemo
1842 1711 2040 1782 quippe

446 1816 616 1885 lcgem
644 1813 749 1868 fert
773 1815 845 1879 ei,
873 1812 961 1882 qui
990 1810 1194 1866 nesciat
1216 1808 1412 1861 malum
1437 1806 1565 1877 quid
1591 1820 1711 1861 esse
1736 1813 2037 1875 transgres-

444 1906 650 1958 sionem
682 1922 694 1955 :
727 1902 872 1971 atqui
904 1902 1046 1956 Deus
1070 1909 1126 1955 et
1171 1899 1310 1962 tulit,
1337 1906 1396 1952 et
1442 1905 1890 1966 transgressorem
1939 1907 2039 1963 pn-

447 1994 601 2060 nivit,
631 1993 719 2064 qui
746 1993 929 2062 utique
970 2000 1216 2047 neutrum
1246 1991 1435 2043 horum
1453 1986 1690 2048 fecisset,
1718 1986 1818 2041 nisi
1842 2000 1875 2040 e
1897 1984 2042 2055 prin-

450 2087 588 2157 cipio
636 2085 939 2140 facultatem
982 2080 1329 2154 dignosccndi
1381 2080 1631 2133 virtutem
1667 2091 1731 2131 ac
1777 2075 1964 2130 vitium
1990 2074 2041 2130 ei

452 2177 744 2233 tribuisset.
772 2175 937 2229 Vides
961 2184 1016 2228 ut
1037 2174 1191 2228 nobis
1217 2171 1363 2226 omni
1401 2187 1465 2224 ex
1499 2180 1647 2239 parte
1670 2169 1889 2237 liqueat,
1916 2181 2041 2222 eunt

452 2283 558 2323 non
607 2268 779 2322 solum
812 2272 1091 2335 postquam
1120 2262 1372 2329 comedit,
1420 2261 1631 2315 novisse
1674 2257 1800 2328 quid
1842 2261 2043 2313 bonum

448 2370 614 2425 esset,
642 2359 767 2430 quid
797 2358 1014 2419 malum,
1045 2354 1138 2411 sed
1166 2365 1220 2408 et
1245 2366 1398 2408 antea
1430 2351 1556 2407 illud
1587 2351 1828 2406 scivisse.

523 2450 773 2523 Epilogus
794 2448 1056 2505 sermonis.
1079 2476 1151 2486 —
1168 2444 1292 2500 ηερε
1318 2443 1477 2513 igitur
1494 2441 1674 2497 omnia
1696 2440 2041 2502 retineamus,

450 2541 815 2605 dilectissimi,
860 2554 924 2594 ac
970 2538 1187 2592 domum
1231 2535 1431 2590 reversi
1479 2533 1745 2603 duplicem
1802 2543 2043 2585 mensam

453 2646 805 2704 appouatnus,
833 2645 993 2684 uuam
1022 2628 1288 2689 ciborum,
1316 2624 1538 2678 alterum
1566 2638 1734 2677 sacrm
1754 2621 1997 2677 lectionis
2027 2635 2040 2672 :

455 2733 513 2779 et
535 2722 615 2777 vir
638 2721 851 2791 quidem
882 2733 944 2773 ea
970 2733 1089 2790 quae
1115 2716 1253 2771 dicta
1276 2723 1403 2768 sunt
1429 2719 1655 2782 repetat,
1699 2727 1837 2765 uxor
1864 2720 2042 2763 autem

456 2814 681 2875 ediscat,
735 2809 953 2864 audiant
993 2805 1180 2870 liberi,
1238 2818 1410 2873 neque
1469 2803 1650 2857 famuli
1699 2817 1761 2856 ea
1818 2801 2046 2857 lectione

457 2907 789 2962 fraudentur.
829 2905 1054 2958 Domum
1083 2911 1224 2955 tuam
1250 2897 1405 2955 effice
1428 2895 1707 2953 ecclesiam
1742 2911 1754 2946 :
1783 2892 2042 2963 s’quidem

456 3009 513 3053 et
542 2998 829 3052 liberorum
857 3002 911 3050 et
938 2992 1255 3050 famulorum
1298 2988 1481 3043 salutis
1500 2994 1585 3040 est
1621 2985 1714 3039 tibi
1745 2986 1878 3039 ratio
1920 2983 2042 3037 red-

459 3088 634 3142 denda
662 3104 675 3141 :
703 3094 758 3138 et
797 3085 935 3140 sicut
952 3098 983 3138 a
1012 3082 1165 3137 uobis
1188 3080 1465 3148 exigentur
1491 3076 1722 3130 rationes
1749 3090 1845 3145 pro
1873 3073 2044 3139 vobis,

459 3180 539 3235 sic
563 3178 632 3232 ab
655 3190 976 3246 unoquoque
1013 3181 1247 3228 vestrum
1276 3185 1373 3241 pro
1403 3167 1622 3230 famulo,
1653 3182 1747 3236 pro
1768 3180 1953 3230 uxore,
1985 3178 2047 3218 ac

459 3285 556 3340 pro
577 3269 682 3323 filio
704 3268 839 3322 ratio
866 3274 1197 3336 reposcetur.
1237 3261 1416 3330 Itaque
1446 3266 1566 3329 post
1592 3256 1891 3326 huiusmodi
1922 3270 2050 3311 nar-

457 3362 692 3416 rationes
737 3355 1050 3414 suavissima
1088 3368 1187 3408 nos
1212 3351 1477 3421 excipiunt
1504 3348 1788 3410 insomnia,
1833 3347 2043 3401 omnis—

455 3468 560 3524 que
592 3450 814 3507 visionis
863 3447 1101 3517 expertia
1135 3442 1355 3516 :qualia
1408 3453 1636 3509 namque
1681 3438 1819 3493 solet
1870 3435 2046 3490 anima

460 3541 691 3599 interdiu
718 3538 989 3602 meditari,
1034 3534 1160 3589 talia
1207 3542 1262 3587 et
1293 3531 1346 3585 in
1390 3529 1595 3584 somnis
1635 3528 1952 3598 imaginatur
1997 3534 2051 3579 et

458 3634 681 3705 effingit.
725 3629 879 3698 Quod
906 3629 954 3684 si
989 3642 1109 3698 qua:
1152 3624 1372 3694 singulis
1396 3622 1584 3677 diebus
1629 3621 1897 3683 dicuntur,
1930 3634 2046 3671 me-

457 3727 597 3782 mori
623 3732 800 3779 mentc
823 3733 1120 3783 servemus,
1146 3730 1340 3787 magno
1361 3715 1542 3770 labore
1570 3727 1707 3781 Opus
1743 3726 1847 3765 non
1895 3710 1997 3765 erit
2033 3728 2046 3764 :

460 3830 798 3888 consequens
851 3813 1051 3887 quippe
1098 3824 1278 3866 sermo
1328 3806 1613 3862 dilucidior
1663 3805 1814 3859 vobis
1848 3804 1971 3870 erit,
1997 3811 2053 3859 et

459 3911 664 3966 facilior
690 3910 777 3963 fiet
803 3916 859 3965 et
878 3904 1164 3976 proclivior
1189 3909 1372 3957 uoster
1395 3899 1463 3955 ad
1488 3895 1784 3953 docendum
1805 3905 2048 3955 conatus.

464 4001 533 4057 Ut
557 4000 714 4072 igitur
731 3999 905 4069 aliqua
925 3994 1048 4051 inde
1067 3992 1267 4050 utilitas
1290 3999 1347 4047 et
1371 3989 1438 4044 ad
1467 4003 1566 4044 nos
1585 3997 1642 4044 et
1663 3988 1739 4044 ad-
1761 4002 1859 4042 vos
1875 3986 2049 4042 dima-

460 4100 554 4147 net
583 4089 689 4147 :ad
719 4104 816 4145 nos
859 4087 1094 4161 quidem.
1120 4100 1189 4142 eo
1212 4082 1354 4155 quod
1378 4082 1685 4149 doceamus,
1713 4080 1780 4136 ad
1821 4095 1917 4135 vos
1960 4094 2054 4131 au—

461 4193 594 4249 tem,
625 4179 765 4250 quod
793 4179 1022 4233 audiatis
1048 4194 1062 4231 :
1095 4184 1216 4246 post
1258 4188 1496 4230 mensam
1524 4172 1855 4241 corporalem
1894 4171 2055 4240 spiri-

463 4271 620 4327 tualis
662 4270 822 4324 etiam
866 4281 1049 4322 mensa
1080 4265 1232 4321 vobis
1258 4265 1566 4318 instruatur.
1609 4260 1700 4316 illa
1731 4261 1874 4317 enim
1901 4260 2054 4315 vobis

458 4374 515 4422 et
541 4362 611 4418 ad
639 4363 977 4418 securitatem
994 4367 1049 4414 et
1062 4357 1130 4412 ad
1148 4364 1396 4411 ornatum
1415 4354 1533 4409 usui
1553 4362 1729 4419 erunt,
1751 4362 1806 4409 et
1832 4353 2055 4421 hujusce

461 4457 584 4510 vita:
646 4453 855 4522 negotia
915 4450 982 4504 ad
1033 4458 1268 4504 vestram
1325 4445 1604 4501 utilitatem
1643 4444 1833 4514 diriget
1876 4444 2051 4510 Deus,

458 4547 745 4616 omniaque
794 4543 949 4600 vobis
979 4556 1145 4614 prona
1174 4547 1232 4595 et
1274 4538 1528 4609 proclivia
1558 4537 1869 4593 reddentur.
1902 4535 2053 4600 Qua:-

459 4629 555 4691 rite
583 4635 741 4700 enim,
795 4634 984 4707 inquit,
1035 4633 1257 4702 primunt
1301 4644 1512 4699 regnum
1559 4627 1819 4693 calorum,
1873 4636 1918 4680 et
1946 4626 2055 4681 haec

460 4727 634 4785 omnia
678 4726 980 4796 adﬁcientur
1024 4722 1161 4777 vobis
1208 4719 1434 4793 (Matth.
1479 4718 1533 4773 6.
1588 4718 1723 4788 '55).
1760 4718 1870 4773 Hoc
1894 4717 2056 4788 igitur

463 4832 794 4894 quaeramus,
835 4815 1187 4879 dilectissimi,
1213 4824 1268 4867 ut
1297 4822 1351 4867 et
1381 4812 1532 4867 istius
1578 4820 1634 4865 et
1678 4810 1814 4864 illius
1865 4809 2054 4863 futnrze

464 4915 590 4966 vita}
615 4910 753 4967 bona
776 4922 1189 4977 consequantur.
1218 4906 1384 4975 gratia
1411 4913 1465 4960 et
1495 4903 1819 4974 benignitate
1842 4904 2053 4959 Domini

464 5002 634 5057 nostri
660 4999 788 5054 .lesu
814 4999 1036 5062 Christi,
1062 5012 1156 5067 per
1180 5011 1340 5066 quem
1369 5003 1563 5050 etcum
1584 5010 1690 5065 quo
1715 4994 1880 5067 gloria
1911 4995 2053 5050 Patri

460 5104 516 5150 et
538 5091 760 5164 Spiritui
790 5099 1003 5156 sancto,
1037 5102 1177 5143 nunc
1214 5095 1268 5142 et
1292 5101 1526 5156 semper,
1554 5094 1609 5141 ct
1635 5087 1688 5140 in
1713 5087 1909 5142 smcula
1947 5101 2054 5142 see-

462 5183 727 5239 culorum.
771 5184 964 5241 Amen.
1609 5210 1617 5216 -

1020 5247 1250 5306 SERMO
1300 5247 1386 5303 vn
1418 5247 1514 5321 ((ι).

464 5344 635 5410 Quare
680 5344 871 5419 lignum
919 5342 1142 5396 scientia:
1187 5340 1307 5395 boni
1346 5350 1393 5392 et
1453 5339 1576 5391 ntali
1621 5346 1821 5391 vocetur
1864 5338 2057 5410 lignum

532 5434 662 5489 illud
689 5451 707 5488 :
734 5444 779 5489 et
819 5433 941 5505 quid
966 5434 1052 5494 sit,
1087 5430 1256 5487 llodie
1299 5445 1506 5486 mecum
1549 5429 1658 5484 eris
1710 5429 1761 5483 in
1811 5430 2058 5499 paradiso

535 5527 703 5595 (fient.
727 5524 784 5580 Ξ.
814 5526 868 5580 9.
902 5522 1028 5579 Luc.
1050 5523 1145 5580 23.
1172 5524 1305 5595 45).

537 5619 590 5672 l.
626 5617 897 5672 Hesterno
923 5615 1011 5670 die
1033 5615 1308 5669 caritatem
1337 5624 1571 5669 vestram
1601 5614 1780 5666 multis
1817 5612 2058 5665 hortatus

467 5706 601 5814 ἒξ,ῗέ
617 5702 1157 5827 ἐῖἕηξὲςῐξοξθῗὲξὶνῢιέ
1179 5703 1258 5752 hic
1276 5716 1437 5754 sermo
1457 5704 1864 5766 prrtermittitur,
1890 5713 1984 5750 nec
2008 5701 2057 5748 in

1176 335 1238 394 Β.
1277 330 1556 391 ιοιΝδιιδ
1591 323 2044 384 ριιιιγεοθτοιι

2160 321 2428 376 RCIIIEP.
2471 318 3008 377 CONSTANTINOP.

3622 316 3726 375 θος

2137 449 2280 499 sum,
2312 445 2367 489 ut
2394 448 2603 496 eorum,
2630 448 2752 503 qua:
2769 432 2911 489 dicta
2940 431 3172 499 fuerant,
3209 431 3734 499 recordamini,»

2134 525 2401 595 duplicem
2444 525 2653 595 vesperi
2692 537 2931 580 mensam
2974 524 3353 594 apponeretis,
3380 539 3544 578 unam
3585 522 3730 577 cibo-

2135 632 2254 672 rum
2278 656 2295 681 ,
2322 625 2378 670 et
2402 614 2626 670 alteram
2649 614 2697 670 ei
2723 628 3031 669 sermonum
3058 614 3445 684 adjungeretis.
3473 610 3617 682 Quid

2136 708 2259 764 tur?
2301 720 2428 761 num
2460 706 2560 761 hoc
2587 704 2788 762 fecistis
2809 745 2827 771 ,
2858 704 3228 775 duplicemque
3272 719 3520 759 mensam
3572 718 3734 774 appo-

2135 797 2356 852 suistis?
2384 796 2510 852 Scio
2533 810 2629 850 vos
2652 795 2704 852 id
2734 795 2925 851 fecisse
2942 836 2958 861 ,
2990 810 3163 865 neque
3191 803 3398 848 tantum
3423 792 3570 849 illius
3593 836 3613 863 ,
3639 792 3730 848 sed

2138 889 2296 959 hujus
2324 889 2488 944 etiam
2522 887 2685 943 fuisse
2714 887 3021 958 participes.
3054 885 3235 956 Neque
3254 886 3397 940 enim
3430 900 3559 940 cum
3592 884 3738 941 dele—

2139 981 2266 1036 riori
2305 988 2509 1035 tantttm
2536 978 2771 1033 studium
2817 978 3231 1044 adhibuissetis,
3263 978 3433 1032 multo
3477 977 3736 1044 petiorcm

2137 1081 2479 1127 contemnere
2507 1070 2789 1125 debuistis.
2821 1068 2951 1124 Nam
2975 1070 3091 1125 lucc
3116 1069 3204 1123 illa
3229 1068 3418 1123 melior
3439 1077 3530 1125 est
3555 1085 3571 1121 :
3600 1068 3738 1121 illam

2138 1164 2279 1219 enim
2319 1175 2510 1217 manus
2558 1161 2924 1216 instruxerunt
2963 1173 3308 1229 coquorum,
3358 1156 3501 1212 hanc
3551 1155 3741 1227 lingua:

2143 1251 2523 1321 prophetarum
2553 1258 2807 1321 pararunt
2839 1266 2853 1302 :
2884 1248 2937 1303 in
2966 1249 3053 1304 illa
3081 1257 3241 1303 terrae
3261 1247 3405 1302 fetus
3437 1247 3624 1301 insunt
3643 1287 3663 1312 ,
3687 1247 3736 1303 in

2139 1343 2239 1397 ista
2259 1342 2488 1412 Spiritus
2513 1340 2717 1395 fructus
2746 1357 2760 1393 :
2789 1339 2931 1394 illius
2956 1353 3162 1395 mensa:
3198 1337 3301 1393 cibi
3341 1345 3639 1408 properant
3675 1338 3738 1393 ad

2141 1435 2542 1505 corruptionem
2563 1475 2581 1501 ,
2613 1432 2772 1504 hujus
2798 1431 2964 1502 dapes
3003 1431 3070 1486 ad
3121 1429 3578 1501 incorruptionem
3611 1448 3627 1486 :
3656 1431 3740 1485 illa

2140 1535 2458 1596 prmsentem
2487 1524 2646 1578 vitam
2678 1532 2875 1587 tuetur,
2895 1522 2997 1577 ista
3021 1535 3119 1575 nos
3145 1520 3213 1575 ad
3239 1518 3473 1575 futuram
3500 1519 3734 1576 deducit.

2141 1617 2291 1675 Hanc
2315 1617 2492 1688 itaque
2515 1629 2613 1670 vos
2653 1613 2972 1669 instruxisse
2998 1627 3118 1668 cum
3150 1611 3238 1666 illa
3264 1609 3428 1681 probe
3454 1611 3570 1669 scio
3591 1652 3608 1679 ,
3636 1625 3737 1669 non

2142 1726 2208 1766 ex
2266 1710 2584 1781 pedissequo
2610 1718 2789 1763 vestro
2804 1748 2820 1771 ,
2843 1722 2942 1761 nec
2963 1721 3026 1761 ex
3061 1704 3259 1759 famulo
3281 1703 3589 1759 sciscitatus
3610 1745 3625 1765 ,
3648 1702 3740 1757 sed

2141 1816 2213 1855 ex
2257 1799 2442 1854 nuntio
2469 1798 2550 1852 his
2573 1796 2823 1851 omnibus
2851 1793 3098 1850 fideliori.
3130 1793 3207 1849 Ex
3236 1808 3467 1864 quonam
3491 1791 3740 1846 tandem?

2143 1890 2222 1945 Ex
2251 1889 2438 1961 plausu
2464 1888 2712 1942 nimirum
2737 1927 2752 1952 ,
2775 1901 2882 1956 quo
2909 1900 2972 1939 ea
2993 1899 3112 1955 quae
3150 1882 3289 1939 dicta
3315 1882 3533 1937 fuerant
3553 1922 3570 1947 ,
3597 1890 3652 1935 ct
3672 1896 3735 1935 ex

2143 1983 2297 2041 laude
2318 2021 2339 2051 ,
2365 1996 2469 2052 qua
2511 1980 2807 2036 doctrinam
2830 1977 2983 2033 vobis
3022 1975 3270 2032 traditam
3300 1972 3736 2030 commendasti”

2142 2073 2277 2131 Cum
2310 2076 2452 2129 enim
2502 2070 2614 2126 lteri
2655 2070 2929 2134 dixissem,
2977 2068 3202 2138 quisque
3241 2074 3480 2121 vestrum
3524 2065 3735 2119 domttm

2143 2179 2293 2220 suam
2315 2162 2595 2218 ecclesiam
2622 2160 2820 2216 efficiat
2843 2159 2911 2230 (a
2931 2156 2978 2227 ),
3004 2172 3192 2229 magna
3229 2171 3359 2211 voce
3382 2154 3734 2213 acclamastis.

2144 2270 2209 2312 ac
2229 2255 2516 2326 voluptatis
2536 2294 2552 2320 ,
2579 2269 2681 2324 qua
2710 2267 2804 2307 vos
2850 2250 2937 2306 illa
2965 2250 3128 2306 verba
3168 2246 3514 2320 perfuderaot
3535 2288 3553 2314 ,
3582 2246 3739 2316 signi-

2147 2348 2449 2404 ficationem
2486 2344 2727 2400 dedistis.
2769 2343 2938 2399 Porro
2983 2342 3027 2397 is
3055 2341 3144 2410 qui
3174 2355 3294 2394 cum
3325 2338 3600 2408 voluptate
3626 2353 3737 2407 qua:

2146 2438 2398 2494 dicuntur
2426 2436 2594 2499 audit,
2636 2435 2683 2488 is
2721 2449 2779 2488 sc
2821 2432 2888 2488 ad
2943 2444 3105 2501 opera
3157 2427 3457 2484 exhibenda
3504 2437 3736 2497 paratum

2145 2529 2397 2585 ostendit.
2457 2527 2744 2597 Propterea
2767 2523 3062 2595 promptius
3100 2521 3259 2577 hodie
3298 2535 3384 2575 me
3428 2519 3495 2574 ad
3540 2517 3730 2574 doceo-

2146 2619 2272 2676 dum
2315 2619 2540 2675 act-invi.

2223 2713 2426 2782 Quanta
2452 2712 2515 2765 sit
2544 2710 2781 2783 obligatio
2806 2709 3006 2763 verbum
3030 2707 3257 2762 divinum
3277 2706 3329 2760 in
3348 2721 3479 2777 opus
3495 2704 3735 2776 redigere.

2147 2834 2220 2845 —
2243 2804 2436 2860 Verum
2463 2802 2651 2873 erigite
2675 2817 2815 2855 nunc
2839 2815 3051 2871 quoque
3077 2808 3282 2854 mentes
3305 2806 3512 2851 vestras
3536 2812 3554 2849 :
3578 2809 3741 2865 neque

2148 2898 2292 2953 enim
2319 2896 2490 2951 solum
2524 2896 2827 2964 lotluentem
2879 2902 3056 2948 erecta
3106 2901 3285 2947 mente
3328 2898 3546 2960 oportet
3592 2903 3736 2952 esse,

2148 3005 2333 3045 verum
2388 2989 2547 3043 etiam
2583 2987 2855 3041 auditores
2905 2994 3138 3040 attentos
3183 2997 3326 3050 esse,
3375 2997 3579 3053 eosque
3632 2996 3740 3035 am-

2152 3081 2291 3151 phus
2341 3094 2501 3151 quam
2554 3066 2843 3133 oratorem:
2896 3075 3024 3130 Nam
3066 3089 3163 3129 nos
3209 3073 3427 3147 quidem
3481 3073 3535 3128 id
3586 3087 3741 3127 unum

2151 3171 2448 3238 studemus,
2494 3178 2557 3224 ut”
2589 3167 2908 3224 dominicam
2955 3165 3233 3235 pecuniam
3266 3165 3745 3220 collocemusnas

2152 3276 2282 3317 vero
2318 3259 2575 3331 majorem
2604 3258 2839 3313 laborem
2878 3255 3179 3323 adhibetis,
3216 3266 3276 3310 ut
3307 3269 3426 3309 eam
3470 3262 3742 3324 exceptam

2151 3370 2274 3413 Cum
2303 3355 2468 3409 multa
2498 3352 2744 3407 cautione
2770 3349 3016 3405 servetis.
3046 3347 3335 3420 Postquam
3376 3346 3540 3418 igitur
3569 3346 3744 3400 audie-

2153 3448 2293 3511 ritis,
2321 3459 2472 3503 seras
2495 3444 2646 3500 OStiis
2669 3452 2723 3497 et
2744 3452 2919 3498 vectes
2948 3441 3151 3506 obdile,
3176 3455 3241 3496 ac
3260 3439 3527 3495 terribiles
3550 3438 3748 3509 cogita-

2154 3540 2327 3594 tiones
2368 3536 2601 3605 undique
2635 3533 2830 3588 animat
2871 3541 3137 3601 tamquam
3192 3527 3444 3586 custodes
3489 3527 3750 3598 quosdam

2153 3632 2424 3701 apponite.
2467 3626 2738 3697 Siquidem
2786 3622 3067 3694 impudens
3102 3632 3185 3677 est
3234 3621 3352 3685 fur,
3396 3632 3453 3676 et
3495 3631 3752 3691 perpetuo

2156 3722 2371 3791 vigilat,
2425 3734 2489 3772 ac
2537 3722 2841 3787 frequenter
2890 3715 3145 3784 impetum
3194 3711 3320 3767 facit
3362 3721 3464 3768 ιιι
3511 3711 3752 3781 quamvis

2154 3828 2297 3883 Saepe
2320 3812 2563 3876 aberret,
2593 3825 2735 3878 saepe
2764 3807 3084 3880 aggreditur.
3118 3805 3343 3862 Adstcnt
3372 3806 3535 3883 igitur
3561 3814 3747 3862 cuto-

2154 3906 2250 3962 dcs
2273 3903 2548 3960 terribiles
2570 3944 2586 3970 ,
2618 3910 2672 3956 et
2700 3900 2744 3955 si
2784 3898 3054 3954 diabolum
3083 3897 3312 3953 viderint
3334 3896 3712 3953 advi'ntantem
3732 3938 3750 3963 ,

2158 4007 2212 4054 et
2234 4012 2417 4051 eorum
2447 4010 2567 4066 quae
2597 3994 2838 4063 deposita
2865 3999 2991 4046 sunt
3031 3989 3228 4061 aliquid
3269 3988 3519 4059 abripere
3566 4003 3753 4059 paran-

2157 4100 2288 4156 tem,
2320 4103 2511 4158 tuaguo
2539 4101 2660 4140 cum
2687 4085 2921 4139 clamore
2947 4082 3093 4136 illutn
3111 4082 3324 4150 abigant
3352 4097 3367 4134 :
3394 4080 3439 4133 si
3465 4095 3558 4135 sai
3578 4079 3753 4135 ulares

2156 4178 2544 4237 sollicitudines
2570 4176 2861 4231 invaserint
2879 4214 2896 4241 ,
2924 4189 3017 4228 cas
3042 4172 3304 4242 repellant
3331 4188 3346 4226 :
3373 4171 3417 4227 si
3450 4170 3658 4227 oblivio
3689 4186 3753 4227 ea

2159 4282 2361 4328 natura:
2411 4268 2714 4323 infirmitate
2757 4266 3026 4335 negotium
3083 4263 3328 4326 facessat,
3370 4264 3755 4320 exercitatione

2158 4366 2469 4419 memoriam
2498 4365 2757 4420 excitent.
2784 4361 2966 4432 Neque
2992 4361 3133 4418 enim
3159 4360 3428 4416 mediocre
3452 4359 3753 4430 periculum

2159 4456 2438 4522 imminet,
2471 4454 2514 4507 si
2542 4453 2795 4525 pecunias
2822 4453 3116 4507 dominicas
3146 4450 3503 4520 perdideritis.
3550 4449 3687 4506 Nam
3710 4448 3752 4505 si

2160 4546 2234 4600 illi
2280 4546 2369 4614 qui
2418 4552 2666 4613 acceptas
2712 4543 2963 4613 pecunias
2990 4541 3373 4612 disperserlnt,
3407 4555 3555 4611 sa‘pe
3584 4550 3754 4596 morte

2160 4639 2483 4693 mulctantur
2510 4654 2524 4691 :
2548 4636 2637 4706 qui
2662 4635 2831 4689 multo
2852 4634 3164 4705 pretiosiora
3193 4634 3309 4688 istis
3336 4633 3549 4704 eloquia
3572 4633 3750 4688 divina

2160 4729 2480 4799 receperint,
2513 4742 2683 4798 eaque
2711 4726 3080 4798 perdiderint,
3106 4741 3215 4797 quo
3250 4724 3462 4781 tandem
3493 4723 3753 4795 supplicia

2162 4840 2265 4877 non
2298 4821 2629 4892 plet-tentur?
2656 4818 2789 4875 Nam
2818 4819 2907 4890 qui
2940 4818 3193 4888 pecunias
3239 4819 3369 4872 istas
3407 4817 3749 4888 acceperint,

2162 4914 2447 4971 reddendus
2476 4912 2666 4967 rationi
2698 4921 2823 4966 sunt
2848 4919 3055 4965 tantum
3084 4909 3329 4977 obnoxii,
3364 4910 3643 4976 quomodo
3665 4925 3750 4965 cas

2162 5005 2541 5065 custodierint,
2576 5019 2675 5058 nec
2699 5002 2825 5072 quid
2871 5002 3006 5056 ultra
3035 5002 3324 5072 requiritur
3383 5003 3558 5066 Quam
3592 5004 3750 5059 multa

2163 5100 2306 5156 enim
2357 5097 2697 5166 receperint,
2754 5105 2860 5150 tam
2908 5097 3070 5149 multa
3123 5094 3246 5150 illos
3285 5094 3447 5173 plane
3495 5109 3754 5165 reponere

2166 5204 2386 5247 necesse
2408 5197 2511 5252 est,
2540 5204 2711 5259 neque
2736 5185 3021 5258 quidquam
3048 5187 3279 5256 amplius
3297 5188 3364 5241 ab
3381 5186 3490 5241 illis
3515 5186 3753 5257 reposci-

2162 5291 2251 5337 tur
2279 5300 2292 5336 :
2321 5280 2554 5352 acceptis
2583 5289 2758 5334 autem
2786 5277 2981 5334 divinis
3004 5277 3250 5348 eloquiis,
3296 5291 3401 5332 non
3440 5277 3607 5332 modo
3632 5276 3753 5333 illo-

2164 5388 2282 5427 rum
2307 5370 2561 5428 custodim
2587 5367 2857 5422 reddenda
2887 5374 2972 5422 est
3021 5371 3177 5433 ratio,
3226 5367 3319 5422 sed
3367 5364 3551 5422 multa:
3596 5367 3751 5421 etiam

2164 5461 2554 5534 negotiationis.
2588 5456 2704 5514 Non
2750 5459 2889 5511 enim
2921 5474 2980 5512 ea
3010 5458 3181 5513 solum
3219 5458 3449 5514 reddere
3484 5458 3750 5528 iubemur,

2164 5569 2283 5624 qua‘.
2321 5553 2641 5620 reet-pimus.
2695 5548 2788 5604 sed
2837 5557 2891 5603 et
2946 5549 3171 5603 Domino
3218 5549 3489 5619 duplicata
3539 5548 3749 5603 offerre.

2165 5646 2497 5712 Quamquam
2550 5641 2592 5693 si
2656 5654 2718 5695 ea
2771 5639 3040 5695 custodire
3097 5649 3299 5695 tantum
3346 5640 3554 5708 iussum
3602 5640 3751 5694 nobis

2231 5756 2306 5820 (α)
2338 5762 2434 5804 Hoc
2456 5755 2578 5803 dixit
2602 5754 2744 5816 paulo
2757 5764 2870 5804 ante
2894 5755 3039 5804 tinem
3064 5755 3388 5820 procedentis
3400 5748 3624 5805 hemitur.
