3964 6424
223 318 332 375 ῧὈἺ

220 437 513 509 όμονοίας;
554 433 686 492 Εἶτα
727 437 778 491 τί
815 455 1013 508 (manv;
1050 436 1194 491 Ἀφ’-τὶ
1222 437 1435 490 τούτου
1463 436 1811 503 καταλείψει

218 531 537 599 ἄνθρωπος
570 533 676 585 τὸν
714 533 938 600 πατέρα
971 532 1157 586 αὑτοῦ
1191 532 1287 584 καὶ
1331 530 1444 598 τὴν
1459 529 1684 599 μητέρα
1703 530 1809 582 αὺ-

218 621 354 683 τοῦ,
378 622 473 676 καὶ
495 622 1098 690 προσκολληθήσεται
1119 621 1193 690 τῇ
1215 622 1448 691 γυναικὶ
1471 621 1674 675 αὐτοῦ.
1691 620 1810 674 Οὐκ

215 715 375 770 εἶπεν
404 717 615 793 ἁπλῶς,
647 718 1000 788 ἐνωθήσεται,
1036 718 1193 781 ἀλλὰ,
1214 718 1688 786 Κολληθήσεττιι,
1709 720 1808 788 τὴν

215 811 427 881 ἀκριϐῆ
465 811 760 880 συνάφειαν
783 811 932 882 [ϐῖὸ]
951 811 1156 882 δηλῶν·
1182 812 1291 865 Καὶ
1329 812 1573 865 ἔσονται
1608 815 1661 866 οἱ
1698 811 1807 865 δύο

208 904 305 967 εἰς
343 902 539 970 σάρκα
572 903 739 970 μίαν.
758 903 815 956 Ὀ
848 903 1085 956 τοσαῦτα
1103 899 1194 957 οῦν
1214 902 1390 966 εἰδὼς,
1411 903 1532 956 είπέ
1573 920 1682 973 μοι,
1706 905 1805 958 οὐκ

207 994 334 1064 ⁴ᾔδει
356 994 406 1047 τί
441 993 539 1064 μὲν
560 994 744 1056 καλὸν,
769 993 820 1046 τί
854 993 911 1047 δὲ
945 1012 1080 1066 πονη
1091 997 1208 1063 ρόν;
1232 997 1338 1049 Καὶ
1357 995 1474 1059 πῶς
1495 995 1561 1050 ἂν
1581 995 1694 1066 ἔχοι
1714 996 1804 1049 λό-

207 1102 347 1154 γονς
389 1087 449 1138 Εἰ
486 1085 596 1157 γάρ
639 1086 712 1157 μὴ
751 1087 868 1156 ᾔδει
887 1087 939 1140 τί
962 1088 1061 1158 μὲν
1083 1088 1264 1158 καλρν,
1286 1087 1413 1140 τίδὲ
1433 1087 1666 1160 πονηρὸν
1697 1088 1802 1160 πρὸ

204 1177 307 1230 τοῦ
348 1177 541 1246 φαγεῖν
562 1177 670 1232 ἀπὸ
689 1179 781 1232 τοῦ
805 1180 985 1245 ξύλου,
1007 1181 1143 1234 ἀλλὰ
1167 1181 1305 1252 μετά
1323 1183 1420 1253 τὴν
1444 1182 1646 1254 βρῶσιν
1666 1182 1800 1253 ἔμα-

203 1269 327 1331 Θεν,
351 1271 382 1340 ἡ
407 1271 650 1342 ἁμαρτία
675 1270 892 1340 γέγονεν
913 1271 1063 1344 αύτῷ
1084 1274 1275 1342 σοφίας
1303 1272 1638 1339 διδάσκαλος,
1662 1277 1754 1330 καὶ
1772 1279 1800 1330 6

199 1359 336 1430 δφις
353 1363 535 1416 οὐκέτι
555 1362 832 1430 ἀπατεὼν,
855 1366 990 1420 ἀλλὰ
1012 1365 1311 1438 σύμϐουλος
1344 1367 1455 1423 τῶν
1502 1387 1674 1439 συμφε
1684 1368 1798 1440 ρὸν-

199 1465 319 1503 ’των
357 1453 593 1523 κατέστη
619 1491 636 1515 ,
676 1455 741 1506 ἐκ
793 1454 981 1524 θηρίου
1020 1459 1254 1528 ποιήσας
1289 1460 1452 1513 αὐτὸν
1489 1461 1792 1532 ἄνθρωπον.

216 1535 383 1596 Ἀλλὰ
404 1543 479 1614 μὴ
499 1537 708 1611 γένοιτο
726 1561 740 1575 ο
761 1543 862 1598 οὐκ
882 1546 997 1601 ἔστι
1016 1549 1190 1602 ταῦτα
1208 1545 1403 1613 οὕτως,
1426 1552 1523 1604 οὐκ
1545 1551 1711 1607 ἔστιν.
1735 1555 1795 1606 EE

197 1628 316 1703 γὰρ
343 1633 415 1704 μὴ
437 1627 550 1702 ᾔδει
583 1633 636 1686 τί
669 1634 765 1706 μὲν
805 1637 986 1698 καλὸν.
1009 1638 1136 1692 τίδὲ
1157 1639 1411 1711 πονηρὸν,
1435 1641 1550 1705 πῶς
1574 1641 1665 1696 καὶ
1697 1643 1794 1712 τὴν

196 1722 425 1793 ἐντολὴν
462 1723 804 1794 ἐλάμϐανεν;
843 1728 1030 1791 Οὐδεὶς
1067 1730 1174 1800 γὰρ
1205 1729 1385 1783 δίδωσι
1425 1731 1588 1802 νόμον
1619 1733 1696 1802 τῷ
1720 1735 1792 1803 μὴ

196 1811 391 1878 εἰδότι,
413 1815 494 1866 ὅτι
533 1815 700 1868 κακὸν
735 1817 768 1887 ὴ
806 1819 1152 1889 παράϐασις·
1180 1821 1208 1872 6
1227 1819 1281 1874 δὲ
1303 1821 1434 1885 Θεὸς
1471 1823 1565 1875 καὶ
1604 1823 1790 1886 ἔδωκε,

197 1905 297 1957 καὶ
336 1891 658 1976 παραϐάντα
695 1908 953 1962 ἐκόλασεν
977 1952 991 1973 ,
1032 1912 1132 1962 οὐκ
1168 1911 1234 1964 ἂν
1283 1913 1570 1984 ἀμφότερα
1620 1912 1793 1968 ταῦτα

195 1999 456 2068 ποιήσας,
493 1999 540 2052 εί
582 2000 656 2070 μὴ
694 2002 994 2068 γνωστικὸν
1033 2002 1194 2057 αὐτὸν
1230 2004 1287 2070 ἐξ
1328 2004 1502 2076 ἀρχῆς
1539 2007 1792 2076 ἐποίησεν

193 2091 405 2160 ἀρετῆς
444 2091 538 2144 καὶ
577 2093 977 2164 κακίας-,Ὁρᾷς
1000 2096 1115 2160 πῶς
1139 2097 1400 2150 πάντοθεν
1428 2100 1560 2168 ἡμῖν
1601 2100 1790 2152 ἀποδέ-

191 2184 532 2244 δεικται,ὂτι
569 2187 629 2238 ού
675 2187 810 2256 μετὰ
847 2189 943 2259 τὴν
988 2187 1190 2261 βρῶσιν
1219 2191 1312 2244 τοῦ
1349 2191 1504 2256 ξύλου
1539 2192 1598 2245 τὸ
1628 2193 1790 2247 καλὸν

191 2279 314 2350 ᾔδει
338 2281 431 2333 καὶ
451 2280 511 2333 τὸ
532 2301 664 2354 πονη
676 2285 787 2354 ρον,
809 2285 943 2339 ἀλλὰ
963 2287 1057 2338 καὶ
1077 2286 1183 2357 πρὸ
1203 2285 1391 2338 τούτου
1413 2287 1713 2355 ὴπίστατος

264 2367 456 2426 Ταῦτα
493 2373 585 2428 οὖν
626 2377 864 2438 ἅπαντα,
904 2378 1214 2447 ἀγαπητοὶ,
1254 2378 1656 2449 διακρατῶμεν,
1696 2383 1786 2434 καὶ

188 2459 381 2512 οἴκαδε
404 2462 859 2536 ἀναχωρήσαντες
881 2466 1072 2536 διπλῆν
1093 2467 1428 2538 παραϐῶμεν
1455 2470 1552 2539 τὴν
1589 2470 1787 2540 τράπε-

186 2551 318 2614 ζαν,
341 2553 440 2623 τὴν
482 2554 589 2607 τῶν
634 2557 839 2620 σιτίων,
865 2558 957 2610 καὶ
978 2559 1075 2628 τὴν
1098 2558 1196 2628 τῆς
1217 2559 1536 2629 ἀκροάσεως
1553 2600 1566 2622 ,
1590 2561 1682 2612 καὶ
1702 2560 1788 2612 λε-

187 2645 338 2711 γέτω
391 2646 491 2714 μὲν
529 2647 669 2718 ἀνὴρ
707 2649 776 2701 τὰ
815 2651 1080 2721 εἰρημένα
1103 2690 1117 2713 ,
1164 2651 1481 2721 μανθανέτω
1517 2653 1570 2705 δὲ
1608 2653 1742 2722 γυνὴ
1767 2694 1782 2713 ,

186 2738 442 2792 ἀκουέτω
478 2741 534 2793 δέ
571 2743 664 2795 καὶ
695 2743 903 2800 παιδία.
931 2743 1004 2814 μὴ
1039 2745 1554 2816 ἀποστερεῖσθωσαν
1573 2746 1627 2798 δὲ
1653 2747 1785 2816 μηδὲ

185 2834 402 2887 οἰκέται
437 2837 538 2904 τῆς
575 2837 896 2907 ἀκροάσεως
934 2839 1159 2906 ταύτης.
1195 2839 1523 2907 Ἐκκλησίαν
1560 2839 1786 2905 ποίησόν

188 2944 288 2978 σου
310 2928 409 2996 τὴν
429 2927 606 2981 οίκίαν
626 2943 639 2958 ·
663 2930 758 2981 καὶ
789 2927 898 2999 γὰρ
918 2931 1012 2984 καὶ
1034 2931 1332 2994 ὑπεύθυνος
1351 2928 1513 2984 εἶκαὶ
1549 2929 1648 3000 τῆς
1674 2931 1784 2984 τῶν

192 3021 428 3075 παιδίων
468 3024 564 3074 καὶ
603 3023 700 3092 τῆς
720 3023 828 3075 τῶν
847 3025 1074 3078 οἰκετῶν
1098 3025 1396 3096 σωτηρίας·
1421 3025 1514 3077 καὶ
1534 3023 1784 3094 καθάπερ

190 3118 359 3184 ἡμεῖς
396 3117 538 3187 ὑπὲρ
576 3118 729 3185 ὑμῶν
761 3116 1138 3187 ἀπαιτούμεθα
1161 3117 1338 3185 λόγον.
1358 3113 1501 3169 οὕτω
1527 3116 1621 3168 καὶ
1650 3114 1781 3168 ἕκα-

185 3225 315 3271 στος
353 3209 508 3278 ὑμῶν
551 3210 645 3262 καὶ
683 3211 824 3280 ὺπέρ
861 3210 1094 3272 οἰκέτου,
1119 3209 1212 3262 καὶ
1232 3209 1370 3281 ὑπὲρ
1389 3209 1668 3278 γυναικὸς,
1691 3210 1784 3262 καὶ

184 3299 334 3369 ὑπὲρ
357 3299 546 3362 παιδὸς
569 3301 880 3353 άπαιτεῖται
903 3300 1154 3365 εὐθύνας.
1180 3301 1313 3354 Ἀπὸ
1331 3301 1462 3368 γοῦν
1479 3301 1587 3354 τῶν
1605 3301 1782 3356 τοιού·-

181 3409 297 3443 των
319 3392 675 3462 διηγημάτων
699 3393 888 3462 ἥδιστα
927 3391 1228 3456 διαδέξεται
1251 3395 1399 3464 ἡμᾶς
1416 3392 1484 3446 τὰ
1504 3393 1778 3464 ὀνείρατα,

182 3483 285 3535 καὶ
331 3483 633 3550 φαντασίας
667 3484 1068 3554 ἀπηλλαγμένα
1099 3485 1350 3555 ἀπάσης·
1391 3481 1476 3539 οἷα
1514 3487 1622 3558 γὰρ
1664 3485 1780 3556 μεθ’

182 3574 405 3645 ἡμέραν
427 3574 458 3644 ἡ
479 3573 626 3646 ψυχὴ
651 3575 880 3646 μελετᾷν
905 3575 1084 3638 εἴωθε,
1099 3575 1322 3630 τοιαῦτα
1339 3577 1428 3630 καὶ
1446 3576 1565 3631 καθ’
1581 3576 1781 3642 ὕπνους

183 3665 546 3734 φαντάζεται.
571 3665 683 3718 Καὶ
721 3666 816 3718 ἐὰν
839 3666 904 3719 τά
926 3666 1048 3719 καθ’
1072 3666 1309 3738 ἑκάστην
1330 3667 1538 3738 ἡμέραν
1579 3667 1780 3736 φυλάτ-

179 3775 370 3829 τωμεν
407 3754 697 3829 λεγόμενα,
722 3759 782 3812 ού
822 3757 1018 3813 πολλοῦ
1055 3759 1435 3832 δεηθησόμεθα
1465 3759 1627 3812 πόνου
1649 3776 1662 3790 ο
1685 3759 1780 3813 καὶ

180 3852 300 3922 γάρ
324 3853 657 3923 σαφέστερος
694 3854 721 3905 6
762 3851 900 3922 μετὰ
935 3852 1108 3905 ταῦτα
1148 3852 1304 3921 λόγος
1343 3854 1473 3923 ὑμῖν
1493 3851 1779 3920 ἔσται,καὶ

181 3947 326 4016 ἡμῖν
365 3945 750 4016 προθυμοτέρα
787 3948 818 4014 ὴ
858 3944 1190 3999 διδασκαλία.
1218 3947 1315 3998 Ἴν’
1343 3941 1435 3998 οὖν
1472 3946 1691 4015 γένηταί
1726 3965 1777 4000 τι

183 4033 354 4090 πλέον
390 4037 484 4089 καλ.
521 4037 653 4106 ἡμῖν
692 4037 784 4089 καὶ
821 4037 973 4107 ὑμῖν,
995 4036 1128 4107 ἡμῖν
1167 4036 1266 4108 μὲν
1288 4035 1392 4090 ἀπὺ
1413 4037 1509 4107 τῆς
1527 4034 1779 4093 διδασκα-

183 4127 335 4190 λίας,
350 4127 475 4196 ύμῖν
497 4125 552 4179 δὲ
573 4126 682 4180 ἀπὸ
700 4127 796 4197 τῆς
817 4125 1155 4197 ἀκροάσεως,
1182 4127 1320 4198 μετά
1339 4127 1438 4197 τῆς
1459 4129 1776 4198 σωματικῆς

188 4218 471 4287 τραπέζης
491 4217 585 4270 καὶ
605 4219 636 4287 ἡ
658 4217 904 4287 τράπεζα
926 4217 1053 4288 ὑμῖν
1077 4217 1462 4290 παρατιθέσθω
1481 4222 1513 4288 ἡ
1538 4238 1777 4291 πνευμα-

181 4309 340 4378 τική.
365 4309 474 4361 Καὶ
510 4308 618 4378 γάρ
639 4308 907 4376 ἀσφάλεια
929 4309 1021 4361 καὶ
1045 4309 1249 4379 κόσμος
1271 4312 1454 4364 ἐκεῖνα
1473 4309 1599 4381 ὑμῖν
1619 4315 1779 4384 γενήο

187 4413 370 4460 σεται,
393 4397 485 4449 καὶ
502 4396 573 4448 τά
593 4396 694 4466 τῆς
713 4391 994 4466 παρούσης
1034 4395 1176 4466 ζωῆς
1199 4395 1335 4466 πρὸς
1353 4395 1414 4448 τὸ
1437 4398 1714 4468 συμφέρον
1748 4397 1777 4448 6

185 4487 330 4549 Θεὸς
348 4486 682 4542 κατευθυνεῖ.
707 4486 801 4539 καὶ
833 4487 1005 4555 ῥᾷστα
1040 4487 1169 4554 ὑμῖν
1206 4485 1360 4537 ἔσται
1380 4485 1557 4537 πάντα
1577 4483 1670 4537 καὶ
1690 4484 1779 4537 εὖ-

187 4578 346 4631 κολα.
364 4573 598 4643 Ζητεῖτε
615 4577 743 4646 γὰρ,
761 4577 914 4647 φησὶ,
933 4576 1169 4644 πρῶτον
1186 4574 1301 4642 τὴν
1314 4578 1640 4640 βασιλείαν
1659 4576 1778 4630 τῶν

185 4669 488 4735 οὐρανῶν,
512 4668 611 4721 καὶ
646 4667 844 4721 πάντα
881 4664 1068 4720 ταῦτα
1105 4667 1573 4735 προστεθήσεται
1613 4669 1773 4737 ὑμῖν.

187 4761 458 4833 Ζητῶμεν
485 4757 576 4815 οὖν
607 4762 831 4828 ταύτην,
855 4759 1148 4831 ἀγαπητοὶ,
1170 4760 1255 4812 ἵνα
1276 4759 1368 4812 καὶ
1401 4760 1507 4812 τῶν
1547 4762 1777 4816 ἐνταῦθα

187 4855 292 4908 καὶ
328 4854 435 4906 τῶν
473 4855 590 4907 ἐκεῖ
625 4851 969 4924 ἐπιτύχωμεν
1000 4851 1239 4921 ἀγαθῶν,
1263 4853 1441 4922 χάριτι
1474 4850 1567 4904 καὶ
1588 4853 1765 4921 φιλαν-

189 4944 416 5016 θρωπίᾳ
445 4945 540 4998 τοῦ
571 4943 770 5015 Κυρίου
811 4943 966 5015 ὴμῶν
996 4942 1168 5014 Ἰησοῦ
1205 4943 1466 5014 Χριστοῦ,
1489 4943 1556 4996 δι’
1594 4939 1654 4998 οὗ
1686 4944 1778 4994 καὶ

191 5037 320 5108 μεθ’
340 5029 400 5088 οὗ
435 5036 561 5100 δόξα
590 5036 668 5105 τῷ
688 5037 862 5105 Πατρὶ
882 5035 976 5089 καὶ
996 5033 1072 5105 τῷ
1093 5033 1232 5105 ἁγίῳ
1251 5032 1550 5103 Πνεύματι,
1570 5032 1664 5088 νῦν
1687 5032 1778 5085 καὶ

187 5128 302 5190 ἀεὶ,
326 5129 421 5181 καὶ
440 5129 519 5192 είς
537 5129 663 5190 τοὺς
684 5127 884 5190 αἰῶνας
904 5126 1018 5180 τῶν.
1033 5125 1263 5181 αἰώνων.
1283 5126 1456 5196 Ἀμήν
1469 5164 1481 5178 .

641 5239 793 5311 [οτι]
827 5239 1047 5295 ΛΟΓΟΣ
1084 5242 1156 5294 Ζν.

187 5375 300 5430 Διὰ
330 5374 387 5426 τί
416 5373 605 5435 ξύλον
644 5373 916 5442 γνωστὸν
943 5374 1133 5428 καλοῦ
1161 5374 1258 5428 καὶ
1292 5371 1554 5444 πονηροῦ
1583 5373 1780 5427 κα.ίεῖ-

267 5443 472 5516 ται
507 5445 724 5516 ξύλον-ἐ
754 5445 853 5497 καὶ
891 5445 946 5497 τί
979 5443 1123 5516 ποτέ
1161 5445 1320 5509 ἐστι,
1361 5443 1608 5516 Σήμερον
1652 5445 1778 5515 μετ’

267 5514 406 5586 ἐμοῦ
437 5513 536 5587 ἔσῃ
566 5518 619 5567 ἐν
654 5511 734 5583 τῷ
766 5515 1093 5586 παραδείσῳ.

256 5655 330 5704 α’.
353 5650 531 5703 Πολλὰ
553 5650 902 5721 παρεκάλεσα
917 5649 1044 5721 χθὲς
1057 5651 1154 5722 τὴν
1172 5651 1438 5722 ὑμετέραν
1452 5651 1668 5722 ἀγάπην
1691 5668 1780 5720 με-

200 5742 440 5814 μνῆσθαι
452 5743 560 5796 τῶν
574 5744 693 5812 είρη
703 5742 900 5811 μένων,
912 5745 1002 5796 καὶ
1021 5743 1211 5815 διπλῆν
1229 5746 1286 5796 ἐν
1300 5744 1506 5816 ἑσπέρᾳ
1521 5743 1781 5814 παραθεῖ-

535 5860 808 5922 ΡΑτιιοι.
844 5862 959 5924 Gn.
997 5864 1152 5924 LIV.

1445 314 1508 372 IN
1552 311 1854 374 GENESIM
1894 315 2133 375 SERMO
2188 317 2295 378 VH.

3391 330 3497 386 608

1923 450 2009 485 ναι
2047 436 2143 506 τὴν
2185 438 2482 509 τράπεζαν,
2502 437 2602 511 τὴν
2639 441 2745 495 τῶν
2785 440 3107 514 βρωμάτων,
3133 440 3226 494 καὶ
3261 440 3358 510 τὴν
3391 441 3498 493 ἀπὸ

1919 525 2026 579 τῶν
2055 526 2226 596 λόγων
2265 533 2654 602 προστιθέντας
2685 535 2948 590 ἑστίασιν.
2971 537 3013 588 Τ
3021 535 3035 588 ί
3055 530 3177 599 οὗν;
3206 535 3498 604 ἐποιήσατε

1917 619 2094 684 τοῦτο,
2118 621 2212 675 καὶ
2231 625 2577 696 παρεθήκατε
2602 626 2795 699 διπλῆν
2814 629 2910 698 τὴν
2930 627 3208 698 τράπεζαν
3229 643 3243 691 ;
3269 620 3399 679 υἷδα
3417 627 3499 678 ὅτι

1917 711 2228 782 ἐποιήσατε,
2265 717 2359 771 καὶ
2396 719 2497 772 οὐκ
2536 719 2749 788 ἐκείνης
2792 720 2970 790 μόνον,
2993 719 3128 772 ἀλλὰ
3169 719 3260 770 καὶ
3297 715 3499 778 ταύτης

1917 803 2229 875 μετέσχετε.
2255 809 2330 861 Ού
2350 809 2458 879 γάρ
2477 809 2540 881 δὴ
2562 827 2627 862 πε
2636 812 2689 882 ρὶ
2709 811 2806 882 τὴν
2828 812 3034 865 ἐλάττω
3073 809 3494 872 σπουδάσαντες,

1912 896 2012 966 τῆς
2032 895 2299 966 βελτίονος
2319 901 2570 972 ἐμέλλετε
2594 905 2830 975 ἀμελεῖν.
2855 905 2964 958 Καὶ
2984 903 3092 974 γὰρ
3115 903 3335 973 βελτίων
3357 903 3494 954 ἐκεί-

1912 1006 2008 1056 νης
2049 989 2208 1062 αῦτη,
2234 993 2345 1064 Τὴν
2387 995 2484 1065 μὲν
2521 997 2627 1067 γὰρ
2672 998 2946 1068 μαγείρων
2967 995 3266 1065 συνέθηκαν
3287 997 3489 1064 χεῖρες,

1909 1079 2110 1150 ταύτην
2143 1082 2199 1136 δὲ
2236 1086 2530 1156 προφητῶν
2567 1087 2982 1155 παρεσκεύασαν
3021 1086 3292 1154 γλῶσσαιο
3337 1083 3430 1136 καὶ
3455 1085 3488 1152 ἡ

1912 1172 2012 1241 μὲν
2043 1174 2111 1226 τὰ
2145 1175 2250 1228 ἀπὸ
2277 1177 2375 1246 τῆς
2394 1179 2494 1248 γῆς
2516 1180 2624 1248 ἔχει
2647 1180 3018 1252 βλαστήματα,
3044 1181 3078 1249 ἡ
3095 1179 3149 1232 δέ
3171 1177 3260 1231 τὸν
3280 1177 3491 1246 καρπὸν

1907 1263 1996 1316 τὴν
2015 1264 2124 1318 ἀπὸ
2142 1265 2238 1320 τοῦ
2264 1268 2605 1338 Πνεύματος·
2634 1272 2726 1324 καὶ
2745 1271 2947 1340 ταύτης
2970 1270 3069 1338 μὲν
3087 1269 3183 1339 τῆς
3209 1265 3491 1339 τραπέζης

1908 1354 2046 1422 πρὸς
2085 1357 2290 1429 φθορὰν
2329 1361 2608 1428 ἐπείγεται
2645 1361 2713 1413 τά
2751 1361 2916 1423 σιτία,
2938 1360 3080 1413 τὰδὲ
3101 1360 3313 1430 ἐκείνης
3353 1357 3488 1426 πρὸς

1905 1447 2242 1518 ἀφθαρσίαν·
2267 1449 2360 1503 καὶ
2380 1451 2517 1522 αὕτη
2540 1453 2639 1522 μὲν
2661 1452 2756 1522 τὴν
2779 1452 3057 1523 παροῦσαν
3076 1451 3234 1521 ἡμῶν
3255 1465 3489 1518 συγκρα-
3529 1521 3536 1526 1

1905 1542 1987 1592 τεῖ
2005 1540 2170 1611 ζωὴν,
2194 1542 2373 1611 ἐκείνη
2414 1543 2470 1594 δὲ
2512 1545 2647 1613 πρὸς
2665 1544 2761 1614 τὴν
2785 1543 3083 1613 μέλλουσαν
3105 1543 3251 1612 ἡμᾶς
3281 1541 3483 1609 ὁδηγεῖ.

1907 1628 2029 1680 ’Ότι
2055 1630 2153 1698 μὲν
2173 1626 2264 1683 οὖν
2285 1632 2632 1702 παρεθήκατε
2658 1635 2772 1702 μετ’
2792 1633 3004 1702 ἐκείνης
3033 1631 3128 1685 καὶ
3158 1631 3382 1700 ταύτην,
3406 1629 3486 1681 οἷ-

1901 1720 1988 1780 δα,
2010 1721 2109 1774 οὐκ
2148 1722 2436 1776 ἀκόλουθον
2475 1725 2503 1775 ύ
2512 1723 2628 1793 μῶν
2651 1725 2950 1793 ἐρωτήσας,
2973 1723 3073 1774 οὐκ
3091 1723 3329 1792 οἰκέτην,
3352 1721 3486 1773 ἀλλὰ

1899 1810 1990 1862 τὸν
2029 1810 2233 1864 τούτων
2271 1814 2602 1884 σαφέστερον
2629 1814 2879 1882 ἄγγελον.
2902 1814 3034 1866 Τίνα
3055 1813 3116 1883 δὴ
3136 1813 3324 1865 τοῦτον
3344 1828 3357 1876 ;
3380 1812 3484 1864 Τὸν

1899 1902 2093 1971 κρότον
2112 1903 2220 1956 τῶν
2242 1906 2564 1975 εἰρημένων,
2583 1907 2671 1958 τὸν
2695 1905 2913 1958 ἔπαινον
2933 1904 3024 1957 τὸν
3045 1906 3136 1956 ἐπὶ
3155 1905 3220 1974 τῇ
3239 1903 3484 1955 διδασκα-

1898 1993 2006 2064 λία.
2029 1995 2243 2067 Ἐπειδὴ
2263 1997 2370 2068 γάρ
2385 1989 2534 2048 εἶπον
2551 1994 3062 2066 χθὲς,ὂτι’Έκαστος
3083 1997 3112 2047 ὑ
3121 1995 3236 2064 μῶν
3259 2011 3383 2063 ποιη
3393 1995 3482 2048 σά-

1897 2102 1975 2138 τω
2013 2086 2109 2156 τὴν
2138 2087 2317 2140 οἰκίαν
2346 2087 2509 2142 αὑτοῦ
2541 2088 2852 2155 ἐκκλησίαν,
2882 2088 3022 2158 μέγα
3042 2087 3478 2155 ἀνακεκράγατε,

1896 2177 2184 2247 δηλοῦντες
2220 2180 2318 2249 τὴν
2355 2179 2548 2250 ἡδονὴν
2589 2179 2686 2250 τὴν
2727 2180 2821 2231 ἐπὶ
2854 2182 2967 2241 τοῖς
2999 2177 3406 2248 εἰρημένοις.⁹0
3425 2177 3481 2228 δὲ

1900 2267 2018 2334 μεθ’
2039 2268 2233 2339 ἡδονῆς
2270 2269 2482 2322 ἀκούων
2518 2270 2627 2322 τῶν
2665 2268 2994 2339 λεγομένων,
3017 2261 3171 2331 οὗτος
3210 2267 3302 2320 καὶ
3344 2263 3481 2332 πρὸς

1894 2361 1992 2429 τὴν
2031 2361 2138 2412 τῶν
2174 2361 2351 2432 ἔργων
2387 2363 2645 2426 ἐπίδειξιν
2682 2362 3142 2431 παρεσκεύασται.
3175 2361 3274 2413 Διά
3308 2361 3480 2414 ταῦτα

1896 2451 1988 2502 καὶ
2009 2453 2247 2523 τήμερον
2266 2451 2668 2521 προθυμότερον
2690 2450 2854 2502 ἀπεδυ
2865 2451 3042 2520 σάμην
3065 2449 3198 2520 πρὸς
3221 2449 3317 2519 τὴν
3334 2449 3476 2502 διδα-

1900 2539 2144 2592 σκαλίειν.

1977 2717 2135 2772 Ἀλλά
2167 2718 2485 2790 διεγέρθητε
2526 2719 2620 2772 καὶ
2656 2718 2771 2774 νῦν.
2807 2719 2939 2773 Οὐδὲ
2978 2719 3086 2789 γὰρ
3125 2717 3215 2771 τὸν
3250 2717 3475 2786 λέγοντα

1891 2810 2314 2882 διεγηγερμένον
2336 2806 2472 2863 εἶναι
2493 2811 2595 2882 χρὴ
2623 2811 2800 2880 μόνον,
2823 2810 2957 2863 ἀλλὰ
2976 2809 3214 2871 καὶτοὺς
3255 2807 3476 2861 ἀκούον-

1892 2919 1990 2965 τας
2010 2903 2335 2971 ἐναγωνίους
2355 2898 2493 2955 εἶναι
2514 2903 2639 2972 χρὴ,
2664 2903 2754 2954 καὶ
2775 2904 2898 2964 τοὺς
2918 2901 3211 2963 ἀκούοντας
3253 2900 3472 2969 μᾶλλον,

1891 2994 1924 3062 ἢ
1965 2993 2054 3046 τὸν
2094 2993 2551 3063 λέγοντα.Ἣμεῖς
2574 2995 2671 3063 μὲν
2691 2993 2798 3064 γὰρ
2823 2993 2951 3064 μίαν
2984 2993 3180 3064 ἔχομεν
3218 2991 3471 3062 σπουδὴν,

1893 3085 2218 3138 καταϐαλεῖν
2257 3084 2326 3139 τὰ
2361 3085 2655 3139 δεσποτικὰ
2691 3087 2948 3155 χρήματα
2969 3102 2980 3115 ⁸
3007 3086 3133 3154 ὑμῖν
3152 3084 3205 3136 δὲ
3229 3083 3429 3136 πλείων
3448 3086 3475 3135 6

1893 3178 2072 3240 πόνος,
2096 3176 2235 3228 ὥστε
2257 3177 2351 3230 καὶ
2373 3176 2735 3240 ὐποδέξασθαι
2778 3177 2940 3235 αὐτὰ,
2963 3177 3056 3228 καὶ
3099 3174 3236 3245 μετά
3273 3173 3474 3243 πολλῆς

1890 3267 2126 3338 τηρῆσαι
2173 3269 2274 3337 τῆς
2325 3269 2646 3336 ἀσφαλείας.
2683 3267 2928 3321 Ἐπίθετε
2967 3266 3144 3320 τοίνυν
3183 3266 3322 3334 μετά
3374 3265 3473 3335 τὴν

1891 3361 2155 3429 ἀκρόασιν
2190 3362 2257 3414 τά
2296 3361 2518 3428 κλεῖθρα
2555 3363 2674 3424 ταῖς
2713 3359 2924 3429 θύραις,
2947 3359 3074 3420 τοὺς
3097 3357 3354 3427 μοχλούς·
3379 3359 3472 3409 καὶ

1891 3454 2182 3523 λογισμοὺς
2217 3453 2343 3515 τοὺς
2382 3452 2646 3523 φοϐεροὺς
2670 3491 2683 3512 ,
2725 3451 2977 3520 καθάπερ
3013 3448 3164 3511 τινὰς
3202 3448 3468 3516 φύλακας,

1890 3543 2225 3614 πανταχόθεν
2264 3543 2630 3614 περιστήσατε
2650 3543 2716 3611 τῇ
2738 3541 2904 3610 ψυχῇ.
2929 3540 3036 3592 Καὶ
3056 3539 3162 3608 γὰρ
3184 3539 3471 3607 ἀναίσχυν-

1888 3653 1979 3699 τος
2013 3637 2041 3689 6
2077 3635 2317 3705 κλέπτης
2338 3633 2474 3694 ἐστὶ,
2499 3633 2590 3686 καὶ
2608 3633 2898 3694 διαπαντὸς
2917 3632 3205 3702 ἀγρυπνεῖ,
3229 3631 3320 3682 καὶ
3349 3647 3471 3681 συν-

1889 3725 2028 3796 εχῶς
2063 3725 2364 3777 ἐπιτίθεται
2389 3765 2402 3784 ,
2443 3722 2546 3775 κᾶν
2585 3722 2842 3784 πολλάκις
2882 3720 3127 3792 ἀποτύχῃ
3154 3759 3167 3779 ,
3213 3719 3469 3781 πολλάκις
3517 3743 3522 3749 ι

1888 3817 2464 3888 ἐπιχειρεῖ,Ἔστωσαν
2501 3814 2676 3867 τοίνυν
2715 3813 2934 3882 φοϐεροὶ
2970 3813 3019 3864 οἱ
3057 3812 3290 3880 φύλακες
3313 3827 3326 3839 ·
3366 3811 3469 3864 κᾶν

1890 3915 2040 3969 ἴδωσι
2059 3915 2149 3967 τὸν
2168 3912 2410 3967 διάϐολον
2433 3910 2655 3964 ἐλθόντα
2673 3910 2766 3963 καὶ
2789 3907 3107 3977 βουλόμενον
3137 3905 3379 3976 ἁρπάσαι
3415 3922 3467 3957 τι

1886 4009 1996 4063 τῶν
2034 4006 2501 4077 καταϐληθέντων,
2528 4004 2665 4073 μετὰ
2688 4001 2886 4070 πολλῆς
2905 4000 3066 4054 αὐτὸν
3087 3999 3465 4052 ἁπελαυνέτω-

1887 4120 1986 4156 σαν
2004 4103 2102 4172 τῆς
2119 4100 2370 4171 κραυγῆς
2387 4116 2398 4127 ·
2424 4097 2524 4150 κᾶν
2546 4094 2822 4166 φροντίδες
2847 4093 3095 4162 βιωτικαὶ
3122 4091 3334 4155 ἐπίωσι,
3358 4109 3466 4143 κω-

1885 4195 2186 4248 λυέτωσανο
2229 4193 2331 4245 κᾶν
2369 4189 2506 4260 λήθη
2547 4187 2698 4257 παρὰ
2733 4185 2830 4252 τῆς
2871 4183 3084 4253 φύσεως
3111 4182 3379 4253 διενοχλῇ,
3399 4184 3464 4252 τῇ

1890 4285 2085 4356 μελέτῃ
2105 4284 2202 4355 τὴν
2227 4283 2446 4353 μνήμην
2465 4277 2898 4349 διεγειρέτωσαν.
2914 4276 2987 4328 Οὐ
3009 4274 3116 4345 γάρ
3135 4275 3249 4326 ἐστι
3273 4273 3466 4343 μικρὸς

1885 4378 1914 4428 ὁ
1955 4377 2217 4436 κίνδυνος,
2241 4370 2502 4426 ἀπολέσαι
2539 4368 2798 4439 χρήματα
2834 4362 3145 4416 δεσποτικὰ.
3171 4362 3232 4412 Εἰ
3271 4361 3376 4429 γὰρ
3415 4361 3463 4411 οὶ

1885 4469 2054 4521 ταῦτα
2063 4462 2289 4536 τὰ[675]
2309 4463 2412 4534 χρή
2423 4476 2568 4532 ματα
2579 4455 2980 4525 ὑποδεχόμενοι,
2994 4452 3208 4504 ἐπειδάν
3223 4450 3465 4520 διασκορ-

1885 4561 2086 4613 πίσωσι
2103 4557 2170 4609 τὰ
2193 4553 2568 4612 πιστευθέντα,
2601 4547 2812 4616 θανάτῳ
2833 4543 3145 4606 κολάζονται
3168 4540 3423 4603 πολλάκις
3447 4557 3458 4569 ·

1883 4653 1932 4706 οἱ
1970 4651 2040 4704 τὰ
2079 4646 2256 4717 πολλῷ
2290 4643 2590 4716 τιμιώτερα
2626 4639 2830 4693 τούτων
2867 4635 3252 4703 ὑποδεξάμενοι
3285 4633 3462 4700 λόγια,

1883 4741 2000 4796 εἶτα
2020 4737 2403 4799 ἀπολέσαντες,
2428 4731 2586 4786 ποίαν
2605 4730 2703 4800 οὐχ
2724 4727 3121 4797 ὑποστήσονται
3157 4723 3426 4794 τιμωρίαν
3446 4738 3462 4788 ;

1896 4832 2018 4885 Ἐπὶ
2063 4830 2162 4900 μὲν
2201 4825 2404 4881 τούτων
2430 4822 2538 4875 τῶν
2560 4821 2858 4892 χρημάτων
2880 4818 3125 4888 φυλακῆς
3145 4818 3281 4870 εἰσιν
3303 4816 3464 4870 ὑπεύ·

1883 4925 2032 4977 θυνοι
2072 4922 2230 4992 μόνον
2265 4920 2314 4972 οἱ
2351 4917 2653 4988 δεχόμενοι,
2675 4913 2860 4984 ἐτέρου
2880 4912 2938 4966 δέ
2955 4910 3334 4974 οὺδενός.”οσα
3354 4911 3464 4979 γὰρ

1885 5013 2233 5078 ὑπεδέξαντο,
2251 5008 2488 5063 τοσαῦτα
2506 5005 2702 5068 αὐτοὺς
2723 5003 3040 5059 καταθεῖναι
3061 5004 3208 5056 πᾶσα
3225 5003 3461 5072 ἀνάγκη,

1884 5106 1980 5160 καὶ
1999 5102 2161 5157 πλέον
2180 5101 2353 5164 οὐδεὶς
2373 5099 2528 5153 οὐδὲν
2555 5099 2863 5153 ἀπαιτεῖται
2885 5099 3012 5167 παρ’
3031 5095 3210 5150 αὐτῶν
3230 5111 3245 5126 ο
3282 5095 3374 5147 ἐπὶ
3406 5094 3462 5148 δὲ

1883 5203 1991 5255 τῶν
2011 5200 2106 5254 τοῦ
2122 5198 2258 5252 Θεοῦ
2279 5197 2451 5266 λόγων
2471 5194 2592 5266 οὐχὶ
2613 5193 2858 5264 φυλακῆς
2876 5193 3042 5261 ἐσμεν
3063 5188 3349 5242 ὑπεύθυνοι
3368 5189 3464 5257 μό-

1884 5311 1993 5357 νον,
2016 5291 2152 5346 ἀλλά
2189 5291 2282 5344 καὶ
2318 5285 2578 5360 ἐργασίας
2599 5282 2817 5352 πολλῆς.
2841 5280 2975 5333 Οὐδὲ
2995 5280 3103 5349 γάρ
3121 5279 3262 5348 ἆπερ
3283 5277 3463 5344 ἐδεξά-

1889 5385 2029 5458 μεθα
2070 5385 2229 5454 μόνον
2267 5379 2560 5436 ἀποδοῦναι
2597 5373 2950 5443 κελευόμεθα,
2989 5372 3124 5424 ἀλλὰ
3169 5373 3260 5423 καὶ
3299 5370 3464 5424 διπλᾶ

1885 5477 2060 5532 ταῦτα
2080 5475 2156 5546 τῷ
2177 5473 2420 5542 Δεσπότῃ
2441 5468 2846 5541 προσενεγκεῖν.
2870 5464 3062 5517 Καίτοι
3101 5465 3149 5516 εξ
3179 5463 3274 5515 καὶ
3295 5463 3386 5530 qu}
3400 5480 3466 5516 α·-

1890 5570 1975 5636 ξαι
2013 5569 2301 5640 προέκειτο
2340 5565 2498 5637 μόνον
2512 5559 2784 5630 α,πολλῆς
2821 5557 3059 5626 ἀγωνίας
3096 5557 3190 5610 καὶ
3226 5554 3463 5625 σπουδῆς

1920 5765 1922 5767 ’
1953 5752 1975 5780 ⁸
2003 5749 2126 5813 Reg.
2149 5745 2272 5798 15ιὸ
2294 5741 2489 5807 φυλάξαι
2507 5739 2740 5803 προσήκει
2765 5740 2929 5801 μόνον.

2153 5864 2158 5871 “
3083 5845 3104 5905 ί
3121 5849 3153 5904 5

2539 5945 2595 5960 μ,
