3964 6432
231 358 343 417 605

229 486 396 537 esset.
428 476 590 531 multa
614 475 968 531 sollicitudine
992 491 1052 530 ac
1070 475 1245 531 studio
1269 493 1352 532 res
1381 477 1639 546 indigeret
1666 495 1675 528 :
1710 493 1832 530 cum

231 580 364 622 vero
392 576 448 620 ut
476 571 637 622 etiam
669 569 1104 637 multiplicantur,
1136 569 1288 622 nobis
1321 569 1572 622 Dominus
1603 569 1834 638 impera-

228 660 324 724 rit,
354 660 524 730 cogita
550 671 806 730 quantum
837 659 1034 714 laboris
1069 669 1124 714 et
1165 677 1307 715 cura:
1340 662 1406 714 sit
1454 677 1482 712 a
1521 661 1690 726 nobis,
1723 661 1839 730 qui-

231 752 333 806 bus
365 768 424 805 ca
472 753 758 806 commissa
807 760 950 816 sunt,
983 751 1385 806 conferendum.
1442 750 1565 806 Ideo
1587 753 1798 820 quidam
1819 793 1835 817 ,

227 846 318 898 cui
370 846 656 899 commissa
709 845 918 899 fuerant
973 846 1165 898 talenta
1210 846 1444 914 quinque
1491 844 1832 916 (llluttlt.25.

233 935 322 990 Η.
351 954 458 1008 sqq.
486 939 528 1005 ),
575 953 678 990 non
711 937 929 990 totidem
983 937 1194 1000 obtulit,
1225 937 1319 991 sed
1375 936 1662 1007 duplicata.
1705 937 1836 990 Nam

231 1029 322 1082 illa
355 1028 595 1098 quidem,
641 1029 980 1098 benignitatis
1011 1039 1164 1084 erant
1207 1028 1406 1082 domini
1439 1047 1450 1083 :
1484 1028 1577 1083 sed
1605 1033 1838 1098 oportuit

227 1123 395 1176 etiam
439 1138 654 1175 servum
685 1139 835 1175 suant
887 1121 1140 1176 exhibere
1189 1122 1537 1190 diligentiam.
1581 1120 1838 1176 Similiter

228 1227 287 1270 ct
309 1217 360 1269 is
387 1217 472 1269 eui
501 1215 606 1269 duo
627 1217 824 1269 talenta
853 1216 1052 1268 credita
1083 1215 1316 1282 fuerant,
1339 1217 1441 1268 alia
1465 1215 1570 1269 duo
1601 1217 1834 1272 lucratus

227 1319 314 1360 est
341 1349 353 1370 ,
385 1318 544 1378 atque
568 1307 762 1361 idcirco
792 1309 904 1377 pari
935 1324 1056 1361 cum
1087 1308 1336 1362 dominus
1361 1308 1563 1363 honore
1587 1309 1834 1378 dignatus

226 1410 336 1454 est.
367 1399 518 1452 Alius
551 1415 676 1452 vero
704 1415 886 1453 rursus
925 1400 1008 1453 cui
1057 1401 1309 1453 talentum
1362 1416 1522 1454 unum
1569 1401 1832 1456 creditum

225 1489 427 1556 fuerat,
455 1501 509 1544 et
539 1490 666 1544 illud
692 1493 862 1560 ipsum
885 1491 1172 1556 obtulerat,
1205 1492 1345 1561 quod
1391 1491 1652 1546 creditum
1680 1504 1790 1546 erat
1811 1532 1829 1558 ,

227 1581 323 1652 qui
378 1598 484 1636 non
538 1582 897 1647 imminuerat,
940 1599 1044 1636 tton
1091 1583 1324 1638 deterius
1365 1584 1669 1638 reddiderat
1703 1585 1832 1638 illttd

225 1674 554 1743 depositura,
601 1691 773 1743 neque
829 1673 1162 1728 dimidiatum
1219 1684 1420 1728 tantum
1480 1675 1829 1730 reddiderat:

227 1766 356 1835 quia
388 1775 648 1834 quzestum
690 1781 793 1818 non
823 1765 1040 1829 fecerat,
1070 1780 1241 1835 neque
1264 1765 1589 1834 duplicatum
1621 1766 1831 1821 obtule-

225 1867 334 1922 l‘al,
359 1857 497 1928 quod
517 1857 783 1912 creditum
818 1857 1006 1923 fuerat,
1035 1867 1278 1911 extremo
1316 1857 1575 1926 supplicio
1618 1857 1834 1927 punitus

227 1952 363 2016 fuit;
395 1967 457 2006 ac
479 1949 671 2005 merito
694 1966 842 2005 sane.
874 1951 1002 2005 Nam
1039 1951 1082 2003 si
1113 1966 1174 2005 ea
1203 1952 1457 2005 custodiri
1501 1962 1701 2004 tantum
1735 1967 1831 2004 vo-

227 2045 476 2108 luissem,
531 2045 720 2114 ittqttit,
765 2060 863 2099 nec
913 2044 1056 2098 aliud
1103 2046 1307 2098 lucrum
1352 2045 1562 2100 existis
1589 2045 1828 2116 acquiri,

227 2157 336 2192 non
369 2139 454 2191 illa
491 2151 765 2192 servorum
800 2139 1043 2192 manibus
1082 2139 1436 2193 tradidissem.
1468 2138 1545 2192 Tu
1576 2154 1703 2192 vero
1731 2139 1830 2192 do-

225 2231 360 2285 mini
408 2230 786 2299 benignitatem
822 2231 1122 2284 Considera.
1161 2231 1209 2283 ls
1235 2231 1317 2284 cui
1371 2231 1567 2284 talenta
1601 2233 1831 2302 quinque

225 2323 516 2376 Commissa
539 2320 765 2386 fuerant,
796 2323 1108 2376 obtulitalia
1132 2323 1390 2392 quinque,
1423 2333 1476 2376 et
1499 2323 1542 2376 is
1569 2324 1654 2376 cui
1678 2322 1785 2377 duo
1811 2363 1827 2389 ,

225 2415 395 2468 altera
419 2423 560 2468 tanta
577 2454 591 2478 ,
618 2423 672 2468 et
692 2415 876 2467 eadem
896 2425 1118 2483 uterque
1142 2415 1354 2483 pra-mia
1377 2415 1577 2468 retulit.
1605 2416 1667 2471 Ut
1686 2418 1827 2469 enim

226 2507 302 2559 illi
332 2505 466 2559 dixit
493 2526 504 2560 :
540 2504 702 2574 Euge,
731 2521 868 2558 δα·ῑέ
889 2506 1014 2558 bone
1040 2523 1098 2558 ac
1118 2507 1304 2574 ﬁdelis,
1333 2523 1485 2576 super
1509 2524 1669 2576 pauca
1687 2508 1828 2578 ft.is.‘i

224 2596 416 2666 ﬁdelis,
435 2612 587 2665 super
604 2599 763 2648 multa
777 2597 1134 2649 teconstituaut
1165 2599 1182 2667 (
1205 2595 1340 2649 Ibid.
1359 2612 1406 2648 υ.
1423 2597 1482 2650 2|
1509 2600 1526 2667 )
1549 2616 1560 2651 :
1579 2601 1653 2651 sic
1668 2603 1825 2652 etiatn

225 2689 303 2741 illi
324 2687 412 2756 qui
431 2688 536 2740 duo
556 2687 842 2750 obtulerat,
869 2687 1056 2755 inquit,
1076 2685 1235 2756 Euge,
1259 2701 1398 2739 serve
1419 2687 1544 2739 bone
1562 2705 1620 2739 ac
1635 2689 1825 2754 ﬁdelis,

223 2798 380 2849 super
417 2796 580 2848 pauca
622 2779 760 2846 fuisti
799 2779 997 2847 ﬁdelis,
1043 2795 1196 2848 super
1239 2780 1399 2833 multa
1443 2790 1489 2834 te
1530 2782 1829 2833 constituunt

225 2875 392 2944 (Ibid.
423 2891 468 2927 tv.
498 2873 617 2942 25).
647 2873 943 2926 Proventus
968 2872 1102 2925 liand
1130 2872 1266 2927 idem
1297 2883 1411 2939 est,
1438 2883 1492 2926 et
1517 2888 1722 2927 merces
1747 2881 1828 2927 est

219 2969 416 3021 Cadent
473 2985 486 3020 ι
536 2969 611 3020 sic
660 2976 713 3019 et
759 2967 899 3019 ltnnc
949 2965 1136 3020 eodem
1195 2965 1396 3020 bonore
1440 2967 1685 3036 dignatus
1722 2978 1822 3019 est.

223 3060 363 3126 Quid
399 3057 508 3111 ita?
534 3058 794 3123 Quoniam
820 3072 924 3110 noa
953 3072 1138 3111 eorum
1167 3074 1284 3126 qua:
1311 3058 1485 3112 oblata
1510 3069 1632 3111 sunt
1661 3075 1828 3128 quan-

225 3154 456 3215 titatem,
487 3151 578 3204 sed
619 3166 804 3204 eorum
841 3152 1106 3214 virtutem,
1140 3151 1226 3220 qui
1279 3150 1530 3219 negotiali
1580 3151 1826 3221 fuerant,

223 3244 533 3318 attendebat
567 3243 720 3298 Deus.
766 3242 895 3296 Nam
931 3255 1151 3312 uterque
1180 3259 1274 3311 pro
1301 3243 1434 3296 virili
1468 3258 1585 3312 qua:
1609 3258 1826 3297 suarum

225 3337 456 3407 partium
504 3343 654 3388 erant
711 3335 1030 3404 pra'stitcrat
1072 3353 1084 3388 :
1128 3350 1212 3388 res
1265 3345 1441 3388 autctn
1487 3335 1680 3388 oblatm
1720 3349 1824 3389 non

224 3429 594 3500 multiplicant:
627 3429 834 3481 fuerant
864 3436 954 3482 aut
977 3428 1268 3481 imminuta:
1297 3429 1376 3482 vel
1407 3427 1477 3481 ob
1503 3427 1644 3481 illius
1676 3428 1825 3496 igua-

225 3524 393 3584 viam,
432 3519 512 3574 vel
550 3520 619 3573 ob
649 3518 974 3588 diligentiam
1021 3518 1193 3583 istius,
1223 3517 1314 3572 sed
1349 3535 1442 3587 pro
1472 3518 1695 3588 depositi
1741 3517 1825 3571 di-

227 3615 502 3668 versitate.
531 3613 621 3667 Ille
641 3612 875 3682 quinque
897 3613 1122 3680 accepit,
1142 3621 1195 3664 et
1220 3611 1412 3666 obtulit
1433 3612 1533 3665 alia
1560 3613 1822 3683 quinque;

225 3707 316 3762 hic
343 3707 545 3775 accepit
570 3705 698 3770 duo,
722 3715 776 3759 ct
795 3705 986 3758 obtulit
1013 3705 1317 3775 duo,ncque
1343 3705 1480 3775 quod
1505 3705 1569 3758 ad
1593 3706 1826 3759 studium

222 3801 438 3864 attinet,
469 3798 688 3852 inferior
716 3796 940 3852 exstitit.
971 3797 1240 3866 Siquidem
1273 3807 1326 3850 et
1371 3797 1454 3850 Itie
1481 3795 1742 3866 duplicia,
1774 3804 1829 3850 ct

226 3894 320 3947 ille
350 3891 578 3960 duplicia
613 3891 846 3944 lucratus
877 3899 956 3943 est
997 3889 1194 3942 credita
1230 3907 1242 3941 :
1275 3889 1317 3941 is
1360 3903 1489 3942 vero
1529 3888 1616 3957 qui
1664 3904 1825 3941 unum

224 3993 530 4053 acceperat,
561 3984 782 4052 simplex
809 3984 935 4038 illud
966 3982 1194 4046 obtulit;
1219 3998 1377 4053 quant
1406 3982 1475 4036 ob
1505 3995 1718 4035 eanSam
1746 3988 1829 4034 cst

221 4081 389 4134 etiam
417 4079 725 4148 Castigatus.
999 4130 1003 4134 ,

300 4175 355 4225 :2.
384 4173 618 4227 Audistis
646 4186 772 4242 ergo
796 4181 1050 4241 quantum
1080 4171 1199 4226 illos
1226 4179 1436 4225 maneat
1459 4169 1777 4239 supplicium
1806 4209 1822 4234 ,

223 4267 322 4336 qui
349 4281 412 4319 ex
441 4263 726 4317 dominicis
756 4265 992 4334 pecuniis
1017 4264 1266 4334 negotiali
1301 4278 1406 4316 non
1438 4261 1652 4316 fuerint.
1689 4262 1828 4328 Ergo

224 4369 282 4414 et
331 4358 696 4413 custodianms
722 4398 736 4420 ,
783 4367 832 4410 et
880 4357 1213 4426 negoticmur
1235 4397 1249 4421 ,
1291 4363 1346 4410 et
1375 4355 1598 4408 multum
1629 4370 1693 4407 ex
1724 4353 1828 4407 illis

227 4452 439 4505 lucrum
466 4449 831 4505 exliibcatnus.
858 4449 1038 4519 Neque
1063 4448 1201 4503 dicat
1227 4447 1418 4517 aliquis
1447 4465 1460 4500 :
1486 4445 1648 4500 idiota
1675 4461 1824 4509 smn,

227 4542 527 4611 discipulus
569 4556 726 4607 sum,
770 4539 1279 4594 verbumdoctrinze
1320 4555 1424 4592 non
1466 4537 1670 4600 habeo,
1703 4552 1824 4590 eum

227 4633 510 4703 imperitus
551 4635 652 4687 sim
701 4641 755 4686 et
791 4631 986 4686 nullius
1017 4631 1192 4701 pretii.
1228 4629 1458 4684 Tametsi
1491 4631 1633 4683 enim
1667 4628 1826 4682 idiota

228 4729 306 4781 sis
330 4767 344 4787 .
379 4727 500 4779 iiCt‘I.
526 4724 817 4792 diseipu‘us
839 4765 854 4788 ,
881 4723 1004 4778 licet
1032 4739 1194 4777 unum
1225 4722 1318 4776 tibi
1347 4722 1600 4775 talentum
1623 4721 1692 4774 sit
1711 4735 1828 4773 cre-

226 4819 402 4872 (litum
425 4858 438 4878 .
476 4818 747 4886 negotiare
775 4832 837 4870 ex
879 4831 943 4869 eo
969 4815 1108 4885 quod
1143 4814 1233 4868 tibi
1256 4814 1599 4867 commissum
1630 4822 1710 4864 est
1730 4853 1744 4875 ,
1774 4819 1827 4864 et

229 4910 476 4962 eatttdem
505 4923 624 4962 eum
652 4907 872 4962 doctore
897 4905 1200 4961 mercedem
1226 4905 1470 4972 accipies.
1498 4905 1572 4958 Ac
1598 4918 1690 4955 vos
1709 4903 1828 4972 qui-

227 5004 352 5055 dem
395 5017 459 5055 ea
501 5017 619 5070 qua:
649 4999 787 5054 dicta
832 5009 955 5053 sunt
981 4999 1250 5052 custodire
1278 5007 1329 5052 et
1358 5005 1542 5050 exacte
1571 4997 1824 5049 memoria

183 5131 202 5172 κ
233 5107 420 5148 tenere
445 5094 665 5146 omnino
692 5093 852 5146 credo
883 5110 895 5145 :
929 5091 1022 5147 sed
1054 5107 1120 5146 ne
1145 5092 1198 5145 in
1229 5091 1328 5145 ltoc
1347 5099 1507 5144 totam
1531 5091 1827 5144 orationem

230 5187 636 5257 impendamus,
683 5201 780 5255 age
826 5202 944 5255 qua:
987 5195 1284 5256 sequuntur
1310 5201 1370 5240 ea
1395 5202 1513 5256 qua:
1544 5185 1679 5239 dicta
1704 5193 1829 5239 sunt

231 5299 257 5332 a
303 5281 459 5335 nobis
507 5281 618 5334 lteri
653 5279 790 5348 apud
832 5279 1106 5333 caritatem
1138 5289 1407 5343 vestram,
1437 5278 1824 5348 adiungamus,

230 5385 284 5424 et
330 5372 468 5425 hanc
510 5371 659 5423 vobis
685 5371 942 5424 custodia:
973 5370 1272 5423 mercedem
1308 5369 1690 5436 persolvatnus.
1725 5368 1822 5432 Qu'

231 5462 374 5514 enim
425 5461 600 5530 priora
641 5460 740 5515 sibi
778 5460 976 5514 credita
1009 5461 1376 5521 conservavit,
1408 5459 1600 5527 dignus
1629 5459 1824 5526 estqui

231 5554 332 5605 alia
359 5568 544 5607 rursus
575 5551 819 5621 accipiat.
848 5551 1103 5620 Qua-nam
1132 5551 1289 5620 igitur
1319 5550 1430 5602 beri
1455 5550 1721 5618 proposita
1745 5560 1821 5603 est

231 5660 260 5697 a
285 5645 440 5699 nobis
468 5645 744 5698 narratio?
771 5645 842 5698 De
867 5644 1007 5713 ligno
1034 5658 1211 5697 sermo
1239 5651 1352 5697 erat
1371 5684 1383 5704 ,
1415 5651 1469 5696 et
1497 5643 1824 5698 ostendimus

233 5737 538 5803 hominem,
583 5751 866 5807 antequam
909 5737 976 5791 de
1023 5737 1164 5804 ligno
1206 5737 1422 5802 ederet,
1464 5736 1585 5790 boni
1613 5751 1673 5791 ac
1699 5737 1823 5791 mali

226 5832 593 5902 cognitionem
640 5830 918 5895 habuisse,
966 5829 1234 5898 multaque
1273 5830 1530 5900 rcpletutn
1562 5832 1816 5901 sapientia

1522 360 1584 416 ΙΝ
1625 363 1920 418 οευκεδιδι
1962 363 2192 421 SERMO
2235 364 2341 422 V'll.

3441 379 3546 433 6M

1953 477 2146 542 fuisse,
2187 495 2253 532 ex
2304 494 2368 534 eo
2400 479 2538 550 quod
2567 481 2781 534 notnina
2816 480 3003 536 bestiis
3033 483 3375 554 imposuerit,
3401 489 3546 558 quod

1951 584 2171 623 uxorem
2208 585 2358 624 suam
2400 575 2710 640 agnoverit,
2743 575 2883 643 quod
2912 575 3109 630 dixetit
3141 617 3154 629 .
3195 576 3304 631 Hoc
3331 595 3464 632 nunc
3487 600 3545 633 os

1945 678 2008 714 ea.
2030 662 2224 714 ossibus
2252 663 2373 716 meis
2396 662 2545 734 (Gen.
2576 665 2630 716 ‘2.
2655 665 2746 734 ‘25)
2771 683 2784 728 ς
2810 666 2950 734 quod
2971 668 3036 719 de
3058 671 3256 737 nuptiis
3276 669 3553 726 disserue-

1945 754 2052 819 rit,
2081 751 2149 807 de
2176 757 2547 822 procreatione
2576 755 2862 810 liberorum
2881 801 2895 822 ,
2929 759 2995 813 de
3024 759 3288 831 conjugali
3315 763 3546 833 conjun-

1942 844 2121 899 ctione
2151 852 2205 898 ct
2231 843 2298 899 de
2319 853 2468 914 patre
2493 861 2555 900 ac
2586 857 2790 910 matre;
2816 849 2956 919 quod
2987 851 3290 907 mandatum
3323 867 3549 919 accepe-

1943 938 2030 990 rit.
2061 936 2243 1008 Neque
2268 940 2410 992 enim
2440 939 2746 994 mandatum
2774 941 2865 995 dat
2888 945 3167 1014 quisquam
3193 961 3254 998 ac
3279 945 3451 1016 legem
3475 947 3541 1005 de

1942 1027 2105 1080 rebus
2147 1028 2397 1098 gerendis
2438 1040 2527 1084 aut
2568 1046 2673 1084 non
2714 1035 2966 1101 gerendis
3006 1052 3051 1088 e;
3076 1076 3091 1101 ,
3133 1036 3220 1106 qui
3255 1035 3448 1090 bonum
3477 1052 3541 1092 ac

1943 1119 2140 1172 malum
2187 1119 2413 1187 ignOret.
2461 1121 2631 1176 Hodie
2670 1122 2850 1177 dicere
2880 1141 3060 1194 operte
3090 1127 3246 1180 fuerit
3272 1128 3496 1196 pretium
3523 1167 3541 1196 ,

1942 1225 2098 1278 quam
2137 1210 2208 1264 ob
2243 1227 2458 1266 causam
2479 1251 2495 1277 ,
2526 1214 2568 1266 si
2594 1228 2622 1267 a
2658 1214 2800 1284 ligno
2828 1217 3100 1269 scientiam
3132 1217 3292 1272 homo
3321 1234 3426 1274 non
3453 1233 3541 1272 ac-

1940 1304 2112 1370 eepit,
2165 1303 2362 1372 lignum
2407 1305 2646 1358 scicntia-
2696 1307 2819 1360 boni
2867 1324 2928 1360 ac
2970 1309 3093 1363 ntali
3124 1311 3279 1365 fuerit
3307 1312 3541 1381 appella-

1943 1401 2052 1446 tutn
2100 1393 2261 1464 (Ibid.
2297 1413 2343 1449 υ.
2390 1395 2445 1467 9)
2490 1416 2502 1451 :
2550 1412 2722 1468 neque
2760 1402 2900 1452 enim
2933 1402 3064 1454 levis
3094 1407 3345 1458 momenti
3376 1405 3532 1458 fuerit

1939 1482 2193 1538 didicisse
2213 1525 2228 1549 ,
2259 1502 2356 1540 cur
2386 1485 2500 1542 haec
2527 1489 2818 1558 appellatio
2849 1490 2993 1561 ligno
3018 1494 3082 1545 sit
3116 1494 3300 1548 ittdita.
3327 1495 3458 1549 Nam
3485 1506 3540 1550 et

1938 1574 2182 1631 diabolus
2227 1579 2358 1631 dixit
2392 1595 2405 1630 :
2438 1580 2552 1644 Qua
2597 1581 2679 1634 die
2715 1584 3135 1637 ntanducutteritis
3159 1586 3220 1637 de
3245 1603 3300 1639 ro
3323 1629 3337 1650 ,
3370 1589 3539 1656 aperi-

1937 1677 2081 1720 entur
2120 1669 2256 1721 oculi
2292 1671 2442 1724 t‘estri
2463 1712 2478 1737 ,
2519 1681 2562 1724 rt
2588 1673 2727 1726 eritis
2750 1675 2878 1727 sient
2909 1675 3011 1740 dii,
3043 1676 3251 1730 scientes
3280 1677 3464 1730 bonum
3492 1689 3540 1732 et

1938 1759 2127 1812 malum
2158 1760 2317 1832 (Ibid.
2363 1762 2414 1816 3.
2451 1763 2525 1833 5).
2563 1764 2842 1828 Quomodo
2874 1766 3060 1836 igitur,
3096 1768 3284 1838 inquit,
3321 1778 3376 1822 ttt
3405 1770 3538 1823 dicis

1937 1851 2214 1905 scientiam
2264 1868 2368 1907 non
2416 1855 2706 1909 inseruisse
2757 1856 2880 1910 boni
2926 1873 2987 1911 ac
3019 1859 3182 1911 mali?
3211 1860 3342 1926 Quis
3370 1876 3534 1924 vero,

1937 1958 2148 2012 qua:so,
2191 1945 2455 2000 inseruit?
2490 1964 2615 2001 num
2647 1946 2936 2003 diabolus?
2961 1951 3141 2017 Certe,
3173 1952 3379 2022 inquit,
3411 1969 3534 2008 cum

1939 2035 2164 2102 dixerit,
2193 2035 2354 2090 Erilis
2378 2041 2506 2092 sicut
2533 2041 2626 2105 dii,
2654 2043 2864 2095 scientes
2886 2043 3069 2096 bonunt
3097 2055 3142 2097 et
3164 2048 3374 2100 malum.
3400 2045 3538 2101 Tum

1939 2138 1991 2183 tu
2039 2131 2196 2199 igitur
2241 2133 2603 2186 testimonium
2631 2135 2759 2188 tnilti
2791 2134 2960 2188 hostis
2988 2136 3149 2192 affers
3176 2149 3229 2192 et
3259 2139 3538 2194 insidiato-

1940 2221 2052 2274 ris?
2092 2223 2252 2292 Atqai
2295 2223 2426 2278 dixit
2473 2224 2556 2280 hic
2600 2243 2811 2297 quoque
2836 2269 2850 2293 ,
2888 2228 3046 2282 Erilis
3074 2230 3234 2284 etiam
3263 2229 3334 2286 (iii
3363 2245 3384 2291 :
3413 2248 3540 2286 num

1939 2313 2098 2381 igitur
2138 2315 2209 2367 dii
2237 2324 2360 2368 sunt
2389 2316 2557 2369 facti?
2592 2316 2658 2371 Ut
2688 2318 2847 2387 igitur
2877 2320 2948 2372 dii
2983 2319 3104 2372 facti
3137 2337 3239 2374 non
3268 2333 3432 2387 stitit,
3461 2325 3540 2378 sic

1936 2419 2108 2472 neque
2151 2407 2424 2460 scientiam
2459 2407 2581 2463 boni
2624 2423 2688 2462 ac
2729 2411 2850 2463 nali
2877 2419 2987 2464 tum
3014 2423 3354 2480 acceperunt.
3385 2414 3536 2468 Men-

1934 2495 2036 2549 dax
2077 2497 2217 2550 enim
2261 2505 2343 2552 est
2382 2499 2468 2552 ille
2492 2539 2507 2565 ,
2535 2499 2771 2569 nilnlque
2799 2516 2977 2554 verum
3009 2503 3340 2573 proloqnitur
3370 2523 3383 2559 :
3413 2520 3536 2559 nam

1935 2586 1999 2641 In
2022 2589 2224 2643 veritate
2244 2632 2258 2655 ,
2289 2591 2490 2661 inquit,
2521 2608 2622 2645 non
2649 2595 2782 2647 stetit
2816 2592 3052 2666 (Joan,8.
3082 2596 3197 2666 Η).

2006 2682 2108 2735 Cur
2129 2683 2323 2754 lignum
2342 2683 2566 2738 scientia:
2582 2685 2699 2738 boni
2723 2695 2766 2739 et
2789 2685 2912 2739 ntali
2935 2687 3005 2738 sic
3033 2697 3257 2740 rocatum
3275 2688 3446 2758 fuerit.
3467 2720 3535 2733 -η

1932 2771 2010 2826 Ne
2060 2774 2216 2841 igitur
2264 2775 2463 2830 inimici
2519 2777 2881 2829 testimonium
2926 2778 3319 2846 producantus,
3347 2781 3440 2834 sed
3467 2796 3533 2835 ex

1938 2869 2064 2935 ipsis
2095 2869 2252 2922 rebus
2280 2870 2624 2940 colligamus,
2657 2886 2762 2941 qua
2790 2871 2855 2926 de
2883 2888 3040 2925 causa
3072 2873 3269 2941 lignum
3298 2874 3538 2930 scientia:

1935 2959 2060 3012 boni
2106 2977 2168 3014 ac
2197 2961 2320 3015 mali
2355 2972 2596 3016 vocetur.
2641 2964 2718 3016 Ac
2750 2964 2894 3032 prius
2916 3003 2932 3030 ,
2962 2964 3004 3018 si
3038 2965 3244 3017 videtur
3266 3004 3280 3027 ,
3313 2965 3440 3035 quid
3469 2966 3539 3020 sit

1936 3054 2132 3106 bonum
2174 3069 2237 3108 ac
2283 3054 2483 3108 malum
2525 3054 2956 3111 consideremus.
2998 3057 3134 3123 Quid
3176 3073 3304 3127 ergo
3339 3059 3534 3114 bonum

1934 3147 2058 3201 est?
2088 3147 2424 3202 Obedienlia.
2456 3148 2592 3215 Quid
2615 3149 2860 3203 malum?
2889 3151 3274 3208 lnnbedientia.
3306 3155 3381 3206 Ac
3409 3165 3530 3207 tam

1936 3240 2103 3311 tisper
2141 3257 2169 3294 a
2209 3241 2362 3296 nobis
2391 3242 2504 3296 lure
2534 3259 2597 3296 ex
2634 3244 2761 3311 ipsis
2792 3244 3083 3314 Scripturis
3107 3257 3296 3300 exacte
3327 3247 3534 3304 exami-

1935 3345 2130 3388 nentur
2150 3375 2164 3398 ,
2199 3350 2265 3387 ne
2293 3334 2433 3389 forte
2453 3375 2468 3401 ,
2499 3335 2625 3389 dum
2653 3336 2775 3390 boni
2798 3353 2860 3390 ac
2889 3339 3010 3391 tnali
3039 3348 3282 3392 naturam
3307 3340 3536 3408 inquiri-

1935 3444 2053 3481 mus
2074 3470 2088 3494 ,
2130 3428 2462 3482 aberremus.
2511 3429 2622 3484 Hoc
2661 3430 2802 3483 enim
2832 3446 2952 3484 esse
2981 3432 3176 3484 bonum
3208 3447 3270 3485 ac
3299 3433 3533 3497 malum,

1933 3519 2056 3573 audi
2095 3536 2202 3590 quo
2244 3529 2398 3589 pacto
2425 3521 2612 3576 doceat
2643 3524 2897 3591 proiilicta
2927 3539 3046 3576 cum
3078 3524 3206 3577 dicit
3236 3543 3248 3577 :
3281 3523 3416 3590 Quid
3442 3525 3533 3578 bo-

1933 3629 2053 3665 num
2075 3654 2090 3678 ,
2123 3622 2168 3666 ct
2202 3615 2324 3683 quid
2353 3615 2602 3669 Dominus
2629 3614 2764 3668 Dens
2792 3617 3000 3685 requirit
3026 3635 3058 3670 a
3084 3620 3172 3671 te?
3200 3617 3294 3671 Dic
3319 3619 3442 3687 quid
3467 3619 3537 3673 sit

1934 3705 2140 3758 bonum.
2177 3705 2241 3760 Ut
2269 3707 2454 3776 diligas
2483 3705 2757 3760 Demittunt
2791 3707 2952 3762 Deum
2983 3717 3122 3762 tuum
3151 3709 3338 3779 (tiliclt.
3360 3709 3416 3764 ϐ.
3439 3712 3524 3780 8).

1935 3798 2098 3852 Vides
2146 3800 2338 3853 bonum
2387 3815 2507 3854 esse
2547 3801 2944 3855 obedientiam?
2986 3804 3247 3872 siquidem
3289 3818 3356 3857 ex
3396 3803 3528 3858 dile—

1933 3893 2110 3947 ctione
2133 3893 2300 3945 oritnr
2324 3892 2648 3947 obedientia.
2679 3895 2743 3948 Et
2769 3911 2954 3949 rursus
2976 3914 2989 3950 :
3015 3895 3129 3952 Duo
3151 3897 3286 3950 multi
3307 3897 3425 3967 fecit
3447 3914 3538 3966 po-

1933 3985 2086 4052 pulus
2111 3999 2250 4036 meus
2272 3983 2353 4035 hic
2382 3997 2401 4036 :
2431 4000 2509 4036 me
2535 3984 2907 4052 dereliquerunt
2936 3989 3124 4054 {autem
3154 4003 3300 4057 aqua:
3322 3988 3463 4052 vim,
3487 3998 3536 4041 ct

1933 4076 2172 4144 [oderunt
2201 4076 2295 4127 sibi
2323 4077 2565 4128 cisternas
2586 4077 2829 4128 contritas
2852 4118 2866 4140 ,
2891 4091 3004 4147 qua:
3031 4094 3132 4131 non
3155 4087 3388 4147 poterunt
3409 4095 3532 4133 con-

1933 4169 2090 4221 tinere
2117 4185 2300 4235 agttttnt
2330 4167 2462 4238 (Jer.
2487 4167 2544 4221 2.
2578 4169 2693 4239 15).
2723 4168 2882 4224 Vides
2913 4169 3325 4226 inobedicntiatn
3354 4181 3410 4228 et
3438 4173 3531 4229 dc-

1935 4264 2262 4317 relietionem
2309 4263 2505 4317 malum
2553 4264 2718 4319 esse?
2767 4265 2879 4319 lloc
2924 4266 3082 4336 igitur
3109 4267 3322 4322 interim
3352 4278 3533 4324 tenea-

1933 4372 2052 4410 mus
2071 4399 2086 4423 ,
2133 4357 2488 4412 obedientiam
2529 4357 2724 4412 bonum
2745 4373 2867 4414 esse
2887 4401 2900 4421 ,
2932 4369 3091 4428 atque
3117 4360 3528 4424 inobcdientiam

1935 4448 2130 4500 malum
2158 4489 2172 4510 ,
2201 4458 2255 4502 ct
2281 4448 2358 4502 sic
2389 4447 2515 4502 illud
2547 4449 2708 4503 etiam
2735 4463 3144 4519 cognoscemus.
3175 4449 3305 4504 Nam
3335 4450 3534 4506 ideirco

1936 4538 2135 4607 lignum
2181 4538 2421 4593 scientia:
2464 4539 2586 4592 boni
2617 4555 2680 4593 ae
2707 4540 2829 4593 ntali
2862 4551 3112 4605 vocatur,
3141 4541 3282 4610 quod
3314 4543 3534 4596 manda-

1935 4640 2042 4684 tttnt
2079 4631 2146 4685 de
2175 4632 2322 4702 ligno
2350 4632 2598 4686 traditum
2627 4632 2808 4698 fuerit,
2837 4633 2988 4700 cujus
3009 4634 3290 4689 occasione
3339 4635 3420 4690 vel
3453 4636 3536 4690 in-

1933 4724 2237 4778 oliedientia
2288 4725 2369 4778 vel
2395 4724 2697 4779 obedientia
2726 4733 3034 4778 exercetur.
3058 4724 3194 4780 Nam
3219 4735 3375 4782 antea
3397 4729 3534 4784 scie-

1933 4817 2023 4869 bat
2052 4816 2289 4870 Adamus
2314 4815 2674 4870 obedientiam
2705 4816 2900 4870 bonum
2929 4831 3084 4884 esse,
3110 4817 3528 4877 inobedientiam

1932 4916 2108 4960 autem
2139 4907 2338 4960 malum
2371 4926 2382 4960 :
2411 4908 2748 4963 manifestius
2774 4918 2954 4963 autem
2989 4919 3172 4978 postea
3201 4925 3265 4966 ex
3298 4913 3412 4981 ipsa
3443 4929 3532 4969 re-

1932 5016 2052 5054 rutn
2079 5000 2407 5069 esperientia
2435 5001 2636 5054 didicit.
2663 5001 2812 5054 Sit'lll.
2833 5002 2994 5058 etiam
3019 5003 3220 5058 caedem
3243 5003 3532 5059 fraternam

1933 5093 2130 5146 tnalum
2183 5107 2304 5147 esse
2347 5105 2568 5147 noverat
2618 5093 2787 5159 Cain,
2838 5094 2921 5148 vel
2974 5104 3258 5164 antequam
3310 5095 3531 5150 fratrem

1931 5200 2088 5239 suum
2116 5185 2382 5240 occideret
2421 5203 2434 5238 :
2469 5194 2524 5237 ut
2551 5185 2693 5239 enim
2723 5185 2987 5256 intelligas
3012 5201 3133 5239 eum
3161 5185 3382 5240 scivisse
3413 5201 3530 5240 nta-

1933 5277 2034 5330 lam
2073 5292 2183 5330 rem
2227 5274 2424 5340 fuisse,
2465 5277 2588 5330 audi
2636 5277 2761 5346 quid
2805 5277 2990 5330 dicat:
3030 5275 3174 5343 Veni,
3215 5291 3453 5330 exeamus
3481 5279 3532 5331 in

1931 5386 2163 5440 campum
2201 5369 2350 5438 (Cen.
2396 5371 2451 5424 4.
2494 5370 2570 5439 8).
2606 5369 2798 5424 Verum
2841 5384 2942 5438 qua
2970 5369 3036 5423 de
3064 5385 3225 5422 causa
3257 5371 3474 5424 fratrem
3501 5387 3531 5425 a

1933 5463 2170 5528 paternis
2199 5462 2337 5515 ulnis
2362 5462 2604 5515 avulsum
2630 5463 2680 5514 in
2711 5476 2958 5530 campum
2990 5461 3156 5516 trahis
3177 5463 3201 5514 ἲ
3225 5478 3323 5517 cur
3353 5464 3404 5517 in
3433 5464 3531 5519 de-

1933 5563 2076 5606 serto
2115 5554 2438 5608 constituis?
2476 5567 2572 5606 cur
2607 5553 2812 5606 auxilio
2846 5553 3157 5608 destitutum
3195 5555 3413 5610 reddis?
3437 5569 3533 5610 cur

1932 5644 2088 5714 longe
2129 5659 2158 5696 a
2190 5654 2411 5713 paterno
2453 5654 2737 5712 conspectu
2779 5645 3043 5700 abducis?
3079 5661 3177 5700 cur
3206 5647 3376 5701 audax
3404 5647 3528 5702 fari-

1934 5753 2033 5791 nus
2063 5744 2320 5800 occultas,
2341 5735 2384 5790 si
2418 5745 2691 5803 peccatum
2716 5751 2820 5791 non
2848 5736 3210 5791 reformidas?
3236 5754 3331 5792 cur
3350 5748 3531 5794 autem

1936 5839 1987 5885 et
2034 5838 2155 5900 post
2181 5825 2382 5885 cmdem
2411 5837 2768 5900 perpetratum
2801 5845 2982 5886 rursus
3013 5830 3367 5901 interrogatus
3396 5831 3535 5894 iudi—
