3964 6426
464 375 557 429 fill

459 507 637 567 gnaris
677 506 741 546 ac
761 486 1001 546 mentiris
1021 486 1046 541 ?
1069 485 1200 540 Cum
1226 485 1370 539 enim
1398 483 1620 537 dixisset
1644 483 1780 537 Deus
1799 524 1813 546 ,
1845 480 1942 536 Ubi
1967 493 2044 541 est

460 590 582 644 Abet
601 593 782 657 "frater
806 583 966 638 tuus?
997 580 1317 649 reSpondisti
1351 599 1365 636 :
1396 579 1664 649 Numquid
1690 592 1856 636 custos
1877 583 2054 651 fratris

454 682 557 734 mei
597 695 709 733 sum
740 692 827 748 ego
854 674 1006 749 (Gen.
1028 675 1083 729 4.
1117 672 1218 745 9)?
1248 674 1321 728 Ex
1348 688 1454 745 quo
1475 673 1637 743 liquet
1658 715 1675 740 ,
1699 689 1820 728 eum
1849 688 1971 728 cum
2000 673 2052 728 id

456 772 623 841 probe
652 776 864 835 nosset,
891 765 958 821 ad
980 766 1082 821 hoc
1106 764 1311 822 facinus
1333 766 1658 836 prorupisse.
1687 763 1752 821 Ut
1774 766 1932 836 igitur
1953 767 2053 821 iste

453 871 710 927 noverat,
762 869 1048 931 antequam
1090 859 1456 926 experiretur,
1508 857 1710 913 eaedem
1766 872 1887 913 esse
1934 873 2051 912 rem

454 954 688 1019 malam;
733 961 914 1023 postea
961 967 1088 1006 vero
1126 951 1311 1006 didicit
1341 951 1503 1004 etiam
1528 949 1900 1015 manifestius,
1927 965 2050 1004 cum

453 1062 667 1116 [uertant
709 1045 963 1099 sustinuit
999 1043 1344 1113 audivitque,
1386 1041 1601 1097 Canens
1626 1058 1687 1096 ac
1713 1051 1927 1096 tremens
1952 1041 2051 1096 erit

450 1154 607 1207 super
651 1146 838 1191 terram
891 1135 1051 1208 (Ibid.
1081 1151 1129 1189 υ.
1161 1134 1252 1207 12)
1283 1154 1296 1191 :
1321 1136 1400 1191 sic
1426 1145 1480 1190 et
1506 1134 1657 1188 istius
1688 1144 1836 1204 pater
1857 1174 1873 1199 ,
1900 1141 2051 1187 antc-

450 1245 612 1299 quam
657 1227 876 1295 ederet,
923 1227 1051 1284 boui
1090 1240 1152 1281 ac
1179 1226 1305 1281 mali
1337 1226 1640 1295 cognitione
1668 1224 1932 1296 pollebat,
1967 1233 2048 1277 ta-

452 1321 609 1376 metsi
652 1337 757 1376 non
786 1321 855 1376 ita
886 1320 1119 1377 evidenti
1141 1361 1155 1385 ,
1197 1334 1260 1375 ac
1297 1333 1421 1375 cum
1448 1318 1516 1374 de
1538 1319 1680 1389 ligno
1705 1319 2046 1374 comedisset.

453 1414 635 1469 Dicam
662 1414 918 1485 apertius.
1422 1400 1425 1403 ’

527 1505 675 1561 Mula
721 1505 902 1560 melius
946 1504 1174 1559 novimus
1193 1545 1208 1571 ,
1247 1513 1513 1575 postquam
1538 1519 1598 1558 ea
1624 1503 2043 1574 perpetravimus.

453 1598 683 1653 -—Mala
727 1598 926 1652 scimus
971 1611 1158 1652 omnes
1184 1638 1198 1661 ,
1241 1596 1401 1651 etiam
1436 1605 1721 1666 antequam
1744 1595 1832 1649 illa
1859 1611 2049 1665 perpe-

453 1701 693 1753 tremus;
762 1685 1096 1742 manifestius
1138 1702 1268 1743 vero
1313 1702 1375 1740 ea
1420 1685 1709 1749 discimus,
1767 1695 2046 1755 postquam

453 1784 539 1837 illa
568 1783 991 1853 perpetravimns
1013 1823 1028 1845 ,
1052 1796 1114 1837 ac
1140 1783 1308 1838 multo
1336 1782 1498 1837 etiam
1521 1780 1853 1837 manifestius
1876 1822 1891 1848 ,
1925 1795 2047 1834 eum

450 1875 718 1943 punimur.
750 1873 839 1930 Sic
864 1873 1026 1927 etiam
1054 1870 1183 1928 Cain
1207 1872 1409 1931 sciebat
1432 1872 1645 1943 quidem
1667 1881 1820 1926 antea
1843 1871 2045 1926 caedem

450 1965 739 2021 fraternam
784 1965 982 2021 malum
1028 1978 1149 2020 esse
1191 1981 1205 2018 :
1251 1973 1435 2034 postea
1471 1979 1599 2019 vero
1626 1963 1810 2018 didicit
1830 1962 2047 2019 eviden-

449 2058 585 2121 tius,
614 2072 739 2111 cum
766 2055 1029 2126 supplicio
1072 2056 1357 2110 mulctatus
1385 2063 1504 2110 est:
1538 2071 1636 2110 nos
1664 2055 1805 2109 enim
1833 2069 2046 2124 quoque

452 2148 736 2201 sanitatem
770 2162 883 2201 rem
913 2147 1104 2200 bonam
1136 2161 1256 2202 esse
1284 2146 1530 2201 novimus
1554 2186 1570 2211 ,
1599 2155 1652 2200 et
1676 2145 2044 2216 zrgritudinem

452 2256 567 2295 rem
609 2239 919 2303 molestam,
965 2249 1249 2310 antequam
1289 2239 1417 2295 i'lnd
1460 2240 1800 2310 experiamur
1832 2258 1845 2293 :
1879 2241 2047 2295 inulto

451 2350 580 2389 vero
603 2335 802 2389 certius
821 2377 835 2400 ,
865 2349 988 2389 cum
1018 2336 1069 2388 in
1092 2335 1336 2390 morbum
1370 2335 1745 2403 inciderimus,
1771 2337 2046 2408 utriusque

449 2429 527 2483 rei
558 2427 846 2482 discrimen
873 2429 1231 2498 agnoscimus.

515 2519 572 2573 3.
618 2518 816 2574 Eadem
856 2519 1107 2575 nimirum
1133 2521 1342 2577 ratione
1372 2530 1589 2575 noverat
1617 2521 1777 2577 etiam
1807 2521 2045 2578 Adantus

448 2610 808 2667 obedientiam
835 2627 946 2666 rem
969 2612 1163 2667 bonam
1186 2626 1326 2677 esse,
1354 2613 1765 2669 iuobedienliam
1786 2629 1911 2670 vero
1931 2629 2044 2669 ma-

442 2703 558 2759 lam
584 2723 597 2758 :
630 2703 885 2770 deinceps
911 2720 1041 2760 vero
1065 2705 1251 2761 didicit
1277 2707 1576 2761 evidentius
1594 2750 1609 2773 ,
1638 2723 1758 2763 eum
1789 2709 1930 2780 ligno
1947 2722 2049 2779 gu-

448 2806 591 2852 stato
625 2812 658 2852 e
694 2797 943 2865 paradiso
971 2800 1173 2869 ejectus
1201 2809 1281 2855 est
1305 2841 1320 2859 .
1353 2809 1406 2855 et
1432 2801 1500 2856 ab
1528 2802 1615 2857 illa
1646 2804 1841 2858 excidit
1870 2803 2043 2861 felici-

450 2900 581 2946 tate.
601 2889 735 2945 Cum
767 2890 925 2959 igitur
951 2892 1001 2946 in
1030 2905 1246 2961 poenam
1266 2892 1584 2959 incurrerit,
1617 2897 1787 2965 quod,
1815 2899 1923 2953 Deo
1949 2915 2044 2955 ve-

450 2991 627 3047 tante,
673 2983 872 3053 lignum
921 2983 1245 3055 degustarit,
1288 2985 1622 3040 manifestius
1663 3003 1785 3044 eum
1830 3005 1925 3059 per
1953 3006 2048 3045 ex-

449 3076 764 3143 perientiam
816 3086 970 3145 pm'na
999 3076 1217 3145 docuit,
1238 3078 1362 3134 Deo
1390 3093 1493 3133 non
1524 3080 1897 3151 obtemperare
1926 3099 2043 3137 ma-

446 3167 560 3223 lum
584 3207 600 3232 ,
623 3176 679 3222 at
706 3167 1308 3238 dbtemperare'bonum
1334 3184 1455 3225 esse
1479 3189 1490 3225 :
1518 3184 1795 3242 propterea
1842 3175 2043 3245 lignum

446 3258 686 3315 eoientiaa
722 3259 847 3316 boni
893 3275 957 3315 ac
1000 3261 1124 3316 mali
1152 3270 1394 3317 vocatur.
1434 3262 1503 3318 Et
1534 3280 1636 3334 qua
1680 3265 1747 3321 de
1775 3281 1967 3330 causa.
1999 3266 2044 3321 si

451 3365 558 3405 non
601 3350 712 3421 ipsa
739 3352 868 3423 ligni
909 3361 1097 3409 natura
1126 3353 1403 3410 scientiam
1433 3354 1619 3411 habuit
1641 3355 1767 3411 boni
1795 3366 1848 3413 et
1878 3357 2000 3412 mali
2025 3398 2044 3425 ,

446 3444 543 3500 sed
579 3459 645 3500 ex
684 3445 795 3515 ipsa
825 3460 981 3517 penna
1010 3455 1229 3518 propter
1255 3446 1668 3503 inobedientiam
1701 3449 1769 3504 ob
1792 3449 2044 3520 degusta-

449 3551 560 3594 tum
604 3535 805 3607 lignum
834 3536 996 3592 illata
1034 3538 1370 3594 manifestius
1410 3538 1511 3595 hoc
1550 3540 1735 3595 didicit
1757 3540 1951 3607 homo,
1982 3542 2047 3596 li-

446 3646 611 3698 gutmt
649 3632 890 3687 scientiae
927 3633 1052 3687 boui
1079 3649 1142 3688 ac
1168 3633 1293 3689 mali
1323 3635 1586 3689 vocatur?
1614 3634 1766 3702 Quod
1794 3635 2047 3691 nimirum

449 3720 537 3776 hic
588 3721 878 3790 Scripturze
925 3738 1041 3778 mos
1066 3725 1166 3788 sit,
1201 3724 1288 3778 ubi
1315 3738 1402 3780 res
1427 3725 1688 3795 quaepiam
1717 3726 1769 3779 in
1798 3726 1930 3781 locis
1954 3735 2047 3781 aut

451 3813 780 3883 temporibus
811 3813 1130 3881 quibusdam
1149 3815 1444 3881 acciderit,
1475 3831 1504 3870 a
1532 3817 1688 3871 rebus
1718 3816 1821 3871 illis
1848 3825 1902 3871 et
1927 3817 2041 3873 loca

446 3916 501 3959 et
538 3913 784 3975 tempora
817 3921 1040 3961 vocare.
1084 3907 1190 3964 Sed
1231 3917 1281 3962 ut
1327 3908 1523 3964 clarius
1570 3908 1710 3979 quod
1749 3909 1871 3965 dico
1917 3909 2042 3977 fiat,

448 3996 577 4051 illud
604 3997 851 4068 exemplo
873 3998 1025 4053 vobis
1050 3998 1347 4055 illustrabo.
1368 4000 1571 4057 Puteos
1599 4001 1886 4073 aliquando
1910 4000 2042 4058 fodit

448 4087 597 4143 Isaac
626 4107 642 4143 :
671 4089 768 4143 hos
790 4100 967 4145 autem
1000 4102 1192 4161 puteos
1220 4092 1378 4147 vieini
1400 4093 1675 4149 destruere
1701 4109 1820 4149 eum
1842 4096 2043 4165 agressi

447 4190 660 4247 essent,
710 4182 834 4237 inde
874 4183 1117 4238 simultas
1160 4185 1405 4255 quaedam
1443 4195 1527 4242 est
1570 4196 1716 4251 orta,
1748 4196 1802 4241 et
1829 4189 2046 4242 vocavit

448 4284 670 4341 puteum
723 4273 1033 4329 inimicitias
1083 4292 1097 4330 :
1149 4292 1255 4330 non
1309 4276 1447 4344 quod
1499 4285 1689 4347 puteus
1740 4277 2044 4334 inimicitias

449 4373 727 4421 exerceret
744 4408 758 4431 ,
792 4365 887 4421 sed
914 4365 1055 4435 quod
1084 4367 1225 4421 circa
1256 4366 1401 4422 illum
1426 4368 1715 4423 inimicitia:
1736 4379 1938 4425 exorta:
1959 4384 2047 4424 es-

396 4458 405 4467 “
447 4467 566 4515 sent
600 4456 752 4526 (lien.
775 4459 866 4514 26.
890 4457 1004 4524 2|).
1030 4458 1120 4515 Sic
1144 4468 1196 4515 ct
1219 4459 1416 4531 lignum
1440 4458 1675 4514 scientia:
1699 4460 1821 4514 boni
1843 4468 1897 4515 ct
1919 4460 2043 4514 mali

449 4562 671 4607 vocatur
690 4595 704 4616 ,
738 4567 842 4606 non
872 4551 1013 4622 quod
1042 4553 1213 4623 ipsum
1245 4554 1462 4608 scientia
1496 4552 1752 4623 polleret,
1783 4553 1875 4607 sed
1902 4552 2045 4624 quod

448 4646 591 4701 circa
619 4645 745 4700 illud
762 4645 909 4701 facta
937 4655 1081 4702 esset
1106 4647 1343 4702 scientiae
1362 4646 1488 4701 boni
1510 4661 1572 4702 ac
1589 4646 1712 4700 mali
1736 4646 2042 4702 deelaratio.

374 4728 395 4749 κ
455 4737 660 4792 Rursus
696 4747 912 4807 puteum
946 4738 1079 4793 fodit
1101 4737 1371 4793 Abraham
1391 4779 1405 4803 ,
1433 4738 1654 4793 insidias
1681 4739 1885 4808 paravit
1915 4739 2046 4794 Abi-

453 4828 663 4884 melech
709 4846 723 4883 :
765 4838 1161 4892 convenerunt,
1209 4830 1516 4885 inimicitias
1561 4830 1952 4899 deposuerunt,
1984 4844 2049 4886 ac

452 4919 695 4992 prmstito
737 4930 924 4975 mutuo
958 4921 1260 4990 iuramento
1300 4932 1519 4991 puteum
1561 4922 1707 4976 illum
1750 4922 2047 4978 Juramenti

454 5023 672 5084 puteum
703 5013 1048 5084 appellarunt
1076 5013 1238 5086 (Ibid.
1264 5013 1355 5069 2|.
1386 5017 1476 5071 5i.
1507 5014 1597 5082 52)
1624 5031 1638 5080 ;
1669 5032 1772 5071 non
1796 5015 1938 5086 quod
1963 5016 2051 5086 ju-

454 5114 626 5161 rassct
674 5115 896 5176 puteus,
944 5104 1039 5161 sed
1078 5104 1218 5174 quod
1258 5107 1397 5162 circa
1438 5116 1653 5173 puteum
1687 5106 2050 5176 juramentum

451 5198 749 5270 praestitum
787 5206 952 5253 esset.
1002 5195 1161 5252 Vides
1186 5196 1299 5251 loca
1329 5212 1435 5251 non
1467 5195 1579 5251 fieri
1609 5212 1799 5253 causas
1827 5213 2005 5253 rerum
2035 5241 2050 5263 ,

455 5290 580 5345 licet
626 5303 655 5343 a
701 5288 860 5345 rebus
898 5301 1093 5343 nomen
1141 5287 1448 5358 accipiant?
1477 5287 1747 5357 Siquidem
1772 5287 1925 5342 valde
1954 5304 2045 5342 ne.

454 5382 747 5438 cessarium
772 5391 888 5451 est,
917 5390 977 5437 ut
1000 5381 1355 5438 adhibeantur
1373 5379 1616 5450 exempla
1638 5422 1653 5446 ,
1685 5396 1791 5451 quo
1826 5378 2052 5434 manife-

453 5475 618 5530 stiora
653 5476 779 5529 fiant
799 5490 919 5546 quae
940 5474 1188 5530 dicimus.
1216 5473 1423 5529 Rursus
1450 5481 1798 5528 occurrentes
1826 5469 1929 5525 sibi
1957 5485 2054 5524 an-

454 5567 606 5634 gelos
633 5566 764 5621 vidit
785 5564 947 5620 Jacob
973 5575 1031 5622 et
1052 5573 1228 5621 castra
1262 5564 1357 5621 Dei
1381 5606 1396 5632 ,
1429 5574 1538 5619 tum
1564 5563 1852 5634 appellavit
1875 5562 2052 5617 locum

456 5659 645 5714 Castra
672 5657 832 5731 (Ibid.
863 5655 953 5712 δε.
982 5655 1063 5729 ‘2).
1093 5655 1329 5712 Tametsi
1353 5663 1506 5712 locus
1526 5665 1701 5711 castra
1733 5669 1839 5709 non
1868 5662 2051 5721 esset,

456 5747 807 5802 nihilominus
830 5746 1017 5803 Castra
1043 5755 1265 5801 vocatus
1284 5755 1364 5801 est
1393 5746 1545 5802 locus
1560 5787 1575 5811 ,
1604 5745 1727 5815 quia
1751 5744 1860 5800 illic
1879 5753 2054 5800 castra

455 5838 686 5894 viderat.
713 5830 874 5892 Vides
913 5845 975 5893 ut
1001 5837 1071 5893 ab
1094 5846 1290 5894 eventu
1318 5836 1431 5908 rei,
1460 5851 1579 5911 qua:
1609 5838 1661 5893 in
1692 5836 1809 5892 loco
1830 5834 2042 5896 accide-

1138 367 1195 423 S.
1237 364 1515 424 JOANNIS
1553 362 2026 421 CHRYSOSTOMl
2067 363 2384 422 ARCllIEP.
2426 366 2959 429 CONSTANTINOP.

3646 384 3750 442 612

2162 493 2266 552 rat,
2288 485 2463 541 locum
2489 488 2813 556 appellarit?
2837 489 2926 546 Sic
2948 492 3107 546 etiam
3131 491 3332 563 lignum
3354 495 3598 552 scientia:
3625 499 3747 556 boui

2156 592 2220 634 ac
2240 579 2364 633 mali
2386 590 2607 635 vocatur
2624 623 2636 643 ,
2665 597 2769 635 non
2799 581 2942 653 quod
2967 583 3138 653 ipsum
3160 584 3283 639 boni
3312 586 3553 657 malique
3576 590 3748 644 scien-

2159 670 2228 723 tia
2253 670 2500 741 poilcret,
2520 671 2614 727 sed
2635 672 2774 742 quod
2803 673 3038 729 scientiae
3067 675 3190 730 boni
3208 691 3270 731 ac
3289 678 3418 733 mali
3440 678 3582 733 facta
3603 679 3751 737 fuerit

2157 762 2295 817 circa
2328 762 2455 818 illud
2484 762 2895 833 demonstratio,
2936 774 2992 822 et
3018 767 3394 825 inobedientia
3433 778 3600 841 atque
3627 773 3753 827 obe-

2157 856 2371 912 dientiae
2392 859 2723 914 exercitatio.
2744 859 2950 915 Rursus
2963 860 3129 917 Deum
3151 862 3281 918 vidit
3299 863 3750 935 Jacob,quantum

2158 947 2271 1003 fieri
2302 957 2495 1017 potest,
2519 960 2576 1005 ut
2605 950 2673 1005 ab
2689 951 2903 1007 homine
2928 953 3187 1015 videatur,
3227 966 3280 1011 et
3305 957 3516 1011 vocavit
3558 974 3746 1015 nomen

2158 1039 2260 1095 loci
2291 1041 2433 1097 illius
2470 1041 2679 1111 Species
2723 1043 2837 1098 Dei.
2869 1045 3088 1112 Quare?
3111 1046 3245 1113 Quia
3269 1047 3373 1103 ridi
3396 1047 3566 1103 Deum
3598 1049 3745 1119 (Gen.

2155 1132 2243 1188 32.
2268 1133 2383 1204 30),
2400 1134 2587 1204 inquit.
2612 1135 2944 1205 Quamquam
2971 1152 3077 1192 non
3095 1137 3244 1193 locus
3272 1137 3364 1193 Dei
3383 1137 3598 1208 Species
3618 1150 3748 1208 erat,

2154 1222 2249 1278 sed
2298 1241 2326 1278 a
2373 1241 2431 1280 re
2475 1242 2596 1294 quae
2641 1237 2891 1281 evenerat
2918 1227 2969 1282 in
3000 1227 3149 1295 loco,
3183 1237 3303 1284 nata
3328 1238 3415 1286 est
3441 1231 3748 1301 appellatio.

2154 1315 2316 1370 Vides
2358 1331 2517 1387 quam
2568 1318 2747 1373 multis
2786 1335 2850 1373 ex
2895 1318 3027 1374 locis
3072 1335 3278 1376 morem
3308 1335 3431 1378 esse
3458 1320 3751 1390 Scriptum

2152 1407 2733 1475 dcmonstravcrimus,
2780 1419 2835 1464 ut
2879 1424 2907 1464 τι
2953 1412 3116 1467 rebus
3166 1428 3285 1481 qua:
3326 1413 3625 1469 acciderint
3655 1429 3748 1468 no-

2152 1501 2293 1553 mina
2343 1500 2474 1555 lucis
2517 1501 2795 1569 imponat?
2832 1502 3066 1573 ldipsutn
3094 1520 3307 1575 quoque
3334 1505 3385 1559 in
3418 1505 3751 1576 temporibus

2151 1609 2311 1664 agere
2359 1594 2657 1650 consuevit.
2702 1595 2808 1651 Sed
2855 1611 2922 1651 ne
2971 1597 3129 1653 taedio
3159 1614 3255 1653 vos
3298 1597 3629 1659 afficiamus.
3659 1614 3753 1668 age

2152 1700 2456 1757 sermonem
2524 1702 2555 1741 a
2619 1688 2944 1743 tristioribus
2989 1693 3055 1745 ad
3094 1690 3414 1759 iucundiora
3462 1691 3753 1746 transfera-

2125 1791 2290 1831 -mus.
2330 1776 2542 1832 Etenim
2575 1779 2683 1849 jam
2714 1779 2998 1848 defatigata
3029 1790 3114 1836 est
3152 1797 3304 1836 mens
3338 1792 3519 1837 vestra
3582 1784 3752 1839 subti-

2153 1868 2378 1925 lioribus
2401 1871 2685 1925 sententiis
2713 1871 2992 1926 immorata
3019 1893 3031 1927 :
3062 1883 3389 1942 quapropter
3411 1889 3597 1943 opera:
3627 1891 3751 1944 pre-

2149 1959 2281 2013 tium
2297 1958 2461 2015 fnerit
2486 1961 2625 2015 illam
2648 1977 2724 2016 rei
2738 1978 2895 2017 reare
2909 1978 2972 2018 ac
2991 1964 3409 2033 simplicioribus
3420 1966 3748 2024 laetioribus-

2149 2067 2254 2123 que
2279 2054 2561 2110 sententiis
2591 2056 2733 2110 illam
2764 2071 3001 2124 pascere.

2223 2144 2300 2200 De
2322 2145 2464 2200 bonis
2491 2148 2596 2217 agit
2625 2164 2716 2215 per
2732 2164 2931 2202 crucem
2961 2148 3188 2204 inuectis.
3219 2148 3374 2204 Latro
3393 2167 3494 2206 cur
3517 2153 3575 2206 in
3596 2170 3750 2222 paru-

2151 2236 2317 2291 dicum
2342 2236 2676 2292 introductus.
2693 2269 2767 2280 —
2786 2240 2864 2295 Ad
2896 2241 3128 2297 salutare
3156 2242 3315 2312 igitur
3343 2243 3548 2314 lignum
3581 2248 3754 2301 crucis

2149 2328 2453 2385 redeamus.
2503 2330 2614 2385 lloc
2638 2331 2780 2385 enim
2814 2331 2991 2387 omnia
3021 2333 3158 2387 mala
3189 2335 3405 2389 susmlit
3425 2377 3442 2401 ,
3474 2351 3597 2406 qum
3626 2338 3753 2393 illud

2150 2419 2425 2475 invexerat
2470 2438 2484 2475 :
2524 2420 2609 2475 vel
2650 2421 2826 2490 potius
2853 2436 2958 2477 non
2985 2423 3114 2478 illud
3145 2425 3281 2479 mala
3309 2424 3628 2492 invexerat,
3660 2428 3752 2482 sed

2149 2512 2311 2567 homo
2353 2516 2466 2584 ipse
2502 2522 2692 2570 cuncta
2716 2556 2730 2580 ,
2754 2531 2874 2587 qua:
2901 2515 3099 2573 deinde
3124 2516 3367 2574 Christus
3391 2520 3554 2588 plane
3578 2531 3756 2574 sustu-

2151 2603 2211 2658 lit
2231 2644 2247 2670 ,
2286 2613 2452 2674 atque
2499 2606 2603 2663 illis
2628 2608 2886 2677 ampliora
2918 2610 3087 2664 multo
3115 2610 3253 2665 bona
3280 2612 3504 2667 invexit.
3538 2613 3622 2668 Ob
3651 2613 3752 2669 boc

2150 2696 2322 2766 ipsum
2349 2697 2424 2751 ait
2449 2698 2642 2755 Paulus
2671 2719 2684 2756 :
2723 2701 2822 2756 Ubi
2841 2702 3365 2759 ubumlaoitdcftctum
3387 2748 3402 2771 ,
3436 2709 3753 2778 superabun-

2149 2791 2283 2846 davit
2313 2792 2480 2862 gratia
2508 2792 2683 2862 (fiam.
2715 2795 2768 2850 5.
2801 2793 2892 2866 20)
2915 2811 2930 2862 ;
2957 2795 3059 2852 hoc
3086 2807 3168 2851 est
3188 2840 3203 2864 ,
3232 2798 3405 2867 majus
3432 2809 3517 2855 est
3545 2800 3749 2856 donum

2148 2900 2305 2955 quant
2353 2894 2648 2955 peceatum.
2692 2886 2895 2944 Idcirco
2942 2902 3127 2944 rursus
3154 2890 3229 2944 ait
3266 2908 3280 2945 :
3310 2889 3436 2945 Non
3462 2893 3594 2947 sicut
3618 2893 3749 2948 defi-

2147 2986 2282 3031 ctum
2306 3018 2322 3044 ,
2354 2979 2426 3031 ita
2470 2987 2517 3032 et
2546 2978 2732 3032 donum
2756 2979 2930 3047 (Rom.
2954 2980 3007 3035 5.
3039 2980 3126 3049 l5)
3157 2998 3170 3035 :
3203 2997 3310 3037 non
3332 2993 3595 3051 quantum
3622 3000 3751 3055 pce-

2148 3069 2289 3124 cavit
2328 3069 2488 3125 homo
2511 3112 2526 3137 ,
2572 3078 2775 3126 tantum
2817 3070 3036 3127 donavit
3078 3072 3221 3129 Deus
3260 3091 3274 3128 :
3306 3089 3413 3129 non
3445 3086 3647 3146 quanta
3674 3078 3752 3146 ja-

2148 3172 2321 3226 ctura,
2348 3173 2526 3222 tantus
2551 3173 2635 3221 est
2662 3173 2900 3234 quzcstus
2924 3183 2938 3220 :
2966 3181 3071 3221 non
3097 3175 3354 3237 quantum
3383 3169 3747 3239 naufragium,

2148 3264 2295 3310 tanta
2339 3257 2498 3312 eti:m
2550 3257 2841 3327 negotiatio
2890 3256 2989 3312 fuit
3037 3275 3052 3312 :
3103 3257 3196 3314 sed
3243 3258 3393 3329 plura
3427 3260 3569 3315 bona
3601 3261 3751 3319 fuere

2148 3361 2309 3416 quam
2355 3346 2527 3413 mala;
2573 3357 2628 3403 et
2671 3347 2882 3405 merito.
2912 3348 3183 3420 Siquidem
3212 3350 3353 3405 mala
3379 3365 3575 3408 servus
3606 3352 3753 3408 inve-

2148 3438 2248 3506 xit,
2272 3447 2321 3494 et
2348 3439 2552 3494 minora
2584 3449 2737 3495 erant
2761 3459 2774 3496 :
2804 3440 2942 3495 bona
2967 3456 3094 3497 vero
3115 3442 3338 3512 largitus
3359 3450 3445 3498 est
3465 3444 3750 3512 Dominus,

2149 3532 2398 3602 quocirca
2427 3530 2637 3586 fuerunt
2662 3540 2714 3586 et
2736 3532 2884 3603 plura
2915 3549 2927 3585 :
2960 3541 3241 3603 propterea
3264 3533 3395 3589 dicit
3423 3553 3438 3588 :
3473 3533 3601 3590 Non
3623 3538 3754 3590 sicut

2149 3621 2423 3683 delictum,
2468 3622 2542 3676 ita
2578 3632 2624 3676 et
2670 3622 2879 3677 donum.
2913 3623 3112 3678 Deinde
3140 3621 3431 3679 discrimen
3460 3624 3709 3697 adjungit
3738 3644 3750 3680 :

2150 3710 2291 3767 Nam
2303 3712 2561 3783 judicium
2580 3713 2781 3782 quidem
2810 3729 2873 3768 ea:
2897 3729 3002 3768 uno
3028 3714 3082 3767 in
3103 3713 3603 3775 condemnationem.
3634 3734 3753 3788 gra-

2149 3808 2220 3861 tia
2266 3815 2433 3861 autem
2458 3823 2528 3862 ea:
2565 3807 2738 3861 multis
2778 3806 2974 3861 delictis
3001 3806 3055 3861 in
3070 3807 3518 3877 justiﬁcationem.
3548 3809 3754 3865 Obscu-

2148 3900 2261 3955 rius
2281 3908 2363 3955 est
2385 3940 2401 3966 ,
2434 3900 2573 3968 quod
2595 3899 2826 3954 diximus
2851 3916 2865 3952 :
2901 3899 3078 3971 itaque
3103 3914 3326 3955 necesse
3349 3907 3434 3955 est
3456 3940 3476 3968 ,
3499 3910 3563 3956 ut
3584 3917 3756 3972 εἰρο-

2148 3993 2397 4048 sitionem
2425 3992 2799 4063 adjungamus.
2829 3990 2975 4046 Nam
2994 3992 3255 4062 judicium
3276 3993 3512 4062 quidem,
3536 3993 3646 4051 hoc
3674 4005 3756 4052 est

2149 4098 2304 4153 poena
2329 4127 2340 4149 ,
2386 4082 2703 4153 supplicium
2727 4125 2743 4151 ,
2779 4097 2959 4150 mors;
2992 4083 3074 4138 Ea:
3092 4099 3227 4148 uno,
3254 4083 3463 4141 scilicet
3484 4096 3710 4155 peccato
3741 4109 3755 4145 :

2148 4177 2411 4246 siquidem
2459 4190 2627 4231 unum
2674 4186 2951 4245 peccatum
2998 4184 3203 4232 tantum
3251 4177 3452 4232 malum
3502 4179 3751 4245 invexit;

2147 4271 2317 4342 gratia
2358 4285 2488 4324 vero
2529 4284 2637 4325 non
2685 4270 2817 4325 illud
2865 4270 3037 4326 solum
3086 4281 3402 4341 peccatum,
3434 4270 3531 4327 sed
3566 4282 3627 4328 et
3652 4273 3753 4328 alia

2149 4362 2313 4417 multa
2357 4361 2592 4419 sustulit.
2637 4360 2841 4417 Idcirco
2879 4360 3009 4418 dicit
3039 4379 3054 4415 :
3088 4362 3270 4418 Gratia
3291 4373 3461 4417 autem
3489 4380 3556 4418 ac
3580 4365 3753 4419 multis

2150 4454 2347 4510 delictis
2389 4455 2442 4508 in
2481 4454 2928 4524 justiﬁcotionem.
2975 4453 3265 4524 Propterea
3309 4455 3549 4512 Joannes
3592 4457 3751 4517 etiam

2149 4545 2386 4615 Baptista
2430 4546 2696 4600 clamabat.
2741 4561 2756 4599 :
2798 4543 2933 4601 Ecce
2970 4562 3134 4616 agnus
3157 4543 3259 4600 Dei
3280 4588 3295 4613 ,
3318 4561 3426 4601 non
3447 4588 3465 4610 ,
3495 4548 3587 4618 qni
3620 4548 3755 4603 tellit

2149 4649 2427 4707 peccatum
2475 4636 2665 4692 Adami
2690 4679 2705 4702 ,
2757 4636 2885 4704 sed,
2944 4637 3046 4705 Qui
3084 4638 3217 4691 tollit
3261 4647 3529 4709 peccatum
3578 4640 3754 4694 mundi

2155 4728 2333 4800 (Joan.
2378 4730 2430 4785 l.
2464 4729 2580 4797 9.9).
2617 4728 2827 4794 Vidisti,
2860 4745 2965 4798 quo
2995 4740 3149 4799 pacto
3174 4746 3282 4785 nou
3308 4730 3449 4787 sicut
3473 4730 3750 4796 delictum,

2152 4819 2223 4874 ita
2249 4828 2303 4875 et
2329 4820 2495 4891 gratia
2517 4861 2531 4883 ,
2556 4820 2650 4877 sed
2675 4821 2824 4891 plura
2846 4822 3045 4892 lignum
3069 4821 3172 4876 hoc
3191 4822 3389 4879 invexit
3407 4821 3576 4890 bona,
3596 4840 3751 4893 quam

2151 4928 2181 4968 a
2210 4915 2472 4984 principio
2502 4914 2700 4970 fuerint
2730 4915 2938 4970 invecta
2966 4915 3146 4970 mala?

2224 5008 2277 5063 4.
2310 5007 2435 5063 Hzec
2463 5018 2640 5063 autem
2663 5024 2690 5061 a
2714 5023 2801 5062 me
2823 5008 2962 5063 dicta
2993 5016 3138 5074 sunt,
3170 5022 3239 5063 ne
3264 5023 3294 5062 a
3320 5008 3509 5077 primis
3538 5009 3643 5063 illis
3665 5025 3754 5077 pa-

2153 5101 2396 5157 rentibus
2425 5100 2624 5154 damno
2645 5110 2696 5154 tc
2724 5100 2973 5155 aﬂ'ectum
3003 5100 3299 5155 arbitreris.
3325 5100 3583 5155 Diabolus
3611 5101 3752 5155 Ada-

2155 5208 2300 5247 tnum
2323 5191 2501 5261 cjecit,
2539 5191 2797 5246 latronem
2820 5191 3066 5247 Christus
3090 5190 3408 5247 introduxit.
3439 5193 3521 5247 Ac
3547 5194 3749 5248 disere‘

2155 5284 2392 5354 pantiam
2418 5282 2560 5337 vide.
2592 5284 2685 5337 Ille
2715 5283 2988 5338 hominem
3028 5284 3177 5338 nullo
3204 5284 3456 5340 infectum
3499 5295 3750 5355 peccato,

2155 5376 2250 5433 sed
2295 5376 2409 5430 sola
2454 5374 2831 5431 iuobedientia:
2874 5375 3100 5437 macula,
3148 5375 3309 5446 ejecit
3337 5392 3351 5430 :
3379 5375 3630 5431 Christus
3671 5376 3752 5430 la-

2158 5477 2365 5523 tronem
2410 5465 2688 5521 innumera
2736 5474 3073 5535 peccatorum
3099 5480 3296 5536 genera
3349 5473 3651 5536 gestantem
3698 5465 3751 5519 io

2161 5560 2466 5631 paradisum
2524 5558 2840 5614 introduxit.
2898 5561 2981 5614 An
3039 5558 3198 5630 igitur
3255 5558 3355 5613 hoc
3411 5566 3617 5614 tantum
3669 5565 3753 5613 est

2158 5649 2494 5713 admirabile,
2525 5650 2667 5719 quod
2700 5648 2961 5704 latronem
3003 5649 3056 5703 in
3082 5648 3393 5720 paradisum
3422 5648 3750 5711 introduxit,

2159 5742 2303 5797 aliud
2325 5754 2452 5795 vero
2479 5739 2650 5794 nihil?
2672 5739 2857 5794 Potest
2875 5747 2930 5794 et
2949 5738 3092 5793 aliud
3122 5738 3293 5808 majus
3311 5739 3439 5793 dici.
3469 5738 3583 5794 Non
3607 5738 3750 5794 enim

2153 5833 2334 5890 solum
2364 5830 2657 5889 introduxit
2684 5829 2969 5904 latronem,
3003 5830 3098 5888 sed
3129 5840 3183 5889 et
3206 5839 3333 5889 ante
3358 5830 3613 5888 mundum
3637 5827 3754 5884 uni-
