3964 6432
224 401 324 454 6H

224 522 337 591 γὰρ
359 519 495 573 Θεοῦ
516 522 786 586 εἰπόντος·
811 522 934 578 Ποῦ
982 525 1173 587 Ἅϐελ,
1213 528 1245 579 ὀ
1283 524 1548 595 ἀδελφός
1568 539 1683 578 σου
1698 539 1716 586 ;
1738 520 1812 575 εἶ-

223 622 339 668 πας
359 621 371 633 ·
394 604 492 672 Μὴ
534 606 739 673 φύλαξ
774 608 891 676 ειμί
928 610 1035 661 τοῦ
1070 608 1336 677 ἀδελφοῦ
1349 625 1467 677 μου
1486 607 1626 676 ὲγώ;
1651 606 1812 659 Ὅθεν

222 690 390 759 δῆλον
409 692 491 743 ὅτι
515 691 704 759 σαφῶς
723 691 875 755 εἰδὼς
892 687 1055 762 ἦλθεν
1076 694 1168 745 ἐπὶ
1186 694 1285 764 τὴν
1304 691 1566 762 ἐργασίαν
1585 690 1808 759 ταύτην.

227 776 445 845 Ὥσπερ
480 769 572 827 οὖν
610 769 767 836 οὗτος
785 775 900 844 ᾔδει
924 775 1023 845 μὲν
1044 777 1137 829 καὶ
1157 776 1262 847 πρὸ
1280 776 1377 845 τῆς
1398 775 1591 845 πείρας
1608 775 1690 826 ὅτι
1709 790 1811 825 κα-

224 859 325 911 κον
348 861 376 911 6
396 859 577 926 φόνος,
599 857 771 926 ἔμαθε
792 858 849 911 δέ
870 859 1199 932 σαφέστερον
1219 861 1313 912 καὶ
1334 858 1473 928 μετὰ
1490 858 1682 922 ταῦτα,
1722 859 1812 910 ὅτε

223 944 330 1013 τὴν
358 944 626 1013 τιμωρίαν
658 941 896 1006 ἐδέξατο,
919 945 1012 996 καί
1032 946 1229 1014 ἢκουσε
1252 961 1265 973 ·
1290 944 1522 997 Στένων
1553 942 1649 996 καὶ
1681 941 1811 1009 τρέ-

218 1049 358 1098 μων
375 1032 490 1097 ἔσῃ
513 1030 609 1083 ἐπὶ
651 1029 761 1098 τῆς
798 1029 913 1099 γῆς
933 1048 945 1060 ·
968 1030 1108 1083 οὕτω
1129 1034 1221 1083 καὶ
1241 1031 1269 1082 6
1290 1030 1470 1101 πατὴρ
1490 1030 1679 1082 τούτου
1699 1023 1812 1098 εἶχε

222 1115 324 1167 105
366 1113 531 1167 καλοῦ
570 1114 663 1166 καλ⁹
682 1112 776 1166 τοῦ
799 1114 967 1166 κακοῦ
992 1116 1084 1168 καὶ
1105 1114 1209 1185 πρὸ
1229 1115 1321 1167 105
1343 1116 1535 1182 φαγεῖν
1556 1114 1652 1185 τὴν
1675 1113 1815 1180 γνῶ-

224 1215 340 1261 σιν,
365 1201 412 1251 εἰ
435 1198 527 1250 καὶ
554 1196 627 1268 μὴ
651 1196 793 1251 οὕτω
818 1197 983 1268 σαφῆ,
999 1199 1075 1262 ὠς
1096 1198 1232 1267 μετὰ
1257 1198 1354 1269 τὴν
1372 1197 1465 1250 105
1492 1196 1645 1262 ξύλου
1675 1193 1815 1267 βρῶ-

226 1299 337 1337 σιν.
370 1283 435 1334 Τί
463 1281 607 1351 λέγω
625 1299 642 1348 ;

300 1402 385 1454 Τά
419 1402 526 1471 γὰρ
558 1403 705 1455 κακά
731 1403 931 1466 πάντες
964 1403 1186 1472 οἴδαμεν
1227 1402 1321 1455 καὶ
1360 1401 1489 1471 πρὶν
1519 1401 1552 1471 ἢ
1586 1398 1812 1471 πρᾶξαι,

226 1486 564 1555 σαφέστερον
588 1485 644 1537 δὲ
682 1486 1025 1556 μανθάνομεν
1078 1485 1216 1554 μετὰ
1263 1486 1323 1537 τὸ
1374 1484 1595 1556 πρᾶξαι·
1636 1481 1815 1551 πολλῷ

224 1570 285 1622 δὲ
325 1569 679 1640 σαφέστερον,
721 1571 848 1623 ὅταν
887 1567 1260 1639 κολαζὼμεθα.
1300 1568 1455 1621 Ούτω
1493 1571 1587 1622 καὶ
1615 1570 1642 1620 6
1674 1568 1815 1621 Κάῖν

226 1654 350 1723 ᾔδει
390 1652 487 1724 μὲν
523 1652 605 1704 ὅτι
646 1651 813 1706 κακὸν
854 1654 886 1723 ἡ
927 1652 1311 1721 ἀδελφοκτονία
1340 1653 1434 1705 καὶ
1466 1653 1569 1722 πρὸ
1599 1654 1812 1704 τούτου⁸

226 1735 401 1804 ἔμαθε
454 1734 510 1787 δέ
557 1733 783 1803 ὕστερον
834 1734 920 1787 διὰ
966 1734 1066 1803 τῆς
1120 1735 1393 1797 κολάσεως
1441 1734 1811 1804 σαφέστερονο

228 1819 357 1871 ἐπεὶ
378 1818 468 1870 καὶ
499 1818 657 1886 ἡμεῖς
681 1816 901 1886 οἴδαμεν
921 1818 1001 1868 ὃτι
1025 1817 1186 1869 καλὸν
1217 1819 1249 1887 ἡ
1284 1818 1480 1883 ὑγίεια,
1514 1818 1607 1869 καὶ
1626 1832 1814 1886 φορτι-

228 1902 328 1953 κὸν
350 1902 382 1970 ἡ
402 1900 554 1962 νόσος
582 1899 673 1950 καὶ
700 1898 805 1967 πρὸ
822 1899 921 1967 τῆς
942 1899 1154 1968 πείρας·
1174 1899 1354 1968 πολλῷ
1370 1899 1425 1951 δέ
1446 1899 1665 1969 μᾶλλον,
1688 1900 1815 1950 ὅταν

226 1986 311 2046 εἰς
344 1983 441 2053 τὴν
476 1981 630 2035 νόσον
672 1981 1024 2051 ἐμπέσωμεν,
1061 1982 1387 2052 ἀμφοτέρων
1428 1982 1526 2051 τὴν
1555 1980 1816 2051 διαφορὰν

226 2066 597 2136 γινώσκομεν.

302 2176 373 2245 γ’.
410 2177 514 2229 Τὸν
539 2176 701 2228 αὐτὸν
728 2176 793 2245 δὴ
823 2176 1025 2245 τρόπον
1060 2176 1152 2228 καὶ
1177 2176 1205 2227 6
1251 2176 1419 2246 Ἀδὰμ
1453 2177 1568 2247 ᾔδει
1598 2177 1697 2247 μὲν
1733 2179 1815 2230 ὅτι

228 2262 398 2315 καλὸν
431 2263 464 2329 ἡ
500 2258 738 2329 ὑπακοὴ,
794 2260 886 2310 καὶ
912 2258 1081 2312 κακὸν
1111 2260 1144 2329 ἡ
1172 2262 1421 2331 παρακοή
1445 2276 1457 2290 ·
1497 2261 1722 2333 ὕστερον
1760 2262 1815 2314 δὲ

230 2344 567 2413 σαφέστερον
597 2341 821 2411 ἔμαθεν,
855 2343 943 2394 ὅτε
994 2343 1089 2394 τοῦ
1126 2342 1282 2406 ξύλου
1322 2344 1662 2413 γευσάμενος
1696 2345 1814 2409 ἐξε-

228 2427 404 2497 ϐλήθη
426 2425 519 2479 τοῦ
550 2424 904 2495 παραδείσου,
930 2425 1023 2476 καὶ
1046 2428 1143 2495 τῆς
1182 2427 1578 2496 μακαριότητος
1602 2428 1816 2495 ἐκείνης

229 2513 513 2578 ἐξέπεσεν.
550 2507 704 2560 Ἐπεὶ
724 2504 817 2560 οὖν
852 2508 931 2569 εἰς
969 2508 1240 2579 τιμωρίαν
1273 2509 1550 2572 ἐνέπεσεν,
1591 2511 1694 2572 ὅτι,
1720 2509 1813 2561 τοῦ

228 2596 370 2649 Θεοῦ
417 2594 779 2655 κωλύσαντος,
830 2592 1093 2661 ἐγεύσατο
1130 2594 1223 2645 105
1280 2593 1458 2657 ξύλου,
1511 2596 1817 2666 ήτιμωρία

230 2679 394 2734 αὑτὸν
424 2678 752 2747 σαφέστερον
785 2677 1071 2729 ἐπαίδευσε
1100 2676 1185 2729 διὰ
1214 2678 1310 2746 τῆς
1337 2678 1549 2748 πείρας,
1577 2680 1698 2730 ὅσον
1721 2697 1817 2730 και

232 2764 332 2817 κὺν
358 2760 492 2814 Θεοῦ
532 2758 891 2828 παρακούειν,
917 2760 1010 2812 καὶ
1036 2760 1157 2813 ὅσον
1191 2760 1485 2812 ὑπακούειν
1506 2760 1669 2812 καλόν
1690 2780 1701 2792 ·
1728 2760 1815 2812 διὰ

228 2845 391 2899 τοῦτο
422 2841 664 2912 γνωστὸν
702 2840 868 2894 καλοῦ
900 2842 993 2893 καὶ
1014 2842 1251 2911 πονηροῦ
1276 2842 1334 2894 τὸ
1361 2842 1513 2906 ξύλον
1547 2843 1811 2896 καλεῖται.

230 2930 345 2982 Kal
372 2928 517 2989 τίνος
546 2927 756 2988 ἐνεκεν,
786 2928 834 2977 εἰ
870 2925 944 2995 μὴ
976 2926 1112 2996 αὐτὴ
1147 2927 1179 2996 ἡ
1220 2926 1377 2994 φύσις
1414 2926 1505 2979 105
1538 2927 1694 2991 ξύλου
1716 2928 1815 2997 τήν

229 3012 434 3079 γνῶσιν
461 3006 575 3080 εἶχε
607 3008 702 3061 τοῦ
730 3007 897 3061 κοιλοῦ
921 3010 1014 3060 καὶ
1046 3008 1137 3060 105
1176 3008 1433 3076 πονηροῦ,
1469 3009 1584 3061 ἀλλ’
1612 3012 1675 3061 ἐκ
1715 3009 1815 3078 τῆς

226 3093 501 3165 τιμωρίας
525 3094 623 3161 τῆς
656 3091 744 3144 διὰ
773 3091 870 3161 τὴν
892 3091 1176 3162 παρακοήν
1208 3091 1305 3162 τὴν
1328 3093 1420 3143 ἐπὶ
1446 3092 1523 3162 τῷ
1549 3091 1687 3161 ξύλῳ
1721 3109 1817 3144 σα-

231 3178 497 3247 φέστερον
544 3174 711 3228 τοῦτο
737 3174 938 3243 ἔμαθεν
976 3177 1004 3225 6
1032 3173 1336 3244 ἄνθρωπος,
1372 3176 1614 3241 γνωστὸν
1648 3174 1814 3227 καλοῦ

230 3263 331 3315 καὶ
358 3259 596 3330 πονηροῦ
619 3259 681 3311 16
711 3258 869 3325 ξύλον
898 3258 1175 3318 καλεῖταις
1230 3259 1351 3309 Ὅτι
1387 3257 1505 3318 έθος
1532 3262 1595 3328 τῇ
1626 3260 1812 3329 Γραφῇ

228 3344 411 3406 τοῦτο,
435 3343 653 3394 ἐπειδὰν
682 3342 742 3394 16
764 3343 996 3411 πρᾶγμα
1026 3342 1269 3410 γένηται,
1294 3342 1325 3412 ῆ
1354 3343 1409 3393 ἐν
1432 3342 1634 3403 τόποις,
1662 3342 1815 3414 [ὺ78]

230 3429 263 3497 ἢ
294 3430 352 3480 ἐν
375 3425 718 3495 καιροῖς,άπὸ
742 3424 849 3476 τῶν
875 3424 1212 3495 πραγμάτων
1239 3423 1423 3475 καλεῖν
1457 3425 1549 3476 καὶ
1577 3426 1700 3485 τοὺς
1729 3424 1817 3475 τόμ-

230 3528 369 3571 πους
401 3511 493 3561 καὶ
523 3512 648 3571 τοὺς
672 3506 917 3575 καιρούς.
954 3508 1064 3558 Kal
1103 3508 1189 3559 ἵνα
1220 3506 1549 3575 σαφέστερον
1591 3506 1815 3575 γένηται

228 3594 293 3645 16
315 3592 626 3661 λεγόμενον,
665 3590 758 3641 ἐπί⁵
801 3588 1198 3659 ὑποδείγματος
1248 3590 1376 3658 ὑμῖν
1414 3589 1571 3641 τοῦτο
1606 3591 1817 3660 ποιήσω

230 3675 489 3747 φανερόν.
540 3675 596 3726 Ὀ
654 3673 837 3727 Ἰσαάκ
884 3690 1012 3725 ποτε
1066 3674 1276 3744 φρέατα
1312 3672 1521 3742 ῶρυξεο
1550 3672 1721 3725 ταῦτα
1749 3672 1816 3725 τὰ

231 3761 447 3830 φρέατα
482 3758 844 3827 ἐπεχείρησαν
865 3758 911 3808 οι
933 3756 1170 3824 γείτονες
1198 3758 1536 3827 διαφθεῖραι·
1565 3756 1815 3808 ἐντεῦθεν

231 3842 452 3910 ἐγένετό
476 3858 557 3901 τις
588 3838 875 3908 ἀπέχθεια,
913 3839 1006 3891 καὶ
1030 3838 1251 3891 ἐκάλεσε
1268 3838 1328 3892 16
1352 3837 1526 3909 φρέαρ
1539 3837 1673 3908 Ἕχθ
1683 3856 1780 3908 ραν
1798 3855 1813 3869 θ

231 3928 337 3979 οὐκ
366 3924 553 3993 ἐπειδὴ
579 3923 710 3977 αὐτὸ
732 3922 792 3975 τὸ
824 3923 1000 3993 φρέαρ
1022 3921 1311 3991 ἦχθρανεν,
1344 3920 1454 3971 ἀλλ’
1480 3921 1666 3991 ἐπειδὴ
1690 3921 1815 3991 περί

232 4009 371 4063 αὐτὸ
398 4009 431 4076 ἡ
462 4006 632 4077 ἔχθρα
660 4006 902 4073 γέγονεν.
938 4004 1093 4056 Οὕτω
1140 4003 1233 4055 καὶ
1281 4002 1341 4055 16
1388 4002 1542 4069 ξύλον
1575 4005 1815 4071 γνωστὸν

233 4092 407 4148 καλοῦ
459 4091 553 4142 καὶ
582 4087 821 4158 πονηροῦ
855 4086 1124 4151 καλεῖται,
1177 4087 1276 4137 οὐκ
1309 4086 1495 4157 ἐπειδὴ
1540 4086 1671 4139 αὐτὸ
1703 4082 1815 4155 εἶχε

231 4176 460 4246 γνῶσιν,
495 4173 608 4226 ἀλλ’
643 4170 831 4240 ἐπειδὴ
859 4170 988 4241 περὶ
1020 4170 1151 4223 αὐτὸ
1172 4171 1388 4236 ἐγένετο
1412 4172 1439 4222 6
1466 4171 1685 4240 ἐλεγχος
1718 4173 1817 4241 τῆς

232 4258 492 4327 γνώσεως
537 4255 633 4308 τοῦ
686 4254 851 4308 καλοῦ
885 4254 976 4306 καὶ
1017 4253 1111 4305 τοῦ
1148 4253 1403 4324 πονηροῦ.
1450 4253 1615 4306 Πάλιν
1643 4254 1817 4324 ῶρυξε

234 4342 420 4411 φρέαρ
448 4341 476 4391 6
520 4337 789 4409 Ἀϐραάμ,
824 4336 1216 4388 ἐπεϐούλευσεν
1250 4338 1277 4388 6
1326 4335 1645 4407 ’Λϐιμέλεχ’
1690 4356 1809 4389 συν-

232 4424 423 4495 ῆλθον,
456 4420 758 4474 κατέλυσαν
790 4418 887 4488 τὴν
912 4416 1131 4488 ἔχθραν,
1156 4418 1247 4470 καὶ
1295 4419 1486 4488 ὅρκους
1511 4419 1688 4481 δόντες
1726 4422 1821 4472 ἁλ-

232 4507 441 4577 λήλοις,
473 4504 738 4558 ἐκάλεσαν
772 4502 832 4553 16
867 4501 1045 4571 φρέαρ
1079 4502 1250 4554 ἐκεῖνο
1276 4501 1455 4571 Φρέαρ
1487 4502 1680 4572 ὅρκου·
1719 4505 1820 4557 οὐκ

233 4588 431 4658 ἐπειδὴ
462 4588 523 4639 16
558 4587 735 4656 φρέαρ
767 4584 1000 4653 ὤμοσεν,
1032 4583 1147 4636 ἀλλ’
1185 4584 1368 4654 ἐπειδὴ
1398 4587 1524 4654 περὶ
1553 4584 1611 4638 16
1645 4588 1820 4657 φρέαρ

233 4676 268 4726 6
295 4674 456 4742 ὅρκος
487 4671 720 4737 ἐγένετο.
767 4668 930 4738 Ὁρᾷς
956 4667 1073 4729 πῶς
1110 4668 1228 4735 ούχί
1268 4666 1374 4721 τῶν
1409 4671 1749 4738 πραγμάτων
1772 4671 1822 4722 οἰ

234 4757 400 4807 τόποι
433 4752 595 4805 αἴτιοι
619 4752 883 4819 γίνονται,
932 4752 980 4803 εἰ
1020 4750 1114 4803 καὶ
1158 4750 1264 4802 τῶν
1305 4751 1647 4820 πραγμάτων
1678 4750 1819 4820 λαμ.

236 4839 466 4891 ϐάνουσι
509 4836 578 4889 τὰ
614 4836 857 4905 ὀνόματα
887 4851 900 4899 ;
942 4835 1052 4887 Καὶ
1078 4834 1186 4903 γάρ
1213 4834 1382 4903 πολλὴ
1414 4835 1624 4905 ἀνάγκη
1650 4854 1821 4907 παρα.

238 4924 434 4990 γαγεῖν
465 4919 909 4989 παραδείγματα,
938 4916 1078 4971 ὥστε
1111 4918 1441 4987 σαφέστερον
1471 4920 1721 4985 γενέσθαι
1761 4920 1822 4972 16

236 5006 554 5075 λεγόμενον.
597 5002 766 5055 Πάλιν
809 4997 947 5055 εἶδεν
972 5004 1000 5054 6
1036 5000 1231 5053 Ἰακὼϐ
1282 5001 1546 5068 ἀγγέλους
1571 5003 1821 5071 άπαντή-

240 5103 436 5148 σοντας
485 5084 636 5154 αύτῷ
686 5086 777 5137 καὶ
822 5083 1173 5154 παρεμϐολὴν
1231 5083 1401 5143 Θεοῦ,
1460 5084 1552 5135 καὶ
1596 5084 1821 5138 ἐκάλεσε

236 5172 335 5225 τὸν
368 5171 531 5222 τόπον
575 5168 955 5239 Παρεμϐολήν.
1008 5168 1204 5219 Καίτοι
1248 5168 1345 5235 ούχ
1390 5169 1418 5218 6
1462 5167 1625 5229 τόπος
1677 5163 1744 5238 ἦν
1788 5170 1820 5237 ή

240 5252 587 5323 παρεμϐολὴ,
624 5252 737 5304 ἀλλ’
777 5252 925 5320 ὅμως
958 5250 1161 5318 ἐκλήθη
1193 5251 1220 5301 6
1255 5251 1414 5312 τόπος
1460 5249 1820 5323 Παρεμϐολὴ,

241 5336 434 5405 ἐπειδὴ
480 5336 596 5386 ἐκεῖ
637 5331 743 5386 εἶδε
791 5335 889 5402 τὴν
931 5334 1299 5403 παρεμϐολήν,
1345 5334 1506 5402 Ὁρᾷς
1547 5334 1663 5396 πῶς
1716 5335 1824 5387 ἀπὸ

238 5420 338 5473 τοῦ
386 5419 710 5488 πράγματος
755 5416 849 5469 105
899 5417 1204 5485 συμϐάντος
1242 5418 1298 5467 ἐν
1338 5416 1413 5485 τῷ
1441 5416 1590 5485 τόπῳ
1615 5417 1821 5471 τὸν-τό-

242 5520 345 5557 πον
389 5501 706 5571 ὠνόμασεν;
756 5500 909 5553 Οὕτω
942 5501 1032 5551 καὶ
1070 5500 1131 5551 τὸ
1180 5498 1333 5564 ξύλον
1367 5503 1605 5565 γνωστὸν
1656 5502 1822 5554 καλοῦ

242 5586 342 5640 καὶ
389 5584 629 5656 πονηροῦ
663 5584 930 5643 καλεῖται,
972 5582 1071 5634 ούκ
1096 5582 1281 5653 ἐπειδή
1314 5583 1443 5634 αὐτὸ
1484 5578 1595 5651 εἶχε
1626 5583 1825 5650 γνῶσιν

242 5668 411 5724 καλοῦ
434 5668 527 5719 καὶ
560 5667 820 5737 πονηροῦ,
853 5666 966 5720 ἀλλ’
999 5666 1183 5736 ἐπειδὴ
1217 5666 1345 5735 περὶ
1384 5666 1513 5718 αὐτὸ
1547 5668 1761 5732 ἐγένετο
1789 5671 1820 5739 ἡ

243 5750 520 5814 ἀπόδειξις
550 5750 647 5820 τῆς
675 5749 926 5816 γνώσεως
970 5749 1065 5801 105
1104 5748 1270 5800 καλοῦ
1314 5750 1405 5800 καὶ
1446 5749 1538 5801 105
1570 5752 1822 5821 πονηροῦ,

244 5836 338 5890 καὶ
367 5837 397 5907 ἡ
425 5834 701 5905 γυμνασία
727 5834 826 5902 τῆς
861 5832 1141 5902 παρακοῆς
1166 5832 1257 5885 καὶ
1288 5833 1384 5903 τῆς
1417 5829 1682 5903 ὑπακοῆς.
1712 5836 1820 5888 Πά-

1466 400 1533 454 IN
1563 398 1864 456 GENESIM
1902 399 2134 457 SERMO
2166 403 2273 460 VII.

3387 416 3490 469 61".!

1918 522 2000 576 λιν
2026 521 2129 579 εῐδε
2159 528 2250 581 τὸν
2279 529 2410 584 Θεὸν
2431 533 2459 585 6
2496 532 2711 597 Ἰακὼϐ,
2758 535 2832 599 ὡς
2865 534 2988 589 ἰδεῖν
3022 534 3292 605 ἀνθρώπῳ
3334 535 3484 588 δυνα-

1916 620 2007 673 τὸν
2033 617 2227 693 ἦν,καὶ
2250 626 2473 681 ἐκάλεσε
2504 628 2562 681 16
2587 630 2754 700 ὄνομα
2771 631 2864 683 τοῦ
2895 633 3060 685 τόπου
3081 632 3292 685 ἐκείνου
3319 632 3492 697 Εἶδος

1920 714 2087 767 Θεοῦ.
2112 716 2211 768 Διὰ
2236 718 2321 769 τί·
2348 718 2475 772 ’Ότι
2501 718 2665 774 εἶδον
2688 722 2795 775 τὸν
2824 724 3002 784 Θεὸν,
3047 724 3198 792 φησί.
3242 725 3351 776 Kal
3387 725 3493 794 μὴν

1916 804 2014 873 οὐχ
2052 806 2080 856 6
2121 806 2283 870 τόπος
2311 806 2447 873 εἶδος
2472 811 2607 864 Θεοῦ
2640 808 2729 883 ἦν,
2771 814 2886 866 ἀλλ’
2909 815 3015 867 ἀπὸ
3044 815 3137 867 105
3166 816 3492 885 πράγματος

1915 897 2009 951 105
2059 900 2362 970 συμϐάντος
2403 904 2459 955 ἐν
2496 904 2572 974 τῷ
2605 905 2753 976 τόπῳ
2796 908 2828 975 ὴ
2873 906 3214 977 προσηγορία
3246 907 3487 974 γέγονεν.

1931 988 2093 1061 Ὀρᾷς
2120 991 2207 1043 διὰ
2238 993 2419 1047 πόσων
2457 996 2863 1059 ἀποδέδεικται,
2897 999 2977 1050 ὅτι
3024 997 3142 1060 ἔθος
3188 1001 3254 1068 τῇ
3298 999 3489 1068 Γραφῇ

1918 1080 2027 1133 ἀπὸ
2054 1081 2163 1136 τῶν
2186 1085 2523 1154 πραγμάτων
2543 1086 2650 1138 τῶν
2673 1088 3076 1157 συμϐαινόντων
3099 1090 3156 1140 ἐν
3174 1091 3286 1150 τοῖς
3304 1089 3493 1152 τόποις

1918 1176 2113 1240 αὐτοὺς
2159 1180 2287 1239 τοὺς
2320 1179 2518 1243 τόπους
2564 1181 2776 1245 καλεῖν;
2822 1182 2895 1234 '1'6
2935 1184 3067 1236 αὐτὸ
3112 1183 3168 1235 δέ
3206 1184 3363 1237 τοῦτο
3400 1185 3494 1237 καὶ

1920 1266 2010 1319 ἐπὶ
2035 1266 2242 1337 καιρῶν
2270 1272 2439 1321 ποιεῖν
2462 1270 2669 1323 εἴωθεν.
2713 1271 2847 1324 Ἀλλ’
2873 1274 2958 1325 ἵνα
2992 1274 3064 1344 μὴ
3087 1276 3494 1346 κατατείνωμεν

1922 1358 2084 1428 ὑμᾶς,
2115 1362 2245 1433 φέρε
2279 1364 2672 1433 μεταγάγωμεν
2698 1365 2789 1417 τὸν
2805 1364 2960 1433 λόγον
2984 1367 3091 1419 ἀπὸ
3117 1366 3225 1420 τῶν
3248 1368 3495 1439 σκυθρω-

1920 1452 2164 1522 ποτέρων
2190 1454 2282 1507 ἐπὶ
2310 1455 2380 1507 τὰ
2410 1455 2756 1527 φαιδρότερα.
2788 1457 2896 1509 Kal
2924 1458 3031 1528 γὰρ
3052 1458 3255 1529 ἔκαμεν
3278 1460 3431 1529 ὑμῶν
3459 1464 3492 1531 ἡ

1918 1540 2123 1593 διάνοια
2175 1545 2285 1605 τοῖς
2336 1543 2684 1615 λεπτοτέροις
2718 1548 2985 1617 νοήμασιν
3036 1548 3447 1620 ἐνδιατρίϐουσα
3477 1569 3489 1580 ·

1917 1631 2105 1702 διόπερ
2131 1634 2299 1704 αὐτὴν
2317 1636 2627 1690 ἀναπαῦσαι
2656 1637 2836 1702 καλὸν,
2864 1642 2976 1702 τοῖς
3006 1640 3385 1712 ἀφελεστέροις
3402 1641 3496 1705 καὶ

1922 1723 2294 1798 φαιδροτέροις
2320 1727 2639 1792 διαιτῶντας
2675 1731 2768 1800 νοή
2779 1747 2962 1798 μασιν.

2004 1817 2341 1887 Ἐπανίωμεν
2372 1820 2550 1873 τοίνυν
2587 1822 2680 1873 ἐπὶ
2726 1822 2786 1873 16
2817 1824 3085 1893 σωτήριον
3127 1824 3219 1876 105
3258 1823 3495 1894 σταυροῦ

1921 1906 2097 1973 ξύλον.
2152 1909 2319 1962 T0510
2354 1911 2481 1981 γὰρ,
2516 1910 2674 1963 τοῦτο
2724 1912 2899 1965 πάντα
2947 1913 3175 1966 ἁνέλυσε
3222 1914 3290 1977 τὰ
3323 1915 3494 1979 δεινὰ,

1919 1996 2018 2047 ὅσα
2050 1998 2223 2048 ἐκεῖνο
2254 2000 2513 2068 εἰσήγαγε
2538 2016 2550 2027 ·
2581 2000 2781 2068 μᾶλλον
2813 1999 2869 2050 δὲ
2899 2000 2999 2052 οὐκ
3027 2002 3203 2054 ἐκεῖνο
3233 2003 3496 2070 εἰσήγαγε

1918 2087 1988 2140 τὰ
2015 2088 2180 2152 δεινά,
2207 2089 2319 2142 ἀλλ’
2346 2093 2373 2143 6
2402 2089 2684 2160 ἄνθρωπος
2713 2092 2946 2151 ἅπαντα,
2964 2091 3106 2161 άπερ
3138 2093 3275 2161 μετὰ
3297 2093 3499 2162 πολλῆς

1923 2179 2150 2251 ὕστερον
2184 2182 2413 2235 ἁνέλυσε
2460 2184 2559 2251 τῆς
2608 2184 2926 2254 περιουσίας
2960 2188 2987 2238 6
3033 2184 3285 2254 Χριστὸς,
3320 2187 3500 2257 πολλῷ

1926 2270 2147 2341 μείζονα
2182 2273 2359 2326 αὐτῶν
2392 2274 2703 2343 εἰσαγαγὼν
2747 2277 2947 2343 ἀγαθά.
3003 2280 3081 2330 Δι’
3115 2278 3247 2331 αὐτὸ
3279 2278 3439 2332 τοῦτο
3471 2280 3501 2331 ό

1923 2363 2131 2426 Παῦλός
2189 2382 2350 2433 φησιν
2384 2384 2395 2396 ·
2440 2368 2632 2420 ’Ὀπου
2685 2367 3059 2422 ἐπλεόνασεν
3108 2371 3146 2437 ἡ
3201 2371 3498 2439 ἁμαρτία,

1919 2456 2518 2523 ὑπερεπερίσσευσεν
2554 2459 2591 2523 ἡ
2643 2458 2843 2527 χάρις’
2894 2462 3158 2525 τουτέστι,
3209 2463 3394 2531 μεῖζον
3439 2463 3501 2515 16

1920 2542 2093 2614 δῶρον
2126 2546 2220 2597 105
2268 2547 2685 2617 ἁμαρτήματος.
2740 2549 2837 2601 Διὰ
2877 2549 3034 2603 τοῦτο
3078 2551 3238 2605 πάλιν
3286 2553 3451 2623 φησίν
3481 2570 3495 2582 ·

1926 2638 2049 2704 οὺχ
2082 2637 2161 2702 ὡς
2204 2637 2271 2690 τὸ
2311 2638 2713 2707 παράπτωμα,
2761 2640 2914 2693 οὕτω
2954 2640 3054 2694 καὶ
3096 2642 3159 2694 τὸ
3192 2642 3457 2711 χάρισμα
3482 2662 3494 2673 ι

1920 2734 2017 2801 ούχ
2048 2734 2168 2785 ὅσον
2202 2733 2451 2803 ἥμαρτεν
2476 2736 2503 2786 6
2529 2732 2835 2804 ἄνθρωπος,
2872 2736 3126 2787 τοσοῦτον
3156 2737 3447 2805 ἐχαρίσατο
3470 2739 3501 2791 6

1920 2823 2052 2885 Θεός
2071 2837 2084 2851 ’
2110 2823 2207 2893 οὐχ
2231 2824 2329 2892 ὅση
2354 2826 2385 2892 ἡ
2414 2824 2605 2894 ζημία,
2630 2824 2863 2895 τοσαύτη
2894 2824 3041 2896 [679]
3064 2826 3157 2878 καὶ
3183 2828 3215 2895 ή
3242 2844 3501 2898 πραγμα-

1921 2914 2040 2965 τεία
2060 2928 2071 2941 ·
2107 2913 2205 2982 οὐχ
2242 2915 2362 2965 ὅσον
2388 2914 2449 2966 16
2476 2913 2753 2981 ναυάγιον,
2776 2914 3010 2985 τοσαύτη
3034 2916 3129 2969 καὶ
3156 2919 3187 2985 ἡ
3222 2918 3461 2989 ἐμπορία
3483 2934 3498 2948 ·

1923 3003 2059 3056 ἀλλὰ
2094 3002 2262 3055 πλείω
2294 3004 2363 3055 τὰ
2394 3004 2569 3071 ἁγαθὰ
2603 3005 2713 3057 τῶν
2745 3006 2929 3057 κακῶν
2952 3022 2964 3035 ’
3011 3007 3105 3058 καὶ
3142 3008 3386 3070 εἰκότως.
3421 3009 3502 3063 Τά

1924 3094 2022 3161 μὲν
2050 3093 2159 3160 γὰρ
2189 3091 2333 3144 κακὰ
2362 3092 2546 3155 δοῦλος
2584 3094 2867 3161 εἰσήγαγε,
2900 3095 2993 3146 καὶ
3023 3094 3278 3148 ἐλάττονα
3300 3092 3397 3166 ἦν’
3432 3098 3502 3150 τά

1919 3185 1976 3237 δὲ
2009 3184 2190 3251 ἀγαθὰ
2222 3184 2495 3253 Δεσπότης
2539 3184 2853 3253 ἐχαρίσατο,
2903 3185 2982 3237 διὸ
3025 3186 3119 3238 καὶ
3159 3186 3378 3242 πλείονα
3409 3184 3498 3259 ἦν.

1920 3276 2020 3329 Διὰ
2038 3274 2194 3327 τοῦτό
2218 3292 2382 3344 φησιν
2404 3292 2417 3303 ’
2445 3278 2567 3340 Οὐχ
2599 3275 2678 3339 ὡς
2710 3276 2778 3326 τὸ
2809 3274 3195 3344 παράπτωμα,
3220 3278 3373 3330 οὓτω
3400 3279 3501 3333 καὶ

1920 3366 1985 3419 τὸ
2015 3366 2295 3435 χάρισμα.
2323 3361 2452 3418 Εἶτα
2483 3366 2675 3431 ἐπάγει
2700 3368 2795 3418 καὶ
2822 3366 2919 3436 τὴν
2943 3368 3204 3437 διαφοράν
3224 3386 3237 3400 ο
3288 3371 3357 3423 Τὸ
3382 3372 3501 3437 μὲν

1919 3458 2030 3526 γὰρ
2069 3456 2245 3525 κρῖμα
2279 3456 2347 3520 ἐξ
2376 3456 2513 3521 ἐνὸς
2560 3458 2647 3520 εἰς
2680 3455 3027 3525 κατάκριμα,
3053 3458 3119 3511 τὸ
3142 3457 3209 3510 δὲ
3237 3459 3500 3529 χάρισμα

1919 3551 1987 3603 ἐκ
2042 3548 2290 3604 πολλῶν
2322 3546 2809 3615 παραπτωμάτων
2847 3550 2936 3612 εἰς
2977 3548 3283 3619 δικαίωμα.
3336 3552 3505 3604 ’ΛσαηΔ

1923 3646 2182 3713 φέστερον
2231 3644 2293 3695 16
2342 3642 2664 3713 εἰρημένον·
2722 3641 2918 3693 οὐκοῦν
2966 3642 3178 3711 ἀνάγκη
3210 3644 3308 3711 τὴν
3346 3644 3501 3697 λύσιν

1923 3738 2247 3805 ἐπαγαγεῖν.
2290 3734 2359 3787 T6
2372 3733 2489 3803 μὲν
2521 3736 2632 3801 γὰρ
2661 3733 2859 3801 κρῖμα,
2892 3734 3167 3786 τουτέστιν
3198 3738 3230 3805 ἡ
3258 3737 3498 3799 κόλασις,

1922 3832 1955 3900 ή
1978 3827 2236 3898 τιμωρία,
2268 3830 2296 3880 6
2317 3826 2543 3887 Θάνατος
2562 3843 2575 3856 ·
2619 3824 2714 3888 Ἐξ
2739 3826 2879 3890 ἐνὸς
2900 3864 2915 3888 ,
2942 3827 3219 3878 τουτέστιν
3246 3830 3499 3899 άμαρτήέ

1926 3938 2094 3991 ματος
2117 3937 2131 3952 σ
2161 3916 2267 3971 Μία
2292 3918 2422 3988 γὰρ,
2456 3918 2641 3987 φησὶν,
2670 3917 2915 3987 ἁμαρτία
2951 3918 3203 3970 τοσοῦτον
3236 3920 3501 3989 εἰσήγαγε

1922 4011 2088 4064 κακόν
2108 4028 2122 4042 ·
2152 4010 2213 4063 16
2252 4011 2310 4063 δέ
2338 4010 2582 4079 χάρισμα
2616 4009 2714 4060 οὐκ
2742 4008 2954 4075 ἐκείνην
2990 4009 3156 4077 μόνην
3194 4009 3289 4079 τὴν
3320 4011 3515 4081 ἁμαρ-ι

1919 4102 2041 4155 τίαν
2061 4101 2269 4164 ἔλυσεν,
2305 4099 2439 4152 ἀλλὰ
2468 4099 2563 4151 καὶ⁵
2588 4099 2781 4168 ἐτέρας
2811 4098 3028 4160 πολλάς.
3081 4098 3182 4151 Δια
3212 4098 3370 4151 10510
3402 4099 3497 4151 λέ-

1923 4213 2008 4263 γει
2032 4212 2045 4224 ·
2082 4194 2151 4248 Τὸ
2177 4192 2245 4245 δὲ
2273 4191 2535 4261 χάρισμα
2562 4192 2627 4244 ὲκ
2658 4190 2905 4244 πολλῶν
2920 4190 3403 4259 παραπτωμάτων
3416 4196 3504 4258 εἰς

1922 4286 2231 4353 δικαίωμα.
2274 4283 2373 4335 Διὰ
2420 4282 2578 4335 10510
2610 4284 2705 4335 ml
2750 4284 2779 4334 6
2834 4282 3085 4351 Ἰωάννης
3130 4285 3158 4335 6
3204 4284 3504 4356 βαπτιστής

1924 4378 2051 4430 ἐϐόα
2073 4394 2086 4407 ’
2123 4376 2246 4431 Ἴδε
2283 4379 2316 4430 ό
2346 4376 2535 4441 ἀμνὸς
2584 4374 2690 4427 τοῦ
2728 4376 2912 4437 Θεοῦ,
2968 4377 3110 4444 οὐχὶ,
3143 4376 3170 4426 6
3200 4376 3372 4446 αἴρων
3405 4378 3504 4444 τὴν

1923 4465 2307 4535 ἁμαρτίαντοῦ
2344 4465 2536 4535 Ἀδὰμ,
2566 4465 2701 4527 ἀλλ’,
2750 4466 2811 4516 '0
2836 4464 3019 4532 αἴρων
3048 4464 3162 4529 τὴν
3211 4466 3504 4533 ἁμαρτίαν

1923 4559 2028 4611 τοῦ
2053 4559 2305 4625 κόσμου.
2333 4552 2491 4618 Εῐδες
2514 4556 2649 4616 ,πῶς
2672 4557 2767 4624 οὐχ
2790 4555 2863 4617 ὼς
2885 4556 2945 4607 16
2973 4555 3341 4625 παράπτωμα,
3360 4556 3503 4610 οὕτω

1925 4651 2020 4703 καὶ
2064 4649 2127 4702 16
2174 4648 2457 4719 χάρισμα,
2503 4646 2641 4699 ἀλλὰ
2680 4645 2899 4698 πλείονα
2933 4648 3195 4715 εἰσήγαγε
3244 4646 3403 4699 τοῦτο
3442 4649 3505 4700 τὸ

1926 4741 2083 4808 ξύλον
2130 4739 2313 4809 ἀγαθὰ
2360 4737 2467 4791 τῶν
2517 4738 2669 4807 παρὰ
2710 4738 2810 4807 τὴν
2864 4738 3041 4808 ἀρχὴν
3086 4739 3503 4808 εἰσενεχθέντων

1926 4834 2110 4888 κακῶν
2132 4850 2146 4896 ;

1996 4924 2059 4976 δ’.
2083 4920 2341 4974 Ταΰταδὲ
2362 4915 2535 4983 εἷπον,
2558 4920 2647 4973 ἵνα
2672 4918 2745 4989 μὴ
2768 4919 2999 4990 νομίσῃς
3020 4919 3423 4990 ἐπηρεάζεσθαι
3446 4938 3506 4972 σε

1927 5014 2085 5086 παρὰ
2105 5013 2212 5066 τῶν
2243 5012 2495 5082 πρώτων.
2538 5010 2820 5075 Ἐξέϐαλεν
2854 5012 2882 5063 6
2912 5011 3159 5074 διάϐολος
3176 5013 3265 5065 τὸν
3310 5014 3504 5083 ’Λδὰμ,

1925 5108 2186 5177 εἰσήγαγε
2203 5104 2293 5157 16v
2321 5103 2522 5173 λῃστὴν
2548 5104 2576 5155 6
2601 5102 2853 5175 Χριστός.
2874 5103 2983 5155 Καὶ
3010 5103 3201 5155 σκόπει
3231 5102 3290 5154 16
3319 5102 3507 5170 διάφο-

1931 5217 2039 5270 ρον.
2093 5199 2330 5259 Ἐκεῖνος
2375 5194 2475 5249 οὐκ
2524 5193 2716 5265 ἔχοντα
2744 5193 3021 5264 ἁμαρτίαν
3069 5191 3159 5243 τὸν
3192 5190 3503 5259 ἄνθρωπον,

1926 5288 2064 5342 ἀλλὰ
2119 5288 2246 5358 μίαν
2297 5285 2491 5356 κηλῖδα
2532 5284 2841 5355 παρακοῆς,
2889 5281 3141 5346 ἐξέϐαλεν
3166 5298 3177 5310 ·
3208 5283 3236 5333 6
3268 5280 3507 5350 Χριστος

1927 5380 2129 5450 λῃστὴν
2149 5379 2314 5451 μυρία
2331 5377 2525 5450 φορτία
2549 5375 2962 5446 ἁμαρτημάτων
2983 5372 3315 5441 βαστάζοντα
3333 5372 3507 5435 οὕτως

1928 5470 2223 5539 εἰσήγαγεν
2252 5470 2329 5530 εἰς
2356 5468 2446 5520 τὸν
2475 5464 2821 5534 παράδεισον.
2848 5457 2976 5532 'Ap'
3015 5457 3107 5514 οὖν
3142 5461 3301 5513 τοῦτο
3346 5460 3506 5531 μόνον

1927 5562 1989 5614 16
2020 5560 2203 5631 θαῦμά
2228 5561 2397 5621 ἐστιν,
2425 5558 2505 5609 ὅτι
2530 5553 2731 5625 λῃστὴν
2749 5553 3041 5622 εἰσήγαγεν
3060 5553 3138 5614 εἰς
3156 5552 3502 5622 παράδεισον,

1930 5653 2058 5707 ἄλλο
2087 5652 2142 5704 δέ
2172 5650 2321 5702 οὐδέν
2346 5665 2359 5713 ;
2397 5649 2550 5701 Ἔστι
2573 5647 2665 5698 καὶ
2701 5645 2828 5699 ἄλλο
2865 5644 3048 5713 μεῖζον
3071 5646 3267 5696 εἰπεῖν.
3299 5645 3371 5697 Οὐ
3398 5645 3506 5717 γὰρ

1930 5742 2133 5817 λῃστήν
2167 5741 2422 5807 εἰσήγαγε
2464 5736 2643 5807 μόνον,
2662 5734 2796 5789 ἀλλὰ
2822 5735 2915 5787 καὶ
2940 5734 3041 5805 πρὸ
3063 5736 3157 5802 τῆς
3186 5734 3505 5804 οἰκουμένης

1936 5835 2173 5903 ἁπάσης,
2225 5832 2313 5885 καὶ
2368 5830 2473 5901 πρὸ
2508 5829 2611 5882 τῶν
2655 5828 2998 5883 ἀποστόλων·
3060 5827 3145 5880 ἵνα
3183 5826 3368 5897 μηδεὶς
3402 5826 3508 5879 τῶν
