3964 6446
478 402 601 459 613

485 513 625 587 μετά
646 514 818 569 ταῦτα
844 512 1066 585 ἀπογνῴ
1087 515 1185 588 τὴν
1213 514 1438 579 είσοδον,
1471 514 1605 585 μηᾶ
1653 513 1931 583 ἀπελπίσῃ
1955 509 2054 581 τὴν

481 597 756 669 σωτηρίαν
777 597 877 668 τὴν
913 596 1132 663 ἐαυτοῦ,
1166 596 1256 653 τὸν
1281 599 1494 670 μυρίων
1526 598 1764 669 γέμοντα
1789 594 1974 649 κακῶν
1996 595 2055 646 ἐν

481 684 601 747 ταῖς
637 681 939 752 βασιλικαῖς
966 682 1154 750 αὐλαῖς
1184 682 1549 754 στρεφόμενον
1574 681 1737 752 όρῶν’
1775 679 1913 733 Ἀλλ’
1942 678 2058 733 ίδω-

484 782 605 835 μεν,
629 765 705 836 μὴ
720 765 913 828 πόνους
934 766 1247 831 ἐπεδείξατο
1272 767 1370 821 καὶ
1388 764 1787 836 κατορθώματα
1812 763 1906 817 καὶ
1924 778 2057 832 καρ-

482 846 616 911 ποὺς
658 849 688 901 ό
736 846 958 921 λῃστής.
997 849 1133 902 Οὐδὲ
1180 848 1341 904 τοῦτο
1375 849 1522 903 ἔστιν
1567 849 1761 909 εἰπεῖν,
1795 844 1911 900 ἀλλ’
1950 844 2057 900 ἀπὸ

477 928 635 997 Ψιλοῦ
669 931 939 1003 ῥήματος,
960 933 1069 987 ἀπὸ
1090 933 1325 998 πίστεως
1355 932 1524 1003 μόνης
1554 931 1661 1003 πρὸ
1693 929 1804 983 τῶν
1825 929 2053 982 ἀποστό-

478 1010 587 1066 λων
634 1013 994 1087 εἰσεπήδησεν
1027 1018 1106 1079 είς
1130 1016 1224 1070 τὸν
1256 1015 1606 1088 παράδεισον,
1648 1016 1736 1069 ἵνα
1766 1013 1944 1086 μάθῃς
1976 1015 2051 1066 ὅτι

475 1097 577 1167 οὐχ
608 1098 642 1168 ή
687 1098 898 1154 ἐκείνου
945 1101 1335 1171 εὐγνωμοσύνη
1370 1100 1630 1155 τοσοῦτον
1659 1100 1900 1169 ἴσχυσεν,
1933 1098 2058 1150 ὅσον

476 1178 572 1235 τοῦ
593 1181 861 1236 Δεσπότου
887 1185 921 1255 ἠ
957 1183 1333 1255 φιλανθρωπία
1353 1184 1413 1238 τὸ
1444 1183 1552 1237 πᾶν
1573 1182 1818 1251 ἐποίησε.
1850 1180 1914 1233 τί
1948 1179 2058 1249 γὰρ

474 1256 633 1318 εἶπεν
644 1266 674 1320 6
684 1264 887 1338 λῃστής
902 1284 916 1333 ;
934 1267 989 1320 τί
1004 1266 1062 1321 δέ
1081 1266 1315 1338 ἔπραξεν
1330 1283 1345 1332 ;
1363 1267 1456 1337 ἐνή
1464 1281 1687 1319 στευσεν
1701 1281 1715 1329 ;
1733 1264 1864 1317 ἐδάκ
1870 1280 2052 1335 ρυσεν;

478 1348 898 1419 κεριεσχίσατος
945 1351 1235 1421 μετάνοιαν
1287 1350 1598 1416 ἐπεδείξατο
1648 1348 1708 1402 ἐν
1752 1345 1932 1415 πολλῷ
1978 1346 2055 1416 τῷ

476 1429 656 1501 χρόνῳ
678 1446 696 1496 ;
718 1431 1012 1502 Οὐδαμῶς*
1034 1432 1149 1486 ἀλλ’
1177 1434 1236 1486 ἐν
1268 1431 1418 1502 αὐτῷ
1439 1431 1518 1502 τῷ
1550 1429 1769 1501 σταυρῷ
1802 1430 1938 1499 μετά
1956 1429 2054 1500 τὴν

479 1511 755 1583 ἀπόφασιν
783 1515 1058 1585 σωτηρίας
1078 1513 1289 1587 ἔτυχεν.
1310 1515 1451 1585 Ὀρα
1470 1514 1635 1585 τάχος
1650 1531 1663 1544 ’
1686 1513 1796 1568 ἀπὸ
1818 1511 2053 1584 σταυροῦ

480 1596 562 1660 εἰς
586 1595 833 1667 οὐρανὸν,
866 1597 976 1652 ἀπὸ
1006 1598 1301 1671 καταδίκης
1327 1599 1407 1661 εἰς
1430 1597 1722 1668 σωτηρίαν.
1745 1596 1879 1652 Τίνα
1905 1596 2054 1651 ἐστὶν

480 1677 592 1749 ἄρα
625 1679 807 1733 ἐκεῖνα
843 1680 913 1734 τά
934 1681 1183 1751 ρήματα;
1213 1681 1387 1752 πόσην
1415 1680 1528 1751 ἔχει
1555 1680 1653 1751 τὴν
1689 1677 1939 1748 δύναμιν,
1968 1679 2051 1733 ὅτι

478 1760 716 1816 τοσαῦτα
742 1763 915 1835 τούτῳ
938 1764 1193 1836 ἐκόμισεν
1219 1766 1433 1835 ἀγαθάς
1457 1763 1773 1832 Μνήσθητί
1791 1781 1932 1832 μου,
1948 1780 2052 1832 φη·

483 1844 589 1910 σὶν,
602 1843 673 1898 ἐν
688 1845 763 1914 τῇ
779 1846 1066 1915 βασιλείᾳ
1081 1862 1217 1904 σου.
1239 1849 1346 1903 Καὶ
1360 1847 1413 1902 τί
1426 1846 1615 1910 τούτος
1643 1848 1784 1918 ᾜτη
1793 1864 1850 1900 σε
1867 1847 2053 1900 λαϐεῖν

476 1926 680 1997 ἀγαθά,
710 1931 773 1983 οὐ
801 1931 1037 2001 σπουδὴν
1062 1930 1160 2003 τὴν
1195 1931 1264 1986 δι’
1286 1929 1462 2004 ἔργων
1492 1926 1837 1995 ἐπεδείξατο·
1883 1929 1998 1983 ἀλλ’
2023 1931 2054 1985 6

475 2010 577 2080 τὴν
605 2010 834 2083 καρδίαν
861 2012 1028 2067 αὐτοῦ
1054 2012 1229 2079 εἰδὼς,
1263 2015 1326 2069 οὐ
1356 2015 1469 2077 τοῖς
1492 2013 1699 2085 ῥήμασι
1727 2012 2050 2083 προσέσχεν,

475 2092 614 2148 ἀλλά
642 2097 711 2166 τῇ
737 2094 976 2151 διαθέσει
994 2096 1098 2165 τῆς
1132 2096 1389 2161 διανοίας.
1419 2096 1483 2149 Ol
1526 2096 1624 2165 μὲν
1652 2095 1760 2167 γὰρ
1784 2111 2053 2165 προφητι-

478 2176 594 2233 κῶν
615 2177 1021 2241 ἀπολαύσαντες
1036 2178 1403 2250 διδαγμάτων,
1422 2179 1474 2231 οἰ
1503 2178 1571 2233 τά
1598 2179 1802 2248 σημεῖα
1830 2178 2049 2245 ἰδόντες,

477 2260 531 2313 οἰ
556 2259 627 2315 τά
655 2258 909 2331 θαύματα
930 2260 1276 2331 θεασάμενοι,
1306 2260 1492 2331 ελεγον
1516 2261 1646 2331 περὶ
1674 2259 1770 2316 τοῦ
1791 2260 2051 2331 Χριστοῦ,

476 2341 635 2419 [680]
672 2344 756 2398 ὅτι
801 2346 1116 2414 Δαιμόνιον
1139 2347 1285 2415 ἕχει,
1312 2345 1426 2411 καὶ,
1457 2342 1667 2411 [Mm-6
1692 2343 1799 2399 τόν
1826 2345 2048 2413 ὄχλονο

475 2429 506 2481 6
527 2426 584 2481 δὲ
603 2425 805 2500 λῃστὴς
826 2425 901 2501 μὴ
922 2427 1218 2499 προφητῶν
1236 2427 1495 2491 ἀκούσας,
1524 2427 1599 2499 μή
1621 2425 1875 2497 θαύματα
1903 2425 2049 2494 ἰδὼν,

477 2510 603 2567 ίδὼν
633 2510 726 2564 ἐπὶ
750 2510 845 2565 τοῦ
863 2511 1097 2585 σταυροῦ
1134 2510 1577 2583 προσηλωμένον,
1600 2510 1661 2564 οὐ
1689 2509 1957 2582 προσέσχε
1982 2512 2050 2583 τῇ

474 2594 691 2667 ἀτιμίᾳ,
721 2594 823 2648 οὐκ
854 2589 962 2650 εἶδε
1006 2594 1105 2666 τὴν
1147 2593 1388 2659 ἀδοξίαν,
1435 2592 1551 2647 ἀλλ’
1580 2594 1661 2657 εἰς
1692 2592 1791 2666 τήν
1821 2594 2052 2664 θεότητα

475 2676 647 2747 αὐτὴν
680 2675 825 2738 ἰδὼν,
848 2675 1165 2743 Μνήσθητί
1185 2694 1327 2746 μου,
1357 2676 1540 2749 φησὶν,
1574 2675 1638 2728 ἐν
1671 2674 1741 2744 τῇ
1756 2676 2053 2745 βασιλείᾳ

476 2776 615 2814 σου.
665 2758 869 2813 Καινὸν
913 2758 1072 2812 τοῦτο
1113 2759 1208 2812 καὶ
1246 2759 1568 2829 παράδοξον.
1616 2759 1856 2832 Σταυρὸν
1895 2760 2050 2830 δρᾷς,

477 2840 574 2894 καὶ
603 2839 876 2910 βασιλείας
911 2840 1215 2912 μέμνησαι;
1244 2842 1310 2893 Τί
1362 2840 1637 2913 βασιλείας
1680 2841 1829 2908 ἀξιον
1870 2836 2049 2909 εῖδεςς

489 2922 934 2994 Ἑσταυρωμένον
950 2922 1255 2995 ἄνθρωπον,
1302 2924 1684 2994 ῥαπιζόμενον,
1724 2922 2053 2994 χλευαζόμε-

472 3021 591 3069 νον,
635 3005 1129 3077 κατηγορούμενον,
1159 3007 1554 3077 ἐμπτυόμενον,
1613 3006 2004 3076 μαπιζόμενον
2032 3020 2048 3036 ο

474 3086 652 3144 ταῦτα
693 3082 790 3141 οὖν
820 3087 1097 3157 βασιλείας
1123 3087 1273 3154 ἀξια,
1317 3088 1441 3142 εἰπέ
1468 3105 1559 3158 μοι
1583 3105 1598 3154 ;
1647 3089 1809 3160 ὐρᾴς
1835 3089 1918 3141 ὅτι
1938 3088 2052 3151 τοῖς

476 3172 579 3241 τῆς
603 3170 839 3236 πίστεως
866 3170 1091 3226 ἔϐλεπεν
1117 3170 1436 3242 ὀφθαλμοῖς,
1468 3173 1560 3226 καί
1576 3173 1636 3226 οὐ
1654 3172 1723 3226 τὰ
1750 3172 2052 3244 φαινόμενα

475 3253 744 3325 ἐξήταζες
775 3253 873 3308 Διά
906 3253 1064 3309 τοῦτο
1092 3253 1217 3308 οὐτε
1252 3256 1283 3308 6
1312 3254 1443 3318 Θεὸς
1469 3254 1539 3309 τά
1571 3256 1789 3327 ῥήματα
1823 3254 2051 3328 ἐξήταζε

477 3336 549 3395 τὰ
588 3336 743 3408 ψιλά,
792 3336 907 3393 ἀλλ’
936 3336 1126 3410 ὥσπερ
1158 3332 1309 3402 οὗτος
1358 3336 1499 3391 εἶδεν
1528 3339 1610 3401 είς
1651 3337 1750 3408 τὴν
1782 3337 2048 3410 θεότητα,

476 3418 653 3487 οὕτως
681 3421 711 3475 6
738 3420 869 3486 Θεὸς
892 3416 1031 3475 εἶδεν
1056 3422 1137 3484 είς
1165 3420 1263 3492 τὴν
1301 3420 1527 3493 καρδίαν
1558 3419 1652 3474 τοῦ
1687 3420 1884 3495 λῃστοῦ
1906 3460 1921 3485 ,
1957 3421 2052 3478 καί

478 3520 649 3579 φησισ
693 3503 965 3575 Σήμερον
985 3503 1114 3574 μετ’
1143 3503 1291 3574 ἐμοῦ
1323 3503 1438 3572 ἔσῃ
1476 3505 1546 3558 ἐν
1574 3502 1652 3569 τῷ
1687 3505 2049 3575 παραδείσῳ.

560 3594 824 3650 Ἐνταῦθα
868 3594 1194 3667 προσέχετε·
1243 3594 1463 3665 ζήτημα
1517 3594 1627 3666 γὰρ
1666 3595 1727 3648 οὐ
1777 3595 1837 3649 τὸ
1887 3597 2051 3669 τυχὸν

479 3681 795 3751 ἐπιφύεται.
820 3680 932 3733 Καὶ
958 3680 1068 3755 γάρ
1093 3682 1142 3733 οἱ
1172 3682 1485 3751 Μανιχαίοι,
1518 3683 1567 3737 οί
1590 3682 1768 3749 κύνες,
1806 3688 1853 3739 οἰ
1880 3687 2052 3742 ὲννεοὶ

481 3768 578 3821 καὶ
633 3767 956 3832 λυττῶντες,
986 3766 1046 3821 τὸ
1089 3767 1272 3840 σχῆμα
1307 3767 1407 3838 μὲν
1437 3769 1835 3826 ἐπιδείκνυνται
1874 3775 2048 3829 ἐπιει-

481 3856 656 3921 κείας,
709 3855 808 3926 τήν
863 3854 1106 3927 χαλεπὴν
1152 3854 1210 3908 δὲ
1260 3853 1407 3910 ἔνδον
1475 3856 1658 3927 ἔχουσι
1708 3858 1817 3913 τῶν
1872 3860 2051 3917 κυνῶν

481 3943 701 4015 μανίαν,
735 3944 831 3998 καὶ
874 3942 1322 4015 κατακρύπτουσι
1357 3946 1422 4017 τῇ
1457 3943 1587 4017 δορᾷ
1630 3945 1726 4000 τού
1774 3949 2051 4020 προϐάτου

478 4031 572 4085 τὸν
620 4029 801 4086 λύκον.
850 4031 1014 4086 Ἀλλά
1061 4029 1228 4103 μὴτὸ
1256 4033 1579 4103 φαινόμενον
1631 4033 1765 4106 ἴδῃς,
1819 4036 1957 4090 ἀλλὰ
1988 4037 2050 4091 τὸ

476 4118 629 4173 ἔνδον
674 4118 1054 4189 κεκρυμμένον
1105 4118 1294 4189 θηρίον
1346 4120 1616 4189 ἐξέτασον.
1656 4115 1817 4176 Οὗτοι
1868 4125 2051 4179 τοίνυν

479 4203 860 4275 ἐπιλαϐόμενοι
889 4203 983 4258 τοῦ
1007 4205 1206 4276 χωρίου
1225 4206 1420 4261 τούτου
1446 4208 1609 4277 φασίν
1627 4224 1641 4238 ·
1662 4206 1828 4263 Εἶπεν
1855 4211 1884 4263 6
1917 4211 2052 4284 Χρι-

478 4293 635 4357 στδςο
668 4291 865 4362 Ἀμὴν,
894 4290 1042 4361 ἀμὴν
1073 4289 1217 4359 λέγω
1243 4308 1343 4358 σοι,
1377 4295 1618 4366 σήμερον
1637 4297 1752 4365 μετ’
1791 4299 1926 4370 ἐμοῦ
1952 4301 2051 4375 ἔσῃ

472 4383 537 4436 ἐν
575 4378 656 4451 τῷ
680 4378 998 4449 παραδείσῳ
1025 4397 1037 4408 ·
1064 4377 1263 4431 οὐκοῦν
1291 4379 1560 4444 ἀντίδοσις
1589 4382 1689 4454 ἤδη
1728 4384 1917 4454 γέγονε
1940 4389 2051 4443 τῶν

478 4469 720 4536 ἀγαθῶν,
740 4467 837 4520 καὶ
863 4464 1093 4537 περιττὴ
1124 4468 1160 4537 ἡ
1185 4467 1501 4531 ἀνάστασις.
1537 4468 1599 4521 Εἰ
1628 4470 1736 4541 γὰρ
1766 4474 1827 4525 ἐν
1865 4474 2049 4545 ἐκείνῃ

470 4559 546 4627 τῇ
587 4555 773 4625 ἡμέρᾳ
798 4552 1075 4609 ἀπέλαϐεν
1094 4556 1123 4606 6
1154 4552 1355 4625 λῃστὴς
1394 4553 1467 4609 τὰ
1488 4555 1692 4625 ἀγαθὰ,
1722 4558 1782 4612 τὸ
1804 4559 1861 4615 δὲ
1891 4562 2052 4633 σῶμα

468 4643 646 4700 αὐτοῦ
674 4643 777 4696 οὐκ
816 4642 1014 4714 ἀνέστη
1060 4641 1271 4695 οὐδέπω
1316 4643 1411 4697 καὶ
1439 4647 1701 4717 τήμερον,
1751 4648 1852 4704 οὐκ
1897 4650 2051 4706 ἔσται

478 4731 751 4802 σωμάτων
776 4730 960 4787 λοιπὸν
984 4732 1298 4796 ἀνάστασις.
1316 4728 1463 4805 1Ἆρα
1483 4736 1740 4804 ἐνοήσατε
1759 4739 1822 4791 τὸ
1841 4737 2049 4810 λεχθὲν,

479 4821 517 4888 ἢ
538 4819 789 4890 δεύτερον
819 4821 950 4874 αὐτὸ
984 4821 1147 4876 πάλιν
1166 4824 1342 4876 εἰπεῖν
1362 4823 1576 4896 ἀνάγκη
1598 4844 1613 4891 ;
1655 4826 1862 4896 Ἀμὴν,
1888 4831 2053 4899 ἀμὴν

474 4905 640 4976 λέγω
663 4922 786 4971 σοι,
830 4908 1096 4975 σήμερον
1125 4910 1252 4978 μετ’
1295 4911 1441 4979 ἐμοῦ
1483 4912 1599 4981 ἔσῃ
1632 4914 1704 4969 ἐν
1744 4914 1825 4980 τῷ
1861 4933 2047 4985 παρα-

482 4992 685 5058 δσίσῳ.
730 4992 991 5063 Εἰσῆλθεν
1016 4989 1129 5059 οὖν,
1154 4997 1355 5067 φησιν,
1410 4998 1491 5061 εἰς
1528 4999 1621 5053 τὸν
1667 5001 1990 5072 παράδεισον
2021 5006 2051 5058 6

470 5079 688 5155 λῃστὴς
722 5079 785 5134 οὐ
815 5081 955 5149 μετά
994 5079 1088 5135 τοῦ
1122 5082 1404 5152 σώματος’
1442 5084 1558 5150 πῶς
1586 5085 1716 5157 γὰρ,
1745 5088 1909 5143 ὁπότε
1951 5091 2053 5144 οὐκ

482 5165 659 5237 ἐτάφη
690 5165 754 5223 τὸ
787 5165 945 5236 σῶμα
976 5165 1167 5234 αὐτοῦ,
1198 5168 1322 5225 οὐδὲ
1365 5168 1582 5243 διελύθη
1613 5172 1709 5227 καὶ
1748 5173 1903 5238 κόνις
1940 5176 2054 5243 ἐγέ-

481 5270 641 5320 νετος
671 5256 767 5310 καὶ
798 5255 1030 5327 οὐδαμοῦ
1055 5258 1290 5329 εἴρηται,
1330 5258 1412 5313 δτι
1442 5259 1738 5332 ἀνέστησεν
1765 5264 1795 5316 6
1821 5264 2054 5333 Χριστὸς

481 5338 669 5399 αὐτόν.
703 5341 767 5394 Εἰ
792 5340 848 5394 δέ
885 5343 1147 5412 εἰσήγαγε
1180 5343 1272 5398 τὸν
1324 5345 1529 5419 λῃστὴν
1549 5388 1565 5415 ,
1612 5348 1707 5404 καὶ
1743 5350 1913 5419 χωρὶς
1960 5349 2054 5404 τοῦ

487 5422 740 5494 σώματος
769 5425 1035 5481 ἀπέλαυσε
1060 5429 1170 5484 τῶν
1190 5431 1429 5501 ἀγαθῶν,
1451 5433 1674 5505 εὔδηλον
1701 5435 1783 5489 ὅτι
1807 5434 2056 5506 σώματος

482 5508 588 5565 οὐκ
616 5508 761 5564 ἔστιν
781 5511 1093 5577 ἀνάστασις.
1135 5517 1199 5570 Εί
1226 5519 1337 5589 γὰρ
1360 5513 1428 5590 ἦν
1462 5520 1713 5591 σώματος
1736 5519 2052 5589 ἀνάστασις,

484 5595 588 5647 οὐκ
619 5594 687 5649 ἂν
716 5593 835 5649 εἷπε
853 5614 867 5628 ·
902 5600 1168 5669 Σήμερον
1187 5607 1315 5673 μετ’
1339 5605 1486 5675 ἐμοῦ
1508 5607 1622 5675 ἔσῃ
1652 5606 1722 5661 ἐν
1759 5606 1839 5672 τῷ
1870 5625 2057 5678 παρα-

484 5678 690 5747 δείσῳ,
748 5682 885 5747 ἀλλ’,
916 5685 975 5741 ἐν
1026 5686 1105 5757 τῷ
1155 5690 1331 5761 καιρῷ
1383 5693 1481 5763 τῆς
1544 5693 1872 5760 συντελείας,
1926 5695 2054 5750 ὅταν

490 5764 759 5836 σωμάτων
812 5769 1106 5836 ἀνάστασις
1263 5776 1329 5830 Εἰ
1380 5776 1436 5831 δέ
1483 5777 1584 5850 ήδη
1639 5780 1901 5853 εἰσήγαγε
1959 5782 2050 5839 τὸν

1183 402 1239 456 S.
1278 400 1565 457 JOANNIS
1602 395 2095 457 CIIBYSOSTOMI
2135 395 2451 453 ARCIIIEP.
2488 399 3037 458 CONSTANTINOP.

3631 404 3737 460 6H

2157 508 2383 583 λῃστὴν,
2411 512 2472 567 τὸ
2491 512 2550 568 δέ
2574 513 2732 583 σῶμα
2753 513 2917 567 αὐτοῦ
2944 513 3156 584 φθσρέν
3177 512 3399 584 ἔμεινεν
3422 513 3554 578 ἔξω,
3581 514 3738 586 15b7-

2156 602 2246 657 λον
2272 605 2355 658 δτι
2392 606 2662 676 σωμάτων
2691 607 2986 669 ἀνάστασις
3011 605 3113 658 οὐκ
3140 605 3278 661 ἐστι.
3294 604 3490 659 Ταῦτα
3519 608 3736 660 ἐκείνοι·

2156 696 2375 766 δέχεσθε
2396 697 2454 751 δὲ
2479 697 2666 753 λοιπὸν
2698 698 2793 753 καὶ⁵
2820 697 2889 753 τά
2907 697 3039 770 παρ’
3058 697 3237 767 ἡμῶν.
3263 697 3471 767 μᾶλλον
3500 700 3561 752 δὲ
3584 700 3648 751 οὐ
3670 699 3741 754 τά

2157 790 2286 859 παρ’
2310 789 2488 859 ήμῶν,
2519 791 2656 845 ἀλλά
2680 794 2748 845 τά
2778 801 2929 862 παρα
2951 792 3049 862 τῆς
3074 791 3224 855 θείας
3253 791 3515 863 Γραφῆς’
3546 792 3609 845 οὐ
3633 793 3739 865 γὰρ

2155 879 2223 933 τά
2255 881 2498 951 ἡμέτερα
2522 881 2770 955 λέγομεν,
2805 881 2943 938 ἀλλά
2973 881 3044 935 τὰ
3062 883 3161 934 τοῦ
3191 882 3350 949 ἁγίου
3391 880 3736 952 Πνεύματος.

2155 976 2220 1030 Τί
2245 976 2423 1044 λέγεις
2446 993 2461 1039 ς
2485 976 2544 1029 οὐ
2578 980 2822 1033 κοινωνεί
2857 976 2967 1030 τῶν
2995 976 3276 1046 στεφάνων
3304 977 3339 1047 ἠ
3375 975 3553 1047 σάρξς
3601 975 3739 1028 Ἀλλ’

2172 1085 2209 1118 .ν
2257 1066 2354 1136 μὲν
2400 1068 2513 1129 τοῖς
2543 1066 2724 1129 πόνοις
2771 1065 3150 1136 ἐκοινώνησεν,
3191 1063 3250 1116 ἐν
3277 1064 3336 1118 δὲ
3365 1067 3483 1128 τοῖς
3527 1062 3739 1133 μισθοτς

2154 1154 2535 1225 ἀποστερεῖται
2560 1171 2574 1214 ;
2601 1156 2695 1208 καὶ
2716 1155 2804 1208 ὅτε
2824 1153 2923 1224 μὲν
2938 1151 3300 1221 ἀγωνίζεσθαι
3333 1153 3465 1216 εδει,
3484 1152 3551 1206 τὸ
3576 1152 3740 1205 πλέον

2154 1242 2370 1309 ἐδέξατο
2386 1243 2494 1295 τῶν
2516 1242 2753 1314 ἰδρὼτων
2774 1259 2787 1271 ·
2806 1244 2895 1297 ὅτε
2914 1243 2971 1296 δὲ
3002 1243 3279 1312 στεφάνων
3306 1241 3527 1307 καιρὸς,
3545 1241 3683 1313 μόνη
3704 1243 3740 1313 ή

2153 1337 2299 1409 ψυχὴ
2341 1337 2735 1407 στεφανοῦταις
2771 1339 2884 1391 Οὐκ
2929 1337 3150 1401 ἀκούεις
3180 1337 3277 1391 τοῦ
3311 1338 3531 1391 Παύλου
3554 1338 3739 1406 λέγον-

2154 1444 2265 1490 τος,
2290 1430 2373 1482 ὃτι
2397 1426 2782 1496 Παραστῆναι
2809 1426 2967 1495 ἡμᾶς
2998 1427 3095 1481 δεῖ
3112 1429 3461 1498 ἔμπροσθεν
3482 1429 3597 1482 τοῦ
3624 1426 3738 1492 βή-

2148 1535 2337 1590 ματος
2374 1518 2481 1571 τοῦ
2524 1516 2803 1588 Χριστοῦ.
2852 1518 2953 1572 ἵνα
3003 1518 3262 1585 ἕκαστος
3295 1519 3628 1588 κομίσηται
3666 1519 3743 1573 τὰ

2156 1607 2275 1661 ίδια
2302 1606 2407 1661 τοῦ
2428 1607 2721 1677 σώματος,
2746 1607 2895 1675 πρὸς
2925 1606 2965 1661 ἄ
2991 1607 3283 1675 ἔπραξεν,
3324 1610 3450 1665 alta
3483 1611 3740 1681 ἀγαθόν,

2152 1699 2269 1753 εἴτε
2313 1702 2532 1762 κακόη
2579 1699 2694 1754 Οὐκ
2746 1699 2965 1767 ἀκούεις
3009 1700 3175 1755 αὐτού
3225 1702 3485 1771 λέγοντος
3528 1706 3739 1759 πάλινο

2152 1791 2253 1846 Δεῖ
2270 1790 2335 1845 τὸ
2368 1791 2589 1857 θνητὸν
2617 1791 2793 1845 τοῦτο
2828 1790 3201 1847 ἐνδύσασθαι
3238 1794 3608 1862 ἀθανασίαν,
3639 1801 3741 1855 καί

2152 1884 2220 1941 τὸ
2247 1884 2512 1952 φθαρτὸν
2544 1882 2718 1938 τοῦτο
2751 1881 3124 1939 ἐνδύσασθαι
3153 1886 3504 1955 ἀφθαρσίαν
3530 1905 3550 1951 ;
3583 1888 3745 1961 [6811

2157 1976 2231 2030 T6
2261 1975 2503 2041 θνητὸν,
2534 1977 2720 2040 ποῖον;
2758 1974 2858 2046 τὴν
2884 1975 3084 2047 ψυχὴν,
3110 1978 3145 2047 ἢ
3178 1977 3242 2030 τὸ
3268 1978 3464 2049 σῶμας
3500 1980 3749 2050 Εὕδηλον

2151 2070 2235 2122 ὅτι
2267 2067 2329 2121 τὸ
2355 2067 2513 2138 σῶμα
2531 2082 2545 2095 ⁸
2576 2067 2610 2137 ή
2641 2065 2751 2135 γὰρ
2777 2066 2922 2137 ψυχὴ
2950 2067 3108 2136 φύσει
3133 2068 3423 2135 ἀθάνατος,
3459 2071 3662 2134 θνητὸν
3688 2075 3749 2129 δέ

2153 2158 2313 2231 φύσει
2339 2158 2400 2213 τὸ
2433 2159 2614 2230 σῶμα.
2651 2159 2813 2213 Ἀλλά
2843 2159 3012 2215 πολλὰ
3044 2162 3441 2232 περικόπτουσι
3480 2165 3700 2219 τούτων
3726 2184 3745 2198 ·

2152 2252 2293 2325 πλὴν
2363 2253 2457 2306 καὶ
2514 2252 2611 2306 ἀπ’
2669 2253 2852 2306 αὐτῶν
2908 2253 3021 2306 τῶν
3080 2255 3561 2327 ὑπολελειμμένων
3640 2259 3751 2330 τὴν

2153 2345 2475 2414 συγγένειαν
2516 2344 2625 2398 τῶν
2657 2344 3068 2415 περικοπέντων
3113 2345 3427 2417 ὲλέγξομεν.
3470 2349 3755 2419 Εἰσῆλθεν

2151 2438 2234 2501 εἰς
2258 2436 2352 2491 τὸν
2386 2434 2712 2507 παράδεισον
2752 2438 2783 2489 6
2823 2435 3047 2508 λῃστὴς,
3094 2437 3250 2507 φησί.
3303 2439 3415 2492 Καὶ
3452 2439 3508 2492 τί
3536 2439 3748 2505 τοῦτ-ος

2155 2528 2231 2600 μὴ
2272 2526 2383 2600 γὰρ
2420 2526 2595 2583 ταῦτά
2635 2529 2751 2581 ἐστι
2793 2525 2863 2581 τά
2904 2526 3109 2595 ἀγαθὰ,
3152 2528 3298 2598 άπερ
3341 2531 3371 2582 6
3418 2529 3553 2594 Θεὸς
3599 2531 3755 2603 ἡμῖν

2152 2617 2542 2686 ἐπαγγέλλεται
2561 2634 2576 2682 ;

2222 2716 2283 2764 ε’.
2305 2709 2420 2763 Οὐκ
2435 2709 2654 2773 ἀκούεις
2666 2708 2760 2762 τοῦ
2784 2708 2995 2764 Παύλου
3016 2710 3145 2782 περί
3175 2712 3244 2764 τὰ
3263 2712 3446 2780 ἀγαθά
3474 2716 3665 2768 ἐκεῖνα
3689 2715 3754 2769 τί

2152 2817 2315 2873 φησιν
2334 2816 2350 2867 ;
2373 2802 2432 2854 Ἀ
2453 2799 2760 2870 ὀφθαλμὸς
2781 2801 2893 2855 οὐκ
2912 2797 3053 2866 εἶδε,
3080 2801 3179 2855 καὶ
3206 2795 3317 2870 οὖς
3336 2806 3450 2859 οὐκ
3480 2803 3748 2874 ἤκουσε.

2151 2895 2250 2951 καί
2299 2893 2397 2949 ἐπί
2436 2894 2689 2963 καρδίαν
2722 2894 3038 2964 ἀνθρώπου
3089 2899 3202 2952 οὐκ
3251 2900 3439 2969 ἀνέϐη
3463 2919 3477 2933 ’
3531 2902 3626 2956 τὸν
3686 2904 3753 2959 δὲ

2152 2982 2481 3055 παράδεισον
2524 2983 2619 3037 καὶ
2660 2982 2940 3052 ὀφθαλμὸς
2984 2981 3090 3039 εἶδε
3127 2986 3223 3039 τοῦ
3265 2988 3472 3060 Ἀδὰμ,
3513 2993 3607 3047 καὶ
3643 2989 3756 3060 οὖς

2151 3074 2389 3144 ἤκουσε,
2427 3076 2524 3127 καὶ
2563 3062 2760 3145 καρδία
2808 3073 3097 3145 ἀνθρώπου
3149 3077 3369 3143 ἐδέξατο
3395 3097 3411 3111 ο
3441 3083 3571 3152 περὶ
3625 3086 3756 3156 γὰρ

2150 3161 2316 3219 αὐτοῦ
2342 3161 2608 3227 τοσαύτας
2654 3161 2867 3234 ἡμέρας
2904 3162 3268 3236 διαλεγόμεθα
3287 3185 3304 3199 ·
3338 3169 3459 3234 πῶς
3487 3164 3581 3225 οὖν
3602 3174 3759 3227 ἀπέ-

2151 3253 2282 3310 λαϐε
2320 3253 2390 3307 τά
2435 3251 2619 3321 ἀγαθά
2657 3252 2688 3305 ό
2724 3253 2968 3324 λῃστής;
3009 3255 3085 3308 Οὐ
3128 3255 3239 3329 γάρ
3289 3260 3370 3322 εἰς
3408 3262 3758 3331 παράδεισον

2153 3344 2549 3415 ἐπαγγέλλεται
2585 3344 2901 3412 εἰσαγαγεῖν
2931 3347 3081 3415 ἡμᾶς
3104 3349 3135 3402 ὁ
3162 3347 3444 3413 Θεὸς,ἀλλ’
3465 3354 3545 3416 εξς
3568 3356 3759 3412 αὐτοὶ,

2150 3435 2244 3490 τὸν
2287 3434 2515 3508 οὐρανόν
2535 3451 2550 3466 ο
2586 3434 2708 3488 οὐδὲ
2760 3434 3040 3505 βασιλείαν
3074 3439 3433 3510 παραδείσου.
3466 3444 3604 3498 ἀλλά
3636 3447 3754 3518 βα-

2153 3526 2357 3581 σιλείαν
2423 3526 2669 3598 οὐρανῶν
2738 3528 3028 3598 ἐκήρυξεν.
3083 3531 3337 3598 Ἤρξατο
3386 3534 3517 3608 γάρ,
3574 3540 3753 3609 φησὶ.

2151 3620 2464 3691 κηρύττειν
2511 3618 2611 3674 καί
2646 3618 2879 3690 λέγειν·
2919 3623 3275 3678 Μετανοεῖτε
3294 3641 3308 3655 ·
3356 3626 3567 3697 {irrth
3599 3632 3755 3701 γὰρ,

2150 3711 2248 3782 οὐχ
2274 3712 2309 3783 η
2346 3710 2591 3783 βασιλεία
2635 3710 2730 3765 τοῦ
2780 3713 3133 3785 παραδείσου,
3183 3715 3323 3781 ἀλλ’,
3360 3719 3398 3785 ἡ
3440 3721 3757 3784 βασιλεία

2150 3800 2271 3859 τῶν
2288 3799 2578 3870 οὐρανῶν.
2614 3801 2928 3867 ’Δπώλεσας
2945 3803 3041 3873 μὲν
3058 3805 3169 3879 γάρ
3196 3808 3543 3880 παράδεισον,
3565 3813 3755 3869 ἔδωκε

2150 3892 2207 3947 δέ
2233 3908 2317 3945 σοι
2345 3893 2374 3945 6
2404 3890 2538 3955 Θεὸς
2566 3891 2658 3945 τὸν
2690 3891 2937 3965 οὐρανὸν,
2954 3895 3041 3949 ἴνα
3062 3896 3159 3949 καὶ
3183 3898 3284 3967 τὴν
3309 3900 3518 3955 οίκείαν
3548 3903 3756 3970 φιλαν-

2152 3983 2400 4056 θρωπίαν
2422 3984 2776 4054 ἐπιδείξηται,
2810 3987 2905 4041 καὶ
2924 3987 3018 4041 τὸν
3053 3988 3302 4047 διάϐολον
3329 3992 3490 4066 δάκῃ,
3518 3995 3753 4064 δεικνὺς

2150 4076 2232 4131 ὅτι
2270 4076 2373 4129 κάν
2412 4076 2579 4149 μυρία
2605 4076 2684 4147 τῷ
2706 4076 2814 4130 τῶν
2839 4077 3142 4149 ἀνθρώταον
3171 4082 3538 4158 ἐπιϐουλεύσῃ
3565 4089 3752 4157 γένει,

2150 4166 2300 4219 οὐδὲν
2328 4165 2478 4218 ἐσται
2501 4164 2660 4218 πλέον
2691 4165 2864 4237 αὐτῷ,
2893 4167 2991 4221 τοῦ
3023 4169 3162 4229 Θεοῦ
3204 4174 3344 4242 πρὸς
3388 4176 3615 4245 μείζονα
3645 4182 3757 4237 ἀεὶ

2150 4254 2312 4326 τιμὴν
2338 4256 2486 4326 ἡμᾶς
2501 4255 2815 4324 ἀνάγοντος.
2842 4257 3158 4324 Ἀπώλεσας
3180 4263 3360 4317 τοίνυν
3382 4268 3755 4339 παράδεισον,

2150 4345 2243 4400 καὶ
2286 4344 2491 4415 ἀνέῳξέ
2520 4361 2602 4398 σοι
2644 4347 2673 4399 6
2706 4344 2842 4410 Θεὸς
2894 4347 2989 4401 τὸν
3036 4349 3299 4420 οὐρανόν·
3335 4356 3755 4433 κατεδικάσθης

2151 4439 2298 4507 πόνῳ
2314 4437 2651 4508 προσκαίρῳ.
2666 4437 2759 4490 καὶ
2776 4437 3044 4510 ἐτιμήθης
3062 4440 3175 4514 ζωῇ
3193 4443 3421 4517 αίωνίῳ.
3451 4447 3754 4507 Ἐκέλευσε

2148 4531 2215 4600 τῇ
2249 4530 2319 4597 γῇ
2343 4527 2583 4591 ἀκάνθας
2611 4527 2705 4581 καὶ
2750 4528 3037 4599 τριϐόλους
3067 4535 3406 4604 ἀνενεγκεῖν,
3444 4540 3539 4594 καὶ
3572 4542 3754 4597 ἐϐλά-

2153 4620 2316 4690 στησέ
2363 4635 2445 4673 σοι
2487 4620 2700 4692 καρπὸν
2744 4622 3065 4693 Πνεύματος
3113 4629 3147 4700 ή
3189 4628 3358 4699 ψυχή.
3408 4632 3576 4702 Ὁρᾷς
3622 4636 3753 4702 πῶς

2154 4709 2400 4780 μείζωνή
2432 4709 2665 4779 εὐπορία
2678 4710 2778 4781 τῆς
2797 4710 3033 4784 ζημίας
3058 4715 3175 4780 πῶς
3198 4718 3402 4772 πλείων
3418 4723 3447 4774 ὁ
3471 4722 3750 4792 πλοῦτος;

2150 4794 2274 4851 Οἶόν
2301 4816 2353 4851 τι
2382 4798 2556 4867 λέγω·
2588 4799 2823 4857 ἔπλασεν
2852 4803 2881 4859 ὀ
2909 4803 3043 4867 Θεὸς
3065 4805 3157 4860 τδν
3183 4808 3473 4882 ἄνθρωπον
3499 4814 3613 4870 ἀπὸ
3638 4817 3752 4886 τῆς

2152 4888 2245 4943 καὶ
2268 4887 2478 4951 ὓδατοςι
2511 4889 2606 4945 καὶ
2637 4890 2790 4945 ἔθετο
2813 4892 2976 4953 αὐτὸν
3022 4897 3084 4953 ἐν
3116 4898 3197 4968 τῷ
3228 4902 3570 4975 παραδείσῳ.
3626 4909 3751 4964 Οὐκ

2151 4978 2366 5047 ἐγένετο
2387 4982 2653 5052 χρήσιμος
2679 4982 2709 5034 6
2738 4982 3017 5052 πλασθεὶς,
3041 4987 3179 5044 ἀλλά
3198 4990 3521 5066 διεστράφη.
3540 4998 3751 5055 Οὐκέτι

2152 5070 2335 5125 λοιπὸν
2362 5072 2471 5125 ἀπὸ
2493 5073 2595 5144 γῆς
2625 5075 2721 5127 καὶ
2753 5074 2942 5141 ὓδατος
2963 5079 3127 5133 αὐτὸν
3150 5081 3508 5151 ἀναπλάττει,
3540 5089 3664 5143 ἀλλ’
3684 5092 3753 5157 ἐξ

2153 5161 2346 5251 ὕδατος
2377 5162 2472 5215 καί
2488 5162 2802 5234 Πνεύματος
2822 5181 2835 5195 ·
2856 5167 2951 5221 καὶ
2979 5169 3080 5223 οὐκ
3104 5171 3187 5224 ἔτι
3216 5175 3546 5245 παράδεισον
3568 5182 3752 5251 ἐπαγ-

2154 5250 2401 5318 γέλλεται
2432 5253 2567 5324 πρὸς
2595 5254 2756 5308 αὐτὸν
2776 5296 2791 5323 ,
2844 5258 2982 5314 άλλά
3009 5260 3289 5331 βασιλείαν
3321 5268 3595 5340 οὐρανῶν.
3635 5250 3752 5329 καὶ

2152 5340 2317 5429 δπως,
2357 5340 2543 5397 ἄκουε.
2567 5344 2876 5419 Νικοδήμου
2904 5350 3013 5424 γὰρ
3043 5355 3137 5409 τοῦ
3166 5357 3432 5429 ἄρχοντος
3454 5362 3565 5416 τῶν
3612 5366 3753 5421 Ἰου-

2153 5426 2316 5527 δαίων
2386 5436 2790 5527 καταπεσόντος
2817 5476 2835 5502 ,
2893 5441 2990 5494 καὶ
3041 5443 3141 5515 τὴν
3196 5426 3432 5503 ἐνταῦθα
3482 5453 3753 5527 γέννησιν

2155 5520 2539 5593 ἐπιζητοῦντος
2572 5528 2666 5583 καὶ
2705 5529 2990 5599 λέγοντος,
3032 5536 3299 5593 ἀδύνατον
3336 5537 3480 5601 εἶναι
3505 5520 3749 5616 γέροντα

2157 5615 2482 5709 γεννηθῆναι
2514 5619 2755 5709 ἀνωθεν,
2801 5624 2904 5690 ὅρα
2930 5625 3048 5690 πῶς
3076 5631 3107 5681 6
3136 5631 3370 5701 Χριστὸς
3404 5615 3751 5709 σαφέστερον

2156 5702 2302 5793 αὐτῷ
2330 5705 2703 5765 ἀποκαλύπτει
2733 5712 2834 5784 τῆς
2866 5718 3172 5788 γεννήσεως
3203 5721 3295 5774 τὸν
3332 5702 3559 5793 τρόπον.

2155 5791 2240 5864 μή
2280 5809 2369 5862 τις
2400 5798 2660 5871 γεννηθῇ
2710 5801 2780 5870 ἐξ
2824 5804 3042 5874 ὕδατος
3091 5810 3191 5865 καὶ
3241 5791 3618 5887 Πνεύματος,
3669 5820 3748 5876 οὐ
