3964 6428
246 402 351 455 015

247 528 494 577 versum,
527 523 579 567 et
619 523 742 566 ante
785 511 1056 581 apostolos
1086 528 1098 562 :
1132 524 1201 563 ne
1245 508 1363 577 quis
1399 515 1738 577 posterorum
1782 519 1842 562 se

245 606 455 675 ingredi
485 620 641 673 posse
671 604 954 674 desperet,
988 618 1158 672 neque
1184 616 1334 671 Spem
1372 616 1587 656 omnem
1616 616 1728 655 sua:
1756 614 1845 655 sa-

244 698 375 752 lutis
405 697 623 765 abjieiat
645 737 660 759 ,
690 711 811 749 cum
844 694 1138 749 innumeris
1173 700 1466 748 scatentem
1508 691 1661 746 malis
1705 706 1764 746 se
1793 691 1845 747 in

247 791 396 860 regio
427 789 632 846 versari
658 789 861 858 palatio
888 788 1079 844 videat.
1113 785 1220 843 Sed
1247 786 1652 842 consideremus
1672 828 1687 852 ,
1717 800 1845 839 num

248 885 464 939 labores
499 893 555 938 ct
580 894 726 938 recte
751 884 886 937 facta
926 893 981 938 et
1011 882 1213 937 fructus
1244 882 1542 936 exhibuerit
1584 882 1735 935 latro.
1768 880 1847 936 Ne

247 978 354 1031 hoc
375 976 592 1046 quidem
618 975 722 1030 dici
758 986 951 1045 potest,
984 976 1077 1030 sed
1111 975 1252 1029 nudo
1280 974 1444 1029 verbo
1475 974 1701 1044 prolato,
1732 974 1845 1028 sola

246 1070 367 1137 tide-
385 1068 621 1123 exhibita
655 1070 706 1122 in
740 1068 1043 1139 paradisum
1086 1077 1213 1123 ante
1240 1068 1511 1138 apostolos
1540 1068 1725 1123 insiliit
1748 1110 1761 1134 ,
1792 1077 1849 1121 ut

248 1159 520 1229 intelligas
546 1175 650 1213 non
670 1160 785 1228 ejus
808 1160 1127 1229 probitatem
1156 1168 1358 1214 tantum
1380 1160 1633 1223 valuisse,
1663 1174 1847 1213 verum

248 1253 462 1308 Domini
487 1254 867 1320 benignitatem
899 1263 1067 1308 totum
1099 1254 1367 1323 negotium
1393 1255 1679 1323 peregisse.
1709 1251 1847 1318 Quid

244 1346 393 1399 enim
437 1345 573 1399 latro
610 1344 781 1399 dixit?
810 1344 936 1412 quid
985 1344 1155 1399 fecit?
1200 1360 1326 1399 num
1373 1344 1675 1415 jejunarit?
1722 1358 1845 1396 num

248 1435 434 1489 ﬂevit?
468 1452 593 1490 num
620 1451 681 1490 se
711 1435 938 1490 afﬂixit?
962 1452 1085 1490 num
1119 1437 1278 1506 IOngo
1312 1446 1553 1506 tempore
1580 1436 1847 1505 pteniten-

248 1526 379 1580 tiam
410 1525 692 1581 exhibuit?
736 1524 1077 1596 Nequaquam
1112 1545 1124 1579 :
1158 1526 1250 1581 sed
1294 1526 1344 1580 in
1378 1527 1489 1595 ipsa
1530 1542 1690 1581 cruce
1731 1535 1849 1597 post

244 1618 572 1671 sententiam
637 1617 863 1672 salutem
927 1618 1175 1672 obtinuit.
1219 1618 1350 1673 Vide
1377 1618 1707 1673 celeritatem
1757 1637 1768 1672 :
1816 1633 1845 1672 a

245 1723 411 1762 cruce
443 1708 492 1760 in
523 1707 734 1773 caelum,
768 1723 796 1761 a
826 1708 1091 1777 supplicio
1132 1709 1186 1763 in
1236 1708 1487 1762 salutem.
1518 1708 1646 1775 Qurc
1690 1723 1847 1777 porro

246 1806 379 1851 sunt
406 1797 491 1852 illa
519 1798 716 1853 verba?
743 1814 901 1867 quam
929 1798 1142 1853 tandem
1164 1800 1268 1853 vim
1295 1800 1509 1861 habent,
1535 1809 1591 1853 ut
1618 1802 1717 1855 hoc
1741 1814 1847 1855 uno

248 1901 398 1943 tanta
429 1898 848 1959 consequeretur
890 1890 1066 1943 bona?
1100 1888 1355 1943 Memento
1396 1892 1524 1956 mei,
1560 1890 1762 1959 inquit,
1793 1892 1847 1944 in

245 1999 407 2053 regno
433 1992 518 2036 tuo
549 1981 698 2051 (Luc.
726 1982 818 2036 25.
849 1982 963 2051 62).
994 1982 1130 2050 Quid
1161 1983 1262 2036 hoc
1284 1983 1359 2035 rei
1388 1981 1681 2036 cst?Petiit
1707 1983 1843 2038 bona

245 2072 389 2140 dari,
441 2090 545 2127 non
592 2073 844 2142 operibus
887 2072 1015 2143 ipsis
1055 2073 1286 2127 studium
1340 2073 1505 2127 ulium
1552 2072 1843 2128 adhibuit:

246 2180 436 2218 verum
475 2165 519 2221 is
564 2166 650 2219 Cui
682 2180 774 2218 cor
803 2165 919 2235 ejus
968 2175 1150 2219 notum
1179 2174 1328 2229 erat,
1364 2182 1469 2219 non
1514 2165 1742 2220 attendit
1780 2166 1846 2220 ad

248 2257 413 2312 verba
436 2299 450 2322 ,
483 2256 577 2311 sed
605 2256 672 2310 ad
700 2257 895 2311 mentis
925 2257 1197 2311 allectum.
1229 2256 1360 2311 Nam
1403 2258 1477 2311 illi
1510 2257 1724 2326 quidem
1756 2259 1848 2328 qui

249 2349 635 2419 prophetarum
671 2349 878 2403 fuerant
904 2348 1242 2404 documentis
1274 2349 1553 2415 instructi,
1579 2351 1665 2418 qui
1698 2350 1849 2419 signa

246 2441 515 2505 viderant,
539 2441 629 2511 qui
654 2442 901 2495 miracula
946 2440 1157 2496 fuerant
1203 2442 1568 2509 contemplati,
1606 2441 1672 2495 de
1703 2439 1852 2497 Citri-

244 2543 335 2585 sto
378 2531 662 2586 dicebant:
690 2531 1009 2585 Dremonium
1052 2531 1220 2597 habet,
1267 2541 1358 2595 et,
1399 2530 1608 2585 Seducit
1650 2532 1849 2585 turbam

246 2622 466 2692 (Matth.
500 2623 585 2677 ll.
617 2621 705 2693 18)
738 2641 750 2676 :
780 2622 916 2676 latro
959 2638 1108 2689 vero,
1138 2622 1227 2692 qui
1260 2620 1545 2691 prophetas
1593 2637 1700 2678 non
1749 2638 1846 2676 au-

246 2714 445 2779 dierat,
465 2714 553 2784 qui
587 2714 825 2783 prodigia
848 2730 955 2768 non
981 2714 1206 2779 viderat,
1232 2714 1321 2785 qui
1344 2716 1396 2769 in
1418 2730 1575 2769 cruce
1600 2713 1850 2770 suftixum

251 2806 483 2868 viderat,
515 2820 619 2858 non
649 2805 874 2859 attendit
900 2805 963 2859 ad
989 2805 1359 2875 ignominiam,
1390 2821 1495 2860 non
1524 2806 1761 2876 respexit
1783 2805 1853 2861 ad

248 2897 548 2963 infamiam,
581 2896 676 2951 sed
717 2897 1049 2951 divinitatem
1099 2898 1267 2967 ipsam
1309 2897 1690 2964 considerans,
1738 2897 1852 2952 Μαι

247 2999 439 3052 mento,
472 2988 658 3057 inquit,
702 2988 798 3041 mei
828 2988 879 3041 in
905 3004 1060 3058 regno
1100 2996 1204 3042 tuo.
1248 2987 1359 3042 lloc
1394 3002 1524 3042 sane
1570 3003 1765 3042 novum
1797 2995 1852 3044 et

249 3082 585 3137 inusitatum.
618 3082 845 3136 Crucem
875 3082 1042 3147 vides,
1073 3090 1129 3136 et
1168 3081 1317 3151 regni
1356 3080 1681 3135 meministi?
1712 3080 1851 3148 Quid

246 3176 469 3246 dignum
514 3190 679 3244 regno
714 3174 940 3229 vidisti?
975 3175 1257 3229 Hominem
1296 3172 1614 3228 cruciﬁxum
1636 3214 1651 3240 ,
1682 3174 1851 3244 alapis

247 3284 475 3334 cursum,
501 3268 737 3337 illusum,
770 3275 1081 3323 accusatum
1102 3310 1118 3335 ,
1151 3269 1320 3340 sputis
1348 3283 1717 3337 conspersum,
1748 3267 1847 3323 lla-

246 3360 505 3432 gellatum
532 3376 544 3411 :
573 3359 810 3415 lucccinc
840 3370 985 3426 sunt,
1014 3376 1196 3429 quatso
1217 3401 1232 3426 ,
1266 3360 1424 3429 digna
1457 3358 1660 3427 regno?
1692 3358 1850 3414 Vides

246 3470 373 3509 eum
400 3454 568 3507 oculis
607 3454 725 3509 ﬁdei
756 3454 1066 3523 respexisse
1087 3495 1102 3520 ,
1145 3468 1252 3509 non
1279 3467 1341 3507 ea
1368 3466 1487 3523 qua:
1516 3451 1848 3521 apparebant

246 3546 611 3614 expendisse?
639 3546 930 3615 Propterea
962 3560 1134 3615 neque
1184 3545 1326 3599 Deus
1368 3546 1509 3599 nuda
1546 3546 1708 3600 verba
1752 3560 1847 3601 ex-

248 3636 554 3707 pendebat,
583 3636 678 3690 sed
711 3646 767 3689 tit
798 3636 886 3690 ille
914 3637 967 3690 in
1000 3635 1331 3690 divinitatem
1350 3678 1365 3702 ,
1395 3635 1474 3690 sic
1504 3636 1645 3690 Deus
1674 3636 1723 3689 in
1754 3650 1849 3691 cor

250 3731 475 3785 latronis
502 3728 840 3799 respiciebat,
868 3736 924 3783 et
962 3727 1037 3782 ait
1064 3743 1080 3785 :
1115 3725 1281 3780 Hodie
1306 3741 1499 3781 mecum
1529 3727 1626 3780 cris
1656 3727 1708 3780 in
1747 3743 1845 3797 pa-

248 3821 425 3878 radiso
455 3820 602 3892 (Luc.
629 3820 718 3874 25.
744 3819 858 3889 45).
1338 3818 1341 3821 ’

334 3913 675 3982 Objectionem
705 3912 888 3983 refellit
916 3910 1342 3964 Manichteorum.
1372 3940 1443 3949 —
1471 3909 1584 3965 Iloc
1616 3909 1732 3963 loco
1761 3918 1845 3963 at-

250 4004 486 4059 tendite:
518 4003 779 4073 siquidem
801 4001 1028 4073 quarstio
1054 4016 1159 4057 non
1178 4000 1410 4071 vulgaris
1430 4002 1687 4056 exoritur.
1712 4001 1844 4055 Nam

248 4096 556 4163 ﬂanichwi,
587 4111 750 4151 canes
776 4094 909 4150 muti
929 4103 985 4150 et
1006 4094 1198 4160 rabidi,
1232 4096 1467 4164 speciem
1494 4094 1708 4164 quidem
1738 4110 1846 4162 prae

247 4207 313 4248 se
344 4190 521 4245 ferunt
546 4188 846 4254 modestite,
882 4189 1025 4243 intus
1050 4202 1181 4243 vero
1210 4203 1424 4258 gravem
1470 4202 1661 4241 canum
1701 4188 1846 4241 insa-

255 4284 404 4337 niam
435 4280 636 4344 l‘ovent,
668 4288 723 4334 et
752 4280 867 4333 ovis
899 4279 1034 4349 pelle
1067 4278 1248 4349 lupum
1277 4278 1563 4333 occultant.
1597 4279 1664 4331 At
1695 4286 1751 4332 tu
1778 4292 1847 4333 ne

246 4376 394 4448 quod
426 4381 650 4445 apparet
671 4374 921 4443 aspicias,
952 4387 1135 4426 verum
1169 4372 1313 4426 intus
1342 4372 1593 4425 latentem
1616 4371 1845 4426 belluam

248 4468 575 4538 pervesnga.
612 4464 701 4519 Isti
742 4480 870 4534 ergo
900 4464 1073 4519 locum
1118 4463 1259 4518 hunc
1284 4462 1602 4532 arripientes
1646 4463 1793 4516 aiunt
1826 4479 1841 4518 :

250 4558 398 4613 Dixit
418 4556 683 4619 Christus,
709 4555 888 4619 Amen,
919 4571 1066 4608 amen
1086 4553 1198 4607 dico
1222 4553 1329 4619 tibi,
1356 4552 1506 4607 hodie
1533 4569 1724 4606 mecum
1746 4554 1844 4607 eris

244 4651 307 4703 in
334 4649 575 4717 paradiso
605 4664 623 4702 :
652 4648 809 4718 igitur
834 4647 945 4717 jam
988 4646 1121 4701 facta
1151 4654 1233 4701 est
1260 4646 1522 4700 bonorum
1564 4645 1845 4701 retributio

245 4752 304 4795 et
335 4739 602 4808 superllua
648 4738 751 4793 erit
778 4738 1123 4793 resurrectio.
1172 4737 1227 4789 Si
1264 4738 1407 4791 enim
1450 4737 1539 4791 illo
1568 4737 1656 4791 die
1708 4737 1844 4792 latro

246 4834 388 4891 bona
418 4832 642 4903 recepit,
697 4846 892 4902 corpus
937 4843 1116 4886 autem
1148 4831 1264 4900 ejus
1311 4829 1547 4885 nondum
1592 4830 1659 4884 ad
1703 4829 1844 4886 hunc

250 4939 425 4994 usque
455 4923 598 4979 dicm
625 4923 944 4989 resurrexit,
979 4940 1083 4977 non
1114 4924 1220 4976 erit
1264 4922 1517 4990 deinceps
1556 4936 1841 4992 corporum

250 5018 599 5071 resurrectio.
632 5016 898 5085 Numquid
932 5015 1274 5070 intellexistis
1303 5016 1442 5085 quod
1478 5015 1709 5069 diximus
1729 5056 1747 5082 ,
1773 5032 1841 5070 an

245 5123 378 5162 vero
410 5108 599 5162 iterum
631 5108 756 5162 illud
784 5108 889 5162 dici
929 5122 1145 5161 necesse
1169 5118 1248 5161 est
1270 5107 1295 5161 ’ἒ
1321 5106 1513 5171 Amen,
1544 5124 1695 5161 amen
1727 5108 1839 5163 dico

247 5202 358 5264 tibi,
389 5200 539 5256 hodie
563 5217 759 5254 mecum
785 5201 882 5255 eris
904 5201 953 5253 in
977 5201 1233 5271 paradiso.
1260 5199 1536 5270 ingressus
1552 5211 1633 5255 cst
1662 5200 1840 5271 igitur,

252 5291 448 5359 inquit,
501 5293 551 5344 in
591 5292 893 5360 paradisum
932 5292 1064 5345 latro
1108 5308 1215 5346 non
1256 5306 1375 5345 cum
1422 5306 1645 5360 Corpore
1691 5308 1842 5362 :quo

254 5384 398 5437 enim
444 5394 619 5452 pacto,
652 5400 773 5438 cum
819 5384 1084 5453 sepultum
1131 5399 1240 5439 non
1279 5392 1423 5443 esset
1468 5399 1661 5453 corpus
1686 5386 1831 5453 ejus,

250 5489 431 5542 neque
475 5474 834 5541 dissolutum,
862 5484 915 5528 ct
967 5475 1018 5530 in
1059 5475 1270 5530 cineres
1314 5474 1622 5529 redactum?
1670 5492 1843 5545 neque

251 5564 453 5619 dictum
505 5580 724 5634 usquam
784 5564 882 5620 fuit
931 5568 1304 5621 resuscitatum
1358 5564 1503 5619 illurn
1558 5581 1588 5620 a
1627 5564 1843 5622 Christo

255 5655 439 5710 fuisse.
465 5656 617 5723 Quod
635 5656 679 5711 si
702 5656 963 5711 latronem
984 5658 1295 5722 introduxit,
1320 5667 1370 5711 ct
1397 5658 1596 5726 absque
1615 5673 1859 5728 corpore

251 5744 409 5799 bonis
436 5749 633 5815 potitus
659 5756 760 5813 est,
803 5748 1140 5804 manifestum
1182 5757 1264 5803 cst
1304 5749 1545 5817 corporis
1588 5765 1829 5805 resurre-

258 5837 488 5895 ctionetn
521 5852 795 5895 noncsse.
822 5838 965 5895 Nam.
986 5841 1029 5895 si
1060 5841 1300 5911 corporis
1326 5850 1466 5895 esset
1494 5842 1836 5908 resurrectio,

1517 392 1581 446 ΙΝ
1621 390 1915 448 CENISSIM
1956 390 2187 445 SERMO
2229 387 2335 443 νη.

3440 396 3541 452 6H

1956 520 2061 560 non
2088 504 2345 561 dixisset:
2378 502 2545 558 Hodie
2583 521 2773 559 mecum
2802 507 2899 559 eris
2930 506 2979 558 in
3010 506 3248 575 paradiso
3269 548 3282 572 ,
3330 509 3445 571 sed,
3481 510 3537 565 In

1956 606 2197 664 tempore
2240 596 2750 661 consummationis,
2800 597 3015 667 quando
3055 601 3375 653 resurrectio
3426 618 3547 655 eor-

1956 703 2144 757 portnn
2173 690 2295 743 erit.
2326 689 2478 753 Quod
2508 690 2549 743 si
2579 690 2687 757 jam
2713 690 2972 745 latronem
3007 691 3319 758 introduxit,
3346 708 3543 763 eorpus

1954 791 2131 834 autem
2179 781 2294 849 ejus
2338 780 2465 834 foris
2507 790 2821 850 corruptum
2866 782 3152 846 remansit,
3183 784 3340 852 plane
3383 785 3548 854 liquet

1954 886 2240 941 corporum
2270 872 2719 947 resurrectionem
2764 888 2868 927 non
2909 888 3049 927 esse.
3080 876 3253 944 Atque
3285 875 3397 930 litec
3426 880 3546 947 qui-

1955 962 2075 1016 dem
2110 962 2180 1016 illi
2212 979 2225 1016 :
2254 962 2363 1031 jam
2395 978 2524 1017 vero
2555 944 2687 1033 quin
2717 978 2745 1017 a
2785 965 2938 1017 nobis
2970 965 3380 1035 proficiscuntur
3406 971 3546 1024 acci-

1958 1056 2098 1123 pite;
2134 1055 2240 1109 imo
2288 1070 2417 1110 vero
2456 1070 2561 1108 non
2604 1071 2723 1125 qua:
2770 1071 2799 1108 a
2842 1056 3030 1122 nobis,
3072 1057 3165 1111 sed
3194 1074 3310 1128 quin
3337 1075 3365 1113 a
3396 1075 3546 1114 sacra

1954 1147 2224 1217 Scriptura
2255 1157 2416 1202 sunt:
2445 1162 2616 1217 neque
2638 1149 2778 1203 enim
2802 1163 2919 1217 qua:
2942 1159 3120 1203 nostra
3142 1161 3269 1204 sunt
3297 1152 3544 1216 dicimus,

1954 1240 2048 1294 sed
2079 1257 2197 1309 qua:
2224 1241 2455 1311 Spiritus
2486 1242 2678 1295 sancti.
2712 1242 2846 1308 Quid
2879 1242 2997 1295 ais?
3026 1260 3129 1297 non
3161 1246 3302 1298 venit
3324 1246 3374 1298 in
3401 1261 3547 1301 com-

1956 1332 2265 1386 munionem
2312 1348 2633 1386 coronarum
2677 1333 2842 1386 caro?
2874 1332 2979 1387 Sed
3024 1335 3073 1387 in
3115 1338 3546 1402 communionem

1956 1423 2171 1492 quidem
2217 1424 2456 1479 laborum
2500 1425 2668 1491 venit,
2720 1426 2951 1493 praemiis
3001 1440 3130 1479 vero
3177 1429 3448 1495 privatur!
3497 1440 3553 1484 et

1953 1515 2170 1584 quando
2199 1518 2513 1571 certandum
2544 1516 2758 1586 quidem
2793 1516 2909 1580 fuit,
2934 1518 3192 1585 majorem
3228 1531 3431 1588 partem
3461 1537 3550 1575 su-

1953 1605 2146 1661 dorum
2172 1608 2454 1671 sustinuit;
2480 1606 2692 1676 quando
2720 1623 2844 1660 vero
2874 1622 3192 1661 coronarum
3227 1619 3435 1679 tempus
3461 1613 3555 1665 ad~

1957 1698 2075 1766 fuit,
2106 1700 2282 1755 anima
2328 1701 2441 1754 sola
2490 1702 2820 1757 Coronatur?
2849 1701 2963 1757 Non
3010 1703 3162 1757 audis
3206 1704 3423 1760 l‘aulum
3474 1709 3553 1761 di-

1954 1796 2209 1847 centem?
2250 1794 2404 1848 Stare
2442 1811 2535 1849 nos
2575 1804 2771 1861 oportet
2820 1806 2937 1849 ante
2977 1796 3201 1852 tribunal
3243 1799 3450 1866 Christi,
3497 1813 3553 1854 ut

1954 1884 2140 1952 referat
2174 1886 2516 1956 unusquisque
2542 1887 2751 1957 propria
2776 1888 3006 1958 corporis
3025 1928 3040 1954 ,
3075 1898 3223 1957 prout
3247 1891 3419 1960 gessit,
3452 1892 3555 1945 sive

1956 1979 2162 2045 bonum,
2195 1982 2296 2034 sive
2316 1982 2504 2034 malum
2534 1981 2709 2052 (llam.
2736 1984 2823 2037 l4.
2856 1983 2940 2037 10.
2968 1984 3038 2049 2ς
3069 1984 3183 2037 Cor.
3220 1988 3270 2040 5.
3305 1987 3412 2055 l0).
3438 1987 3552 2042 Non

1955 2072 2109 2126 audis
2150 2074 2323 2139 ipsum
2372 2089 2557 2128 rursus
2602 2074 2909 2129 dicentem:
2945 2076 3159 2146 Oportet
3199 2080 3415 2133 mortale
3458 2081 3554 2134 hoc

1956 2163 2170 2218 induere
2208 2164 2671 2231 immortalitatem,
2726 2175 2774 2218 et
2824 2167 3154 2236 corruptibile
3199 2170 3295 2222 hoc
3342 2170 3555 2226 induere

1957 2257 2395 2327 incorruptionem
2417 2258 2493 2329 (l.
2527 2257 2646 2312 Cor.
2682 2259 2767 2312 15.
2802 2258 2936 2327 53)?
2965 2258 3228 2314 Mortale?
3254 2260 3555 2329 quodnam?

1956 2351 2189 2409 animam
2218 2366 2284 2404 an
2317 2352 2551 2419 corpus?
2584 2350 2733 2404 llaud
2770 2350 3021 2414 dubium,
3053 2352 3178 2420 quin
3209 2367 3405 2422 corpus
3436 2372 3447 2406 :
3475 2355 3553 2410 si-

1956 2440 2174 2508 quidem
2198 2440 2373 2493 anitna
2405 2449 2588 2494 natura
2616 2454 2710 2494 sua
2738 2449 2822 2495 est
2846 2441 3197 2507 immortalis;
3218 2456 3419 2512 corpus
3449 2461 3548 2500 au-

1958 2540 2066 2585 tem
2090 2541 2276 2585 natura
2303 2532 2526 2585 mortale
2550 2542 2651 2585 θ›ι.
2685 2533 2753 2585 At
2774 2531 2915 2585 enim
2938 2532 3105 2585 multa
3129 2547 3192 2585 ex
3225 2534 3340 2587 lsllS
3364 2534 3437 2588 illi
3464 2552 3554 2589 re-

1958 2631 2143 2677 secaut
2164 2640 2174 2675 :
2195 2632 2430 2677 attamen
2448 2638 2512 2676 ex
2534 2622 2638 2676 illis
2657 2621 2786 2691 ipsis
2800 2638 2919 2691 qua:
2942 2633 3161 2689 restant,
3178 2627 3552 2694 cognationem

1956 2730 2145 2771 eorum
2161 2732 2279 2785 quce
2297 2724 2503 2770 resecta
2532 2723 2656 2768 sunt
2676 2713 3161 2783 deprehendemus.
3184 2716 3459 2785 Ingressus
3471 2729 3555 2773 est

1958 2809 2096 2865 latro
2141 2810 2193 2864 in
2226 2808 2560 2879 paradisum,
2594 2808 2785 2879 inquit.
2825 2808 2963 2876 Quid
3009 2818 3121 2863 tum
3164 2811 3387 2879 postea?
3424 2828 3550 2866 num

1958 2902 2103 2957 enim
2129 2900 2245 2956 haec
2271 2901 2356 2955 illa
2388 2908 2512 2955 sunt
2539 2900 2699 2967 bona,
2728 2915 2847 2970 qua:
2877 2900 3028 2954 nobis
3060 2900 3198 2954 Deus
3228 2901 3554 2970 pollicetur?

2030 2995 2085 3049 5.
2114 2994 2229 3049 Non
2252 2994 2403 3048 audis
2428 2994 2553 3064 quid
2584 2994 2651 3047 de
2678 2993 2834 3048 bonis
2863 2992 2968 3047 illis
2999 2992 3193 3047 Paulus
3217 2992 3403 3048 dicat?
3429 2994 3557 3060 Quae

1959 3089 2138 3144 oculus
2164 3103 2265 3141 non
2294 3087 2439 3151 vidit,
2469 3096 2513 3139 et
2538 3085 2677 3139 auris
2707 3102 2808 3139 non
2831 3084 3046 3150 audivit,
3070 3094 3115 3137 et
3139 3085 3193 3138 in
3220 3101 3308 3139 cor
3338 3086 3558 3142 hominis

1959 3197 2063 3234 non
2099 3179 2435 3234 ascenderunt
2462 3177 2539 3248 (l.
2589 3176 2708 3231 Cor.
2752 3176 2807 3232 2.
2840 3172 2931 3247 9):
2960 3174 3106 3245 atqui
3150 3175 3455 3245 paradisum
3499 3185 3558 3232 et

1957 3274 2145 3328 oculus
2180 3272 2311 3326 vidit
2338 3270 2551 3331 Adami,
2580 3280 2633 3324 et
2660 3270 2804 3323 auris
2847 3268 3073 3333 audivit,
3109 3275 3163 3323 et
3186 3283 3282 3323 cor
3324 3268 3559 3325 hominis

1957 3366 2213 3434 excepit:
2245 3363 2428 3417 multis
2450 3364 2593 3416 enim
2627 3362 2735 3429 jam
2766 3360 2955 3415 diebus
2980 3359 3047 3414 de
3086 3359 3182 3414 illo
3222 3360 3382 3415 verba
3419 3360 3555 3415 fact-

1956 3471 2075 3512 mus
2107 3475 2119 3509 :
2152 3453 2423 3525 quomodo
2455 3453 2615 3523 igitur
2656 3452 2792 3504 bona
2824 3450 2961 3504 latro
2996 3449 3241 3519 recepit?
3265 3449 3380 3503 Non
3407 3451 3553 3506 enim

1954 3564 2015 3606 se
2042 3550 2094 3602 in
2142 3547 2439 3619 paradisum
2479 3558 2576 3600 nos
2615 3542 3036 3598 iutroducturum
3086 3540 3345 3610 promittit
3373 3541 3552 3607 Deus,

1955 3643 2049 3703 sed
2074 3643 2124 3696 in
2156 3643 2329 3712 ipsum
2351 3640 2539 3695 etclum
2570 3657 2583 3695 :
2615 3652 2786 3707 neque
2809 3652 3027 3706 regnum
3057 3635 3308 3706 paradisi,
3342 3636 3433 3692 sed
3462 3653 3551 3694 reo

1954 3751 2117 3808 gnum
2144 3735 2397 3789 caelorum
2432 3731 2757 3801 prmdicavit.
2792 3728 2949 3799 Coepit
2989 3728 3153 3787 enim.
3188 3727 3394 3798 inquit,
3419 3746 3556 3800 prte—

1954 3827 2145 3890 dicare,
2186 3833 2232 3879 et
2282 3824 2469 3887 dicere,
2504 3820 2858 3876 Paenitentiam
2897 3819 3031 3889 agite
3076 3818 3290 3886 (Matth.
3336 3820 3390 3874 4.
3424 3821 3547 3891 17)ὲ

1954 3915 2383 3989 appropinquavit
2406 3913 2575 3978 enim,
2605 3926 2710 3966 non
2754 3924 2978 3979 regnum
3022 3908 3274 3977 paradisi,
3322 3909 3439 3975 sed,
3472 3926 3556 3965 re-

1954 4024 2111 4080 gnum
2148 4005 2410 4060 ctelorum.
2440 4003 2573 4058 Nam
2602 4012 2655 4056 tu
2691 4000 2909 4071 quidem
2948 3999 3253 4069 paradisum
3295 4002 3548 4067 amisisti,

1958 4100 2101 4156 Deus
2124 4108 2302 4153 autem
2343 4094 2534 4150 cadum
2560 4092 2653 4147 tibi
2684 4091 2850 4153 dedit,
2897 4098 2956 4145 ut
2985 4105 3096 4144 suae
3143 4090 3235 4145 tibi
3274 4092 3551 4160 specimen

1956 4192 2140 4247 ederet
2178 4188 2549 4259 benignitatis,
2587 4200 2652 4241 ac
2682 4183 2898 4240 diabolo
2936 4183 3175 4238 dolorem
3206 4182 3465 4251 iuureret,
3497 4196 3553 4241 ct

1952 4281 2281 4345 ostenderet,
2303 4279 2512 4335 tametsi
2536 4278 2846 4332 innumeras
2872 4275 2961 4331 ille
2984 4278 3034 4329 in
3061 4290 3232 4345 genus
3254 4274 3548 4333 humanum

1957 4374 2179 4429 insidias
2219 4373 2498 4436 moliatur,
2530 4370 2663 4425 nihil
2716 4378 2892 4424 tamen
2932 4368 3035 4422 hoc
3063 4368 3141 4423 illi
3184 4368 3544 4437 profuturum,

1952 4481 2073 4523 cum
2104 4466 2243 4520 Deus
2279 4477 2493 4533 semper
2517 4461 2775 4531 majorem
2801 4460 2869 4514 ad
2910 4460 3165 4513 honorem
3210 4473 3310 4513 nos
3330 4460 3546 4517 evehat.

1952 4556 2193 4612 Amisisti
2241 4570 2371 4626 ergo
2415 4554 2753 4625 paradisum,
2800 4560 2855 4607 et
2897 4550 3089 4606 Caelum
3136 4550 3230 4605 tibi
3276 4550 3415 4605 Deus
3458 4562 3544 4602 re.-

1951 4648 2195 4704 seravit:
2244 4643 2567 4715 temporario
2620 4642 2802 4697 labore
2850 4640 3134 4696 damnatus
3184 4654 3275 4706 es,
3328 4651 3381 4696 ct
3430 4642 3544 4698 vita

1951 4749 2150 4795 :eterna
2175 4738 2479 4795 decoratus.
2511 4732 2773 4804 Praecepit
2802 4740 2959 4787 terra:
2989 4739 3047 4785 ut
3067 4732 3249 4801 spinas
3277 4732 3549 4802 proferret

1950 4846 2015 4886 ac
2044 4829 2303 4896 tribulos,
2333 4837 2389 4883 et
2434 4826 2660 4887 fructum
2707 4823 2803 4880 tibi
2849 4822 3080 4892 Spiritus
3121 4822 3299 4878 anima
3326 4826 3546 4893 .germi-

1950 4924 2096 4979 navit
2124 4921 2277 4994 (Gen.
2309 4922 2362 4978 5.
2407 4919 2522 4991 18).
2554 4917 2719 4973 Vides
2749 4926 2807 4971 ut
2850 4915 3082 4985 majores
3113 4917 3225 4970 sint
3260 4917 3431 4985 pronis
3462 4917 3545 4971 fa-

1950 5019 2203 5080 cultates,
2236 5025 2293 5070 ut
2321 5014 2615 5083 ampliores
2639 5011 2748 5066 sint
2780 5009 3015 5065 divitias?
3044 5008 3283 5078 Exempli
3327 5022 3545 5066 causa;

1953 5110 2201 5166 formavit
2229 5110 2369 5164 Deus
2410 5107 2681 5161 hominem
2710 5120 2751 5160 θ
2774 5114 2915 5160 terra
2955 5112 3013 5157 et
3060 5116 3226 5171 aqua,
3263 5101 3546 5170 ipsumque

1952 5203 2135 5274 posuit
2155 5202 2207 5256 in
2235 5198 2501 5271 paradiso.
2531 5196 2647 5253 Non
2673 5197 2843 5252 evasit
2886 5194 3039 5249 bona:
3084 5192 3247 5261 frugis
3269 5230 3283 5253 ,
3312 5192 3402 5260 qui
3432 5192 3545 5245 for-

1950 5306 2125 5351 matus
2150 5291 2463 5359 fuerat,sed
2490 5292 2811 5360 depravatus
2839 5296 2956 5339 est:
2992 5300 3096 5338 non
3120 5284 3229 5353 jam
3256 5298 3287 5338 e
3310 5291 3458 5338 terra
3491 5295 3548 5340 et

1949 5402 2083 5454 aqua
2111 5385 2283 5454 ipsum
2317 5382 2545 5451 rcfmgit,
2575 5380 2666 5434 sed
2696 5395 2761 5433 ex
2786 5392 2921 5445 aqua
2950 5387 3007 5429 et-
3030 5374 3227 5444 Spiritu
3260 5391 3272 5427 :
3304 5391 3406 5427 non
3429 5375 3542 5443 jam

1951 5478 2024 5532 illi
2069 5476 2406 5546 paradisum,
2437 5473 2529 5527 sed
2571 5486 2790 5541 regnum
2831 5468 3086 5522 caelorum
3125 5465 3427 5535 pollicetur.
3475 5466 3544 5521 Et

1950 5586 2056 5638 quo
2083 5579 2236 5638 pacto
2258 5567 2307 5620 id
2333 5565 2440 5629 fiat,
2468 5563 2613 5616 audi.
2642 5560 2773 5615 Cum
2796 5559 2938 5613 enim
2966 5558 3211 5627 princeps
3229 5554 3540 5613 Iudaeorum

1955 5661 2275 5716 Nicodemus
2310 5658 2489 5724 lapsus
2512 5662 2687 5719 esset,
2714 5661 2767 5707 et
2800 5650 2957 5720 hujus
2989 5653 3113 5705 vitae
3145 5649 3337 5705 natalia
3370 5648 3545 5717 inqui—

1952 5761 2117 5816 reret,
2168 5749 2496 5815 diceretque,
2546 5746 2661 5799 lieri
2705 5760 2808 5799 non
2857 5757 3047 5811 posse,
3079 5752 3134 5795 ut
3171 5756 3336 5795 senex
3365 5739 3543 5794 denuo

1955 5849 2283 5906 nasceretur,
2304 5837 2422 5893 vide
2442 5852 2547 5908 quo
2570 5847 2723 5907 pacto
2740 5835 2988 5891 Christus
3012 5834 3083 5887 illi
3111 5831 3305 5886 clarius
3328 5827 3543 5885 modum
