3964 6480
484 412 586 466 6ῑὸ

483 528 700 598 detegat
725 524 1000 581 natalium.
1028 520 1077 575 Ν
1083 521 1144 575 isi
1180 520 1291 590 quis
1308 529 1456 572 natus
1469 517 1619 588 fuerit
1641 531 1703 569 ex
1723 531 1854 586 aqua
1875 522 1920 567 et
1946 510 2073 578 Spi—

487 619 609 685 ritu,
627 634 726 672 non
740 624 897 687 potest
908 612 1179 669 iutroineitt
1188 626 1396 682 regnum
1408 610 1649 664 citatorum
1664 605 1820 676 (Joau
1836 606 1893 660 .3
1904 606 1959 659 .4
1976 604 2078 672 .5).

498 710 552 764 Si
606 710 766 779 igitur
814 720 1034 776 regnum
1072 702 1329 758 calorum
1370 700 1641 771 promisit,
1678 701 1729 752 in
1777 696 2078 768 paradisum

488 816 665 856 autem
685 802 946 854 latronem
970 795 1285 861 introduxit,
1306 793 1540 848 nondum
1563 792 1636 846 illi
1658 792 1793 847 bona
1811 786 2079 844 retribuit.

562 892 701 960 Quid
735 891 937 944 nomine
970 887 1199 959 paradisi
1237 887 1301 941 sit
1332 884 1750 957 intelligendum.
1786 911 1858 923 —-
1886 881 2079 936 Verum

487 983 628 1038 aliud
682 988 940 1050 prasterea
980 976 1233 1050 quiddam
1276 977 1552 1047 objiciunt.
1605 974 1938 1038 Paradisutn,
1997 974 2079 1027 in-

486 1075 698 1143 quiunt,
732 1072 832 1127 hoc
862 1071 1017 1138 loco,
1047 1085 1155 1125 non
1183 1070 1488 1140 paradisum
1518 1068 1690 1132 dixit,
1724 1067 1819 1121 sed
1852 1065 2081 1134 paradisi

491 1164 709 1219 nomine
749 1177 973 1233 regnum
1002 1161 1259 1217 catlorum
1306 1159 1627 1231 designavit.
1658 1157 1791 1213 Nam
1840 1157 1961 1226 quia
2003 1158 2082 1210 la-

490 1264 698 1310 tronem
752 1253 1152 1323 alloquebatur,
1190 1251 1460 1309 hominem
1503 1250 1597 1321 qui
1627 1248 1942 1305 sublimibus
1993 1250 2085 1302 do.

488 1345 759 1416 ginatibus
797 1344 1030 1400 imbutus
1060 1359 1168 1399 non
1212 1342 1423 1409 fuerat,
1467 1356 1641 1413 neque
1686 1341 1755 1396 de
1806 1339 2085 1410 prophetia

491 1438 781 1509 quidquam
810 1446 1052 1503 noverat,
1086 1435 1179 1492 sed
1199 1449 1364 1491 omne
1391 1444 1601 1503 tempus
1622 1433 1675 1487 in
1706 1432 1934 1487 desertis
1959 1430 2088 1486 locis

493 1537 852 1599 transegerat,
880 1526 1163 1598 caedesque
1192 1534 1450 1596 patraret,
1478 1538 1653 1595 neque
1681 1522 1746 1577 ad
1773 1522 2087 1578 concionem

495 1636 746 1691 umquam
770 1621 823 1674 in
853 1620 1081 1676 transitu
1108 1618 1424 1685 declinarat,
1451 1631 1625 1687 neque
1646 1631 1814 1671 sacrae
1840 1614 2089 1671 lectionis

497 1710 767 1780 particeps
799 1712 1007 1774 fuerat,
1051 1723 1226 1779 neque
1268 1706 1394 1779 quid
1441 1707 1656 1762 tandem
1686 1715 1831 1761 esset
1867 1719 2088 1776 regnum

495 1802 747 1857 ctelorum
776 1810 1022 1867 noverat,
1057 1800 1159 1856 hoc
1194 1798 1410 1856 dicebat
1439 1816 1452 1851 :
1490 1796 1659 1853 Hodie
1683 1813 1878 1852 mecum
1912 1796 2010 1851 eris
2035 1797 2090 1850 in

496 1894 740 1964 paradiso
773 1893 925 1963 (Luc.
956 1893 1048 1949 2'5.
1085 1893 1214 1964 45);
1246 1891 1441 1948 notiori
1469 1901 1522 1947 et
1563 1891 1828 1946 usitatiori
1873 1891 2092 1946 nomine

493 1987 724 2058 paradisi
756 2002 979 2058 regnum
1007 1985 1261 2041 caelorum
1290 1984 1584 2055 signiﬁcat,
1610 1992 1665 2038 et
1700 1983 1770 2039 de
1799 1982 1893 2038 illo
1931 1982 2090 2038 Chri-

497 2089 614 2135 stus
656 2078 729 2133 ad
785 2078 958 2149 ipsum
1003 2076 1165 2133 verba
1219 2074 1369 2131 facit.
1422 2073 1684 2130 Adtnitto.
1733 2073 1889 2130 Unde
1932 2074 2092 2145 igitur

495 2176 711 2225 constat
749 2170 924 2239 ipsum
966 2169 1021 2224 in
1055 2182 1278 2239 regnum
1304 2167 1559 2222 caelorum
1608 2168 1905 2237 ingressum
1935 2168 2092 2223 esse?

499 2264 585 2319 Ex
610 2280 677 2318 eo
701 2262 844 2332 quod
888 2262 1106 2328 dixerit,
1143 2261 1313 2316 Hodie
1358 2277 1552 2315 mecum
1597 2262 1696 2315 eris
1730 2261 1784 2315 in
1824 2261 2087 2331 paradiso.

497 2355 652 2423 Quod
677 2356 724 2412 si
754 2356 1037 2412 violentior
1057 2355 1175 2411 haec
1202 2354 1399 2410 solutio
1428 2354 1693 2423 videatur,
1719 2354 2092 2411 dilttcitliorcm

495 2448 868 2520 adjungemus.
909 2449 1165 2515 Quasnam
1193 2446 1281 2501 illa
1324 2460 1484 2516 porro
1511 2445 1900 2501 est?Cht-istus
1937 2446 2091 2513 dixit,

501 2542 603 2608 Qui
647 2557 750 2596 nou
783 2541 944 2596 credit
983 2541 1058 2596 ἐπ’
1087 2539 1303 2604 Filium,
1326 2541 1441 2611 jam
1479 2539 1748 2609 judicatus
1794 2550 1866 2595 est
1913 2539 2091 2610 (Joau.

494 2632 549 2687 3.
583 2631 695 2700 i8).
730 2631 868 2701 Quid
909 2631 1103 2702 igitur?
1126 2631 1313 2702 jatnne
1327 2629 1596 2701 judicatus
1622 2630 1741 2686 est?
1772 2632 1931 2702 Atqui
1957 2648 2093 2688 non-

496 2724 626 2778 dum
653 2730 740 2778 est
765 2722 1092 2777 resurrectio
1111 2761 1127 2788 ,
1155 2720 1392 2776 nondum
1433 2721 1754 2791 supplicium
1797 2731 1849 2777 et
1879 2737 2050 2792 poenae
2080 2742 2095 2779 :

495 2814 774 2885 quomodo.
794 2829 927 2885 ergo
948 2813 1058 2884 jam
1085 2813 1354 2883 judicatus
1379 2814 1498 2868 est?
1524 2814 1749 2882 Propter
1785 2823 2094 2884 peccatum.

500 2908 567 2962 Et
595 2920 829 2962 rursus:
876 2905 978 2974 Qui
1017 2905 1178 2959 credit
1218 2904 1271 2958 in
1298 2902 1514 2970 Filium,
1562 2905 1755 2975 inquit,
1780 2906 2009 2961 transivit
2035 2906 2100 2963 de

498 3009 661 3055 morte
686 3001 755 3053 ad
782 3000 937 3055 vitam
961 2996 1141 3071 (Joau.
1172 2997 1226 3053 5.
1256 2994 1373 3069 24).
1398 2996 1577 3068 Neque
1602 2996 1766 3063 dixit,
1792 2997 2095 3067 Transibit,

499 3092 597 3149 sed
617 3134 633 3160 ,
652 3093 762 3164 jam
796 3091 839 3146 Τ
839 3092 1071 3156 ransiuit,
1093 3100 1150 3147 et
1178 3090 1264 3147 hic
1279 3105 1467 3146 rursus
1490 3100 1705 3162 propter
1725 3092 1921 3148 bonum
1938 3107 2096 3164 opus,

500 3196 558 3242 et
585 3186 675 3242 ille
718 3199 905 3242 rursus
945 3194 1165 3257 propter
1207 3193 1503 3255 peccatum.
1543 3184 1611 3240 Ut
1639 3185 1801 3256 igitur
1834 3200 1971 3242 unus
2009 3187 2098 3258 ju-

500 3277 711 3333 dicatus
743 3287 845 3341 est,
877 3290 997 3332 cum
1031 3276 1267 3331 nondum
1298 3274 1457 3330 fuerit
1481 3275 1771 3346 judicatus,
1800 3277 1938 3333 alter
1965 3293 2097 3348 quo-

501 3382 608 3439 que
637 3366 883 3423 transivit
919 3367 988 3422 ad
1016 3367 1180 3421 vitam
1202 3407 1218 3433 ,
1258 3380 1379 3422 cum
1430 3367 1666 3422 nondum
1715 3370 2016 3436 transierit,
2046 3381 2103 3426 et

501 3472 611 3518 tam
651 3460 721 3518 ad
764 3476 928 3517 unum
976 3459 1050 3515 ob
1094 3461 1292 3517 bonum
1340 3446 1513 3529 opus,
1558 3475 1717 3530 quant
1766 3461 1831 3515 ad
1872 3461 2098 3517 alterum

501 3554 572 3613 ob
594 3562 896 3626 peccatum,
927 3551 1081 3623 quasi
1105 3551 1213 3622 jam
1240 3565 1329 3606 res
1353 3550 1666 3617 acciderint,
1695 3567 1818 3606 cum
1863 3552 2099 3609 nondum

503 3645 820 3712 acciderint,
851 3645 1015 3701 verba
1060 3643 1227 3699 facit:
1265 3643 1345 3698 sic
1382 3653 1439 3699 et
1469 3643 1534 3697 ad
1579 3644 1840 3698 latronem
1869 3644 2099 3701 dicebat.

507 3736 641 3791 Nam
667 3744 723 3790 et
749 3735 943 3790 ntedici
973 3743 1253 3804 postquam
1281 3734 1511 3803 aliquem
1531 3733 1869 3803 desperatum
1901 3736 2101 3803 vident,

509 3842 634 3884 eum
649 3826 874 3898 periisse
888 3827 996 3898 jam
1020 3834 1075 3882 et
1100 3833 1367 3881 mortuum
1390 3840 1511 3882 esse
1529 3825 1737 3894 dicunt,
1761 3829 1970 3884 tametsi
1995 3830 2103 3899 spi-

510 3929 720 3977 rantem
747 3919 924 3976 adhuc
969 3920 1264 3975 intuentur.
1295 3918 1403 3976 Sed
1440 3929 1496 3975 ιιι
1527 3919 1636 3987 ille,
1666 3922 1917 3991 quoniam
1955 3923 2101 3979 nulla

510 4020 760 4085 superest
787 4027 912 4085 spes
936 4012 1054 4084 ejus
1077 4012 1288 4081 salutis,
1316 4012 1455 4084 apud
1477 4013 1713 4069 medicos
1727 4015 1837 4085 jam
1860 4025 2103 4072 mortuus

513 4116 599 4163 est
627 4123 641 4162 :
669 4107 750 4162 sic
787 4107 950 4162 etiam
980 4106 1150 4175 latro,
1195 4108 1447 4177 quoniam
1489 4107 1783 4176 periculum
1827 4124 1988 4165 omne
2015 4124 2102 4166 re-

513 4196 777 4252 versionis
804 4197 871 4251 ad
901 4196 1253 4266 perditionem
1275 4196 1388 4266 jam
1417 4208 1681 4264 evaserat,
1712 4194 1986 4255 in‘carlum
2019 4201 2102 4256 in-

515 4288 695 4344 travit.
720 4287 813 4343 Sic
840 4287 1003 4343 etiam
1045 4285 1251 4341 audivit
1276 4286 1446 4341 Adam
1482 4305 1495 4339 :
1529 4287 1643 4354 Quo
1669 4288 1752 4343 die
1786 4298 1956 4345 autem
1988 4292 2108 4346 ede-

521 4381 637 4437 ritis
660 4396 724 4435 ea:
747 4395 830 4447 eo,
857 4387 1019 4434 morte
1040 4378 1327 4432 moriemini
1352 4376 1504 4451 (Gen.
1531 4379 1588 4432 2.
1622 4379 1731 4452 l7).
1754 4381 1892 4449 Quid
1915 4383 2107 4453 igitur?

512 4492 583 4532 an
628 4475 721 4531 illo
746 4475 864 4546 ipso
897 4473 986 4530 die
1028 4482 1271 4527 mortuus
1310 4472 1430 4528 est?
1461 4469 1828 4544 Nequaquam,
1861 4475 1956 4532 sed
1985 4485 2109 4548 post

511 4568 660 4622 itlum
685 4565 829 4622 diem
853 4572 1156 4636 nongentos
1177 4564 1308 4619 vixit
1327 4572 1383 4619 et
1400 4565 1581 4635 plures
1603 4580 1793 4621 annos.
1818 4567 1927 4623 Cur
1948 4569 2108 4640 igitur

515 4661 652 4716 dixit
676 4660 843 4723 Deus,
876 4658 970 4714 llla
1012 4658 1125 4726 ipsa
1158 4656 1248 4713 die
1284 4656 1626 4713 moriemini?
1652 4657 1947 4728 Sententia,
1997 4677 2105 4717 non

521 4750 873 4820 experientia.
905 4749 998 4806 Sic
1030 4749 1194 4804 etiam
1224 4748 1362 4803 latro
1391 4749 1443 4803 in
1474 4748 1664 4804 ets-lum
1702 4750 1972 4821 ingressus
2000 4764 2104 4810 est.

523 4841 659 4898 Audi
683 4854 834 4905 sane,
861 4839 987 4909 quid
1013 4838 1155 4895 dicat
1181 4839 1398 4904 Paulus,
1429 4848 1489 4895 ut
1516 4841 1782 4897 neminem
1809 4842 1984 4900 adhuc
2011 4843 2107 4900 b0-

521 4944 715 4988 noruns
752 4927 1156 4984 retributionem
1195 4929 1470 4998 accepisse
1514 4928 1789 4988 declaret:
1836 4949 1956 4988 nam
1983 4949 2105 4990 cum

516 5024 591 5079 de
614 5018 892 5092 prophetis
917 5033 981 5073 ac
997 5017 1158 5087 justis
1176 5019 1487 5086 dissereret,
1509 5020 1705 5094 adjecit
1731 5040 1744 5076 :
1766 5021 1934 5079 Juxta
1952 5026 2108 5095 ﬁdem

520 5115 753 5182 defuncti
776 5119 901 5166 sunt
923 5109 1010 5165 isti
1033 5123 1224 5174 omnes,
1251 5124 1364 5163 cum
1394 5112 1806 5181 repromissiones
1831 5132 1931 5170 non
1959 5133 2107 5172 occe-

517 5207 726 5276 pisscut,
753 5203 844 5259 sed
870 5220 903 5257 a
930 5204 1079 5274 longe
1103 5217 1188 5257 eos
1215 5202 1548 5273 aspexissent,
1574 5215 1622 5259 et
1648 5206 1967 5275 salutassent,
2001 5209 2110 5266 Deo

517 5297 697 5352 utelius
731 5294 925 5367 aliquid
962 5310 1057 5365 pro
1082 5292 1227 5349 nobis
1262 5293 1585 5363 providente,
1616 5306 1671 5349 ut
1704 5313 1805 5353 non
1830 5300 1938 5355 sine
1969 5303 2112 5356 nobis

514 5400 987 5445 consummarentur
1023 5386 1209 5458 (Hebr.
1241 5386 1329 5442 Η.
1369 5387 1459 5442 15.
1490 5387 1605 5457 40).
1651 5388 1774 5445 llatc
1804 5403 2004 5461 notate,
2047 5410 2109 5450 ac

520 5480 779 5538 memoria
817 5489 1017 5546 tenete,
1044 5493 1243 5550 eosque
1269 5480 1358 5549 qui
1400 5494 1507 5536 non
1537 5481 1853 5549 audierunt,
1886 5486 2107 5553 docete;

516 5581 679 5643 atque
718 5571 835 5626 haec
872 5570 928 5625 in
970 5570 1228 5635 ecclesia,
1268 5569 1327 5625 in
1368 5570 1487 5626 foro
1532 5586 1595 5627 ac
1637 5573 1779 5628 domi
1823 5578 2111 5647 unusquis-

517 5679 621 5731 que
651 5661 957 5719 meditetur.
995 5660 1137 5716 Nihil
1172 5660 1319 5716 enim
1350 5675 1503 5717 saera
1535 5663 1764 5721 lectione
1797 5665 2103 5736 jucundius.

522 5754 683 5821 Audi,
709 5769 915 5824 quamo,
937 5753 1065 5825 quid
1091 5753 1159 5808 de
1182 5752 1270 5808 illa
1296 5752 1438 5808 dicat
1468 5754 1726 5825 propheta
1754 5775 1766 5809 :
1799 5757 1965 5825 Quam
1992 5762 2111 5816 dul-

519 5847 601 5905 cia
645 5844 877 5914 faucibus
924 5844 1048 5898 meis
1092 5843 1293 5913 eloquia
1335 5852 1457 5913 tua,
1507 5862 1660 5916 super
1699 5850 1796 5909 me!
1840 5862 1885 5907 et
1936 5856 2110 5925 [avum

1197 406 1253 461 δ.
1295 403 1573 461 ,ΙΟΑΝΝιὸ
1601 393 2078 457 CBRYSOSTOMI
2121 391 2434 450 ARCHIEP.
2476 391 3014 451 CUNSTAN‘I'INOP.
3644 403 3725 454 ωδ

2187 508 2264 562 ori
2288 521 2405 562 meo
2426 506 2601 561 lPsal.
2635 506 2759 562 HS.
2793 507 2941 579 103).
2979 505 3131 561 Hunc
3172 506 3355 576 itaque
3380 506 3541 563 favum
3580 510 3624 564 iit
3654 527 3725 567 ve-

2186 605 2427 671 spertina
2473 618 2662 658 mensa
2716 617 2957 673 appone,
3004 609 3063 655 ttt
3118 609 3288 655 totam
3338 601 3478 656 illam
3505 605 3726 675 spirituali

2187 695 2399 766 repleas
2447 697 2744 766 voluptate.
2779 694 2896 751 Non
2938 693 3132 749 videtis
3178 693 3426 749 homines
3471 697 3725 767 epidemus,

2187 786 2462 857 quomodo
2492 795 2614 857 post
2653 787 2840 856 epulas
2867 784 3196 840 cithara'dos
3237 799 3303 840 ac
3348 785 3577 842 tibicines
3597 787 3728 843 intro-

2190 876 2427 933 ducam?
2472 878 2551 933 llli
2595 891 2725 933 suas
2754 877 2900 933 ades
2948 878 3218 932 theatrum
3261 876 3520 945 efﬁciunt;
3559 888 3610 934 tu
3642 891 3729 938 tuas

2189 971 2336 1027 atdes
2382 970 2574 1025 ctutum
2623 969 2780 1027 efllee
2814 989 2827 1026 :
2856 970 2907 1025 id
2953 986 3083 1026 vero
3112 970 3340 1035 efﬁcies,
3395 987 3496 1027 non
3541 975 3728 1043 parietes

2190 1067 2500 1130 immutans,
2518 1073 2612 1118 aut
2632 1062 2961 1119 transferens
2976 1062 3346 1130 fundamenta,
3368 1064 3458 1119 sed
3480 1065 3521 1119 si
3543 1065 3603 1119 ad
3618 1075 3727 1121 tuam

2189 1170 2431 1211 mensam
2472 1154 2758 1209 Dominum
2792 1154 2964 1224 ipsum
3011 1153 3273 1209 caalorum
3302 1169 3473 1209 voces.
3503 1154 3604 1210 Non
3633 1172 3727 1211 eru-

2191 1248 2365 1302 hescit
2408 1245 2673 1316 ejusmodi
2721 1245 2965 1301 convivia
3015 1245 3179 1300 Deus.
3224 1244 3325 1302 Ubi
3362 1261 3574 1316 namque
3608 1248 3728 1317 spiri-

2191 1339 2350 1393 tualis
2377 1338 2644 1406 doctrina,
2676 1339 2749 1394 ibi
2796 1346 2852 1394 ct
2899 1338 3279 1408 temperantia,
3325 1346 3379 1392 et
3424 1341 3669 1406 modestia,
3686 1351 3726 1395 et

2193 1433 2385 1490 lenitas
2413 1450 2427 1486 :
2456 1433 2544 1488 ubi
2574 1433 2655 1487 vir
2698 1441 2752 1487 et
2784 1446 2919 1487 uxor
2947 1446 3009 1487 ac
3039 1430 3216 1497 liberi,
3261 1430 3535 1486 concordia
3558 1435 3725 1487 etami-

2193 1525 2317 1579 cilia
2364 1535 2419 1581 et
2463 1524 2678 1580 virtutis
2710 1523 2940 1579 vinculis
2991 1521 3198 1578 fuerint
3236 1523 3486 1594 colligati,
3525 1522 3616 1578 illic
3636 1541 3725 1581 vcr-

2193 1624 2346 1671 satur
2371 1617 2424 1670 in
2451 1615 2632 1671 medio
2660 1612 2925 1669 Christus.
2955 1612 3073 1669 Non
3102 1613 3249 1669 enim
3281 1629 3496 1669 aureum
3526 1618 3726 1684 laquearc

2194 1708 2409 1779 quan-it,
2439 1723 2540 1763 nec
2564 1707 2940 1762 columnarum
2974 1705 3237 1776 fulgorem
3261 1747 3275 1767 .
3306 1720 3473 1775 neque
3499 1707 3727 1762 marmoris

2196 1801 2686 1872 pulchritudinem,
2716 1799 2809 1855 sed
2843 1799 3039 1854 anima:
3081 1798 3335 1853 ιιεοιτριιι
3361 1812 3423 1853 ac
3455 1800 3620 1852 mentis
3642 1797 3726 1851 fur-

2195 1911 2359 1963 mam,
2403 1906 2458 1950 et
2501 1910 2743 1951 mensam
2778 1894 2986 1965 justitia
3029 1893 3317 1959 refertam,
3348 1903 3401 1950 et
3433 1894 3725 1965 clcetnosynze

2196 1989 2459 2044 fructibus
2513 1986 2896 2044 abundantem.
2946 1986 3100 2055 Quod
3146 1987 3192 2040 si
3245 2000 3479 2040 mensam
3518 1984 3724 2056 ejusmodi

2195 2082 2411 2149 viderit,
2442 2082 2725 2137 confestim
2766 2079 3031 2151 ejusmodi
3059 2088 3364 2134 conventus
3400 2079 3455 2132 lit
3483 2078 3722 2148 particeps,

2196 2175 2327 2231 etin
2355 2188 2479 2229 eum
2511 2188 2571 2227 se
2616 2172 2794 2227 infert.
2845 2171 2960 2240 Ipse
2986 2172 3131 2227 enim
3178 2179 3283 2236 est,
3328 2170 3413 2241 qui
3453 2167 3728 2223 dixitzists

2197 2270 2407 2324 rientem
2437 2283 2517 2321 me
2554 2266 2781 2333 vidistis,
2813 2276 2861 2319 et
2891 2266 3095 2320 aluistis
3127 2264 3342 2335 (Matth.
3369 2263 3454 2318 25.
3499 2262 3594 2331 35).
3627 2259 3724 2315 Cum

2198 2359 2359 2430 igitur
2388 2356 2614 2413 inferius
2644 2371 2834 2427 magna
2861 2371 2995 2411 voce
3020 2356 3345 2410 clamantem
3376 2353 3611 2408 audiveris
3631 2366 3725 2420 ptu-

2199 2465 2404 2521 pcrem,
2435 2448 2631 2505 deinde
2665 2447 2939 2518 quidpiam
2987 2461 3177 2502 eorum
3229 2463 3349 2517 qua:
3394 2443 3610 2514 apposita
3632 2449 3723 2495 sunt

2199 2542 2271 2599 de
2298 2558 2485 2599 mensa
2517 2556 2690 2613 egeno
2731 2540 2969 2606 dederis,
3002 2541 3291 2595 Dominum
3322 2538 3387 2592 ad
3415 2551 3624 2591 mensam
3653 2550 3724 2587 vo-

2200 2634 2333 2690 casti
2366 2649 2461 2705 per
2493 2649 2730 2700 servum,
2754 2641 2809 2687 et
2834 2632 2979 2686 illaut
3008 2639 3175 2689 totam
3207 2630 3299 2685 Dei
3332 2624 3724 2684 benedictionibus

2201 2725 2495 2796 replevisti,
2525 2724 2828 2795 oblatisque
2860 2722 3107 2793 primitiis
3139 2722 3421 2777 maximam
3450 2719 3722 2773 occasionem

2202 2828 2289 2874 tua
2320 2818 2682 2889 promptuaria
2712 2816 2955 2888 plurimis
2979 2813 3286 2886 complendi
3313 2812 3463 2869 bonis
3484 2806 3723 2881 praebuisti.

2203 2911 2343 2967 Deus
2369 2918 2549 2966 autem
2575 2910 2720 2981 pacis
2740 2917 2795 2963 et
2816 2907 3079 2975 caritatis,
3101 2908 3196 2976 qui
3225 2906 3313 2962 dat
3341 2918 3517 2976 panem
3537 2900 3591 2983 ad
3612 2911 3724 2952 man.

2201 3002 2535 3070 ducendum,
2573 3011 2628 3057 et
2651 3015 2837 3057 semen
2869 2998 3196 3066 seminanti,
3224 3005 3449 3053 vestram
3487 2996 3723 3048 sementem

2203 3096 2549 3166 multiplicet,
2581 3106 2636 3150 et
2658 3102 2851 3165 augeat
2888 3092 3222 3147 incrementa
3255 3091 3460 3159 frugum
3482 3083 3662 3154 justitia'
3683 3078 3721 3131 in

2202 3189 2453 3245 omnibus
2494 3186 2666 3253 vobis,
2709 3201 2861 3241 suam
2902 3185 3036 3241 dans
3078 3184 3332 3254 gratiam,
3381 3192 3562 3248 vosque
3599 3184 3724 3242 regno

2200 3283 2456 3337 caelorum
2497 3280 2745 3352 dignetur
2793 3276 2872 3351 (2.
2918 3275 3037 3331 Cor.
3077 3276 3131 3332 9.
3178 3274 3269 3346 10)
3303 3291 3316 3327 :
3355 3270 3497 3342 cujus
3531 3281 3613 3321 nos
3634 3276 3722 3333 par-

2205 3378 2393 3447 ticipes
2424 3376 2541 3431 fieri
2583 3373 2894 3443 contingat,
2919 3370 3086 3441 gratia
3117 3380 3175 3426 et
3217 3365 3526 3438 benignitate
3566 3354 3723 3447 Domini

2205 3446 2375 3522 nostri
2403 3465 2532 3522 Jesu
2563 3464 2799 3531 Christi,
2834 3477 2931 3534 per
2955 3476 3112 3532 quem
3144 3469 3201 3517 et
3228 3474 3346 3515 eum
3370 3472 3468 3528 quo
3488 3449 3627 3524 gloria
3648 3446 3722 3501 Pa-

2206 3559 2303 3625 tri,
2336 3566 2389 3613 et
2419 3557 2639 3628 Spiritui
2667 3564 2875 3618 sancto,
2906 3568 3049 3609 nunc
3074 3562 3130 3609 et
3159 3566 3405 3624 semper,
3431 3557 3480 3603 et
3504 3544 3551 3599 in
3574 3536 3721 3597 secula

2205 3651 2546 3706 steculorum.
2578 3651 2770 3703 Amen.

2795 3740 3029 3799 SERMO
3069 3739 3207 3797 Vill.

2210 3835 2272 3889 In
2317 3836 2449 3891 diem
2491 3834 2808 3901 nimbosum,
2836 3843 2882 3888 et
2923 3835 2979 3888 in
3023 3843 3320 3888 conventum
3346 3820 3723 3899 episcoporum.“

2279 3928 2342 3981 de
2382 3925 2625 3981 mandato
2673 3926 2810 3998 quod
2838 3926 3080 3979 traditum
3131 3933 3205 3978 est
3259 3921 3466 3983 Adamo,
3495 3917 3723 3982 ηιαφιειιε

2279 4017 2605 4088 providentite
2629 4017 2786 4088 fuisse
2811 4017 2947 4087 quod
2969 4017 3130 4086 legem
3158 4011 3419 4084 acceperit.

2281 4083 2333 4165 l.
2366 4110 2592 4166 Nnbium
2625 4083 2839 4180 quidem
2878 4083 3172 4162 concursus
3201 4083 3340 4162 diem
3370 4097 3511 4157 nobis
3548 4083 3723 4148 reddidit

2209 4205 2499 4260 tristiorem
2532 4224 2545 4259 :
2575 4202 2837 4258 adventus
2882 4209 3059 4256 autem
3099 4198 3335 4255 doctoris
3376 4192 3445 4268 (a)
3477 4185 3719 4268 hilariorem

2210 4297 2358 4352 illum
2389 4293 2585 4351 effecit.
2620 4293 2734 4348 Non
2760 4292 2903 4347 enim
2933 4293 3003 4346 ita
3029 4290 3133 4355 sol,
3176 4304 3294 4345 cum
3323 4285 3389 4342 de
3426 4277 3581 4337 medio
3601 4267 3721 4325 catio-

2208 4402 2327 4444 rum
2355 4386 2565 4458 fastigio
2607 4383 2787 4440 radios
2834 4383 3053 4449 emittit,
3082 4396 3307 4454 corpora
3354 4376 3583 4434 illustrat,
3605 4368 3718 4458 lutet

2211 4477 2390 4535 medio
2433 4453 2532 4534 suo
2563 4475 2756 4530 throno
2801 4473 2962 4529 facies
3011 4481 3248 4544 paterna:
3289 4462 3508 4525 caritatis
3530 4453 3722 4511 etttilleﬂs

2209 4569 2412 4636 radios,
2443 4568 2650 4623 animas
2670 4575 2882 4622 nostras
2908 4566 3188 4621 illuminat.
3216 4560 3362 4633 Quod
3382 4569 3494 4613 cum
3514 4552 3606 4620 ipse
3621 4555 3719 4636 ηαυ-

2210 4677 2316 4734 (tuo
2347 4662 2512 4733 probe
2560 4670 2763 4726 nosset,
2809 4675 2914 4714 non
2960 4660 3115 4714 nobis
3158 4659 3303 4713 solus
3340 4647 3552 4711 advenit,
3579 4635 3652 4734 sed
3681 4637 3721 4685 εί

2214 4732 2555 4810 luminarium
2584 4762 2726 4809 ccetu
2750 4752 3036 4807 comitatus
3065 4750 3285 4821 appulit,
3316 4756 3374 4802 ut
3399 4745 3478 4799 lux
3505 4732 3716 4829 mitigat:

2218 4846 2420 4918 piosior
2447 4844 2742 4915 effulgeret.
2768 4843 2889 4910 Quo
2916 4842 2972 4898 ﬁt
3000 4852 3058 4898 ut
3082 4843 3235 4899 nobis
3265 4843 3462 4895 lactetur
3485 4821 3668 4885 ecclesia
3682 4821 3719 4918 si

2212 4916 2481 4994 exsultent
2526 4951 2737 5007 greges,
2772 4950 2976 5004 nosque
3021 4933 3210 5003 majori
3238 4945 3353 4988 cum
3381 4916 3718 5007 alacritatem?

2212 5044 2427 5086 monem
2469 5006 2826 5085 instituamus.
2874 5026 2976 5083 Ubi
3021 5026 3164 5082 enim
3209 5030 3465 5096 pastorum
3491 5006 3717 5066 concursus

2212 5134 2316 5192 est,
2348 5124 2457 5180 illic
2483 5131 2538 5179 et
2566 5123 2746 5177 ovium
2777 5131 2860 5176 est
2901 5121 3182 5176 securitas.
3226 5118 3297 5173 lta
3326 5120 3489 5170 nautae
3511 5097 3716 5190 lwtantttr.

2214 5234 2336 5274 cum
2385 5216 2566 5287 plures
2619 5215 2726 5270 illis
2787 5213 2984 5269 adsunt
3028 5198 3573 5287 gubernatores:dttm
3612 5192 3716 5287 calt“

2218 5309 2380 5364 maris
2408 5306 2762 5377 tranquillitas
2788 5316 2842 5360 et
2886 5283 3139 5361 aet-isiest
3162 5301 3427 5362 serenitas,
3452 5283 3716 5377 gubernant:

2217 5401 2392 5455 lorum
2423 5360 2662 5454 subsidio
2709 5396 2946 5452 laborem
2988 5395 3090 5450 illis
3121 5383 3463 5463 remigationis
3500 5360 3716 5472 Ιεξνξηξζξξ

2217 5491 2347 5547 dum
2400 5503 2550 5545 mare
2595 5488 2845 5559 precellis
2892 5488 3143 5557 agitatur,
3189 5451 3300 5539 arte
3343 5491 3402 5532 ac
3447 5451 3717 5559 munito-ditt:t

2216 5596 2501 5653 operarum
2526 5580 2771 5652 prtelium
2795 5577 3052 5633 undarum
3075 5577 3278 5632 sedant.
3303 5566 3483 5626 Idcirco
3501 5565 3581 5653 nos
3596 5548 3714 5653 etiam

2219 5674 2554 5732 conﬁdenter
2593 5672 2817 5728 docendi
2847 5687 3004 5727 causa
3036 5679 3334 5728 sermonem
3362 5646 3659 5728 aggredimur,
3676 5635 3713 5732 el

2220 5773 2462 5841 ipsorum
2524 5766 2772 5837 precibus
2820 5776 3009 5820 cuncta
3060 5758 3442 5821 committimus.
3485 5740 3541 5798 Ut
3582 5729 3711 5786 aulum

2286 5863 2361 5927 (a)
2394 5869 2462 5913 De
2480 5859 2700 5909 Flaviano
2723 5856 2952 5920 loquitur.
