3964 6424
337 373 443 428 615

334 492 582 547 δύναται
601 497 898 552 εἰσελθεῖν
913 502 998 567 εἰς
1017 501 1131 570 τὴν
1146 504 1474 567 ,βασιλείαν
1490 506 1607 560 τῶν
1621 510 1892 576 οὐρανῶν

334 586 396 637 Ι·Σί
418 587 597 639 τοίνυν
630 587 910 657 βασιλείαν
948 592 1191 663 οὐρανῶν
1243 597 1632 668 ἐπηγγείλατο,
1685 603 1766 663 εἰς
1810 618 1916 654 πα-

331 675 580 744 ράδεισον
625 677 681 729 δὲ
716 680 976 750 εἰσήγαγε
1006 682 1097 736 τὸν
1123 684 1348 758 λῃστὴν,
1380 688 1593 742 οὐδέπω
1636 691 1917 748 ἀπέδωκεν

327 765 479 834 αὐτῷ
507 766 572 820 τά
608 768 808 836 ἀγαθά.

415 858 554 910 Ἀλλ’
587 857 774 930 ἕτερόν
802 878 853 914 τι
877 863 1015 933 πρὸς
1056 865 1215 919 τοῦτο
1244 867 1482 937 λέγουσι.
1520 871 1624 925 Τὸν
1651 875 1914 944 παράδει-

327 963 444 1010 σον,
491 949 673 1016 φασὶν,
703 951 958 1019 ἐνταῦθα,
1003 955 1062 1007 οὐ
1095 957 1184 1010 τὸν
1220 961 1549 1029 παράδεισοι
1581 959 1756 1026 εἶπεν,
1781 966 1918 1020 ἀλλά

323 1037 405 1106 τῷ
432 1037 528 1090 τοῦ
566 1040 894 1110 παραδείσου
924 1044 1149 1112 ὀνόματι
1183 1048 1281 1117 τὴν
1312 1048 1586 1117 βασιλείαν
1617 1053 1724 1105 τῶν
1754 1055 1918 1125 οὐρα-

325 1128 436 1180 νῶν
465 1129 769 1200 ὠνόμασεν.
821 1134 1040 1206 Ἐπειδὴ
1070 1137 1179 1209 γὰρ
1209 1140 1343 1210 πρὸς
1378 1141 1581 1212 λῃστὴν
1625 1144 1914 1213 διελέγετο,

325 1219 614 1290 ἄνθρωπον
659 1223 811 1275 οὐδὲν
859 1225 1135 1295 ἀκηκοότα
1184 1230 1292 1283 τῶν
1337 1231 1557 1303 ὑψηλῶν
1611 1234 1915 1305 δογμάτων,

323 1310 450 1361 οὐδὲ
473 1311 648 1365 εἰδότα
682 1315 810 1384 περὶ
844 1317 1204 1388 προφητείας,
1235 1320 1372 1373 ἀλλά
1400 1323 1578 1376 πάντα
1610 1325 1702 1377 τὸν
1728 1327 1918 1396 χρόνον

323 1397 386 1446 ἐν
403 1397 659 1466 ἐρημίαις
682 1400 1058 1471 διατρίψαντα,
1077 1408 1173 1459 καὶ
1193 1407 1385 1475 φόνους
1407 1411 1805 1484 ἐργασάμενον,
1824 1419 1916 1471 καὶ

332 1486 469 1556 μηδὲ
510 1491 910 1560 παρακύψαντά
941 1513 1071 1550 ποτε
1115 1501 1194 1562 εἰς
1226 1501 1546 1572 ἐκκλησίαν,
1581 1506 1716 1576 μήτε
1754 1523 1915 1575 μετα-

329 1580 529 1648 σχόντα
558 1582 705 1645 θείας
731 1587 1070 1658 άκροάσεως,
1093 1591 1170 1664 μὴ
1191 1594 1369 1648 εἰδότα
1394 1597 1446 1649 τί
1470 1599 1598 1652 ποτέ
1625 1600 1739 1653 ἐστι
1765 1600 1916 1670 βασι.

325 1669 448 1723 λεία
482 1671 590 1727 τῶν
617 1675 884 1746 οὐρανῶν,
922 1679 1080 1736 τοῦτο
1109 1683 1261 1752 ἔλεγε
1279 1703 1292 1716 ·
1322 1686 1591 1758 Σήμερον
1614 1691 1740 1759 μετ’
1766 1669 1916 1762 ἐμοῦ

324 1760 446 1830 ἔσῃ
469 1763 539 1815 ἐν
560 1763 640 1828 τῷ
660 1769 1026 1838 παραδείσῳ⁹
1062 1773 1138 1843 τῷ
1159 1780 1562 1851 γνωριμωτέρῳ
1582 1785 1674 1837 καὶ
1699 1760 1918 1856 συνηθε-

327 1854 508 1924 στέρῳ
539 1855 689 1927 [682]
718 1858 941 1930 ὀνόματι
974 1862 1068 1914 τοῦ
1109 1868 1440 1937 παραδείσου
1489 1873 1588 1943 τὴν
1635 1854 1913 1944 βασιλείαν

323 1945 437 1998 τῶν
461 1947 704 2016 οὐρανῶν
737 1950 904 2020 δηλοῖ,
930 1957 1022 2007 καὶ
1056 1958 1182 2029 περὶ
1201 1962 1412 2032 ἐκείνης
1441 1965 1588 2036 αὐτῷ
1608 1967 1912 2039 διαλέγεται

322 2036 356 2086 6
384 2036 638 2106 Χριστός.
687 2041 944 2112 Δέχομαι.
975 2043 1206 2112 Οὐκοῦν,
1243 2053 1427 2121 φησὶν,
1457 2056 1672 2126 εἰσῆλθε
1707 2036 1785 2125 εἰς
1815 2063 1913 2131 τὴν

325 2127 606 2197 βασιλείαν
636 2134 743 2188 τῶν
792 2137 1058 2208 οὐρανῶν.
1099 2142 1270 2196 Πόθεν
1303 2145 1492 2216 δῆλον;
1542 2149 1628 2216 Ἐξ
1656 2144 1729 2204 ὧν
1767 2127 1910 2219 εἷπε,

321 2217 596 2287 Σήμερον
625 2225 752 2290 μετ’
787 2223 933 2292 ἐμοῦ
977 2228 1091 2296 ἔσῃ
1130 2230 1198 2283 ἐν
1223 2231 1303 2296 τῷ
1334 2235 1695 2304 παραδείσῳ.
1744 2240 1804 2291 Εἰ
1854 2217 1913 2293 δέ

325 2308 609 2383 βιαιοτέρα
641 2316 673 2384 ἡ
706 2315 860 2379 λύσις
889 2317 1026 2389 αὕτη
1052 2363 1066 2385 ,
1111 2321 1209 2393 τὴν
1245 2328 1582 2400 σαφεστέραν
1614 2331 1907 2402 ἐπάξομεν.

325 2401 394 2452 Τί
442 2398 533 2454 οὖν
581 2405 728 2458 ἐστιν
770 2407 944 2478 αὐτη;
994 2407 1160 2466 Εἶπεν
1205 2415 1234 2467 6
1277 2398 1533 2488 Χριστὸς,
1580 2422 1633 2473 '0
1675 2398 1912 2492 μὴτπι-

322 2494 562 2546 στεύων
596 2497 684 2560 είς
721 2497 830 2551 τὸν
870 2500 1026 2565 Υἱὸν,
1076 2503 1192 2572 ἤδη
1222 2506 1507 2575 κέκριται.
1537 2513 1600 2564 Τί
1634 2510 1759 2580 οῦν;
1808 2517 1910 2587 ἤδη

324 2585 610 2656 κέκριται;
641 2589 834 2643 Καίτοι
863 2590 1015 2645 οὐπω
1050 2596 1367 2663 ἀνάστασις,
1398 2600 1549 2656 οῦπω
1577 2605 1792 2670 κόλασις
1817 2608 1910 2661 καὶ

323 2678 566 2748 τιμωρία
585 2695 598 2708 ·
630 2679 746 2744 πῶς
769 2679 862 2736 οὖν
891 2684 988 2756 ἤδη
1019 2687 1304 2757 κέκριται;
1335 2691 1468 2745 Ἀπὸ
1495 2696 1591 2766 τῆς
1613 2698 1906 2768 ἁμαρτίας.

323 2768 440 2821 Καὶ
468 2771 647 2836 πάλιν,
681 2773 740 2826 '0
756 2778 1061 2831 πιστεύων
1087 2782 1174 2846 εἰς
1188 2781 1296 2835 τὸν
1322 2784 1479 2850 Υίὸν,
1499 2787 1652 2855 φησὶ,
1665 2789 1909 2856 μεταϐέ-

321 2861 509 2928 ϐηκεν
531 2863 598 2917 ἑκ
631 2865 736 2920 τοῦ
769 2868 1026 2924 θανάτου
1055 2874 1143 2938 εις
1171 2874 1285 2943 τὴν
1316 2875 1483 2943 ζωήν.
1514 2879 1623 2933 Καὶ
1641 2882 1741 2934 οὐκ
1763 2877 1906 2948 εἷπε,

326 2951 736 3022 μεταϐήσεται,
778 2957 912 3022 ἀλλ’,
968 2961 1069 3032 ἤδη
1137 2965 1500 3034 μεταϐέϐηκε
1533 2984 1548 2998 '
1609 2971 1701 3023 καὶ
1755 2966 1909 3036 οὗτος

323 3043 488 3096 πάλιν
512 3045 621 3099 ἀπὸ
641 3047 732 3100 τοῦ
765 3050 1204 3121 κατορθώματος,
1229 3056 1476 3119 κάκεῖνος
1496 3058 1656 3112 πάλιν
1681 3061 1789 3113 ἀπὸ
1812 3062 1906 3116 τοῦ

325 3137 744 3209 ἁμαρτήματος.
778 3141 988 3212 Ὥσπερ
1012 3140 1105 3198 οὖν
1138 3146 1344 3211 ἐκεῖνος
1380 3149 1652 3221 κέκριται,
1679 3153 1908 3224 μηδέπω

325 3227 667 3299 κρινόμενος,
702 3232 952 3296 κάκεῖνος
975 3237 1349 3308 μεταϐέϐηκεν
1379 3242 1458 3303 εἰς
1485 3243 1582 3312 τὴν
1603 3242 1767 3314 ζωὴν,
1805 3262 1909 3315 μη-

323 3318 475 3374 δέπω
526 3323 799 3392 μεταϐὰς,
854 3327 1118 3397 καὶπρὸς
1173 3332 1378 3384 ἐκεῖνον
1428 3333 1536 3386 ἀπὸ
1582 3335 1672 3387 τοῦ
1715 3354 1910 3406 κατορ-

327 3409 599 3482 Θὼματος,
647 3419 741 3470 καὶ
781 3419 918 3490 πρὸς
955 3422 1142 3476 τοῦτον
1188 3424 1297 3478 ἀπὸ
1353 3426 1448 3479 τοῦ
1489 3429 1904 3500 ἁμαρτήματος,

321 3503 402 3568 ὡς
437 3510 816 3579 γεγενημένων
859 3515 923 3585 δὴ
975 3517 1314 3587 πραγμάτων
1350 3519 1501 3572 οὔπω
1527 3524 1906 3593 γεγενημένων

322 3595 668 3666 διαλέγεται·
708 3601 850 3657 οὕτω
896 3605 990 3658 καὶ
1027 3607 1163 3676 πρὸς
1192 3610 1284 3662 τὸν
1338 3610 1541 3683 λῃστὴν
1587 3614 1763 3683 ἐλεγε.
1798 3617 1907 3670 Καὶ

322 3686 438 3757 γὰρ
469 3688 518 3740 οἱ
549 3691 743 3760 ἰατροὶ,
772 3693 990 3748 ἐπειδάν
1014 3697 1164 3749 ἴδωσί
1191 3715 1312 3752 τινα
1349 3701 1794 3774 ἀπεγνωσμένον,
1822 3704 1908 3759 λέ-

323 3794 536 3846 γουσιν,
570 3782 652 3834 ὅτι
693 3783 792 3854 ἤδη
830 3785 1058 3856 τέθνηκε
1094 3790 1187 3842 καὶ
1229 3792 1419 3862 νεκρός
1464 3795 1600 3858 ἐστι,
1631 3797 1806 3848 καίτοι
1844 3814 1906 3865 γε

325 3867 410 3922 ἔτι
433 3870 737 3940 ἐμπνέοντα
757 3873 1067 3944 βλέποντες.
1095 3877 1233 3931 Ἀλλ’
1255 3878 1444 3950 ὥσπερ
1465 3883 1691 3949 ἐκεῖνος,
1717 3888 1905 3960 ἐπειδὴ

325 3959 518 4013 ἐλπίδα
536 3964 808 4034 σωτηρίας
829 3966 929 4018 οὐκ
949 3966 1081 4037 ἔχει,
1103 3968 1331 4041 τέθνηκε
1361 3972 1512 4042 παρά
1538 3977 1646 4036 τοῖς
1679 3959 1903 4046 ίατροῖςέ

322 4051 472 4105 οὓτω
499 4054 594 4105 καὶ
633 4055 662 4105 6
687 4055 907 4127 λῃστὴς,
941 4060 1126 4131 ἐπειδὴ
1178 4063 1505 4132 προσδοκίαν
1533 4065 1714 4118 οὐκέτι
1760 4063 1905 4137 εἶχεν

323 4143 680 4215 ὑποστροφῆς
693 4149 772 4208 είς
787 4149 1082 4216 ἀπώλειαν,
1096 4153 1440 4224 εἰσελήλυθεν
1457 4157 1535 4218 εἰς
1549 4157 1639 4208 τὸν
1656 4157 1902 4228 οὐρανόν.

325 4236 486 4290 Οὕτω
516 4240 608 4292 καὶ
634 4241 662 4291 6
706 4242 876 4313 Ἀδὰμ
907 4244 1159 4314 ἤκουσεν,
1195 4238 1268 4318 *ῌ
1298 4248 1350 4300 δ’
1375 4247 1452 4302 ἂν
1472 4250 1664 4319 ᾑμέρᾳ
1681 4250 1907 4322 φάγητε

322 4327 445 4382 ἀπὸ
470 4330 577 4384 τοῦ
604 4332 814 4399 ξύλου,
840 4335 1071 4401 θανάτῳ
1094 4338 1510 4395 ἀποθανεῖσθε.
1536 4342 1600 4394 Τί
1625 4339 1738 4408 οὖν,
1767 4345 1903 4416 αὐτῇ

322 4422 392 4490 τῇ
428 4422 610 4492 ἡμέρᾳ
630 4424 898 4479 ἀπέθανεν
917 4443 931 4492 ;
956 4427 1218 4498 Οὐδαμῶς
1239 4447 1252 4460 ·
1279 4430 1390 4483 ἀλλ’
1406 4430 1598 4500 ἔζησεν
1615 4434 1707 4504 ἐτη
1731 4437 1907 4488 ἐννεα-

325 4510 486 4562 κόσια
504 4513 595 4564 καὶ
622 4512 879 4567 ἐπέκεινα
904 4515 1041 4584 μετὰ
1059 4517 1158 4588 τὴν
1177 4519 1388 4590 ἡμέραν
1409 4521 1639 4592 ἐκείνην.
1668 4523 1792 4586 Πῶς
1812 4521 1905 4577 οὖν

325 4599 513 4668 ἔλεγεν
566 4603 590 4654 6
643 4603 808 4669 Θεὸς,
836 4605 917 4658 ὅτι
949 4611 1028 4681 Τῇ
1075 4609 1211 4680 αὐτῇ
1267 4611 1452 4682 ἡμέρᾳ
1499 4613 1901 4681 ἀποθανεῖσθε;

326 4693 408 4763 Τῇ
461 4694 760 4763 ἀποφάσει,
815 4698 872 4750 οὐ
923 4701 989 4770 τῇ
1047 4701 1235 4772 πείρᾳ.
1293 4702 1448 4757 Οὕτω
1497 4707 1592 4759 καὶ
1630 4707 1656 4757 ὁ
1702 4705 1904 4779 λῃστὴς

325 4781 575 4852 εἰσῆλθεν
610 4786 690 4848 εἰς
717 4785 809 4840 τὸν
834 4788 1079 4858 οὐρανόν.
1117 4793 1380 4846 ’Ἄκουσον
1406 4794 1536 4862 γοῦν
1583 4794 1634 4847 τί
1678 4814 1841 4867 φησιν
1875 4799 1904 4849 6

326 4871 561 4940 Παῦλος,
595 4875 770 4946 δηλῶν
815 4878 896 4930 ὃτι
929 4879 1104 4944 οὐδεὶς
1139 4881 1350 4937 οὐδέπω
1379 4883 1486 4937 τῶν
1521 4885 1739 4953 ἀγαθῶν
1769 4888 1904 4940 ἀπέ-

325 4963 461 5017 λαϐε
487 4965 585 5037 τὴν
604 4966 870 5022 ἀντίδοσιν
889 4985 903 4999 ’
935 4972 1063 5041 περὶ
1091 4971 1200 5043 γὰρ
1224 4971 1332 5027 τῶν
1363 4977 1657 5046 προφητῶν
1681 4978 1902 5032 καὶτῶν

325 5055 550 5109 δικαίων
591 5057 968 5130 διαλεγόμενος
1013 5063 1286 5133 ἐπήγαγε·
1320 5069 1482 5119 Κατα
1504 5067 1714 5120 πίστιν
1759 5069 1892 5122 ἀπέ·

327 5150 518 5202 θανον
537 5145 702 5204 οὗτοι
722 5150 946 5218 πάντες
972 5153 1058 5223 μὴ
1091 5155 1477 5226 κομισάμενοι
1521 5159 1628 5225 τὰς
1655 5161 1903 5233 ἐπαγγε-

325 5241 668 5306 λίας-,ἀλλὰ
699 5247 1003 5314 ποῤῥωθεν
1023 5248 1246 5316 εἰδότες
1273 5249 1460 5317 αὑτὰς
1498 5253 1595 5306 καὶ
1619 5255 1900 5312 ἀσπασά-

320 5351 517 5402 μενοι,
546 5335 654 5388 τοῦ
694 5335 842 5390 Θεοῦ
874 5338 1162 5406 κρεῖσσόν
1193 5359 1247 5394 τι
1287 5344 1420 5411 περί
1453 5345 1622 5414 ἡμῶν
1653 5351 1899 5416 προϐλε-

327 5424 629 5493 ψαμένου,
659 5427 761 5480 ἵνα
785 5428 870 5498 μὴ
894 5431 1073 5496 χωρὶς
1105 5431 1273 5500 ἡμῶν
1297 5436 1669 5492 τελειωθῶσι.
1717 5440 1759 5490 Τ
1763 5438 1904 5491 αῦτο.

330 5518 614 5588 κατέχετε,
654 5520 748 5572 καὶ
800 5519 1101 5591 μέμνησθε,
1160 5525 1254 5576 καὶ
1291 5526 1416 5587 τοὺς
1461 5527 1561 5580 οὐκ
1599 5528 1904 5597 ἀκηκοότας

328 5615 638 5670 διδάσκετεο
669 5614 840 5670 ταῦτα
859 5619 954 5670 καὶ
979 5619 1038 5670 ὲν
1066 5619 1350 5690 ἐκκλησίᾳ,
1381 5621 1471 5673 καὶ
1501 5623 1558 5673 ἐν
1587 5623 1781 5694 ἀγορᾷ,
1809 5626 1904 5677 καὶ

331 5711 390 5762 ἐν
444 5709 592 5778 οἰκίᾳ
650 5709 925 5781 μελετάτω
973 5710 1222 5774 ἕκαστος.
1272 5711 1436 5765 Οὐδὲν
1488 5713 1598 5785 γὰρ
1646 5717 1902 5788 ἡδύτερον

331 5802 650 5873 ἀκροάσεως
684 5800 850 5866 θείας.
893 5803 1157 5857 Ἄκουσον
1179 5803 1308 5873 γοῦν
1341 5804 1393 5858 τί
1433 5824 1563 5877 φησι
1607 5813 1734 5880 περὶ
1774 5810 1900 5863 ταύ-

1533 383 1598 437 IN
1640 384 1938 443 GENESIM
1988 388 2219 449 SERMO
2263 395 2393 454 VIII.

3491 412 3595 468 616

2024 530 2124 601 της
2149 516 2189 601 6
2205 517 2491 592 Προφήτης
2513 538 2527 553 ο
2580 524 2674 588 Ὠς
2712 525 2936 594 γλυκέα
2969 527 3048 594 τῷ
3084 529 3340 600 λάρυγγί
3364 549 3482 601 μου
3526 534 3596 587 τὰ

2017 597 2193 684 adrui
2223 614 2360 684 σου,
2385 604 2537 671 ὑπὲρ
2561 605 2702 673 μέλι
2727 609 2822 660 καὶ
2847 610 3061 676 κηρίον
3088 597 3169 677 τῷ
3183 597 3440 682 στόματί
3451 633 3592 684 μου.

2020 677 2187 768 Τρῦτο
2213 681 2388 737 τοίνυν
2422 688 2712 756 παρατίθει
2757 691 2818 743 τὸ
2847 693 3036 762 κηρίον
3069 695 3162 746 ἐπὶ
3186 677 3597 768 τῆςῠτραπέζης

2017 760 2115 830 τῆς
2145 763 2456 837 ἐσπερινῆς,
2491 768 2630 822 ὥστε
2668 773 2845 826 πᾶσαν
2881 760 3052 845 αὐτὴν
3091 760 3280 848 ἡδονῆς
3309 760 3594 850 πληρῶσαι

2018 856 2411 925 πνευματικῆς.
2446 858 2556 928 Οὐχ
2585 861 2744 929 ὁρᾶτε
2779 865 2904 928 τοὺς
2940 865 3204 935 εὐπόρους
3231 866 3341 919 τῶν
3380 867 3594 938 ἀνθρώ-

2019 953 2156 1002 πων,
2191 941 2307 1004 πῶς
2353 944 2492 1012 μετά
2543 947 2608 1000 τὰ
2655 949 2796 1002 σιτία
2842 950 3173 1022 κιθαρῳδοὺς
3215 955 3309 1006 καὶ
3353 955 3592 1025 αὐλητάς

2020 1029 2400 1100 ἐπεισάγουσι;
2457 1034 2692 1106 Θέατρον
2749 1041 2944 1094 ἐκεῖνοι
2995 1043 3204 1097 ποιοῦσι
3241 1046 3341 1116 τὴν
3388 1046 3596 1099 ἐαυτῶν

2018 1117 2213 1169 οἰκίαν·
2246 1120 2309 1171 σὺ
2335 1121 2555 1191 ποίησον
2580 1123 2676 1194 τὴν
2703 1127 2878 1179 οἰκίαν
2906 1127 3003 1199 τὴν
3037 1130 3134 1201 σὴν
3167 1132 3408 1202 οὐρανόν·
3443 1135 3598 1202 ποιή-

2021 1219 2134 1266 σεις
2165 1204 2244 1270 δὲ,
2289 1207 2410 1277 οὐχὶ
2434 1210 2558 1272 τοὺς
2594 1211 2805 1280 τοίχους
2840 1215 3104 1284 ἀμείϐων,
3137 1217 3255 1270 οὐδὲ
3298 1219 3596 1288 μεταλλάτ-

2018 1306 2126 1341 των
2151 1290 2218 1343 τά
2241 1291 2484 1363 θεμέλια,
2521 1295 2634 1348 ἀλλ’
2666 1299 2828 1352 αὐτὸν
2853 1301 2945 1352 τὸν
2979 1303 3086 1354 τῶν
3118 1305 3358 1374 οὐρανῶν
3389 1306 3596 1359 Δεσπό-

2017 1393 2116 1446 την
2150 1379 2241 1430 ἐπὶ
2271 1379 2370 1451 τὴν
2403 1383 2678 1453 τράπεζαν
2717 1386 2895 1439 καλῶν
2911 1388 3006 1458 τὴν
3042 1391 3159 1459 σήν.
3193 1393 3307 1444 Οὐκ
3335 1392 3597 1463 ἐπαισχύ-

2021 1481 2169 1516 νεται
2194 1465 2261 1518 τὰ
2284 1469 2505 1523 τοιαῦτα
2530 1470 2718 1524 δεῖπνα
2747 1474 2774 1525 ὁ
2799 1473 3126 1536 Θεός.Ἕνθα
3155 1477 3263 1548 γάρ
3283 1479 3597 1533 διδασκαλία

2020 1555 2384 1624 πνευματικὴ,
2418 1558 2534 1610 ἐκεῖ
2565 1562 2658 1611 καὶ
2685 1560 3026 1632 σωφροσύνη,
3059 1565 3151 1616 καὶ
3185 1566 3466 1635 σεμνότης,
3502 1568 3598 1624 καὶ

2018 1639 2305 1693 ἐπιείκεια’
2348 1643 2475 1696 ἔνθα
2503 1646 2642 1717 ἀνὴρ
2675 1648 2769 1700 καὶ
2801 1649 2934 1719 γυνὴ
2962 1651 3054 1704 καὶ
3081 1651 3285 1718 παιδία,
3319 1652 3463 1724 [685]
3504 1655 3598 1707 καλ⁵

2016 1728 2236 1796 ὁμόνοια
2270 1732 2364 1782 καὶ
2386 1732 2555 1798 φιλία,
2600 1735 2693 1787 καὶ
2722 1738 2836 1798 τοῖς
2863 1737 2960 1807 τῆς
2999 1738 3200 1810 ἀρετῆς
3230 1740 3597 1810 συνδεδεμένοι

2015 1813 2254 1882 δεσμοῖς,
2307 1819 2424 1871 ἐκεῖ
2470 1822 2632 1889 μέσος
2682 1823 2710 1874 6
2762 1823 3015 1892 Χριστός.
3074 1826 3149 1876 Οὐ
3203 1825 3313 1896 γάρ
3363 1828 3596 1897 χρυσοῦν

2015 1899 2209 1972 ὄροφον
2240 1902 2410 1974 ζητεῖ,
2435 1907 2553 1960 οὐδὲ
2570 1909 2854 1977 ἀστραπὰς
2879 1911 3090 1971 κιόνων,
3107 1912 3225 1964 οὐδὲ
3250 1912 3418 1982 κάλλη
3453 1932 3594 1985 μαρ-

2018 1987 2231 2059 μάρων,
2265 1991 2399 2043 άλλὰ
2433 1993 2609 2064 ψυχῆς
2641 1994 2810 2065 ὥραν,
2842 1997 2936 2049 καὶ
2979 1997 3218 2061 διανοίας
3273 2000 3593 2070 εὐμορφίαν,

2015 2075 2108 2127 καλ¹
2139 2077 2412 2148 τράπεζαν
2446 2079 2790 2151 δικαιοσύνης
2808 2083 3084 2153 γέμουσαν
3115 2086 3208 2137 κα)⁸
3227 2085 3596 2158 ἐλεημοσύνης

2014 2166 2259 2235 καρποὺς
2273 2166 2521 2236 ἔχουσαν.
2551 2170 2667 2222 Κᾶν
2687 2170 2768 2241 ἴδῃ
2794 2171 3047 2243 τοιαύτην
3069 2173 3366 2243 τράπεζαν,
3387 2175 3595 2244 ταχέως

2014 2255 2260 2304 κοινωνεῖ
2289 2254 2382 2306 τοῦ
2423 2254 2704 2324 συλλόγου,
2751 2259 2844 2312 καὶ
2892 2260 3270 2329 παραγίνεται.
3323 2264 3425 2316 Καὶ
3490 2263 3596 2334 γὰρ

2013 2337 2175 2400 αὐτός
2222 2340 2369 2393 ἐστιν
2417 2342 2446 2394 6
2492 2343 2752 2413 εἰρηκώς·
2796 2346 3096 2400 Πεινῶντὰ
3122 2366 3199 2416 με
3234 2349 3442 2412 εἴδετε,
3494 2350 3594 2404 καὶ

2012 2424 2319 2492 ἐθρέψατε.
2353 2428 2520 2481 Ὅταν
2568 2427 2659 2483 οὖν
2688 2432 2927 2504 ἀκούσῃς
2960 2434 3188 2505 πένητος
3221 2436 3461 2490 κάτωθεν
3498 2454 3598 2506 με·

2013 2512 2152 2580 γάλα
2184 2513 2434 2582 βοῶντος,
2471 2512 2591 2570 εἶτα
2637 2520 2744 2572 ἀπὸ
2789 2523 2888 2590 τῆς
2920 2522 3199 2592 τραπέζης
3227 2525 3335 2576 τῶν
3375 2541 3594 2594 προκει-

2015 2599 2191 2670 μένων
2243 2601 2346 2671 δῴς
2371 2621 2424 2656 τι
2475 2604 2554 2675 τῷ
2581 2605 2837 2676 δεομένῳ,
2883 2607 2973 2661 τὸν
3011 2609 3285 2680 Δεσπότην
3331 2611 3593 2676 ἐκάλεσας

2009 2689 2096 2741 διὰ
2125 2690 2218 2742 τοῦ
2246 2691 2432 2745 δούλου
2455 2695 2591 2764 πρὸς
2615 2695 2714 2762 τὴν
2740 2697 3017 2766 τράπεζαν
3036 2698 3132 2769 τὴν
3159 2699 3279 2770 σὴν,
3301 2701 3480 2754 πᾶσαν
3502 2701 3594 2753 αὐ-

2009 2777 2107 2847 τὴν
2138 2777 2397 2848 εὐλογιῶν
2431 2783 2753 2854 ἐνέπλησας,
2785 2787 2877 2838 καὶ
2899 2787 2986 2839 διὰ
3015 2787 3114 2857 τῆς
3140 2788 3394 2858 ἀπαρχῆς
3425 2789 3595 2860 ἀφορ-

2013 2864 2118 2934 μὴν
2152 2867 2414 2938 μεγίστην
2442 2869 2534 2923 τοῦ
2565 2870 2930 2941 πληθύνεσθαι
2951 2892 3032 2926 σοι
3057 2875 3124 2928 τὰ
3150 2878 3349 2946 ταμεία
3372 2876 3593 2945 ἀγαθῶν

2009 2951 2220 3005 πολλῶν
2270 2956 2712 3027 παρεσκεύασας.
2779 2960 2836 3011 Ὀ
2862 2960 2918 3012 δὲ
2962 2961 3092 3024 Θεὸς
3127 2963 3226 3033 τῆς
3279 2964 3525 3034 εἰρήνης,
3560 2965 3589 3017 6

2007 3037 2181 3101 διδοὺς
2217 3041 2379 3111 ἄρτον
2424 3044 2504 3106 εἰς
2537 3043 2758 3115 βρῶσιν,
2789 3047 2882 3100 καὶ
2921 3047 3138 3119 σπέρμα
3176 3049 3252 3119 τῷ
3288 3050 3586 3120 σπείροντι,

2011 3123 2271 3195 πληθύνοι
2299 3128 2390 3181 τὸν
2419 3131 2618 3202 σπόρον
2653 3133 2826 3202 ὑμῶν,
2874 3134 2966 3187 καὶ
3006 3135 3261 3204 αὐξήσειε
3303 3137 3370 3190 τὰ
3397 3139 3592 3207 γεννή-

2010 3227 2156 3279 ματα
2184 3213 2282 3282 τῆς
2310 3214 2653 3288 δικαιοσύνης
2683 3222 2740 3272 ἐν
2771 3221 2932 3273 πᾶσιν
2962 3222 3107 3292 ὑμῖν,
3139 3223 3236 3294 τὴν
3263 3225 3390 3295 παρ’
3424 3224 3592 3278 αὐτοῦ

2009 3297 2168 3368 χάριν
2205 3299 2397 3365 διδοὺς,
2435 3303 2528 3356 καὶ
2553 3305 2907 3371 καταξιώσειε
2939 3309 3036 3378 τῆς
3056 3308 3332 3377 βασιλείας
3361 3309 3471 3362 τῶν
3499 3311 3590 3362 οὐ-

2011 3385 2204 3456 ρανῶν·
2238 3384 2306 3460 ἧς
2339 3389 2548 3456 γένοιτο
2607 3392 2813 3454 πάντας
2864 3395 3015 3463 ἡμᾶς
3072 3397 3368 3464 ἐπιτυχεῖν,
3410 3397 3592 3468 χάριτι

2010 3474 2102 3526 καὶ
2134 3475 2511 3548 φιλανθρωπία
2551 3479 2644 3532 τοῦ
2675 3481 2877 3550 Κυρίου
2923 3483 3081 3552 ἡμῶν
3115 3483 3288 3553 Ἰησοῦ
3330 3484 3590 3554 Χριστοῦ,

2006 3561 2073 3614 δι’
2091 3557 2150 3617 οὗ
2179 3565 2269 3617 καὶ
2291 3567 2407 3635 μεθ’
2425 3562 2484 3620 οὐ
2503 3567 2624 3631 δόξα
2653 3568 2727 3639 τῷ
2743 3569 2936 3639 Πατρὶ,
2956 3571 3050 3622 καὶ
3077 3570 3154 3641 τῷ
3185 3571 3323 3641 ἁγίῳ
3341 3571 3593 3641 Πνεῦμα-ο

2009 3667 2078 3716 τι,
2093 3651 2184 3706 νῦν
2203 3656 2296 3707 καὶ
2314 3655 2420 3719 ἀεὶ,
2438 3657 2528 3708 καὶ
2545 3659 2626 3720 εἰς
2643 3659 2766 3718 τοὺς
2797 3657 2998 3722 αἰῶνας
3026 3658 3132 3713 τῶν
3149 3659 3378 3714 αἰώνων.
3399 3661 3453 3712 Ἀ
3463 3661 3588 3731 μήν,

2637 3813 2856 3867 ΛΟΓΟΣ
2883 3812 2962 3868 Η’·

2006 3913 2258 3987 Εἱςᾳτὴν
2276 3913 2501 3987 ἡμέραν
2517 3919 2810 3984 χειμέριον
2836 3916 3051 3979 οὖσαν,
3078 3917 3176 3970 καὶ
3202 3922 3288 3984 εἰς
3314 3920 3425 3987 τὴν
3443 3923 3590 3974 σύν-

2077 3981 2224 4056 οδον
2253 3983 2371 4035 τῶν
2383 3981 2756 4056 ἐπισκόπων,
2791 3989 2887 4040 καὶ
2911 3991 2995 4052 εἰς
3012 3987 3127 4055 τὴν
3152 3981 3322 4042 δόσιν
3357 3981 3465 4056 τῆς
3493 3993 3590 4043 ἐν·

2075 4051 2260 4130 τοιῖῆς
2286 4053 2565 4130 πρὸςιτὸν
2593 4056 2795 4130 Ἀδὰμ,
2828 4058 2924 4110 καὶ
2948 4051 3036 4111 ὅτι
3063 4051 3304 4126 πολλῆς
3336 4051 3587 4130 κηδεμο-

2074 4122 2208 4187 νίας
2240 4123 2344 4175 τὸν
2382 4122 2810 4192 νόμονλιιϐεΐν.

2076 4237 2144 4286 a'.
2170 4230 2235 4283 Ἠ
2255 4231 2352 4302 μὲν
2371 4231 2477 4285 τῶν
2501 4234 2677 4303 νεφῶν
2699 4236 2967 4308 συνδρομὴ
2984 4239 3078 4313 τὴν
3101 4238 3312 4310 ἡμέραν
3337 4241 3466 4310 ἡμῖν
3488 4259 3586 4295 κα-

2004 4318 2343 4388 τηφεστέραν
2370 4321 2642 4392 ἐποίησεν’
2678 4322 2792 4392 ἡδὲ
2827 4327 3097 4394 παρουσία
3138 4327 3231 4379 τοῦ
3267 4327 3586 4381 διδασκάλου

2005 4405 2361 4474 φαιδροτέραν
2396 4407 2563 4478 αὐτὴν
2614 4408 2922 4478 εἰργάσατο.
2967 4413 3041 4463 Οὐ
3097 4411 3204 4482 γάρ
3237 4411 3406 4475 οὕτως
3438 4413 3587 4482 ἥλιος

2006 4491 2070 4541 ἐκ
2132 4491 2301 4561 μέσης
2359 4491 2466 4545 τῶν
2509 4493 2750 4563 οὐρανῶν
2785 4495 2885 4564 τῆς
2920 4501 3167 4567 κορυφῆς
3215 4498 3312 4560 τὰς
3364 4500 3587 4562 ἀκτῖνας

2004 4582 2203 4649 ἀφιεὶς,
2257 4583 2699 4654 καταλάμπειτά
2754 4585 2999 4655 σώματα,
3030 4589 3104 4650 ὡς
3151 4587 3270 4656 ὄψις
3311 4591 3585 4662 πατρικῆς

2004 4670 2382 4741 φιλοστοργίας
2410 4673 2635 4735 ἀκτῖνας
2685 4674 2907 4741 ἀφιεῖσα
2948 4675 3013 4728 ἐκ
3051 4676 3215 4744 μέσου
3242 4677 3336 4730 τοῦ
3366 4678 3581 4749 θρόνου,

2005 4761 2334 4829 καταυγάζει
2359 4761 2456 4824 τὰς
2490 4763 2762 4834 ἡμετέρας
2788 4763 2984 4832 ψυχάς.
3015 4765 3190 4837 Ὅπερ
3234 4762 3325 4820 οὖν
3353 4770 3444 4820 καὶ
3488 4771 3584 4822 αὐς

2001 4849 2091 4910 τὸς
2124 4848 2370 4909 συνιδὼν,
2407 4849 2526 4919 οὐχὶ
2556 4851 2715 4919 μόνος
2739 4853 2867 4921 ἡμῖν
2900 4853 3296 4923 παραγέγονεν,
3321 4855 3454 4908 ἀλλὰ
3488 4857 3585 4910 καὶ

2004 4937 2306 5006 φωστήρων
2337 4938 2494 5007 χορὸν
2511 4939 2648 5008 έχων
2680 4934 2809 5010 ἦλθε
2843 4940 2963 5008 μεθ’
2994 4940 3205 5006 ἐαυτοῦ,
3236 4942 3377 4996 ὥστε
3422 4945 3584 4997 πλέον

2003 5023 2252 5091 γενέσθαι
2288 5023 2348 5075 τὸ
2380 5025 2512 5092 φῶς.
2572 5026 2662 5078 Διὸ
2689 5027 2784 5080 καὶ
2819 5028 2852 5096 ἡ
2888 5028 3152 5097 ἐκκλησία
3193 5029 3324 5096 ἡμῖν
3352 5029 3581 5095 ἀγάλλεο

2001 5128 2113 5177 ται,
2148 5112 2240 5164 καὶ
2266 5115 2462 5183 σκιρτᾷ
2495 5112 2564 5165 τὰ
2596 5115 2842 5184 ποίμνια,
2871 5117 2964 5168 καὶ
2990 5118 3148 5186 ἡμεῖς
3169 5115 3308 5184 μετά
3338 5116 3578 5180 πλείονος

2001 5200 2310 5272 προθυμίας
2337 5203 2443 5255 τῶν
2471 5202 2642 5271 λόγων
2683 5204 2982 5274 ἁπτόμεθα.
3025 5205 3194 5257 Ὅπου
3221 5206 3330 5274 γάρ
3358 5205 3579 5276 συνδρο-

2003 5290 2073 5358 μὴ
2127 5289 2421 5359 ποιμένων,
2456 5292 2573 5344 ἐκεῖ
2619 5293 2711 5345 καὶ
2753 5292 3038 5361 προϐάτων
3084 5291 3367 5358 ἀσφάλεια.
3420 5291 3579 5345 Οὕτω

1999 5375 2091 5427 καὶ
2125 5376 2317 5428 ναῦται
2367 5377 2636 5447 χαίρουσι,
2686 5376 3030 5447 κυϐερνητῶν
3076 5377 3255 5440 αὐτοῖς
3297 5381 3579 5449 παρόντων

2001 5461 2234 5514 πολλῶν·
2287 5464 2381 5515 καὶ
2431 5464 2538 5534 γὰρ
2567 5465 2807 5533 γαλήνης
2837 5461 3004 5533 οὔσης
3042 5464 3135 5516 καὶ
3173 5466 3456 5534 νηνεμίας,
3486 5466 3578 5517 τὸν

2001 5548 2099 5618 τῆς
2125 5549 2478 5620 κωπηλασίας
2501 5550 2658 5602 πόνον
2690 5551 2874 5613 αὐτοῖς
2915 5551 3326 5619 ἐπικουφίζουσι
3352 5553 3438 5605 διὰ
3467 5552 3578 5606 τῶν

2001 5636 2223 5687 οἰάκων·
2277 5638 2372 5690 καὶ
2419 5636 2513 5704 τῆς
2543 5635 2816 5707 θαλάσσης
2864 5638 3279 5708 στασιαζούσης,
3313 5643 3379 5710 τῇ
3411 5640 3578 5715 τέχνη

2003 5727 2098 5778 καὶ
2129 5728 2192 5794 τῇ
2255 5726 2569 5796 πολυχειρίᾳ
2604 5727 2702 5797 τὴν
2750 5729 2854 5781 τῶν
2899 5729 3108 5782 ὑδάτων
3153 5731 3576 5785 καταστέλλουσι

2009 5812 2204 5884 μάχην.
2242 5814 2339 5867 Διά
2393 5815 2548 5869 τοῦτο
2585 5820 2677 5872 καὶ
2709 5819 2867 5890 ἡμεῖς
2898 5818 3249 5891 θαρροῦντες,
3279 5821 3369 5875 τὸν
3417 5822 3576 5892 λόγον
