3964 6432
269 385 378 442 617

271 501 482 558 lucilius
513 519 573 558 ac
604 502 888 558 dilucidius
911 519 1030 574 qua.-
1053 504 1282 560 audietis
1326 505 1599 575 percipere
1627 503 1861 574 possitis,

267 611 454 651 eet-nm
485 613 605 664 qua:
634 597 782 649 vobis
816 600 1066 651 hesterno
1092 599 1180 652 die
1210 598 1351 652 dicta
1393 608 1517 654 sunt
1547 598 1860 654 memoriam

266 687 452 755 paucis
479 686 870 741 refricabiinus.
908 689 1020 742 Dixi
1050 688 1345 755 hominem,
1386 699 1672 758 antequam
1697 689 1764 744 de
1792 691 1860 745 li-

263 795 372 846 gno
425 780 756 843 conroderet,
793 780 988 835 bonum
1039 797 1100 835 ac
1150 783 1346 837 malum
1399 784 1631 848 novisse,
1689 799 1862 853 neque

266 883 550 940 po3tquam
588 881 877 942 gustasset,
911 873 1046 928 lianc
1087 875 1232 928 illum
1278 875 1557 929 scientiam
1606 875 1858 943 adeptum

260 977 405 1016 esse.
439 963 578 1030 Dixi,
609 979 775 1034 quare
823 964 1020 1035 lignum
1053 967 1290 1020 scienti-.e
1315 966 1441 1022 beni
1469 976 1522 1020 et
1567 967 1689 1020 mali
1717 967 1861 1021 dicc-

262 1064 434 1116 retur,
468 1062 524 1108 et
562 1071 668 1125 quo
697 1065 849 1125 pacto
875 1057 1044 1112 soleat
1071 1058 1365 1128 Scriptura,
1397 1069 1677 1130 postquam
1718 1060 1858 1116 circa

262 1154 480 1215 tempus
523 1148 736 1218 aliquod
783 1149 1025 1204 locumve
1067 1165 1152 1204 res
1197 1151 1459 1220 qua-piam
1487 1152 1744 1219 evenerit,
1792 1152 1859 1208 ab

262 1239 353 1292 illa
406 1256 464 1293 re
514 1240 732 1294 ductum
779 1241 897 1294 loco
937 1243 1019 1296 vel
1069 1246 1293 1312 tempori
1343 1260 1537 1298 nomen
1581 1245 1856 1299 tribucre:

258 1345 445 1395 operat
485 1333 712 1400 pretium
759 1333 916 1388 hodie
948 1333 1109 1388 fuerit
1155 1335 1324 1404 ipsum
1370 1337 1676 1391 mamlatum
1723 1338 1859 1392 rcci-

259 1428 395 1484 tare,
430 1422 583 1490 cujus
615 1422 911 1477 interventu
955 1425 1164 1479 arboris
1196 1426 1340 1480 illius
1390 1437 1471 1481 est
1501 1443 1626 1483 esus
1673 1429 1858 1497 probi-

260 1510 429 1564 bitus.
457 1512 734 1579 Quodnam
761 1515 918 1584 igitur
945 1516 1070 1570 illud
1099 1517 1224 1572 est?
1254 1517 1319 1572 Et
1347 1520 1581 1590 praecepit
1611 1519 1857 1576 Dominus

263 1601 402 1656 DL'uS
424 1605 587 1657 Adam
613 1606 783 1660 dicens
814 1623 834 1660 :
868 1606 949 1661 Ex
967 1609 1105 1662 omni
1131 1611 1268 1680 ligno
1292 1612 1426 1680 quod
1455 1621 1526 1666 est
1547 1613 1600 1666 in
1618 1614 1856 1682 paradiso

256 1710 376 1748 esca
425 1697 656 1750 comedes
695 1697 848 1766 (Gen.
903 1700 957 1753 2.
1003 1700 1115 1772 lli).
1167 1702 1351 1756 Divina
1406 1704 1490 1758 lex
1535 1715 1639 1771 est,
1670 1721 1852 1761 verum

254 1786 617 1842 attendamus.
651 1789 703 1843 Si
734 1791 874 1844 enim
921 1791 1166 1848 homines
1213 1794 1338 1850 dum
1383 1797 1555 1866 regias
1585 1798 1763 1867 legunt
1794 1799 1859 1852 li-

257 1884 425 1942 teras,
456 1878 760 1934 universum
793 1891 1155 1949 spectatorum
1183 1896 1380 1939 cretum
1405 1887 1593 1955 jubent
1630 1903 1854 1944 consur—

254 1982 386 2034 gere
419 1988 433 2024 :
466 1970 632 2022 multo
674 1971 843 2040 magis
893 1988 989 2026 nos
1017 1975 1103 2044 qui
1153 1992 1261 2030 non
1294 1976 1590 2042 hominum,
1619 1981 1711 2034 sed
1760 1981 1851 2036 Dei

256 2058 406 2129 leges
448 2061 640 2118 lecturi
679 2078 885 2131 sumas,
931 2067 1138 2123 animos
1179 2079 1389 2140 Oportet
1416 2071 1644 2142 erigere,
1694 2083 1853 2142 atque

254 2151 324 2205 iis
349 2169 468 2221 (pne
495 2153 745 2210 dicuntur
771 2158 1070 2216 attendere.

330 2246 408 2296 An
437 2244 520 2298 [ex
547 2249 612 2298 sit
639 2263 794 2302 causa
817 2251 1025 2317 peccati.
1056 2280 1125 2290 —-
1149 2249 1272 2306 Scio
1305 2254 1589 2308 nonnullos
1613 2255 1852 2325 Legisla-

252 2343 428 2388 torem
457 2350 734 2401 accusare,
765 2355 830 2396 ac
857 2343 1027 2410 legem
1051 2356 1266 2396 causam
1299 2343 1477 2412 lapsus
1501 2361 1620 2400 esse
1648 2348 1848 2403 dicere.

251 2428 533 2486 Adversus
562 2430 663 2488 hoc
693 2431 852 2500 igitur
878 2448 1104 2500 primum
1144 2435 1453 2490 certandum
1478 2449 1579 2503 est,
1607 2454 1669 2492 ac
1689 2439 1849 2495 rebus

253 2521 390 2589 ipsis
419 2523 830 2586 ostendendum,
857 2541 963 2578 non
992 2527 1133 2595 quod
1165 2526 1435 2582 hominem
1459 2529 1581 2582 odio
1603 2529 1844 2597 haberet,

248 2621 347 2665 aut
393 2623 637 2669 naturam
676 2625 912 2670 nostram
956 2618 1238 2687 ignominia
1286 2631 1473 2674 notare
1522 2623 1703 2688 vellet,
1752 2624 1848 2680 sed

251 2703 400 2769 quod
431 2715 635 2759 amaret
677 2706 897 2776 ejusque
926 2724 1107 2763 curam
1136 2721 1363 2779 gereret,
1401 2713 1569 2782 legem
1610 2714 1845 2770 dedisse.

251 2793 322 2849 Ut
353 2797 497 2850 enim
525 2797 706 2853 discas
733 2799 785 2851 in
833 2800 1130 2855 subsidium
1157 2803 1309 2855 nobis
1339 2819 1454 2856 eam
1487 2804 1664 2859 datam
1705 2822 1847 2876 esse,

247 2886 372 2940 audi
402 2888 527 2956 quid
558 2888 702 2946 dicat
733 2890 891 2944 lsaias
923 2912 937 2947 :
965 2891 1149 2962 Legem
1177 2894 1306 2946 enim
1328 2894 1380 2948 in
1420 2897 1666 2950 auxilium
1709 2899 1848 2952 dedit

248 2977 407 3046 (Isai.
440 2979 491 3034 8.
521 2981 637 3051 20).
680 2983 748 3035 Αι
778 2982 868 3052 qui
899 2984 1026 3037 odio
1072 2989 1428 3054 prosequitur,
1462 3003 1566 3041 non
1608 2991 1706 3043 fert
1753 3007 1849 3044 au-

247 3071 456 3124 xilium.
495 3072 698 3127 Rursus
748 3074 1068 3130 vociferatur
1097 3078 1355 3146 prepbeta
1389 3098 1400 3132 :
1433 3079 1664 3135 Lucerna
1701 3085 1845 3153 pedi-

246 3160 342 3214 bus
387 3164 509 3217 meis
550 3165 751 3217 verbum
801 3174 962 3232 luunt,
996 3177 1042 3220 et
1090 3169 1257 3222 lumen
1283 3171 1472 3224 semitis
1511 3173 1630 3226 meis
1670 3176 1843 3243 (l’sal.

245 3256 374 3308 118.
415 3256 556 3324 105).
595 3259 770 3326 Atqui
805 3259 931 3312 odio
955 3261 1314 3330 prosequitur,
1345 3264 1592 3318 tenebras
1633 3267 1846 3322 lucerna

245 3363 356 3400 non
400 3347 635 3411 discutit,
668 3364 768 3402 nec
807 3359 1075 3404 errantem
1107 3367 1229 3405 cum
1276 3353 1394 3408 luce
1424 3355 1656 3410 deducit.
1691 3356 1844 3412 Salo.

247 3453 374 3488 uion
403 3453 622 3491 rursm:
654 3437 882 3492 Lucerna
907 3440 1200 3494 mandatum
1231 3443 1384 3514 legis,
1415 3453 1463 3497 et
1491 3446 1582 3498 (ua:
1600 3489 1614 3508 ,
1639 3459 1684 3499 et
1703 3449 1803 3500 vita
1826 3489 1841 3516 ,

244 3538 292 3581 et
336 3529 616 3598 correptio,
668 3540 714 3582 et
759 3531 1029 3601 disciplina
1072 3531 1253 3596 (Prov.
1292 3535 1346 3588 6.
1371 3536 1490 3605 “.45).
1551 3537 1686 3591 Ecce
1741 3554 1844 3592 non

243 3619 505 3673 auxilium
558 3620 732 3674 solum
760 3663 775 3687 ,
809 3637 906 3676 nec
939 3623 1152 3677 lucerna
1180 3625 1351 3678 solum
1377 3667 1390 3691 ,
1425 3627 1518 3681 sed
1550 3637 1602 3682 et
1631 3630 1717 3682 lux
1764 3640 1846 3684 est

245 3723 301 3765 et
329 3711 435 3764 vita
463 3729 475 3763 :
510 3711 623 3765 haec
669 3727 829 3780 porro
860 3729 965 3767 non
996 3723 1120 3768 sunt
1147 3715 1272 3768 odio
1305 3719 1676 3788 prosequentis
1698 3761 1712 3783 ,
1748 3736 1844 3775 ne-

244 3818 350 3869 que
381 3801 605 3870 perdere
634 3803 859 3857 volentis
881 3846 895 3869 ,
937 3804 1030 3858 sed
1059 3821 1273 3860 manum
1307 3809 1626 3877 porrigentis
1654 3820 1706 3864 et
1735 3813 1844 3864 eri-

243 3892 444 3960 gentis.
480 3893 604 3947 Ideo
634 3893 827 3949 Paulus
857 3910 1068 3965 quoque
1112 3896 1238 3950 dum
1273 3898 1322 3951 iu
1367 3898 1606 3953 Judaeum
1637 3900 1845 3956 invehi-

246 3995 369 4051 tur,
411 3995 464 4040 et
491 3994 742 4055 quantam
773 3988 856 4042 lex
905 3989 1163 4047 invexerit
1208 3991 1522 4056 utilitatem,
1573 3995 1840 4062 ostendit,

244 4092 477 4146 eamque
520 4092 624 4132 non
647 4094 870 4148 gravare
901 4088 1140 4133 naturam
1164 4091 1435 4146 nostram,
1464 4084 1558 4137 sed
1587 4083 1841 4150 reﬁcere,

245 4170 497 4224 dicebat:
532 4169 666 4224 Ecce
693 4182 745 4223 tu
770 4169 987 4226 Judwus
1031 4173 1437 4244 cognominaris,
1489 4185 1534 4230 et
1573 4176 1845 4246 requiescis

245 4261 300 4313 in
329 4260 438 4330 lege
467 4259 643 4333 (Rom.
666 4261 720 4312 9..
746 4261 856 4331 17).
893 4261 1056 4317 Vides
1100 4279 1207 4317 non
1239 4275 1295 4318 ut
1327 4273 1567 4318 naturam
1611 4277 1844 4321 nostram

245 4361 528 4421 gravaret,
582 4352 674 4406 sed
716 4361 772 4405 ut
831 4367 950 4407 eam
989 4364 1299 4418 recrearet,
1346 4356 1508 4410 Deum
1542 4358 1711 4427 legem
1752 4360 1848 4414 de-

244 4444 436 4498 disse?
469 4443 628 4497 Visne
677 4444 882 4500 discere
902 4486 918 4510 ,
954 4446 1004 4499 id
1032 4447 1190 4500 etiam
1221 4447 1368 4500 illum
1396 4449 1568 4517 egisse
1590 4490 1606 4516 ,
1639 4460 1694 4504 ιιι
1745 4451 1845 4505 bo-

245 4550 437 4589 norem
464 4534 743 4591 deferret?
772 4535 901 4590 Nam
931 4547 1171 4606 poterant
1201 4548 1255 4593 et
1284 4540 1381 4593 ista
1411 4542 1539 4594 Satis
1565 4543 1848 4600 ostendere

246 4635 304 4681 et
326 4626 581 4682 honorem
612 4629 847 4684 delatum
869 4671 884 4696 ,
916 4643 972 4686 et
999 4646 1183 4686 curam
1228 4633 1561 4702 impensam:
1600 4638 1693 4694 sed
1745 4639 1847 4695 hoc

249 4720 426 4788 ipsmn
453 4720 571 4774 aliis
591 4721 839 4776 adhibitis
867 4722 1182 4778 teetimoniis
1198 4725 1595 4781 demonstrabo.
1626 4729 1807 4785 Lauda
1828 4775 1843 4801 ,

248 4812 442 4882 inquit,
462 4811 747 4868 Jerusalem
769 4854 784 4879 ,
808 4814 1080 4870 Dominum
1097 4832 1115 4877 ;
1133 4818 1287 4870 lauda
1303 4819 1461 4872 Deum
1479 4831 1620 4875 tuum
1642 4867 1658 4891 ,
1684 4824 1848 4880 Sion:

161 4892 174 4901 ’
245 4904 490 4973 quoniam
528 4906 847 4974 conﬁrmavit
898 4917 1055 4960 vectes
1101 4919 1359 4977 portarum
1406 4923 1638 4974 tuarum,
1697 4915 1848 4970 bene-

245 4997 378 5050 dixit
399 4996 521 5064 ﬁliis
541 4998 638 5050 tuis
659 4998 710 5051 in
731 5007 779 5052 te
797 5013 816 5052 :
840 4998 926 5070 qui
950 4999 1090 5069 ponit
1111 5001 1236 5068 fines
1260 5017 1377 5054 suos
1401 5020 1608 5072 pacem,
1634 5017 1677 5058 et
1699 5008 1851 5076 adipe

248 5089 494 5158 {manenti
518 5089 670 5142 satiat
691 5089 776 5159 te(
807 5087 948 5144 Psal.
980 5091 1099 5144 H7.
1144 5089 1212 5146 1‘2
1235 5123 1257 5132 -
1284 5094 1400 5163 14).
1455 5095 1653 5152 Deinde
1701 5109 1846 5167 posto

246 5193 412 5247 quatit
440 5179 542 5232 alia
570 5179 703 5234 dixit
731 5180 986 5236 beuclicia
1018 5199 1111 5251 per
1149 5184 1282 5238 alias
1312 5197 1589 5241 creaturas
1618 5191 1807 5245 collata
1830 5235 1844 5259 ,

248 5269 528 5338 subjunxit
569 5272 892 5342 praecipuum
931 5284 986 5328 et
1035 5277 1244 5330 caneris
1284 5282 1487 5347 majus,
1543 5280 1626 5334 bis
1671 5284 1849 5337 verbis

249 5371 408 5418 utens
435 5379 447 5417 :
481 5363 582 5432 Qui
602 5366 872 5419 annuntiat
894 5369 1093 5420 verbum
1113 5384 1259 5420 suum
1282 5366 1443 5423 Iacob
1464 5410 1479 5437 ,
1529 5373 1820 5445 justi/icatii.

250 5468 340 5508 nes
361 5464 407 5508 et
417 5455 622 5526 judicia
645 5471 740 5509 sua
767 5454 951 5510 Israel.
982 5456 1103 5513 Non
1131 5460 1248 5530 fecit
1277 5461 1442 5513 taliter
1463 5465 1599 5516 omni
1621 5467 1814 5520 nationi
1833 5510 1846 5533 ,

249 5556 298 5599 et
310 5548 514 5621 judicia
557 5565 650 5604 sua
703 5567 805 5604 non
857 5551 1192 5621 manift-stavit
1235 5554 1305 5606 eis
1346 5551 1508 5621 (Ibid.
1533 5573 1577 5609 v.
1606 5559 1693 5613 19.
1730 5560 1846 5629 20).

255 5640 390 5695 \‘ide
431 5659 592 5712 quam
639 5644 802 5697 multa
832 5645 1161 5699 enumerarit
1212 5645 1374 5700 bona.
1402 5646 1557 5702 Urbis
1586 5652 1844 5706 securita-

254 5741 359 5787 tem
392 5751 406 5788 :
449 5733 777 5799 Conﬁrmavit
803 5735 978 5800 enim,
1011 5733 1180 5804 inquit
1200 5777 1214 5800 ,
1246 5747 1404 5790 vectes
1437 5748 1695 5808 portarum
1737 5755 1849 5796 tua-

251 5830 399 5886 rum,-
422 5819 684 5875 bellorum
726 5818 1090 5891 depulsionem
1118 5835 1131 5872 :
1169 5818 1266 5886 Qui
1287 5821 1426 5891 ponit
1451 5823 1618 5893 enim,
1642 5826 1846 5896 inquit,

1530 391 1594 445 IN
1634 385 1932 445 CENESlM
1973 386 2204 442 SERMO
2237 388 2365 446 Vill.

3466 405 3574 462 M8

1975 500 2100 569 ﬁnes
2132 510 2243 556 tuos
2279 520 2455 571 pacem
2477 523 2496 559 :
2520 508 2816 566 ubertatem
2863 526 3093 570 annona:
3135 531 3148 569 :
3179 515 3248 571 Et
3268 518 3421 588 adipe
3468 526 3579 588 fru-

1971 597 2125 652 menti
2165 599 2314 652 satiat
2357 609 2422 653 te.
2468 601 2718 658 Attamen
2767 605 2850 660 his
2899 609 3146 665 omnibus
3195 614 3572 683 pretiosiorem

1972 687 2101 758 legis
2151 689 2491 748 donationem
2546 712 2666 752 esse
2701 697 3010 753 declaravit.
3045 701 3174 756 Nam
3223 707 3471 774 quoniam
3527 718 3580 763 et

1968 783 2255 838 securitate
2283 795 2335 840 et
2359 802 2518 854 pace,
2547 799 2601 843 et
2621 790 2934 860 depulsione
2966 795 3226 850 bellorum
3246 839 3263 865 ,
3293 807 3346 853 et
3370 800 3574 854 libero-

1967 886 2086 931 rum
2119 872 2438 932 fecunditate
2480 893 2542 932 ac
2586 881 2923 937 multitudine
2942 925 2956 949 ,
2982 897 3140 956 atque
3164 904 3392 942 annome
3417 892 3484 943 ub
3507 907 3575 945 sr-

1969 971 2074 1016 tate
2105 967 2273 1020 multo
2305 969 2474 1036 majus
2517 981 2598 1024 est
2627 973 2823 1027 donum
2863 975 3032 1044 legem
3064 982 3365 1050 accepisse,
3390 1000 3451 1038 ac
3475 985 3560 1039 llei

1960 1053 2693 1126 justilicationes'didicisse,
2735 1079 2854 1118 cum
2901 1068 3028 1122 illud
3075 1071 3313 1125 omnium
3361 1089 3568 1142 postre-

1967 1162 2112 1201 mum
2157 1159 2422 1220 tamquam
2453 1165 2610 1222 caput
2652 1164 2706 1210 et
2735 1160 3036 1228 congeriem
3089 1162 3347 1219 bonorum
3396 1167 3565 1221 collo-

1963 1250 2166 1308 casset,
2209 1244 2407 1312 adjecit
2433 1247 2614 1302 dicens
2643 1267 2655 1304 :
2688 1249 2804 1304 Non
2830 1251 2946 1320 fecit
2990 1255 3157 1308 taliter
3180 1258 3316 1309 omni
3346 1260 3561 1314 nationi.

1963 1330 2192 1398 Taliter,
2244 1351 2349 1404 quo
2404 1339 2596 1405 pacto?
2627 1341 2784 1410 Atqui
2815 1359 3042 1398 annona:
3089 1349 3364 1414 ubertate,
3405 1359 3566 1419 atque

1963 1423 2103 1490 aliis,
2131 1441 2248 1494 qua:
2280 1438 2404 1480 sunt
2427 1441 2737 1485 enumerata
2761 1474 2774 1496 ,
2807 1435 2957 1488 multi
2989 1438 3182 1506 Sat-pius
3213 1440 3361 1508 potiti
3394 1450 3558 1495 sunt:

1962 1528 2328 1574 verumtamen
2360 1521 2426 1576 de
2456 1523 2557 1576 illis
2585 1541 2704 1593 qua:
2732 1526 2870 1581 diota
2901 1539 3024 1581 sunt
3055 1545 3160 1583 non
3209 1534 3425 1601 loquor,
3476 1536 3561 1589 in-

1962 1608 2109 1676 quit,
2139 1611 2232 1664 sed
2264 1613 2330 1665 de
2361 1615 2475 1683 lege
2496 1656 2510 1681 ,
2535 1616 2676 1685 quod
2703 1619 2849 1671 omni
2872 1621 3071 1675 nationi
3105 1623 3184 1677 sic
3213 1640 3319 1678 non
3354 1625 3562 1683 fecerit.

1962 1700 2250 1770 Propterea
2272 1707 2582 1774 subjunxit:
2616 1709 2681 1762 Et
2716 1712 2918 1780 judicia
2944 1731 3036 1767 sua
3068 1733 3171 1769 non
3221 1721 3563 1791 manifestarit

1959 1793 2049 1846 eis.
2078 1792 2237 1849 Vides
2271 1800 2505 1851 omuimn
2533 1801 2793 1858 bonorum
2819 1819 2937 1874 quae
2962 1817 3087 1860 suat
3111 1820 3419 1866 enumerata
3449 1829 3562 1867 ma-

1959 1884 2157 1940 ximam
2206 1902 2325 1942 esse
2371 1889 2557 1959 legem.

2027 1977 2081 2029 2.
2122 1979 2232 2034 lloc
2282 1981 2440 2036 etiam
2486 1983 2746 2040 .leremias
2778 1987 3060 2043 indicavit:
3113 1992 3238 2045 dum
3280 1994 3420 2048 enim
3463 2011 3558 2052 eos

1957 2069 2045 2138 qui
2070 2070 2122 2122 in
2148 2073 2450 2139 captivitate
2474 2078 2821 2132 versibantur
2844 2080 3047 2149 lugeret
3070 2126 3083 2147 ,
3107 2084 3351 2139 diccbat:
3381 2089 3518 2154 Quid
3536 2130 3551 2155 ,

1956 2162 2092 2229 quod
2115 2164 2168 2216 in
2193 2173 2327 2218 terra
2353 2168 2670 2222 inimicorum
2692 2173 2781 2225 es?
2811 2173 3129 2244 Dcreliquisti
3153 2183 3554 2251 fontemsapien-

1957 2251 2041 2305 tite
2079 2253 2324 2322 (Buruclt.
2358 2260 2409 2312 5.
2445 2259 2531 2314 10.
2580 2262 2670 2331 12)
2711 2280 2723 2316 :
2758 2263 2922 2332 legem
2959 2266 3028 2318 ita
3061 2283 3275 2322 vocans.
3323 2269 3390 2324 Ut
3416 2273 3556 2326 enim

1958 2343 2074 2398 fons
2097 2349 2289 2403 multos
2311 2351 2544 2422 undique
2568 2353 2716 2408 rivos
2735 2360 2927 2411 emittit
2954 2401 2967 2424 ,
2991 2361 3066 2414 sic
3088 2363 3245 2415 etiam
3282 2364 3362 2417 lex
3393 2367 3554 2419 nnilta

1957 2435 2188 2506 undique
2235 2441 2480 2494 mamlata
2513 2445 2820 2511 profundit,
2844 2449 3035 2516 quibus
3060 2452 3289 2506 animant
3316 2466 3552 2510 nostram

1955 2525 2157 2596 irrigat.
2189 2529 2392 2585 Deinde
2421 2535 2744 2602 praecipuum
2776 2537 2942 2592 decus
2999 2541 3248 2608 honoris,
3283 2547 3368 2614 qui
3403 2549 3554 2603 nobis

1953 2631 1982 2668 a
2015 2617 2129 2686 lege
2155 2619 2424 2688 defertur,
2454 2627 2742 2681 ostendens
2770 2628 2982 2685 aiebat:
3035 2632 3154 2685 Non
3189 2647 3258 2688 est
3285 2639 3459 2691 audita
3502 2643 3556 2694 in

1955 2706 2199 2763 Chanaan
2251 2712 2356 2765 lucc
2399 2716 2683 2784 sapientia,
2735 2737 2894 2788 neque
2944 2724 3048 2774 visa
3075 2727 3226 2778 estin
3270 2727 3548 2796 T/ucmau,

1953 2815 2111 2870 neque
2159 2801 2255 2869 ﬁlii
2280 2804 2417 2874 Agar
2444 2817 2742 2862 mercatores
2763 2852 2777 2876 ,
2808 2820 2854 2864 et
2896 2816 3221 2883 exquisitores
3271 2820 3401 2873 viam
3446 2823 3554 2893 ejus

1953 2901 2195 2946 noverunt
2214 2935 2226 2958 ,
2253 2911 2409 2966 neque
2437 2899 2724 2953 seruiturum
2755 2903 2865 2972 ejus
2895 2917 3008 2958 sunt
3039 2909 3290 2963 recordati
3313 2911 3472 2983 (Ibid.
3504 2931 3549 2968 ιι.

1952 2981 2040 3036 ‘22.
2069 2981 2185 3055 25).
2217 2987 2388 3055 Atque
2411 2998 2465 3040 ut
2495 2990 2787 3058 spiritalem
2821 3008 2882 3048 ac
2913 2996 3143 3052 divinam
3174 3015 3292 3056 esse
3318 3003 3549 3058 demon-

1953 3084 2148 3130 strarct
2172 3118 2186 3142 ,
2220 3078 2346 3144 Quis
2390 3083 2616 3136 ascendit
2643 3125 2658 3150 ,
2692 3085 2892 3155 inquit,
2921 3089 2972 3141 in
3001 3093 3177 3145 civium
3210 3136 3224 3157 ,
3268 3109 3311 3148 et
3344 3097 3552 3151 deduxit

1952 3166 2094 3219 illam
2118 3167 2278 3235 (Ibid.
2301 3186 2347 3222 v.
2370 3171 2499 3239 ‘29)?
2520 3173 2652 3227 Tum
2677 3177 2916 3245 adjunxit
2940 3197 2952 3232 :
2980 3180 3080 3233 llic
3110 3194 3182 3236 est
3207 3183 3343 3240 Deus
3355 3197 3541 3253 noster,

1952 3260 2401 3314 nonwstimabitur
2421 3265 2554 3317 alius
2578 3267 2645 3318 ad
2687 3284 2821 3320 eum.
2877 3271 3143 3326 Adinrenit
3181 3293 3378 3330 onmem
3423 3282 3552 3336 riam

1951 3349 2172 3402 scientia:
2200 3360 2245 3402 et
2278 3353 2415 3404 dedit
2437 3370 2545 3406 eam
2573 3355 2733 3410 Jacob
2766 3377 2920 3427 puero
2943 3379 3032 3414 suo
3051 3405 3066 3428 ,
3098 3375 3143 3417 et
3176 3364 3340 3421 Israel
3362 3371 3546 3425 dilecto

1952 3455 2043 3491 suo
2072 3439 2232 3510 (Ibid.
2265 3459 2310 3495 v.
2339 3444 2426 3498 56.
2452 3445 2566 3513 57).
2604 3448 2888 3516 Propterea
2914 3453 3122 3507 dicebat
3149 3457 3308 3510 etiam
3341 3461 3502 3515 David
3530 3482 3543 3516 :

1953 3531 2075 3586 Non
2112 3537 2226 3604 fecit
2255 3537 2421 3590 taliter
2447 3541 2583 3592 omni
2606 3543 2798 3596 nationi
2818 3586 2832 3609 ,
2861 3557 2906 3597 et
2918 3547 3119 3614 judicia
3146 3567 3239 3602 sua
3260 3569 3361 3605 non
3383 3557 3548 3609 inani-

1953 3628 2150 3694 festavit
2173 3629 2242 3680 eis
2261 3628 2431 3698 (I’sal.
2469 3632 2586 3686 H7.
2617 3632 2734 3703 20).
2764 3635 2873 3689 lloc
2892 3639 3139 3693 nimirum
3163 3650 3216 3695 et
3245 3643 3442 3699 Paulus
3469 3647 3551 3700 iti-

1953 3731 2124 3771 nucns
2152 3721 2416 3775 scribebat
2447 3741 2459 3777 :
2504 3725 2638 3790 Quid
2665 3743 2782 3797 ergo
2825 3731 3045 3798 amplius
3092 3731 3276 3787 Juda'o
3310 3738 3415 3791 est?
3460 3750 3552 3794 aut

1951 3816 2067 3870 qua:
2109 3805 2300 3858 utilitas
2347 3808 2741 3865 circumcisionis
2768 3813 2945 3881 (Rom.
2978 3817 3031 3870 5.
3070 3819 3163 3887 l)?
3206 3821 3426 3876 Multum
3455 3841 3553 3894 per

1952 3907 2163 3946 omnem
2187 3897 2423 3950 uiodum.
2449 3899 2683 3954 Primum
2703 3905 2913 3972 quidem
2932 3910 3180 3976 quiiniam
3200 3914 3398 3969 credita
3420 3929 3547 3973 sunt

1953 3981 2053 4034 illis
2078 3985 2284 4051 eloquia
2311 3988 2418 4039 Dei.
2456 3989 2612 4043 Vides
2633 4009 2738 4061 quo
2761 4004 2914 4062 pacto
2941 3996 3026 4051 hic
3051 3999 3211 4054 etiam
3240 4011 3550 4072 exposuerit

1951 4075 2076 4129 illud
2100 4118 2113 4141 ,
2143 4076 2260 4131 Non
2284 4081 2399 4149 fecit
2426 4081 2593 4135 (aliter
2628 4088 2762 4138 omni
2787 4089 2981 4143 nationi
3004 4133 3018 4152 ,
3052 4103 3098 4144 et
3112 4094 3316 4161 judicia
3335 4114 3426 4151 sua
3449 4117 3551 4156 non

1952 4168 2288 4236 manifestavit
2309 4172 2414 4225 eis?
2441 4172 2496 4227 Si
2524 4176 2667 4230 enim
2708 4177 2807 4231 hoc
2835 4181 2960 4236 illud
2989 4197 3070 4237 est
3102 4188 3328 4255 amplius
3364 4190 3552 4247 Judaro

1953 4261 2091 4330 quod
2117 4263 2188 4315 illi
2242 4264 2339 4317 soli
2359 4282 2421 4318 ex
2451 4268 2566 4320 aliis
2591 4268 2896 4328 horninibus
2921 4277 3050 4346 legis
3071 4281 3281 4348 scripta:
3306 4283 3553 4339 donatio-

1954 4368 2019 4404 ne
2036 4363 2158 4406 sunt
2185 4356 2425 4410 honorati
2452 4399 2466 4423 ,
2496 4375 2598 4413 non
2625 4363 2786 4432 igitur
2807 4376 2863 4420 ut
2890 4377 3132 4422 naturam
3161 4385 3396 4427 nostram
3427 4391 3552 4446 gra-

1950 4455 2132 4508 varet,
2163 4447 2256 4500 sed
2299 4460 2354 4500 ut
2401 4451 2602 4506 honore
2649 4454 2917 4523 afficeret,
2970 4459 3114 4514 dedit
3167 4467 3336 4534 legem
3385 4467 3548 4526 Deus.

1951 4534 2133 4605 Neque
2162 4537 2261 4591 lioc
2283 4548 2486 4594 tantum
2518 4543 2723 4599 honore
2761 4547 2968 4613 affecit,
2997 4553 3136 4620 quod
3165 4555 3334 4624 legem
3361 4559 3501 4613 dedit
3536 4603 3551 4625 ,

1951 4625 2047 4679 sed
2077 4628 2236 4681 etiam
2265 4631 2402 4699 quod
2457 4648 2550 4701 per
2582 4635 2813 4704 seipsum
2843 4638 3025 4695 dedit:
3073 4644 3174 4698 hoc
3210 4649 3353 4701 enim
3381 4667 3553 4719 genus

1954 4716 2171 4772 honoris
2197 4729 2277 4773 est
2300 4726 2586 4777 maximum
2622 4728 2762 4796 quod
2792 4745 2894 4783 non
2924 4733 3093 4786 solum
3123 4736 3257 4793 bona
3304 4743 3552 4812 pra-bue—

1954 4810 2055 4874 rit,
2093 4811 2183 4864 sed
2218 4828 2311 4880 per
2337 4815 2568 4882 seipsum
2605 4819 2909 4886 praibuerit.
2941 4823 3052 4878 Hoc
3079 4828 3274 4898 quippe
3303 4810 3552 4904 magnum

1955 4918 2076 4957 esse
2120 4905 2352 4971 donum,
2407 4909 2526 4960 audi
2572 4913 2840 4980 quomodo
2885 4915 3079 4971 Paulus
3105 4923 3370 4978 ostendat.
3417 4927 3550 4983 Cum

1954 4996 2095 5048 enim
2119 4996 2330 5052 inﬂatos
2360 5013 2479 5053 esse
2508 5000 2722 5056 Juda~os
2753 5019 3028 5076 cerneret,
3052 5012 3193 5080 quod
3219 5015 3285 5067 ad
3307 5031 3400 5070 cos
3423 5033 3552 5086 pro-

1957 5089 2132 5157 pheta:
2173 5092 2475 5155 venissent,
2521 5107 2577 5147 ut
2622 5111 2808 5152 corum
2863 5107 3217 5172 arrogantiam
3269 5119 3545 5177 coerceat,

1954 5196 2157 5250 nosque
2199 5183 2387 5251 majori
2431 5199 2551 5238 esse
2589 5188 2807 5242 allectos
2840 5191 3039 5246 honore
3065 5195 3426 5263 demonstret,
3461 5203 3551 5268 qui

1954 5288 2058 5324 inm
2095 5274 2269 5338 servi,
2300 5274 2394 5328 sed
2426 5276 2637 5332 Domini
2668 5296 2828 5348 opera
2869 5283 3097 5336 delatam
3129 5286 3424 5342 doctrinam
3458 5307 3546 5344 ac-

1953 5365 2192 5432 cepimus
2211 5406 2224 5430 ,
2253 5365 2334 5420 bis
2353 5370 2532 5423 verbis
2556 5369 2718 5424 utitur
2733 5373 2796 5428 ad
2824 5372 3074 5429 Hebraeos
3099 5377 3338 5433 scribens
3365 5399 3377 5434 :
3408 5381 3552 5436 Mul-

1955 5457 2179 5524 tij'ariam
2223 5460 2490 5530 nndtisque
2527 5462 2689 5513 modis
2727 5462 2848 5516 olint
2886 5463 3022 5519 Dens
3065 5468 3275 5538 loquens
3324 5475 3552 5542 patribus

1955 5549 2158 5610 nostris,
2181 5550 2460 5606 noviss’mis
2490 5550 2663 5603 diebus
2690 5552 2797 5606 istis
2821 5555 3058 5624 loquutus
3077 5571 3147 5614 est
3175 5561 3316 5617 nobis
3339 5565 3389 5617 in
3417 5564 3554 5620 Filio

1958 5639 2138 5710 (Hebr.
2168 5641 2216 5692 1.
2249 5643 2292 5694 ι.
2315 5641 2394 5710 2).
2423 5642 2487 5696 Et
2512 5659 2690 5698 rursus
2727 5646 2850 5700 alibi
2880 5665 2892 5700 :
2920 5646 3044 5704 Non
3067 5653 3230 5706 solum
3251 5667 3442 5722 autem,
3465 5661 3554 5711 scil

1953 5745 1999 5787 et
2045 5735 2321 5802 gloriamur
2369 5735 2418 5788 in
2469 5735 2609 5800 Deo,
2665 5754 2755 5806 per
2789 5739 3059 5798 Dominum
3112 5757 3339 5800 nostrum
3376 5748 3552 5806 Iesum

1956 5827 2234 5894 Christum,
2256 5831 2502 5900 pertinent
2523 5842 2567 5884 et
2591 5833 3047 5889 reconciliationem
3073 5843 3356 5908 accepimus
3376 5842 3550 5912 (Rom.
