  <div class='ocr_page' id='page_1' title='image "/cluster/home/n/w/nwhite01/storage/ocr_20150623/54:no.4:pt.2/coo.31924054869544/247.png"; bbox 0 0 3964 6412; ppageno 0'>
   <div class='ocr_carea' id='block_1_1' title="bbox 505 370 610 426">
    <p class='ocr_par' dir='ltr' id='par_1_1' title="bbox 505 370 610 426">
     <span class='ocr_line' id='line_1_1' title="bbox 505 370 610 426; baseline 0.029 -3"><span class='ocrx_word' id='word_1_1' title='bbox 505 370 610 426; x_wconf 78' lang='grc'><strong>619</strong></span> 
     </span>
    </p>
   </div>
   <div class='ocr_carea' id='block_1_2' title="bbox 503 480 2093 555">
    <p class='ocr_par' dir='ltr' id='par_1_2' title="bbox 503 480 2093 555">
     <span class='ocr_line' id='line_1_2' title="bbox 503 480 2093 555; baseline -0.002 -16"><span class='ocrx_word' id='word_1_2' title='bbox 503 488 555 540; x_wconf 85' lang='grc'><strong>5.</strong></span> <span class='ocrx_word' id='word_1_3' title='bbox 602 483 716 555; x_wconf 82' lang='grc' dir='ltr'><strong>Η).</strong></span> <span class='ocrx_word' id='word_1_4' title='bbox 753 480 913 538; x_wconf 82' lang='lat' dir='ltr'><strong>Vides</strong></span> <span class='ocrx_word' id='word_1_5' title='bbox 949 497 1072 538; x_wconf 89' lang='lat' dir='ltr'><strong>eum</strong></span> <span class='ocrx_word' id='word_1_6' title='bbox 1103 497 1206 536; x_wconf 90' lang='lat' dir='ltr'><strong>non</strong></span> <span class='ocrx_word' id='word_1_7' title='bbox 1255 484 1324 537; x_wconf 91' lang='lat' dir='ltr'><strong>ob</strong></span> <span class='ocrx_word' id='word_1_8' title='bbox 1365 482 1847 538; x_wconf 90' lang='lat' dir='ltr'><strong>reconciliationem</strong></span> <span class='ocrx_word' id='word_1_9' title='bbox 1890 491 2093 536; x_wconf 87' lang='lat' dir='ltr'><strong>tantum</strong></span> 
     </span>
    </p>
   </div>
   <div class='ocr_carea' id='block_1_3' title="bbox 507 573 2092 650">
    <p class='ocr_par' dir='ltr' id='par_1_3' title="bbox 507 573 2092 650">
     <span class='ocr_line' id='line_1_3' title="bbox 507 573 2092 650; baseline -0.006 -14"><span class='ocrx_word' id='word_1_10' title='bbox 507 581 758 650; x_wconf 88' lang='lat' dir='ltr'><strong>gloriari,</strong></span> <span class='ocrx_word' id='word_1_11' title='bbox 789 575 882 630; x_wconf 89' lang='lat' dir='ltr'><strong>sed</strong></span> <span class='ocrx_word' id='word_1_12' title='bbox 913 573 1073 630; x_wconf 87' lang='lat' dir='ltr'><strong>etiam</strong></span> <span class='ocrx_word' id='word_1_13' title='bbox 1097 573 1238 642; x_wconf 85' lang='lat' dir='ltr'><strong>quod</strong></span> <span class='ocrx_word' id='word_1_14' title='bbox 1280 588 1376 643; x_wconf 89' lang='lat' dir='ltr'><strong>per</strong></span> <span class='ocrx_word' id='word_1_15' title='bbox 1398 573 1666 628; x_wconf 75' lang='lat' dir='ltr'><strong>Christum</strong></span> <span class='ocrx_word' id='word_1_16' title='bbox 1703 574 2092 628; x_wconf 87' lang='lat' dir='ltr'><strong>reconciliatio-</strong></span> 
     </span>
    </p>
   </div>
   <div class='ocr_carea' id='block_1_4' title="bbox 511 666 2094 735">
    <p class='ocr_par' dir='ltr' id='par_1_4' title="bbox 511 666 2094 735">
     <span class='ocr_line' id='line_1_4' title="bbox 511 666 2094 735; baseline -0.004 -11"><span class='ocrx_word' id='word_1_17' title='bbox 511 686 627 725; x_wconf 91' lang='lat' dir='ltr'><strong>nem</strong></span> <span class='ocrx_word' id='word_1_18' title='bbox 668 668 965 735; x_wconf 81' lang='lat' dir='ltr'><strong>acceperit?</strong></span> <span class='ocrx_word' id='word_1_19' title='bbox 1018 668 1085 721; x_wconf 86' lang='lat' dir='ltr'><strong>Et</strong></span> <span class='ocrx_word' id='word_1_20' title='bbox 1113 681 1298 721; x_wconf 86' lang='lat' dir='ltr'><strong>rursus</strong></span> <span class='ocrx_word' id='word_1_21' title='bbox 1345 681 1464 720; x_wconf 92' lang='lat' dir='ltr'><strong>cum</strong></span> <span class='ocrx_word' id='word_1_22' title='bbox 1493 666 1940 722; x_wconf 74' lang='lat' dir='ltr'><strong>resurrectionem</strong></span> <span class='ocrx_word' id='word_1_23' title='bbox 1983 681 2094 719; x_wconf 89' lang='lat' dir='ltr'><strong>ma-</strong></span> 
     </span>
    </p>
   </div>
   <div class='ocr_carea' id='block_1_5' title="bbox 507 757 2095 832">
    <p class='ocr_par' dir='ltr' id='par_1_5' title="bbox 507 757 2095 832">
     <span class='ocr_line' id='line_1_5' title="bbox 507 757 2095 832; baseline 0 -20"><span class='ocrx_word' id='word_1_24' title='bbox 507 763 695 832; x_wconf 85' lang='lat' dir='ltr'><strong>gnifice</strong></span> <span class='ocrx_word' id='word_1_25' title='bbox 740 759 1074 822; x_wconf 79' lang='lat' dir='ltr'><strong>celebraret,</strong></span> <span class='ocrx_word' id='word_1_26' title='bbox 1127 759 1238 813; x_wconf 85' lang='lat' dir='ltr'><strong>ait:</strong></span> <span class='ocrx_word' id='word_1_27' title='bbox 1281 758 1403 829; x_wconf 90' lang='lat' dir='ltr'><strong>Ipse</strong></span> <span class='ocrx_word' id='word_1_28' title='bbox 1446 758 1694 812; x_wconf 82' lang='lat' dir='ltr'><strong>Dominus</strong></span> <span class='ocrx_word' id='word_1_29' title='bbox 1731 758 1995 812; x_wconf 84' lang='lat' dir='ltr'><strong>descendet</strong></span> <span class='ocrx_word' id='word_1_30' title='bbox 2032 757 2095 812; x_wconf 86' lang='lat' dir='ltr'><strong>de</strong></span> 
     </span>
    </p>
   </div>
   <div class='ocr_carea' id='block_1_6' title="bbox 503 850 2092 922">
    <p class='ocr_par' dir='ltr' id='par_1_6' title="bbox 503 850 2092 922">
     <span class='ocr_line' id='line_1_6' title="bbox 503 850 2092 922; baseline -0.001 -16"><span class='ocrx_word' id='word_1_31' title='bbox 503 852 628 907; x_wconf 66' lang='lat' dir='ltr'><strong>aulo</strong></span> <span class='ocrx_word' id='word_1_32' title='bbox 663 852 736 922; x_wconf 81' lang='lat' dir='ltr'><strong>(l.</strong></span> <span class='ocrx_word' id='word_1_33' title='bbox 761 851 943 906; x_wconf 76' lang='lat' dir='ltr'><strong>Thess.</strong></span> <span class='ocrx_word' id='word_1_34' title='bbox 971 853 1024 905; x_wconf 75' lang='grc'><strong>4.</strong></span> <span class='ocrx_word' id='word_1_35' title='bbox 1055 850 1169 916; x_wconf 80' lang='grc'><strong>15).</strong></span> <span class='ocrx_word' id='word_1_36' title='bbox 1193 851 1324 905; x_wconf 74' lang='lat' dir='ltr'><strong>Vide</strong></span> <span class='ocrx_word' id='word_1_37' title='bbox 1345 851 1450 905; x_wconf 89' lang='lat' dir='ltr'><strong>illic</strong></span> <span class='ocrx_word' id='word_1_38' title='bbox 1466 866 1678 920; x_wconf 85' lang='lat' dir='ltr'><strong>quoque</strong></span> <span class='ocrx_word' id='word_1_39' title='bbox 1699 866 1792 920; x_wconf 87' lang='lat' dir='ltr'><strong>per</strong></span> <span class='ocrx_word' id='word_1_40' title='bbox 1814 851 2092 905; x_wconf 88' lang='lat' dir='ltr'><strong>Dominum</strong></span> 
     </span>
    </p>
   </div>
   <div class='ocr_carea' id='block_1_7' title="bbox 503 941 2092 1013">
    <p class='ocr_par' dir='ltr' id='par_1_7' title="bbox 503 941 2092 1013">
     <span class='ocr_line' id='line_1_7' title="bbox 503 941 2092 1013; baseline -0.002 -15"><span class='ocrx_word' id='word_1_41' title='bbox 503 951 670 998; x_wconf 90' lang='lat' dir='ltr'><strong>totum</strong></span> <span class='ocrx_word' id='word_1_42' title='bbox 718 941 942 1013; x_wconf 87' lang='lat' dir='ltr'><strong>perlici:</strong></span> <span class='ocrx_word' id='word_1_43' title='bbox 982 951 1039 997; x_wconf 87' lang='lat' dir='ltr'><strong>et</strong></span> <span class='ocrx_word' id='word_1_44' title='bbox 1080 943 1166 997; x_wconf 89' lang='lat' dir='ltr'><strong>hic</strong></span> <span class='ocrx_word' id='word_1_45' title='bbox 1216 958 1321 996; x_wconf 92' lang='lat' dir='ltr'><strong>non</strong></span> <span class='ocrx_word' id='word_1_46' title='bbox 1375 958 1469 1012; x_wconf 86' lang='lat' dir='ltr'><strong>per</strong></span> <span class='ocrx_word' id='word_1_47' title='bbox 1510 943 1740 1011; x_wconf 84' lang='lat' dir='ltr'><strong>aliquem</strong></span> <span class='ocrx_word' id='word_1_48' title='bbox 1797 942 2092 1009; x_wconf 88' lang='lat' dir='ltr'><strong>famulum,</strong></span> 
     </span>
    </p>
   </div>
   <div class='ocr_carea' id='block_1_8' title="bbox 503 1034 2091 1106">
    <p class='ocr_par' dir='ltr' id='par_1_8' title="bbox 503 1034 2091 1106">
     <span class='ocr_line' id='line_1_8' title="bbox 503 1034 2091 1106; baseline -0.003 -16"><span class='ocrx_word' id='word_1_49' title='bbox 503 1052 606 1090; x_wconf 93' lang='lat' dir='ltr'><strong>non</strong></span> <span class='ocrx_word' id='word_1_50' title='bbox 634 1051 728 1106; x_wconf 90' lang='lat' dir='ltr'><strong>per</strong></span> <span class='ocrx_word' id='word_1_51' title='bbox 746 1035 992 1104; x_wconf 78' lang='lat' dir='ltr'><strong>angelum</strong></span> <span class='ocrx_word' id='word_1_52' title='bbox 1020 1045 1075 1090; x_wconf 93' lang='lat' dir='ltr'><strong>et</strong></span> <span class='ocrx_word' id='word_1_53' title='bbox 1101 1035 1475 1106; x_wconf 76' lang='lat' dir='ltr'><strong>archangelum</strong></span> <span class='ocrx_word' id='word_1_54' title='bbox 1495 1077 1509 1100; x_wconf 94' lang='lat'><strong>,</strong></span> <span class='ocrx_word' id='word_1_55' title='bbox 1533 1036 1630 1090; x_wconf 88' lang='lat' dir='ltr'><strong>sed</strong></span> <span class='ocrx_word' id='word_1_56' title='bbox 1657 1036 1770 1104; x_wconf 88' lang='lat' dir='ltr'><strong>ipse</strong></span> <span class='ocrx_word' id='word_1_57' title='bbox 1803 1051 1898 1104; x_wconf 89' lang='lat' dir='ltr'><strong>per</strong></span> <span class='ocrx_word' id='word_1_58' title='bbox 1923 1051 1982 1089; x_wconf 89' lang='lat' dir='ltr'><strong>se</strong></span> <span class='ocrx_word' id='word_1_59' title='bbox 2011 1034 2091 1104; x_wconf 77' lang='grc' dir='ltr'><strong>ἰρ-</strong></span> 
     </span>
    </p>
   </div>
   <div class='ocr_carea' id='block_1_9' title="bbox 490 1126 2091 1197">
    <p class='ocr_par' dir='ltr' id='par_1_9' title="bbox 490 1126 2091 1197">
     <span class='ocr_line' id='line_1_9' title="bbox 490 1126 2091 1197; baseline -0.001 -14"><span class='ocrx_word' id='word_1_60' title='bbox 490 1144 617 1185; x_wconf 83' lang='lat' dir='ltr'><strong>sum</strong></span> <span class='ocrx_word' id='word_1_61' title='bbox 662 1127 830 1182; x_wconf 86' lang='lat' dir='ltr'><strong>Adam</strong></span> <span class='ocrx_word' id='word_1_62' title='bbox 874 1128 1158 1197; x_wconf 63' lang='lat' dir='ltr'><strong>prtccepit,</strong></span> <span class='ocrx_word' id='word_1_63' title='bbox 1203 1127 1398 1196; x_wconf 90' lang='lat' dir='ltr'><strong>duplici</strong></span> <span class='ocrx_word' id='word_1_64' title='bbox 1423 1127 1692 1183; x_wconf 88' lang='lat' dir='ltr'><strong>hominem</strong></span> <span class='ocrx_word' id='word_1_65' title='bbox 1741 1131 1942 1183; x_wconf 89' lang='lat' dir='ltr'><strong>honore</strong></span> <span class='ocrx_word' id='word_1_66' title='bbox 1969 1126 2091 1182; x_wconf 84' lang='lat' dir='ltr'><strong>affi-</strong></span> 
     </span>
    </p>
   </div>
   <div class='ocr_carea' id='block_1_10' title="bbox 501 1217 2094 1288">
    <p class='ocr_par' dir='ltr' id='par_1_10' title="bbox 501 1217 2094 1288">
     <span class='ocr_line' id='line_1_10' title="bbox 501 1217 2094 1288; baseline 0.001 -15"><span class='ocrx_word' id='word_1_67' title='bbox 501 1219 673 1285; x_wconf 91' lang='lat' dir='ltr'><strong>ciens,</strong></span> <span class='ocrx_word' id='word_1_68' title='bbox 704 1226 758 1272; x_wconf 92' lang='lat' dir='ltr'><strong>et</strong></span> <span class='ocrx_word' id='word_1_69' title='bbox 777 1218 918 1288; x_wconf 91' lang='lat' dir='ltr'><strong>quod</strong></span> <span class='ocrx_word' id='word_1_70' title='bbox 941 1218 1114 1288; x_wconf 81' lang='lat' dir='ltr'><strong>legem</strong></span> <span class='ocrx_word' id='word_1_71' title='bbox 1137 1217 1377 1284; x_wconf 90' lang='lat' dir='ltr'><strong>dederit,</strong></span> <span class='ocrx_word' id='word_1_72' title='bbox 1405 1228 1460 1273; x_wconf 91' lang='lat' dir='ltr'><strong>et</strong></span> <span class='ocrx_word' id='word_1_73' title='bbox 1481 1218 1624 1288; x_wconf 91' lang='lat' dir='ltr'><strong>quod</strong></span> <span class='ocrx_word' id='word_1_74' title='bbox 1655 1218 1863 1274; x_wconf 87' lang='lat' dir='ltr'><strong>dederit</strong></span> <span class='ocrx_word' id='word_1_75' title='bbox 1891 1235 1985 1288; x_wconf 87' lang='lat' dir='ltr'><strong>per</strong></span> <span class='ocrx_word' id='word_1_76' title='bbox 2009 1234 2094 1274; x_wconf 84' lang='lat' dir='ltr'><strong>se-</strong></span> 
     </span>
    </p>
   </div>
   <div class='ocr_carea' id='block_1_11' title="bbox 507 1309 2093 1382">
    <p class='ocr_par' dir='ltr' id='par_1_11' title="bbox 507 1309 2093 1382">
     <span class='ocr_line' id='line_1_11' title="bbox 507 1309 2093 1382; baseline 0.003 -20"><span class='ocrx_word' id='word_1_77' title='bbox 507 1310 704 1377; x_wconf 84' lang='lat' dir='ltr'><strong>ipsum.</strong></span> <span class='ocrx_word' id='word_1_78' title='bbox 727 1309 1008 1377; x_wconf 85' lang='lat' dir='ltr'><strong>Quomodo</strong></span> <span class='ocrx_word' id='word_1_79' title='bbox 1032 1311 1192 1378; x_wconf 82' lang='lat' dir='ltr'><strong>igitur</strong></span> <span class='ocrx_word' id='word_1_80' title='bbox 1217 1311 1396 1380; x_wconf 90' lang='lat' dir='ltr'><strong>lapsus</strong></span> <span class='ocrx_word' id='word_1_81' title='bbox 1424 1319 1507 1365; x_wconf 88' lang='lat' dir='ltr'><strong>est</strong></span> <span class='ocrx_word' id='word_1_82' title='bbox 1545 1311 1672 1366; x_wconf 75' lang='lat' dir='ltr'><strong>ille?</strong></span> <span class='ocrx_word' id='word_1_83' title='bbox 1713 1311 1793 1366; x_wconf 92' lang='lat' dir='ltr'><strong>Ob</strong></span> <span class='ocrx_word' id='word_1_84' title='bbox 1830 1312 2093 1382; x_wconf 87' lang='lat' dir='ltr'><strong>ignaviam</strong></span> 
     </span>
    </p>
   </div>
   <div class='ocr_carea' id='block_1_12' title="bbox 502 1399 2089 1472">
    <p class='ocr_par' dir='ltr' id='par_1_12' title="bbox 502 1399 2089 1472">
     <span class='ocr_line' id='line_1_12' title="bbox 502 1399 2089 1472; baseline 0.003 -20"><span class='ocrx_word' id='word_1_85' title='bbox 502 1413 654 1452; x_wconf 84' lang='lat' dir='ltr'><strong>suam</strong></span> <span class='ocrx_word' id='word_1_86' title='bbox 685 1416 703 1457; x_wconf 74' lang='grc' dir='ltr'><strong>ι</strong></span> <span class='ocrx_word' id='word_1_87' title='bbox 733 1399 893 1469; x_wconf 89' lang='lat' dir='ltr'><strong>idque</strong></span> <span class='ocrx_word' id='word_1_88' title='bbox 931 1399 1220 1455; x_wconf 87' lang='lat' dir='ltr'><strong>ostendunt</strong></span> <span class='ocrx_word' id='word_1_89' title='bbox 1259 1410 1516 1471; x_wconf 87' lang='lat' dir='ltr'><strong>quotquot</strong></span> <span class='ocrx_word' id='word_1_90' title='bbox 1547 1401 1717 1472; x_wconf 81' lang='lat' dir='ltr'><strong>legem</strong></span> <span class='ocrx_word' id='word_1_91' title='bbox 1742 1413 2089 1472; x_wconf 86' lang='lat' dir='ltr'><strong>acceperunt,</strong></span> 
     </span>
    </p>
   </div>
   <div class='ocr_carea' id='block_1_13' title="bbox 508 1491 2087 1563">
    <p class='ocr_par' dir='ltr' id='par_1_13' title="bbox 508 1491 2087 1563">
     <span class='ocr_line' id='line_1_13' title="bbox 508 1491 2087 1563; baseline 0.003 -19"><span class='ocrx_word' id='word_1_92' title='bbox 508 1506 606 1544; x_wconf 90' lang='lat' dir='ltr'><strong>nec</strong></span> <span class='ocrx_word' id='word_1_93' title='bbox 634 1491 766 1560; x_wconf 86' lang='lat' dir='ltr'><strong>lapsi</strong></span> <span class='ocrx_word' id='word_1_94' title='bbox 791 1501 949 1556; x_wconf 92' lang='lat' dir='ltr'><strong>sunt,</strong></span> <span class='ocrx_word' id='word_1_95' title='bbox 989 1491 1083 1546; x_wconf 88' lang='lat' dir='ltr'><strong>sed</strong></span> <span class='ocrx_word' id='word_1_96' title='bbox 1113 1500 1168 1546; x_wconf 91' lang='lat' dir='ltr'><strong>et</strong></span> <span class='ocrx_word' id='word_1_97' title='bbox 1201 1492 1350 1560; x_wconf 90' lang='lat' dir='ltr'><strong>plura</strong></span> <span class='ocrx_word' id='word_1_98' title='bbox 1380 1509 1536 1563; x_wconf 87' lang='lat' dir='ltr'><strong>quam</strong></span> <span class='ocrx_word' id='word_1_99' title='bbox 1563 1494 1815 1562; x_wconf 87' lang='lat' dir='ltr'><strong>imperata</strong></span> <span class='ocrx_word' id='word_1_100' title='bbox 1849 1495 2087 1562; x_wconf 88' lang='lat' dir='ltr'><strong>fuerant,</strong></span> 
     </span>
    </p>
   </div>
   <div class='ocr_carea' id='block_1_14' title="bbox 508 1582 2090 1651">
    <p class='ocr_par' dir='ltr' id='par_1_14' title="bbox 508 1582 2090 1651">
     <span class='ocr_line' id='line_1_14' title="bbox 508 1582 2090 1651; baseline 0.003 -17"><span class='ocrx_word' id='word_1_101' title='bbox 508 1583 889 1650; x_wconf 64' lang='lat' dir='ltr'><strong>praestiterunt.</strong></span> <span class='ocrx_word' id='word_1_102' title='bbox 930 1582 1036 1636; x_wconf 89' lang='lat' dir='ltr'><strong>Sed</strong></span> <span class='ocrx_word' id='word_1_103' title='bbox 1065 1584 1316 1651; x_wconf 90' lang='lat' dir='ltr'><strong>quoniam</strong></span> <span class='ocrx_word' id='word_1_104' title='bbox 1350 1583 1451 1637; x_wconf 90' lang='lat' dir='ltr'><strong>hoc</strong></span> <span class='ocrx_word' id='word_1_105' title='bbox 1491 1593 1696 1649; x_wconf 76' lang='lat' dir='ltr'><strong>tempus</strong></span> <span class='ocrx_word' id='word_1_106' title='bbox 1722 1585 1876 1639; x_wconf 90' lang='lat' dir='ltr'><strong>video</strong></span> <span class='ocrx_word' id='word_1_107' title='bbox 1907 1601 2004 1639; x_wconf 93' lang='lat' dir='ltr'><strong>nos</strong></span> <span class='ocrx_word' id='word_1_108' title='bbox 2038 1585 2090 1639; x_wconf 94' lang='lat' dir='ltr'><strong>in</strong></span> 
     </span>
    </p>
   </div>
   <div class='ocr_carea' id='block_1_15' title="bbox 505 1672 2094 1742">
    <p class='ocr_par' dir='ltr' id='par_1_15' title="bbox 505 1672 2094 1742">
     <span class='ocr_line' id='line_1_15' title="bbox 505 1672 2094 1742; baseline 0.004 -18"><span class='ocrx_word' id='word_1_109' title='bbox 505 1682 788 1741; x_wconf 89' lang='lat' dir='ltr'><strong>angustum</strong></span> <span class='ocrx_word' id='word_1_110' title='bbox 818 1672 1078 1742; x_wconf 80' lang='lat' dir='ltr'><strong>redigere,</strong></span> <span class='ocrx_word' id='word_1_111' title='bbox 1111 1673 1162 1726; x_wconf 92' lang='lat' dir='ltr'><strong>in</strong></span> <span class='ocrx_word' id='word_1_112' title='bbox 1192 1675 1412 1728; x_wconf 84' lang='lat' dir='ltr'><strong>alteram</strong></span> <span class='ocrx_word' id='word_1_113' title='bbox 1433 1674 1861 1730; x_wconf 89' lang='lat' dir='ltr'><strong>dissertationem</strong></span> <span class='ocrx_word' id='word_1_114' title='bbox 1889 1691 2094 1731; x_wconf 87' lang='lat' dir='ltr'><strong>sermo-</strong></span> 
     </span>
    </p>
   </div>
   <div class='ocr_carea' id='block_1_16' title="bbox 507 1763 2090 1834">
    <p class='ocr_par' dir='ltr' id='par_1_16' title="bbox 507 1763 2090 1834">
     <span class='ocr_line' id='line_1_16' title="bbox 507 1763 2090 1834; baseline 0.004 -18"><span class='ocrx_word' id='word_1_115' title='bbox 507 1778 629 1816; x_wconf 88' lang='lat' dir='ltr'><strong>nem</strong></span> <span class='ocrx_word' id='word_1_116' title='bbox 660 1763 960 1832; x_wconf 86' lang='lat' dir='ltr'><strong>rejiciemus</strong></span> <span class='ocrx_word' id='word_1_117' title='bbox 985 1781 997 1816; x_wconf 96' lang='lat'>:</span> <span class='ocrx_word' id='word_1_118' title='bbox 1028 1778 1121 1819; x_wconf 87' lang='lat' dir='ltr'><strong>vos</strong></span> <span class='ocrx_word' id='word_1_119' title='bbox 1141 1779 1268 1818; x_wconf 90' lang='lat' dir='ltr'><strong>vero</strong></span> <span class='ocrx_word' id='word_1_120' title='bbox 1293 1780 1412 1834; x_wconf 68' lang='lat' dir='ltr'><strong>qutn</strong></span> <span class='ocrx_word' id='word_1_121' title='bbox 1440 1765 1579 1821; x_wconf 90' lang='lat' dir='ltr'><strong>dicta</strong></span> <span class='ocrx_word' id='word_1_122' title='bbox 1607 1775 1730 1821; x_wconf 90' lang='lat' dir='ltr'><strong>sunt</strong></span> <span class='ocrx_word' id='word_1_123' title='bbox 1758 1776 2090 1833; x_wconf 85' lang='lat' dir='ltr'><strong>conservale,</strong></span> 
     </span>
    </p>
   </div>
   <div class='ocr_carea' id='block_1_17' title="bbox 502 1854 2091 1926">
    <p class='ocr_par' dir='ltr' id='par_1_17' title="bbox 502 1854 2091 1926">
     <span class='ocr_line' id='line_1_17' title="bbox 502 1854 2091 1926; baseline 0.006 -21"><span class='ocrx_word' id='word_1_124' title='bbox 502 1867 566 1906; x_wconf 91' lang='lat' dir='ltr'><strong>ac</strong></span> <span class='ocrx_word' id='word_1_125' title='bbox 606 1854 861 1907; x_wconf 88' lang='lat' dir='ltr'><strong>memoria</strong></span> <span class='ocrx_word' id='word_1_126' title='bbox 907 1862 1115 1921; x_wconf 90' lang='lat' dir='ltr'><strong>tenete,</strong></span> <span class='ocrx_word' id='word_1_127' title='bbox 1145 1855 1368 1925; x_wconf 89' lang='lat' dir='ltr'><strong>illosque</strong></span> <span class='ocrx_word' id='word_1_128' title='bbox 1393 1856 1481 1926; x_wconf 90' lang='lat' dir='ltr'><strong>qui</strong></span> <span class='ocrx_word' id='word_1_129' title='bbox 1512 1873 1615 1911; x_wconf 93' lang='lat' dir='ltr'><strong>non</strong></span> <span class='ocrx_word' id='word_1_130' title='bbox 1643 1857 1958 1924; x_wconf 89' lang='lat' dir='ltr'><strong>audierunt,</strong></span> <span class='ocrx_word' id='word_1_131' title='bbox 1989 1859 2091 1914; x_wconf 92' lang='lat' dir='ltr'><strong>do-</strong></span> 
     </span>
    </p>
   </div>
   <div class='ocr_carea' id='block_1_18' title="bbox 503 1945 2091 2016">
    <p class='ocr_par' dir='ltr' id='par_1_18' title="bbox 503 1945 2091 2016">
     <span class='ocr_line' id='line_1_18' title="bbox 503 1945 2091 2016; baseline 0.006 -19"><span class='ocrx_word' id='word_1_132' title='bbox 503 1952 654 2010; x_wconf 90' lang='lat' dir='ltr'><strong>cete,</strong></span> <span class='ocrx_word' id='word_1_133' title='bbox 688 1955 848 2015; x_wconf 91' lang='lat' dir='ltr'><strong>atque</strong></span> <span class='ocrx_word' id='word_1_134' title='bbox 878 1945 992 2000; x_wconf 61' lang='lat' dir='ltr'><strong>haec</strong></span> <span class='ocrx_word' id='word_1_135' title='bbox 1033 1947 1084 2000; x_wconf 93' lang='lat' dir='ltr'><strong>in</strong></span> <span class='ocrx_word' id='word_1_136' title='bbox 1124 1948 1350 2001; x_wconf 85' lang='lat' dir='ltr'><strong>ecclesia</strong></span> <span class='ocrx_word' id='word_1_137' title='bbox 1373 1991 1386 2012; x_wconf 91' lang='lat'><strong>,</strong></span> <span class='ocrx_word' id='word_1_138' title='bbox 1422 1949 1471 2002; x_wconf 93' lang='lat' dir='ltr'><strong>in</strong></span> <span class='ocrx_word' id='word_1_139' title='bbox 1502 1948 1637 2016; x_wconf 89' lang='lat' dir='ltr'><strong>foro,</strong></span> <span class='ocrx_word' id='word_1_140' title='bbox 1666 1966 1728 2004; x_wconf 90' lang='lat' dir='ltr'><strong>ac</strong></span> <span class='ocrx_word' id='word_1_141' title='bbox 1753 1951 1898 2005; x_wconf 91' lang='lat' dir='ltr'><strong>domi</strong></span> <span class='ocrx_word' id='word_1_142' title='bbox 1927 1967 2091 2007; x_wconf 89' lang='lat' dir='ltr'><strong>unus-</strong></span> 
     </span>
    </p>
   </div>
   <div class='ocr_carea' id='block_1_19' title="bbox 502 2035 2095 2111">
    <p class='ocr_par' dir='ltr' id='par_1_19' title="bbox 502 2035 2095 2111">
     <span class='ocr_line' id='line_1_19' title="bbox 502 2035 2095 2111; baseline 0.007 -24"><span class='ocrx_word' id='word_1_143' title='bbox 502 2035 727 2104; x_wconf 84' lang='lat' dir='ltr'><strong>quisque</strong></span> <span class='ocrx_word' id='word_1_144' title='bbox 753 2036 1038 2091; x_wconf 87' lang='lat' dir='ltr'><strong>meditetur</strong></span> <span class='ocrx_word' id='word_1_145' title='bbox 1068 2036 1164 2109; x_wconf 90' lang='lat' dir='ltr'><strong>(a).</strong></span> <span class='ocrx_word' id='word_1_146' title='bbox 1193 2039 1333 2092; x_wconf 81' lang='lat' dir='ltr'><strong>Nihil</strong></span> <span class='ocrx_word' id='word_1_147' title='bbox 1370 2041 1513 2094; x_wconf 91' lang='lat' dir='ltr'><strong>enim</strong></span> <span class='ocrx_word' id='word_1_148' title='bbox 1550 2057 1698 2096; x_wconf 87' lang='lat' dir='ltr'><strong>sacra</strong></span> <span class='ocrx_word' id='word_1_149' title='bbox 1751 2043 1978 2098; x_wconf 90' lang='lat' dir='ltr'><strong>lectione</strong></span> <span class='ocrx_word' id='word_1_150' title='bbox 2006 2045 2095 2111; x_wconf 86' lang='lat' dir='ltr'><strong>ju-</strong></span> 
     </span>
    </p>
   </div>
   <div class='ocr_carea' id='block_1_20' title="bbox 503 2124 2094 2200">
    <p class='ocr_par' dir='ltr' id='par_1_20' title="bbox 503 2124 2094 2200">
     <span class='ocr_line' id='line_1_20' title="bbox 503 2124 2094 2200; baseline 0.005 -22"><span class='ocrx_word' id='word_1_151' title='bbox 503 2124 748 2179; x_wconf 89' lang='lat' dir='ltr'><strong>cundius.</strong></span> <span class='ocrx_word' id='word_1_152' title='bbox 779 2125 914 2180; x_wconf 91' lang='lat' dir='ltr'><strong>Audi</strong></span> <span class='ocrx_word' id='word_1_153' title='bbox 942 2141 1072 2182; x_wconf 85' lang='lat' dir='ltr'><strong>sane</strong></span> <span class='ocrx_word' id='word_1_154' title='bbox 1097 2128 1222 2197; x_wconf 83' lang='lat' dir='ltr'><strong>quid</strong></span> <span class='ocrx_word' id='word_1_155' title='bbox 1246 2129 1313 2183; x_wconf 89' lang='lat' dir='ltr'><strong>de</strong></span> <span class='ocrx_word' id='word_1_156' title='bbox 1338 2130 1423 2182; x_wconf 90' lang='lat' dir='ltr'><strong>illa</strong></span> <span class='ocrx_word' id='word_1_157' title='bbox 1444 2131 1588 2184; x_wconf 88' lang='lat' dir='ltr'><strong>dicat</strong></span> <span class='ocrx_word' id='word_1_158' title='bbox 1608 2131 1864 2200; x_wconf 83' lang='lat' dir='ltr'><strong>propheta</strong></span> <span class='ocrx_word' id='word_1_159' title='bbox 1891 2151 1902 2185; x_wconf 94' lang='lat'><strong>:</strong></span> <span class='ocrx_word' id='word_1_160' title='bbox 1927 2133 2094 2199; x_wconf 83' lang='lat' dir='ltr'><strong>Quam</strong></span> 
     </span>
    </p>
   </div>
   <div class='ocr_carea' id='block_1_21' title="bbox 505 2215 2094 2293">
    <p class='ocr_par' dir='ltr' id='par_1_21' title="bbox 505 2215 2094 2293">
     <span class='ocr_line' id='line_1_21' title="bbox 505 2215 2094 2293; baseline 0.006 -25"><span class='ocrx_word' id='word_1_161' title='bbox 505 2215 675 2269; x_wconf 85' lang='lat' dir='ltr'><strong>dulcia</strong></span> <span class='ocrx_word' id='word_1_162' title='bbox 704 2215 935 2284; x_wconf 73' lang='lat' dir='ltr'><strong>faucibus</strong></span> <span class='ocrx_word' id='word_1_163' title='bbox 959 2219 1080 2272; x_wconf 92' lang='lat' dir='ltr'><strong>meis</strong></span> <span class='ocrx_word' id='word_1_164' title='bbox 1103 2219 1301 2289; x_wconf 88' lang='lat' dir='ltr'><strong>eloquia</strong></span> <span class='ocrx_word' id='word_1_165' title='bbox 1323 2229 1429 2287; x_wconf 88' lang='lat' dir='ltr'><strong>tua,</strong></span> <span class='ocrx_word' id='word_1_166' title='bbox 1451 2238 1603 2291; x_wconf 83' lang='lat' dir='ltr'><strong>super</strong></span> <span class='ocrx_word' id='word_1_167' title='bbox 1623 2223 1720 2276; x_wconf 86' lang='lat' dir='ltr'><strong>mel</strong></span> <span class='ocrx_word' id='word_1_168' title='bbox 1748 2232 1792 2276; x_wconf 90' lang='lat' dir='ltr'><strong>et</strong></span> <span class='ocrx_word' id='word_1_169' title='bbox 1817 2225 1988 2293; x_wconf 79' lang='lat' dir='ltr'><strong>favum</strong></span> <span class='ocrx_word' id='word_1_170' title='bbox 2016 2226 2094 2280; x_wconf 87' lang='lat' dir='ltr'><strong>ori</strong></span> 
     </span>
    </p>
   </div>
   <div class='ocr_carea' id='block_1_22' title="bbox 504 2306 2093 2386">
    <p class='ocr_par' dir='ltr' id='par_1_22' title="bbox 504 2306 2093 2386">
     <span class='ocr_line' id='line_1_22' title="bbox 504 2306 2093 2386; baseline 0.008 -27"><span class='ocrx_word' id='word_1_171' title='bbox 504 2323 615 2361; x_wconf 89' lang='lat' dir='ltr'><strong>meo</strong></span> <span class='ocrx_word' id='word_1_172' title='bbox 642 2306 814 2376; x_wconf 83' lang='lat' dir='ltr'><strong>(Psal.</strong></span> <span class='ocrx_word' id='word_1_173' title='bbox 856 2310 966 2364; x_wconf 84' lang='grc'><strong>118.</strong></span> <span class='ocrx_word' id='word_1_174' title='bbox 999 2311 1148 2380; x_wconf 72' lang='grc'><strong>105).</strong></span> <span class='ocrx_word' id='word_1_175' title='bbox 1183 2312 1332 2367; x_wconf 82' lang='lat' dir='ltr'><strong>lluuc</strong></span> <span class='ocrx_word' id='word_1_176' title='bbox 1370 2313 1544 2383; x_wconf 82' lang='lat' dir='ltr'><strong>itaque</strong></span> <span class='ocrx_word' id='word_1_177' title='bbox 1575 2314 1753 2370; x_wconf 88' lang='lat' dir='ltr'><strong>favum</strong></span> <span class='ocrx_word' id='word_1_178' title='bbox 1789 2317 1839 2369; x_wconf 93' lang='lat' dir='ltr'><strong>in</strong></span> <span class='ocrx_word' id='word_1_179' title='bbox 1872 2332 2093 2386; x_wconf 85' lang='lat' dir='ltr'><strong>vesper-</strong></span> 
     </span>
    </p>
   </div>
   <div class='ocr_carea' id='block_1_23' title="bbox 504 2399 2092 2478">
    <p class='ocr_par' dir='ltr' id='par_1_23' title="bbox 504 2399 2092 2478">
     <span class='ocr_line' id='line_1_23' title="bbox 504 2399 2092 2478; baseline 0.009 -27"><span class='ocrx_word' id='word_1_180' title='bbox 504 2399 609 2452; x_wconf 87' lang='lat' dir='ltr'><strong>tina</strong></span> <span class='ocrx_word' id='word_1_181' title='bbox 649 2415 833 2454; x_wconf 84' lang='lat' dir='ltr'><strong>mensa</strong></span> <span class='ocrx_word' id='word_1_182' title='bbox 858 2418 1094 2472; x_wconf 86' lang='lat' dir='ltr'><strong>appone,</strong></span> <span class='ocrx_word' id='word_1_183' title='bbox 1131 2414 1187 2458; x_wconf 92' lang='lat' dir='ltr'><strong>ut</strong></span> <span class='ocrx_word' id='word_1_184' title='bbox 1229 2414 1391 2459; x_wconf 90' lang='lat' dir='ltr'><strong>totam</strong></span> <span class='ocrx_word' id='word_1_185' title='bbox 1424 2407 1567 2460; x_wconf 88' lang='lat' dir='ltr'><strong>illam</strong></span> <span class='ocrx_word' id='word_1_186' title='bbox 1597 2408 1854 2476; x_wconf 82' lang='lat' dir='ltr'><strong>spirituali</strong></span> <span class='ocrx_word' id='word_1_187' title='bbox 1883 2411 2092 2478; x_wconf 87' lang='lat' dir='ltr'><strong>repleas</strong></span> 
     </span>
    </p>
   </div>
   <div class='ocr_carea' id='block_1_24' title="bbox 503 2488 2091 2569">
    <p class='ocr_par' dir='ltr' id='par_1_24' title="bbox 503 2488 2091 2569">
     <span class='ocr_line' id='line_1_24' title="bbox 503 2488 2091 2569; baseline 0.009 -29"><span class='ocrx_word' id='word_1_188' title='bbox 503 2488 789 2558; x_wconf 83' lang='lat' dir='ltr'><strong>voluptate.</strong></span> <span class='ocrx_word' id='word_1_189' title='bbox 833 2491 946 2545; x_wconf 84' lang='lat' dir='ltr'><strong>Non</strong></span> <span class='ocrx_word' id='word_1_190' title='bbox 975 2493 1165 2548; x_wconf 84' lang='lat' dir='ltr'><strong>videtis</strong></span> <span class='ocrx_word' id='word_1_191' title='bbox 1210 2493 1454 2550; x_wconf 87' lang='lat' dir='ltr'><strong>homines</strong></span> <span class='ocrx_word' id='word_1_192' title='bbox 1492 2499 1791 2566; x_wconf 88' lang='lat' dir='ltr'><strong>opu&#39;entos,</strong></span> <span class='ocrx_word' id='word_1_193' title='bbox 1824 2500 2091 2569; x_wconf 91' lang='lat' dir='ltr'><strong>quomodo</strong></span> 
     </span>
    </p>
   </div>
   <div class='ocr_carea' id='block_1_25' title="bbox 500 2583 2089 2651">
    <p class='ocr_par' dir='ltr' id='par_1_25' title="bbox 500 2583 2089 2651">
     <span class='ocr_line' id='line_1_25' title="bbox 500 2583 2089 2651; baseline 0.009 -18"><span class='ocrx_word' id='word_1_194' title='bbox 500 2589 620 2651; x_wconf 88' lang='lat' dir='ltr'><strong>post</strong></span> <span class='ocrx_word' id='word_1_195' title='bbox 657 2583 842 2651; x_wconf 81' lang='lat' dir='ltr'><strong>epulas</strong></span> <span class='ocrx_word' id='word_1_196' title='bbox 881 2585 1210 2641; x_wconf 75' lang='lat' dir='ltr'><strong>citharzrdos</strong></span> <span class='ocrx_word' id='word_1_197' title='bbox 1235 2604 1299 2642; x_wconf 88' lang='lat' dir='ltr'><strong>ac</strong></span> <span class='ocrx_word' id='word_1_198' title='bbox 1326 2589 1568 2644; x_wconf 84' lang='lat' dir='ltr'><strong>tibicines</strong></span> <span class='ocrx_word' id='word_1_199' title='bbox 1597 2592 1972 2647; x_wconf 88' lang='lat' dir='ltr'><strong>introducant?</strong></span> <span class='ocrx_word' id='word_1_200' title='bbox 2014 2594 2089 2649; x_wconf 92' lang='lat' dir='ltr'><strong>Illi</strong></span> 
     </span>
    </p>
   </div>
   <div class='ocr_carea' id='block_1_26' title="bbox 503 2675 2091 2745">
    <p class='ocr_par' dir='ltr' id='par_1_26' title="bbox 503 2675 2091 2745">
     <span class='ocr_line' id='line_1_26' title="bbox 503 2675 2091 2745; baseline 0.009 -19"><span class='ocrx_word' id='word_1_201' title='bbox 503 2688 630 2728; x_wconf 83' lang='lat' dir='ltr'><strong>suas</strong></span> <span class='ocrx_word' id='word_1_202' title='bbox 657 2675 802 2730; x_wconf 69' lang='lat' dir='ltr'><strong>aedes</strong></span> <span class='ocrx_word' id='word_1_203' title='bbox 833 2677 1096 2733; x_wconf 84' lang='lat' dir='ltr'><strong>theatrum</strong></span> <span class='ocrx_word' id='word_1_204' title='bbox 1121 2679 1376 2745; x_wconf 82' lang='lat' dir='ltr'><strong>efficiunt,</strong></span> <span class='ocrx_word' id='word_1_205' title='bbox 1407 2691 1460 2736; x_wconf 91' lang='lat' dir='ltr'><strong>tu</strong></span> <span class='ocrx_word' id='word_1_206' title='bbox 1489 2691 1602 2736; x_wconf 81' lang='lat' dir='ltr'><strong>tuas</strong></span> <span class='ocrx_word' id='word_1_207' title='bbox 1629 2685 1771 2738; x_wconf 62' lang='lat' dir='ltr'><strong>aedes</strong></span> <span class='ocrx_word' id='word_1_208' title='bbox 1794 2688 1985 2740; x_wconf 67' lang='lat' dir='ltr'><strong>curlum</strong></span> <span class='ocrx_word' id='word_1_209' title='bbox 2014 2686 2091 2741; x_wconf 83' lang='lat' dir='ltr'><strong>ef-</strong></span> 
     </span>
    </p>
   </div>
   <div class='ocr_carea' id='block_1_27' title="bbox 502 2764 2092 2844">
    <p class='ocr_par' dir='ltr' id='par_1_27' title="bbox 502 2764 2092 2844">
     <span class='ocr_line' id='line_1_27' title="bbox 502 2764 2092 2844; baseline 0.01 -27"><span class='ocrx_word' id='word_1_210' title='bbox 502 2764 602 2818; x_wconf 83' lang='lat' dir='ltr'><strong>fice</strong></span> <span class='ocrx_word' id='word_1_211' title='bbox 628 2783 641 2818; x_wconf 90' lang='lat'><strong>:</strong></span> <span class='ocrx_word' id='word_1_212' title='bbox 668 2765 720 2820; x_wconf 90' lang='lat' dir='ltr'><strong>id</strong></span> <span class='ocrx_word' id='word_1_213' title='bbox 765 2783 892 2821; x_wconf 87' lang='lat' dir='ltr'><strong>vcro</strong></span> <span class='ocrx_word' id='word_1_214' title='bbox 935 2769 1171 2837; x_wconf 79' lang='lat' dir='ltr'><strong>ellicies,</strong></span> <span class='ocrx_word' id='word_1_215' title='bbox 1220 2788 1324 2826; x_wconf 93' lang='lat' dir='ltr'><strong>non</strong></span> <span class='ocrx_word' id='word_1_216' title='bbox 1371 2775 1596 2842; x_wconf 88' lang='lat' dir='ltr'><strong>parietes</strong></span> <span class='ocrx_word' id='word_1_217' title='bbox 1643 2777 1956 2844; x_wconf 88' lang='lat' dir='ltr'><strong>immutans,</strong></span> <span class='ocrx_word' id='word_1_218' title='bbox 1999 2789 2092 2834; x_wconf 82' lang='lat' dir='ltr'><strong>aut</strong></span> 
     </span>
    </p>
   </div>
   <div class='ocr_carea' id='block_1_28' title="bbox 565 2871 2090 2954">
    <p class='ocr_par' dir='ltr' id='par_1_28' title="bbox 565 2871 2090 2954">
     <span class='ocr_line' id='line_1_28' title="bbox 565 2871 2090 2954; baseline 0.012 -32"><span class='ocrx_word' id='word_1_219' title='bbox 565 2871 984 2954; x_wconf 40' lang='lat' dir='ltr'><strong>(Jalguazdamcx</strong></span> <span class='ocrx_word' id='word_1_220' title='bbox 1029 2882 1350 2943; x_wconf 85' lang='lat' dir='ltr'><strong>sequentibus</strong></span> <span class='ocrx_word' id='word_1_221' title='bbox 1390 2884 1449 2932; x_wconf 87' lang='lat' dir='ltr'><strong>ad</strong></span> <span class='ocrx_word' id='word_1_222' title='bbox 1495 2885 1700 2934; x_wconf 84' lang='lat' dir='ltr'><strong>verbum</strong></span> <span class='ocrx_word' id='word_1_223' title='bbox 1747 2887 1939 2938; x_wconf 90' lang='lat' dir='ltr'><strong>homilia</strong></span> <span class='ocrx_word' id='word_1_224' title='bbox 1965 2905 2090 2954; x_wconf 71' lang='lat' dir='ltr'><strong>prte-</strong></span> 
     </span>
    </p>
   </div>
   <div class='ocr_carea' id='block_1_29' title="bbox 503 2935 974 3001">
    <p class='ocr_par' dir='ltr' id='par_1_29' title="bbox 503 2935 974 3001">
     <span class='ocr_line' id='line_1_29' title="bbox 503 2935 974 3001; baseline 0.013 -18"><span class='ocrx_word' id='word_1_225' title='bbox 503 2935 700 2985; x_wconf 84' lang='lat' dir='ltr'><strong>ccdenti</strong></span> <span class='ocrx_word' id='word_1_226' title='bbox 725 2936 974 3001; x_wconf 82' lang='lat' dir='ltr'><strong>leguntur.</strong></span> 
     </span>
    </p>
   </div>
   <div class='ocr_carea' id='block_1_30' title="bbox 1225 364 3712 440">
    <p class='ocr_par' dir='ltr' id='par_1_30' title="bbox 1225 364 3712 440">
     <span class='ocr_line' id='line_1_30' title="bbox 1225 364 3712 440; baseline -0.002 -17"><span class='ocrx_word' id='word_1_227' title='bbox 1225 364 1282 423; x_wconf 85' lang='lat' dir='ltr'><strong>S.</strong></span> <span class='ocrx_word' id='word_1_228' title='bbox 1322 365 1601 422; x_wconf 78' lang='lat' dir='ltr'><strong>JOANNIS</strong></span> <span class='ocrx_word' id='word_1_229' title='bbox 1639 365 2111 421; x_wconf 76' lang='lat' dir='ltr'><strong>CIIRYSOSTOMI</strong></span> <span class='ocrx_word' id='word_1_230' title='bbox 2151 365 2465 422; x_wconf 73' lang='lat' dir='ltr'><strong>AllClllEP.</strong></span> <span class='ocrx_word' id='word_1_231' title='bbox 2507 365 3039 423; x_wconf 76' lang='lat' dir='ltr'><strong>CONSTANTINOP.</strong></span> <span class='ocrx_word' id='word_1_232' title='bbox 3631 383 3712 440; x_wconf 68' lang='lat' dir='ltr'><strong>(3th</strong></span> 
     </span>
    </p>
   </div>
   <div class='ocr_carea' id='block_1_31' title="bbox 2205 482 3712 549">
    <p class='ocr_par' dir='ltr' id='par_1_31' title="bbox 2205 482 3712 549">
     <span class='ocr_line' id='line_1_31' title="bbox 2205 482 3712 549; baseline 0.009 -13"><span class='ocrx_word' id='word_1_233' title='bbox 2205 482 2534 538; x_wconf 73' lang='lat' dir='ltr'><strong>transferens</strong></span> <span class='ocrx_word' id='word_1_234' title='bbox 2561 483 2898 539; x_wconf 84' lang='lat' dir='ltr'><strong>fundamenta</strong></span> <span class='ocrx_word' id='word_1_235' title='bbox 2916 527 2929 549; x_wconf 90' lang='lat'><strong>,</strong></span> <span class='ocrx_word' id='word_1_236' title='bbox 2962 484 3056 540; x_wconf 90' lang='lat' dir='ltr'><strong>sed</strong></span> <span class='ocrx_word' id='word_1_237' title='bbox 3087 485 3131 540; x_wconf 91' lang='lat' dir='ltr'><strong>si</strong></span> <span class='ocrx_word' id='word_1_238' title='bbox 3157 487 3219 540; x_wconf 93' lang='lat' dir='ltr'><strong>ad</strong></span> <span class='ocrx_word' id='word_1_239' title='bbox 3245 498 3380 544; x_wconf 89' lang='lat' dir='ltr'><strong>tuam</strong></span> <span class='ocrx_word' id='word_1_240' title='bbox 3407 508 3613 548; x_wconf 85' lang='lat' dir='ltr'><strong>mensam</strong></span> <span class='ocrx_word' id='word_1_241' title='bbox 3633 498 3712 549; x_wconf 80' lang='lat' dir='ltr'><strong>llo-</strong></span> 
     </span>
    </p>
   </div>
   <div class='ocr_carea' id='block_1_32' title="bbox 2201 575 3712 654">
    <p class='ocr_par' dir='ltr' id='par_1_32' title="bbox 2201 575 3712 654">
     <span class='ocr_line' id='line_1_32' title="bbox 2201 575 3712 654; baseline 0.009 -24"><span class='ocrx_word' id='word_1_242' title='bbox 2201 575 2401 630; x_wconf 90' lang='lat' dir='ltr'><strong>minum</strong></span> <span class='ocrx_word' id='word_1_243' title='bbox 2426 577 2597 647; x_wconf 89' lang='lat' dir='ltr'><strong>ipsum</strong></span> <span class='ocrx_word' id='word_1_244' title='bbox 2618 577 2870 631; x_wconf 59' lang='lat' dir='ltr'><strong>caelorum</strong></span> <span class='ocrx_word' id='word_1_245' title='bbox 2893 592 3068 632; x_wconf 84' lang='lat' dir='ltr'><strong>voces.</strong></span> <span class='ocrx_word' id='word_1_246' title='bbox 3103 578 3214 633; x_wconf 82' lang='lat' dir='ltr'><strong>Non</strong></span> <span class='ocrx_word' id='word_1_247' title='bbox 3235 582 3485 638; x_wconf 85' lang='lat' dir='ltr'><strong>erubescit</strong></span> <span class='ocrx_word' id='word_1_248' title='bbox 3502 591 3712 654; x_wconf 82' lang='lat' dir='ltr'><strong>ejusmodi</strong></span> 
     </span>
    </p>
   </div>
   <div class='ocr_carea' id='block_1_33' title="bbox 2200 667 3716 740">
    <p class='ocr_par' dir='ltr' id='par_1_33' title="bbox 2200 667 3716 740">
     <span class='ocr_line' id='line_1_33' title="bbox 2200 667 3716 740; baseline 0.01 -20"><span class='ocrx_word' id='word_1_249' title='bbox 2200 668 2444 722; x_wconf 88' lang='lat' dir='ltr'><strong>convivia</strong></span> <span class='ocrx_word' id='word_1_250' title='bbox 2473 668 2633 723; x_wconf 90' lang='lat' dir='ltr'><strong>Deus.</strong></span> <span class='ocrx_word' id='word_1_251' title='bbox 2665 667 2763 724; x_wconf 90' lang='lat' dir='ltr'><strong>Ubi</strong></span> <span class='ocrx_word' id='word_1_252' title='bbox 2795 684 3023 738; x_wconf 81' lang='lat' dir='ltr'><strong>namque</strong></span> <span class='ocrx_word' id='word_1_253' title='bbox 3048 671 3329 739; x_wconf 89' lang='lat' dir='ltr'><strong>spiritualis</strong></span> <span class='ocrx_word' id='word_1_254' title='bbox 3348 673 3584 740; x_wconf 84' lang='lat' dir='ltr'><strong>doctrina,</strong></span> <span class='ocrx_word' id='word_1_255' title='bbox 3605 681 3658 732; x_wconf 86' lang='lat' dir='ltr'><strong>ibi</strong></span> <span class='ocrx_word' id='word_1_256' title='bbox 3675 693 3716 735; x_wconf 88' lang='lat' dir='ltr'><strong>et</strong></span> 
     </span>
    </p>
   </div>
   <div class='ocr_carea' id='block_1_34' title="bbox 2206 758 3716 826">
    <p class='ocr_par' dir='ltr' id='par_1_34' title="bbox 2206 758 3716 826">
     <span class='ocr_line' id='line_1_34' title="bbox 2206 758 3716 826; baseline 0.009 -16"><span class='ocrx_word' id='word_1_257' title='bbox 2206 758 2580 826; x_wconf 87' lang='lat' dir='ltr'><strong>temperantia,</strong></span> <span class='ocrx_word' id='word_1_258' title='bbox 2612 768 2669 812; x_wconf 91' lang='lat' dir='ltr'><strong>et</strong></span> <span class='ocrx_word' id='word_1_259' title='bbox 2697 758 2976 822; x_wconf 89' lang='lat' dir='ltr'><strong>modestia,</strong></span> <span class='ocrx_word' id='word_1_260' title='bbox 3003 769 3057 814; x_wconf 92' lang='lat' dir='ltr'><strong>et</strong></span> <span class='ocrx_word' id='word_1_261' title='bbox 3095 760 3314 826; x_wconf 90' lang='lat' dir='ltr'><strong>leuitas;</strong></span> <span class='ocrx_word' id='word_1_262' title='bbox 3344 763 3425 816; x_wconf 88' lang='lat' dir='ltr'><strong>ubi</strong></span> <span class='ocrx_word' id='word_1_263' title='bbox 3455 766 3526 818; x_wconf 83' lang='lat' dir='ltr'><strong>vir</strong></span> <span class='ocrx_word' id='word_1_264' title='bbox 3549 777 3594 820; x_wconf 91' lang='lat' dir='ltr'><strong>ct</strong></span> <span class='ocrx_word' id='word_1_265' title='bbox 3617 786 3716 824; x_wconf 75' lang='lat' dir='ltr'><strong>uxor</strong></span> 
     </span>
    </p>
   </div>
   <div class='ocr_carea' id='block_1_35' title="bbox 2199 849 3718 913">
    <p class='ocr_par' dir='ltr' id='par_1_35' title="bbox 2199 849 3718 913">
     <span class='ocr_line' id='line_1_35' title="bbox 2199 849 3718 913; baseline 0.007 -11"><span class='ocrx_word' id='word_1_266' title='bbox 2199 864 2261 904; x_wconf 93' lang='lat' dir='ltr'><strong>ac</strong></span> <span class='ocrx_word' id='word_1_267' title='bbox 2282 849 2452 911; x_wconf 88' lang='lat' dir='ltr'><strong>liberi,</strong></span> <span class='ocrx_word' id='word_1_268' title='bbox 2476 851 2760 905; x_wconf 88' lang='lat' dir='ltr'><strong>concordia</strong></span> <span class='ocrx_word' id='word_1_269' title='bbox 2782 859 2838 904; x_wconf 90' lang='lat' dir='ltr'><strong>et</strong></span> <span class='ocrx_word' id='word_1_270' title='bbox 2857 851 3090 904; x_wconf 88' lang='lat' dir='ltr'><strong>amicitia</strong></span> <span class='ocrx_word' id='word_1_271' title='bbox 3119 860 3173 904; x_wconf 89' lang='lat' dir='ltr'><strong>et</strong></span> <span class='ocrx_word' id='word_1_272' title='bbox 3195 851 3396 907; x_wconf 87' lang='lat' dir='ltr'><strong>virttttis</strong></span> <span class='ocrx_word' id='word_1_273' title='bbox 3421 855 3614 910; x_wconf 88' lang='lat' dir='ltr'><strong>vinculis</strong></span> <span class='ocrx_word' id='word_1_274' title='bbox 3633 861 3718 913; x_wconf 87' lang='lat' dir='ltr'><strong>lue-</strong></span> 
     </span>
    </p>
   </div>
   <div class='ocr_carea' id='block_1_36' title="bbox 2201 940 3715 1010">
    <p class='ocr_par' dir='ltr' id='par_1_36' title="bbox 2201 940 3715 1010">
     <span class='ocr_line' id='line_1_36' title="bbox 2201 940 3715 1010; baseline 0.007 -17"><span class='ocrx_word' id='word_1_275' title='bbox 2201 940 2306 993; x_wconf 91' lang='lat' dir='ltr'><strong>riut</strong></span> <span class='ocrx_word' id='word_1_276' title='bbox 2333 941 2563 1010; x_wconf 75' lang='lat' dir='ltr'><strong>colligati</strong></span> <span class='ocrx_word' id='word_1_277' title='bbox 2589 983 2602 1003; x_wconf 90' lang='lat'><strong>,</strong></span> <span class='ocrx_word' id='word_1_278' title='bbox 2644 941 2750 996; x_wconf 93' lang='lat' dir='ltr'><strong>illic</strong></span> <span class='ocrx_word' id='word_1_279' title='bbox 2773 951 3014 996; x_wconf 88' lang='lat' dir='ltr'><strong>versatur</strong></span> <span class='ocrx_word' id='word_1_280' title='bbox 3055 942 3106 996; x_wconf 94' lang='lat' dir='ltr'><strong>in</strong></span> <span class='ocrx_word' id='word_1_281' title='bbox 3150 942 3323 996; x_wconf 90' lang='lat' dir='ltr'><strong>medio</strong></span> <span class='ocrx_word' id='word_1_282' title='bbox 3350 944 3588 1001; x_wconf 79' lang='lat' dir='ltr'><strong>Christus.</strong></span> <span class='ocrx_word' id='word_1_283' title='bbox 3627 949 3715 1004; x_wconf 85' lang='lat' dir='ltr'><strong>Non</strong></span> 
     </span>
    </p>
   </div>
   <div class='ocr_carea' id='block_1_37' title="bbox 2199 1033 3716 1102">
    <p class='ocr_par' dir='ltr' id='par_1_37' title="bbox 2199 1033 3716 1102">
     <span class='ocr_line' id='line_1_37' title="bbox 2199 1033 3716 1102; baseline 0.003 -17"><span class='ocrx_word' id='word_1_284' title='bbox 2199 1033 2342 1085; x_wconf 90' lang='lat' dir='ltr'><strong>enim</strong></span> <span class='ocrx_word' id='word_1_285' title='bbox 2371 1049 2589 1085; x_wconf 81' lang='lat' dir='ltr'><strong>aureum</strong></span> <span class='ocrx_word' id='word_1_286' title='bbox 2621 1034 2865 1102; x_wconf 87' lang='lat' dir='ltr'><strong>laqueare</strong></span> <span class='ocrx_word' id='word_1_287' title='bbox 2893 1033 3113 1102; x_wconf 69' lang='lat' dir='ltr'><strong>qumrit,</strong></span> <span class='ocrx_word' id='word_1_288' title='bbox 3147 1049 3244 1087; x_wconf 90' lang='lat' dir='ltr'><strong>nec</strong></span> <span class='ocrx_word' id='word_1_289' title='bbox 3281 1034 3615 1090; x_wconf 83' lang='lat' dir='ltr'><strong>columnarum</strong></span> <span class='ocrx_word' id='word_1_290' title='bbox 3639 1039 3716 1092; x_wconf 84' lang='lat' dir='ltr'><strong>ful-</strong></span> 
     </span>
    </p>
   </div>
   <div class='ocr_carea' id='block_1_38' title="bbox 2199 1122 3717 1191">
    <p class='ocr_par' dir='ltr' id='par_1_38' title="bbox 2199 1122 3717 1191">
     <span class='ocr_line' id='line_1_38' title="bbox 2199 1122 3717 1191; baseline 0.007 -19"><span class='ocrx_word' id='word_1_291' title='bbox 2199 1135 2404 1191; x_wconf 72' lang='lat' dir='ltr'><strong>gorem,</strong></span> <span class='ocrx_word' id='word_1_292' title='bbox 2441 1138 2608 1190; x_wconf 75' lang='lat' dir='ltr'><strong>neque</strong></span> <span class='ocrx_word' id='word_1_293' title='bbox 2645 1122 2925 1175; x_wconf 88' lang='lat' dir='ltr'><strong>marmoris</strong></span> <span class='ocrx_word' id='word_1_294' title='bbox 2963 1122 3401 1191; x_wconf 85' lang='lat' dir='ltr'><strong>pulchritudinem</strong></span> <span class='ocrx_word' id='word_1_295' title='bbox 3429 1141 3441 1176; x_wconf 91' lang='lat'><strong>:</strong></span> <span class='ocrx_word' id='word_1_296' title='bbox 3466 1127 3548 1180; x_wconf 89' lang='lat' dir='ltr'><strong>sed</strong></span> <span class='ocrx_word' id='word_1_297' title='bbox 3570 1129 3717 1183; x_wconf 71' lang='lat' dir='ltr'><strong>animat</strong></span> 
     </span>
    </p>
   </div>
   <div class='ocr_carea' id='block_1_39' title="bbox 2199 1211 3718 1284">
    <p class='ocr_par' dir='ltr' id='par_1_39' title="bbox 2199 1211 3718 1284">
     <span class='ocr_line' id='line_1_39' title="bbox 2199 1211 3718 1284; baseline 0.004 -18"><span class='ocrx_word' id='word_1_298' title='bbox 2199 1213 2448 1266; x_wconf 89' lang='lat' dir='ltr'><strong>decorem</strong></span> <span class='ocrx_word' id='word_1_299' title='bbox 2473 1228 2533 1265; x_wconf 84' lang='lat' dir='ltr'><strong>ac</strong></span> <span class='ocrx_word' id='word_1_300' title='bbox 2553 1212 2745 1266; x_wconf 90' lang='lat' dir='ltr'><strong>mentis</strong></span> <span class='ocrx_word' id='word_1_301' title='bbox 2770 1211 3014 1276; x_wconf 88' lang='lat' dir='ltr'><strong>formam,</strong></span> <span class='ocrx_word' id='word_1_302' title='bbox 3041 1222 3095 1267; x_wconf 93' lang='lat' dir='ltr'><strong>et</strong></span> <span class='ocrx_word' id='word_1_303' title='bbox 3119 1229 3353 1267; x_wconf 78' lang='lat' dir='ltr'><strong>mensam</strong></span> <span class='ocrx_word' id='word_1_304' title='bbox 3384 1215 3565 1284; x_wconf 84' lang='lat' dir='ltr'><strong>jttstitia</strong></span> <span class='ocrx_word' id='word_1_305' title='bbox 3592 1218 3718 1272; x_wconf 84' lang='lat' dir='ltr'><strong>reler-</strong></span> 
     </span>
    </p>
   </div>
   <div class='ocr_carea' id='block_1_40' title="bbox 2201 1303 3718 1374">
    <p class='ocr_par' dir='ltr' id='par_1_40' title="bbox 2201 1303 3718 1374">
     <span class='ocr_line' id='line_1_40' title="bbox 2201 1303 3718 1374; baseline 0.005 -18"><span class='ocrx_word' id='word_1_306' title='bbox 2201 1311 2309 1356; x_wconf 89' lang='lat' dir='ltr'><strong>tam</strong></span> <span class='ocrx_word' id='word_1_307' title='bbox 2333 1344 2346 1365; x_wconf 89' lang='lat'><strong>,</strong></span> <span class='ocrx_word' id='word_1_308' title='bbox 2382 1313 2437 1357; x_wconf 91' lang='lat' dir='ltr'><strong>et</strong></span> <span class='ocrx_word' id='word_1_309' title='bbox 2477 1303 2828 1374; x_wconf 75' lang='lat' dir='ltr'><strong>clccmusynzu</strong></span> <span class='ocrx_word' id='word_1_310' title='bbox 2860 1303 3116 1360; x_wconf 81' lang='lat' dir='ltr'><strong>fructibus</strong></span> <span class='ocrx_word' id='word_1_311' title='bbox 3151 1304 3512 1359; x_wconf 87' lang='lat' dir='ltr'><strong>abundantem.</strong></span> <span class='ocrx_word' id='word_1_312' title='bbox 3535 1308 3663 1372; x_wconf 83' lang='lat' dir='ltr'><strong>Quod</strong></span> <span class='ocrx_word' id='word_1_313' title='bbox 3684 1311 3718 1363; x_wconf 86' lang='lat' dir='ltr'><strong>si</strong></span> 
     </span>
    </p>
   </div>
   <div class='ocr_carea' id='block_1_41' title="bbox 2201 1393 3717 1464">
    <p class='ocr_par' dir='ltr' id='par_1_41' title="bbox 2201 1393 3717 1464">
     <span class='ocr_line' id='line_1_41' title="bbox 2201 1393 3717 1464; baseline 0.003 -16"><span class='ocrx_word' id='word_1_314' title='bbox 2201 1409 2438 1450; x_wconf 86' lang='lat' dir='ltr'><strong>mensam</strong></span> <span class='ocrx_word' id='word_1_315' title='bbox 2480 1394 2740 1462; x_wconf 75' lang='lat' dir='ltr'><strong>ejusmodi</strong></span> <span class='ocrx_word' id='word_1_316' title='bbox 2770 1393 2991 1456; x_wconf 85' lang='lat' dir='ltr'><strong>viderit,</strong></span> <span class='ocrx_word' id='word_1_317' title='bbox 3033 1395 3311 1450; x_wconf 82' lang='lat' dir='ltr'><strong>confestim</strong></span> <span class='ocrx_word' id='word_1_318' title='bbox 3353 1397 3588 1464; x_wconf 88' lang='lat' dir='ltr'><strong>ejusmodi</strong></span> <span class='ocrx_word' id='word_1_319' title='bbox 3617 1415 3717 1452; x_wconf 84' lang='lat' dir='ltr'><strong>con-</strong></span> 
     </span>
    </p>
   </div>
   <div class='ocr_carea' id='block_1_42' title="bbox 2200 1485 3717 1557">
    <p class='ocr_par' dir='ltr' id='par_1_42' title="bbox 2200 1485 3717 1557">
     <span class='ocr_line' id='line_1_42' title="bbox 2200 1485 3717 1557; baseline 0.003 -19"><span class='ocrx_word' id='word_1_320' title='bbox 2200 1496 2388 1540; x_wconf 89' lang='lat' dir='ltr'><strong>ventus</strong></span> <span class='ocrx_word' id='word_1_321' title='bbox 2419 1489 2474 1538; x_wconf 86' lang='lat' dir='ltr'><strong>fit</strong></span> <span class='ocrx_word' id='word_1_322' title='bbox 2502 1486 2786 1554; x_wconf 86' lang='lat' dir='ltr'><strong>particeps,</strong></span> <span class='ocrx_word' id='word_1_323' title='bbox 2817 1495 2872 1540; x_wconf 87' lang='lat' dir='ltr'><strong>ct</strong></span> <span class='ocrx_word' id='word_1_324' title='bbox 2913 1487 2963 1540; x_wconf 88' lang='lat' dir='ltr'><strong>in</strong></span> <span class='ocrx_word' id='word_1_325' title='bbox 2997 1502 3119 1542; x_wconf 88' lang='lat' dir='ltr'><strong>eum</strong></span> <span class='ocrx_word' id='word_1_326' title='bbox 3160 1502 3218 1541; x_wconf 89' lang='lat' dir='ltr'><strong>se</strong></span> <span class='ocrx_word' id='word_1_327' title='bbox 3261 1485 3432 1541; x_wconf 86' lang='lat' dir='ltr'><strong>infert.</strong></span> <span class='ocrx_word' id='word_1_328' title='bbox 3475 1489 3575 1557; x_wconf 86' lang='lat' dir='ltr'><strong>Ipse</strong></span> <span class='ocrx_word' id='word_1_329' title='bbox 3609 1491 3717 1544; x_wconf 90' lang='lat' dir='ltr'><strong>euitu</strong></span> 
     </span>
    </p>
   </div>
   <div class='ocr_carea' id='block_1_43' title="bbox 2199 1576 3714 1648">
    <p class='ocr_par' dir='ltr' id='par_1_43' title="bbox 2199 1576 3714 1648">
     <span class='ocr_line' id='line_1_43' title="bbox 2199 1576 3714 1648; baseline 0.001 -18"><span class='ocrx_word' id='word_1_330' title='bbox 2199 1584 2301 1638; x_wconf 89' lang='lat' dir='ltr'><strong>est,</strong></span> <span class='ocrx_word' id='word_1_331' title='bbox 2325 1577 2413 1641; x_wconf 88' lang='lat' dir='ltr'><strong>qui</strong></span> <span class='ocrx_word' id='word_1_332' title='bbox 2436 1576 2588 1641; x_wconf 79' lang='lat' dir='ltr'><strong>dixit,</strong></span> <span class='ocrx_word' id='word_1_333' title='bbox 2617 1576 2930 1630; x_wconf 79' lang='lat' dir='ltr'><strong>Esurtentem</strong></span> <span class='ocrx_word' id='word_1_334' title='bbox 2955 1591 3036 1630; x_wconf 86' lang='lat' dir='ltr'><strong>me</strong></span> <span class='ocrx_word' id='word_1_335' title='bbox 3059 1577 3250 1631; x_wconf 82' lang='lat' dir='ltr'><strong>vidistis</strong></span> <span class='ocrx_word' id='word_1_336' title='bbox 3276 1588 3320 1630; x_wconf 85' lang='lat' dir='ltr'><strong>et</strong></span> <span class='ocrx_word' id='word_1_337' title='bbox 3347 1577 3528 1632; x_wconf 87' lang='lat' dir='ltr'><strong>aluistis</strong></span> <span class='ocrx_word' id='word_1_338' title='bbox 3545 1577 3714 1648; x_wconf 71' lang='lat' dir='ltr'><strong>(Matth.</strong></span> 
     </span>
    </p>
   </div>
   <div class='ocr_carea' id='block_1_44' title="bbox 2197 1665 3716 1737">
    <p class='ocr_par' dir='ltr' id='par_1_44' title="bbox 2197 1665 3716 1737">
     <span class='ocr_line' id='line_1_44' title="bbox 2197 1665 3716 1737; baseline 0.003 -17"><span class='ocrx_word' id='word_1_339' title='bbox 2197 1667 2286 1721; x_wconf 72' lang='lat'><strong>25.</strong></span> <span class='ocrx_word' id='word_1_340' title='bbox 2319 1667 2431 1736; x_wconf 84' lang='grc'><strong>55).</strong></span> <span class='ocrx_word' id='word_1_341' title='bbox 2461 1665 2594 1720; x_wconf 89' lang='lat' dir='ltr'><strong>Cum</strong></span> <span class='ocrx_word' id='word_1_342' title='bbox 2627 1665 2784 1735; x_wconf 83' lang='lat' dir='ltr'><strong>igitur</strong></span> <span class='ocrx_word' id='word_1_343' title='bbox 2811 1667 3031 1722; x_wconf 88' lang='lat' dir='ltr'><strong>inferius</strong></span> <span class='ocrx_word' id='word_1_344' title='bbox 3065 1682 3255 1737; x_wconf 89' lang='lat' dir='ltr'><strong>magna</strong></span> <span class='ocrx_word' id='word_1_345' title='bbox 3299 1684 3422 1723; x_wconf 85' lang='lat' dir='ltr'><strong>voce</strong></span> <span class='ocrx_word' id='word_1_346' title='bbox 3455 1670 3716 1724; x_wconf 77' lang='lat' dir='ltr'><strong>clamantem</strong></span> 
     </span>
    </p>
   </div>
   <div class='ocr_carea' id='block_1_45' title="bbox 2197 1758 3717 1834">
    <p class='ocr_par' dir='ltr' id='par_1_45' title="bbox 2197 1758 3717 1834">
     <span class='ocr_line' id='line_1_45' title="bbox 2197 1758 3717 1834; baseline 0.003 -23"><span class='ocrx_word' id='word_1_347' title='bbox 2197 1758 2466 1813; x_wconf 89' lang='lat' dir='ltr'><strong>audiveris</strong></span> <span class='ocrx_word' id='word_1_348' title='bbox 2493 1776 2799 1830; x_wconf 77' lang='lat' dir='ltr'><strong>pauperem,</strong></span> <span class='ocrx_word' id='word_1_349' title='bbox 2827 1761 3020 1816; x_wconf 89' lang='lat' dir='ltr'><strong>deinde</strong></span> <span class='ocrx_word' id='word_1_350' title='bbox 3048 1763 3316 1832; x_wconf 86' lang='lat' dir='ltr'><strong>quidpiam</strong></span> <span class='ocrx_word' id='word_1_351' title='bbox 3345 1779 3514 1818; x_wconf 90' lang='lat' dir='ltr'><strong>eorum</strong></span> <span class='ocrx_word' id='word_1_352' title='bbox 3533 1780 3632 1834; x_wconf 74' lang='lat' dir='ltr'><strong>qua:</strong></span> <span class='ocrx_word' id='word_1_353' title='bbox 3653 1781 3717 1834; x_wconf 85' lang='lat' dir='ltr'><strong>ap-</strong></span> 
     </span>
    </p>
   </div>
   <div class='ocr_carea' id='block_1_46' title="bbox 2198 1849 3717 1922">
    <p class='ocr_par' dir='ltr' id='par_1_46' title="bbox 2198 1849 3717 1922">
     <span class='ocr_line' id='line_1_46' title="bbox 2198 1849 3717 1922; baseline 0.004 -20"><span class='ocrx_word' id='word_1_354' title='bbox 2198 1849 2367 1918; x_wconf 85' lang='lat' dir='ltr'><strong>posita</strong></span> <span class='ocrx_word' id='word_1_355' title='bbox 2413 1859 2538 1904; x_wconf 90' lang='lat' dir='ltr'><strong>sunt</strong></span> <span class='ocrx_word' id='word_1_356' title='bbox 2575 1853 2643 1906; x_wconf 90' lang='lat' dir='ltr'><strong>de</strong></span> <span class='ocrx_word' id='word_1_357' title='bbox 2691 1867 2874 1906; x_wconf 84' lang='lat' dir='ltr'><strong>mensa</strong></span> <span class='ocrx_word' id='word_1_358' title='bbox 2919 1867 3088 1922; x_wconf 85' lang='lat' dir='ltr'><strong>egeno</strong></span> <span class='ocrx_word' id='word_1_359' title='bbox 3126 1853 3358 1918; x_wconf 86' lang='lat' dir='ltr'><strong>dederis,</strong></span> <span class='ocrx_word' id='word_1_360' title='bbox 3399 1855 3639 1907; x_wconf 85' lang='lat' dir='ltr'><strong>Dominum</strong></span> <span class='ocrx_word' id='word_1_361' title='bbox 3669 1855 3717 1908; x_wconf 85' lang='lat' dir='ltr'><strong>ad</strong></span> 
     </span>
    </p>
   </div>
   <div class='ocr_carea' id='block_1_47' title="bbox 2199 1945 3718 2014">
    <p class='ocr_par' dir='ltr' id='par_1_47' title="bbox 2199 1945 3718 2014">
     <span class='ocr_line' id='line_1_47' title="bbox 2199 1945 3718 2014; baseline 0.005 -19"><span class='ocrx_word' id='word_1_362' title='bbox 2199 1957 2435 1996; x_wconf 84' lang='lat' dir='ltr'><strong>mensam</strong></span> <span class='ocrx_word' id='word_1_363' title='bbox 2458 1945 2656 1998; x_wconf 88' lang='lat' dir='ltr'><strong>vocasti</strong></span> <span class='ocrx_word' id='word_1_364' title='bbox 2686 1961 2778 2014; x_wconf 87' lang='lat' dir='ltr'><strong>per</strong></span> <span class='ocrx_word' id='word_1_365' title='bbox 2805 1961 3051 2012; x_wconf 80' lang='lat' dir='ltr'><strong>servant,</strong></span> <span class='ocrx_word' id='word_1_366' title='bbox 3080 1955 3136 2001; x_wconf 91' lang='lat' dir='ltr'><strong>et</strong></span> <span class='ocrx_word' id='word_1_367' title='bbox 3174 1947 3318 2001; x_wconf 88' lang='lat' dir='ltr'><strong>illam</strong></span> <span class='ocrx_word' id='word_1_368' title='bbox 3351 1957 3503 2002; x_wconf 90' lang='lat' dir='ltr'><strong>totatn</strong></span> <span class='ocrx_word' id='word_1_369' title='bbox 3543 1949 3619 2002; x_wconf 91' lang='lat' dir='ltr'><strong>Dei</strong></span> <span class='ocrx_word' id='word_1_370' title='bbox 3649 1948 3718 2002; x_wconf 60' lang='lat' dir='ltr'><strong>be</strong></span> 
     </span>
    </p>
   </div>
   <div class='ocr_carea' id='block_1_48' title="bbox 2198 2032 3717 2107">
    <p class='ocr_par' dir='ltr' id='par_1_48' title="bbox 2198 2032 3717 2107">
     <span class='ocr_line' id='line_1_48' title="bbox 2198 2032 3717 2107; baseline 0.003 -21"><span class='ocrx_word' id='word_1_371' title='bbox 2198 2032 2588 2089; x_wconf 88' lang='lat' dir='ltr'><strong>nedictionibus</strong></span> <span class='ocrx_word' id='word_1_372' title='bbox 2615 2035 2902 2104; x_wconf 87' lang='lat' dir='ltr'><strong>replevisti,</strong></span> <span class='ocrx_word' id='word_1_373' title='bbox 2921 2036 3215 2107; x_wconf 87' lang='lat' dir='ltr'><strong>oblatisque</strong></span> <span class='ocrx_word' id='word_1_374' title='bbox 3240 2038 3474 2107; x_wconf 88' lang='lat' dir='ltr'><strong>primitiis</strong></span> <span class='ocrx_word' id='word_1_375' title='bbox 3489 2039 3717 2090; x_wconf 75' lang='lat' dir='ltr'><strong>maximam</strong></span> 
     </span>
    </p>
   </div>
   <div class='ocr_carea' id='block_1_49' title="bbox 2197 2125 3717 2198">
    <p class='ocr_par' dir='ltr' id='par_1_49' title="bbox 2197 2125 3717 2198">
     <span class='ocr_line' id='line_1_49' title="bbox 2197 2125 3717 2198; baseline 0.004 -21"><span class='ocrx_word' id='word_1_376' title='bbox 2197 2125 2532 2179; x_wconf 80' lang='lat' dir='ltr'><strong>occasionem</strong></span> <span class='ocrx_word' id='word_1_377' title='bbox 2562 2134 2647 2180; x_wconf 86' lang='lat' dir='ltr'><strong>tua</strong></span> <span class='ocrx_word' id='word_1_378' title='bbox 2678 2129 3035 2197; x_wconf 88' lang='lat' dir='ltr'><strong>promptuaria</strong></span> <span class='ocrx_word' id='word_1_379' title='bbox 3070 2128 3313 2198; x_wconf 87' lang='lat' dir='ltr'><strong>plurimis</strong></span> <span class='ocrx_word' id='word_1_380' title='bbox 3349 2129 3615 2198; x_wconf 87' lang='lat' dir='ltr'><strong>complendi</strong></span> <span class='ocrx_word' id='word_1_381' title='bbox 3646 2129 3717 2182; x_wconf 89' lang='lat' dir='ltr'><strong>bo-</strong></span> 
     </span>
    </p>
   </div>
   <div class='ocr_carea' id='block_1_50' title="bbox 2199 2216 3720 2290">
    <p class='ocr_par' dir='ltr' id='par_1_50' title="bbox 2199 2216 3720 2290">
     <span class='ocr_line' id='line_1_50' title="bbox 2199 2216 3720 2290; baseline 0.003 -21"><span class='ocrx_word' id='word_1_382' title='bbox 2199 2216 2283 2269; x_wconf 89' lang='lat' dir='ltr'><strong>nis</strong></span> <span class='ocrx_word' id='word_1_383' title='bbox 2314 2217 2602 2285; x_wconf 85' lang='lat' dir='ltr'><strong>pra:buisti.</strong></span> <span class='ocrx_word' id='word_1_384' title='bbox 2648 2219 2788 2274; x_wconf 90' lang='lat' dir='ltr'><strong>Deus</strong></span> <span class='ocrx_word' id='word_1_385' title='bbox 2815 2230 2992 2274; x_wconf 88' lang='lat' dir='ltr'><strong>autem</strong></span> <span class='ocrx_word' id='word_1_386' title='bbox 3021 2221 3164 2289; x_wconf 91' lang='lat' dir='ltr'><strong>pacis</strong></span> <span class='ocrx_word' id='word_1_387' title='bbox 3195 2233 3252 2276; x_wconf 86' lang='lat' dir='ltr'><strong>et</strong></span> <span class='ocrx_word' id='word_1_388' title='bbox 3283 2223 3535 2286; x_wconf 89' lang='lat' dir='ltr'><strong>caritatis,</strong></span> <span class='ocrx_word' id='word_1_389' title='bbox 3558 2222 3629 2290; x_wconf 85' lang='lat' dir='ltr'><strong>qui</strong></span> <span class='ocrx_word' id='word_1_390' title='bbox 3653 2221 3720 2274; x_wconf 82' lang='lat' dir='ltr'><strong>dat</strong></span> 
     </span>
    </p>
   </div>
   <div class='ocr_carea' id='block_1_51' title="bbox 2200 2310 3720 2384">
    <p class='ocr_par' dir='ltr' id='par_1_51' title="bbox 2200 2310 3720 2384">
     <span class='ocr_line' id='line_1_51' title="bbox 2200 2310 3720 2384; baseline 0.005 -24"><span class='ocrx_word' id='word_1_391' title='bbox 2200 2323 2390 2376; x_wconf 90' lang='lat' dir='ltr'><strong>panem</strong></span> <span class='ocrx_word' id='word_1_392' title='bbox 2438 2310 2503 2364; x_wconf 90' lang='lat' dir='ltr'><strong>ad</strong></span> <span class='ocrx_word' id='word_1_393' title='bbox 2550 2312 2976 2367; x_wconf 87' lang='lat' dir='ltr'><strong>manducandum</strong></span> <span class='ocrx_word' id='word_1_394' title='bbox 3011 2313 3097 2384; x_wconf 76' lang='grc'><strong>(2.</strong></span> <span class='ocrx_word' id='word_1_395' title='bbox 3127 2313 3250 2368; x_wconf 83' lang='lat' dir='ltr'><strong>Cor.</strong></span> <span class='ocrx_word' id='word_1_396' title='bbox 3278 2315 3331 2369; x_wconf 94' lang='lat'><strong>9.</strong></span> <span class='ocrx_word' id='word_1_397' title='bbox 3366 2315 3482 2384; x_wconf 76' lang='grc'><strong>10),</strong></span> <span class='ocrx_word' id='word_1_398' title='bbox 3507 2323 3554 2368; x_wconf 89' lang='lat' dir='ltr'><strong>et</strong></span> <span class='ocrx_word' id='word_1_399' title='bbox 3577 2328 3720 2368; x_wconf 81' lang='lat' dir='ltr'><strong>semen</strong></span> 
     </span>
    </p>
   </div>
   <div class='ocr_carea' id='block_1_52' title="bbox 2199 2399 3719 2474">
    <p class='ocr_par' dir='ltr' id='par_1_52' title="bbox 2199 2399 3719 2474">
     <span class='ocr_line' id='line_1_52' title="bbox 2199 2399 3719 2474; baseline 0.003 -23"><span class='ocrx_word' id='word_1_400' title='bbox 2199 2399 2482 2454; x_wconf 88' lang='lat' dir='ltr'><strong>seminanti</strong></span> <span class='ocrx_word' id='word_1_401' title='bbox 2510 2441 2524 2462; x_wconf 87' lang='lat'><strong>,</strong></span> <span class='ocrx_word' id='word_1_402' title='bbox 2553 2409 2786 2455; x_wconf 85' lang='lat' dir='ltr'><strong>vestram</strong></span> <span class='ocrx_word' id='word_1_403' title='bbox 2826 2411 3118 2457; x_wconf 88' lang='lat' dir='ltr'><strong>sementem</strong></span> <span class='ocrx_word' id='word_1_404' title='bbox 3152 2404 3479 2474; x_wconf 90' lang='lat' dir='ltr'><strong>multiplicet,</strong></span> <span class='ocrx_word' id='word_1_405' title='bbox 3505 2412 3552 2458; x_wconf 89' lang='lat' dir='ltr'><strong>et</strong></span> <span class='ocrx_word' id='word_1_406' title='bbox 3572 2412 3719 2471; x_wconf 83' lang='lat' dir='ltr'><strong>augeat</strong></span> 
     </span>
    </p>
   </div>
   <div class='ocr_carea' id='block_1_53' title="bbox 2199 2489 3718 2562">
    <p class='ocr_par' dir='ltr' id='par_1_53' title="bbox 2199 2489 3718 2562">
     <span class='ocr_line' id='line_1_53' title="bbox 2199 2489 3718 2562; baseline 0.002 -20"><span class='ocrx_word' id='word_1_407' title='bbox 2199 2489 2524 2544; x_wconf 81' lang='lat' dir='ltr'><strong>incrementa</strong></span> <span class='ocrx_word' id='word_1_408' title='bbox 2559 2491 2770 2560; x_wconf 84' lang='lat' dir='ltr'><strong>frugum</strong></span> <span class='ocrx_word' id='word_1_409' title='bbox 2805 2493 3025 2562; x_wconf 78' lang='lat' dir='ltr'><strong>juSIitia:</strong></span> <span class='ocrx_word' id='word_1_410' title='bbox 3053 2494 3105 2548; x_wconf 89' lang='lat' dir='ltr'><strong>iu</strong></span> <span class='ocrx_word' id='word_1_411' title='bbox 3140 2495 3388 2550; x_wconf 89' lang='lat' dir='ltr'><strong>onmibus</strong></span> <span class='ocrx_word' id='word_1_412' title='bbox 3418 2495 3582 2555; x_wconf 88' lang='lat' dir='ltr'><strong>vobis.</strong></span> <span class='ocrx_word' id='word_1_413' title='bbox 3605 2508 3718 2547; x_wconf 81' lang='lat' dir='ltr'><strong>suain</strong></span> 
     </span>
    </p>
   </div>
   <div class='ocr_carea' id='block_1_54' title="bbox 2198 2579 3720 2654">
    <p class='ocr_par' dir='ltr' id='par_1_54' title="bbox 2198 2579 3720 2654">
     <span class='ocr_line' id='line_1_54' title="bbox 2198 2579 3720 2654; baseline 0 -21"><span class='ocrx_word' id='word_1_414' title='bbox 2198 2579 2332 2634; x_wconf 87' lang='lat' dir='ltr'><strong>dans</strong></span> <span class='ocrx_word' id='word_1_415' title='bbox 2352 2582 2596 2651; x_wconf 75' lang='lat' dir='ltr'><strong>gratiam,</strong></span> <span class='ocrx_word' id='word_1_416' title='bbox 2622 2597 2824 2652; x_wconf 85' lang='lat' dir='ltr'><strong>nosque</strong></span> <span class='ocrx_word' id='word_1_417' title='bbox 2853 2599 3018 2653; x_wconf 77' lang='lat' dir='ltr'><strong>regno</strong></span> <span class='ocrx_word' id='word_1_418' title='bbox 3046 2585 3302 2640; x_wconf 71' lang='lat' dir='ltr'><strong>ctelorum</strong></span> <span class='ocrx_word' id='word_1_419' title='bbox 3329 2585 3556 2654; x_wconf 73' lang='lat' dir='ltr'><strong>dignetur</strong></span> <span class='ocrx_word' id='word_1_420' title='bbox 3577 2582 3720 2650; x_wconf 89' lang='lat' dir='ltr'><strong>:eujus</strong></span> 
     </span>
    </p>
   </div>
   <div class='ocr_carea' id='block_1_55' title="bbox 2200 2675 3719 2748">
    <p class='ocr_par' dir='ltr' id='par_1_55' title="bbox 2200 2675 3719 2748">
     <span class='ocr_line' id='line_1_55' title="bbox 2200 2675 3719 2748; baseline 0.003 -24"><span class='ocrx_word' id='word_1_421' title='bbox 2200 2688 2298 2725; x_wconf 89' lang='lat' dir='ltr'><strong>nos</strong></span> <span class='ocrx_word' id='word_1_422' title='bbox 2343 2675 2624 2743; x_wconf 88' lang='lat' dir='ltr'><strong>participes</strong></span> <span class='ocrx_word' id='word_1_423' title='bbox 2675 2677 2788 2730; x_wconf 87' lang='lat' dir='ltr'><strong>fieri</strong></span> <span class='ocrx_word' id='word_1_424' title='bbox 2831 2677 3122 2746; x_wconf 89' lang='lat' dir='ltr'><strong>contingat,</strong></span> <span class='ocrx_word' id='word_1_425' title='bbox 3151 2679 3323 2748; x_wconf 87' lang='lat' dir='ltr'><strong>gratia</strong></span> <span class='ocrx_word' id='word_1_426' title='bbox 3365 2687 3412 2733; x_wconf 88' lang='lat' dir='ltr'><strong>et</strong></span> <span class='ocrx_word' id='word_1_427' title='bbox 3453 2676 3719 2746; x_wconf 84' lang='lat' dir='ltr'><strong>benignitate</strong></span> 
     </span>
    </p>
   </div>
   <div class='ocr_carea' id='block_1_56' title="bbox 2200 2765 3716 2840">
    <p class='ocr_par' dir='ltr' id='par_1_56' title="bbox 2200 2765 3716 2840">
     <span class='ocr_line' id='line_1_56' title="bbox 2200 2765 3716 2840; baseline 0 -22"><span class='ocrx_word' id='word_1_428' title='bbox 2200 2765 2408 2819; x_wconf 90' lang='lat' dir='ltr'><strong>Domini</strong></span> <span class='ocrx_word' id='word_1_429' title='bbox 2437 2769 2602 2821; x_wconf 86' lang='lat' dir='ltr'><strong>nostri</strong></span> <span class='ocrx_word' id='word_1_430' title='bbox 2628 2767 2753 2823; x_wconf 86' lang='lat' dir='ltr'><strong>Jesu</strong></span> <span class='ocrx_word' id='word_1_431' title='bbox 2782 2769 2999 2834; x_wconf 85' lang='lat' dir='ltr'><strong>Christi,</strong></span> <span class='ocrx_word' id='word_1_432' title='bbox 3023 2787 3142 2824; x_wconf 84' lang='lat' dir='ltr'><strong>cum</strong></span> <span class='ocrx_word' id='word_1_433' title='bbox 3171 2787 3284 2839; x_wconf 89' lang='lat' dir='ltr'><strong>quo</strong></span> <span class='ocrx_word' id='word_1_434' title='bbox 3311 2771 3444 2825; x_wconf 83' lang='lat' dir='ltr'><strong>Patri</strong></span> <span class='ocrx_word' id='word_1_435' title='bbox 3461 2771 3624 2840; x_wconf 87' lang='lat' dir='ltr'><strong>gloria,</strong></span> <span class='ocrx_word' id='word_1_436' title='bbox 3642 2767 3716 2819; x_wconf 87' lang='lat' dir='ltr'><strong>ho-</strong></span> 
     </span>
    </p>
   </div>
   <div class='ocr_carea' id='block_1_57' title="bbox 2199 2858 3722 2931">
    <p class='ocr_par' dir='ltr' id='par_1_57' title="bbox 2199 2858 3722 2931">
     <span class='ocr_line' id='line_1_57' title="bbox 2199 2858 3722 2931; baseline 0.003 -22"><span class='ocrx_word' id='word_1_437' title='bbox 2199 2871 2316 2922; x_wconf 91' lang='lat' dir='ltr'><strong>nor,</strong></span> <span class='ocrx_word' id='word_1_438' title='bbox 2353 2858 2650 2927; x_wconf 87' lang='lat' dir='ltr'><strong>imperium,</strong></span> <span class='ocrx_word' id='word_1_439' title='bbox 2675 2877 2776 2914; x_wconf 83' lang='lat' dir='ltr'><strong>una</strong></span> <span class='ocrx_word' id='word_1_440' title='bbox 2803 2876 2924 2915; x_wconf 90' lang='lat' dir='ltr'><strong>cum</strong></span> <span class='ocrx_word' id='word_1_441' title='bbox 2948 2862 3146 2931; x_wconf 88' lang='lat' dir='ltr'><strong>Spiritu</strong></span> <span class='ocrx_word' id='word_1_442' title='bbox 3173 2874 3380 2930; x_wconf 84' lang='lat' dir='ltr'><strong>sancto,</strong></span> <span class='ocrx_word' id='word_1_443' title='bbox 3404 2877 3530 2918; x_wconf 90' lang='lat' dir='ltr'><strong>nunc</strong></span> <span class='ocrx_word' id='word_1_444' title='bbox 3549 2868 3597 2916; x_wconf 84' lang='lat' dir='ltr'><strong>et</strong></span> <span class='ocrx_word' id='word_1_445' title='bbox 3614 2872 3722 2914; x_wconf 80' lang='lat' dir='ltr'><strong>sem-</strong></span> 
     </span>
    </p>
   </div>
   <div class='ocr_carea' id='block_1_58' title="bbox 2202 2951 3291 3018">
    <p class='ocr_par' dir='ltr' id='par_1_58' title="bbox 2202 2951 3291 3018">
     <span class='ocr_line' id='line_1_58' title="bbox 2202 2951 3291 3018; baseline 0.009 -20"><span class='ocrx_word' id='word_1_446' title='bbox 2202 2965 2315 3018; x_wconf 87' lang='lat' dir='ltr'><strong>per,</strong></span> <span class='ocrx_word' id='word_1_447' title='bbox 2346 2959 2401 3005; x_wconf 92' lang='lat' dir='ltr'><strong>et</strong></span> <span class='ocrx_word' id='word_1_448' title='bbox 2431 2951 2481 3004; x_wconf 87' lang='lat' dir='ltr'><strong>itt</strong></span> <span class='ocrx_word' id='word_1_449' title='bbox 2512 2953 2703 3006; x_wconf 67' lang='lat' dir='ltr'><strong>saecula</strong></span> <span class='ocrx_word' id='word_1_450' title='bbox 2732 2954 3070 3009; x_wconf 69' lang='lat' dir='ltr'><strong>stt-culorum.</strong></span> <span class='ocrx_word' id='word_1_451' title='bbox 3099 2955 3291 3010; x_wconf 80' lang='lat' dir='ltr'><strong>Anton.</strong></span> 
     </span>
    </p>
   </div>
   <div class='ocr_carea' id='block_1_59' title="bbox 1659 3655 2645 3722">
    <p class='ocr_par' dir='ltr' id='par_1_59' title="bbox 1659 3655 2645 3722">
     <span class='ocr_line' id='line_1_59' title="bbox 1659 3655 2645 3722; baseline 0.006 -7"><span class='ocrx_word' id='word_1_452' title='bbox 1659 3655 2012 3717; x_wconf 82' lang='lat' dir='ltr'><strong>MONlTUM</strong></span> <span class='ocrx_word' id='word_1_453' title='bbox 2065 3657 2166 3718; x_wconf 90' lang='lat' dir='ltr'><strong>AD</strong></span> <span class='ocrx_word' id='word_1_454' title='bbox 2222 3659 2310 3719; x_wconf 90' lang='lat' dir='ltr'><strong>SE</strong></span> <span class='ocrx_word' id='word_1_455' title='bbox 2320 3660 2528 3720; x_wconf 75' lang='grc' dir='ltr'>ΗΜΘΝ</span> <span class='ocrx_word' id='word_1_456' title='bbox 2538 3660 2645 3722; x_wconf 83' lang='grc' dir='ltr'><strong>ΕΜ</strong></span> 
     </span>
    </p>
   </div>
   <div class='ocr_carea' id='block_1_60' title="bbox 592 3905 3726 3989">
    <p class='ocr_par' dir='ltr' id='par_1_60' title="bbox 592 3905 3726 3989">
     <span class='ocr_line' id='line_1_60' title="bbox 592 3905 3726 3989; baseline 0.004 -30"><span class='ocrx_word' id='word_1_457' title='bbox 592 3905 690 3962; x_wconf 88' lang='lat' dir='ltr'><strong>Hic</strong></span> <span class='ocrx_word' id='word_1_458' title='bbox 723 3922 924 3974; x_wconf 87' lang='lat' dir='ltr'><strong>sermo,</strong></span> <span class='ocrx_word' id='word_1_459' title='bbox 963 3909 1125 3980; x_wconf 89' lang='lat' dir='ltr'><strong>longo</strong></span> <span class='ocrx_word' id='word_1_460' title='bbox 1174 3917 1293 3978; x_wconf 89' lang='lat' dir='ltr'><strong>post</strong></span> <span class='ocrx_word' id='word_1_461' title='bbox 1352 3916 1475 3963; x_wconf 90' lang='lat' dir='ltr'><strong>octo</strong></span> <span class='ocrx_word' id='word_1_462' title='bbox 1509 3909 1644 3964; x_wconf 88' lang='lat' dir='ltr'><strong>alios</strong></span> <span class='ocrx_word' id='word_1_463' title='bbox 1695 3911 1952 3981; x_wconf 90' lang='lat' dir='ltr'><strong>temporis</strong></span> <span class='ocrx_word' id='word_1_464' title='bbox 1988 3911 2276 3967; x_wconf 85' lang='lat' dir='ltr'><strong>intervallo</strong></span> <span class='ocrx_word' id='word_1_465' title='bbox 2308 3913 2551 3978; x_wconf 86' lang='lat' dir='ltr'><strong>habitus,</strong></span> <span class='ocrx_word' id='word_1_466' title='bbox 2598 3917 2651 3970; x_wconf 90' lang='lat' dir='ltr'><strong>in</strong></span> <span class='ocrx_word' id='word_1_467' title='bbox 2695 3916 2798 3972; x_wconf 88' lang='lat' dir='ltr'><strong>hac</strong></span> <span class='ocrx_word' id='word_1_468' title='bbox 2852 3919 2994 3975; x_wconf 87' lang='lat' dir='ltr'><strong>serie</strong></span> <span class='ocrx_word' id='word_1_469' title='bbox 3046 3923 3260 3989; x_wconf 89' lang='lat' dir='ltr'><strong>positus</strong></span> <span class='ocrx_word' id='word_1_470' title='bbox 3311 3923 3430 3988; x_wconf 91' lang='lat' dir='ltr'><strong>fuit,</strong></span> <span class='ocrx_word' id='word_1_471' title='bbox 3465 3939 3560 3977; x_wconf 88' lang='lat' dir='ltr'><strong>non</strong></span> <span class='ocrx_word' id='word_1_472' title='bbox 3603 3920 3726 3974; x_wconf 89' lang='lat' dir='ltr'><strong>modo</strong></span> 
     </span>
    </p>
   </div>
   <div class='ocr_carea' id='block_1_61' title="bbox 519 4024 3725 4107">
    <p class='ocr_par' dir='ltr' id='par_1_61' title="bbox 519 4024 3725 4107">
     <span class='ocr_line' id='line_1_61' title="bbox 519 4024 3725 4107; baseline 0.005 -33"><span class='ocrx_word' id='word_1_473' title='bbox 519 4025 646 4096; x_wconf 86' lang='lat' dir='ltr'><strong>quia</strong></span> <span class='ocrx_word' id='word_1_474' title='bbox 675 4024 726 4076; x_wconf 92' lang='lat' dir='ltr'><strong>in</strong></span> <span class='ocrx_word' id='word_1_475' title='bbox 753 4025 844 4078; x_wconf 94' lang='lat' dir='ltr'><strong>illo</strong></span> <span class='ocrx_word' id='word_1_476' title='bbox 875 4025 940 4079; x_wconf 89' lang='lat' dir='ltr'><strong>de</strong></span> <span class='ocrx_word' id='word_1_477' title='bbox 972 4026 1245 4080; x_wconf 88' lang='lat' dir='ltr'><strong>Abraham</strong></span> <span class='ocrx_word' id='word_1_478' title='bbox 1281 4037 1335 4082; x_wconf 91' lang='lat' dir='ltr'><strong>et</strong></span> <span class='ocrx_word' id='word_1_479' title='bbox 1366 4027 1433 4081; x_wconf 87' lang='lat' dir='ltr'><strong>de</strong></span> <span class='ocrx_word' id='word_1_480' title='bbox 1468 4027 1582 4081; x_wconf 85' lang='lat' dir='ltr'><strong>Noe</strong></span> <span class='ocrx_word' id='word_1_481' title='bbox 1614 4028 1860 4095; x_wconf 85' lang='lat' dir='ltr'><strong>pluribus</strong></span> <span class='ocrx_word' id='word_1_482' title='bbox 1907 4029 2110 4099; x_wconf 82' lang='lat' dir='ltr'><strong>agitur,</strong></span> <span class='ocrx_word' id='word_1_483' title='bbox 2162 4031 2255 4084; x_wconf 82' lang='lat' dir='ltr'><strong>sed</strong></span> <span class='ocrx_word' id='word_1_484' title='bbox 2306 4033 2468 4085; x_wconf 85' lang='lat' dir='ltr'><strong>etiam</strong></span> <span class='ocrx_word' id='word_1_485' title='bbox 2518 4035 2644 4103; x_wconf 88' lang='lat' dir='ltr'><strong>quia</strong></span> <span class='ocrx_word' id='word_1_486' title='bbox 2701 4051 2808 4090; x_wconf 91' lang='lat' dir='ltr'><strong>non</strong></span> <span class='ocrx_word' id='word_1_487' title='bbox 2878 4053 3047 4107; x_wconf 90' lang='lat' dir='ltr'><strong>pauca</strong></span> <span class='ocrx_word' id='word_1_488' title='bbox 3115 4041 3203 4096; x_wconf 89' lang='lat' dir='ltr'><strong>hic</strong></span> <span class='ocrx_word' id='word_1_489' title='bbox 3255 4043 3509 4098; x_wconf 87' lang='lat' dir='ltr'><strong>habentur</strong></span> <span class='ocrx_word' id='word_1_490' title='bbox 3552 4039 3725 4102; x_wconf 84' lang='lat' dir='ltr'><strong>similia,</strong></span> 
     </span>
    </p>
   </div>
   <div class='ocr_carea' id='block_1_62' title="bbox 523 4145 3726 4229">
    <p class='ocr_par' dir='ltr' id='par_1_62' title="bbox 523 4145 3726 4229">
     <span class='ocr_line' id='line_1_62' title="bbox 523 4145 3726 4229; baseline 0.002 -31"><span class='ocrx_word' id='word_1_491' title='bbox 523 4145 635 4198; x_wconf 91' lang='lat' dir='ltr'><strong>imo</strong></span> <span class='ocrx_word' id='word_1_492' title='bbox 658 4145 848 4197; x_wconf 75' lang='lat' dir='ltr'><strong>eadem</strong></span> <span class='ocrx_word' id='word_1_493' title='bbox 887 4159 1022 4213; x_wconf 87' lang='lat' dir='ltr'><strong>pene</strong></span> <span class='ocrx_word' id='word_1_494' title='bbox 1048 4161 1170 4218; x_wconf 75' lang='lat' dir='ltr'><strong>quae</strong></span> <span class='ocrx_word' id='word_1_495' title='bbox 1196 4145 1248 4199; x_wconf 88' lang='lat' dir='ltr'><strong>itt</strong></span> <span class='ocrx_word' id='word_1_496' title='bbox 1280 4145 1531 4200; x_wconf 79' lang='lat' dir='ltr'><strong>Homiliis</strong></span> <span class='ocrx_word' id='word_1_497' title='bbox 1569 4147 1622 4200; x_wconf 91' lang='lat' dir='ltr'><strong>in</strong></span> <span class='ocrx_word' id='word_1_498' title='bbox 1673 4146 1949 4201; x_wconf 86' lang='lat' dir='ltr'><strong>Genesim.</strong></span> <span class='ocrx_word' id='word_1_499' title='bbox 2003 4147 2157 4203; x_wconf 89' lang='lat' dir='ltr'><strong>llunc</strong></span> <span class='ocrx_word' id='word_1_500' title='bbox 2204 4164 2371 4219; x_wconf 91' lang='lat' dir='ltr'><strong>porro</strong></span> <span class='ocrx_word' id='word_1_501' title='bbox 2417 4151 2736 4207; x_wconf 87' lang='lat' dir='ltr'><strong>Sermonem</strong></span> <span class='ocrx_word' id='word_1_502' title='bbox 2785 4159 2975 4210; x_wconf 88' lang='lat' dir='ltr'><strong>eodem</strong></span> <span class='ocrx_word' id='word_1_503' title='bbox 3031 4158 3222 4212; x_wconf 81' lang='lat' dir='ltr'><strong>habuit</strong></span> <span class='ocrx_word' id='word_1_504' title='bbox 3257 4177 3400 4214; x_wconf 89' lang='lat' dir='ltr'><strong>anno</strong></span> <span class='ocrx_word' id='word_1_505' title='bbox 3442 4173 3539 4229; x_wconf 90' lang='lat' dir='ltr'><strong>quo</strong></span> <span class='ocrx_word' id='word_1_506' title='bbox 3579 4152 3726 4211; x_wconf 82' lang='lat' dir='ltr'><strong>ﬂenti-</strong></span> 
     </span>
    </p>
   </div>
   <div class='ocr_carea' id='block_1_63' title="bbox 523 4258 3725 4337">
    <p class='ocr_par' dir='ltr' id='par_1_63' title="bbox 523 4258 3725 4337">
     <span class='ocr_line' id='line_1_63' title="bbox 523 4258 3725 4337; baseline 0.002 -25"><span class='ocrx_word' id='word_1_507' title='bbox 523 4258 623 4313; x_wconf 88' lang='lat' dir='ltr'><strong>lias</strong></span> <span class='ocrx_word' id='word_1_508' title='bbox 651 4258 870 4329; x_wconf 87' lang='lat' dir='ltr'><strong>triginta</strong></span> <span class='ocrx_word' id='word_1_509' title='bbox 901 4261 1036 4313; x_wconf 86' lang='lat' dir='ltr'><strong>duas</strong></span> <span class='ocrx_word' id='word_1_510' title='bbox 1077 4259 1286 4328; x_wconf 86' lang='lat' dir='ltr'><strong>priores</strong></span> <span class='ocrx_word' id='word_1_511' title='bbox 1317 4261 1370 4313; x_wconf 91' lang='lat' dir='ltr'><strong>in</strong></span> <span class='ocrx_word' id='word_1_512' title='bbox 1401 4260 1682 4326; x_wconf 88' lang='lat' dir='ltr'><strong>Geuesim,</strong></span> <span class='ocrx_word' id='word_1_513' title='bbox 1717 4272 1772 4316; x_wconf 93' lang='lat' dir='ltr'><strong>et</strong></span> <span class='ocrx_word' id='word_1_514' title='bbox 1796 4277 1905 4331; x_wconf 88' lang='lat' dir='ltr'><strong>quo</strong></span> <span class='ocrx_word' id='word_1_515' title='bbox 1939 4261 2200 4319; x_wconf 84' lang='lat' dir='ltr'><strong>Homilias</strong></span> <span class='ocrx_word' id='word_1_516' title='bbox 2250 4266 2303 4320; x_wconf 93' lang='lat' dir='ltr'><strong>in</strong></span> <span class='ocrx_word' id='word_1_517' title='bbox 2352 4267 2678 4337; x_wconf 85' lang='lat' dir='ltr'><strong>principium</strong></span> <span class='ocrx_word' id='word_1_518' title='bbox 2724 4271 3009 4336; x_wconf 87' lang='lat' dir='ltr'><strong>Actorum,</strong></span> <span class='ocrx_word' id='word_1_519' title='bbox 3049 4283 3104 4327; x_wconf 89' lang='lat' dir='ltr'><strong>et</strong></span> <span class='ocrx_word' id='word_1_520' title='bbox 3149 4274 3218 4328; x_wconf 87' lang='lat' dir='ltr'><strong>de</strong></span> <span class='ocrx_word' id='word_1_521' title='bbox 3267 4275 3553 4329; x_wconf 88' lang='lat' dir='ltr'><strong>mutatione</strong></span> <span class='ocrx_word' id='word_1_522' title='bbox 3591 4268 3725 4322; x_wconf 82' lang='lat' dir='ltr'><strong>nenti-</strong></span> 
     </span>
    </p>
   </div>
   <div class='ocr_carea' id='block_1_64' title="bbox 520 4377 3725 4460">
    <p class='ocr_par' dir='ltr' id='par_1_64' title="bbox 520 4377 3725 4460">
     <span class='ocr_line' id='line_1_64' title="bbox 520 4377 3725 4460; baseline 0.002 -30"><span class='ocrx_word' id='word_1_523' title='bbox 520 4393 670 4431; x_wconf 89' lang='lat' dir='ltr'><strong>ttutn.</strong></span> <span class='ocrx_word' id='word_1_524' title='bbox 700 4377 870 4446; x_wconf 86' lang='lat' dir='ltr'><strong>Cujus</strong></span> <span class='ocrx_word' id='word_1_525' title='bbox 903 4377 1270 4448; x_wconf 73' lang='lat' dir='ltr'><strong>chronologia:</strong></span> <span class='ocrx_word' id='word_1_526' title='bbox 1316 4377 1584 4432; x_wconf 88' lang='lat' dir='ltr'><strong>rationem</strong></span> <span class='ocrx_word' id='word_1_527' title='bbox 1634 4381 1960 4448; x_wconf 84' lang='lat' dir='ltr'><strong>explicatam</strong></span> <span class='ocrx_word' id='word_1_528' title='bbox 2014 4383 2183 4438; x_wconf 89' lang='lat' dir='ltr'><strong>habes</strong></span> <span class='ocrx_word' id='word_1_529' title='bbox 2218 4383 2270 4438; x_wconf 93' lang='lat' dir='ltr'><strong>in</strong></span> <span class='ocrx_word' id='word_1_530' title='bbox 2332 4383 2542 4440; x_wconf 83' lang='lat' dir='ltr'><strong>Monito</strong></span> <span class='ocrx_word' id='word_1_531' title='bbox 2587 4387 2653 4440; x_wconf 89' lang='lat' dir='ltr'><strong>ad</strong></span> <span class='ocrx_word' id='word_1_532' title='bbox 2707 4385 2970 4444; x_wconf 90' lang='lat' dir='ltr'><strong>Homilias</strong></span> <span class='ocrx_word' id='word_1_533' title='bbox 3029 4389 3083 4442; x_wconf 91' lang='lat' dir='ltr'><strong>in</strong></span> <span class='ocrx_word' id='word_1_534' title='bbox 3138 4390 3462 4460; x_wconf 85' lang='lat' dir='ltr'><strong>principium</strong></span> <span class='ocrx_word' id='word_1_535' title='bbox 3519 4389 3725 4441; x_wconf 84' lang='lat' dir='ltr'><strong>Actorum</strong></span> 
     </span>
    </p>
   </div>
   <div class='ocr_carea' id='block_1_65' title="bbox 519 4489 3726 4576">
    <p class='ocr_par' dir='ltr' id='par_1_65' title="bbox 519 4489 3726 4576">
     <span class='ocr_line' id='line_1_65' title="bbox 519 4489 3726 4576; baseline 0.004 -32"><span class='ocrx_word' id='word_1_536' title='bbox 519 4489 690 4547; x_wconf 88' lang='lat' dir='ltr'><strong>Tomo</strong></span> <span class='ocrx_word' id='word_1_537' title='bbox 722 4493 756 4546; x_wconf 79' lang='lat'><strong>5</strong></span> <span class='ocrx_word' id='word_1_538' title='bbox 780 4492 906 4562; x_wconf 91' lang='lat' dir='ltr'><strong>(col.</strong></span> <span class='ocrx_word' id='word_1_539' title='bbox 944 4491 1057 4562; x_wconf 77' lang='grc'><strong>65),</strong></span> <span class='ocrx_word' id='word_1_540' title='bbox 1091 4497 1330 4565; x_wconf 85' lang='lat' dir='ltr'><strong>itemque</strong></span> <span class='ocrx_word' id='word_1_541' title='bbox 1353 4497 1407 4550; x_wconf 93' lang='lat' dir='ltr'><strong>in</strong></span> <span class='ocrx_word' id='word_1_542' title='bbox 1436 4495 1638 4551; x_wconf 81' lang='lat' dir='ltr'><strong>Mouito</strong></span> <span class='ocrx_word' id='word_1_543' title='bbox 1661 4498 1726 4552; x_wconf 89' lang='lat' dir='ltr'><strong>ad</strong></span> <span class='ocrx_word' id='word_1_544' title='bbox 1753 4497 2018 4555; x_wconf 89' lang='lat' dir='ltr'><strong>Homilias</strong></span> <span class='ocrx_word' id='word_1_545' title='bbox 2051 4501 2117 4556; x_wconf 85' lang='lat' dir='ltr'><strong>de</strong></span> <span class='ocrx_word' id='word_1_546' title='bbox 2147 4502 2447 4559; x_wconf 89' lang='lat' dir='ltr'><strong>mutatione</strong></span> <span class='ocrx_word' id='word_1_547' title='bbox 2474 4505 2756 4559; x_wconf 89' lang='lat' dir='ltr'><strong>nominum</strong></span> <span class='ocrx_word' id='word_1_548' title='bbox 2780 4507 2971 4561; x_wconf 90' lang='lat' dir='ltr'><strong>eodem</strong></span> <span class='ocrx_word' id='word_1_549' title='bbox 2997 4507 3172 4562; x_wconf 90' lang='lat' dir='ltr'><strong>Tomo</strong></span> <span class='ocrx_word' id='word_1_550' title='bbox 3201 4508 3328 4576; x_wconf 88' lang='lat' dir='ltr'><strong>(col.</strong></span> <span class='ocrx_word' id='word_1_551' title='bbox 3365 4506 3500 4576; x_wconf 69' lang='lat' dir='ltr'><strong>lli).</strong></span> <span class='ocrx_word' id='word_1_552' title='bbox 3525 4505 3628 4570; x_wconf 85' lang='lat' dir='ltr'><strong>Quo</strong></span> <span class='ocrx_word' id='word_1_553' title='bbox 3655 4511 3726 4550; x_wconf 71' lang='grc' dir='ltr'><strong>ευ·</strong></span> 
     </span>
    </p>
   </div>
   <div class='ocr_carea' id='block_1_66' title="bbox 525 4609 3723 4692">
    <p class='ocr_par' dir='ltr' id='par_1_66' title="bbox 525 4609 3723 4692">
     <span class='ocr_line' id='line_1_66' title="bbox 525 4609 3723 4692; baseline 0.002 -31"><span class='ocrx_word' id='word_1_554' title='bbox 525 4616 632 4662; x_wconf 88' lang='lat' dir='ltr'><strong>tem</strong></span> <span class='ocrx_word' id='word_1_555' title='bbox 660 4623 806 4663; x_wconf 93' lang='lat' dir='ltr'><strong>anno</strong></span> <span class='ocrx_word' id='word_1_556' title='bbox 836 4609 953 4664; x_wconf 59' lang='lat' dir='ltr'><strong>haec</strong></span> <span class='ocrx_word' id='word_1_557' title='bbox 982 4620 1128 4664; x_wconf 87' lang='lat' dir='ltr'><strong>tanta</strong></span> <span class='ocrx_word' id='word_1_558' title='bbox 1167 4611 1514 4666; x_wconf 86' lang='lat' dir='ltr'><strong>homiliarum</strong></span> <span class='ocrx_word' id='word_1_559' title='bbox 1555 4628 1982 4684; x_wconf 87' lang='lat' dir='ltr'><strong>sermonumque</strong></span> <span class='ocrx_word' id='word_1_560' title='bbox 2029 4630 2200 4670; x_wconf 86' lang='lat' dir='ltr'><strong>senes</strong></span> <span class='ocrx_word' id='word_1_561' title='bbox 2251 4619 2601 4685; x_wconf 88' lang='lat' dir='ltr'><strong>pronuntiata</strong></span> <span class='ocrx_word' id='word_1_562' title='bbox 2643 4619 2828 4686; x_wconf 91' lang='lat' dir='ltr'><strong>fuerit,</strong></span> <span class='ocrx_word' id='word_1_563' title='bbox 2872 4623 3114 4677; x_wconf 91' lang='lat' dir='ltr'><strong>nondum</strong></span> <span class='ocrx_word' id='word_1_564' title='bbox 3158 4626 3435 4692; x_wconf 91' lang='lat' dir='ltr'><strong>potuimus</strong></span> <span class='ocrx_word' id='word_1_565' title='bbox 3473 4620 3723 4690; x_wconf 85' lang='lat' dir='ltr'><strong>deprehen-</strong></span> 
     </span>
    </p>
   </div>
   <div class='ocr_carea' id='block_1_67' title="bbox 523 4723 3725 4807">
    <p class='ocr_par' dir='ltr' id='par_1_67' title="bbox 523 4723 3725 4807">
     <span class='ocr_line' id='line_1_67' title="bbox 523 4723 3725 4807; baseline 0.006 -28"><span class='ocrx_word' id='word_1_566' title='bbox 523 4723 674 4780; x_wconf 87' lang='lat' dir='ltr'><strong>dere.</strong></span> <span class='ocrx_word' id='word_1_567' title='bbox 705 4725 833 4780; x_wconf 85' lang='lat' dir='ltr'><strong>Illud</strong></span> <span class='ocrx_word' id='word_1_568' title='bbox 868 4729 1041 4783; x_wconf 89' lang='lat' dir='ltr'><strong>solnm</strong></span> <span class='ocrx_word' id='word_1_569' title='bbox 1073 4746 1171 4800; x_wconf 89' lang='lat' dir='ltr'><strong>pro</strong></span> <span class='ocrx_word' id='word_1_570' title='bbox 1201 4745 1350 4785; x_wconf 88' lang='lat' dir='ltr'><strong>certo</strong></span> <span class='ocrx_word' id='word_1_571' title='bbox 1383 4733 1774 4806; x_wconf 75' lang='lat' dir='ltr'><strong>exploratoque</strong></span> <span class='ocrx_word' id='word_1_572' title='bbox 1821 4736 2100 4801; x_wconf 88' lang='lat' dir='ltr'><strong>habemus,</strong></span> <span class='ocrx_word' id='word_1_573' title='bbox 2133 4751 2322 4792; x_wconf 89' lang='lat' dir='ltr'><strong>omnes</strong></span> <span class='ocrx_word' id='word_1_574' title='bbox 2369 4749 2490 4807; x_wconf 89' lang='lat' dir='ltr'><strong>post</strong></span> <span class='ocrx_word' id='word_1_575' title='bbox 2542 4755 2749 4795; x_wconf 90' lang='lat' dir='ltr'><strong>annum</strong></span> <span class='ocrx_word' id='word_1_576' title='bbox 2797 4742 2902 4796; x_wconf 83' lang='grc'><strong>587</strong></span> <span class='ocrx_word' id='word_1_577' title='bbox 2961 4743 3174 4798; x_wconf 90' lang='lat' dir='ltr'><strong>habitas</strong></span> <span class='ocrx_word' id='word_1_578' title='bbox 3224 4743 3412 4799; x_wconf 89' lang='lat' dir='ltr'><strong>fuisse.</strong></span> <span class='ocrx_word' id='word_1_579' title='bbox 3468 4741 3539 4796; x_wconf 82' lang='lat' dir='ltr'><strong>Ea</strong></span> <span class='ocrx_word' id='word_1_580' title='bbox 3584 4737 3641 4792; x_wconf 82' lang='lat' dir='ltr'><strong>de</strong></span> <span class='ocrx_word' id='word_1_581' title='bbox 3682 4743 3725 4784; x_wconf 70' lang='grc' dir='ltr'><strong>τε</strong></span> 
     </span>
    </p>
   </div>
   <div class='ocr_carea' id='block_1_68' title="bbox 569 5029 2802 5054">
    <p class='ocr_par' dir='ltr' id='par_1_68' title="bbox 569 5029 2802 5054">
     <span class='ocr_line' id='line_1_68' title="bbox 569 5029 2802 5054; baseline 0.003 -7"><span class='ocrx_word' id='word_1_582' title='bbox 569 5029 2802 5054; x_wconf 55' lang='lat' dir='ltr'><strong>mm</strong></span> 
     </span>
    </p>
   </div>
   <div class='ocr_carea' id='block_1_69' title="bbox 1118 5245 1476 5302">
    <p class='ocr_par' dir='ltr' id='par_1_69' title="bbox 1118 5245 1476 5302">
     <span class='ocr_line' id='line_1_69' title="bbox 1118 5245 1476 5302; baseline -0.008 0"><span class='ocrx_word' id='word_1_583' title='bbox 1118 5246 1348 5302; x_wconf 72' lang='lat' dir='ltr'><strong>SERMO</strong></span> <span class='ocrx_word' id='word_1_584' title='bbox 1387 5245 1476 5301; x_wconf 82' lang='lat' dir='ltr'><strong>IX.</strong></span> 
     </span>
    </p>
   </div>
   <div class='ocr_carea' id='block_1_70' title="bbox 509 5340 2088 5412">
    <p class='ocr_par' dir='ltr' id='par_1_70' title="bbox 509 5340 2088 5412">
     <span class='ocr_line' id='line_1_70' title="bbox 509 5340 2088 5412; baseline -0.001 -16"><span class='ocrx_word' id='word_1_585' title='bbox 509 5343 772 5411; x_wconf 80' lang='lat' dir='ltr'><strong>Quomodo</strong></span> <span class='ocrx_word' id='word_1_586' title='bbox 793 5349 1020 5412; x_wconf 88' lang='lat' dir='ltr'><strong>oporteat</strong></span> <span class='ocrx_word' id='word_1_587' title='bbox 1039 5344 1258 5411; x_wconf 79' lang='lat' dir='ltr'><strong>fratrum</strong></span> <span class='ocrx_word' id='word_1_588' title='bbox 1282 5349 1484 5408; x_wconf 83' lang='lat' dir='ltr'><strong>peccata</strong></span> <span class='ocrx_word' id='word_1_589' title='bbox 1503 5354 1734 5409; x_wconf 87' lang='lat' dir='ltr'><strong>arguere,</strong></span> <span class='ocrx_word' id='word_1_590' title='bbox 1769 5348 1816 5392; x_wconf 90' lang='lat' dir='ltr'><strong>et</strong></span> <span class='ocrx_word' id='word_1_591' title='bbox 1841 5340 1974 5409; x_wconf 85' lang='lat' dir='ltr'><strong>quod</strong></span> <span class='ocrx_word' id='word_1_592' title='bbox 2000 5356 2088 5394; x_wconf 86' lang='lat' dir='ltr'><strong>eo-</strong></span> 
     </span>
    </p>
   </div>
   <div class='ocr_carea' id='block_1_71' title="bbox 571 5430 2090 5498">
    <p class='ocr_par' dir='ltr' id='par_1_71' title="bbox 571 5430 2090 5498">
     <span class='ocr_line' id='line_1_71' title="bbox 571 5430 2090 5498; baseline -0.005 -9"><span class='ocrx_word' id='word_1_593' title='bbox 571 5451 684 5489; x_wconf 89' lang='lat' dir='ltr'><strong>ruut</strong></span> <span class='ocrx_word' id='word_1_594' title='bbox 709 5433 885 5487; x_wconf 86' lang='lat' dir='ltr'><strong>salutis</strong></span> <span class='ocrx_word' id='word_1_595' title='bbox 917 5449 1092 5485; x_wconf 89' lang='lat' dir='ltr'><strong>curam</strong></span> <span class='ocrx_word' id='word_1_596' title='bbox 1119 5430 1298 5485; x_wconf 82' lang='lat' dir='ltr'><strong>habere</strong></span> <span class='ocrx_word' id='word_1_597' title='bbox 1322 5433 1583 5484; x_wconf 81' lang='lat' dir='ltr'><strong>conveniat</strong></span> <span class='ocrx_word' id='word_1_598' title='bbox 1602 5471 1616 5494; x_wconf 95' lang='lat'><strong>,</strong></span> <span class='ocrx_word' id='word_1_599' title='bbox 1645 5441 1691 5482; x_wconf 88' lang='lat' dir='ltr'><strong>et</strong></span> <span class='ocrx_word' id='word_1_600' title='bbox 1719 5446 1876 5498; x_wconf 80' lang='lat' dir='ltr'><strong>quare</strong></span> <span class='ocrx_word' id='word_1_601' title='bbox 1902 5430 2090 5482; x_wconf 79' lang='lat' dir='ltr'><strong>Abram</strong></span> 
     </span>
    </p>
   </div>
   <div class='ocr_carea' id='block_1_72' title="bbox 572 5521 2088 5590">
    <p class='ocr_par' dir='ltr' id='par_1_72' title="bbox 572 5521 2088 5590">
     <span class='ocr_line' id='line_1_72' title="bbox 572 5521 2088 5590; baseline -0.004 -10"><span class='ocrx_word' id='word_1_602' title='bbox 572 5537 772 5581; x_wconf 83' lang='lat' dir='ltr'><strong>vocatus</strong></span> <span class='ocrx_word' id='word_1_603' title='bbox 798 5526 861 5578; x_wconf 87' lang='lat' dir='ltr'><strong>sit</strong></span> <span class='ocrx_word' id='word_1_604' title='bbox 887 5524 1158 5588; x_wconf 82' lang='lat' dir='ltr'><strong>Abraham,</strong></span> <span class='ocrx_word' id='word_1_605' title='bbox 1201 5533 1248 5576; x_wconf 87' lang='lat' dir='ltr'><strong>et</strong></span> <span class='ocrx_word' id='word_1_606' title='bbox 1283 5523 1346 5576; x_wconf 83' lang='lat' dir='ltr'><strong>de</strong></span> <span class='ocrx_word' id='word_1_607' title='bbox 1387 5523 1588 5576; x_wconf 85' lang='lat' dir='ltr'><strong>nomine</strong></span> <span class='ocrx_word' id='word_1_608' title='bbox 1630 5521 1753 5575; x_wconf 76' lang='lat' dir='ltr'><strong>Noe&quot;</strong></span> <span class='ocrx_word' id='word_1_609' title='bbox 1779 5537 1797 5575; x_wconf 94' lang='lat'><strong><em>:</em></strong></span> <span class='ocrx_word' id='word_1_610' title='bbox 1820 5522 1954 5590; x_wconf 87' lang='lat' dir='ltr'><strong>quod</strong></span> <span class='ocrx_word' id='word_1_611' title='bbox 1988 5538 2088 5574; x_wconf 89' lang='lat' dir='ltr'><strong>non</strong></span> 
     </span>
    </p>
   </div>
   <div class='ocr_carea' id='block_1_73' title="bbox 573 5613 2089 5684">
    <p class='ocr_par' dir='ltr' id='par_1_73' title="bbox 573 5613 2089 5684">
     <span class='ocr_line' id='line_1_73' title="bbox 573 5613 2089 5684; baseline -0.003 -14"><span class='ocrx_word' id='word_1_612' title='bbox 573 5621 760 5684; x_wconf 80' lang='lat' dir='ltr'><strong>{rustra</strong></span> <span class='ocrx_word' id='word_1_613' title='bbox 787 5625 874 5668; x_wconf 90' lang='lat' dir='ltr'><strong>aut</strong></span> <span class='ocrx_word' id='word_1_614' title='bbox 901 5616 1007 5669; x_wconf 88' lang='lat' dir='ltr'><strong>sine</strong></span> <span class='ocrx_word' id='word_1_615' title='bbox 1029 5632 1183 5668; x_wconf 84' lang='lat' dir='ltr'><strong>causa</strong></span> <span class='ocrx_word' id='word_1_616' title='bbox 1212 5615 1342 5684; x_wconf 86' lang='lat' dir='ltr'><strong>justi</strong></span> <span class='ocrx_word' id='word_1_617' title='bbox 1375 5615 1451 5668; x_wconf 85' lang='lat' dir='ltr'><strong>illi</strong></span> <span class='ocrx_word' id='word_1_618' title='bbox 1488 5614 1674 5684; x_wconf 75' lang='lat' dir='ltr'><strong>fuerint</strong></span> <span class='ocrx_word' id='word_1_619' title='bbox 1703 5613 1781 5666; x_wconf 83' lang='lat' dir='ltr'><strong>Itis</strong></span> <span class='ocrx_word' id='word_1_620' title='bbox 1805 5613 2089 5666; x_wconf 83' lang='lat' dir='ltr'><strong>nominibus</strong></span> 
     </span>
    </p>
   </div>
   <div class='ocr_carea' id='block_1_74' title="bbox 573 5703 1872 5775">
    <p class='ocr_par' dir='ltr' id='par_1_74' title="bbox 573 5703 1872 5775">
     <span class='ocr_line' id='line_1_74' title="bbox 573 5703 1872 5775; baseline 0.001 -17"><span class='ocrx_word' id='word_1_621' title='bbox 573 5708 812 5773; x_wconf 76' lang='lat' dir='ltr'><strong>appellati</strong></span> <span class='ocrx_word' id='word_1_622' title='bbox 826 5747 842 5770; x_wconf 95' lang='lat'><strong>,</strong></span> <span class='ocrx_word' id='word_1_623' title='bbox 867 5706 953 5759; x_wconf 84' lang='lat' dir='ltr'><strong>sed</strong></span> <span class='ocrx_word' id='word_1_624' title='bbox 977 5706 1046 5757; x_wconf 84' lang='lat' dir='ltr'><strong>ita</strong></span> <span class='ocrx_word' id='word_1_625' title='bbox 1069 5705 1394 5775; x_wconf 83' lang='lat' dir='ltr'><strong>dispensante</strong></span> <span class='ocrx_word' id='word_1_626' title='bbox 1415 5703 1509 5758; x_wconf 89' lang='lat' dir='ltr'><strong>Dei</strong></span> <span class='ocrx_word' id='word_1_627' title='bbox 1539 5704 1872 5774; x_wconf 83' lang='lat' dir='ltr'><strong>providentia.</strong></span> 
     </span>
    </p>
   </div>
   <div class='ocr_carea' id='block_1_75' title="bbox 577 5795 2091 5868">
    <p class='ocr_par' dir='ltr' id='par_1_75' title="bbox 577 5795 2091 5868">
     <span class='ocr_line' id='line_1_75' title="bbox 577 5795 2091 5868; baseline 0 -16"><span class='ocrx_word' id='word_1_628' title='bbox 577 5799 624 5852; x_wconf 75' lang='lat' dir='ltr'><strong>l.</strong></span> <span class='ocrx_word' id='word_1_629' title='bbox 645 5798 791 5852; x_wconf 85' lang='lat' dir='ltr'><strong>llaud</strong></span> <span class='ocrx_word' id='word_1_630' title='bbox 805 5798 1015 5853; x_wconf 85' lang='lat' dir='ltr'><strong>dil&#39;ticile</strong></span> <span class='ocrx_word' id='word_1_631' title='bbox 1031 5797 1163 5852; x_wconf 85' lang='lat' dir='ltr'><strong>foret</strong></span> <span class='ocrx_word' id='word_1_632' title='bbox 1179 5812 1242 5852; x_wconf 78' lang='lat' dir='ltr'><strong>ex</strong></span> <span class='ocrx_word' id='word_1_633' title='bbox 1262 5797 1636 5868; x_wconf 86' lang='lat' dir='ltr'><strong>consequentia</strong></span> <span class='ocrx_word' id='word_1_634' title='bbox 1653 5795 2091 5866; x_wconf 88' lang='lat' dir='ltr'><strong>nuperdiclorum</strong></span> 
     </span>
    </p>
   </div>
   <div class='ocr_carea' id='block_1_76' title="bbox 2806 5031 3708 5058">
    <p class='ocr_par' dir='ltr' id='par_1_76' title="bbox 2806 5031 3708 5058">
     <span class='ocr_line' id='line_1_76' title="bbox 2806 5031 3708 5058; baseline 0.003 -11"><span class='ocrx_word' id='word_1_635' title='bbox 2806 5031 3708 5058; x_wconf 56' lang='lat'><strong>_______—___—__—.—‘</strong></span> 
     </span>
    </p>
   </div>
   <div class='ocr_carea' id='block_1_77' title="bbox 2197 5251 3726 5330">
    <p class='ocr_par' dir='ltr' id='par_1_77' title="bbox 2197 5251 3726 5330">
     <span class='ocr_line' id='line_1_77' title="bbox 2197 5251 3726 5330; baseline 0.001 -25"><span class='ocrx_word' id='word_1_636' title='bbox 2197 5253 2474 5321; x_wconf 69' lang='lat' dir='ltr'><strong>prteseutis</strong></span> <span class='ocrx_word' id='word_1_637' title='bbox 2495 5256 2757 5309; x_wconf 88' lang='lat' dir='ltr'><strong>sermonis</strong></span> <span class='ocrx_word' id='word_1_638' title='bbox 2777 5271 2996 5314; x_wconf 86' lang='lat' dir='ltr'><strong>sumere</strong></span> <span class='ocrx_word' id='word_1_639' title='bbox 3013 5261 3348 5328; x_wconf 77' lang='lat' dir='ltr'><strong>prommium,</strong></span> <span class='ocrx_word' id='word_1_640' title='bbox 3369 5257 3602 5330; x_wconf 84' lang='lat' dir='ltr'><strong>siquidem</strong></span> <span class='ocrx_word' id='word_1_641' title='bbox 3620 5251 3726 5307; x_wconf 79' lang='lat' dir='ltr'><strong>scire</strong></span> 
     </span>
    </p>
   </div>
   <div class='ocr_carea' id='block_1_78' title="bbox 2199 5341 3724 5422">
    <p class='ocr_par' dir='ltr' id='par_1_78' title="bbox 2199 5341 3724 5422">
     <span class='ocr_line' id='line_1_78' title="bbox 2199 5341 3724 5422; baseline -0.001 -24"><span class='ocrx_word' id='word_1_642' title='bbox 2199 5345 2426 5412; x_wconf 85' lang='lat' dir='ltr'><strong>possetis</strong></span> <span class='ocrx_word' id='word_1_643' title='bbox 2453 5345 2577 5414; x_wconf 87' lang='lat' dir='ltr'><strong>quid</strong></span> <span class='ocrx_word' id='word_1_644' title='bbox 2608 5362 2777 5416; x_wconf 88' lang='lat' dir='ltr'><strong>nuper</strong></span> <span class='ocrx_word' id='word_1_645' title='bbox 2805 5363 2832 5400; x_wconf 92' lang='lat' dir='ltr'><strong>a</strong></span> <span class='ocrx_word' id='word_1_646' title='bbox 2864 5350 3017 5403; x_wconf 90' lang='lat' dir='ltr'><strong>nobis</strong></span> <span class='ocrx_word' id='word_1_647' title='bbox 3045 5351 3266 5416; x_wconf 87' lang='lat' dir='ltr'><strong>dictum,</strong></span> <span class='ocrx_word' id='word_1_648' title='bbox 3295 5363 3347 5406; x_wconf 92' lang='lat' dir='ltr'><strong>et</strong></span> <span class='ocrx_word' id='word_1_649' title='bbox 3369 5347 3609 5422; x_wconf 90' lang='lat' dir='ltr'><strong>quomodo</strong></span> <span class='ocrx_word' id='word_1_650' title='bbox 3634 5341 3724 5396; x_wconf 86' lang='lat' dir='ltr'><strong>lini-</strong></span> 
     </span>
    </p>
   </div>
   <div class='ocr_carea' id='block_1_79' title="bbox 2197 5433 3725 5511">
    <p class='ocr_par' dir='ltr' id='par_1_79' title="bbox 2197 5433 3725 5511">
     <span class='ocr_line' id='line_1_79' title="bbox 2197 5433 3725 5511; baseline -0.003 -26"><span class='ocrx_word' id='word_1_651' title='bbox 2197 5441 2280 5487; x_wconf 90' lang='lat' dir='ltr'><strong>ttts</strong></span> <span class='ocrx_word' id='word_1_652' title='bbox 2310 5433 2467 5486; x_wconf 85' lang='lat' dir='ltr'><strong>fuerit</strong></span> <span class='ocrx_word' id='word_1_653' title='bbox 2496 5450 2694 5487; x_wconf 86' lang='lat' dir='ltr'><strong>sermo.</strong></span> <span class='ocrx_word' id='word_1_654' title='bbox 2739 5436 2934 5490; x_wconf 84' lang='lat' dir='ltr'><strong>Verum</strong></span> <span class='ocrx_word' id='word_1_655' title='bbox 2965 5441 3088 5509; x_wconf 89' lang='lat' dir='ltr'><strong>quia</strong></span> <span class='ocrx_word' id='word_1_656' title='bbox 3120 5441 3351 5511; x_wconf 87' lang='lat' dir='ltr'><strong>plerique</strong></span> <span class='ocrx_word' id='word_1_657' title='bbox 3379 5457 3437 5495; x_wconf 80' lang='lat' dir='ltr'><strong>ex</strong></span> <span class='ocrx_word' id='word_1_658' title='bbox 3467 5439 3524 5493; x_wconf 93' lang='lat' dir='ltr'><strong>iis</strong></span> <span class='ocrx_word' id='word_1_659' title='bbox 3549 5433 3624 5505; x_wconf 91' lang='lat' dir='ltr'><strong>qui</strong></span> <span class='ocrx_word' id='word_1_660' title='bbox 3647 5445 3725 5484; x_wconf 74' lang='grc' dir='ltr'><strong>ιιυι·</strong></span> 
     </span>
    </p>
   </div>
   <div class='ocr_carea' id='block_1_80' title="bbox 2197 5520 3722 5602">
    <p class='ocr_par' dir='ltr' id='par_1_80' title="bbox 2197 5520 3722 5602">
     <span class='ocr_line' id='line_1_80' title="bbox 2197 5520 3722 5602; baseline 0.002 -26"><span class='ocrx_word' id='word_1_661' title='bbox 2197 5538 2292 5592; x_wconf 86' lang='lat' dir='ltr'><strong>per</strong></span> <span class='ocrx_word' id='word_1_662' title='bbox 2316 5523 2516 5580; x_wconf 73' lang='lat' dir='ltr'><strong>afluere</strong></span> <span class='ocrx_word' id='word_1_663' title='bbox 2537 5567 2549 5590; x_wconf 93' lang='lat'><strong>,</strong></span> <span class='ocrx_word' id='word_1_664' title='bbox 2582 5526 2738 5583; x_wconf 82' lang='lat' dir='ltr'><strong>hodie</strong></span> <span class='ocrx_word' id='word_1_665' title='bbox 2769 5544 2872 5582; x_wconf 88' lang='lat' dir='ltr'><strong>non</strong></span> <span class='ocrx_word' id='word_1_666' title='bbox 2901 5530 3123 5598; x_wconf 87' lang='lat' dir='ltr'><strong>adsunt,</strong></span> <span class='ocrx_word' id='word_1_667' title='bbox 3152 5541 3205 5584; x_wconf 80' lang='lat' dir='ltr'><strong>et</strong></span> <span class='ocrx_word' id='word_1_668' title='bbox 3225 5549 3285 5586; x_wconf 71' lang='lat' dir='ltr'><strong>ex</strong></span> <span class='ocrx_word' id='word_1_669' title='bbox 3323 5533 3382 5586; x_wconf 89' lang='lat' dir='ltr'><strong>iis</strong></span> <span class='ocrx_word' id='word_1_670' title='bbox 3410 5531 3490 5602; x_wconf 90' lang='lat' dir='ltr'><strong>qui</strong></span> <span class='ocrx_word' id='word_1_671' title='bbox 3511 5540 3631 5582; x_wconf 89' lang='lat' dir='ltr'><strong>nunc</strong></span> <span class='ocrx_word' id='word_1_672' title='bbox 3649 5520 3722 5574; x_wconf 61' lang='grc' dir='ltr'><strong>λά·</strong></span> 
     </span>
    </p>
   </div>
   <div class='ocr_carea' id='block_1_81' title="bbox 2197 5617 3722 5690">
    <p class='ocr_par' dir='ltr' id='par_1_81' title="bbox 2197 5617 3722 5690">
     <span class='ocr_line' id='line_1_81' title="bbox 2197 5617 3722 5690; baseline -0.003 -22"><span class='ocrx_word' id='word_1_673' title='bbox 2197 5624 2341 5677; x_wconf 84' lang='lat' dir='ltr'><strong>sunt,</strong></span> <span class='ocrx_word' id='word_1_674' title='bbox 2366 5632 2534 5684; x_wconf 88' lang='lat' dir='ltr'><strong>nuper</strong></span> <span class='ocrx_word' id='word_1_675' title='bbox 2559 5617 2795 5685; x_wconf 87' lang='lat' dir='ltr'><strong>abfuere,</strong></span> <span class='ocrx_word' id='word_1_676' title='bbox 2822 5621 2965 5690; x_wconf 89' lang='lat' dir='ltr'><strong>cogit</strong></span> <span class='ocrx_word' id='word_1_677' title='bbox 2994 5623 3291 5677; x_wconf 91' lang='lat' dir='ltr'><strong>auditorum</strong></span> <span class='ocrx_word' id='word_1_678' title='bbox 3324 5624 3553 5682; x_wconf 84' lang='lat' dir='ltr'><strong>varietas,</strong></span> <span class='ocrx_word' id='word_1_679' title='bbox 3585 5625 3630 5668; x_wconf 89' lang='lat' dir='ltr'><strong>ut</strong></span> <span class='ocrx_word' id='word_1_680' title='bbox 3655 5625 3722 5664; x_wconf 48' lang='lat' dir='ltr'><strong>re.</strong></span> 
     </span>
    </p>
   </div>
   <div class='ocr_carea' id='block_1_82' title="bbox 2199 5705 3721 5780">
    <p class='ocr_par' dir='ltr' id='par_1_82' title="bbox 2199 5705 3721 5780">
     <span class='ocr_line' id='line_1_82' title="bbox 2199 5705 3721 5780; baseline 0.003 -21"><span class='ocrx_word' id='word_1_681' title='bbox 2199 5706 2424 5774; x_wconf 81' lang='lat' dir='ltr'><strong>petenda</strong></span> <span class='ocrx_word' id='word_1_682' title='bbox 2451 5708 2556 5762; x_wconf 91' lang='lat' dir='ltr'><strong>sint</strong></span> <span class='ocrx_word' id='word_1_683' title='bbox 2576 5751 2589 5773; x_wconf 94' lang='lat'><strong>,</strong></span> <span class='ocrx_word' id='word_1_684' title='bbox 2621 5725 2740 5778; x_wconf 63' lang='lat' dir='ltr'><strong>quae</strong></span> <span class='ocrx_word' id='word_1_685' title='bbox 2779 5726 2950 5780; x_wconf 83' lang='lat' dir='ltr'><strong>nuper</strong></span> <span class='ocrx_word' id='word_1_686' title='bbox 2989 5713 3128 5768; x_wconf 82' lang='lat' dir='ltr'><strong>dicta</strong></span> <span class='ocrx_word' id='word_1_687' title='bbox 3166 5734 3176 5768; x_wconf 93' lang='lat'><strong>:</strong></span> <span class='ocrx_word' id='word_1_688' title='bbox 3209 5714 3346 5769; x_wconf 85' lang='lat' dir='ltr'><strong>unde</strong></span> <span class='ocrx_word' id='word_1_689' title='bbox 3375 5725 3424 5768; x_wconf 91' lang='lat' dir='ltr'><strong>et</strong></span> <span class='ocrx_word' id='word_1_690' title='bbox 3452 5715 3480 5766; x_wconf 91' lang='lat' dir='ltr'><strong>ii</strong></span> <span class='ocrx_word' id='word_1_691' title='bbox 3507 5711 3582 5779; x_wconf 93' lang='lat' dir='ltr'><strong>qui</strong></span> <span class='ocrx_word' id='word_1_692' title='bbox 3610 5705 3721 5775; x_wconf 74' lang='lat' dir='ltr'><strong>prius</strong></span> 
     </span>
    </p>
   </div>
   <div class='ocr_carea' id='block_1_83' title="bbox 2199 5795 3722 5868">
    <p class='ocr_par' dir='ltr' id='par_1_83' title="bbox 2199 5795 3722 5868">
     <span class='ocr_line' id='line_1_83' title="bbox 2199 5795 3722 5868; baseline -0.004 -17"><span class='ocrx_word' id='word_1_693' title='bbox 2199 5812 2502 5852; x_wconf 87' lang='lat' dir='ltr'><strong>sermonem</strong></span> <span class='ocrx_word' id='word_1_694' title='bbox 2558 5799 2868 5868; x_wconf 86' lang='lat' dir='ltr'><strong>audierant,</strong></span> <span class='ocrx_word' id='word_1_695' title='bbox 2922 5804 3110 5858; x_wconf 85' lang='lat' dir='ltr'><strong>melius</strong></span> <span class='ocrx_word' id='word_1_696' title='bbox 3159 5805 3411 5859; x_wconf 82' lang='lat' dir='ltr'><strong>dictorum</strong></span> <span class='ocrx_word' id='word_1_697' title='bbox 3460 5795 3722 5855; x_wconf 82' lang='lat' dir='ltr'><strong>memoriam</strong></span> 
     </span>
    </p>
   </div>
  </div>
