3964 6422
395 289 496 344 621

398 417 551 456 σεται
583 397 788 453 τούτων
835 400 869 471 ή
915 401 1104 472 μνήμη
1129 441 1145 466 ,
1194 401 1355 454 πάλιν
1406 400 1979 472 ἀναμιμνησκομένοις

396 477 473 536 ὧν
523 482 794 552 ἥκουσαν·
849 483 943 536 καὶ
1002 485 1115 545 τοῖς
1166 482 1572 550 ἀπολειφθεῖσιν
1627 485 1689 537 οὐ
1744 483 1982 552 τοσαύτη

396 566 551 620 ἔσται
581 565 776 637 βλάϐη,
803 565 895 619 τοῦ
925 567 1083 636 λόγου
1110 570 1543 640 γνωριμωτέραν
1572 568 1757 630 αὐτοῖς
1778 564 1984 621 ἀνωθεν

396 647 679 712 ποιοῦντος
713 651 813 719 τήν
839 648 1209 705 διδασκαλίαν.
1243 650 1354 704 Καὶ
1386 651 1493 721 μὴν
1520 651 1653 713 ἴσως
1686 648 1751 703 ἂν
1780 650 1983 701 εἴποιεν

398 731 449 783 οί
483 731 568 784 ἀεὶ
605 732 1049 803 παραγινόμενοι,
1078 735 1159 788 ὅτι
1188 734 1254 788 δι’
1288 733 1421 786 αὐτὸ
1452 733 1552 803 μὲν
1579 728 1671 786 οῦν
1700 730 1858 784 τοῦτο
1886 729 1987 783 οὐκ

398 815 566 885 ἐχρῆν
596 814 886 869 ἀναλαϐεῖν
916 817 985 870 τά
1012 816 1299 889 εἰρημένα,
1335 816 1420 870 ἵνα
1445 815 1866 885 ἀπολειφθέντες
1893 811 1988 865 καὶ

398 896 507 949 τῶν
556 896 828 962 συνάξεων
856 902 1371 972 καταφρονήσαντες
1393 940 1407 965 ,
1455 900 1603 971 ἔργῳ
1647 898 1746 970 τὴν
1784 895 1988 967 βλάὸην

399 978 792 1050 ὑπομείναντες
814 1023 829 1048 ,
866 982 1109 1053 βελτίους
1153 983 1439 1051 γένωνται,
1470 985 1540 1054 τῇ
1585 981 1758 1054 ζημίᾳ
1799 976 1986 1053 [688]

401 1065 888 1135 σωφρονιζόμενοι.

484 1144 628 1216 Ἐγὼ
658 1147 716 1200 δὲ
744 1148 954 1202 ἐπαινῶ
976 1148 1075 1220 μὲν
1101 1149 1267 1220 ὑμᾶς,
1289 1148 1375 1201 ὅτι
1405 1147 1547 1202 οὕτω
1567 1144 1828 1202 δάκνεσθε
1848 1145 1989 1218 ὑπὲρ

401 1228 504 1298 τῆς
538 1230 810 1304 ῥᾳθυμίας
835 1232 946 1286 τῶν
976 1231 1247 1303 ἀδελφῶν,
1272 1232 1366 1286 καὶ
1394 1232 1488 1286 τὸν
1515 1231 1674 1303 ζῆλον
1703 1230 1987 1304 θαυμάζω·

406 1309 667 1383 βούλομαι
700 1314 757 1368 δὲ
786 1315 881 1369 καὶ
909 1314 1290 1387 φιλανθρωπίᾳ
1325 1315 1419 1370 τὸν
1453 1314 1614 1387 ζῆλον
1645 1315 1789 1384 ὑμᾶς
1826 1312 1991 1385 κερά-

408 1411 498 1448 σαι
540 1396 747 1450 τοῦτον.
799 1398 969 1470 Ζῆλος
1000 1400 1110 1471 γὰρ
1143 1399 1476 1470 συγγνώμης
1526 1397 1991 1469 ἀπεστερημένος,

406 1477 469 1529 οὐ
512 1476 705 1547 ζῆλος,
752 1480 890 1533 ἀλλά
923 1481 1094 1552 θυμὸς
1131 1482 1333 1553 μᾶλλόν
1364 1485 1517 1545 ἐστι,
1567 1482 1663 1536 καὶ
1703 1480 1991 1545 νουθεσία,

408 1558 820 1630 φιλανθρωπίαν
847 1564 948 1617 οὐκ
974 1563 1195 1634 ἔχουσα,
1232 1565 1503 1635 βασκανία
1545 1583 1631 1629 τις
1667 1562 1805 1619 εἶναι
1825 1564 1990 1618 δοκεῖ.

408 1641 507 1693 Διά
544 1642 701 1698 τοῦτο
747 1646 893 1716 ὑμᾶς
928 1646 1128 1716 μᾶλλον
1177 1647 1504 1719 παρακαλῶ,
1562 1649 1637 1720 μὴ
1673 1647 1883 1720 πικρῶς
1924 1646 1996 1701 τὰ

407 1723 518 1777 τῶν
571 1725 799 1797 πλησίον
850 1730 1059 1801 κρίνειν
1109 1732 1502 1803 ἁμαρτήματα.
1557 1733 1768 1805 Ὠσπερ
1803 1731 1911 1802 γὰρ
1966 1731 1996 1784 6

409 1808 577 1878 χωρὶς
608 1810 938 1883 συγγνώμης
972 1812 1115 1885 όρῶν
1148 1814 1216 1869 τὰ
1258 1814 1367 1868 τῶν
1407 1814 1650 1884 ἀδελφῶν
1678 1814 1995 1885 τραύματα,

407 1889 462 1941 εί
487 1907 614 1944 ποτε
640 1893 734 1945 καὶ
767 1895 927 1958 αὐτὸς
964 1896 1223 1969 ἁμάρτοι,
1271 1897 1463 1951 οὐδένα
1496 1899 1719 1970 εὑρήσει
1745 1899 1839 1951 τὸν
1865 1912 1997 1964 συγ-

406 1971 631 2044 γνώμην
659 1974 808 2045 αὐτῷ
842 1977 1097 2048 νέμοντα·
1143 1979 1317 2044 οὕτως
1344 1982 1373 2034 6
1403 1982 1520 2052 μετ’
1565 1980 1716 2034 ἐλέου
1760 1980 1997 2044 δικάζων

405 2061 519 2121 τοῖς
541 2060 649 2113 τῶν
678 2058 903 2133 πλησίον
935 2064 1382 2136 παραπτώμασιν
1402 2106 1417 2126 ,
1462 2066 1515 2118 εῖ
1541 2082 1672 2118 ποτε
1713 2064 1999 2117 ὐποσκελι⁶

410 2140 563 2212 σθείη
588 2182 602 2205 ,
639 2143 865 2209 πολλοὺς
907 2145 1099 2215 ὄψεται
1151 2148 1276 2212 τοὺς
1330 2150 1489 2219 χεῖρα
1529 2146 1842 2218 ὀρέγοντας.
1889 2148 1999 2201 Καὶ

407 2224 579 2278 ταῦτα
600 2225 743 2294 λέγω
769 2226 885 2293 νῦν,
913 2228 975 2281 οὐ
1004 2228 1102 2301 τήν
1134 2227 1407 2300 ρᾳθυμίαν
1427 2231 1535 2284 τῶν
1559 2230 1997 2294 ἀπολειφθέντων

408 2308 644 2378 αὐξῆσαι
674 2309 1020 2380 βουλόμενος,
1062 2311 1198 2365 ἀλλὰ
1231 2312 1331 2384 τὴν
1362 2313 1637 2384 ἡμετέραν
1669 2312 1998 2384 κηδεμονίαν

408 2391 671 2447 ἐπιτεῖναι
720 2393 1073 2458 σπουδάζων,
1132 2395 1220 2447 ἵνα
1271 2397 1410 2465 μετά
1448 2394 1605 2463 λόγου
1648 2397 1868 2467 γίνηται
1902 2396 1998 2449 καὶ

409 2474 808 2546 φιλοστοργίας.
851 2476 1003 2550 Ἐπεὶ
1037 2476 1131 2531 καὶ
1161 2478 1322 2548 ἡμεῖς
1356 2477 1587 2542 πολλοὺς
1620 2480 1715 2532 καὶ
1752 2481 1998 2550 μακροὺς

407 2559 474 2627 τῇ
518 2559 820 2630 προτεραίᾳ
867 2559 989 2612 κατ’
1031 2558 1212 2613 αὐτῶν
1253 2560 1618 2631 ἀπετείναμεν
1648 2561 1875 2629 λόγους,
1906 2561 2000 2615 καὶ

406 2641 531 2694 οὐδὲ
556 2641 875 2712 ἀνθρώπους
911 2643 1108 2706 αὐτοὺς
1154 2639 1295 2697 εἶναι
1331 2643 1564 2715 ἔφαμεν,
1605 2644 1855 2716 καθάπερ
1901 2643 2000 2714 μέ-

411 2724 640 2794 μνησθε,
672 2727 1010 2796 κατηγόρους
1038 2726 1222 2788 αὐτοῖς
1245 2727 1638 2798 ἐπιστήσαντες
1663 2726 1755 2779 δύο
1782 2727 2000 2797 προφή-

409 2821 506 2869 τας
536 2809 663 2870 τοὺς
690 2807 1052 2878 κορυφαίους·
1084 2807 1174 2861 τὸν
1209 2808 1307 2878 μὲν
1339 2808 1590 2877 λέγοντα,
1620 2806 1874 2873 Ἦλθον,
1901 2808 1998 2863 καί

410 2890 524 2943 οὐκ
548 2885 625 2958 ἦν
648 2890 959 2958 ἄνθρωπος
978 2908 991 2919 ο
1014 2890 1301 2957 ἐκάλεσα,
1322 2893 1419 2947 καὶ
1444 2895 1558 2947 οὐκ
1581 2889 1660 2964 ἦν
1681 2896 1713 2947 ό
1734 2896 2001 2947 ὑπακου-

411 2976 675 3041 σόμενος
695 2987 710 3001 '
752 2974 844 3027 τὸν
873 2974 928 3027 δὲ
960 2974 1312 3028 καταδοῶντα
1347 2975 1509 3029 πάλιν
1541 2978 1634 3030 καὶ
1660 2976 2003 3048 πυνθανόμε-

413 3072 532 3110 νον·
563 3056 718 3124 Πρὸς
747 3058 880 3109 τίνα
902 3056 1158 3124 λαλήσω
1186 3057 1285 3109 καὶ
1313 3058 1811 3128 διαμαρτύρομαι;
1842 3062 2002 3113 Ἄπε-

407 3141 661 3209 ρίτμητα
682 3140 755 3194 τὰ
781 3135 901 3194 ὦτα
929 3140 1150 3204 αὐτῶν,
1182 3142 1282 3194 καί
1308 3144 1381 3196 οὐ
1409 3141 1700 3196 δύνανται
1732 3143 1999 3200 ἀκούειν.

415 3223 526 3276 Καὶ
581 3222 784 3293 σφόδρα
832 3225 1015 3276 αὐτῶν
1055 3223 1144 3278 διά
1194 3224 1400 3279 τούτων
1448 3226 1544 3279 καὶ
1594 3226 1702 3279 τῶν
1745 3225 2002 3280 τοιούτων

413 3306 680 3377 ὲδάκομεν
710 3307 808 3379 τὴν
853 3307 1112 3362 διάνοιαν.
1158 3308 1321 3363 Ἀλλά
1357 3309 1453 3364 νῦν
1481 3310 1677 3374 αὐτοὺς
1711 3310 1872 3364 πάλιν
1901 3328 2003 3364 πα-

415 3390 795 3462 ρακαλοῦμεν·
843 3389 986 3444 οῦτω
1034 3390 1144 3463 γὰρ
1190 3392 1285 3445 καὶ
1338 3393 1368 3446 6
1419 3392 1628 3457 Παῦλος
1682 3394 1999 3449 ἐκέλευσεν·

419 3474 715 3545 Ἕλεγξον
752 3474 882 3545 γὰρ,
919 3474 1104 3545 φησὶν,
1134 3474 1513 3545 ἐπιτίμησον,
1549 3474 2000 3544 παρακάλεσον.

416 3558 557 3611 Οὔτε
604 3559 714 3627 γὰρ
748 3556 907 3611 τοῦτο
945 3556 1032 3610 ἀεὶ
1072 3556 1180 3628 χρὴ
1227 3560 1400 3611 ποιεῖν
1444 3558 1623 3628 μόνον,
1657 3556 1779 3611 οὐτε
1828 3559 2005 3612 έκεῖνο

422 3641 601 3711 μόνον,
630 3639 745 3692 ἀλλ’
782 3639 1019 3710 ἑκάτερα
1061 3639 1292 3709 μίξαντα
1321 3640 1740 3712 ἀπηρτισμένην
1770 3641 1998 3712 ἐργάζε-

421 3725 547 3777 σθαι
574 3722 672 3793 τὴν
693 3722 1094 3790 ώφέλειαν.”Αν
1122 3740 1181 3776 τε
1205 3723 1313 3794 γὰρ
1344 3723 1637 3788 διαπαντὸς
1668 3723 2003 3797 ὲλέγχωμεν,

420 3804 939 3877 ἀναισχυντοτέρους
970 3804 1168 3871 αὐτοὺς
1194 3806 1620 3878 ἀπεργαζόμεθα
1640 3824 1653 3839 ·
1698 3807 1764 3861 ἀν
1794 3824 1855 3861 τε
1892 3808 2007 3862 δια-

421 3891 621 3955 παντὸς
666 3889 1072 3961 παρακαλῶμεν
1092 3931 1106 3953 ,
1140 3889 1548 3962 ρᾳθυμοτέρους
1591 3890 1873 3961 ποιοῦμεν.
1906 3892 2007 3947 Διά

418 3975 580 4028 τοῦτο
633 3975 728 4026 καῖ
776 3974 951 4044 ἰατροὶ
996 3974 1116 4043 οὐχὶ
1163 3974 1420 4045 τέμνουσι
1477 3973 1667 4045 μόνον,
1721 3974 1859 4029 άλλά
1909 3974 2006 4030 καὶ

420 4056 713 4127 τραύματα
743 4056 1162 4127 ὲπιδεσμοῦσιν·
1209 4056 1331 4109 οὐδὲ
1376 4056 1465 4109 ἀεὶ
1512 4056 1778 4128 φάρμακα
1832 4057 2006 4126 πικρά

421 4134 827 4199 ἑπιδάλλουσιν,
871 4134 1009 4187 ἀλλά
1035 4135 1131 4187 καὶ
1173 4132 1420 4206 προσηνῆ
1455 4134 1715 4199 πολλάκις
1734 4151 1748 4167 ·
1777 4135 1843 4188 δι’
1869 4136 2007 4189 ὲκεί-

422 4230 530 4267 νων
561 4213 659 4283 μὲν
680 4212 788 4265 τῶν
832 4212 1112 4284 προτέρων
1159 4213 1221 4265 τὸ
1254 4215 1492 4284 σεσηπὸς
1521 4214 2004 4287 ἀποκαθαίροντες,

421 4298 512 4353 διὰ
543 4295 747 4350 τούτων
783 4295 841 4348 δὲ
869 4295 976 4348 τῶν
1004 4295 1272 4366 δευτέρων
1300 4297 1400 4368 τὴν
1445 4297 1507 4362 ἐξ
1545 4298 1768 4352 ἐκείνων
1811 4299 2006 4372 ὀδύνην

424 4379 927 4451 παραμυθούμενοι.
978 4378 1079 4432 Διά
1125 4378 1283 4433 τοῦτο
1324 4381 1415 4433 καὶ
1471 4380 1705 4452 ἀλλαχοῦ
1756 4401 1920 4455 φησιν
1978 4385 2008 4438 6

426 4466 669 4531 Παῦλος·
710 4464 977 4534 Ἆδελφοί
1002 4504 1018 4530 ,
1054 4464 1164 4519 ἐὰν
1201 4463 1300 4518 καί
1332 4463 1656 4535 προληφθῇ
1697 4466 2009 4535 ἄνθρωπος

422 4551 494 4606 ἐν
517 4568 630 4605 τινι
654 4546 1098 4618 παραπτώματι,
1119 4547 1287 4617 ὑμεῖς
1303 4550 1357 4602 οἱ
1385 4550 1772 4618 πνευματικοὶ
1801 4567 2010 4620 καταρ-

423 4635 604 4697 τίζετε
637 4635 742 4688 τὸν
783 4633 1074 4697 τοιοῦτον,
1115 4629 1364 4686 σκοπῶν
1391 4632 1654 4687 σεαυτὸν
1682 4632 1769 4703 μὴ
1800 4635 2006 4690 καὶσὺ

426 4715 773 4785 πειρασθῇς.
820 4714 1041 4787 Ἀρίστη
1073 4713 1415 4786 παραίνεσις,
1449 4715 1834 4789 ἀπηρτισμένη
1867 4734 2007 4790 συμ-

426 4800 592 4867 ϐουλὴ
618 4839 631 4862 ,
685 4797 883 4866 πολλὴν
939 4797 1136 4867 ἔχουσα
1179 4797 1278 4868 τὴν
1320 4798 1672 4869 κηδεμονίαν,
1723 4799 2008 4872 σπλάγχνα

428 4878 809 4949 ἐνδεικνυμένη
852 4880 1128 4949 πατρικά⁶
1175 4879 1345 4943 ὅντως
1374 4882 1474 4951 τῆς
1512 4880 1725 4935 Παύλου
1760 4882 2008 4955 γλώττης

426 4966 492 5018 τὰ
521 4963 764 5035 ῥήματα,
790 4961 1031 5030 ἀδελφοί.
1055 4961 1271 5026 Εὐθέως
1298 4962 1406 5015 ἀπὸ
1434 4964 1527 5017 τοῦ
1565 4965 1665 5036 τῆς
1690 4967 2008 5034 συγγενείας

425 5048 690 5118 ὀνόματος
734 5044 873 5116 πρὸς
911 5044 1010 5113 τὴν
1046 5041 1259 5097 εὔνοιαν
1306 5046 1653 5100 ἐπεσπάσατο
1675 5048 1767 5101 τὸν
1807 5050 2011 5123 ἀκροα-

425 5136 544 5200 τήν.
601 5128 713 5192 Τὰς
763 5128 936 5189 αὐτας
980 5126 1175 5189 ώδῖνας
1222 5126 1416 5191 έλυσας
1459 5126 1642 5198 αὐτῷ,
1687 5129 1788 5194 τὰς
1838 5134 2009 5199 αὐτάς

425 5214 669 5284 ἐτράφης
694 5211 921 5284 τροφὰς,
954 5210 1045 5263 τὸν
1074 5208 1235 5263 αὐτὸν
1268 5209 1425 5281 ἔσχες
1453 5211 1687 5284 πατέρα,
1717 5215 2010 5289 ἐκοινώνη-

426 5313 530 5357 σας
557 5295 705 5365 αὐτῷ
736 5295 875 5348 κατὰ
901 5294 993 5348 τὸν
1025 5293 1185 5348 τόκον
1206 5294 1297 5352 τὸν
1333 5296 1698 5365 πνευματικόν
1720 5314 1733 5328 ·
1762 5298 1863 5369 τὴν
1888 5317 2011 5369 συγ-

426 5379 642 5447 γένειαν
676 5378 851 5431 τοίνυν
876 5377 1078 5447 ταύτην
1108 5377 1203 5432 καί
1226 5378 1286 5431 ὲν
1320 5379 1389 5449 τῇ
1417 5377 1525 5431 τῶν
1557 5379 1867 5450 πτωμάτων
1891 5385 2010 5437 ἐπι-

429 5461 677 5514 δείκνυσο
704 5459 1004 5531 διορθώσει.
1049 5462 1185 5515 Ἐὰν
1211 5461 1550 5532 προληφθῇ
1569 5466 1684 5523 Οὐκ
1695 5460 1870 5532 εἶπεν,
1886 5467 2009 5523 Ἐὰν

432 5542 684 5613 ἁμάρτῃ,
712 5542 824 5595 ἀλλ’
857 5544 948 5596 ἐπὶ
979 5537 1121 5607 εἶδος
1150 5544 1420 5616 ἁμαρτίας
1457 5545 1733 5616 κατέφυγε
1765 5551 2007 5618 συγγνώο

438 5640 545 5693 μην
574 5625 713 5693 ἕχον.
746 5624 820 5676 Τὸ
854 5625 983 5695 γὰρ,
1026 5626 1167 5679 Ἐὰν
1197 5626 1518 5697 προληφθῇ
1536 5670 1550 5694 ,
1582 5631 1883 5693 τουτέστιν.
1914 5635 2010 5689 ἐὰν

438 5702 591 5774 ιθδθὶ
623 5706 937 5777 ὲπηρεασθῇ
961 5748 976 5776 ,
1008 5705 1104 5763 ὲάν
1142 5709 1428 5782 ἀπατηθῇ,
1453 5712 1513 5765 οὐ
1548 5712 1638 5767 τὸν
1672 5717 1736 5769 ἐκ
1776 5715 2007 5787 μελέτης

1077 288 1133 342 S.
1170 286 1454 344 ,ιολΝνιε
1490 285 1982 343 οιιιιγεοετοιιι
2021 286 2343 344 ΑΙίΟΙΗΕΡ.
2379 285 2931 344 CONSTANTINOP.

3556 280 3665 337 622

2085 400 2478 473 άμαρτήσαντα
2539 402 2751 472 λέγων,
2811 401 2948 457 ἀλλά
2995 399 3084 454 τὸν
3144 397 3515 465 σπουδάζοντα
3565 403 3663 470 μὲν

2083 484 2426 555 κατορθῶσαι
2451 527 2466 550 ,
2501 485 2609 539 ὑπὸ
2652 484 3022 555 περιστάσεως
3061 483 3120 537 δὲ
3172 482 3487 555 διαϐολικῆς
3532 485 3665 539 ὐπο-

2084 566 2480 639 σκελιζόμενον.
2527 571 2584 624 '0
2616 570 2725 640 γὰρ
2760 568 2998 633 τοιοῦτος
3031 567 3096 621 οὐ
3135 565 3391 621 τοσοῦτον
3421 584 3664 639 κατηγο⁸

2088 651 2208 722 ρίας
2240 654 2363 706 ὅσον
2391 655 2722 725 συγγνώμης
2750 653 2898 706 ἔστιν
2932 652 3102 719 ἀξιος.
3142 651 3285 705 Ἐὰν
3313 650 3416 704 καί
3446 656 3675 719 προλη-

2085 736 2207 809 ςρυῇ
2232 740 2563 810 ἅνθρωπος.
2608 742 2780 798 Πάλιν
2822 742 2908 811 ἐφ’
2937 740 3123 811 ἕτερον
3159 735 3296 803 εἶδος
3341 739 3675 810 συγγνώμης

2088 826 2384 895 κατέφυγε,
2430 827 2530 900 τῆς
2571 826 2786 896 φύσεως
2823 825 2921 896 τὴν
2961 824 3267 887 ἀσθένειαν,
3317 822 3387 894 ἢν
3436 821 3526 876 διά
3575 821 3676 891 τῆς

2088 908 2461 981 προσηγορίας
2518 909 2757 981 ⁴ᾐνίξατο.
2799 906 3068 977 Καθάπερ
3110 901 3206 961 οῦν
3259 905 3289 959 6
3333 904 3508 975 μέγας
3554 904 3678 958 Ἰὼϐ

2088 990 2498 1046 ἐπισπάσασθαι
2521 994 2675 1065 παρά
2688 988 2781 1047 τοῦ
2796 990 2932 1046 Θεοῦ
2964 988 3299 1060 συγγνώμην
3326 987 3677 1058 βουλόμενος,

2089 1071 2273 1141 ἔλεγε·
2319 1075 2380 1128 Τί
2408 1076 2579 1129 ἐστιν
2603 1076 2939 1144 ἄνθρωπος,
2987 1072 3079 1126 ὅτι
3106 1070 3313 1142 λογίζῃ
3342 1070 3556 1135 αὐτὸν,
3580 1067 3681 1122 καὶ

2087 1157 2434 1225 ἐπισκοπὴν
2488 1157 2755 1225 ἐποιήσω
2805 1157 2928 1212 τῶν
2970 1153 3406 1225 ἁμαρτημάτων
3454 1151 3645 1207 αὐτοῦ
3660 1163 3681 1216 ;

2089 1239 2232 1293 οὕτω
2253 1238 2348 1293 καὶ
2374 1241 2537 1311 ἡμεῖς
2561 1241 2824 1311 ποιῶμεν,
2851 1241 2980 1293 ὅταν
2997 1237 3121 1293 τινὰ
3140 1236 3250 1290 τῶν
3278 1234 3683 1308 ἡμαρτηκότων

2091 1322 2455 1395 ὲξαιτώμεθα,
2472 1321 2813 1397 Ἄνθρωπός,
2828 1320 3216 1393 ὲστι,συνεχῶς
3260 1320 3516 1388 λέγοντες
3529 1357 3547 1381 ,
3589 1318 3685 1373 καὶ

2091 1406 2192 1478 τῆς
2225 1406 2438 1476 φύσεως
2474 1407 3004 1477 ἀναμιμνήσκοντες,
3038 1404 3136 1459 καὶ
3163 1401 3335 1473 ταύτῃ
3364 1402 3506 1471 πρὸς
3537 1400 3685 1453 ἔλεον

2093 1491 2445 1561 ἐφελκόμενοι
2503 1489 2595 1543 τὸν
2652 1488 3085 1559 ἀγανακτοῦντα.
3140 1487 3240 1541 Διά
3291 1486 3451 1540 τοῦτο
3506 1485 3605 1538 καὶ
3656 1484 3686 1538 6

2095 1573 2307 1637 Παῦλος
2336 1573 2428 1626 ἐπὶ
2446 1572 2545 1644 τὴν
2568 1571 2728 1643 φύσιν
2763 1572 2856 1625 καὶ
2880 1573 2978 1642 τὴν
3006 1571 3283 1624 εὐτέλειαν
3317 1570 3493 1641 αὐτῆς
3524 1567 3686 1621 κατέ-

2097 1674 2269 1727 φυγεν
2291 1656 2481 1721 εἰπὼν,
2511 1657 2653 1711 Ἐὰν
2676 1657 2774 1710 καί
2799 1652 3121 1724 προληφθῇ
3143 1653 3455 1722 ἄνθρωπος
3480 1652 3555 1705 ἐν
3574 1666 3686 1703 τινι

2095 1742 2538 1812 παραπτώματι.
2580 1741 2694 1812 Οὐχ
2729 1736 2913 1804 ἁπλῶς
2950 1738 3018 1791 τὰ
3066 1736 3275 1809 μεγάλα
3301 1735 3452 1804 λέγει
3502 1735 3685 1807 ἀμαρ-

2095 1825 2338 1895 τήματα,
2357 1824 2426 1877 τὰ
2450 1818 3026 1893 συγγνώμηξμείζονα
3049 1819 3145 1873 καὶ
3173 1818 3241 1872 τά
3270 1816 3687 1888 φιλανθρωπίας

2096 1908 2196 1961 οὐκ
2226 1906 2371 1973 ἀξια,
2403 1907 2541 1960 ἀλλά
2575 1908 2645 1961 τά
2686 1906 2860 1978 μικρά
2897 1905 2992 1958 καὶ
3038 1902 3468 1973 κατεσταλμένα.
3500 1901 3688 1969 Ὑμεῖς

2097 1993 2152 2045 oi
2179 1991 2590 2060 πνευματικοί.
2631 1990 2691 2043 '0
2738 1990 2838 2060 μὲν
2879 1985 3162 2059 ἁμαρτὼν,
3202 1986 3524 2056 ἄνθρωπος,
3553 1984 3604 2036 cl
3633 1981 3689 2035 δὲ

2098 2071 2513 2144 κατορθοῦντες,
2555 2073 2940 2143 πνευματικοί.
2980 2069 3129 2123 Ἐκεῖ
3170 2069 3274 2139 τῆς
3306 2068 3527 2137 φύσεως
3571 2062 3689 2118 εἷπε

2098 2157 2160 2209 τὸ
2201 2156 2399 2228 ὄνομα,
2446 2155 2684 2210 ὃνταῦθα
2722 2156 2822 2226 τῆς
2857 2155 3059 2227 ἀρετῆς
3089 2152 3253 2224 ἔθηκε
3278 2152 3377 2222 τὴν
3414 2166 3691 2221 προσηγο-

2102 2239 2246 2310 ρίαν.

2170 2322 2313 2376 Πολύ
2345 2322 2404 2375 δὲ
2432 2322 2492 2376 τὸ
2522 2321 2687 2393 μέσον
2711 2318 2806 2374 τοῦ
2850 2317 3141 2389 ἀνθρώπου
3176 2318 3272 2371 καὶ
3300 2314 3398 2370 τοῦ
3443 2330 3680 2393 πνευμα-

2098 2405 2275 2460 τικοῦ.
2317 2405 2502 2475 Ὑμεῖς
2524 2388 2584 2459 οἱ
2629 2388 3041 2474 πνευματικοί.
3089 2403 3151 2455 Εἰ
3198 2398 3576 2472 πνευματικὸς
3623 2388 3689 2460 εῐ,

2097 2491 2268 2557 δεῖξόν
2297 2508 2387 2561 μοι
2418 2490 2518 2561 τὴν
2552 2488 2704 2560 ἰσχύν
2727 2504 2843 2554 σου,
2874 2487 2948 2557 μὴ
2974 2485 3084 2539 ἀπὸ
3114 2485 3218 2555 τῆς
3254 2483 3356 2555 σῆς
3388 2482 3689 2552 σωτηρίας,

2100 2575 2235 2628 ἀλλά
2276 2575 2370 2628 καὶ
2399 2572 2508 2626 ἀπὸ
2535 2574 2635 2644 τῆς
2663 2571 2805 2643 ἐμῆς
2834 2569 3130 2641 σωτηρίας,
3171 2567 3308 2622 ἀλλὰ
3333 2568 3430 2620 καὶ
3457 2566 3571 2619 ἀπὺ
3598 2565 3693 2635 τῆς

2104 2656 2352 2728 βοηθείας
2382 2656 2480 2727 τῆς
2508 2657 2588 2719 είς
2613 2655 2739 2718 τοὺς
2764 2652 3139 2714 πεπτωκότας.
3171 2649 3345 2703 Τοῦτο
3377 2649 3489 2718 γὰρ
3531 2665 3694 2700 πνευ-

2104 2739 2356 2811 ματικοῦ,
2409 2740 2483 2810 μὴ
2522 2740 2784 2811 περιορᾷν
2831 2738 2901 2791 τά
2944 2739 3118 2790 οίκεῖα
3159 2736 3297 2807 μέλη
3345 2734 3689 2806 ἠμελημένα.

2101 2820 2479 2891 Καταρτίζετε
2542 2823 2648 2875 τὸν
2705 2818 2997 2874 τοιοῦτον.
3068 2818 3395 2889 Ἀχείρωτον
3453 2820 3691 2878 ποιεῖτε,

2103 2907 2288 2978 φησὶν,
2318 2904 2780 2975 ἀκαταγιίωιστον,
2808 2904 3019 2974 ἄμαχον
3047 2903 3125 2975 τῷ
3152 2903 3405 2973 διαϐόλῳ.
3441 2900 3694 2956 Examin-

2102 2991 2382 3056 σεαυτὸν,
2402 2989 2488 3059 μὴ
2517 2989 2616 3043 καί
2650 2989 2732 3043 σὺ
2762 2985 3115 3056 πειρασθῇς.

2174 3078 2239 3149 β’.
2262 3077 2413 3148 Αῦτη
2446 3078 2673 3148 μεγίστη
2699 3075 2999 3147 συμϐουλὴ,
3020 3071 3401 3143 ἁναγκαστικὴ
3430 3071 3690 3140 παραίνε-

2104 3182 2208 3229 σις.
2237 3166 2354 3219 Κᾶν
2387 3165 2532 3228 λίθος
2624 3165 2653 3215 6
2685 3162 2920 3228 ἀκούων,
2948 3161 3132 3215 ἱκανὸν
3165 3159 3330 3212 αὐτὸν
3361 3158 3605 3228 φοϐῆσαι
3636 3156 3694 3206 τὸ

2104 3252 2278 3324 ῥῆμα,
2309 3252 2405 3306 καὶ
2438 3251 2574 3321 πρὸς
2609 3249 2878 3319 ἀνάληψιν
2898 3248 3160 3320 διεγεῖραι
3194 3246 3289 3300 τοῦ
3316 3244 3692 3305 πεπτωκότος.

2102 3338 2180 3395 Οὐ
2214 3339 2411 3409 βούλει,
2440 3338 2627 3409 φησὶν,
2654 3337 2729 3400 ὡς
2751 3337 2978 3401 ἀδελφὸς
3017 3335 3238 3406 ἐλεῆσαι
3264 3350 3279 3399 ;
3309 3335 3371 3387 οὐ
3406 3332 3593 3402 βούλει
3623 3332 3695 3394 ώς

2102 3427 2377 3499 ἀνθρώπῳ
2428 3426 2544 3479 δντι
2593 3425 2777 3478 δοῦναι
2846 3423 3215 3495 συγγνώμην;
3264 3423 3321 3475 οὐ
3382 3420 3568 3492 βούλει
3621 3421 3695 3482 ὡς

2103 3515 2474 3587 πνευματικὸς
2519 3516 2678 3587 χεῖρα
2714 3512 2934 3586 ὀρέξαις
2968 3512 3046 3565 Τά
3078 3511 3221 3564 κατὰ
3257 3510 3454 3563 σαυτὸν
3489 3509 3695 3577 σκόπη-

2106 3620 2220 3668 σον,
2249 3602 2344 3655 καὶ
2373 3602 2434 3653 οὐ
2466 3600 2631 3672 δεήσῃ
2659 3600 2753 3653 τοῦ
2788 3597 3251 3670 συμϐουλεύοντος
3274 3637 3288 3656 ,
3314 3596 3458 3649 ὥστε
3489 3594 3692 3666 βοηθῆ-

2107 3706 2198 3744 σαι
2225 3689 2303 3761 τῷ
2335 3688 2592 3759 κειμένῳ,
2624 3686 2738 3740 ἀλλ’
2766 3686 2979 3739 οἴκοθεν
3006 3686 3100 3738 καὶ
3128 3686 3279 3756 παρὰ
3309 3683 3514 3738 σαυτοῦ
3544 3684 3693 3747 δέξαι

2105 3778 2202 3852 τὴν
2241 3777 2583 3850 παραίνεσιν.
2614 3774 2737 3839 Πῶς
2760 3776 2855 3828 καὶ
2885 3775 2993 3828 τίνι
3023 3775 3254 3845 τρόπῳ;
3305 3772 3565 3857 Ezram??-
3592 3784 3692 3825 σε-

2104 3866 2312 3933 αυτὸν,
2362 3865 2525 3934 φησὶ,
2563 3864 2650 3933 μὴ
2697 3864 2791 3917 καὶ
2837 3861 2919 3917 σὺ
2963 3860 3317 3931 πειρασθῇς.
3383 3863 3498 3914 Οὐκ
3547 3858 3689 3922 εἶπε,

2099 3963 2324 4026 Πάντως
2354 3955 2462 4026 γὰρ
2491 3956 2584 4008 καὶ
2613 3956 2677 4006 ab
2720 3953 3036 4023 ἁμαρτήσῃ,
3068 3951 3155 4004 ἳνα
3182 3952 3258 4022 μὴ
3283 3948 3688 4020 φορτικώτερον

2106 4046 2310 4116 ποιήσῃ
2333 4044 2420 4096 τὸν
2448 4043 2605 4111 λόγον
2628 4058 2641 4071 ·
2669 4040 2808 4094 ἀλλά
2846 4041 2993 4105 πὼς;
3023 4039 3118 4105 Μή
3152 4056 3281 4091 ποτε
3309 4037 3408 4092 καὶ
3450 4036 3533 4091 σὺ
3572 4053 3691 4089 πει-

2098 4132 2358 4202 ρασθῇς.
2386 4131 2546 4191 Ἴσως
2571 4126 2626 4179 δὲ
2657 4128 2973 4199 ἁμαρτήσῃ,
2998 4128 3129 4190 ἴσως
3155 4127 3213 4179 δὲ
3237 4126 3337 4196 οὐχ
3370 4127 3687 4199 ἁμαρτήσῃ.

2120 4220 2272 4273 Ἐπεὶ
2298 4214 2392 4271 οὖν
2424 4216 2619 4287 ἄδηλον
2646 4215 2707 4268 τὸ
2743 4215 2935 4286 μέλλον
2958 4254 2974 4279 ,
3009 4214 3327 4286 προαπόθου
3372 4230 3455 4266 σοι
3502 4211 3691 4281 φιλαν-

2107 4307 2351 4379 θρωπίας
2393 4304 2602 4376 ἔρανον,
2651 4303 2717 4356 δι’
2743 4297 2816 4356 ὧν
2848 4304 2927 4366 είς
2956 4302 3047 4357 τον
3099 4302 3326 4374 πλησίον
3383 4302 3579 4363 ποιεῖς,
3626 4300 3689 4369 ἦν

2107 4412 2237 4451 ποτε
2288 4391 2724 4466 περιτραπείης,
2780 4390 2978 4460 πολλὴν
3037 4390 3292 4463 εὑρήσεις
3355 4388 3689 4458 συγγνώμης

2106 4481 2391 4555 ἀποθήκην
2429 4478 2822 4548 ἀποκειμένην.
2864 4478 2979 4532 Οὐκ
3007 4471 3151 4543 εἷπε,
3189 4478 3279 4548 Μή
3318 4494 3451 4530 ποτε
3493 4478 3590 4530 καὶ
3626 4476 3688 4528 σὺ

2108 4573 2380 4645 ἁμάρτῃς,
2415 4571 2489 4639 μή
2517 4584 2648 4621 ποτε
2679 4568 2771 4620 καὶ
2799 4567 2863 4619 σύ
2890 4565 3090 4636 πέσῃς·
3117 4564 3417 4637 προσέχετε
3443 4564 3688 4635 ἀκριϐῶς

2107 4663 2172 4731 τῇ
2201 4659 2427 4728 δυνάμει
2459 4654 2567 4709 τῶν
2596 4655 2855 4725 ῥημάτων
2876 4654 3056 4706 αὐτῶν
3076 4669 3091 4684 ο
3120 4653 3280 4714 ἀλλά,
3312 4650 3407 4718 Μή
3432 4668 3566 4704 ποτε
3591 4651 3690 4703 καί

2107 4749 2189 4802 σὺ
2216 4742 2566 4813 πειρασθῇς.
2594 4740 2833 4805 Ἐδειξεν
2855 4742 2936 4793 ὅτι
2961 4740 3229 4811 πειρατὴν
3252 4738 3451 4808 ἔχομεν
3471 4738 3685 4809 ἐχθρόν·

2106 4842 2134 4892 ὁ
2165 4837 2221 4888 δὲ
2250 4832 2515 4904 πειρατὴς
2545 4831 2644 4900 οὐχ
2670 4829 3092 4900 ὡμολογημένον
3131 4828 3231 4898 τῆς
3268 4826 3574 4887 ἐπιθέσεως
3597 4825 3686 4877 τὸν

2108 4923 2296 4994 καιρὸν
2326 4923 2462 4992 ἔχει,
2498 4920 2634 4972 ἀλλά
2668 4918 2929 4980 πολλάκις
2955 4918 3088 4987 ήμῖν
3120 4918 3214 4969 καὶ
3238 4913 3561 4967 καθεύδουσι
3592 4913 3684 4965 καὶ

2110 5011 2444 5088 ρᾳθυμοῦσιν
2470 5007 2769 5062 ἐπιτίθεται
2788 5022 2803 5037 ·
2832 5005 2920 5058 διά
2947 5005 3106 5058 τοῦτο
3147 5006 3398 5067 κάκεῖνος
3423 5005 3450 5055 6
3480 5003 3681 5073 προληο

2108 5105 2262 5177 φθεὶς
2291 5099 2623 5170 συγγνώμης
2649 5095 2799 5159 ἄξιος
2817 5134 2832 5159 ,
2862 5093 3050 5164 ἐπειδὴ
3076 5093 3182 5146 61:6
3223 5089 3488 5162 πειρατοῦ
3521 5090 3677 5145 ἑάλω.

2108 5194 2183 5246 Οὐ
2217 5191 2324 5259 γὰρ
2349 5186 2416 5261 ἦν
2457 5184 2609 5257 [690]
2634 5182 2784 5253 αὐτῷ
2809 5181 3023 5252 φανερά
3051 5183 3084 5252 ή
3119 5181 3288 5250 μάχη,
3319 5180 3440 5233 οὐδὲ
3472 5178 3673 5251 ὡμολο-

2107 5280 2343 5349 γημένος
2375 5279 2403 5329 ὁ
2428 5273 2617 5345 καιρὸς
2644 5272 2738 5326 τοῦ
2772 5270 3031 5339 πολέμου,
3069 5270 3207 5324 ἀλλά
3241 5269 3530 5337 ἀγνοοῦντι
3559 5270 3681 5322 ἐπέ·

2109 5368 2263 5428 θετο,
2297 5367 2394 5420 καὶ
2418 5364 2506 5418 διὰ
2529 5361 2688 5416 τοῦτο
2717 5360 3082 5433 περιεγένετο.
3108 5358 3269 5414 Οῦτω
3293 5360 3388 5413 καὶ
3417 5362 3466 5412 οἱ
3499 5359 3672 5413 πλέον·

2108 5468 2200 5517 τες
2228 5453 2328 5524 τὴν
2361 5450 2630 5504 θάλατταν
2655 5447 2754 5517 τὴν
2787 5445 3028 5516 μεγάλην
3057 5446 3262 5516 ταύτην
3308 5445 3405 5498 καὶ
3452 5443 3680 5515 εὐρύχω-

2113 5556 2203 5612 ρον
2229 5535 2461 5591 ποιοῦσι.
2476 5533 2596 5588 Κᾶν
2622 5532 2883 5604 ὲξουρίων
2903 5533 3087 5594 αὐτοῖς
3111 5533 3345 5606 φέρηται
3371 5530 3433 5583 τὸ
3456 5531 3675 5598 σκάφος,

2109 5622 2214 5678 κᾶν
2257 5619 2437 5688 πάσης
2466 5615 2809 5671 ἀπολαύωσιν
2836 5615 3156 5683 ἀσφαλείας,
3190 5615 3341 5668 ἴδωσι
3370 5615 3428 5669 δὲ
3470 5614 3677 5685 πόρρω-

2111 5709 2203 5762 θεν
2227 5705 2641 5776 ναυαγήσαντος
2670 5701 2889 5773 ἑτέρους
2911 5742 2925 5767 ,
2959 5701 3019 5754 οὐ
3056 5701 3192 5774 πρὸς
3217 5703 3316 5773 τὴν
3360 5702 3566 5756 οἰκείαν
3594 5698 3677 5752 εὐ·
