  <div class='ocr_page' id='page_1' title='image "/cluster/home/n/w/nwhite01/storage/ocr_20150623/54:no.4:pt.2/coo.31924054869544/250.png"; bbox 0 0 3964 6424; ppageno 0'>
   <div class='ocr_carea' id='block_1_1' title="bbox 246 328 344 382">
    <p class='ocr_par' dir='ltr' id='par_1_1' title="bbox 246 328 344 382">
     <span class='ocr_line' id='line_1_1' title="bbox 246 328 344 382; baseline 0 0"><span class='ocrx_word' id='word_1_1' title='bbox 246 328 344 382; x_wconf 71' lang='grc'><strong>(29.1</strong></span> 
     </span>
    </p>
   </div>
   <div class='ocr_carea' id='block_1_2' title="bbox 253 433 1826 505">
    <p class='ocr_par' dir='ltr' id='par_1_2' title="bbox 253 433 1826 505">
     <span class='ocr_line' id='line_1_2' title="bbox 253 433 1826 505; baseline -0.004 -13"><span class='ocrx_word' id='word_1_2' title='bbox 253 443 464 496; x_wconf 90' lang='lat' dir='ltr'><strong>lirment</strong></span> <span class='ocrx_word' id='word_1_3' title='bbox 489 456 500 490; x_wconf 89' lang='lat'><strong>:</strong></span> <span class='ocrx_word' id='word_1_4' title='bbox 532 447 588 495; x_wconf 86' lang='lat' dir='ltr'><strong>et</strong></span> <span class='ocrx_word' id='word_1_5' title='bbox 613 438 676 492; x_wconf 92' lang='lat' dir='ltr'><strong>iis</strong></span> <span class='ocrx_word' id='word_1_6' title='bbox 700 438 788 505; x_wconf 85' lang='lat' dir='ltr'><strong>qui</strong></span> <span class='ocrx_word' id='word_1_7' title='bbox 818 437 1127 502; x_wconf 89' lang='lat' dir='ltr'><strong>abfucrunt,</strong></span> <span class='ocrx_word' id='word_1_8' title='bbox 1154 451 1256 490; x_wconf 90' lang='lat' dir='ltr'><strong>non</strong></span> <span class='ocrx_word' id='word_1_9' title='bbox 1285 445 1389 489; x_wconf 90' lang='lat' dir='ltr'><strong>tam</strong></span> <span class='ocrx_word' id='word_1_10' title='bbox 1415 435 1729 488; x_wconf 88' lang='lat' dir='ltr'><strong>daumosum</strong></span> <span class='ocrx_word' id='word_1_11' title='bbox 1756 433 1826 487; x_wconf 90' lang='lat' dir='ltr'><strong>sit</strong></span> 
     </span>
    </p>
   </div>
   <div class='ocr_carea' id='block_1_3' title="bbox 249 524 1825 598">
    <p class='ocr_par' dir='ltr' id='par_1_3' title="bbox 249 524 1825 598">
     <span class='ocr_line' id='line_1_3' title="bbox 249 524 1825 598; baseline -0.004 -13"><span class='ocrx_word' id='word_1_12' title='bbox 249 532 498 596; x_wconf 85' lang='lat' dir='ltr'><strong>abfuisse,</strong></span> <span class='ocrx_word' id='word_1_13' title='bbox 518 531 561 585; x_wconf 88' lang='lat' dir='ltr'><strong>si</strong></span> <span class='ocrx_word' id='word_1_14' title='bbox 583 539 635 585; x_wconf 94' lang='lat' dir='ltr'><strong>et</strong></span> <span class='ocrx_word' id='word_1_15' title='bbox 657 530 784 598; x_wconf 86' lang='lat' dir='ltr'><strong>ipsis</strong></span> <span class='ocrx_word' id='word_1_16' title='bbox 810 531 1106 584; x_wconf 88' lang='lat' dir='ltr'><strong>innotescat</strong></span> <span class='ocrx_word' id='word_1_17' title='bbox 1132 529 1373 583; x_wconf 76' lang='lat' dir='ltr'><strong>doctrina</strong></span> <span class='ocrx_word' id='word_1_18' title='bbox 1397 528 1597 597; x_wconf 91' lang='lat' dir='ltr'><strong>pridem</strong></span> <span class='ocrx_word' id='word_1_19' title='bbox 1628 524 1825 578; x_wconf 68' lang='lat' dir='ltr'><strong>habita.</strong></span> 
     </span>
    </p>
   </div>
   <div class='ocr_carea' id='block_1_4' title="bbox 257 619 1829 690">
    <p class='ocr_par' dir='ltr' id='par_1_4' title="bbox 257 619 1829 690">
     <span class='ocr_line' id='line_1_4' title="bbox 257 619 1829 690; baseline -0.007 -13"><span class='ocrx_word' id='word_1_20' title='bbox 257 624 317 677; x_wconf 84' lang='lat' dir='ltr'><strong>Et</strong></span> <span class='ocrx_word' id='word_1_21' title='bbox 343 620 581 676; x_wconf 79' lang='lat' dir='ltr'><strong>fortassis</strong></span> <span class='ocrx_word' id='word_1_22' title='bbox 617 619 797 674; x_wconf 86' lang='lat' dir='ltr'><strong>dicent</strong></span> <span class='ocrx_word' id='word_1_23' title='bbox 826 620 914 690; x_wconf 88' lang='lat' dir='ltr'><strong>qui</strong></span> <span class='ocrx_word' id='word_1_24' title='bbox 946 634 1160 689; x_wconf 82' lang='lat' dir='ltr'><strong>semper</strong></span> <span class='ocrx_word' id='word_1_25' title='bbox 1189 628 1310 674; x_wconf 90' lang='lat' dir='ltr'><strong>sunt</strong></span> <span class='ocrx_word' id='word_1_26' title='bbox 1347 627 1640 690; x_wconf 72' lang='lat' dir='ltr'><strong>prmscntes</strong></span> <span class='ocrx_word' id='word_1_27' title='bbox 1659 657 1674 681; x_wconf 93' lang='lat'><strong>,</strong></span> <span class='ocrx_word' id='word_1_28' title='bbox 1705 632 1829 685; x_wconf 85' lang='lat' dir='ltr'><strong>pro-</strong></span> 
     </span>
    </p>
   </div>
   <div class='ocr_carea' id='block_1_5' title="bbox 255 705 1830 783">
    <p class='ocr_par' dir='ltr' id='par_1_5' title="bbox 255 705 1830 783">
     <span class='ocr_line' id='line_1_5' title="bbox 255 705 1830 783; baseline -0.003 -18"><span class='ocrx_word' id='word_1_29' title='bbox 255 723 366 783; x_wconf 83' lang='lat' dir='ltr'><strong>pter</strong></span> <span class='ocrx_word' id='word_1_30' title='bbox 393 712 509 765; x_wconf 91' lang='lat' dir='ltr'><strong>illos</strong></span> <span class='ocrx_word' id='word_1_31' title='bbox 537 725 704 780; x_wconf 89' lang='lat' dir='ltr'><strong>nuper</strong></span> <span class='ocrx_word' id='word_1_32' title='bbox 729 709 869 764; x_wconf 87' lang='lat' dir='ltr'><strong>dicta</strong></span> <span class='ocrx_word' id='word_1_33' title='bbox 901 726 1004 764; x_wconf 93' lang='lat' dir='ltr'><strong>non</strong></span> <span class='ocrx_word' id='word_1_34' title='bbox 1035 725 1156 765; x_wconf 89' lang='lat' dir='ltr'><strong>esse</strong></span> <span class='ocrx_word' id='word_1_35' title='bbox 1182 708 1498 764; x_wconf 79' lang='lat' dir='ltr'><strong>resumenda</strong></span> <span class='ocrx_word' id='word_1_36' title='bbox 1523 747 1539 774; x_wconf 96' lang='lat'><strong>,</strong></span> <span class='ocrx_word' id='word_1_37' title='bbox 1578 717 1635 760; x_wconf 92' lang='lat' dir='ltr'><strong>ut</strong></span> <span class='ocrx_word' id='word_1_38' title='bbox 1673 708 1706 760; x_wconf 93' lang='lat' dir='ltr'><strong>ii</strong></span> <span class='ocrx_word' id='word_1_39' title='bbox 1741 705 1830 776; x_wconf 87' lang='lat' dir='ltr'><strong>qui</strong></span> 
     </span>
    </p>
   </div>
   <div class='ocr_carea' id='block_1_6' title="bbox 255 803 1833 872">
    <p class='ocr_par' dir='ltr' id='par_1_6' title="bbox 255 803 1833 872">
     <span class='ocr_line' id='line_1_6' title="bbox 255 803 1833 872; baseline -0.003 -14"><span class='ocrx_word' id='word_1_40' title='bbox 255 820 366 858; x_wconf 89' lang='lat' dir='ltr'><strong>cum</strong></span> <span class='ocrx_word' id='word_1_41' title='bbox 388 804 503 858; x_wconf 90' lang='lat' dir='ltr'><strong>aliis</strong></span> <span class='ocrx_word' id='word_1_42' title='bbox 522 803 808 858; x_wconf 88' lang='lat' dir='ltr'><strong>convenire</strong></span> <span class='ocrx_word' id='word_1_43' title='bbox 832 812 1288 872; x_wconf 88' lang='lat' dir='ltr'><strong>contempserunt,</strong></span> <span class='ocrx_word' id='word_1_44' title='bbox 1311 803 1410 856; x_wconf 90' lang='lat' dir='ltr'><strong>hoc</strong></span> <span class='ocrx_word' id='word_1_45' title='bbox 1433 803 1628 855; x_wconf 89' lang='lat' dir='ltr'><strong>damno</strong></span> <span class='ocrx_word' id='word_1_46' title='bbox 1648 815 1833 854; x_wconf 81' lang='lat' dir='ltr'><strong>emen-</strong></span> 
     </span>
    </p>
   </div>
   <div class='ocr_carea' id='block_1_7' title="bbox 255 891 1359 963">
    <p class='ocr_par' dir='ltr' id='par_1_7' title="bbox 255 891 1359 963">
     <span class='ocr_line' id='line_1_7' title="bbox 255 891 1359 963; baseline -0.003 -16"><span class='ocrx_word' id='word_1_47' title='bbox 255 894 458 956; x_wconf 86' lang='lat' dir='ltr'><strong>dentur,</strong></span> <span class='ocrx_word' id='word_1_48' title='bbox 490 903 543 948; x_wconf 89' lang='lat' dir='ltr'><strong>et</strong></span> <span class='ocrx_word' id='word_1_49' title='bbox 571 893 700 946; x_wconf 83' lang='lat' dir='ltr'><strong>fiant</strong></span> <span class='ocrx_word' id='word_1_50' title='bbox 729 891 950 960; x_wconf 79' lang='lat' dir='ltr'><strong>posthac</strong></span> <span class='ocrx_word' id='word_1_51' title='bbox 975 893 1359 963; x_wconf 84' lang='lat' dir='ltr'><strong>diligentiores.</strong></span> 
     </span>
    </p>
   </div>
   <div class='ocr_carea' id='block_1_8' title="bbox 321 983 1824 1054">
    <p class='ocr_par' dir='ltr' id='par_1_8' title="bbox 321 983 1824 1054">
     <span class='ocr_line' id='line_1_8' title="bbox 321 983 1824 1054; baseline -0.003 -13"><span class='ocrx_word' id='word_1_52' title='bbox 321 986 466 1042; x_wconf 80' lang='lat' dir='ltr'><strong>Zelus</strong></span> <span class='ocrx_word' id='word_1_53' title='bbox 504 984 855 1054; x_wconf 84' lang='lat' dir='ltr'><strong>temperandus</strong></span> <span class='ocrx_word' id='word_1_54' title='bbox 883 985 1246 1039; x_wconf 74' lang='lat' dir='ltr'><strong>misericordia.</strong></span> <span class='ocrx_word' id='word_1_55' title='bbox 1276 1009 1345 1025; x_wconf 83' lang='lat'><em>--</em></span> <span class='ocrx_word' id='word_1_56' title='bbox 1396 983 1649 1052; x_wconf 78' lang='lat' dir='ltr'><strong>Equidem</strong></span> <span class='ocrx_word' id='word_1_57' title='bbox 1707 984 1824 1037; x_wconf 89' lang='lat' dir='ltr'><strong>lau-</strong></span> 
     </span>
    </p>
   </div>
   <div class='ocr_carea' id='block_1_9' title="bbox 256 1073 1826 1145">
    <p class='ocr_par' dir='ltr' id='par_1_9' title="bbox 256 1073 1826 1145">
     <span class='ocr_line' id='line_1_9' title="bbox 256 1073 1826 1145; baseline -0.001 -17"><span class='ocrx_word' id='word_1_58' title='bbox 256 1075 338 1136; x_wconf 78' lang='lat' dir='ltr'><strong>do,</strong></span> <span class='ocrx_word' id='word_1_59' title='bbox 364 1074 501 1144; x_wconf 91' lang='lat' dir='ltr'><strong>quod</strong></span> <span class='ocrx_word' id='word_1_60' title='bbox 544 1074 766 1129; x_wconf 79' lang='lat' dir='ltr'><strong>fratrum</strong></span> <span class='ocrx_word' id='word_1_61' title='bbox 813 1073 1008 1130; x_wconf 87' lang='lat' dir='ltr'><strong>doletis</strong></span> <span class='ocrx_word' id='word_1_62' title='bbox 1048 1075 1334 1145; x_wconf 88' lang='lat' dir='ltr'><strong>ignaviam,</strong></span> <span class='ocrx_word' id='word_1_63' title='bbox 1366 1084 1419 1127; x_wconf 91' lang='lat' dir='ltr'><strong>et</strong></span> <span class='ocrx_word' id='word_1_64' title='bbox 1449 1074 1686 1127; x_wconf 87' lang='lat' dir='ltr'><strong>admiror</strong></span> <span class='ocrx_word' id='word_1_65' title='bbox 1735 1089 1826 1128; x_wconf 84' lang='lat' dir='ltr'><strong>ze-</strong></span> 
     </span>
    </p>
   </div>
   <div class='ocr_carea' id='block_1_10' title="bbox 255 1166 1834 1235">
    <p class='ocr_par' dir='ltr' id='par_1_10' title="bbox 255 1166 1834 1235">
     <span class='ocr_line' id='line_1_10' title="bbox 255 1166 1834 1235; baseline -0.001 -15"><span class='ocrx_word' id='word_1_66' title='bbox 255 1166 356 1220; x_wconf 86' lang='lat' dir='ltr'><strong>lum</strong></span> <span class='ocrx_word' id='word_1_67' title='bbox 388 1184 401 1220; x_wconf 91' lang='lat'><strong>:</strong></span> <span class='ocrx_word' id='word_1_68' title='bbox 435 1167 627 1221; x_wconf 91' lang='lat' dir='ltr'><strong>vellem</strong></span> <span class='ocrx_word' id='word_1_69' title='bbox 657 1176 834 1220; x_wconf 85' lang='lat' dir='ltr'><strong>autem</strong></span> <span class='ocrx_word' id='word_1_70' title='bbox 861 1182 956 1219; x_wconf 91' lang='lat' dir='ltr'><strong>vos</strong></span> <span class='ocrx_word' id='word_1_71' title='bbox 977 1168 1148 1221; x_wconf 89' lang='lat' dir='ltr'><strong>zelum</strong></span> <span class='ocrx_word' id='word_1_72' title='bbox 1175 1167 1316 1220; x_wconf 89' lang='lat' dir='ltr'><strong>lmuc</strong></span> <span class='ocrx_word' id='word_1_73' title='bbox 1346 1175 1645 1235; x_wconf 88' lang='lat' dir='ltr'><strong>temperare</strong></span> <span class='ocrx_word' id='word_1_74' title='bbox 1674 1166 1834 1219; x_wconf 88' lang='lat' dir='ltr'><strong>mise-</strong></span> 
     </span>
    </p>
   </div>
   <div class='ocr_carea' id='block_1_11' title="bbox 255 1257 1836 1329">
    <p class='ocr_par' dir='ltr' id='par_1_11' title="bbox 255 1257 1836 1329">
     <span class='ocr_line' id='line_1_11' title="bbox 255 1257 1836 1329; baseline 0 -17"><span class='ocrx_word' id='word_1_75' title='bbox 255 1258 492 1312; x_wconf 84' lang='lat' dir='ltr'><strong>ricordia.</strong></span> <span class='ocrx_word' id='word_1_76' title='bbox 523 1259 678 1312; x_wconf 85' lang='lat' dir='ltr'><strong>Zelus</strong></span> <span class='ocrx_word' id='word_1_77' title='bbox 705 1260 844 1312; x_wconf 89' lang='lat' dir='ltr'><strong>enim</strong></span> <span class='ocrx_word' id='word_1_78' title='bbox 887 1259 1092 1314; x_wconf 91' lang='lat' dir='ltr'><strong>veniam</strong></span> <span class='ocrx_word' id='word_1_79' title='bbox 1121 1273 1339 1329; x_wconf 86' lang='lat' dir='ltr'><strong>negans,</strong></span> <span class='ocrx_word' id='word_1_80' title='bbox 1372 1260 1549 1328; x_wconf 88' lang='lat' dir='ltr'><strong>potius</strong></span> <span class='ocrx_word' id='word_1_81' title='bbox 1583 1257 1728 1311; x_wconf 88' lang='lat' dir='ltr'><strong>furor</strong></span> <span class='ocrx_word' id='word_1_82' title='bbox 1754 1266 1836 1312; x_wconf 87' lang='lat' dir='ltr'><strong>est</strong></span> 
     </span>
    </p>
   </div>
   <div class='ocr_carea' id='block_1_12' title="bbox 254 1349 1833 1418">
    <p class='ocr_par' dir='ltr' id='par_1_12' title="bbox 254 1349 1833 1418">
     <span class='ocr_line' id='line_1_12' title="bbox 254 1349 1833 1418; baseline 0.001 -17"><span class='ocrx_word' id='word_1_83' title='bbox 254 1363 402 1418; x_wconf 72' lang='lat' dir='ltr'><strong>quam</strong></span> <span class='ocrx_word' id='word_1_84' title='bbox 433 1349 596 1413; x_wconf 88' lang='lat' dir='ltr'><strong>zelus,</strong></span> <span class='ocrx_word' id='word_1_85' title='bbox 625 1357 681 1404; x_wconf 88' lang='lat' dir='ltr'><strong>et</strong></span> <span class='ocrx_word' id='word_1_86' title='bbox 707 1349 1021 1415; x_wconf 84' lang='lat' dir='ltr'><strong>admonitio,</strong></span> <span class='ocrx_word' id='word_1_87' title='bbox 1059 1351 1278 1406; x_wconf 86' lang='lat' dir='ltr'><strong>lenitate</strong></span> <span class='ocrx_word' id='word_1_88' title='bbox 1316 1351 1566 1404; x_wconf 85' lang='lat' dir='ltr'><strong>destituta</strong></span> <span class='ocrx_word' id='word_1_89' title='bbox 1586 1392 1600 1415; x_wconf 95' lang='lat'><strong>,</strong></span> <span class='ocrx_word' id='word_1_90' title='bbox 1638 1350 1833 1403; x_wconf 79' lang='lat' dir='ltr'><strong>invidia</strong></span> 
     </span>
    </p>
   </div>
   <div class='ocr_carea' id='block_1_13' title="bbox 255 1439 1836 1512">
    <p class='ocr_par' dir='ltr' id='par_1_13' title="bbox 255 1439 1836 1512">
     <span class='ocr_line' id='line_1_13' title="bbox 255 1439 1836 1512; baseline 0 -20"><span class='ocrx_word' id='word_1_91' title='bbox 255 1439 483 1509; x_wconf 85' lang='lat' dir='ltr'><strong>qua-dam</strong></span> <span class='ocrx_word' id='word_1_92' title='bbox 511 1449 612 1495; x_wconf 91' lang='lat' dir='ltr'><strong>est.</strong></span> <span class='ocrx_word' id='word_1_93' title='bbox 641 1441 976 1512; x_wconf 85' lang='lat' dir='ltr'><strong>QuaprOpter</strong></span> <span class='ocrx_word' id='word_1_94' title='bbox 1001 1443 1169 1512; x_wconf 83' lang='lat' dir='ltr'><strong>magis</strong></span> <span class='ocrx_word' id='word_1_95' title='bbox 1195 1457 1290 1496; x_wconf 92' lang='lat' dir='ltr'><strong>vos</strong></span> <span class='ocrx_word' id='word_1_96' title='bbox 1317 1442 1562 1505; x_wconf 89' lang='lat' dir='ltr'><strong>obsecro,</strong></span> <span class='ocrx_word' id='word_1_97' title='bbox 1594 1457 1662 1495; x_wconf 84' lang='lat' dir='ltr'><strong>ne</strong></span> <span class='ocrx_word' id='word_1_98' title='bbox 1690 1457 1836 1496; x_wconf 81' lang='lat' dir='ltr'><strong>ama-</strong></span> 
     </span>
    </p>
   </div>
   <div class='ocr_carea' id='block_1_14' title="bbox 265 1530 1836 1602">
    <p class='ocr_par' dir='ltr' id='par_1_14' title="bbox 265 1530 1836 1602">
     <span class='ocr_line' id='line_1_14' title="bbox 265 1530 1836 1602; baseline 0.003 -18"><span class='ocrx_word' id='word_1_99' title='bbox 265 1547 318 1586; x_wconf 88' lang='lat' dir='ltr'><strong>re</strong></span> <span class='ocrx_word' id='word_1_100' title='bbox 343 1530 406 1585; x_wconf 91' lang='lat' dir='ltr'><strong>de</strong></span> <span class='ocrx_word' id='word_1_101' title='bbox 429 1533 1062 1601; x_wconf 87' lang='lat' dir='ltr'><strong>proximorumjudicctis</strong></span> <span class='ocrx_word' id='word_1_102' title='bbox 1116 1534 1367 1602; x_wconf 79' lang='lat' dir='ltr'><strong>peccatis.</strong></span> <span class='ocrx_word' id='word_1_103' title='bbox 1415 1531 1546 1587; x_wconf 91' lang='lat' dir='ltr'><strong>Nam</strong></span> <span class='ocrx_word' id='word_1_104' title='bbox 1603 1533 1742 1586; x_wconf 85' lang='lat' dir='ltr'><strong>sicut</strong></span> <span class='ocrx_word' id='word_1_105' title='bbox 1792 1533 1836 1588; x_wconf 87' lang='lat' dir='ltr'><strong>is</strong></span> 
     </span>
    </p>
   </div>
   <div class='ocr_carea' id='block_1_15' title="bbox 253 1625 1830 1695">
    <p class='ocr_par' dir='ltr' id='par_1_15' title="bbox 253 1625 1830 1695">
     <span class='ocr_line' id='line_1_15' title="bbox 253 1625 1830 1695; baseline 0.002 -19"><span class='ocrx_word' id='word_1_106' title='bbox 253 1625 335 1693; x_wconf 90' lang='lat' dir='ltr'><strong>qui</strong></span> <span class='ocrx_word' id='word_1_107' title='bbox 361 1625 557 1695; x_wconf 90' lang='lat' dir='ltr'><strong>absque</strong></span> <span class='ocrx_word' id='word_1_108' title='bbox 599 1627 1065 1681; x_wconf 85' lang='lat' dir='ltr'><strong>commiseratione</strong></span> <span class='ocrx_word' id='word_1_109' title='bbox 1086 1627 1302 1679; x_wconf 82' lang='lat' dir='ltr'><strong>vulnera</strong></span> <span class='ocrx_word' id='word_1_110' title='bbox 1333 1625 1554 1680; x_wconf 79' lang='lat' dir='ltr'><strong>fratrum</strong></span> <span class='ocrx_word' id='word_1_111' title='bbox 1587 1632 1790 1694; x_wconf 79' lang='lat' dir='ltr'><strong>spectat</strong></span> <span class='ocrx_word' id='word_1_112' title='bbox 1816 1665 1830 1689; x_wconf 96' lang='lat'><strong>,</strong></span> 
     </span>
    </p>
   </div>
   <div class='ocr_carea' id='block_1_16' title="bbox 257 1715 1834 1786">
    <p class='ocr_par' dir='ltr' id='par_1_16' title="bbox 257 1715 1834 1786">
     <span class='ocr_line' id='line_1_16' title="bbox 257 1715 1834 1786; baseline 0.001 -18"><span class='ocrx_word' id='word_1_113' title='bbox 257 1717 444 1768; x_wconf 86' lang='lat' dir='ltr'><strong>nullum</strong></span> <span class='ocrx_word' id='word_1_114' title='bbox 479 1717 714 1771; x_wconf 81' lang='lat' dir='ltr'><strong>inveniet</strong></span> <span class='ocrx_word' id='word_1_115' title='bbox 757 1716 847 1786; x_wconf 88' lang='lat' dir='ltr'><strong>qui</strong></span> <span class='ocrx_word' id='word_1_116' title='bbox 888 1732 946 1772; x_wconf 91' lang='lat' dir='ltr'><strong>se</strong></span> <span class='ocrx_word' id='word_1_117' title='bbox 985 1717 1234 1786; x_wconf 79' lang='lat' dir='ltr'><strong>dignetur</strong></span> <span class='ocrx_word' id='word_1_118' title='bbox 1260 1717 1434 1778; x_wconf 84' lang='lat' dir='ltr'><strong>venia,</strong></span> <span class='ocrx_word' id='word_1_119' title='bbox 1465 1717 1509 1770; x_wconf 92' lang='lat' dir='ltr'><strong>si</strong></span> <span class='ocrx_word' id='word_1_120' title='bbox 1537 1715 1750 1784; x_wconf 88' lang='lat' dir='ltr'><strong>quando</strong></span> <span class='ocrx_word' id='word_1_121' title='bbox 1780 1724 1834 1769; x_wconf 83' lang='lat' dir='ltr'><strong>et</strong></span> 
     </span>
    </p>
   </div>
   <div class='ocr_carea' id='block_1_17' title="bbox 257 1805 1834 1878">
    <p class='ocr_par' dir='ltr' id='par_1_17' title="bbox 257 1805 1834 1878">
     <span class='ocr_line' id='line_1_17' title="bbox 257 1805 1834 1878; baseline 0 -19"><span class='ocrx_word' id='word_1_122' title='bbox 257 1807 360 1874; x_wconf 89' lang='lat' dir='ltr'><strong>ipse</strong></span> <span class='ocrx_word' id='word_1_123' title='bbox 381 1809 676 1876; x_wconf 75' lang='lat' dir='ltr'><strong>peccaverit</strong></span> <span class='ocrx_word' id='word_1_124' title='bbox 709 1826 722 1861; x_wconf 89' lang='lat'><strong>:</strong></span> <span class='ocrx_word' id='word_1_125' title='bbox 753 1808 822 1861; x_wconf 89' lang='lat' dir='ltr'><strong>ita</strong></span> <span class='ocrx_word' id='word_1_126' title='bbox 868 1809 954 1878; x_wconf 93' lang='lat' dir='ltr'><strong>qui</strong></span> <span class='ocrx_word' id='word_1_127' title='bbox 1001 1823 1124 1862; x_wconf 91' lang='lat' dir='ltr'><strong>cum</strong></span> <span class='ocrx_word' id='word_1_128' title='bbox 1169 1806 1532 1861; x_wconf 85' lang='lat' dir='ltr'><strong>misericordia</strong></span> <span class='ocrx_word' id='word_1_129' title='bbox 1573 1806 1640 1860; x_wconf 90' lang='lat' dir='ltr'><strong>de</strong></span> <span class='ocrx_word' id='word_1_130' title='bbox 1682 1805 1834 1873; x_wconf 50' lang='lat' dir='ltr'><strong>lapsu</strong></span> 
     </span>
    </p>
   </div>
   <div class='ocr_carea' id='block_1_18' title="bbox 257 1899 1830 1969">
    <p class='ocr_par' dir='ltr' id='par_1_18' title="bbox 257 1899 1830 1969">
     <span class='ocr_line' id='line_1_18' title="bbox 257 1899 1830 1969; baseline 0 -17"><span class='ocrx_word' id='word_1_131' title='bbox 257 1899 468 1968; x_wconf 75' lang='lat' dir='ltr'><strong>proximi</strong></span> <span class='ocrx_word' id='word_1_132' title='bbox 495 1899 720 1966; x_wconf 90' lang='lat' dir='ltr'><strong>jndicat,</strong></span> <span class='ocrx_word' id='word_1_133' title='bbox 748 1900 792 1953; x_wconf 93' lang='lat' dir='ltr'><strong>si</strong></span> <span class='ocrx_word' id='word_1_134' title='bbox 816 1900 1028 1969; x_wconf 84' lang='lat' dir='ltr'><strong>quando</strong></span> <span class='ocrx_word' id='word_1_135' title='bbox 1047 1909 1101 1955; x_wconf 87' lang='lat' dir='ltr'><strong>et</strong></span> <span class='ocrx_word' id='word_1_136' title='bbox 1122 1901 1235 1969; x_wconf 82' lang='lat' dir='ltr'><strong>ipse</strong></span> <span class='ocrx_word' id='word_1_137' title='bbox 1261 1900 1626 1969; x_wconf 87' lang='lat' dir='ltr'><strong>supplantatus</strong></span> <span class='ocrx_word' id='word_1_138' title='bbox 1657 1899 1830 1960; x_wconf 87' lang='lat' dir='ltr'><strong>fuerit,</strong></span> 
     </span>
    </p>
   </div>
   <div class='ocr_carea' id='block_1_19' title="bbox 255 1989 1834 2061">
    <p class='ocr_par' dir='ltr' id='par_1_19' title="bbox 255 1989 1834 2061">
     <span class='ocr_line' id='line_1_19' title="bbox 255 1989 1834 2061; baseline 0.001 -18"><span class='ocrx_word' id='word_1_139' title='bbox 255 1990 438 2044; x_wconf 88' lang='lat' dir='ltr'><strong>undtos</strong></span> <span class='ocrx_word' id='word_1_140' title='bbox 463 1991 660 2045; x_wconf 78' lang='lat' dir='ltr'><strong>videbit</strong></span> <span class='ocrx_word' id='word_1_141' title='bbox 689 2007 902 2045; x_wconf 89' lang='lat' dir='ltr'><strong>manum</strong></span> <span class='ocrx_word' id='word_1_142' title='bbox 937 1993 1288 2061; x_wconf 75' lang='lat' dir='ltr'><strong>porrigentes.</strong></span> <span class='ocrx_word' id='word_1_143' title='bbox 1340 1992 1405 2044; x_wconf 83' lang='lat' dir='ltr'><strong>Et</strong></span> <span class='ocrx_word' id='word_1_144' title='bbox 1432 1991 1544 2043; x_wconf 69' lang='lat' dir='ltr'><strong>lucc</strong></span> <span class='ocrx_word' id='word_1_145' title='bbox 1572 2004 1710 2044; x_wconf 91' lang='lat' dir='ltr'><strong>nunc</strong></span> <span class='ocrx_word' id='word_1_146' title='bbox 1749 1989 1834 2044; x_wconf 82' lang='lat' dir='ltr'><strong>di-</strong></span> 
     </span>
    </p>
   </div>
   <div class='ocr_carea' id='block_1_20' title="bbox 249 2082 1836 2154">
    <p class='ocr_par' dir='ltr' id='par_1_20' title="bbox 249 2082 1836 2154">
     <span class='ocr_line' id='line_1_20' title="bbox 249 2082 1836 2154; baseline -0.001 -17"><span class='ocrx_word' id='word_1_147' title='bbox 249 2099 347 2149; x_wconf 89' lang='lat' dir='ltr'><strong>co,</strong></span> <span class='ocrx_word' id='word_1_148' title='bbox 379 2101 479 2136; x_wconf 85' lang='lat' dir='ltr'><strong>non</strong></span> <span class='ocrx_word' id='word_1_149' title='bbox 501 2084 644 2153; x_wconf 91' lang='lat' dir='ltr'><strong>quod</strong></span> <span class='ocrx_word' id='word_1_150' title='bbox 677 2085 836 2138; x_wconf 80' lang='lat' dir='ltr'><strong>velim</strong></span> <span class='ocrx_word' id='word_1_151' title='bbox 865 2100 1049 2138; x_wconf 90' lang='lat' dir='ltr'><strong>eorum</strong></span> <span class='ocrx_word' id='word_1_152' title='bbox 1094 2084 1181 2154; x_wconf 90' lang='lat' dir='ltr'><strong>qui</strong></span> <span class='ocrx_word' id='word_1_153' title='bbox 1209 2099 1331 2138; x_wconf 90' lang='lat' dir='ltr'><strong>raro</strong></span> <span class='ocrx_word' id='word_1_154' title='bbox 1377 2083 1479 2137; x_wconf 91' lang='lat' dir='ltr'><strong>huc</strong></span> <span class='ocrx_word' id='word_1_155' title='bbox 1511 2082 1836 2136; x_wconf 87' lang='lat' dir='ltr'><strong>conveniunt</strong></span> 
     </span>
    </p>
   </div>
   <div class='ocr_carea' id='block_1_21' title="bbox 255 2175 1833 2246">
    <p class='ocr_par' dir='ltr' id='par_1_21' title="bbox 255 2175 1833 2246">
     <span class='ocr_line' id='line_1_21' title="bbox 255 2175 1833 2246; baseline -0.001 -17"><span class='ocrx_word' id='word_1_156' title='bbox 255 2177 616 2246; x_wconf 77' lang='lat' dir='ltr'><strong>negligentiam</strong></span> <span class='ocrx_word' id='word_1_157' title='bbox 645 2178 851 2246; x_wconf 90' lang='lat' dir='ltr'><strong>augeri,</strong></span> <span class='ocrx_word' id='word_1_158' title='bbox 885 2175 978 2230; x_wconf 86' lang='lat' dir='ltr'><strong>sed</strong></span> <span class='ocrx_word' id='word_1_159' title='bbox 1007 2176 1146 2246; x_wconf 89' lang='lat' dir='ltr'><strong>quod</strong></span> <span class='ocrx_word' id='word_1_160' title='bbox 1193 2176 1450 2244; x_wconf 85' lang='lat' dir='ltr'><strong>majorem</strong></span> <span class='ocrx_word' id='word_1_161' title='bbox 1505 2190 1688 2228; x_wconf 87' lang='lat' dir='ltr'><strong>curam</strong></span> <span class='ocrx_word' id='word_1_162' title='bbox 1735 2189 1833 2228; x_wconf 84' lang='lat' dir='ltr'><strong>no-</strong></span> 
     </span>
    </p>
   </div>
   <div class='ocr_carea' id='block_1_22' title="bbox 247 2267 1835 2338">
    <p class='ocr_par' dir='ltr' id='par_1_22' title="bbox 247 2267 1835 2338">
     <span class='ocr_line' id='line_1_22' title="bbox 247 2267 1835 2338; baseline -0.002 -15"><span class='ocrx_word' id='word_1_163' title='bbox 247 2280 402 2323; x_wconf 83' lang='lat' dir='ltr'><strong>stram</strong></span> <span class='ocrx_word' id='word_1_164' title='bbox 429 2285 550 2338; x_wconf 87' lang='lat' dir='ltr'><strong>erga</strong></span> <span class='ocrx_word' id='word_1_165' title='bbox 584 2269 705 2322; x_wconf 89' lang='lat' dir='ltr'><strong>illos</strong></span> <span class='ocrx_word' id='word_1_166' title='bbox 735 2269 964 2338; x_wconf 87' lang='lat' dir='ltr'><strong>cupiam,</strong></span> <span class='ocrx_word' id='word_1_167' title='bbox 987 2269 1054 2322; x_wconf 87' lang='lat' dir='ltr'><strong>ita</strong></span> <span class='ocrx_word' id='word_1_168' title='bbox 1085 2279 1140 2322; x_wconf 91' lang='grc' dir='ltr'><strong>ιιι</strong></span> <span class='ocrx_word' id='word_1_169' title='bbox 1171 2283 1290 2322; x_wconf 90' lang='lat' dir='ltr'><strong>cum</strong></span> <span class='ocrx_word' id='word_1_170' title='bbox 1319 2269 1526 2322; x_wconf 86' lang='lat' dir='ltr'><strong>ratione</strong></span> <span class='ocrx_word' id='word_1_171' title='bbox 1556 2277 1609 2322; x_wconf 90' lang='lat' dir='ltr'><strong>ct</strong></span> <span class='ocrx_word' id='word_1_172' title='bbox 1638 2267 1835 2320; x_wconf 88' lang='lat' dir='ltr'><strong>amoris</strong></span> 
     </span>
    </p>
   </div>
   <div class='ocr_carea' id='block_1_23' title="bbox 251 2357 1832 2428">
    <p class='ocr_par' dir='ltr' id='par_1_23' title="bbox 251 2357 1832 2428">
     <span class='ocr_line' id='line_1_23' title="bbox 251 2357 1832 2428; baseline 0.001 -17"><span class='ocrx_word' id='word_1_173' title='bbox 251 2360 327 2412; x_wconf 66' lang='lat' dir='ltr'><strong>alia</strong></span> <span class='ocrx_word' id='word_1_174' title='bbox 348 2369 430 2414; x_wconf 90' lang='lat' dir='ltr'><strong>ctu</strong></span> <span class='ocrx_word' id='word_1_175' title='bbox 459 2369 692 2427; x_wconf 82' lang='lat' dir='ltr'><strong>geratur.</strong></span> <span class='ocrx_word' id='word_1_176' title='bbox 751 2360 998 2428; x_wconf 79' lang='lat' dir='ltr'><strong>Alioquin</strong></span> <span class='ocrx_word' id='word_1_177' title='bbox 1039 2369 1092 2414; x_wconf 89' lang='lat' dir='ltr'><strong>et</strong></span> <span class='ocrx_word' id='word_1_178' title='bbox 1137 2374 1234 2413; x_wconf 90' lang='lat' dir='ltr'><strong>nos</strong></span> <span class='ocrx_word' id='word_1_179' title='bbox 1256 2359 1619 2427; x_wconf 79' lang='lat' dir='ltr'><strong>superioribus</strong></span> <span class='ocrx_word' id='word_1_180' title='bbox 1643 2357 1832 2412; x_wconf 87' lang='lat' dir='ltr'><strong>diebus</strong></span> 
     </span>
    </p>
   </div>
   <div class='ocr_carea' id='block_1_24' title="bbox 248 2450 1829 2520">
    <p class='ocr_par' dir='ltr' id='par_1_24' title="bbox 248 2450 1829 2520">
     <span class='ocr_line' id='line_1_24' title="bbox 248 2450 1829 2520; baseline 0.001 -19"><span class='ocrx_word' id='word_1_181' title='bbox 248 2451 436 2504; x_wconf 81' lang='lat' dir='ltr'><strong>uudtos</strong></span> <span class='ocrx_word' id='word_1_182' title='bbox 460 2460 512 2504; x_wconf 89' lang='lat' dir='ltr'><strong>et</strong></span> <span class='ocrx_word' id='word_1_183' title='bbox 545 2450 736 2520; x_wconf 87' lang='lat' dir='ltr'><strong>longos</strong></span> <span class='ocrx_word' id='word_1_184' title='bbox 760 2465 1038 2505; x_wconf 85' lang='lat' dir='ltr'><strong>sermones</strong></span> <span class='ocrx_word' id='word_1_185' title='bbox 1067 2450 1346 2505; x_wconf 87' lang='lat' dir='ltr'><strong>adversum</strong></span> <span class='ocrx_word' id='word_1_186' title='bbox 1374 2451 1487 2504; x_wconf 89' lang='lat' dir='ltr'><strong>illos</strong></span> <span class='ocrx_word' id='word_1_187' title='bbox 1519 2452 1829 2520; x_wconf 86' lang='lat' dir='ltr'><strong>pronuntia-</strong></span> 
     </span>
    </p>
   </div>
   <div class='ocr_carea' id='block_1_25' title="bbox 253 2542 1830 2612">
    <p class='ocr_par' dir='ltr' id='par_1_25' title="bbox 253 2542 1830 2612">
     <span class='ocr_line' id='line_1_25' title="bbox 253 2542 1830 2612; baseline 0.003 -20"><span class='ocrx_word' id='word_1_188' title='bbox 253 2543 430 2604; x_wconf 78' lang='lat' dir='ltr'><strong>ximus,</strong></span> <span class='ocrx_word' id='word_1_189' title='bbox 463 2552 516 2596; x_wconf 91' lang='lat' dir='ltr'><strong>et</strong></span> <span class='ocrx_word' id='word_1_190' title='bbox 564 2558 736 2612; x_wconf 83' lang='lat' dir='ltr'><strong>neque</strong></span> <span class='ocrx_word' id='word_1_191' title='bbox 767 2543 1037 2596; x_wconf 82' lang='lat' dir='ltr'><strong>hominum</strong></span> <span class='ocrx_word' id='word_1_192' title='bbox 1070 2545 1285 2597; x_wconf 82' lang='lat' dir='ltr'><strong>nomine</strong></span> <span class='ocrx_word' id='word_1_193' title='bbox 1328 2542 1517 2612; x_wconf 89' lang='lat' dir='ltr'><strong>dignos</strong></span> <span class='ocrx_word' id='word_1_194' title='bbox 1557 2542 1785 2595; x_wconf 75' lang='lat' dir='ltr'><strong>diximus</strong></span> <span class='ocrx_word' id='word_1_195' title='bbox 1815 2557 1830 2596; x_wconf 91' lang='lat'><strong>:</strong></span> 
     </span>
    </p>
   </div>
   <div class='ocr_carea' id='block_1_26' title="bbox 253 2634 1834 2708">
    <p class='ocr_par' dir='ltr' id='par_1_26' title="bbox 253 2634 1834 2708">
     <span class='ocr_line' id='line_1_26' title="bbox 253 2634 1834 2708; baseline 0.001 -23"><span class='ocrx_word' id='word_1_196' title='bbox 253 2634 382 2686; x_wconf 87' lang='lat' dir='ltr'><strong>sicut</strong></span> <span class='ocrx_word' id='word_1_197' title='bbox 411 2635 733 2688; x_wconf 72' lang='lat' dir='ltr'><strong>tuteministis</strong></span> <span class='ocrx_word' id='word_1_198' title='bbox 761 2634 836 2708; x_wconf 83' lang='grc' dir='ltr'><strong>(α)</strong></span> <span class='ocrx_word' id='word_1_199' title='bbox 867 2651 962 2690; x_wconf 91' lang='lat' dir='ltr'><strong>nos</strong></span> <span class='ocrx_word' id='word_1_200' title='bbox 986 2636 1038 2689; x_wconf 93' lang='lat' dir='ltr'><strong>in</strong></span> <span class='ocrx_word' id='word_1_201' title='bbox 1071 2634 1170 2688; x_wconf 89' lang='lat' dir='ltr'><strong>hoc</strong></span> <span class='ocrx_word' id='word_1_202' title='bbox 1198 2635 1516 2704; x_wconf 80' lang='lat' dir='ltr'><strong>produxisse</strong></span> <span class='ocrx_word' id='word_1_203' title='bbox 1549 2634 1834 2704; x_wconf 81' lang='lat' dir='ltr'><strong>prophetas</strong></span> 
     </span>
    </p>
   </div>
   <div class='ocr_carea' id='block_1_27' title="bbox 245 2723 1832 2795">
    <p class='ocr_par' dir='ltr' id='par_1_27' title="bbox 245 2723 1832 2795">
     <span class='ocr_line' id='line_1_27' title="bbox 245 2723 1832 2795; baseline 0 -17"><span class='ocrx_word' id='word_1_204' title='bbox 245 2723 374 2778; x_wconf 81' lang='lat' dir='ltr'><strong>duos</strong></span> <span class='ocrx_word' id='word_1_205' title='bbox 421 2725 720 2794; x_wconf 71' lang='lat' dir='ltr'><strong>prazcipum</strong></span> <span class='ocrx_word' id='word_1_206' title='bbox 765 2735 952 2781; x_wconf 89' lang='lat' dir='ltr'><strong>contra</strong></span> <span class='ocrx_word' id='word_1_207' title='bbox 1005 2726 1168 2780; x_wconf 89' lang='lat' dir='ltr'><strong>illos:</strong></span> <span class='ocrx_word' id='word_1_208' title='bbox 1201 2741 1430 2795; x_wconf 88' lang='lat' dir='ltr'><strong>quorum</strong></span> <span class='ocrx_word' id='word_1_209' title='bbox 1481 2741 1616 2779; x_wconf 88' lang='lat' dir='ltr'><strong>unus</strong></span> <span class='ocrx_word' id='word_1_210' title='bbox 1665 2725 1832 2779; x_wconf 84' lang='lat' dir='ltr'><strong>dicit:</strong></span> 
     </span>
    </p>
   </div>
   <div class='ocr_carea' id='block_1_28' title="bbox 262 2814 1831 2887">
    <p class='ocr_par' dir='ltr' id='par_1_28' title="bbox 262 2814 1831 2887">
     <span class='ocr_line' id='line_1_28' title="bbox 262 2814 1831 2887; baseline 0.003 -23"><span class='ocrx_word' id='word_1_211' title='bbox 262 2814 376 2868; x_wconf 75' lang='lat' dir='ltr'><strong>i’eni</strong></span> <span class='ocrx_word' id='word_1_212' title='bbox 399 2857 412 2876; x_wconf 91' lang='lat'><strong>,</strong></span> <span class='ocrx_word' id='word_1_213' title='bbox 444 2827 487 2868; x_wconf 90' lang='lat' dir='ltr'><strong>et</strong></span> <span class='ocrx_word' id='word_1_214' title='bbox 515 2834 620 2870; x_wconf 82' lang='lat' dir='ltr'><strong>non</strong></span> <span class='ocrx_word' id='word_1_215' title='bbox 644 2829 750 2870; x_wconf 82' lang='lat' dir='ltr'><strong>erat</strong></span> <span class='ocrx_word' id='word_1_216' title='bbox 779 2819 928 2871; x_wconf 84' lang='lat' dir='ltr'><strong>homo</strong></span> <span class='ocrx_word' id='word_1_217' title='bbox 961 2834 980 2872; x_wconf 88' lang='lat'><strong><em>:</em></strong></span> <span class='ocrx_word' id='word_1_218' title='bbox 1010 2818 1198 2879; x_wconf 81' lang='lat' dir='ltr'><strong>vocavi,</strong></span> <span class='ocrx_word' id='word_1_219' title='bbox 1225 2827 1272 2872; x_wconf 87' lang='lat' dir='ltr'><strong>et</strong></span> <span class='ocrx_word' id='word_1_220' title='bbox 1303 2835 1403 2870; x_wconf 86' lang='lat' dir='ltr'><strong>non</strong></span> <span class='ocrx_word' id='word_1_221' title='bbox 1431 2827 1537 2871; x_wconf 88' lang='lat' dir='ltr'><strong>erat</strong></span> <span class='ocrx_word' id='word_1_222' title='bbox 1566 2818 1652 2887; x_wconf 84' lang='lat' dir='ltr'><strong>qui</strong></span> <span class='ocrx_word' id='word_1_223' title='bbox 1680 2817 1831 2870; x_wconf 83' lang='lat' dir='ltr'><strong>audi-</strong></span> 
     </span>
    </p>
   </div>
   <div class='ocr_carea' id='block_1_29' title="bbox 247 2906 1832 2977">
    <p class='ocr_par' dir='ltr' id='par_1_29' title="bbox 247 2906 1832 2977">
     <span class='ocr_line' id='line_1_29' title="bbox 247 2906 1832 2977; baseline 0.003 -21"><span class='ocrx_word' id='word_1_224' title='bbox 247 2917 316 2957; x_wconf 76' lang='lat' dir='ltr'><strong>ret</strong></span> <span class='ocrx_word' id='word_1_225' title='bbox 343 2906 490 2977; x_wconf 76' lang='lat' dir='ltr'><strong>(lsat&#39;.</strong></span> <span class='ocrx_word' id='word_1_226' title='bbox 517 2908 612 2963; x_wconf 83' lang='lat'><strong>50.</strong></span> <span class='ocrx_word' id='word_1_227' title='bbox 653 2909 743 2976; x_wconf 62' lang='lat' dir='ltr'><strong>ﬁ);</strong></span> <span class='ocrx_word' id='word_1_228' title='bbox 777 2909 911 2962; x_wconf 84' lang='lat' dir='ltr'><strong>alius</strong></span> <span class='ocrx_word' id='word_1_229' title='bbox 951 2917 1126 2962; x_wconf 90' lang='lat' dir='ltr'><strong>autem</strong></span> <span class='ocrx_word' id='word_1_230' title='bbox 1169 2909 1401 2970; x_wconf 90' lang='lat' dir='ltr'><strong>clamat,</strong></span> <span class='ocrx_word' id='word_1_231' title='bbox 1435 2917 1488 2962; x_wconf 87' lang='lat' dir='ltr'><strong>et</strong></span> <span class='ocrx_word' id='word_1_232' title='bbox 1533 2908 1662 2960; x_wconf 84' lang='lat' dir='ltr'><strong>dicit</strong></span> <span class='ocrx_word' id='word_1_233' title='bbox 1693 2925 1705 2960; x_wconf 92' lang='lat'><strong>:</strong></span> <span class='ocrx_word' id='word_1_234' title='bbox 1739 2906 1832 2961; x_wconf 86' lang='lat' dir='ltr'><strong>Cui</strong></span> 
     </span>
    </p>
   </div>
   <div class='ocr_carea' id='block_1_30' title="bbox 247 2998 1833 3067">
    <p class='ocr_par' dir='ltr' id='par_1_30' title="bbox 247 2998 1833 3067">
     <span class='ocr_line' id='line_1_30' title="bbox 247 2998 1833 3067; baseline 0.001 -19"><span class='ocrx_word' id='word_1_235' title='bbox 247 2998 415 3065; x_wconf 80' lang='lat' dir='ltr'><strong>loquar</strong></span> <span class='ocrx_word' id='word_1_236' title='bbox 443 3009 491 3052; x_wconf 87' lang='lat' dir='ltr'><strong>et</strong></span> <span class='ocrx_word' id='word_1_237' title='bbox 542 3001 898 3067; x_wconf 74' lang='lat' dir='ltr'><strong>testiﬁcabor?</strong></span> <span class='ocrx_word' id='word_1_238' title='bbox 953 2999 1334 3052; x_wconf 76' lang='lat' dir='ltr'><strong>Inrircumcisa:</strong></span> <span class='ocrx_word' id='word_1_239' title='bbox 1378 3015 1528 3051; x_wconf 81' lang='lat' dir='ltr'><strong>aures</strong></span> <span class='ocrx_word' id='word_1_240' title='bbox 1562 3015 1758 3064; x_wconf 88' lang='lat' dir='ltr'><strong>eorum,</strong></span> <span class='ocrx_word' id='word_1_241' title='bbox 1787 3006 1833 3050; x_wconf 84' lang='lat' dir='ltr'><strong>et</strong></span> 
     </span>
    </p>
   </div>
   <div class='ocr_carea' id='block_1_31' title="bbox 249 3092 1830 3161">
    <p class='ocr_par' dir='ltr' id='par_1_31' title="bbox 249 3092 1830 3161">
     <span class='ocr_line' id='line_1_31' title="bbox 249 3092 1830 3161; baseline 0.004 -20"><span class='ocrx_word' id='word_1_242' title='bbox 249 3105 561 3161; x_wconf 78' lang='lat' dir='ltr'><strong>uoupossuut</strong></span> <span class='ocrx_word' id='word_1_243' title='bbox 591 3094 773 3147; x_wconf 83' lang='lat' dir='ltr'><strong>audire</strong></span> <span class='ocrx_word' id='word_1_244' title='bbox 803 3092 934 3157; x_wconf 83' lang='lat' dir='ltr'><strong>(Jer.</strong></span> <span class='ocrx_word' id='word_1_245' title='bbox 958 3094 1009 3147; x_wconf 82' lang='lat'><strong>6.</strong></span> <span class='ocrx_word' id='word_1_246' title='bbox 1040 3093 1128 3161; x_wconf 73' lang='grc'><strong>10)</strong></span> <span class='ocrx_word' id='word_1_247' title='bbox 1171 3093 1372 3158; x_wconf 87' lang='lat' dir='ltr'><strong>Quibus</strong></span> <span class='ocrx_word' id='word_1_248' title='bbox 1396 3093 1571 3146; x_wconf 81' lang='lat' dir='ltr'><strong>verbis</strong></span> <span class='ocrx_word' id='word_1_249' title='bbox 1595 3102 1830 3147; x_wconf 82' lang='lat' dir='ltr'><strong>mentem</strong></span> 
     </span>
    </p>
   </div>
   <div class='ocr_carea' id='block_1_32' title="bbox 247 3183 1829 3256">
    <p class='ocr_par' dir='ltr' id='par_1_32' title="bbox 247 3183 1829 3256">
     <span class='ocr_line' id='line_1_32' title="bbox 247 3183 1829 3256; baseline 0.001 -20"><span class='ocrx_word' id='word_1_250' title='bbox 247 3197 418 3237; x_wconf 86' lang='lat' dir='ltr'><strong>eorum</strong></span> <span class='ocrx_word' id='word_1_251' title='bbox 447 3187 580 3240; x_wconf 83' lang='lat' dir='ltr'><strong>satis</strong></span> <span class='ocrx_word' id='word_1_252' title='bbox 607 3187 809 3240; x_wconf 86' lang='lat' dir='ltr'><strong>acriter</strong></span> <span class='ocrx_word' id='word_1_253' title='bbox 836 3187 1260 3256; x_wconf 83' lang='lat' dir='ltr'><strong>perstrinximus.</strong></span> <span class='ocrx_word' id='word_1_254' title='bbox 1307 3183 1455 3239; x_wconf 87' lang='lat' dir='ltr'><strong>Nunc</strong></span> <span class='ocrx_word' id='word_1_255' title='bbox 1481 3201 1608 3239; x_wconf 87' lang='lat' dir='ltr'><strong>vero</strong></span> <span class='ocrx_word' id='word_1_256' title='bbox 1640 3187 1829 3239; x_wconf 86' lang='lat' dir='ltr'><strong>iterum</strong></span> 
     </span>
    </p>
   </div>
   <div class='ocr_carea' id='block_1_33' title="bbox 249 3275 1829 3346">
    <p class='ocr_par' dir='ltr' id='par_1_33' title="bbox 249 3275 1829 3346">
     <span class='ocr_line' id='line_1_33' title="bbox 249 3275 1829 3346; baseline 0.002 -20"><span class='ocrx_word' id='word_1_257' title='bbox 249 3275 585 3332; x_wconf 80' lang='lat' dir='ltr'><strong>obsecramus</strong></span> <span class='ocrx_word' id='word_1_258' title='bbox 618 3294 631 3329; x_wconf 87' lang='lat'><strong>:</strong></span> <span class='ocrx_word' id='word_1_259' title='bbox 673 3278 752 3331; x_wconf 91' lang='lat' dir='ltr'><strong>sic</strong></span> <span class='ocrx_word' id='word_1_260' title='bbox 788 3278 930 3332; x_wconf 82' lang='lat' dir='ltr'><strong>enim</strong></span> <span class='ocrx_word' id='word_1_261' title='bbox 959 3286 1014 3331; x_wconf 83' lang='lat' dir='ltr'><strong>et</strong></span> <span class='ocrx_word' id='word_1_262' title='bbox 1053 3277 1248 3331; x_wconf 79' lang='lat' dir='ltr'><strong>Paulus</strong></span> <span class='ocrx_word' id='word_1_263' title='bbox 1273 3277 1432 3345; x_wconf 77' lang='lat' dir='ltr'><strong>jussit</strong></span> <span class='ocrx_word' id='word_1_264' title='bbox 1465 3294 1478 3327; x_wconf 89' lang='lat'><strong>:</strong></span> <span class='ocrx_word' id='word_1_265' title='bbox 1510 3277 1678 3346; x_wconf 80' lang='lat' dir='ltr'><strong>Argue</strong></span> <span class='ocrx_word' id='word_1_266' title='bbox 1699 3318 1713 3339; x_wconf 98' lang='lat'><strong>,</strong></span> <span class='ocrx_word' id='word_1_267' title='bbox 1748 3277 1829 3330; x_wconf 80' lang='lat' dir='ltr'><strong>in-</strong></span> 
     </span>
    </p>
   </div>
   <div class='ocr_carea' id='block_1_34' title="bbox 246 3367 1831 3439">
    <p class='ocr_par' dir='ltr' id='par_1_34' title="bbox 246 3367 1831 3439">
     <span class='ocr_line' id='line_1_34' title="bbox 246 3367 1831 3439; baseline 0.006 -25"><span class='ocrx_word' id='word_1_268' title='bbox 246 3367 370 3433; x_wconf 90' lang='lat' dir='ltr'><strong>quit,</strong></span> <span class='ocrx_word' id='word_1_269' title='bbox 394 3369 623 3437; x_wconf 84' lang='lat' dir='ltr'><strong>increpa,</strong></span> <span class='ocrx_word' id='word_1_270' title='bbox 643 3369 847 3422; x_wconf 82' lang='lat' dir='ltr'><strong>obsecra</strong></span> <span class='ocrx_word' id='word_1_271' title='bbox 883 3369 958 3439; x_wconf 74' lang='grc'><strong>(2.</strong></span> <span class='ocrx_word' id='word_1_272' title='bbox 985 3368 1115 3422; x_wconf 81' lang='lat' dir='ltr'><strong>Tim.</strong></span> <span class='ocrx_word' id='word_1_273' title='bbox 1144 3370 1197 3424; x_wconf 76' lang='grc'><strong>4.</strong></span> <span class='ocrx_word' id='word_1_274' title='bbox 1233 3368 1313 3438; x_wconf 70' lang='grc'><strong>2).</strong></span> <span class='ocrx_word' id='word_1_275' title='bbox 1347 3368 1528 3438; x_wconf 73' lang='lat' dir='ltr'><strong>Neque</strong></span> <span class='ocrx_word' id='word_1_276' title='bbox 1555 3370 1696 3422; x_wconf 89' lang='lat' dir='ltr'><strong>cnim</strong></span> <span class='ocrx_word' id='word_1_277' title='bbox 1731 3369 1831 3424; x_wconf 91' lang='lat' dir='ltr'><strong>hoc</strong></span> 
     </span>
    </p>
   </div>
   <div class='ocr_carea' id='block_1_35' title="bbox 245 3460 1826 3531">
    <p class='ocr_par' dir='ltr' id='par_1_35' title="bbox 245 3460 1826 3531">
     <span class='ocr_line' id='line_1_35' title="bbox 245 3460 1826 3531; baseline 0.003 -22"><span class='ocrx_word' id='word_1_278' title='bbox 245 3473 448 3527; x_wconf 79' lang='lat' dir='ltr'><strong>semper</strong></span> <span class='ocrx_word' id='word_1_279' title='bbox 474 3460 650 3514; x_wconf 84' lang='lat' dir='ltr'><strong>solum</strong></span> <span class='ocrx_word' id='word_1_280' title='bbox 691 3476 851 3530; x_wconf 85' lang='lat' dir='ltr'><strong>agere</strong></span> <span class='ocrx_word' id='word_1_281' title='bbox 876 3471 1107 3530; x_wconf 79' lang='lat' dir='ltr'><strong>oportet,</strong></span> <span class='ocrx_word' id='word_1_282' title='bbox 1143 3476 1314 3531; x_wconf 86' lang='lat' dir='ltr'><strong>neque</strong></span> <span class='ocrx_word' id='word_1_283' title='bbox 1342 3476 1555 3528; x_wconf 84' lang='lat' dir='ltr'><strong>semper</strong></span> <span class='ocrx_word' id='word_1_284' title='bbox 1586 3461 1709 3514; x_wconf 91' lang='lat' dir='ltr'><strong>illud</strong></span> <span class='ocrx_word' id='word_1_285' title='bbox 1735 3479 1826 3514; x_wconf 80' lang='lat' dir='ltr'><strong>so-</strong></span> 
     </span>
    </p>
   </div>
   <div class='ocr_carea' id='block_1_36' title="bbox 249 3548 1832 3621">
    <p class='ocr_par' dir='ltr' id='par_1_36' title="bbox 249 3548 1832 3621">
     <span class='ocr_line' id='line_1_36' title="bbox 249 3548 1832 3621; baseline 0.006 -23"><span class='ocrx_word' id='word_1_286' title='bbox 249 3548 344 3601; x_wconf 92' lang='lat' dir='ltr'><strong>lum</strong></span> <span class='ocrx_word' id='word_1_287' title='bbox 372 3568 382 3600; x_wconf 90' lang='lat'><strong>:</strong></span> <span class='ocrx_word' id='word_1_288' title='bbox 407 3551 496 3604; x_wconf 90' lang='lat' dir='ltr'><strong>sed</strong></span> <span class='ocrx_word' id='word_1_289' title='bbox 521 3562 808 3621; x_wconf 88' lang='lat' dir='ltr'><strong>utrumque</strong></span> <span class='ocrx_word' id='word_1_290' title='bbox 833 3552 1052 3606; x_wconf 87' lang='lat' dir='ltr'><strong>alternis</strong></span> <span class='ocrx_word' id='word_1_291' title='bbox 1079 3552 1281 3605; x_wconf 82' lang='lat' dir='ltr'><strong>vicibus</strong></span> <span class='ocrx_word' id='word_1_292' title='bbox 1299 3591 1314 3614; x_wconf 96' lang='lat'><strong>,</strong></span> <span class='ocrx_word' id='word_1_293' title='bbox 1361 3567 1466 3620; x_wconf 93' lang='lat' dir='ltr'><strong>quo</strong></span> <span class='ocrx_word' id='word_1_294' title='bbox 1513 3552 1684 3621; x_wconf 89' lang='lat' dir='ltr'><strong>major</strong></span> <span class='ocrx_word' id='word_1_295' title='bbox 1710 3554 1832 3608; x_wconf 85' lang='lat' dir='ltr'><strong>inde</strong></span> 
     </span>
    </p>
   </div>
   <div class='ocr_carea' id='block_1_37' title="bbox 247 3645 1830 3714">
    <p class='ocr_par' dir='ltr' id='par_1_37' title="bbox 247 3645 1830 3714">
     <span class='ocr_line' id='line_1_37' title="bbox 247 3645 1830 3714; baseline 0.001 -17"><span class='ocrx_word' id='word_1_296' title='bbox 247 3653 488 3713; x_wconf 70' lang='lat' dir='ltr'><strong>sequntur</strong></span> <span class='ocrx_word' id='word_1_297' title='bbox 513 3645 733 3699; x_wconf 70' lang='lat' dir='ltr'><strong>utilitas.</strong></span> <span class='ocrx_word' id='word_1_298' title='bbox 773 3646 902 3700; x_wconf 81' lang='lat' dir='ltr'><strong>Nam</strong></span> <span class='ocrx_word' id='word_1_299' title='bbox 932 3646 974 3698; x_wconf 88' lang='lat' dir='ltr'><strong>si</strong></span> <span class='ocrx_word' id='word_1_300' title='bbox 1005 3660 1217 3714; x_wconf 86' lang='lat' dir='ltr'><strong>semper</strong></span> <span class='ocrx_word' id='word_1_301' title='bbox 1244 3661 1586 3714; x_wconf 77' lang='lat' dir='ltr'><strong>argueremus</strong></span> <span class='ocrx_word' id='word_1_302' title='bbox 1607 3686 1620 3708; x_wconf 89' lang='lat'><strong>,</strong></span> <span class='ocrx_word' id='word_1_303' title='bbox 1653 3645 1830 3712; x_wconf 88' lang='lat' dir='ltr'><strong>impu-</strong></span> 
     </span>
    </p>
   </div>
   <div class='ocr_carea' id='block_1_38' title="bbox 242 3734 1829 3806">
    <p class='ocr_par' dir='ltr' id='par_1_38' title="bbox 242 3734 1829 3806">
     <span class='ocr_line' id='line_1_38' title="bbox 242 3734 1829 3806; baseline 0.003 -19"><span class='ocrx_word' id='word_1_304' title='bbox 242 3734 502 3792; x_wconf 89' lang='lat' dir='ltr'><strong>dentiores</strong></span> <span class='ocrx_word' id='word_1_305' title='bbox 545 3738 622 3791; x_wconf 89' lang='lat' dir='ltr'><strong>illi</strong></span> <span class='ocrx_word' id='word_1_306' title='bbox 666 3737 941 3791; x_wconf 82' lang='lat' dir='ltr'><strong>tierentzsi</strong></span> <span class='ocrx_word' id='word_1_307' title='bbox 967 3753 1184 3806; x_wconf 80' lang='lat' dir='ltr'><strong>semper</strong></span> <span class='ocrx_word' id='word_1_308' title='bbox 1220 3737 1652 3804; x_wconf 65' lang='lat' dir='ltr'><strong>obsecraremus,</strong></span> <span class='ocrx_word' id='word_1_309' title='bbox 1686 3737 1829 3806; x_wconf 73' lang='lat' dir='ltr'><strong>igna-</strong></span> 
     </span>
    </p>
   </div>
   <div class='ocr_carea' id='block_1_39' title="bbox 245 3829 1827 3898">
    <p class='ocr_par' dir='ltr' id='par_1_39' title="bbox 245 3829 1827 3898">
     <span class='ocr_line' id='line_1_39' title="bbox 245 3829 1827 3898; baseline 0.001 -16"><span class='ocrx_word' id='word_1_310' title='bbox 245 3829 410 3885; x_wconf 78' lang='lat' dir='ltr'><strong>viores</strong></span> <span class='ocrx_word' id='word_1_311' title='bbox 440 3831 813 3885; x_wconf 81' lang='lat' dir='ltr'><strong>redderentur.</strong></span> <span class='ocrx_word' id='word_1_312' title='bbox 855 3831 1191 3898; x_wconf 81' lang='lat' dir='ltr'><strong>Quapropter</strong></span> <span class='ocrx_word' id='word_1_313' title='bbox 1219 3839 1273 3884; x_wconf 88' lang='lat' dir='ltr'><strong>et</strong></span> <span class='ocrx_word' id='word_1_314' title='bbox 1305 3830 1497 3884; x_wconf 91' lang='lat' dir='ltr'><strong>medici</strong></span> <span class='ocrx_word' id='word_1_315' title='bbox 1529 3845 1632 3883; x_wconf 91' lang='lat' dir='ltr'><strong>non</strong></span> <span class='ocrx_word' id='word_1_316' title='bbox 1654 3831 1827 3884; x_wconf 77' lang='lat' dir='ltr'><strong>Solum</strong></span> 
     </span>
    </p>
   </div>
   <div class='ocr_carea' id='block_1_40' title="bbox 244 3921 1826 3990">
    <p class='ocr_par' dir='ltr' id='par_1_40' title="bbox 244 3921 1826 3990">
     <span class='ocr_line' id='line_1_40' title="bbox 244 3921 1826 3990; baseline 0.001 -17"><span class='ocrx_word' id='word_1_317' title='bbox 244 3931 436 3985; x_wconf 86' lang='lat' dir='ltr'><strong>secant,</strong></span> <span class='ocrx_word' id='word_1_318' title='bbox 469 3922 568 3975; x_wconf 83' lang='lat' dir='ltr'><strong>sed</strong></span> <span class='ocrx_word' id='word_1_319' title='bbox 605 3931 656 3976; x_wconf 87' lang='lat' dir='ltr'><strong>et</strong></span> <span class='ocrx_word' id='word_1_320' title='bbox 679 3922 894 3975; x_wconf 87' lang='lat' dir='ltr'><strong>vulnera</strong></span> <span class='ocrx_word' id='word_1_321' title='bbox 923 3921 1153 3990; x_wconf 80' lang='lat' dir='ltr'><strong>obligant</strong></span> <span class='ocrx_word' id='word_1_322' title='bbox 1184 3938 1195 3972; x_wconf 94' lang='lat'>:</span> <span class='ocrx_word' id='word_1_323' title='bbox 1231 3936 1403 3988; x_wconf 88' lang='lat' dir='ltr'><strong>neque.</strong></span> <span class='ocrx_word' id='word_1_324' title='bbox 1438 3937 1649 3989; x_wconf 78' lang='lat' dir='ltr'><strong>semper</strong></span> <span class='ocrx_word' id='word_1_325' title='bbox 1677 3936 1826 3974; x_wconf 87' lang='lat' dir='ltr'><strong>ama-</strong></span> 
     </span>
    </p>
   </div>
   <div class='ocr_carea' id='block_1_41' title="bbox 243 4014 1822 4083">
    <p class='ocr_par' dir='ltr' id='par_1_41' title="bbox 243 4014 1822 4083">
     <span class='ocr_line' id='line_1_41' title="bbox 243 4014 1822 4083; baseline 0.003 -19"><span class='ocrx_word' id='word_1_326' title='bbox 243 4027 316 4077; x_wconf 89' lang='lat' dir='ltr'><strong>ra,</strong></span> <span class='ocrx_word' id='word_1_327' title='bbox 336 4014 424 4066; x_wconf 86' lang='lat' dir='ltr'><strong>scd</strong></span> <span class='ocrx_word' id='word_1_328' title='bbox 451 4030 852 4083; x_wconf 87' lang='lat' dir='ltr'><strong>nonnumquam</strong></span> <span class='ocrx_word' id='word_1_329' title='bbox 874 4014 1033 4068; x_wconf 85' lang='lat' dir='ltr'><strong>etiam</strong></span> <span class='ocrx_word' id='word_1_330' title='bbox 1053 4014 1188 4067; x_wconf 90' lang='lat' dir='ltr'><strong>lenia</strong></span> <span class='ocrx_word' id='word_1_331' title='bbox 1206 4015 1486 4082; x_wconf 87' lang='lat' dir='ltr'><strong>pharmaca</strong></span> <span class='ocrx_word' id='word_1_332' title='bbox 1511 4014 1822 4068; x_wconf 78' lang='lat' dir='ltr'><strong>infundunt:</strong></span> 
     </span>
    </p>
   </div>
   <div class='ocr_carea' id='block_1_42' title="bbox 244 4107 1827 4178">
    <p class='ocr_par' dir='ltr' id='par_1_42' title="bbox 244 4107 1827 4178">
     <span class='ocr_line' id='line_1_42' title="bbox 244 4107 1827 4178; baseline 0.006 -24"><span class='ocrx_word' id='word_1_333' title='bbox 244 4115 296 4156; x_wconf 90' lang='grc' dir='ltr'><strong>ιιι</strong></span> <span class='ocrx_word' id='word_1_334' title='bbox 328 4121 416 4174; x_wconf 75' lang='lat' dir='ltr'><strong>per</strong></span> <span class='ocrx_word' id='word_1_335' title='bbox 440 4109 617 4175; x_wconf 86' lang='lat' dir='ltr'><strong>priora</strong></span> <span class='ocrx_word' id='word_1_336' title='bbox 646 4107 733 4160; x_wconf 86' lang='lat' dir='ltr'><strong>illa</strong></span> <span class='ocrx_word' id='word_1_337' title='bbox 769 4109 1117 4175; x_wconf 88' lang='lat' dir='ltr'><strong>purilicentur</strong></span> <span class='ocrx_word' id='word_1_338' title='bbox 1140 4109 1322 4160; x_wconf 87' lang='lat' dir='ltr'><strong>sanies</strong></span> <span class='ocrx_word' id='word_1_339' title='bbox 1349 4118 1402 4162; x_wconf 88' lang='lat' dir='ltr'><strong>et</strong></span> <span class='ocrx_word' id='word_1_340' title='bbox 1444 4109 1664 4176; x_wconf 68' lang='lat' dir='ltr'><strong>rutrcdo</strong></span> <span class='ocrx_word' id='word_1_341' title='bbox 1685 4151 1700 4174; x_wconf 94' lang='lat'><strong>,</strong></span> <span class='ocrx_word' id='word_1_342' title='bbox 1733 4124 1827 4178; x_wconf 70' lang='lat' dir='ltr'><strong>rer</strong></span> 
     </span>
    </p>
   </div>
   <div class='ocr_carea' id='block_1_43' title="bbox 244 4198 1827 4268">
    <p class='ocr_par' dir='ltr' id='par_1_43' title="bbox 244 4198 1827 4268">
     <span class='ocr_line' id='line_1_43' title="bbox 244 4198 1827 4268; baseline 0.003 -19"><span class='ocrx_word' id='word_1_343' title='bbox 244 4199 527 4264; x_wconf 87' lang='lat' dir='ltr'><strong>posteriora</strong></span> <span class='ocrx_word' id='word_1_344' title='bbox 573 4209 753 4254; x_wconf 87' lang='lat' dir='ltr'><strong>autem</strong></span> <span class='ocrx_word' id='word_1_345' title='bbox 793 4199 1061 4268; x_wconf 81' lang='lat' dir='ltr'><strong>mitigetur</strong></span> <span class='ocrx_word' id='word_1_346' title='bbox 1089 4199 1297 4253; x_wconf 80' lang='lat' dir='ltr'><strong>inustus</strong></span> <span class='ocrx_word' id='word_1_347' title='bbox 1321 4199 1388 4252; x_wconf 91' lang='lat' dir='ltr'><strong>ab</strong></span> <span class='ocrx_word' id='word_1_348' title='bbox 1417 4199 1517 4252; x_wconf 90' lang='lat' dir='ltr'><strong>illis</strong></span> <span class='ocrx_word' id='word_1_349' title='bbox 1553 4198 1724 4252; x_wconf 89' lang='lat' dir='ltr'><strong>dolor.</strong></span> <span class='ocrx_word' id='word_1_350' title='bbox 1759 4199 1827 4254; x_wconf 88' lang='lat' dir='ltr'><strong>Et</strong></span> 
     </span>
    </p>
   </div>
   <div class='ocr_carea' id='block_1_44' title="bbox 242 4285 1826 4360">
    <p class='ocr_par' dir='ltr' id='par_1_44' title="bbox 242 4285 1826 4360">
     <span class='ocr_line' id='line_1_44' title="bbox 242 4285 1826 4360; baseline 0.004 -22"><span class='ocrx_word' id='word_1_351' title='bbox 242 4285 431 4343; x_wconf 89' lang='lat' dir='ltr'><strong>ideirco</strong></span> <span class='ocrx_word' id='word_1_352' title='bbox 460 4290 583 4344; x_wconf 88' lang='lat' dir='ltr'><strong>alibi</strong></span> <span class='ocrx_word' id='word_1_353' title='bbox 605 4304 818 4360; x_wconf 88' lang='lat' dir='ltr'><strong>quoque</strong></span> <span class='ocrx_word' id='word_1_354' title='bbox 842 4289 1012 4359; x_wconf 89' lang='lat' dir='ltr'><strong>inquit</strong></span> <span class='ocrx_word' id='word_1_355' title='bbox 1045 4289 1238 4346; x_wconf 87' lang='lat' dir='ltr'><strong>Paulus</strong></span> <span class='ocrx_word' id='word_1_356' title='bbox 1271 4306 1284 4342; x_wconf 89' lang='lat'><strong>:</strong></span> <span class='ocrx_word' id='word_1_357' title='bbox 1317 4289 1547 4354; x_wconf 84' lang='lat' dir='ltr'><strong>Fratres,</strong></span> <span class='ocrx_word' id='word_1_358' title='bbox 1570 4292 1614 4342; x_wconf 82' lang='lat' dir='ltr'><strong>si</strong></span> <span class='ocrx_word' id='word_1_359' title='bbox 1636 4307 1826 4358; x_wconf 69' lang='lat' dir='ltr'><strong>prwoc-</strong></span> 
     </span>
    </p>
   </div>
   <div class='ocr_carea' id='block_1_45' title="bbox 241 4381 1820 4449">
    <p class='ocr_par' dir='ltr' id='par_1_45' title="bbox 241 4381 1820 4449">
     <span class='ocr_line' id='line_1_45' title="bbox 241 4381 1820 4449; baseline 0.006 -22"><span class='ocrx_word' id='word_1_360' title='bbox 241 4391 443 4446; x_wconf 71' lang='lat' dir='ltr'><strong>rupatus</strong></span> <span class='ocrx_word' id='word_1_361' title='bbox 474 4381 631 4449; x_wconf 78' lang='lat' dir='ltr'><strong>fuerit</strong></span> <span class='ocrx_word' id='word_1_362' title='bbox 656 4381 804 4434; x_wconf 83' lang='lat' dir='ltr'><strong>homo</strong></span> <span class='ocrx_word' id='word_1_363' title='bbox 829 4381 878 4432; x_wconf 82' lang='lat' dir='ltr'><strong>in</strong></span> <span class='ocrx_word' id='word_1_364' title='bbox 910 4381 1080 4448; x_wconf 77' lang='lat' dir='ltr'><strong>aliqua</strong></span> <span class='ocrx_word' id='word_1_365' title='bbox 1111 4381 1310 4442; x_wconf 87' lang='lat' dir='ltr'><strong>delicto,</strong></span> <span class='ocrx_word' id='word_1_366' title='bbox 1347 4397 1430 4434; x_wconf 81' lang='lat' dir='ltr'><strong>vos</strong></span> <span class='ocrx_word' id='word_1_367' title='bbox 1473 4381 1558 4448; x_wconf 84' lang='lat' dir='ltr'><strong>qui</strong></span> <span class='ocrx_word' id='word_1_368' title='bbox 1578 4383 1820 4449; x_wconf 83' lang='lat' dir='ltr'><strong>spiritua-</strong></span> 
     </span>
    </p>
   </div>
   <div class='ocr_carea' id='block_1_46' title="bbox 240 4465 1825 4541">
    <p class='ocr_par' dir='ltr' id='par_1_46' title="bbox 240 4465 1825 4541">
     <span class='ocr_line' id='line_1_46' title="bbox 240 4465 1825 4541; baseline 0.006 -24"><span class='ocrx_word' id='word_1_369' title='bbox 240 4465 308 4519; x_wconf 84' lang='lat' dir='ltr'><strong>les</strong></span> <span class='ocrx_word' id='word_1_370' title='bbox 328 4471 462 4536; x_wconf 67' lang='lat' dir='ltr'><strong>estis,</strong></span> <span class='ocrx_word' id='word_1_371' title='bbox 492 4472 732 4540; x_wconf 78' lang='lat' dir='ltr'><strong>corripite</strong></span> <span class='ocrx_word' id='word_1_372' title='bbox 757 4471 926 4536; x_wconf 85' lang='lat' dir='ltr'><strong>illum,</strong></span> <span class='ocrx_word' id='word_1_373' title='bbox 953 4470 1280 4524; x_wconf 80' lang='lat' dir='ltr'><strong>considerans</strong></span> <span class='ocrx_word' id='word_1_374' title='bbox 1302 4471 1658 4541; x_wconf 84' lang='lat' dir='ltr'><strong>temetipsum,</strong></span> <span class='ocrx_word' id='word_1_375' title='bbox 1691 4489 1754 4526; x_wconf 81' lang='lat' dir='ltr'><strong>ne</strong></span> <span class='ocrx_word' id='word_1_376' title='bbox 1777 4483 1825 4527; x_wconf 85' lang='lat' dir='ltr'><strong>et</strong></span> 
     </span>
    </p>
   </div>
   <div class='ocr_carea' id='block_1_47' title="bbox 237 4561 1821 4633">
    <p class='ocr_par' dir='ltr' id='par_1_47' title="bbox 237 4561 1821 4633">
     <span class='ocr_line' id='line_1_47' title="bbox 237 4561 1821 4633; baseline 0.008 -26"><span class='ocrx_word' id='word_1_377' title='bbox 237 4564 288 4608; x_wconf 87' lang='lat' dir='ltr'><strong>tu</strong></span> <span class='ocrx_word' id='word_1_378' title='bbox 310 4561 718 4632; x_wconf 84' lang='lat' dir='ltr'><strong>teuteris(Gulat.</strong></span> <span class='ocrx_word' id='word_1_379' title='bbox 746 4563 800 4617; x_wconf 88' lang='lat'><strong>6.</strong></span> <span class='ocrx_word' id='word_1_380' title='bbox 835 4564 912 4633; x_wconf 80' lang='grc' dir='ltr'><strong>Ι).</strong></span> <span class='ocrx_word' id='word_1_381' title='bbox 945 4563 1159 4632; x_wconf 77' lang='lat' dir='ltr'><strong>Optima</strong></span> <span class='ocrx_word' id='word_1_382' title='bbox 1184 4563 1498 4628; x_wconf 79' lang='lat' dir='ltr'><strong>admonitio,</strong></span> <span class='ocrx_word' id='word_1_383' title='bbox 1532 4566 1821 4633; x_wconf 88' lang='lat' dir='ltr'><strong>perfectum</strong></span> 
     </span>
    </p>
   </div>
   <div class='ocr_carea' id='block_1_48' title="bbox 239 4650 1820 4724">
    <p class='ocr_par' dir='ltr' id='par_1_48' title="bbox 239 4650 1820 4724">
     <span class='ocr_line' id='line_1_48' title="bbox 239 4650 1820 4724; baseline 0.008 -26"><span class='ocrx_word' id='word_1_384' title='bbox 239 4650 512 4704; x_wconf 91' lang='lat' dir='ltr'><strong>consilium</strong></span> <span class='ocrx_word' id='word_1_385' title='bbox 536 4695 551 4715; x_wconf 90' lang='lat'><strong>,</strong></span> <span class='ocrx_word' id='word_1_386' title='bbox 577 4652 715 4720; x_wconf 89' lang='lat' dir='ltr'><strong>quod</strong></span> <span class='ocrx_word' id='word_1_387' title='bbox 744 4661 961 4722; x_wconf 86' lang='lat' dir='ltr'><strong>paterna</strong></span> <span class='ocrx_word' id='word_1_388' title='bbox 985 4655 1188 4707; x_wconf 82' lang='lat' dir='ltr'><strong>viscera</strong></span> <span class='ocrx_word' id='word_1_389' title='bbox 1216 4653 1485 4718; x_wconf 82' lang='lat' dir='ltr'><strong>declarat,</strong></span> <span class='ocrx_word' id='word_1_390' title='bbox 1516 4665 1568 4706; x_wconf 89' lang='lat' dir='ltr'><strong>et</strong></span> <span class='ocrx_word' id='word_1_391' title='bbox 1597 4657 1713 4723; x_wconf 81' lang='lat' dir='ltr'><strong>ejus</strong></span> <span class='ocrx_word' id='word_1_392' title='bbox 1733 4657 1820 4724; x_wconf 92' lang='lat' dir='ltr'><strong>qui</strong></span> 
     </span>
    </p>
   </div>
   <div class='ocr_carea' id='block_1_49' title="bbox 239 4745 1820 4814">
    <p class='ocr_par' dir='ltr' id='par_1_49' title="bbox 239 4745 1820 4814">
     <span class='ocr_line' id='line_1_49' title="bbox 239 4745 1820 4814; baseline 0.004 -24"><span class='ocrx_word' id='word_1_393' title='bbox 239 4753 477 4811; x_wconf 85' lang='lat' dir='ltr'><strong>magnam</strong></span> <span class='ocrx_word' id='word_1_394' title='bbox 506 4745 672 4797; x_wconf 87' lang='lat' dir='ltr'><strong>nostri</strong></span> <span class='ocrx_word' id='word_1_395' title='bbox 699 4759 878 4798; x_wconf 91' lang='lat' dir='ltr'><strong>curam</strong></span> <span class='ocrx_word' id='word_1_396' title='bbox 901 4754 1057 4814; x_wconf 56' lang='lat' dir='ltr'><strong>gerat.</strong></span> <span class='ocrx_word' id='word_1_397' title='bbox 1092 4745 1229 4800; x_wconf 72' lang='lat' dir='ltr'><strong>Vere</strong></span> <span class='ocrx_word' id='word_1_398' title='bbox 1257 4747 1448 4814; x_wconf 72' lang='lat' dir='ltr'><strong>lingua:</strong></span> <span class='ocrx_word' id='word_1_399' title='bbox 1472 4745 1615 4799; x_wconf 86' lang='lat' dir='ltr'><strong>Pauli</strong></span> <span class='ocrx_word' id='word_1_400' title='bbox 1643 4748 1820 4814; x_wconf 82' lang='lat' dir='ltr'><strong>verba,</strong></span> 
     </span>
    </p>
   </div>
   <div class='ocr_carea' id='block_1_50' title="bbox 238 4830 1820 4893">
    <p class='ocr_par' dir='ltr' id='par_1_50' title="bbox 238 4830 1820 4893">
     <span class='ocr_line' id='line_1_50' title="bbox 238 4830 1820 4893; baseline 0.007 -11"><span class='ocrx_word' id='word_1_401' title='bbox 238 4830 442 4888; x_wconf 88' lang='lat' dir='ltr'><strong>fratres.</strong></span> <span class='ocrx_word' id='word_1_402' title='bbox 475 4836 616 4891; x_wconf 84' lang='lat' dir='ltr'><strong>Satis</strong></span> <span class='ocrx_word' id='word_1_403' title='bbox 646 4837 845 4891; x_wconf 85' lang='lat' dir='ltr'><strong>eximio</strong></span> <span class='ocrx_word' id='word_1_404' title='bbox 872 4839 1090 4892; x_wconf 88' lang='lat' dir='ltr'><strong>nomine</strong></span> <span class='ocrx_word' id='word_1_405' title='bbox 1115 4837 1431 4892; x_wconf 78' lang='lat' dir='ltr'><strong>benevolum</strong></span> <span class='ocrx_word' id='word_1_406' title='bbox 1469 4839 1694 4892; x_wconf 90' lang='lat' dir='ltr'><strong>reddidit</strong></span> <span class='ocrx_word' id='word_1_407' title='bbox 1725 4855 1820 4893; x_wconf 88' lang='lat' dir='ltr'><strong>au-</strong></span> 
     </span>
    </p>
   </div>
   <div class='ocr_carea' id='block_1_51' title="bbox 237 4924 1822 4999">
    <p class='ocr_par' dir='ltr' id='par_1_51' title="bbox 237 4924 1822 4999">
     <span class='ocr_line' id='line_1_51' title="bbox 237 4924 1822 4999; baseline 0.005 -25"><span class='ocrx_word' id='word_1_408' title='bbox 237 4924 458 4980; x_wconf 88' lang='lat' dir='ltr'><strong>ditorem</strong></span> <span class='ocrx_word' id='word_1_409' title='bbox 498 4930 692 4998; x_wconf 87' lang='lat' dir='ltr'><strong>:quasi</strong></span> <span class='ocrx_word' id='word_1_410' title='bbox 757 4928 998 4984; x_wconf 89' lang='lat' dir='ltr'><strong>dicturus</strong></span> <span class='ocrx_word' id='word_1_411' title='bbox 1026 4945 1039 4982; x_wconf 92' lang='lat'>:</span> <span class='ocrx_word' id='word_1_412' title='bbox 1067 4929 1317 4998; x_wconf 88' lang='lat' dir='ltr'><strong>Ejusdem</strong></span> <span class='ocrx_word' id='word_1_413' title='bbox 1368 4931 1502 4984; x_wconf 92' lang='lat' dir='ltr'><strong>uteri</strong></span> <span class='ocrx_word' id='word_1_414' title='bbox 1556 4941 1706 4999; x_wconf 80' lang='lat' dir='ltr'><strong>partu</strong></span> <span class='ocrx_word' id='word_1_415' title='bbox 1768 4942 1822 4984; x_wconf 91' lang='lat' dir='ltr'><strong>et</strong></span> 
     </span>
    </p>
   </div>
   <div class='ocr_carea' id='block_1_52' title="bbox 235 5015 1821 5092">
    <p class='ocr_par' dir='ltr' id='par_1_52' title="bbox 235 5015 1821 5092">
     <span class='ocr_line' id='line_1_52' title="bbox 235 5015 1821 5092; baseline 0.007 -26"><span class='ocrx_word' id='word_1_416' title='bbox 235 5015 509 5072; x_wconf 84' lang='lat' dir='ltr'><strong>doloribus</strong></span> <span class='ocrx_word' id='word_1_417' title='bbox 537 5031 829 5090; x_wconf 86' lang='lat' dir='ltr'><strong>prognatus</strong></span> <span class='ocrx_word' id='word_1_418' title='bbox 853 5037 931 5085; x_wconf 92' lang='lat' dir='ltr'><strong>es,</strong></span> <span class='ocrx_word' id='word_1_419' title='bbox 951 5021 1197 5076; x_wconf 85' lang='lat' dir='ltr'><strong>eumdem</strong></span> <span class='ocrx_word' id='word_1_420' title='bbox 1226 5021 1450 5075; x_wconf 87' lang='lat' dir='ltr'><strong>habuisti</strong></span> <span class='ocrx_word' id='word_1_421' title='bbox 1480 5036 1708 5092; x_wconf 88' lang='lat' dir='ltr'><strong>patrem,</strong></span> <span class='ocrx_word' id='word_1_422' title='bbox 1728 5024 1821 5078; x_wconf 89' lang='lat' dir='ltr'><strong>iis-</strong></span> 
     </span>
    </p>
   </div>
   <div class='ocr_carea' id='block_1_53' title="bbox 235 5106 1820 5183">
    <p class='ocr_par' dir='ltr' id='par_1_53' title="bbox 235 5106 1820 5183">
     <span class='ocr_line' id='line_1_53' title="bbox 235 5106 1820 5183; baseline 0.008 -27"><span class='ocrx_word' id='word_1_423' title='bbox 235 5106 352 5160; x_wconf 84' lang='lat' dir='ltr'><strong>dem</strong></span> <span class='ocrx_word' id='word_1_424' title='bbox 377 5110 646 5165; x_wconf 88' lang='lat' dir='ltr'><strong>alimentis</strong></span> <span class='ocrx_word' id='word_1_425' title='bbox 670 5111 924 5166; x_wconf 85' lang='lat' dir='ltr'><strong>educatus</strong></span> <span class='ocrx_word' id='word_1_426' title='bbox 947 5129 1025 5173; x_wconf 82' lang='lat' dir='ltr'><strong>es,</strong></span> <span class='ocrx_word' id='word_1_427' title='bbox 1053 5114 1456 5166; x_wconf 67' lang='lat' dir='ltr'><strong>communicasti</strong></span> <span class='ocrx_word' id='word_1_428' title='bbox 1508 5116 1554 5169; x_wconf 89' lang='lat' dir='ltr'><strong>ei</strong></span> <span class='ocrx_word' id='word_1_429' title='bbox 1585 5114 1636 5167; x_wconf 92' lang='lat' dir='ltr'><strong>in</strong></span> <span class='ocrx_word' id='word_1_430' title='bbox 1668 5125 1820 5183; x_wconf 90' lang='lat' dir='ltr'><strong>partu</strong></span> 
     </span>
    </p>
   </div>
   <div class='ocr_carea' id='block_1_54' title="bbox 237 5199 1821 5274">
    <p class='ocr_par' dir='ltr' id='par_1_54' title="bbox 237 5199 1821 5274">
     <span class='ocr_line' id='line_1_54' title="bbox 237 5199 1821 5274; baseline 0.008 -26"><span class='ocrx_word' id='word_1_431' title='bbox 237 5199 490 5266; x_wconf 90' lang='lat' dir='ltr'><strong>spirituali</strong></span> <span class='ocrx_word' id='word_1_432' title='bbox 514 5218 527 5265; x_wconf 91' lang='lat'><strong>;</strong></span> <span class='ocrx_word' id='word_1_433' title='bbox 559 5205 928 5274; x_wconf 81' lang='lat' dir='ltr'><strong>cognatiOnem</strong></span> <span class='ocrx_word' id='word_1_434' title='bbox 951 5213 1002 5258; x_wconf 87' lang='lat' dir='ltr'><strong>et</strong></span> <span class='ocrx_word' id='word_1_435' title='bbox 1031 5204 1414 5259; x_wconf 86' lang='lat' dir='ltr'><strong>fraternitatem</strong></span> <span class='ocrx_word' id='word_1_436' title='bbox 1440 5205 1573 5258; x_wconf 83' lang='lat' dir='ltr'><strong>hanc</strong></span> <span class='ocrx_word' id='word_1_437' title='bbox 1593 5209 1750 5260; x_wconf 89' lang='lat' dir='ltr'><strong>etiam</strong></span> <span class='ocrx_word' id='word_1_438' title='bbox 1771 5208 1821 5260; x_wconf 87' lang='lat' dir='ltr'><strong>in</strong></span> 
     </span>
    </p>
   </div>
   <div class='ocr_carea' id='block_1_55' title="bbox 237 5293 1816 5366">
    <p class='ocr_par' dir='ltr' id='par_1_55' title="bbox 237 5293 1816 5366">
     <span class='ocr_line' id='line_1_55' title="bbox 237 5293 1816 5366; baseline 0.008 -27"><span class='ocrx_word' id='word_1_439' title='bbox 237 5293 562 5359; x_wconf 81' lang='lat' dir='ltr'><strong>corrigendis</strong></span> <span class='ocrx_word' id='word_1_440' title='bbox 585 5296 810 5365; x_wconf 81' lang='lat' dir='ltr'><strong>proximi</strong></span> <span class='ocrx_word' id='word_1_441' title='bbox 841 5297 1030 5350; x_wconf 88' lang='lat' dir='ltr'><strong>erratis</strong></span> <span class='ocrx_word' id='word_1_442' title='bbox 1055 5296 1292 5351; x_wconf 88' lang='lat' dir='ltr'><strong>declara.</strong></span> <span class='ocrx_word' id='word_1_443' title='bbox 1347 5297 1406 5350; x_wconf 83' lang='lat' dir='ltr'><strong>Si</strong></span> <span class='ocrx_word' id='word_1_444' title='bbox 1433 5308 1816 5366; x_wconf 78' lang='lat' dir='ltr'><strong>prwoccupatus</strong></span> 
     </span>
    </p>
   </div>
   <div class='ocr_carea' id='block_1_56' title="bbox 237 5383 1823 5457">
    <p class='ocr_par' dir='ltr' id='par_1_56' title="bbox 237 5383 1823 5457">
     <span class='ocr_line' id='line_1_56' title="bbox 237 5383 1823 5457; baseline 0.006 -26"><span class='ocrx_word' id='word_1_445' title='bbox 237 5383 404 5446; x_wconf 74' lang='lat' dir='ltr'><strong>fuerit.</strong></span> <span class='ocrx_word' id='word_1_446' title='bbox 434 5384 549 5438; x_wconf 80' lang='lat' dir='ltr'><strong>Non</strong></span> <span class='ocrx_word' id='word_1_447' title='bbox 579 5387 733 5450; x_wconf 87' lang='lat' dir='ltr'><strong>dixit,</strong></span> <span class='ocrx_word' id='word_1_448' title='bbox 764 5388 817 5442; x_wconf 90' lang='lat' dir='ltr'><strong>Si</strong></span> <span class='ocrx_word' id='word_1_449' title='bbox 846 5397 1047 5457; x_wconf 87' lang='lat' dir='ltr'><strong>peccet,</strong></span> <span class='ocrx_word' id='word_1_450' title='bbox 1076 5388 1168 5441; x_wconf 91' lang='lat' dir='ltr'><strong>sed</strong></span> <span class='ocrx_word' id='word_1_451' title='bbox 1191 5387 1256 5440; x_wconf 90' lang='lat' dir='ltr'><strong>ad</strong></span> <span class='ocrx_word' id='word_1_452' title='bbox 1273 5404 1440 5456; x_wconf 89' lang='lat' dir='ltr'><strong>genus</strong></span> <span class='ocrx_word' id='word_1_453' title='bbox 1469 5387 1666 5456; x_wconf 85' lang='lat' dir='ltr'><strong>peccati</strong></span> <span class='ocrx_word' id='word_1_454' title='bbox 1694 5403 1823 5440; x_wconf 89' lang='lat' dir='ltr'><strong>con-</strong></span> 
     </span>
    </p>
   </div>
   <div class='ocr_carea' id='block_1_57' title="bbox 239 5471 1821 5548">
    <p class='ocr_par' dir='ltr' id='par_1_57' title="bbox 239 5471 1821 5548">
     <span class='ocr_line' id='line_1_57' title="bbox 239 5471 1821 5548; baseline 0.005 -24"><span class='ocrx_word' id='word_1_455' title='bbox 239 5471 366 5541; x_wconf 77' lang='lat' dir='ltr'><strong>fligit</strong></span> <span class='ocrx_word' id='word_1_456' title='bbox 387 5516 401 5537; x_wconf 84' lang='lat'><strong>,</strong></span> <span class='ocrx_word' id='word_1_457' title='bbox 425 5478 564 5545; x_wconf 90' lang='lat' dir='ltr'><strong>quod</strong></span> <span class='ocrx_word' id='word_1_458' title='bbox 593 5479 847 5548; x_wconf 83' lang='lat' dir='ltr'><strong>majorem</strong></span> <span class='ocrx_word' id='word_1_459' title='bbox 880 5490 1114 5532; x_wconf 88' lang='lat' dir='ltr'><strong>meretur</strong></span> <span class='ocrx_word' id='word_1_460' title='bbox 1138 5479 1370 5534; x_wconf 87' lang='lat' dir='ltr'><strong>veniam.</strong></span> <span class='ocrx_word' id='word_1_461' title='bbox 1399 5478 1459 5532; x_wconf 89' lang='lat' dir='ltr'><strong>Si</strong></span> <span class='ocrx_word' id='word_1_462' title='bbox 1491 5495 1821 5548; x_wconf 60' lang='lat' dir='ltr'><strong>praeoccupa-</strong></span> 
     </span>
    </p>
   </div>
   <div class='ocr_carea' id='block_1_58' title="bbox 240 5567 1820 5637">
    <p class='ocr_par' dir='ltr' id='par_1_58' title="bbox 240 5567 1820 5637">
     <span class='ocr_line' id='line_1_58' title="bbox 240 5567 1820 5637; baseline 0.003 -22"><span class='ocrx_word' id='word_1_463' title='bbox 240 5570 318 5614; x_wconf 80' lang='lat' dir='ltr'><strong>tus</strong></span> <span class='ocrx_word' id='word_1_464' title='bbox 344 5567 497 5632; x_wconf 80' lang='lat' dir='ltr'><strong>fuerit</strong></span> <span class='ocrx_word' id='word_1_465' title='bbox 526 5584 542 5620; x_wconf 90' lang='lat'><strong><em>:</em></strong></span> <span class='ocrx_word' id='word_1_466' title='bbox 579 5570 680 5622; x_wconf 87' lang='lat' dir='ltr'><strong>hoc</strong></span> <span class='ocrx_word' id='word_1_467' title='bbox 703 5579 804 5634; x_wconf 73' lang='lat' dir='ltr'><strong>est,</strong></span> <span class='ocrx_word' id='word_1_468' title='bbox 839 5570 880 5622; x_wconf 93' lang='lat' dir='ltr'><strong>si</strong></span> <span class='ocrx_word' id='word_1_469' title='bbox 913 5570 1144 5637; x_wconf 81' lang='lat' dir='ltr'><strong>graviter</strong></span> <span class='ocrx_word' id='word_1_470' title='bbox 1171 5577 1404 5622; x_wconf 87' lang='lat' dir='ltr'><strong>tentatus</strong></span> <span class='ocrx_word' id='word_1_471' title='bbox 1446 5569 1820 5633; x_wconf 87' lang='lat' dir='ltr'><strong>succubuerit,</strong></span> 
     </span>
    </p>
   </div>
   <div class='ocr_carea' id='block_1_59' title="bbox 289 5696 1824 5766">
    <p class='ocr_par' dir='ltr' id='par_1_59' title="bbox 289 5696 1824 5766">
     <span class='ocr_line' id='line_1_59' title="bbox 289 5696 1824 5766; baseline 0.007 -22"><span class='ocrx_word' id='word_1_472' title='bbox 289 5696 369 5765; x_wconf 41' lang='lat' dir='ltr'><strong>.(n)</strong></span> <span class='ocrx_word' id='word_1_473' title='bbox 401 5703 484 5750; x_wconf 87' lang='lat' dir='ltr'><strong>ttic</strong></span> <span class='ocrx_word' id='word_1_474' title='bbox 505 5702 700 5753; x_wconf 81' lang='lat' dir='ltr'><strong>denotat</strong></span> <span class='ocrx_word' id='word_1_475' title='bbox 717 5716 994 5752; x_wconf 85' lang='lat' dir='ltr'><strong>sermonem</strong></span> <span class='ocrx_word' id='word_1_476' title='bbox 1013 5706 1059 5754; x_wconf 86' lang='lat' dir='ltr'><strong>in</strong></span> <span class='ocrx_word' id='word_1_477' title='bbox 1101 5703 1236 5757; x_wconf 83' lang='lat' dir='ltr'><strong>illud,</strong></span> <span class='ocrx_word' id='word_1_478' title='bbox 1263 5703 1432 5752; x_wconf 82' lang='lat' dir='ltr'><strong>Saulus</strong></span> <span class='ocrx_word' id='word_1_479' title='bbox 1451 5703 1611 5751; x_wconf 79' lang='lat' dir='ltr'><strong>adhuc</strong></span> <span class='ocrx_word' id='word_1_480' title='bbox 1635 5703 1824 5766; x_wconf 76' lang='lat' dir='ltr'><strong>spirans</strong></span> 
     </span>
    </p>
   </div>
   <div class='ocr_carea' id='block_1_60' title="bbox 233 5766 1591 5829">
    <p class='ocr_par' dir='ltr' id='par_1_60' title="bbox 233 5766 1591 5829">
     <span class='ocr_line' id='line_1_60' title="bbox 233 5766 1591 5829; baseline 0.004 -23"><span class='ocrx_word' id='word_1_481' title='bbox 233 5767 402 5822; x_wconf 76' lang='lat' dir='ltr'><strong>motas,</strong></span> <span class='ocrx_word' id='word_1_482' title='bbox 428 5770 542 5824; x_wconf 44' lang='lat' dir='ltr'><strong>etc...</strong></span> <span class='ocrx_word' id='word_1_483' title='bbox 566 5769 646 5828; x_wconf 75' lang='lat' dir='ltr'><strong>qui</strong></span> <span class='ocrx_word' id='word_1_484' title='bbox 666 5774 740 5815; x_wconf 75' lang='lat' dir='ltr'><strong>est</strong></span> <span class='ocrx_word' id='word_1_485' title='bbox 760 5767 942 5829; x_wconf 79' lang='lat' dir='ltr'><strong>primus</strong></span> <span class='ocrx_word' id='word_1_486' title='bbox 964 5767 1026 5815; x_wconf 89' lang='lat' dir='ltr'><strong>de</strong></span> <span class='ocrx_word' id='word_1_487' title='bbox 1048 5767 1304 5815; x_wconf 70' lang='lat' dir='ltr'><strong>Mutatione</strong></span> <span class='ocrx_word' id='word_1_488' title='bbox 1329 5766 1591 5813; x_wconf 81' lang='lat' dir='ltr'><strong>nominum.</strong></span> 
     </span>
    </p>
   </div>
   <div class='ocr_carea' id='block_1_61' title="bbox 1441 316 2236 377">
    <p class='ocr_par' dir='ltr' id='par_1_61' title="bbox 1441 316 2236 377">
     <span class='ocr_line' id='line_1_61' title="bbox 1441 316 2236 377; baseline -0.006 0"><span class='ocrx_word' id='word_1_489' title='bbox 1441 321 1512 377; x_wconf 65' lang='grc' dir='ltr'><strong>ἸΝ</strong></span> <span class='ocrx_word' id='word_1_490' title='bbox 1551 316 1847 376; x_wconf 72' lang='lat' dir='ltr'><strong>GENESIM</strong></span> <span class='ocrx_word' id='word_1_491' title='bbox 1887 319 2116 375; x_wconf 79' lang='lat' dir='ltr'><strong>SERth</strong></span> <span class='ocrx_word' id='word_1_492' title='bbox 2147 319 2236 374; x_wconf 79' lang='lat' dir='ltr'><strong>lX.</strong></span> 
     </span>
    </p>
   </div>
   <div class='ocr_carea' id='block_1_62' title="bbox 3424 322 3527 376">
    <p class='ocr_par' dir='ltr' id='par_1_62' title="bbox 3424 322 3527 376">
     <span class='ocr_line' id='line_1_62' title="bbox 3424 322 3527 376; baseline 0.01 -2"><span class='ocrx_word' id='word_1_493' title='bbox 3424 322 3527 376; x_wconf 67' lang='lat'><strong>622</strong></span> 
     </span>
    </p>
   </div>
   <div class='ocr_carea' id='block_1_63' title="bbox 1937 435 3524 509">
    <p class='ocr_par' dir='ltr' id='par_1_63' title="bbox 1937 435 3524 509">
     <span class='ocr_line' id='line_1_63' title="bbox 1937 435 3524 509; baseline 0.003 -21"><span class='ocrx_word' id='word_1_494' title='bbox 1937 435 1981 488; x_wconf 89' lang='lat' dir='ltr'><strong>si</strong></span> <span class='ocrx_word' id='word_1_495' title='bbox 2012 435 2288 499; x_wconf 87' lang='lat' dir='ltr'><strong>erraverit,</strong></span> <span class='ocrx_word' id='word_1_496' title='bbox 2313 449 2483 506; x_wconf 87' lang='lat' dir='ltr'><strong>neque</strong></span> <span class='ocrx_word' id='word_1_497' title='bbox 2501 450 2626 492; x_wconf 82' lang='lat' dir='ltr'><strong>eum</strong></span> <span class='ocrx_word' id='word_1_498' title='bbox 2647 439 2737 509; x_wconf 89' lang='lat' dir='ltr'><strong>qui</strong></span> <span class='ocrx_word' id='word_1_499' title='bbox 2775 437 2950 492; x_wconf 87' lang='lat' dir='ltr'><strong>dedita</strong></span> <span class='ocrx_word' id='word_1_500' title='bbox 2985 452 3146 507; x_wconf 83' lang='lat' dir='ltr'><strong>epera</strong></span> <span class='ocrx_word' id='word_1_501' title='bbox 3179 440 3414 504; x_wconf 77' lang='lat' dir='ltr'><strong>peccavit</strong></span> <span class='ocrx_word' id='word_1_502' title='bbox 3442 441 3524 492; x_wconf 91' lang='lat' dir='ltr'><strong>di-</strong></span> 
     </span>
    </p>
   </div>
   <div class='ocr_carea' id='block_1_64' title="bbox 1937 526 3526 600">
    <p class='ocr_par' dir='ltr' id='par_1_64' title="bbox 1937 526 3526 600">
     <span class='ocr_line' id='line_1_64' title="bbox 1937 526 3526 600; baseline 0.003 -22"><span class='ocrx_word' id='word_1_503' title='bbox 1937 526 2030 591; x_wconf 91' lang='lat' dir='ltr'><strong>cit,</strong></span> <span class='ocrx_word' id='word_1_504' title='bbox 2056 526 2148 579; x_wconf 90' lang='lat' dir='ltr'><strong>sed</strong></span> <span class='ocrx_word' id='word_1_505' title='bbox 2189 541 2310 581; x_wconf 89' lang='lat' dir='ltr'><strong>cum</strong></span> <span class='ocrx_word' id='word_1_506' title='bbox 2351 529 2437 597; x_wconf 92' lang='lat' dir='ltr'><strong>qui</strong></span> <span class='ocrx_word' id='word_1_507' title='bbox 2489 529 2690 583; x_wconf 90' lang='lat' dir='ltr'><strong>studuit</strong></span> <span class='ocrx_word' id='word_1_508' title='bbox 2739 531 2878 584; x_wconf 83' lang='lat' dir='ltr'><strong>bene</strong></span> <span class='ocrx_word' id='word_1_509' title='bbox 2927 544 3112 600; x_wconf 87' lang='lat' dir='ltr'><strong>agerc,</strong></span> <span class='ocrx_word' id='word_1_510' title='bbox 3158 533 3526 599; x_wconf 79' lang='lat' dir='ltr'><strong>supplantatns</strong></span> 
     </span>
    </p>
   </div>
   <div class='ocr_carea' id='block_1_65' title="bbox 1940 621 3525 688">
    <p class='ocr_par' dir='ltr' id='par_1_65' title="bbox 1940 621 3525 688">
     <span class='ocr_line' id='line_1_65' title="bbox 1940 621 3525 688; baseline 0.004 -18"><span class='ocrx_word' id='word_1_511' title='bbox 1940 626 2116 671; x_wconf 86' lang='lat' dir='ltr'><strong>tamen</strong></span> <span class='ocrx_word' id='word_1_512' title='bbox 2143 627 2278 672; x_wconf 88' lang='lat' dir='ltr'><strong>esta</strong></span> <span class='ocrx_word' id='word_1_513' title='bbox 2311 626 2571 688; x_wconf 88' lang='lat' dir='ltr'><strong>potestate</strong></span> <span class='ocrx_word' id='word_1_514' title='bbox 2615 621 2874 676; x_wconf 89' lang='lat' dir='ltr'><strong>diabolica</strong></span> <span class='ocrx_word' id='word_1_515' title='bbox 2901 634 2954 677; x_wconf 90' lang='lat' dir='ltr'><strong>ct</strong></span> <span class='ocrx_word' id='word_1_516' title='bbox 2998 624 3186 676; x_wconf 87' lang='lat' dir='ltr'><strong>victus.</strong></span> <span class='ocrx_word' id='word_1_517' title='bbox 3231 623 3362 676; x_wconf 83' lang='lat' dir='ltr'><strong>Nam</strong></span> <span class='ocrx_word' id='word_1_518' title='bbox 3407 625 3525 676; x_wconf 81' lang='lat' dir='ltr'><strong>tatis</strong></span> 
     </span>
    </p>
   </div>
   <div class='ocr_carea' id='block_1_66' title="bbox 1941 711 3526 782">
    <p class='ocr_par' dir='ltr' id='par_1_66' title="bbox 1941 711 3526 782">
     <span class='ocr_line' id='line_1_66' title="bbox 1941 711 3526 782; baseline 0.002 -20"><span class='ocrx_word' id='word_1_519' title='bbox 1941 721 2049 762; x_wconf 90' lang='lat' dir='ltr'><strong>non</strong></span> <span class='ocrx_word' id='word_1_520' title='bbox 2091 717 2197 762; x_wconf 90' lang='lat' dir='ltr'><strong>tam</strong></span> <span class='ocrx_word' id='word_1_521' title='bbox 2255 711 2646 766; x_wconf 88' lang='lat' dir='ltr'><strong>accusationem</strong></span> <span class='ocrx_word' id='word_1_522' title='bbox 2690 727 2848 782; x_wconf 88' lang='lat' dir='ltr'><strong>quam</strong></span> <span class='ocrx_word' id='word_1_523' title='bbox 2901 714 3108 767; x_wconf 86' lang='lat' dir='ltr'><strong>veniam</strong></span> <span class='ocrx_word' id='word_1_524' title='bbox 3157 725 3412 768; x_wconf 86' lang='lat' dir='ltr'><strong>meretur.</strong></span> <span class='ocrx_word' id='word_1_525' title='bbox 3467 714 3526 768; x_wconf 85' lang='lat' dir='ltr'><strong>Si</strong></span> 
     </span>
    </p>
   </div>
   <div class='ocr_carea' id='block_1_67' title="bbox 1941 804 3523 874">
    <p class='ocr_par' dir='ltr' id='par_1_67' title="bbox 1941 804 3523 874">
     <span class='ocr_line' id='line_1_67' title="bbox 1941 804 3523 874; baseline 0.004 -21"><span class='ocrx_word' id='word_1_526' title='bbox 1941 812 2324 871; x_wconf 65' lang='lat' dir='ltr'><strong>praeoccupatus</strong></span> <span class='ocrx_word' id='word_1_527' title='bbox 2351 805 2504 874; x_wconf 77' lang='lat' dir='ltr'><strong>fuerit</strong></span> <span class='ocrx_word' id='word_1_528' title='bbox 2552 804 2722 857; x_wconf 84' lang='lat' dir='ltr'><strong>homo.</strong></span> <span class='ocrx_word' id='word_1_529' title='bbox 2781 804 2975 858; x_wconf 89' lang='lat' dir='ltr'><strong>lterum</strong></span> <span class='ocrx_word' id='word_1_530' title='bbox 3027 804 3092 857; x_wconf 88' lang='lat' dir='ltr'><strong>ad</strong></span> <span class='ocrx_word' id='word_1_531' title='bbox 3141 806 3300 858; x_wconf 86' lang='lat' dir='ltr'><strong>aliam</strong></span> <span class='ocrx_word' id='word_1_532' title='bbox 3356 806 3523 860; x_wconf 71' lang='lat' dir='ltr'><strong>veniae</strong></span> 
     </span>
    </p>
   </div>
   <div class='ocr_carea' id='block_1_68' title="bbox 1939 892 3525 966">
    <p class='ocr_par' dir='ltr' id='par_1_68' title="bbox 1939 892 3525 966">
     <span class='ocr_line' id='line_1_68' title="bbox 1939 892 3525 966; baseline 0.002 -21"><span class='ocrx_word' id='word_1_533' title='bbox 1939 892 2172 961; x_wconf 78' lang='lat' dir='ltr'><strong>Speciem</strong></span> <span class='ocrx_word' id='word_1_534' title='bbox 2197 893 2451 964; x_wconf 89' lang='lat' dir='ltr'><strong>confugit,</strong></span> <span class='ocrx_word' id='word_1_535' title='bbox 2483 910 2675 964; x_wconf 85' lang='lat' dir='ltr'><strong>nempe</strong></span> <span class='ocrx_word' id='word_1_536' title='bbox 2703 906 2903 948; x_wconf 78' lang='lat' dir='ltr'><strong>natura:</strong></span> <span class='ocrx_word' id='word_1_537' title='bbox 2933 895 3295 950; x_wconf 78' lang='lat' dir='ltr'><strong>infirmitatem</strong></span> <span class='ocrx_word' id='word_1_538' title='bbox 3320 933 3335 961; x_wconf 92' lang='lat'><strong>,</strong></span> <span class='ocrx_word' id='word_1_539' title='bbox 3365 911 3525 966; x_wconf 86' lang='lat' dir='ltr'><strong>quam</strong></span> 
     </span>
    </p>
   </div>
   <div class='ocr_carea' id='block_1_69' title="bbox 1941 984 3530 1056">
    <p class='ocr_par' dir='ltr' id='par_1_69' title="bbox 1941 984 3530 1056">
     <span class='ocr_line' id='line_1_69' title="bbox 1941 984 3530 1056; baseline 0.001 -18"><span class='ocrx_word' id='word_1_540' title='bbox 1941 986 2157 1040; x_wconf 90' lang='lat' dir='ltr'><strong>nomine</strong></span> <span class='ocrx_word' id='word_1_541' title='bbox 2180 984 2412 1040; x_wconf 90' lang='lat' dir='ltr'><strong>hominis</strong></span> <span class='ocrx_word' id='word_1_542' title='bbox 2434 987 2688 1041; x_wconf 89' lang='lat' dir='ltr'><strong>insinuat.</strong></span> <span class='ocrx_word' id='word_1_543' title='bbox 2723 987 2872 1041; x_wconf 87' lang='lat' dir='ltr'><strong>Sicut</strong></span> <span class='ocrx_word' id='word_1_544' title='bbox 2907 988 3064 1056; x_wconf 84' lang='lat' dir='ltr'><strong>igitur</strong></span> <span class='ocrx_word' id='word_1_545' title='bbox 3100 995 3153 1041; x_wconf 90' lang='lat' dir='ltr'><strong>ct</strong></span> <span class='ocrx_word' id='word_1_546' title='bbox 3178 999 3400 1056; x_wconf 72' lang='lat' dir='ltr'><strong>magnus</strong></span> <span class='ocrx_word' id='word_1_547' title='bbox 3427 987 3530 1043; x_wconf 83' lang='lat' dir='ltr'><strong>Job</strong></span> 
     </span>
    </p>
   </div>
   <div class='ocr_carea' id='block_1_70' title="bbox 1943 1076 3530 1146">
    <p class='ocr_par' dir='ltr' id='par_1_70' title="bbox 1943 1076 3530 1146">
     <span class='ocr_line' id='line_1_70' title="bbox 1943 1076 3530 1146; baseline 0.002 -19"><span class='ocrx_word' id='word_1_548' title='bbox 1943 1076 2150 1128; x_wconf 89' lang='lat' dir='ltr'><strong>veniam</strong></span> <span class='ocrx_word' id='word_1_549' title='bbox 2201 1089 2230 1129; x_wconf 88' lang='lat' dir='ltr'><strong>a</strong></span> <span class='ocrx_word' id='word_1_550' title='bbox 2284 1077 2392 1130; x_wconf 89' lang='lat' dir='ltr'><strong>Deo</strong></span> <span class='ocrx_word' id='word_1_551' title='bbox 2449 1078 2736 1146; x_wconf 78' lang='lat' dir='ltr'><strong>impetrare</strong></span> <span class='ocrx_word' id='word_1_552' title='bbox 2785 1079 2989 1140; x_wconf 83' lang='lat' dir='ltr'><strong>volens,</strong></span> <span class='ocrx_word' id='word_1_553' title='bbox 3018 1076 3227 1132; x_wconf 91' lang='lat' dir='ltr'><strong>dicebat</strong></span> <span class='ocrx_word' id='word_1_554' title='bbox 3257 1095 3270 1131; x_wconf 93' lang='lat'><strong>:</strong></span> <span class='ocrx_word' id='word_1_555' title='bbox 3299 1076 3436 1144; x_wconf 68' lang='lat' dir='ltr'><strong>Quid</strong></span> <span class='ocrx_word' id='word_1_556' title='bbox 3456 1087 3530 1132; x_wconf 78' lang='lat' dir='ltr'><strong>est</strong></span> 
     </span>
    </p>
   </div>
   <div class='ocr_carea' id='block_1_71' title="bbox 1941 1169 3518 1239">
    <p class='ocr_par' dir='ltr' id='par_1_71' title="bbox 1941 1169 3518 1239">
     <span class='ocr_line' id='line_1_71' title="bbox 1941 1169 3518 1239; baseline 0 -17"><span class='ocrx_word' id='word_1_557' title='bbox 1941 1169 2090 1222; x_wconf 82' lang='lat' dir='ltr'><strong>homo</strong></span> <span class='ocrx_word' id='word_1_558' title='bbox 2134 1169 2268 1238; x_wconf 85' lang='lat' dir='ltr'><strong>quod</strong></span> <span class='ocrx_word' id='word_1_559' title='bbox 2311 1180 2514 1238; x_wconf 83' lang='lat' dir='ltr'><strong>reputas</strong></span> <span class='ocrx_word' id='word_1_560' title='bbox 2560 1186 2708 1233; x_wconf 88' lang='lat' dir='ltr'><strong>eum,</strong></span> <span class='ocrx_word' id='word_1_561' title='bbox 2737 1181 2783 1223; x_wconf 85' lang='lat' dir='ltr'><strong>et</strong></span> <span class='ocrx_word' id='word_1_562' title='bbox 2829 1171 3160 1223; x_wconf 80' lang='lat' dir='ltr'><strong>visitationem</strong></span> <span class='ocrx_word' id='word_1_563' title='bbox 3201 1181 3518 1239; x_wconf 82' lang='lat' dir='ltr'><strong>peccatorum</strong></span> 
     </span>
    </p>
   </div>
   <div class='ocr_carea' id='block_1_72' title="bbox 1940 1262 3528 1332">
    <p class='ocr_par' dir='ltr' id='par_1_72' title="bbox 1940 1262 3528 1332">
     <span class='ocr_line' id='line_1_72' title="bbox 1940 1262 3528 1332; baseline -0.001 -16"><span class='ocrx_word' id='word_1_564' title='bbox 1940 1264 2050 1332; x_wconf 86' lang='lat' dir='ltr'><strong>ejus</strong></span> <span class='ocrx_word' id='word_1_565' title='bbox 2078 1263 2240 1330; x_wconf 85' lang='lat' dir='ltr'><strong>fecisti</strong></span> <span class='ocrx_word' id='word_1_566' title='bbox 2271 1262 2408 1330; x_wconf 84' lang='lat' dir='ltr'><strong>(Job.</strong></span> <span class='ocrx_word' id='word_1_567' title='bbox 2437 1263 2490 1316; x_wconf 89' lang='grc'><strong>7.</strong></span> <span class='ocrx_word' id='word_1_568' title='bbox 2522 1264 2640 1327; x_wconf 85' lang='lat' dir='ltr'><strong>l7)?</strong></span> <span class='ocrx_word' id='word_1_569' title='bbox 2671 1264 2745 1317; x_wconf 88' lang='lat' dir='ltr'><strong>sic</strong></span> <span class='ocrx_word' id='word_1_570' title='bbox 2775 1271 2828 1316; x_wconf 89' lang='lat' dir='ltr'><strong>et</strong></span> <span class='ocrx_word' id='word_1_571' title='bbox 2858 1276 2955 1315; x_wconf 92' lang='lat' dir='ltr'><strong>nos</strong></span> <span class='ocrx_word' id='word_1_572' title='bbox 2995 1263 3282 1326; x_wconf 85' lang='lat' dir='ltr'><strong>faciamus,</strong></span> <span class='ocrx_word' id='word_1_573' title='bbox 3315 1263 3528 1331; x_wconf 88' lang='lat' dir='ltr'><strong>quando</strong></span> 
     </span>
    </p>
   </div>
   <div class='ocr_carea' id='block_1_73' title="bbox 1940 1352 3522 1421">
    <p class='ocr_par' dir='ltr' id='par_1_73' title="bbox 1940 1352 3522 1421">
     <span class='ocr_line' id='line_1_73' title="bbox 1940 1352 3522 1421; baseline -0.001 -14"><span class='ocrx_word' id='word_1_574' title='bbox 1940 1368 2060 1407; x_wconf 90' lang='lat' dir='ltr'><strong>cum</strong></span> <span class='ocrx_word' id='word_1_575' title='bbox 2091 1361 2366 1421; x_wconf 87' lang='lat' dir='ltr'><strong>peccatore</strong></span> <span class='ocrx_word' id='word_1_576' title='bbox 2392 1353 2568 1420; x_wconf 85' lang='lat' dir='ltr'><strong>aliquo</strong></span> <span class='ocrx_word' id='word_1_577' title='bbox 2589 1352 3241 1421; x_wconf 80' lang='lat' dir='ltr'><strong>expostulatur,continue</strong></span> <span class='ocrx_word' id='word_1_578' title='bbox 3260 1352 3522 1413; x_wconf 88' lang='lat' dir='ltr'><strong>dicamus,</strong></span> 
     </span>
    </p>
   </div>
   <div class='ocr_carea' id='block_1_74' title="bbox 1942 1442 3530 1498">
    <p class='ocr_par' dir='ltr' id='par_1_74' title="bbox 1942 1442 3530 1498">
     <span class='ocr_line' id='line_1_74' title="bbox 1942 1442 3530 1498; baseline -0.001 -1"><span class='ocrx_word' id='word_1_579' title='bbox 1942 1443 2114 1497; x_wconf 82' lang='lat' dir='ltr'><strong>llomo</strong></span> <span class='ocrx_word' id='word_1_580' title='bbox 2134 1452 2214 1498; x_wconf 90' lang='lat' dir='ltr'><strong>est</strong></span> <span class='ocrx_word' id='word_1_581' title='bbox 2247 1460 2262 1498; x_wconf 89' lang='lat'>:</span> <span class='ocrx_word' id='word_1_582' title='bbox 2291 1453 2342 1498; x_wconf 87' lang='lat' dir='ltr'><strong>et</strong></span> <span class='ocrx_word' id='word_1_583' title='bbox 2374 1453 2578 1497; x_wconf 70' lang='lat' dir='ltr'><strong>natura:</strong></span> <span class='ocrx_word' id='word_1_584' title='bbox 2609 1443 2976 1496; x_wconf 83' lang='lat' dir='ltr'><strong>recordatione</strong></span> <span class='ocrx_word' id='word_1_585' title='bbox 3014 1442 3078 1495; x_wconf 91' lang='lat' dir='ltr'><strong>ad</strong></span> <span class='ocrx_word' id='word_1_586' title='bbox 3109 1442 3530 1495; x_wconf 86' lang='lat' dir='ltr'><strong>misericordiam</strong></span> 
     </span>
    </p>
   </div>
   <div class='ocr_carea' id='block_1_75' title="bbox 1942 1531 3530 1604">
    <p class='ocr_par' dir='ltr' id='par_1_75' title="bbox 1942 1531 3530 1604">
     <span class='ocr_line' id='line_1_75' title="bbox 1942 1531 3530 1604; baseline -0.002 -17"><span class='ocrx_word' id='word_1_587' title='bbox 1942 1533 2305 1604; x_wconf 87' lang='lat' dir='ltr'><strong>indignantem</strong></span> <span class='ocrx_word' id='word_1_588' title='bbox 2338 1548 2711 1603; x_wconf 86' lang='lat' dir='ltr'><strong>provocemus.</strong></span> <span class='ocrx_word' id='word_1_589' title='bbox 2760 1531 2826 1586; x_wconf 85' lang='lat' dir='ltr'><strong>Et</strong></span> <span class='ocrx_word' id='word_1_590' title='bbox 2851 1547 2912 1586; x_wconf 88' lang='lat' dir='ltr'><strong>ea</strong></span> <span class='ocrx_word' id='word_1_591' title='bbox 2947 1532 3012 1586; x_wconf 91' lang='lat' dir='ltr'><strong>de</strong></span> <span class='ocrx_word' id='word_1_592' title='bbox 3041 1546 3198 1584; x_wconf 87' lang='lat' dir='ltr'><strong>causa</strong></span> <span class='ocrx_word' id='word_1_593' title='bbox 3245 1532 3437 1585; x_wconf 79' lang='lat' dir='ltr'><strong>Paulus</strong></span> <span class='ocrx_word' id='word_1_594' title='bbox 3465 1531 3530 1584; x_wconf 89' lang='lat' dir='ltr'><strong>ad</strong></span> 
     </span>
    </p>
   </div>
   <div class='ocr_carea' id='block_1_76' title="bbox 1940 1621 3532 1695">
    <p class='ocr_par' dir='ltr' id='par_1_76' title="bbox 1940 1621 3532 1695">
     <span class='ocr_line' id='line_1_76' title="bbox 1940 1621 3532 1695; baseline -0.003 -15"><span class='ocrx_word' id='word_1_595' title='bbox 1940 1637 2180 1681; x_wconf 88' lang='lat' dir='ltr'><strong>naturam</strong></span> <span class='ocrx_word' id='word_1_596' title='bbox 2211 1630 2262 1679; x_wconf 84' lang='lat' dir='ltr'><strong>et</strong></span> <span class='ocrx_word' id='word_1_597' title='bbox 2288 1625 2403 1695; x_wconf 88' lang='lat' dir='ltr'><strong>ejus</strong></span> <span class='ocrx_word' id='word_1_598' title='bbox 2441 1625 2799 1679; x_wconf 84' lang='lat' dir='ltr'><strong>infirmitatem</strong></span> <span class='ocrx_word' id='word_1_599' title='bbox 2827 1623 3095 1694; x_wconf 85' lang='lat' dir='ltr'><strong>confugit,</strong></span> <span class='ocrx_word' id='word_1_600' title='bbox 3117 1639 3239 1678; x_wconf 90' lang='lat' dir='ltr'><strong>eum</strong></span> <span class='ocrx_word' id='word_1_601' title='bbox 3269 1623 3402 1677; x_wconf 88' lang='lat' dir='ltr'><strong>dixit</strong></span> <span class='ocrx_word' id='word_1_602' title='bbox 3427 1638 3440 1675; x_wconf 90' lang='lat'>:</span> <span class='ocrx_word' id='word_1_603' title='bbox 3472 1621 3532 1676; x_wconf 89' lang='lat' dir='ltr'><strong>Si</strong></span> 
     </span>
    </p>
   </div>
   <div class='ocr_carea' id='block_1_77' title="bbox 1941 1713 3531 1788">
    <p class='ocr_par' dir='ltr' id='par_1_77' title="bbox 1941 1713 3531 1788">
     <span class='ocr_line' id='line_1_77' title="bbox 1941 1713 3531 1788; baseline -0.003 -17"><span class='ocrx_word' id='word_1_604' title='bbox 1941 1727 1988 1771; x_wconf 85' lang='lat' dir='ltr'><strong>et</strong></span> <span class='ocrx_word' id='word_1_605' title='bbox 2037 1728 2422 1788; x_wconf 65' lang='lat' dir='ltr'><strong>praeoccupatus</strong></span> <span class='ocrx_word' id='word_1_606' title='bbox 2465 1717 2616 1787; x_wconf 77' lang='lat' dir='ltr'><strong>fuerit</strong></span> <span class='ocrx_word' id='word_1_607' title='bbox 2653 1719 2804 1770; x_wconf 86' lang='lat' dir='ltr'><strong>homo</strong></span> <span class='ocrx_word' id='word_1_608' title='bbox 2849 1716 2902 1769; x_wconf 82' lang='lat' dir='ltr'><strong>in</strong></span> <span class='ocrx_word' id='word_1_609' title='bbox 2930 1716 3103 1785; x_wconf 86' lang='lat' dir='ltr'><strong>aliquo</strong></span> <span class='ocrx_word' id='word_1_610' title='bbox 3151 1714 3358 1768; x_wconf 85' lang='lat' dir='ltr'><strong>delicto.</strong></span> <span class='ocrx_word' id='word_1_611' title='bbox 3417 1713 3531 1767; x_wconf 83' lang='lat' dir='ltr'><strong>Non</strong></span> 
     </span>
    </p>
   </div>
   <div class='ocr_carea' id='block_1_78' title="bbox 1939 1804 3531 1878">
    <p class='ocr_par' dir='ltr' id='par_1_78' title="bbox 1939 1804 3531 1878">
     <span class='ocr_line' id='line_1_78' title="bbox 1939 1804 3531 1878; baseline -0.004 -16"><span class='ocrx_word' id='word_1_612' title='bbox 1939 1807 2257 1876; x_wconf 88' lang='lat' dir='ltr'><strong>simpliciter</strong></span> <span class='ocrx_word' id='word_1_613' title='bbox 2298 1821 2484 1878; x_wconf 89' lang='lat' dir='ltr'><strong>magna</strong></span> <span class='ocrx_word' id='word_1_614' title='bbox 2516 1815 2731 1876; x_wconf 87' lang='lat' dir='ltr'><strong>peccata</strong></span> <span class='ocrx_word' id='word_1_615' title='bbox 2764 1805 2923 1870; x_wconf 90' lang='lat' dir='ltr'><strong>dicit,</strong></span> <span class='ocrx_word' id='word_1_616' title='bbox 2959 1819 3078 1874; x_wconf 66' lang='lat' dir='ltr'><strong>qua:</strong></span> <span class='ocrx_word' id='word_1_617' title='bbox 3121 1804 3322 1873; x_wconf 89' lang='lat' dir='ltr'><strong>majora</strong></span> <span class='ocrx_word' id='word_1_618' title='bbox 3371 1818 3531 1873; x_wconf 84' lang='lat' dir='ltr'><strong>quam</strong></span> 
     </span>
    </p>
   </div>
   <div class='ocr_carea' id='block_1_79' title="bbox 1942 1895 3530 1960">
    <p class='ocr_par' dir='ltr' id='par_1_79' title="bbox 1942 1895 3530 1960">
     <span class='ocr_line' id='line_1_79' title="bbox 1942 1895 3530 1960; baseline -0.004 -4"><span class='ocrx_word' id='word_1_619' title='bbox 1942 1909 1999 1956; x_wconf 90' lang='lat' dir='ltr'><strong>ut</strong></span> <span class='ocrx_word' id='word_1_620' title='bbox 2038 1902 2242 1956; x_wconf 87' lang='lat' dir='ltr'><strong>veniam</strong></span> <span class='ocrx_word' id='word_1_621' title='bbox 2292 1910 2348 1956; x_wconf 86' lang='lat' dir='ltr'><strong>et</strong></span> <span class='ocrx_word' id='word_1_622' title='bbox 2395 1897 2817 1954; x_wconf 86' lang='lat' dir='ltr'><strong>misericordiam</strong></span> <span class='ocrx_word' id='word_1_623' title='bbox 2863 1897 3055 1952; x_wconf 90' lang='lat' dir='ltr'><strong>mereri</strong></span> <span class='ocrx_word' id='word_1_624' title='bbox 3103 1896 3404 1960; x_wconf 91' lang='lat' dir='ltr'><strong>videantur,</strong></span> <span class='ocrx_word' id='word_1_625' title='bbox 3433 1895 3530 1949; x_wconf 90' lang='lat' dir='ltr'><strong>scd</strong></span> 
     </span>
    </p>
   </div>
   <div class='ocr_carea' id='block_1_80' title="bbox 1941 1987 3527 2062">
    <p class='ocr_par' dir='ltr' id='par_1_80' title="bbox 1941 1987 3527 2062">
     <span class='ocr_line' id='line_1_80' title="bbox 1941 1987 3527 2062; baseline -0.004 -18"><span class='ocrx_word' id='word_1_626' title='bbox 1941 2008 2100 2062; x_wconf 84' lang='lat' dir='ltr'><strong>parva</strong></span> <span class='ocrx_word' id='word_1_627' title='bbox 2129 2001 2183 2046; x_wconf 91' lang='lat' dir='ltr'><strong>et</strong></span> <span class='ocrx_word' id='word_1_628' title='bbox 2209 1991 2438 2060; x_wconf 87' lang='lat' dir='ltr'><strong>abjccta.</strong></span> <span class='ocrx_word' id='word_1_629' title='bbox 2502 1989 2602 2044; x_wconf 81' lang='lat' dir='ltr'><strong>Vos</strong></span> <span class='ocrx_word' id='word_1_630' title='bbox 2629 1991 2715 2060; x_wconf 83' lang='lat' dir='ltr'><strong>qui</strong></span> <span class='ocrx_word' id='word_1_631' title='bbox 2743 1989 3053 2058; x_wconf 82' lang='lat' dir='ltr'><strong>spirituales.</strong></span> <span class='ocrx_word' id='word_1_632' title='bbox 3083 1987 3134 2042; x_wconf 92' lang='lat' dir='ltr'><strong>Is</strong></span> <span class='ocrx_word' id='word_1_633' title='bbox 3176 1987 3264 2056; x_wconf 90' lang='lat' dir='ltr'><strong>qui</strong></span> <span class='ocrx_word' id='word_1_634' title='bbox 3307 1994 3491 2056; x_wconf 90' lang='lat' dir='ltr'><strong>peccat</strong></span> <span class='ocrx_word' id='word_1_635' title='bbox 3513 2025 3527 2046; x_wconf 90' lang='lat'><strong>.</strong></span> 
     </span>
    </p>
   </div>
   <div class='ocr_carea' id='block_1_81' title="bbox 1941 2077 3530 2154">
    <p class='ocr_par' dir='ltr' id='par_1_81' title="bbox 1941 2077 3530 2154">
     <span class='ocr_line' id='line_1_81' title="bbox 1941 2077 3530 2154; baseline -0.006 -16"><span class='ocrx_word' id='word_1_636' title='bbox 1941 2085 2138 2149; x_wconf 89' lang='lat' dir='ltr'><strong>homo;</strong></span> <span class='ocrx_word' id='word_1_637' title='bbox 2165 2085 2253 2154; x_wconf 90' lang='lat' dir='ltr'><strong>qui</strong></span> <span class='ocrx_word' id='word_1_638' title='bbox 2285 2099 2416 2138; x_wconf 88' lang='lat' dir='ltr'><strong>vero</strong></span> <span class='ocrx_word' id='word_1_639' title='bbox 2436 2083 2574 2137; x_wconf 88' lang='lat' dir='ltr'><strong>bene</strong></span> <span class='ocrx_word' id='word_1_640' title='bbox 2603 2089 2911 2152; x_wconf 85' lang='lat' dir='ltr'><strong>operantur,</strong></span> <span class='ocrx_word' id='word_1_641' title='bbox 2940 2078 3242 2148; x_wconf 78' lang='lat' dir='ltr'><strong>spirituales</strong></span> <span class='ocrx_word' id='word_1_642' title='bbox 3261 2077 3530 2131; x_wconf 90' lang='lat' dir='ltr'><strong>dicuntur.</strong></span> 
     </span>
    </p>
   </div>
   <div class='ocr_carea' id='block_1_82' title="bbox 1943 2173 3534 2244">
    <p class='ocr_par' dir='ltr' id='par_1_82' title="bbox 1943 2173 3534 2244">
     <span class='ocr_line' id='line_1_82' title="bbox 1943 2173 3534 2244; baseline -0.004 -13"><span class='ocrx_word' id='word_1_643' title='bbox 1943 2178 2040 2232; x_wconf 89' lang='lat' dir='ltr'><strong>llic</strong></span> <span class='ocrx_word' id='word_1_644' title='bbox 2083 2177 2293 2232; x_wconf 86' lang='lat' dir='ltr'><strong>virtutis</strong></span> <span class='ocrx_word' id='word_1_645' title='bbox 2333 2175 2648 2230; x_wconf 84' lang='lat' dir='ltr'><strong>vocabulum</strong></span> <span class='ocrx_word' id='word_1_646' title='bbox 2689 2173 2898 2244; x_wconf 84' lang='lat' dir='ltr'><strong>posuit,</strong></span> <span class='ocrx_word' id='word_1_647' title='bbox 2944 2173 3054 2228; x_wconf 88' lang='lat' dir='ltr'><strong>illic</strong></span> <span class='ocrx_word' id='word_1_648' title='bbox 3093 2181 3296 2226; x_wconf 80' lang='lat' dir='ltr'><strong>natura:</strong></span> <span class='ocrx_word' id='word_1_649' title='bbox 3339 2184 3534 2225; x_wconf 85' lang='lat' dir='ltr'><strong>nomen</strong></span> 
     </span>
    </p>
   </div>
   <div class='ocr_carea' id='block_1_83' title="bbox 1941 2270 2100 2324">
    <p class='ocr_par' dir='ltr' id='par_1_83' title="bbox 1941 2270 2100 2324">
     <span class='ocr_line' id='line_1_83' title="bbox 1941 2270 2100 2324; baseline -0.013 0"><span class='ocrx_word' id='word_1_650' title='bbox 1941 2270 2100 2324; x_wconf 81' lang='lat' dir='ltr'><strong>dixit.</strong></span> 
     </span>
    </p>
   </div>
   <div class='ocr_carea' id='block_1_84' title="bbox 2013 2353 3531 2433">
    <p class='ocr_par' dir='ltr' id='par_1_84' title="bbox 2013 2353 3531 2433">
     <span class='ocr_line' id='line_1_84' title="bbox 2013 2353 3531 2433; baseline -0.005 -18"><span class='ocrx_word' id='word_1_651' title='bbox 2013 2362 2313 2433; x_wconf 82' lang='lat' dir='ltr'><strong>Spiritualis</strong></span> <span class='ocrx_word' id='word_1_652' title='bbox 2367 2361 2516 2414; x_wconf 84' lang='lat' dir='ltr'><strong>homo</strong></span> <span class='ocrx_word' id='word_1_653' title='bbox 2563 2360 2692 2428; x_wconf 83' lang='lat' dir='ltr'><strong>quis.</strong></span> <span class='ocrx_word' id='word_1_654' title='bbox 2735 2387 2805 2398; x_wconf 89' lang='lat'><strong>—</strong></span> <span class='ocrx_word' id='word_1_655' title='bbox 2842 2357 3063 2411; x_wconf 87' lang='lat' dir='ltr'><strong>Multum</strong></span> <span class='ocrx_word' id='word_1_656' title='bbox 3121 2365 3297 2409; x_wconf 86' lang='lat' dir='ltr'><strong>autem</strong></span> <span class='ocrx_word' id='word_1_657' title='bbox 3357 2353 3531 2408; x_wconf 75' lang='lat' dir='ltr'><strong>differt</strong></span> 
     </span>
    </p>
   </div>
   <div class='ocr_carea' id='block_1_85' title="bbox 1941 2447 3532 2522">
    <p class='ocr_par' dir='ltr' id='par_1_85' title="bbox 1941 2447 3532 2522">
     <span class='ocr_line' id='line_1_85' title="bbox 1941 2447 3532 2522; baseline -0.004 -16"><span class='ocrx_word' id='word_1_658' title='bbox 1941 2452 2118 2514; x_wconf 86' lang='lat' dir='ltr'><strong>homo,</strong></span> <span class='ocrx_word' id='word_1_659' title='bbox 2153 2463 2204 2507; x_wconf 92' lang='lat' dir='ltr'><strong>et</strong></span> <span class='ocrx_word' id='word_1_660' title='bbox 2230 2452 2541 2522; x_wconf 85' lang='lat' dir='ltr'><strong>spiritualis.</strong></span> <span class='ocrx_word' id='word_1_661' title='bbox 2583 2450 2680 2504; x_wconf 81' lang='lat' dir='ltr'><strong>Vos</strong></span> <span class='ocrx_word' id='word_1_662' title='bbox 2704 2451 2790 2518; x_wconf 88' lang='lat' dir='ltr'><strong>qui</strong></span> <span class='ocrx_word' id='word_1_663' title='bbox 2811 2448 3122 2517; x_wconf 85' lang='lat' dir='ltr'><strong>spirituales.</strong></span> <span class='ocrx_word' id='word_1_664' title='bbox 3157 2447 3212 2501; x_wconf 88' lang='lat' dir='ltr'><strong>Si</strong></span> <span class='ocrx_word' id='word_1_665' title='bbox 3245 2447 3532 2514; x_wconf 79' lang='lat' dir='ltr'><strong>spiritualis</strong></span> 
     </span>
    </p>
   </div>
   <div class='ocr_carea' id='block_1_86' title="bbox 1939 2539 3530 2612">
    <p class='ocr_par' dir='ltr' id='par_1_86' title="bbox 1939 2539 3530 2612">
     <span class='ocr_line' id='line_1_86' title="bbox 1939 2539 3530 2612; baseline -0.007 -10"><span class='ocrx_word' id='word_1_666' title='bbox 1939 2561 2016 2612; x_wconf 80' lang='lat' dir='ltr'><strong>cs,</strong></span> <span class='ocrx_word' id='word_1_667' title='bbox 2047 2547 2268 2602; x_wconf 84' lang='lat' dir='ltr'><strong>ostende</strong></span> <span class='ocrx_word' id='word_1_668' title='bbox 2294 2547 2421 2600; x_wconf 91' lang='lat' dir='ltr'><strong>mihi</strong></span> <span class='ocrx_word' id='word_1_669' title='bbox 2446 2548 2691 2598; x_wconf 87' lang='lat' dir='ltr'><strong>virtutem</strong></span> <span class='ocrx_word' id='word_1_670' title='bbox 2721 2553 2886 2607; x_wconf 88' lang='lat' dir='ltr'><strong>tuam,</strong></span> <span class='ocrx_word' id='word_1_671' title='bbox 2921 2557 3028 2594; x_wconf 80' lang='lat' dir='ltr'><strong>non</strong></span> <span class='ocrx_word' id='word_1_672' title='bbox 3051 2556 3077 2593; x_wconf 90' lang='lat' dir='ltr'><strong>a</strong></span> <span class='ocrx_word' id='word_1_673' title='bbox 3105 2550 3210 2603; x_wconf 89' lang='lat' dir='ltr'><strong>tua,</strong></span> <span class='ocrx_word' id='word_1_674' title='bbox 3244 2539 3337 2594; x_wconf 92' lang='lat' dir='ltr'><strong>scd</strong></span> <span class='ocrx_word' id='word_1_675' title='bbox 3361 2555 3389 2592; x_wconf 89' lang='lat' dir='ltr'><strong>a</strong></span> <span class='ocrx_word' id='word_1_676' title='bbox 3415 2554 3530 2592; x_wconf 90' lang='lat' dir='ltr'><strong>mea</strong></span> 
     </span>
    </p>
   </div>
   <div class='ocr_carea' id='block_1_87' title="bbox 1937 2630 3530 2704">
    <p class='ocr_par' dir='ltr' id='par_1_87' title="bbox 1937 2630 3530 2704">
     <span class='ocr_line' id='line_1_87' title="bbox 1937 2630 3530 2704; baseline -0.009 -8"><span class='ocrx_word' id='word_1_677' title='bbox 1937 2641 2128 2703; x_wconf 82' lang='lat' dir='ltr'><strong>salute,</strong></span> <span class='ocrx_word' id='word_1_678' title='bbox 2161 2640 2254 2693; x_wconf 88' lang='lat' dir='ltr'><strong>sed</strong></span> <span class='ocrx_word' id='word_1_679' title='bbox 2279 2655 2306 2691; x_wconf 91' lang='lat' dir='ltr'><strong>a</strong></span> <span class='ocrx_word' id='word_1_680' title='bbox 2338 2638 2575 2692; x_wconf 88' lang='lat' dir='ltr'><strong>subsidio</strong></span> <span class='ocrx_word' id='word_1_681' title='bbox 2597 2635 2736 2704; x_wconf 69' lang='lat' dir='ltr'><strong>(plod</strong></span> <span class='ocrx_word' id='word_1_682' title='bbox 2766 2635 2914 2703; x_wconf 87' lang='lat' dir='ltr'><strong>lapso</strong></span> <span class='ocrx_word' id='word_1_683' title='bbox 2944 2636 3068 2686; x_wconf 89' lang='lat' dir='ltr'><strong>fers.</strong></span> <span class='ocrx_word' id='word_1_684' title='bbox 3100 2632 3210 2686; x_wconf 85' lang='lat' dir='ltr'><strong>Hoc</strong></span> <span class='ocrx_word' id='word_1_685' title='bbox 3240 2631 3379 2684; x_wconf 90' lang='lat' dir='ltr'><strong>enim</strong></span> <span class='ocrx_word' id='word_1_686' title='bbox 3419 2630 3530 2698; x_wconf 88' lang='lat' dir='ltr'><strong>spi-</strong></span> 
     </span>
    </p>
   </div>
   <div class='ocr_carea' id='block_1_88' title="bbox 1938 2723 3528 2799">
    <p class='ocr_par' dir='ltr' id='par_1_88' title="bbox 1938 2723 3528 2799">
     <span class='ocr_line' id='line_1_88' title="bbox 1938 2723 3528 2799; baseline -0.008 -12"><span class='ocrx_word' id='word_1_687' title='bbox 1938 2735 2146 2789; x_wconf 85' lang='lat' dir='ltr'><strong>ritualis</strong></span> <span class='ocrx_word' id='word_1_688' title='bbox 2169 2741 2248 2786; x_wconf 89' lang='lat' dir='ltr'><strong>est</strong></span> <span class='ocrx_word' id='word_1_689' title='bbox 2271 2773 2284 2795; x_wconf 96' lang='lat'><strong>,</strong></span> <span class='ocrx_word' id='word_1_690' title='bbox 2319 2747 2422 2785; x_wconf 90' lang='lat' dir='ltr'><strong>non</strong></span> <span class='ocrx_word' id='word_1_691' title='bbox 2445 2730 2721 2799; x_wconf 81' lang='lat' dir='ltr'><strong>despicere</strong></span> <span class='ocrx_word' id='word_1_692' title='bbox 2749 2743 2841 2781; x_wconf 89' lang='lat' dir='ltr'><strong>sua</strong></span> <span class='ocrx_word' id='word_1_693' title='bbox 2868 2726 3108 2781; x_wconf 84' lang='lat' dir='ltr'><strong>membra</strong></span> <span class='ocrx_word' id='word_1_694' title='bbox 3158 2723 3528 2794; x_wconf 87' lang='lat' dir='ltr'><strong>periclitantia.</strong></span> 
     </span>
    </p>
   </div>
   <div class='ocr_carea' id='block_1_89' title="bbox 1940 2816 3529 2885">
    <p class='ocr_par' dir='ltr' id='par_1_89' title="bbox 1940 2816 3529 2885">
     <span class='ocr_line' id='line_1_89' title="bbox 1940 2816 3529 2885; baseline -0.006 -9"><span class='ocrx_word' id='word_1_695' title='bbox 1940 2824 2185 2878; x_wconf 71' lang='lat' dir='ltr'><strong>lnstruife</strong></span> <span class='ocrx_word' id='word_1_696' title='bbox 2212 2823 2379 2875; x_wconf 83' lang='lat' dir='ltr'><strong>talem.</strong></span> <span class='ocrx_word' id='word_1_697' title='bbox 2416 2821 2616 2885; x_wconf 85' lang='lat' dir='ltr'><strong>Facite,</strong></span> <span class='ocrx_word' id='word_1_698' title='bbox 2648 2820 2741 2883; x_wconf 88' lang='lat' dir='ltr'><strong>ait,</strong></span> <span class='ocrx_word' id='word_1_699' title='bbox 2774 2834 2838 2870; x_wconf 92' lang='lat' dir='ltr'><strong>nc</strong></span> <span class='ocrx_word' id='word_1_700' title='bbox 2869 2817 2984 2884; x_wconf 87' lang='lat' dir='ltr'><strong>capi</strong></span> <span class='ocrx_word' id='word_1_701' title='bbox 3017 2816 3203 2885; x_wconf 89' lang='lat' dir='ltr'><strong>possit,</strong></span> <span class='ocrx_word' id='word_1_702' title='bbox 3226 2830 3290 2868; x_wconf 87' lang='lat' dir='ltr'><strong>ne</strong></span> <span class='ocrx_word' id='word_1_703' title='bbox 3315 2823 3529 2868; x_wconf 85' lang='lat' dir='ltr'><strong>certan-</strong></span> 
     </span>
    </p>
   </div>
   <div class='ocr_carea' id='block_1_90' title="bbox 1941 2907 3528 2984">
    <p class='ocr_par' dir='ltr' id='par_1_90' title="bbox 1941 2907 3528 2984">
     <span class='ocr_line' id='line_1_90' title="bbox 1941 2907 3528 2984; baseline -0.008 -14"><span class='ocrx_word' id='word_1_704' title='bbox 1941 2917 2012 2970; x_wconf 91' lang='lat' dir='ltr'><strong>do</strong></span> <span class='ocrx_word' id='word_1_705' title='bbox 2041 2916 2379 2984; x_wconf 85' lang='lat' dir='ltr'><strong>defatigetur,</strong></span> <span class='ocrx_word' id='word_1_706' title='bbox 2411 2931 2474 2965; x_wconf 86' lang='lat' dir='ltr'><strong>ne.</strong></span> <span class='ocrx_word' id='word_1_707' title='bbox 2500 2911 2790 2982; x_wconf 83' lang='lat' dir='ltr'><strong>pra-liando</strong></span> <span class='ocrx_word' id='word_1_708' title='bbox 2816 2911 3074 2964; x_wconf 84' lang='lat' dir='ltr'><strong>adversus</strong></span> <span class='ocrx_word' id='word_1_709' title='bbox 3093 2907 3362 2960; x_wconf 86' lang='lat' dir='ltr'><strong>diabolum</strong></span> <span class='ocrx_word' id='word_1_710' title='bbox 3405 2921 3528 2959; x_wconf 89' lang='lat' dir='ltr'><strong>suc-</strong></span> 
     </span>
    </p>
   </div>
   <div class='ocr_carea' id='block_1_91' title="bbox 1940 2999 3404 3072">
    <p class='ocr_par' dir='ltr' id='par_1_91' title="bbox 1940 2999 3404 3072">
     <span class='ocr_line' id='line_1_91' title="bbox 1940 2999 3404 3072; baseline -0.008 -11"><span class='ocrx_word' id='word_1_711' title='bbox 1940 3007 2173 3062; x_wconf 86' lang='lat' dir='ltr'><strong>cumbat.</strong></span> <span class='ocrx_word' id='word_1_712' title='bbox 2202 3005 2542 3060; x_wconf 84' lang='lat' dir='ltr'><strong>Cousitlcraus</strong></span> <span class='ocrx_word' id='word_1_713' title='bbox 2573 3003 2906 3072; x_wconf 83' lang='lat' dir='ltr'><strong>temetipsum,</strong></span> <span class='ocrx_word' id='word_1_714' title='bbox 2941 3017 3002 3054; x_wconf 86' lang='lat' dir='ltr'><strong>ue</strong></span> <span class='ocrx_word' id='word_1_715' title='bbox 3034 3011 3079 3053; x_wconf 89' lang='lat' dir='ltr'><strong>et</strong></span> <span class='ocrx_word' id='word_1_716' title='bbox 3104 3011 3156 3052; x_wconf 85' lang='lat' dir='ltr'><strong>tu</strong></span> <span class='ocrx_word' id='word_1_717' title='bbox 3183 2999 3404 3052; x_wconf 83' lang='lat' dir='ltr'><strong>teuteris.</strong></span> 
     </span>
    </p>
   </div>
   <div class='ocr_carea' id='block_1_92' title="bbox 2007 3089 3530 3158">
    <p class='ocr_par' dir='ltr' id='par_1_92' title="bbox 2007 3089 3530 3158">
     <span class='ocr_line' id='line_1_92' title="bbox 2007 3089 3530 3158; baseline -0.007 -7"><span class='ocrx_word' id='word_1_718' title='bbox 2007 3099 2062 3151; x_wconf 76' lang='grc'><strong>2.</strong></span> <span class='ocrx_word' id='word_1_719' title='bbox 2105 3097 2214 3150; x_wconf 85' lang='lat' dir='ltr'><strong>Hoc</strong></span> <span class='ocrx_word' id='word_1_720' title='bbox 2242 3112 2505 3150; x_wconf 90' lang='lat' dir='ltr'><strong>summum</strong></span> <span class='ocrx_word' id='word_1_721' title='bbox 2529 3095 2810 3149; x_wconf 86' lang='lat' dir='ltr'><strong>consilium</strong></span> <span class='ocrx_word' id='word_1_722' title='bbox 2841 3101 2944 3158; x_wconf 88' lang='lat' dir='ltr'><strong>est,</strong></span> <span class='ocrx_word' id='word_1_723' title='bbox 2962 3101 3013 3146; x_wconf 90' lang='lat' dir='ltr'><strong>et</strong></span> <span class='ocrx_word' id='word_1_724' title='bbox 3034 3090 3327 3144; x_wconf 87' lang='lat' dir='ltr'><strong>admonitio</strong></span> <span class='ocrx_word' id='word_1_725' title='bbox 3353 3089 3530 3142; x_wconf 81' lang='lat' dir='ltr'><strong>maxi-</strong></span> 
     </span>
    </p>
   </div>
   <div class='ocr_carea' id='block_1_93' title="bbox 1939 3183 3528 3258">
    <p class='ocr_par' dir='ltr' id='par_1_93' title="bbox 1939 3183 3528 3258">
     <span class='ocr_line' id='line_1_93' title="bbox 1939 3183 3528 3258; baseline -0.005 -14"><span class='ocrx_word' id='word_1_726' title='bbox 1939 3203 2023 3244; x_wconf 88' lang='lat' dir='ltr'><strong>me</strong></span> <span class='ocrx_word' id='word_1_727' title='bbox 2047 3204 2260 3258; x_wconf 86' lang='lat' dir='ltr'><strong>cogens.</strong></span> <span class='ocrx_word' id='word_1_728' title='bbox 2298 3189 2512 3242; x_wconf 80' lang='lat' dir='ltr'><strong>Etiamsi</strong></span> <span class='ocrx_word' id='word_1_729' title='bbox 2537 3201 2729 3241; x_wconf 79' lang='lat' dir='ltr'><strong>saxeus</strong></span> <span class='ocrx_word' id='word_1_730' title='bbox 2763 3185 2944 3247; x_wconf 90' lang='lat' dir='ltr'><strong>fueris,</strong></span> <span class='ocrx_word' id='word_1_731' title='bbox 2977 3193 3030 3238; x_wconf 90' lang='lat' dir='ltr'><strong>et</strong></span> <span class='ocrx_word' id='word_1_732' title='bbox 3051 3183 3236 3238; x_wconf 88' lang='lat' dir='ltr'><strong>audias</strong></span> <span class='ocrx_word' id='word_1_733' title='bbox 3259 3225 3275 3249; x_wconf 90' lang='lat'><strong>,</strong></span> <span class='ocrx_word' id='word_1_734' title='bbox 3306 3183 3528 3237; x_wconf 83' lang='lat' dir='ltr'><strong>verbum</strong></span> 
     </span>
    </p>
   </div>
   <div class='ocr_carea' id='block_1_94' title="bbox 1938 3272 3529 3345">
    <p class='ocr_par' dir='ltr' id='par_1_94' title="bbox 1938 3272 3529 3345">
     <span class='ocr_line' id='line_1_94' title="bbox 1938 3272 3529 3345; baseline -0.004 -11"><span class='ocrx_word' id='word_1_735' title='bbox 1938 3281 2040 3335; x_wconf 89' lang='lat' dir='ltr'><strong>hoc</strong></span> <span class='ocrx_word' id='word_1_736' title='bbox 2067 3281 2295 3333; x_wconf 86' lang='lat' dir='ltr'><strong>sufficiet</strong></span> <span class='ocrx_word' id='word_1_737' title='bbox 2317 3279 2380 3332; x_wconf 89' lang='lat' dir='ltr'><strong>ad</strong></span> <span class='ocrx_word' id='word_1_738' title='bbox 2412 3277 2718 3332; x_wconf 89' lang='lat' dir='ltr'><strong>terrendum</strong></span> <span class='ocrx_word' id='word_1_739' title='bbox 2745 3317 2760 3339; x_wconf 98' lang='lat'><strong>,</strong></span> <span class='ocrx_word' id='word_1_740' title='bbox 2787 3288 2841 3331; x_wconf 91' lang='lat' dir='ltr'><strong>et</strong></span> <span class='ocrx_word' id='word_1_741' title='bbox 2869 3275 3292 3345; x_wconf 79' lang='lat' dir='ltr'><strong>provocandum,</strong></span> <span class='ocrx_word' id='word_1_742' title='bbox 3321 3290 3427 3343; x_wconf 88' lang='lat' dir='ltr'><strong>quo</strong></span> <span class='ocrx_word' id='word_1_743' title='bbox 3452 3272 3529 3327; x_wconf 86' lang='lat' dir='ltr'><strong>fe-</strong></span> 
     </span>
    </p>
   </div>
   <div class='ocr_carea' id='block_1_95' title="bbox 1938 3365 3529 3439">
    <p class='ocr_par' dir='ltr' id='par_1_95' title="bbox 1938 3365 3529 3439">
     <span class='ocr_line' id='line_1_95' title="bbox 1938 3365 3529 3439; baseline -0.006 -12"><span class='ocrx_word' id='word_1_744' title='bbox 1938 3388 2025 3427; x_wconf 89' lang='lat' dir='ltr'><strong>ras</strong></span> <span class='ocrx_word' id='word_1_745' title='bbox 2054 3373 2308 3426; x_wconf 77' lang='lat' dir='ltr'><strong>auxilium</strong></span> <span class='ocrx_word' id='word_1_746' title='bbox 2341 3371 2509 3439; x_wconf 80' lang='lat' dir='ltr'><strong>lapso.</strong></span> <span class='ocrx_word' id='word_1_747' title='bbox 2542 3369 2655 3422; x_wconf 83' lang='lat' dir='ltr'><strong>Non</strong></span> <span class='ocrx_word' id='word_1_748' title='bbox 2683 3369 2761 3421; x_wconf 91' lang='lat' dir='ltr'><strong>vis</strong></span> <span class='ocrx_word' id='word_1_749' title='bbox 2781 3409 2796 3433; x_wconf 95' lang='lat'><strong>,</strong></span> <span class='ocrx_word' id='word_1_750' title='bbox 2830 3369 2936 3432; x_wconf 89' lang='lat' dir='ltr'><strong>ait,</strong></span> <span class='ocrx_word' id='word_1_751' title='bbox 2967 3375 3022 3420; x_wconf 91' lang='lat' dir='ltr'><strong>ut</strong></span> <span class='ocrx_word' id='word_1_752' title='bbox 3057 3367 3222 3420; x_wconf 87' lang='lat' dir='ltr'><strong>frater</strong></span> <span class='ocrx_word' id='word_1_753' title='bbox 3251 3365 3529 3419; x_wconf 83' lang='lat' dir='ltr'><strong>misereri?</strong></span> 
     </span>
    </p>
   </div>
   <div class='ocr_carea' id='block_1_96' title="bbox 1939 3457 3528 3518">
    <p class='ocr_par' dir='ltr' id='par_1_96' title="bbox 1939 3457 3528 3518">
     <span class='ocr_line' id='line_1_96' title="bbox 1939 3457 3528 3518; baseline -0.007 0"><span class='ocrx_word' id='word_1_754' title='bbox 1939 3479 2043 3518; x_wconf 92' lang='lat' dir='ltr'><strong>non</strong></span> <span class='ocrx_word' id='word_1_755' title='bbox 2069 3463 2146 3516; x_wconf 87' lang='lat' dir='ltr'><strong>vis</strong></span> <span class='ocrx_word' id='word_1_756' title='bbox 2176 3471 2232 3514; x_wconf 92' lang='lat' dir='ltr'><strong>ut</strong></span> <span class='ocrx_word' id='word_1_757' title='bbox 2258 3461 2561 3515; x_wconf 86' lang='lat' dir='ltr'><strong>hominibus</strong></span> <span class='ocrx_word' id='word_1_758' title='bbox 2589 3459 2882 3514; x_wconf 82' lang='lat' dir='ltr'><strong>Concedere</strong></span> <span class='ocrx_word' id='word_1_759' title='bbox 2920 3457 3173 3511; x_wconf 84' lang='lat' dir='ltr'><strong>veniam?</strong></span> <span class='ocrx_word' id='word_1_760' title='bbox 3202 3471 3305 3509; x_wconf 90' lang='lat' dir='ltr'><strong>non</strong></span> <span class='ocrx_word' id='word_1_761' title='bbox 3347 3457 3426 3508; x_wconf 91' lang='lat' dir='ltr'><strong>vis</strong></span> <span class='ocrx_word' id='word_1_762' title='bbox 3470 3465 3528 3508; x_wconf 92' lang='lat' dir='ltr'><strong>ut</strong></span> 
     </span>
    </p>
   </div>
   <div class='ocr_carea' id='block_1_97' title="bbox 1937 3547 3525 3626">
    <p class='ocr_par' dir='ltr' id='par_1_97' title="bbox 1937 3547 3525 3626">
     <span class='ocr_line' id='line_1_97' title="bbox 1937 3547 3525 3626; baseline -0.008 -14"><span class='ocrx_word' id='word_1_763' title='bbox 1937 3555 2228 3626; x_wconf 82' lang='lat' dir='ltr'><strong>Spiritualis</strong></span> <span class='ocrx_word' id='word_1_764' title='bbox 2258 3570 2471 3608; x_wconf 88' lang='lat' dir='ltr'><strong>manum</strong></span> <span class='ocrx_word' id='word_1_765' title='bbox 2502 3553 2814 3622; x_wconf 84' lang='lat' dir='ltr'><strong>porrigere?</strong></span> <span class='ocrx_word' id='word_1_766' title='bbox 2843 3550 3132 3604; x_wconf 86' lang='lat' dir='ltr'><strong>Considera</strong></span> <span class='ocrx_word' id='word_1_767' title='bbox 3163 3547 3525 3602; x_wconf 85' lang='lat' dir='ltr'><strong>conditionem</strong></span> 
     </span>
    </p>
   </div>
   <div class='ocr_carea' id='block_1_98' title="bbox 1938 3643 3526 3716">
    <p class='ocr_par' dir='ltr' id='par_1_98' title="bbox 1938 3643 3526 3716">
     <span class='ocr_line' id='line_1_98' title="bbox 1938 3643 3526 3716; baseline -0.007 -11"><span class='ocrx_word' id='word_1_768' title='bbox 1938 3661 2080 3705; x_wconf 87' lang='lat' dir='ltr'><strong>tuam</strong></span> <span class='ocrx_word' id='word_1_769' title='bbox 2111 3667 2124 3702; x_wconf 88' lang='lat'><strong>:</strong></span> <span class='ocrx_word' id='word_1_770' title='bbox 2156 3659 2210 3703; x_wconf 87' lang='lat' dir='ltr'><strong>et</strong></span> <span class='ocrx_word' id='word_1_771' title='bbox 2237 3666 2340 3701; x_wconf 91' lang='lat' dir='ltr'><strong>non</strong></span> <span class='ocrx_word' id='word_1_772' title='bbox 2395 3648 2651 3716; x_wconf 86' lang='lat' dir='ltr'><strong>indigebis</strong></span> <span class='ocrx_word' id='word_1_773' title='bbox 2695 3645 3020 3708; x_wconf 87' lang='lat' dir='ltr'><strong>consiliario,</strong></span> <span class='ocrx_word' id='word_1_774' title='bbox 3067 3643 3158 3698; x_wconf 88' lang='lat' dir='ltr'><strong>sed</strong></span> <span class='ocrx_word' id='word_1_775' title='bbox 3193 3659 3288 3712; x_wconf 87' lang='lat' dir='ltr'><strong>per</strong></span> <span class='ocrx_word' id='word_1_776' title='bbox 3337 3649 3526 3696; x_wconf 88' lang='lat' dir='ltr'><strong>temet-</strong></span> 
     </span>
    </p>
   </div>
   <div class='ocr_carea' id='block_1_99' title="bbox 1936 3733 3523 3810">
    <p class='ocr_par' dir='ltr' id='par_1_99' title="bbox 1936 3733 3523 3810">
     <span class='ocr_line' id='line_1_99' title="bbox 1936 3733 3523 3810; baseline -0.007 -15"><span class='ocrx_word' id='word_1_777' title='bbox 1936 3743 2107 3810; x_wconf 90' lang='lat' dir='ltr'><strong>ipsum</strong></span> <span class='ocrx_word' id='word_1_778' title='bbox 2137 3745 2400 3810; x_wconf 85' lang='lat' dir='ltr'><strong>jaeentcm</strong></span> <span class='ocrx_word' id='word_1_779' title='bbox 2423 3739 2650 3808; x_wconf 85' lang='lat' dir='ltr'><strong>juvabis.</strong></span> <span class='ocrx_word' id='word_1_780' title='bbox 2682 3747 2784 3790; x_wconf 89' lang='lat' dir='ltr'><strong>eta</strong></span> <span class='ocrx_word' id='word_1_781' title='bbox 2810 3737 3090 3804; x_wconf 85' lang='lat' dir='ltr'><strong>temetipso</strong></span> <span class='ocrx_word' id='word_1_782' title='bbox 3127 3733 3523 3788; x_wconf 85' lang='lat' dir='ltr'><strong>admoneberis.</strong></span> 
     </span>
    </p>
   </div>
   <div class='ocr_carea' id='block_1_100' title="bbox 1934 3825 3522 3901">
    <p class='ocr_par' dir='ltr' id='par_1_100' title="bbox 1934 3825 3522 3901">
     <span class='ocr_line' id='line_1_100' title="bbox 1934 3825 3522 3901; baseline -0.005 -18"><span class='ocrx_word' id='word_1_783' title='bbox 1934 3834 2052 3898; x_wconf 80' lang='lat' dir='ltr'><strong>Quo</strong></span> <span class='ocrx_word' id='word_1_784' title='bbox 2080 3843 2252 3901; x_wconf 88' lang='lat' dir='ltr'><strong>pacto,</strong></span> <span class='ocrx_word' id='word_1_785' title='bbox 2283 3839 2335 3885; x_wconf 91' lang='lat' dir='ltr'><strong>ct</strong></span> <span class='ocrx_word' id='word_1_786' title='bbox 2364 3847 2469 3898; x_wconf 88' lang='lat' dir='ltr'><strong>quo</strong></span> <span class='ocrx_word' id='word_1_787' title='bbox 2501 3829 2696 3882; x_wconf 79' lang='lat' dir='ltr'><strong>modo?</strong></span> <span class='ocrx_word' id='word_1_788' title='bbox 2721 3825 3408 3893; x_wconf 71' lang='lat' dir='ltr'><strong>Cousideraustechipimm,</strong></span> <span class='ocrx_word' id='word_1_789' title='bbox 3427 3825 3522 3889; x_wconf 86' lang='lat' dir='ltr'><strong>ait,</strong></span> 
     </span>
    </p>
   </div>
   <div class='ocr_carea' id='block_1_101' title="bbox 1934 3921 3522 3988">
    <p class='ocr_par' dir='ltr' id='par_1_101' title="bbox 1934 3921 3522 3988">
     <span class='ocr_line' id='line_1_101' title="bbox 1934 3921 3522 3988; baseline -0.004 -9"><span class='ocrx_word' id='word_1_790' title='bbox 1934 3943 1997 3979; x_wconf 85' lang='lat' dir='ltr'><strong>ue</strong></span> <span class='ocrx_word' id='word_1_791' title='bbox 2023 3937 2068 3977; x_wconf 89' lang='lat' dir='ltr'><strong>et</strong></span> <span class='ocrx_word' id='word_1_792' title='bbox 2095 3937 2146 3978; x_wconf 87' lang='lat' dir='ltr'><strong>tu</strong></span> <span class='ocrx_word' id='word_1_793' title='bbox 2170 3928 2388 3978; x_wconf 76' lang='lat' dir='ltr'><strong>tenteris.</strong></span> <span class='ocrx_word' id='word_1_794' title='bbox 2420 3924 2533 3978; x_wconf 84' lang='lat' dir='ltr'><strong>Non</strong></span> <span class='ocrx_word' id='word_1_795' title='bbox 2557 3923 2685 3976; x_wconf 85' lang='lat' dir='ltr'><strong>dixit</strong></span> <span class='ocrx_word' id='word_1_796' title='bbox 2712 3940 2723 3974; x_wconf 93' lang='lat'><strong>:</strong></span> <span class='ocrx_word' id='word_1_797' title='bbox 2755 3922 2884 3975; x_wconf 82' lang='lat' dir='ltr'><strong>Nam</strong></span> <span class='ocrx_word' id='word_1_798' title='bbox 2915 3921 3134 3974; x_wconf 88' lang='lat' dir='ltr'><strong>omnino</strong></span> <span class='ocrx_word' id='word_1_799' title='bbox 3162 3930 3215 3972; x_wconf 83' lang='lat' dir='ltr'><strong>et</strong></span> <span class='ocrx_word' id='word_1_800' title='bbox 3243 3930 3296 3972; x_wconf 92' lang='lat' dir='ltr'><strong>tu</strong></span> <span class='ocrx_word' id='word_1_801' title='bbox 3331 3933 3522 3988; x_wconf 80' lang='lat' dir='ltr'><strong>pecca-</strong></span> 
     </span>
    </p>
   </div>
   <div class='ocr_carea' id='block_1_102' title="bbox 1935 4010 3524 4084">
    <p class='ocr_par' dir='ltr' id='par_1_102' title="bbox 1935 4010 3524 4084">
     <span class='ocr_line' id='line_1_102' title="bbox 1935 4010 3524 4084; baseline -0.006 -12"><span class='ocrx_word' id='word_1_802' title='bbox 1935 4019 2034 4084; x_wconf 75' lang='lat' dir='ltr'><strong>bis,</strong></span> <span class='ocrx_word' id='word_1_803' title='bbox 2068 4033 2134 4072; x_wconf 86' lang='lat' dir='ltr'><strong>ne</strong></span> <span class='ocrx_word' id='word_1_804' title='bbox 2164 4017 2436 4071; x_wconf 87' lang='lat' dir='ltr'><strong>molestior</strong></span> <span class='ocrx_word' id='word_1_805' title='bbox 2459 4025 2600 4069; x_wconf 80' lang='lat' dir='ltr'><strong>esset</strong></span> <span class='ocrx_word' id='word_1_806' title='bbox 2625 4033 2636 4068; x_wconf 92' lang='lat'><strong>:</strong></span> <span class='ocrx_word' id='word_1_807' title='bbox 2662 4013 2755 4067; x_wconf 88' lang='lat' dir='ltr'><strong>sed</strong></span> <span class='ocrx_word' id='word_1_808' title='bbox 2776 4013 3040 4082; x_wconf 76' lang='lat' dir='ltr'><strong>quomodo</strong></span> <span class='ocrx_word' id='word_1_809' title='bbox 3070 4012 3241 4066; x_wconf 86' lang='lat' dir='ltr'><strong>dixit?</strong></span> <span class='ocrx_word' id='word_1_810' title='bbox 3262 4010 3524 4080; x_wconf 82' lang='lat' dir='ltr'><strong>Nequan-</strong></span> 
     </span>
    </p>
   </div>
   <div class='ocr_carea' id='block_1_103' title="bbox 1931 4100 3518 4173">
    <p class='ocr_par' dir='ltr' id='par_1_103' title="bbox 1931 4100 3518 4173">
     <span class='ocr_line' id='line_1_103' title="bbox 1931 4100 3518 4173; baseline -0.006 -9"><span class='ocrx_word' id='word_1_811' title='bbox 1931 4111 2002 4164; x_wconf 90' lang='lat' dir='ltr'><strong>do</strong></span> <span class='ocrx_word' id='word_1_812' title='bbox 2027 4122 2070 4164; x_wconf 85' lang='lat' dir='ltr'><strong>et</strong></span> <span class='ocrx_word' id='word_1_813' title='bbox 2096 4121 2146 4162; x_wconf 90' lang='lat' dir='ltr'><strong>tu</strong></span> <span class='ocrx_word' id='word_1_814' title='bbox 2174 4109 2394 4161; x_wconf 81' lang='lat' dir='ltr'><strong>tenteris.</strong></span> <span class='ocrx_word' id='word_1_815' title='bbox 2445 4107 2581 4160; x_wconf 83' lang='lat' dir='ltr'><strong>Fieri</strong></span> <span class='ocrx_word' id='word_1_816' title='bbox 2633 4105 2774 4158; x_wconf 89' lang='lat' dir='ltr'><strong>enim</strong></span> <span class='ocrx_word' id='word_1_817' title='bbox 2807 4112 2984 4173; x_wconf 81' lang='lat' dir='ltr'><strong>potest</strong></span> <span class='ocrx_word' id='word_1_818' title='bbox 3029 4112 3084 4155; x_wconf 89' lang='lat' dir='ltr'><strong>ut</strong></span> <span class='ocrx_word' id='word_1_819' title='bbox 3134 4117 3320 4171; x_wconf 84' lang='lat' dir='ltr'><strong>pecces</strong></span> <span class='ocrx_word' id='word_1_820' title='bbox 3355 4118 3368 4154; x_wconf 89' lang='lat'><strong>:</strong></span> <span class='ocrx_word' id='word_1_821' title='bbox 3404 4100 3518 4154; x_wconf 84' lang='lat' dir='ltr'><strong>fieri</strong></span> 
     </span>
    </p>
   </div>
   <div class='ocr_carea' id='block_1_104' title="bbox 1931 4195 3522 4270">
    <p class='ocr_par' dir='ltr' id='par_1_104' title="bbox 1931 4195 3522 4270">
     <span class='ocr_line' id='line_1_104' title="bbox 1931 4195 3522 4270; baseline -0.006 -14"><span class='ocrx_word' id='word_1_822' title='bbox 1931 4203 2093 4257; x_wconf 80' lang='lat' dir='ltr'><strong>etiam</strong></span> <span class='ocrx_word' id='word_1_823' title='bbox 2123 4210 2294 4270; x_wconf 81' lang='lat' dir='ltr'><strong>potest</strong></span> <span class='ocrx_word' id='word_1_824' title='bbox 2326 4208 2380 4253; x_wconf 91' lang='lat' dir='ltr'><strong>ut</strong></span> <span class='ocrx_word' id='word_1_825' title='bbox 2431 4215 2534 4252; x_wconf 90' lang='lat' dir='ltr'><strong>non</strong></span> <span class='ocrx_word' id='word_1_826' title='bbox 2565 4213 2769 4268; x_wconf 80' lang='lat' dir='ltr'><strong>pecces.</strong></span> <span class='ocrx_word' id='word_1_827' title='bbox 2807 4198 2869 4251; x_wconf 83' lang='lat' dir='ltr'><strong>Et</strong></span> <span class='ocrx_word' id='word_1_828' title='bbox 2897 4197 3018 4266; x_wconf 90' lang='lat' dir='ltr'><strong>quia</strong></span> <span class='ocrx_word' id='word_1_829' title='bbox 3050 4198 3308 4250; x_wconf 89' lang='lat' dir='ltr'><strong>incertum</strong></span> <span class='ocrx_word' id='word_1_830' title='bbox 3333 4206 3413 4249; x_wconf 89' lang='lat' dir='ltr'><strong>est</strong></span> <span class='ocrx_word' id='word_1_831' title='bbox 3437 4195 3522 4247; x_wconf 84' lang='lat' dir='ltr'><strong>fu-</strong></span> 
     </span>
    </p>
   </div>
   <div class='ocr_carea' id='block_1_105' title="bbox 1934 4285 3522 4360">
    <p class='ocr_par' dir='ltr' id='par_1_105' title="bbox 1934 4285 3522 4360">
     <span class='ocr_line' id='line_1_105' title="bbox 1934 4285 3522 4360; baseline -0.006 -13"><span class='ocrx_word' id='word_1_832' title='bbox 1934 4304 2129 4353; x_wconf 77' lang='lat' dir='ltr'><strong>turum,</strong></span> <span class='ocrx_word' id='word_1_833' title='bbox 2165 4306 2292 4360; x_wconf 87' lang='lat' dir='ltr'><strong>para</strong></span> <span class='ocrx_word' id='word_1_834' title='bbox 2343 4291 2432 4345; x_wconf 90' lang='lat' dir='ltr'><strong>tibi</strong></span> <span class='ocrx_word' id='word_1_835' title='bbox 2481 4289 2861 4344; x_wconf 74' lang='lat' dir='ltr'><strong>misericordize</strong></span> <span class='ocrx_word' id='word_1_836' title='bbox 2911 4288 3206 4356; x_wconf 79' lang='lat' dir='ltr'><strong>sportulas,</strong></span> <span class='ocrx_word' id='word_1_837' title='bbox 3259 4301 3392 4356; x_wconf 87' lang='lat' dir='ltr'><strong>quas</strong></span> <span class='ocrx_word' id='word_1_838' title='bbox 3447 4285 3522 4338; x_wconf 91' lang='lat' dir='ltr'><strong>illi</strong></span> 
     </span>
    </p>
   </div>
   <div class='ocr_carea' id='block_1_106' title="bbox 1931 4377 3522 4452">
    <p class='ocr_par' dir='ltr' id='par_1_106' title="bbox 1931 4377 3522 4452">
     <span class='ocr_line' id='line_1_106' title="bbox 1931 4377 3522 4452; baseline -0.008 -12"><span class='ocrx_word' id='word_1_839' title='bbox 1931 4386 1964 4440; x_wconf 91' lang='lat' dir='ltr'><strong>d</strong></span> <span class='ocrx_word' id='word_1_840' title='bbox 1992 4402 2122 4451; x_wconf 87' lang='lat' dir='ltr'><strong>-nes,</strong></span> <span class='ocrx_word' id='word_1_841' title='bbox 2154 4394 2207 4438; x_wconf 90' lang='lat' dir='ltr'><strong>ut</strong></span> <span class='ocrx_word' id='word_1_842' title='bbox 2249 4399 2342 4452; x_wconf 90' lang='lat' dir='ltr'><strong>per</strong></span> <span class='ocrx_word' id='word_1_843' title='bbox 2369 4383 2456 4438; x_wconf 89' lang='lat' dir='ltr'><strong>illa</strong></span> <span class='ocrx_word' id='word_1_844' title='bbox 2473 4398 2602 4451; x_wconf 82' lang='lat' dir='ltr'><strong>.qu;e</strong></span> <span class='ocrx_word' id='word_1_845' title='bbox 2654 4383 2895 4450; x_wconf 73' lang='lat' dir='ltr'><strong>proximo</strong></span> <span class='ocrx_word' id='word_1_846' title='bbox 2940 4379 3240 4445; x_wconf 72' lang='lat' dir='ltr'><strong>imjendis,</strong></span> <span class='ocrx_word' id='word_1_847' title='bbox 3271 4377 3313 4430; x_wconf 91' lang='lat' dir='ltr'><strong>si</strong></span> <span class='ocrx_word' id='word_1_848' title='bbox 3363 4386 3415 4428; x_wconf 91' lang='lat' dir='ltr'><strong>ct</strong></span> <span class='ocrx_word' id='word_1_849' title='bbox 3466 4384 3522 4428; x_wconf 89' lang='lat' dir='ltr'><strong>tu</strong></span> 
     </span>
    </p>
   </div>
   <div class='ocr_carea' id='block_1_107' title="bbox 1929 4465 3522 4546">
    <p class='ocr_par' dir='ltr' id='par_1_107' title="bbox 1929 4465 3522 4546">
     <span class='ocr_line' id='line_1_107' title="bbox 1929 4465 3522 4546; baseline -0.008 -15"><span class='ocrx_word' id='word_1_850' title='bbox 1929 4476 2214 4546; x_wconf 81' lang='lat' dir='ltr'><strong>aliquando</strong></span> <span class='ocrx_word' id='word_1_851' title='bbox 2238 4476 2415 4544; x_wconf 89' lang='lat' dir='ltr'><strong>lapsus</strong></span> <span class='ocrx_word' id='word_1_852' title='bbox 2436 4473 2600 4527; x_wconf 89' lang='lat' dir='ltr'><strong>fueris</strong></span> <span class='ocrx_word' id='word_1_853' title='bbox 2623 4514 2637 4538; x_wconf 98' lang='lat'><strong>,</strong></span> <span class='ocrx_word' id='word_1_854' title='bbox 2673 4471 2914 4525; x_wconf 90' lang='lat' dir='ltr'><strong>invenias</strong></span> <span class='ocrx_word' id='word_1_855' title='bbox 2965 4466 3323 4538; x_wconf 86' lang='lat' dir='ltr'><strong>promptuaria</strong></span> <span class='ocrx_word' id='word_1_856' title='bbox 3361 4465 3522 4519; x_wconf 79' lang='lat' dir='ltr'><strong>mise-</strong></span> 
     </span>
    </p>
   </div>
   <div class='ocr_carea' id='block_1_108' title="bbox 1930 4561 3518 4630">
    <p class='ocr_par' dir='ltr' id='par_1_108' title="bbox 1930 4561 3518 4630">
     <span class='ocr_line' id='line_1_108' title="bbox 1930 4561 3518 4630; baseline -0.008 -6"><span class='ocrx_word' id='word_1_857' title='bbox 1930 4571 2136 4624; x_wconf 89' lang='lat' dir='ltr'><strong>ratione</strong></span> <span class='ocrx_word' id='word_1_858' title='bbox 2179 4568 2395 4621; x_wconf 88' lang='lat' dir='ltr'><strong>referta.</strong></span> <span class='ocrx_word' id='word_1_859' title='bbox 2448 4565 2562 4620; x_wconf 88' lang='lat' dir='ltr'><strong>Non</strong></span> <span class='ocrx_word' id='word_1_860' title='bbox 2594 4565 2750 4626; x_wconf 89' lang='lat' dir='ltr'><strong>dixit,</strong></span> <span class='ocrx_word' id='word_1_861' title='bbox 2796 4562 2871 4616; x_wconf 80' lang='lat' dir='ltr'><strong>Ne</strong></span> <span class='ocrx_word' id='word_1_862' title='bbox 2900 4561 3113 4630; x_wconf 90' lang='lat' dir='ltr'><strong>quando</strong></span> <span class='ocrx_word' id='word_1_863' title='bbox 3140 4570 3192 4614; x_wconf 93' lang='lat' dir='ltr'><strong>ct</strong></span> <span class='ocrx_word' id='word_1_864' title='bbox 3221 4569 3274 4611; x_wconf 92' lang='lat' dir='ltr'><strong>tu</strong></span> <span class='ocrx_word' id='word_1_865' title='bbox 3305 4572 3518 4627; x_wconf 82' lang='lat' dir='ltr'><strong>pecces,</strong></span> 
     </span>
    </p>
   </div>
   <div class='ocr_carea' id='block_1_109' title="bbox 1932 4649 3518 4729">
    <p class='ocr_par' dir='ltr' id='par_1_109' title="bbox 1932 4649 3518 4729">
     <span class='ocr_line' id='line_1_109' title="bbox 1932 4649 3518 4729; baseline -0.008 -15"><span class='ocrx_word' id='word_1_866' title='bbox 1932 4676 1999 4714; x_wconf 91' lang='lat' dir='ltr'><strong>ne</strong></span> <span class='ocrx_word' id='word_1_867' title='bbox 2027 4660 2237 4729; x_wconf 88' lang='lat' dir='ltr'><strong>quando</strong></span> <span class='ocrx_word' id='word_1_868' title='bbox 2264 4671 2311 4711; x_wconf 90' lang='lat' dir='ltr'><strong>et</strong></span> <span class='ocrx_word' id='word_1_869' title='bbox 2343 4667 2395 4712; x_wconf 92' lang='lat' dir='ltr'><strong>tu</strong></span> <span class='ocrx_word' id='word_1_870' title='bbox 2431 4658 2589 4710; x_wconf 90' lang='lat' dir='ltr'><strong>cadas</strong></span> <span class='ocrx_word' id='word_1_871' title='bbox 2620 4673 2632 4707; x_wconf 89' lang='lat'>:</span> <span class='ocrx_word' id='word_1_872' title='bbox 2666 4654 2926 4708; x_wconf 85' lang='lat' dir='ltr'><strong>attendite</strong></span> <span class='ocrx_word' id='word_1_873' title='bbox 2971 4653 3258 4721; x_wconf 86' lang='lat' dir='ltr'><strong>diligenter</strong></span> <span class='ocrx_word' id='word_1_874' title='bbox 3295 4650 3360 4703; x_wconf 88' lang='lat' dir='ltr'><strong>ad</strong></span> <span class='ocrx_word' id='word_1_875' title='bbox 3410 4649 3518 4703; x_wconf 87' lang='lat' dir='ltr'><strong>vim</strong></span> 
     </span>
    </p>
   </div>
   <div class='ocr_carea' id='block_1_110' title="bbox 1932 4743 3517 4818">
    <p class='ocr_par' dir='ltr' id='par_1_110' title="bbox 1932 4743 3517 4818">
     <span class='ocr_line' id='line_1_110' title="bbox 1932 4743 3517 4818; baseline -0.006 -14"><span class='ocrx_word' id='word_1_876' title='bbox 1932 4752 2215 4807; x_wconf 87' lang='lat' dir='ltr'><strong>verborum</strong></span> <span class='ocrx_word' id='word_1_877' title='bbox 2260 4751 2499 4818; x_wconf 90' lang='lat' dir='ltr'><strong>ipsorum</strong></span> <span class='ocrx_word' id='word_1_878' title='bbox 2529 4766 2539 4800; x_wconf 88' lang='lat'><strong>:</strong></span> <span class='ocrx_word' id='word_1_879' title='bbox 2567 4746 2658 4801; x_wconf 91' lang='lat' dir='ltr'><strong>sed</strong></span> <span class='ocrx_word' id='word_1_880' title='bbox 2683 4788 2698 4811; x_wconf 92' lang='lat'><strong>,</strong></span> <span class='ocrx_word' id='word_1_881' title='bbox 2755 4744 2839 4798; x_wconf 78' lang='lat' dir='ltr'><strong>Ne</strong></span> <span class='ocrx_word' id='word_1_882' title='bbox 2892 4744 3106 4815; x_wconf 87' lang='lat' dir='ltr'><strong>quando</strong></span> <span class='ocrx_word' id='word_1_883' title='bbox 3136 4753 3180 4797; x_wconf 87' lang='lat' dir='ltr'><strong>et</strong></span> <span class='ocrx_word' id='word_1_884' title='bbox 3210 4752 3264 4796; x_wconf 79' lang='lat' dir='ltr'><strong>tu</strong></span> <span class='ocrx_word' id='word_1_885' title='bbox 3293 4743 3517 4796; x_wconf 74' lang='lat' dir='ltr'><strong>tentet-is.</strong></span> 
     </span>
    </p>
   </div>
   <div class='ocr_carea' id='block_1_111' title="bbox 1929 4837 3520 4912">
    <p class='ocr_par' dir='ltr' id='par_1_111' title="bbox 1929 4837 3520 4912">
     <span class='ocr_line' id='line_1_111' title="bbox 1929 4837 3520 4912; baseline -0.006 -14"><span class='ocrx_word' id='word_1_886' title='bbox 1929 4846 2048 4912; x_wconf 84' lang='lat' dir='ltr'><strong>Quo</strong></span> <span class='ocrx_word' id='word_1_887' title='bbox 2078 4843 2234 4897; x_wconf 90' lang='lat' dir='ltr'><strong>simul</strong></span> <span class='ocrx_word' id='word_1_888' title='bbox 2284 4842 2581 4906; x_wconf 92' lang='lat' dir='ltr'><strong>indicatur,</strong></span> <span class='ocrx_word' id='word_1_889' title='bbox 2613 4853 2711 4894; x_wconf 91' lang='lat' dir='ltr'><strong>nos</strong></span> <span class='ocrx_word' id='word_1_890' title='bbox 2743 4839 2941 4892; x_wconf 89' lang='lat' dir='ltr'><strong>habere</strong></span> <span class='ocrx_word' id='word_1_891' title='bbox 2978 4837 3250 4891; x_wconf 89' lang='lat' dir='ltr'><strong>inimicum</strong></span> <span class='ocrx_word' id='word_1_892' title='bbox 3291 4843 3520 4890; x_wconf 88' lang='lat' dir='ltr'><strong>tentato-</strong></span> 
     </span>
    </p>
   </div>
   <div class='ocr_carea' id='block_1_112' title="bbox 1930 4925 3518 4996">
    <p class='ocr_par' dir='ltr' id='par_1_112' title="bbox 1930 4925 3518 4996">
     <span class='ocr_line' id='line_1_112' title="bbox 1930 4925 3518 4996; baseline -0.008 -6"><span class='ocrx_word' id='word_1_893' title='bbox 1930 4952 2040 4991; x_wconf 90' lang='lat' dir='ltr'><strong>rem</strong></span> <span class='ocrx_word' id='word_1_894' title='bbox 2073 4952 2084 4988; x_wconf 92' lang='lat'>:</span> <span class='ocrx_word' id='word_1_895' title='bbox 2118 4945 2168 4989; x_wconf 88' lang='lat' dir='ltr'><strong>et</strong></span> <span class='ocrx_word' id='word_1_896' title='bbox 2207 4942 2437 4988; x_wconf 81' lang='lat' dir='ltr'><strong>tentatur</strong></span> <span class='ocrx_word' id='word_1_897' title='bbox 2460 4947 2564 4985; x_wconf 91' lang='lat' dir='ltr'><strong>non</strong></span> <span class='ocrx_word' id='word_1_898' title='bbox 2591 4938 2845 4985; x_wconf 88' lang='lat' dir='ltr'><strong>statutum</strong></span> <span class='ocrx_word' id='word_1_899' title='bbox 2878 4929 3155 4983; x_wconf 91' lang='lat' dir='ltr'><strong>insidiandi</strong></span> <span class='ocrx_word' id='word_1_900' title='bbox 3186 4935 3393 4996; x_wconf 88' lang='lat' dir='ltr'><strong>tempus</strong></span> <span class='ocrx_word' id='word_1_901' title='bbox 3420 4925 3518 4978; x_wconf 85' lang='lat' dir='ltr'><strong>ha-</strong></span> 
     </span>
    </p>
   </div>
   <div class='ocr_carea' id='block_1_113' title="bbox 1931 5017 3518 5097">
    <p class='ocr_par' dir='ltr' id='par_1_113' title="bbox 1931 5017 3518 5097">
     <span class='ocr_line' id='line_1_113' title="bbox 1931 5017 3518 5097; baseline -0.009 -14"><span class='ocrx_word' id='word_1_902' title='bbox 1931 5029 2055 5090; x_wconf 86' lang='lat' dir='ltr'><strong>bet;</strong></span> <span class='ocrx_word' id='word_1_903' title='bbox 2089 5030 2401 5097; x_wconf 90' lang='lat' dir='ltr'><strong>plerumque</strong></span> <span class='ocrx_word' id='word_1_904' title='bbox 2427 5026 2568 5080; x_wconf 87' lang='lat' dir='ltr'><strong>enim</strong></span> <span class='ocrx_word' id='word_1_905' title='bbox 2593 5025 2642 5078; x_wconf 91' lang='lat' dir='ltr'><strong>in</strong></span> <span class='ocrx_word' id='word_1_906' title='bbox 2677 5038 2773 5077; x_wconf 90' lang='lat' dir='ltr'><strong>nos</strong></span> <span class='ocrx_word' id='word_1_907' title='bbox 2803 5022 3135 5076; x_wconf 85' lang='lat' dir='ltr'><strong>dormientes</strong></span> <span class='ocrx_word' id='word_1_908' title='bbox 3161 5029 3212 5072; x_wconf 88' lang='lat' dir='ltr'><strong>et</strong></span> <span class='ocrx_word' id='word_1_909' title='bbox 3242 5017 3518 5087; x_wconf 80' lang='lat' dir='ltr'><strong>negligen-</strong></span> 
     </span>
    </p>
   </div>
   <div class='ocr_carea' id='block_1_114' title="bbox 1932 5107 3520 5188">
    <p class='ocr_par' dir='ltr' id='par_1_114' title="bbox 1932 5107 3520 5188">
     <span class='ocr_line' id='line_1_114' title="bbox 1932 5107 3520 5188; baseline -0.009 -14"><span class='ocrx_word' id='word_1_910' title='bbox 1932 5130 2012 5174; x_wconf 90' lang='lat' dir='ltr'><strong>tes</strong></span> <span class='ocrx_word' id='word_1_911' title='bbox 2041 5122 2293 5188; x_wconf 89' lang='lat' dir='ltr'><strong>impetum</strong></span> <span class='ocrx_word' id='word_1_912' title='bbox 2325 5118 2449 5171; x_wconf 90' lang='lat' dir='ltr'><strong>facit</strong></span> <span class='ocrx_word' id='word_1_913' title='bbox 2475 5135 2487 5170; x_wconf 93' lang='lat'><strong>:</strong></span> <span class='ocrx_word' id='word_1_914' title='bbox 2512 5125 2566 5169; x_wconf 88' lang='lat' dir='ltr'><strong>et</strong></span> <span class='ocrx_word' id='word_1_915' title='bbox 2595 5116 2791 5169; x_wconf 88' lang='lat' dir='ltr'><strong>idcirco</strong></span> <span class='ocrx_word' id='word_1_916' title='bbox 2815 5119 3212 5184; x_wconf 66' lang='lat' dir='ltr'><strong>praeoccupatus</strong></span> <span class='ocrx_word' id='word_1_917' title='bbox 3241 5109 3328 5162; x_wconf 87' lang='lat' dir='ltr'><strong>ille</strong></span> <span class='ocrx_word' id='word_1_918' title='bbox 3350 5107 3520 5175; x_wconf 84' lang='lat' dir='ltr'><strong>magis</strong></span> 
     </span>
    </p>
   </div>
   <div class='ocr_carea' id='block_1_115' title="bbox 1929 5205 3518 5282">
    <p class='ocr_par' dir='ltr' id='par_1_115' title="bbox 1929 5205 3518 5282">
     <span class='ocr_line' id='line_1_115' title="bbox 1929 5205 3518 5282; baseline -0.011 -17"><span class='ocrx_word' id='word_1_919' title='bbox 1929 5213 2118 5282; x_wconf 83' lang='lat' dir='ltr'><strong>dignus</strong></span> <span class='ocrx_word' id='word_1_920' title='bbox 2146 5219 2227 5264; x_wconf 85' lang='lat' dir='ltr'><strong>est</strong></span> <span class='ocrx_word' id='word_1_921' title='bbox 2247 5252 2259 5271; x_wconf 86' lang='lat'><strong>,</strong></span> <span class='ocrx_word' id='word_1_922' title='bbox 2285 5211 2368 5264; x_wconf 92' lang='lat' dir='ltr'><strong>cui</strong></span> <span class='ocrx_word' id='word_1_923' title='bbox 2402 5207 2736 5261; x_wconf 84' lang='lat' dir='ltr'><strong>condonctur</strong></span> <span class='ocrx_word' id='word_1_924' title='bbox 2757 5247 2770 5268; x_wconf 92' lang='lat'><strong>,</strong></span> <span class='ocrx_word' id='word_1_925' title='bbox 2793 5205 3046 5272; x_wconf 89' lang='lat' dir='ltr'><strong>quoniam</strong></span> <span class='ocrx_word' id='word_1_926' title='bbox 3080 5215 3107 5252; x_wconf 90' lang='lat' dir='ltr'><strong>a</strong></span> <span class='ocrx_word' id='word_1_927' title='bbox 3142 5207 3403 5252; x_wconf 87' lang='lat' dir='ltr'><strong>tentatore</strong></span> <span class='ocrx_word' id='word_1_928' title='bbox 3428 5210 3518 5249; x_wconf 87' lang='lat' dir='ltr'><strong>ca-</strong></span> 
     </span>
    </p>
   </div>
   <div class='ocr_carea' id='block_1_116' title="bbox 1931 5293 3517 5372">
    <p class='ocr_par' dir='ltr' id='par_1_116' title="bbox 1931 5293 3517 5372">
     <span class='ocr_line' id='line_1_116' title="bbox 1931 5293 3517 5372; baseline -0.009 -16"><span class='ocrx_word' id='word_1_929' title='bbox 1931 5313 2052 5372; x_wconf 89' lang='lat' dir='ltr'><strong>ptus</strong></span> <span class='ocrx_word' id='word_1_930' title='bbox 2083 5310 2183 5355; x_wconf 86' lang='lat' dir='ltr'><strong>est.</strong></span> <span class='ocrx_word' id='word_1_931' title='bbox 2245 5301 2358 5356; x_wconf 87' lang='lat' dir='ltr'><strong>Non</strong></span> <span class='ocrx_word' id='word_1_932' title='bbox 2404 5302 2544 5355; x_wconf 89' lang='lat' dir='ltr'><strong>enim</strong></span> <span class='ocrx_word' id='word_1_933' title='bbox 2572 5315 2618 5353; x_wconf 78' lang='lat' dir='ltr'><strong>et</strong></span> <span class='ocrx_word' id='word_1_934' title='bbox 2633 5307 2687 5351; x_wconf 85' lang='lat' dir='ltr'><strong>at</strong></span> <span class='ocrx_word' id='word_1_935' title='bbox 2716 5297 2765 5350; x_wconf 91' lang='lat' dir='ltr'><strong>ei</strong></span> <span class='ocrx_word' id='word_1_936' title='bbox 2806 5293 3081 5348; x_wconf 81' lang='lat' dir='ltr'><strong>manifesta</strong></span> <span class='ocrx_word' id='word_1_937' title='bbox 3107 5304 3312 5360; x_wconf 66' lang='lat' dir='ltr'><strong>pugna,</strong></span> <span class='ocrx_word' id='word_1_938' title='bbox 3345 5302 3517 5356; x_wconf 89' lang='lat' dir='ltr'><strong>neque</strong></span> 
     </span>
    </p>
   </div>
   <div class='ocr_carea' id='block_1_117' title="bbox 1931 5377 3517 5455">
    <p class='ocr_par' dir='ltr' id='par_1_117' title="bbox 1931 5377 3517 5455">
     <span class='ocr_line' id='line_1_117' title="bbox 1931 5377 3517 5455; baseline -0.011 -9"><span class='ocrx_word' id='word_1_939' title='bbox 1931 5394 2210 5447; x_wconf 88' lang='lat' dir='ltr'><strong>condictus</strong></span> <span class='ocrx_word' id='word_1_940' title='bbox 2237 5391 2353 5446; x_wconf 89' lang='lat' dir='ltr'><strong>dies</strong></span> <span class='ocrx_word' id='word_1_941' title='bbox 2383 5390 2503 5444; x_wconf 89' lang='lat' dir='ltr'><strong>belli</strong></span> <span class='ocrx_word' id='word_1_942' title='bbox 2527 5429 2542 5455; x_wconf 94' lang='lat'><strong>,</strong></span> <span class='ocrx_word' id='word_1_943' title='bbox 2574 5388 2668 5444; x_wconf 91' lang='lat' dir='ltr'><strong>scd</strong></span> <span class='ocrx_word' id='word_1_944' title='bbox 2692 5389 2742 5442; x_wconf 90' lang='lat' dir='ltr'><strong>in</strong></span> <span class='ocrx_word' id='word_1_945' title='bbox 2775 5387 3045 5440; x_wconf 88' lang='lat' dir='ltr'><strong>incautum</strong></span> <span class='ocrx_word' id='word_1_946' title='bbox 3075 5382 3324 5449; x_wconf 85' lang='lat' dir='ltr'><strong>impetum</strong></span> <span class='ocrx_word' id='word_1_947' title='bbox 3351 5377 3476 5432; x_wconf 90' lang='lat' dir='ltr'><strong>fecit</strong></span> <span class='ocrx_word' id='word_1_948' title='bbox 3499 5415 3517 5444; x_wconf 90' lang='lat'><strong>,</strong></span> 
     </span>
    </p>
   </div>
   <div class='ocr_carea' id='block_1_118' title="bbox 1930 5469 3517 5552">
    <p class='ocr_par' dir='ltr' id='par_1_118' title="bbox 1930 5469 3517 5552">
     <span class='ocr_line' id='line_1_118' title="bbox 1930 5469 3517 5552; baseline -0.011 -15"><span class='ocrx_word' id='word_1_949' title='bbox 1930 5494 2087 5552; x_wconf 89' lang='lat' dir='ltr'><strong>atque</strong></span> <span class='ocrx_word' id='word_1_950' title='bbox 2117 5484 2314 5538; x_wconf 89' lang='lat' dir='ltr'><strong>idcirco</strong></span> <span class='ocrx_word' id='word_1_951' title='bbox 2342 5481 2632 5548; x_wconf 88' lang='lat' dir='ltr'><strong>superavit.</strong></span> <span class='ocrx_word' id='word_1_952' title='bbox 2677 5478 2765 5534; x_wconf 88' lang='lat' dir='ltr'><strong>Sic</strong></span> <span class='ocrx_word' id='word_1_953' title='bbox 2812 5486 2988 5531; x_wconf 57' lang='lat' dir='ltr'><strong>nauta</strong></span> <span class='ocrx_word' id='word_1_954' title='bbox 3043 5485 3254 5542; x_wconf 86' lang='lat' dir='ltr'><strong>quoque</strong></span> <span class='ocrx_word' id='word_1_955' title='bbox 3294 5469 3517 5531; x_wconf 84' lang='lat' dir='ltr'><strong>faciunt,</strong></span> 
     </span>
    </p>
   </div>
   <div class='ocr_carea' id='block_1_119' title="bbox 1929 5562 3515 5644">
    <p class='ocr_par' dir='ltr' id='par_1_119' title="bbox 1929 5562 3515 5644">
     <span class='ocr_line' id='line_1_119' title="bbox 1929 5562 3515 5644; baseline -0.009 -14"><span class='ocrx_word' id='word_1_956' title='bbox 1929 5591 2050 5630; x_wconf 88' lang='lat' dir='ltr'><strong>cum</strong></span> <span class='ocrx_word' id='word_1_957' title='bbox 2083 5591 2178 5644; x_wconf 87' lang='lat' dir='ltr'><strong>per</strong></span> <span class='ocrx_word' id='word_1_958' title='bbox 2207 5589 2456 5642; x_wconf 81' lang='lat' dir='ltr'><strong>magnum</strong></span> <span class='ocrx_word' id='word_1_959' title='bbox 2485 5581 2538 5626; x_wconf 92' lang='lat' dir='ltr'><strong>et</strong></span> <span class='ocrx_word' id='word_1_960' title='bbox 2559 5572 2856 5640; x_wconf 78' lang='lat' dir='ltr'><strong>Spatiosum</strong></span> <span class='ocrx_word' id='word_1_961' title='bbox 2889 5583 3035 5623; x_wconf 91' lang='lat' dir='ltr'><strong>mare</strong></span> <span class='ocrx_word' id='word_1_962' title='bbox 3067 5566 3332 5636; x_wconf 89' lang='lat' dir='ltr'><strong>navigant.</strong></span> <span class='ocrx_word' id='word_1_963' title='bbox 3371 5562 3515 5617; x_wconf 85' lang='lat' dir='ltr'><strong>Licet</strong></span> 
     </span>
    </p>
   </div>
   <div class='ocr_carea' id='block_1_120' title="bbox 1933 5655 3513 5738">
    <p class='ocr_par' dir='ltr' id='par_1_120' title="bbox 1933 5655 3513 5738">
     <span class='ocr_line' id='line_1_120' title="bbox 1933 5655 3513 5738; baseline -0.008 -18"><span class='ocrx_word' id='word_1_964' title='bbox 1933 5668 2082 5720; x_wconf 89' lang='lat' dir='ltr'><strong>navis</strong></span> <span class='ocrx_word' id='word_1_965' title='bbox 2107 5665 2346 5720; x_wconf 86' lang='lat' dir='ltr'><strong>secundo</strong></span> <span class='ocrx_word' id='word_1_966' title='bbox 2368 5673 2528 5738; x_wconf 85' lang='lat' dir='ltr'><strong>vento</strong></span> <span class='ocrx_word' id='word_1_967' title='bbox 2555 5661 2792 5725; x_wconf 81' lang='lat' dir='ltr'><strong>feratur,</strong></span> <span class='ocrx_word' id='word_1_968' title='bbox 2828 5661 2951 5714; x_wconf 88' lang='lat' dir='ltr'><strong>licet</strong></span> <span class='ocrx_word' id='word_1_969' title='bbox 2986 5659 3127 5713; x_wconf 89' lang='lat' dir='ltr'><strong>omni</strong></span> <span class='ocrx_word' id='word_1_970' title='bbox 3160 5655 3401 5709; x_wconf 89' lang='lat' dir='ltr'><strong>fruantur</strong></span> <span class='ocrx_word' id='word_1_971' title='bbox 3433 5669 3513 5708; x_wconf 88' lang='lat' dir='ltr'><strong>se-</strong></span> 
     </span>
    </p>
   </div>
   <div class='ocr_carea' id='block_1_121' title="bbox 1937 5743 3513 5823">
    <p class='ocr_par' dir='ltr' id='par_1_121' title="bbox 1937 5743 3513 5823">
     <span class='ocr_line' id='line_1_121' title="bbox 1937 5743 3513 5823; baseline -0.009 -13"><span class='ocrx_word' id='word_1_972' title='bbox 1937 5757 2183 5823; x_wconf 82' lang='lat' dir='ltr'><strong>curitate,</strong></span> <span class='ocrx_word' id='word_1_973' title='bbox 2212 5767 2331 5808; x_wconf 91' lang='lat' dir='ltr'><strong>cum</strong></span> <span class='ocrx_word' id='word_1_974' title='bbox 2361 5762 2537 5809; x_wconf 81' lang='lat' dir='ltr'><strong>tamen</strong></span> <span class='ocrx_word' id='word_1_975' title='bbox 2567 5751 2794 5808; x_wconf 81' lang='lat' dir='ltr'><strong>viderint</strong></span> <span class='ocrx_word' id='word_1_976' title='bbox 2821 5749 2955 5804; x_wconf 90' lang='lat' dir='ltr'><strong>alios</strong></span> <span class='ocrx_word' id='word_1_977' title='bbox 2980 5747 3060 5803; x_wconf 86' lang='lat' dir='ltr'><strong>vel</strong></span> <span class='ocrx_word' id='word_1_978' title='bbox 3088 5745 3271 5819; x_wconf 90' lang='lat' dir='ltr'><strong>procul</strong></span> <span class='ocrx_word' id='word_1_979' title='bbox 3305 5743 3513 5800; x_wconf 84' lang='lat' dir='ltr'><strong>naufra-</strong></span> 
     </span>
    </p>
   </div>
  </div>
