3964 6432
293 331 399 385 625

287 451 560 522 πρέπειαν
584 449 893 520 βλέποντες,
921 450 1016 519 τῆς
1039 449 1260 502 ἐκείνων
1291 449 1694 522 καταφρονοῦσι
1725 467 1834 519 συμ
1852 477 1865 490 ο

289 544 498 613 φοράς·
532 542 669 595 ἀλλά
718 542 778 594 τὸ
815 541 992 594 πλοῖον
1025 542 1344 612 στήσαντες,
1373 544 1590 606 καὶτὰς
1623 543 1869 614 ἀγκύρας

287 634 650 704 χαλάσαντες,
683 634 778 686 καὶ
804 632 872 685 τά
905 633 1046 685 ίστία
1103 633 1446 698 καθελόντες,
1469 633 1870 699 ἐξακοντίζουσι

291 726 558 796 σχοίνους,
610 725 702 778 καὶ
751 724 1005 796 ῥίπτουσι
1063 724 1300 788 σανίδας,
1334 724 1479 779 ὥστε
1523 727 1728 779 ἐκεῖνον
1777 726 1871 780 τὸν

288 818 397 870 ὑπὸ
425 818 534 870 τῶν
555 816 816 887 κυμάτων
841 816 1200 886 βαπτίζεσθαι
1231 816 1492 888 μέλλοντα
1516 817 1636 880 ἐνὸς
1664 817 1867 870 τούτων

288 908 812 978 ἐπιλαμϐανόμενον,
843 908 1156 977 διαφεύγειν
1193 909 1255 963 τὸ
1291 909 1572 977 ναυάγιον.
1613 907 1868 978 Μίμησαι

287 999 471 1053 τοίνυν
501 1001 592 1054 καὶ
622 1000 686 1054 σὺ
733 1001 860 1064 τοῦς
893 1001 1095 1066 ναύτας
1118 1044 1134 1068 ,
1176 1002 1432 1072 ἄνθρωπε
1451 1018 1464 1033 ·
1509 1003 1603 1056 καί
1634 1003 1742 1075 γάρ
1773 1001 1869 1056 καὶ

294 1092 359 1145 τῦ
389 1091 658 1147 θάλατταν
685 1093 869 1157 πλέεις
904 1095 1148 1165 μεγάλην
1177 1097 1270 1148 καὶ
1296 1094 1628 1166 εὐρύχωρον,
1659 1096 1720 1149 rb
1757 1096 1864 1167 μῆ-

289 1201 386 1248 κος
414 1185 508 1238 τοῦ
540 1185 802 1255 παρόντος
841 1185 980 1256 βίου,
1015 1184 1283 1240 θάλατταν
1319 1186 1484 1256 θηρία
1510 1185 1738 1256 ἔχουσαν
1773 1189 1866 1241 καὶ

290 1274 578 1346 πειρατὰς,
618 1273 887 1329 θάλατταν
934 1275 1226 1340 σκοπέλους
1274 1276 1502 1345 ἔχουσαν
1536 1277 1627 1328 καὶ
1673 1277 1866 1332 σπιλάο

284 1363 386 1427 δας
408 1403 424 1426 ,
457 1359 723 1426 θάλατταν
757 1363 860 1416 ὑπὸ
911 1363 1171 1434 κυμάτων
1217 1366 1625 1435 ταραττομένην
1655 1366 1867 1422 πολλῶν

292 1457 387 1508 καὶ
416 1456 716 1527 χειμώνωνο
733 1457 827 1509 καὶ
844 1455 1024 1508 πολλοὶ
1050 1456 1308 1520 πολλάκις
1335 1457 1429 1509 καὶ
1457 1458 1512 1510 ἐν
1543 1457 1866 1530 meade

288 1547 466 1620 ταύτῃ
509 1546 753 1615 ναυαγίῳ
782 1548 1226 1616 περιπίπτουσιν.
1261 1549 1429 1602 Ὅταν
1461 1542 1554 1602 οῦν
1589 1548 1705 1620 ἴδῃς
1743 1551 1866 1603 τινά

285 1639 399 1691 τῶν
449 1639 716 1691 πλεόντων
780 1638 884 1690 ὑπό
931 1656 1074 1702 τινος
1127 1641 1500 1710 περιστάσεως
1556 1641 1865 1710 διαϐολικῆς

287 1728 634 1783 ἀπολέσαντα
660 1728 750 1781 τὸν
778 1727 1010 1781 πλοῦτον
1045 1730 1143 1798 τῆς
1178 1731 1480 1801 σωτηρίας,
1530 1733 1626 1785 καὶ
1658 1731 1865 1785 κλυδωο

293 1818 595 1889 νιζόμενον,
639 1819 734 1872 καὶ
766 1819 1024 1889 μέλλοντα
1060 1821 1395 1892 ὑποϐρύχιον
1440 1822 1704 1890 γίνεσθαι,
1743 1821 1867 1889 στῆ-

287 1913 386 1966 σόν
416 1929 508 1964 σου
540 1911 601 1962 τὸ
649 1911 852 1974 πλοῖον,
883 1909 987 1963 κᾶν
1013 1911 1240 1980 ἐτέρωθι
1271 1912 1527 1983 σπεύδῃς,
1565 1913 1866 1982 προνόησον

285 2004 392 2072 τῆς
440 2001 648 2054 ἐκείνου
692 2001 993 2071 σωτηρίας,
1039 2001 1106 2054 τὰ
1147 2002 1287 2055 κατά
1327 2003 1520 2055 σαυτὸν
1564 2003 1739 2071 ἀφείς.
1790 2002 1863 2054 Ού

287 2095 401 2163 γάρ
427 2093 676 2161 ἀνέχεται
707 2090 994 2160 ἀναϐολῆς,
1040 2092 1159 2144 ούδέ
1191 2091 1522 2162 βραδυτῆτος
1546 2093 1574 2144 6
1600 2091 1801 2162 βαπτίζ
1808 2108 1865 2142 ε-

291 2179 416 2232 σθαι
443 2179 675 2250 μέλλων.
720 2179 1001 2248 Ἐπίστηθι
1029 2179 1205 2232 τοίνυν
1232 2181 1388 2250 ταχὺ,
1431 2181 1739 2253 ἐξάρπασον
1773 2182 1864 2234 αὑ-

287 2273 379 2325 τὸν
408 2272 573 2338 ὀξέως
601 2271 691 2323 τοῦ
725 2270 1040 2338 κλυδωνίου,
1077 2275 1253 2325 πάντα
1277 2273 1498 2342 κίνησον
1519 2273 1698 2326 κάλων
1725 2273 1866 2326 ὥστε

288 2366 453 2420 αὑτὸν
499 2363 868 2436 ἀνιμήσασθαι
918 2365 983 2417 ἐκ
1025 2365 1118 2418 τοῦ
1164 2365 1361 2435 βάθους
1405 2367 1505 2436 τῆς
1544 2367 1820 2431 ἀπωλείας
1847 2385 1862 2397 ο

287 2457 395 2510 κᾶν
430 2456 602 2526 μυρία
643 2472 702 2507 σε
735 2455 869 2528 ἕλκη
903 2455 1202 2525 πράγματα
1222 2494 1236 2518 ,
1267 2457 1431 2526 μηδὲν
1463 2457 1601 2510 ἔστω
1633 2458 1731 2528 τῆς
1760 2475 1867 2511 σωο

286 2550 486 2619 τηρίας
524 2547 619 2600 τοῦ
669 2547 966 2617 κάμνοντος
1003 2549 1458 2620 ἀναγκαιότερον*
1493 2551 1597 2604 κᾶν
1625 2550 1736 2622 γάρ
1780 2567 1868 2620 μιν

287 2635 424 2703 χρὸν
455 2634 818 2687 ἀναϐαλέσθαι
846 2634 1136 2708 βουληθῇς,
1171 2637 1470 2708 προδώσεις
1497 2641 1660 2693 αὑτὸν
1679 2643 1746 2712 τῇ
1773 2640 1867 2694 τοῦ

288 2725 560 2794 χειμῶνος
579 2725 819 2795 ὀξύτητι.
847 2725 940 2777 Διὸ
959 2727 1154 2796 τάχους
1188 2730 1318 2798 ἡμίν
1352 2732 1409 2782 ἐν
1445 2733 1565 2794 ταῖς
1590 2732 1867 2794 τοιαύταις

290 2819 599 2887 συμφοραῖς
646 2816 760 2883 δεῖ,
812 2819 1010 2887 τάχους
1047 2820 1142 2870 καὶ
1179 2821 1414 2890 σπουδῆς
1446 2823 1864 2894 ἐπιτεταμένης.

291 2911 560 2963 ’Δκουσον
594 2909 708 2972 πῶς
740 2909 948 2972 Παῦλος
981 2911 1282 2980 ἐπείγεται,
1319 2915 1412 2966 καὶ
1450 2916 1672 2987 ἐτέρους
1701 2917 1867 2970 διανί-

291 3015 451 3069 στησι
509 3001 768 3064 πολλοὺς,
823 3001 944 3054 ίδών
1007 3021 1131 3057 τινα
1210 3005 1493 3078 ἄνθρωπον
1553 3007 1866 3078 βυθίζεσθαι

289 3092 572 3162 μέλλοντα.
611 3093 925 3160 Κιψώσατε
955 3098 1042 3161 εὶς
1067 3097 1252 3151 αὑτὸν
1281 3097 1544 3167 ἀγάπην,
1593 3100 1745 3169 φησὶ,
1778 3098 1864 3167 μή

288 3201 416 3250 πως
442 3183 515 3252 τῇ
548 3186 938 3254 περισσοτέρᾳ
970 3190 1133 3257 ,λύπῃ
1170 3189 1477 3258 καταποθῇ
1516 3193 1548 3243 ό
1576 3191 1863 3256 τοιοῦτος.

286 3277 388 3328 Δια
433 3275 590 3329 τοῦτο
647 3277 856 3330 κελεύει
906 3279 1112 3349 ταχέως
1162 3281 1344 3352 ὀρέξαι
1393 3285 1569 3352 χεῖρα,
1620 3283 1705 3335 ἵνα
1765 3285 1860 3353 μὴ,

289 3364 594 3434 μελλόντων
631 3365 787 3435 ἡμῶν
837 3369 930 3418 καὶ
965 3368 1432 3438 ἀναϐαλλομένων,
1482 3368 1661 3440 φθάσῃ
1699 3386 1866 3421 κατα-

290 3457 521 3526 ποθῆναι
552 3459 778 3520 ἐκείνος.
817 3458 1097 3529 Γινώμεθα
1128 3461 1304 3512 τοίνυν
1355 3460 1698 3529 κηδεμονικοὶ
1737 3461 1865 3530 περὶ

284 3547 418 3608 τοὺς
449 3547 707 3616 ἀδελφοὺς
737 3549 860 3612 τοὺς
899 3551 1214 3621 ἡμετέρους.

361 3636 532 3688 Τοῦτο
565 3637 856 3705 κεφάλαιον
889 3642 986 3708 τῆς
1038 3639 1160 3692 καθ’
1205 3643 1355 3712 ἡμᾶς
1407 3642 1677 3704 πολιτείας
1725 3644 1860 3706 ἐσ.ὶ,

287 3725 448 3779 τοῦτο
495 3725 780 3796 γνώρισμα
805 3769 819 3792 ,
852 3728 914 3780 τὸ
949 3731 1023 3800 μὴ
1054 3730 1122 3783 τά
1165 3732 1374 3784 ἑαυτῶν
1425 3736 1646 3786 σκοπεῖν
1682 3735 1860 3803 μόνον,

288 3821 428 3874 ἀλλά
461 3822 554 3874 καί⁷
583 3821 654 3874 τά
679 3821 815 3892 μέλη
865 3823 1021 3892 ἡμῶν
1061 3823 1467 3896 διεστραμμένα
1492 3827 1734 3897 διορθοῦν
1770 3829 1863 3881 καὶ

287 3911 673 3983 καταρτίζεινο
709 3911 863 3965 τοῦτο
904 3914 1103 3984 δεῖγμα
1139 3916 1238 3986 τῆς
1287 3919 1522 3980 πίστεως
1569 3921 1858 3989 μέγιστον’

302 4000 407 4056 Ἐν
439 4005 624 4068 τούτῳ
668 4003 776 4071 γὰρ
811 4005 1167 4072 γνώσονται,
1199 4009 1330 4077 φησὶ
1351 4049 1364 4071 ,
1397 4009 1618 4076 πάντες
1639 4011 1726 4063 ὅτι
1751 4031 1862 4080 μα-

289 4095 463 4161 θηταί
479 4113 596 4162 μου
622 4095 780 4156 ἐστε,
810 4097 917 4150 ἐὰν
942 4098 1207 4165 ἀγαπᾶτε
1245 4101 1580 4168 ἀλλήλους.
1617 4104 1861 4174 ’Λγάπην

287 4183 347 4235 δὲ
397 4183 631 4236 δείκνυσι
696 4186 924 4256 γνησίαν
975 4187 1034 4239 ού
1085 4189 1335 4242 κοινωνία
1383 4191 1683 4264 τραπέζης.
1738 4194 1861 4248 οὐδὲ

288 4273 592 4344 πώσρησις
641 4274 802 4346 ψιλὴ,
856 4272 975 4329 οὐδὲ
1026 4279 1284 4331 κολακεία
1323 4281 1606 4351 ῥημάτων,
1637 4283 1770 4336 ἀλλά
1803 4284 1864 4336 τὸ

287 4366 575 4437 διορθῶσαι
614 4369 707 4420 καὶ
746 4371 1014 4440 σκοπῆσαι
1060 4371 1121 4423 τὸ
1155 4373 1431 4444 συμφέρον
1468 4375 1561 4427 τοῦ
1612 4375 1859 4445 πλησίον,

286 4455 351 4506 τὸ
385 4456 473 4510 τὸν
499 4459 826 4512 πεπτωκότα
851 4459 1227 4531 διαναστῆσαι,
1255 4463 1314 4516 τὸ
1339 4463 1416 4533 τῷ
1448 4465 1682 4536 κειμένῳ
1707 4470 1863 4538 χεῖρα

286 4545 473 4616 ὀρέξαι
515 4547 614 4617 τῆς
643 4547 845 4611 οἰκείας
878 4548 1209 4620 ἀμελήσαντι
1257 4554 1563 4622 σωτηρίας,
1613 4556 1704 4608 καὶ
1757 4559 1862 4628 πρὸ

286 4631 397 4683 τῶν
422 4632 637 4684 οίκείων
667 4633 884 4700 ἀγαθῶν
901 4634 979 4687 ’τά
1005 4637 1098 4689 τοῦ
1132 4637 1360 4708 πλησίον
1391 4640 1646 4709 ζητῆσαι.
1693 4643 1864 4697 Τοῦτο

288 4725 508 4794 ἀγάπης
538 4726 787 4791 γνησίας.
828 4727 890 4779 'H
923 4728 1032 4800 γὰρ
1053 4731 1241 4801 ἀγάπη
1269 4731 1336 4782 τὰ
1368 4733 1534 4804 αὐτῆς
1561 4737 1622 4788 ού
1651 4736 1858 4806 βλέπει,

287 4815 423 4868 ἀλλά
447 4815 551 4887 πρὸ
574 4817 681 4869 τῶν
707 4820 873 4889 αὐτῆς
893 4821 963 4873 τά
982 4822 1074 4873 τοῦ
1100 4823 1327 4892 πλησίον
1347 4825 1466 4896 ὁρᾷ,
1508 4829 1592 4880 ἵνα
1625 4829 1691 4881 δι’
1714 4831 1860 4883 ἐκεί-

285 4925 392 4960 νων
429 4908 497 4962 τά
529 4911 697 4981 αὐτῆς
723 4912 828 4982 ἴδῃ.
847 4913 998 4966 Ἐπεὶ
1019 4914 1110 4966 καὶ
1140 4914 1250 4983 ἐγὼ
1277 4917 1368 4969 νῦν
1392 4919 1511 4989 οὐχὶ
1534 4920 1598 4973 δι’
1627 4922 1860 4992 ἐμαυτὸν

285 5001 556 5054 ἀποτείνω
617 5004 901 5066 τοσούτους
954 5005 1176 5072 λόγους.
1229 5007 1364 5060 ἀλλὰ
1421 5011 1486 5063 δι’
1539 5013 1702 5081 ὑμᾶς.
1752 5014 1861 5068 Καὶ

285 5091 444 5160 ὑμεῖς
461 5091 612 5164 [(391]
633 5095 810 5146 τοίνυν
832 5095 906 5166 μὴ
925 5097 993 5149 δι’
1020 5099 1244 5162 ἑαυτοὺς
1273 5100 1496 5153 ἀκούετε
1528 5104 1708 5172 μόνον,
1727 5105 1860 5159 ἀλλά

286 5183 379 5234 καὶ
407 5181 474 5234 δι’
499 5184 718 5255 ἐτέρους
754 5189 878 5249 τοὺς
915 5191 1041 5258 παρ’
1076 5190 1229 5260 ὑμῶν
1260 5192 1607 5246 παιδεύεσθαι
1637 5193 1860 5264 μέλλονο

283 5289 404 5336 τας.
433 5274 588 5327 Κατά
618 5276 727 5346 γάρ
757 5276 852 5347 τὴν
877 5279 1194 5333 ἀκολουθίαν
1223 5282 1329 5334 τών
1358 5283 1535 5353 μελῶν
1564 5288 1658 5339 καὶ
1682 5286 1744 5339 τὸ
1762 5288 1859 5358 τῆς

297 5363 622 5434 Ἐκκλησίας
655 5367 911 5436 τρέφεται
961 5369 1136 5440 σῶμα,
1172 5373 1381 5442 Ὥσπερ
1434 5371 1525 5427 οῦν
1564 5377 1624 5428 τὸ
1671 5378 1855 5446 μέλος,

284 5455 381 5506 ἐὰν
421 5456 666 5526 κατάσχῃ
703 5457 830 5526 παρ’
865 5459 1041 5529 ἐαυτῴ
1069 5462 1166 5532 τὴν
1197 5463 1400 5534 τροφὴν
1428 5467 1627 5529 πᾶσαν,
1661 5467 1753 5520 καὶ
1782 5469 1857 5539 μὴ

287 5545 503 5616 μεταδῷ
530 5546 607 5616 τῷ
639 5547 896 5617 πλησίον,
935 5554 1027 5604 καί¹
1074 5553 1234 5606 ἐαυτὸ
1283 5553 1619 5622 λυμαίνεται,
1668 5559 1760 5610 καί¹
1794 5559 1856 5610 τὸ

283 5634 465 5690 λοιπον
509 5635 808 5707 διαφθείρει
849 5639 1038 5708 σώμαο
1083 5638 1192 5696 οἷον
1218 5645 1246 5695 ό
1288 5645 1588 5713 στόμαχος,
1625 5648 1718 5700 ἐάν
1755 5649 1854 5720 τὴν

282 5729 491 5798 τροφὴν
533 5727 693 5788 αὐτὸς
731 5730 974 5800 κατάσχῃ
1011 5734 1198 5800 μόνος,
1249 5737 1339 5787 καὶ
1373 5736 1430 5787 τὸ
1473 5732 1654 5790 λοιπὸν
1694 5739 1852 5812 σῶμα

579 5856 850 5917 ΙἈτιιοι.
888 5861 1002 5920 Gn.
1055 5860 1204 5923 LIV.

1461 328 1523 384 IN
1572 327 1870 385 GENEbiM
1910 329 2147 388 SERMO
2184 333 2274 388 IX.

3437 337 3547 392 62‘

1972 451 2052 520 τῷ
2087 453 2228 522 λιμῲ
2270 457 2564 525 κατατήκει
2591 495 2609 518 ,
2654 456 2745 508 καὶ
2777 455 2971 510 ἑαυτὸν
3009 455 3113 508 ὑπὸ
3142 454 3240 524 τῆς
3282 454 3550 526 ἀμετρίας

1970 540 2270 610 διαφθείρει
2290 558 2302 571 ·
2336 541 2401 594 ἂν
2425 542 2483 594 δὲ
2510 542 2572 594 τὸ
2599 542 2801 613 ἀρκοῦν
2821 542 3004 596 λαϐὼν
3027 541 3171 595 κατά
3187 541 3287 613 τὴν
3312 540 3550 612 φυσικὴν

1970 627 2308 693 ἀκολουθίαν,
2358 629 2420 683 τὸ
2448 630 2630 684 λοιπὸν
2661 631 2774 692 τοῖς
2815 629 3025 702 ἑτέροις
3067 628 3414 702 παραπέμψῃ
3447 629 3549 698 μέο

1969 714 2106 778 λεσι,
2151 717 2243 769 καὶ
2283 717 2474 771 ἑαυτὸν
2499 719 2593 771 καὶ
2629 718 2690 771 τὸ
2715 717 2900 772 λοιπὸν
2931 717 3091 788 σῶμα
3129 719 3189 770 ἐν
3221 715 3403 784 ὑγιεία
3434 715 3550 768 διαο

1968 805 2126 872 τηρεῖ
2145 817 2158 831 ο
2190 802 2332 856 οὕτω
2361 803 2455 857 καὶ
2493 806 2558 858 σὺ
2604 803 2734 870 νῦν,
2763 804 2830 858 ἂν
2859 803 3099 866 ἀκούσας
3125 803 3192 856 τά
3222 803 3354 872 παρ’
3388 801 3548 871 ἡμῶν

1969 890 2270 961 κατάσχῃς,
2317 891 2488 962 ἑτέρῳ
2515 891 2571 944 δὲ
2605 892 2679 962 μὴ
2713 890 2977 962 μεταδῷς,
3023 891 3278 944 κάκεῖνον
3305 887 3544 958 ἐζημιω-

1970 993 2068 1040 σας
2112 979 2206 1030 καὶ
2239 977 2465 1031 σεαυτὸν
2503 977 2832 1048 διέφθειρας,
2878 975 3235 1047 χαλεπώτατα
3263 975 3547 1044 νοσήματα

1968 1062 2438 1133 ἐπισπασάμενος,
2490 1063 2717 1118 νωθείαν
2771 1063 2865 1116 καὶ
2911 1061 3123 1130 φθόνον.
3189 1060 3261 1112 ‘H
3303 1058 3411 1129 γάρ
3455 1057 3547 1112 διά

1971 1151 2253 1222 πονηρίαν.
2287 1152 2320 1222 ἡ
2347 1151 2414 1204 δι’
2442 1153 2644 1222 ἀργίαν
2672 1151 2766 1205 καὶ
2790 1148 2923 1221 ρᾳθυ
2932 1148 3060 1219 μίαν
3083 1148 3143 1201 ού
3175 1146 3547 1218 μεταδίδωμεν

1970 1239 2195 1311 ἑτέροις.
2239 1240 2529 1310 ὐπότερον
2557 1238 2615 1292 δέ
2651 1235 2769 1310 ἀνῇ
2809 1235 3034 1299 τούτων,
3065 1234 3249 1317 ἱκανὸν
3283 1233 3544 1289 ἀπολέσαι

1967 1327 2058 1377 τὸν
2091 1325 2302 1394 ἔχοντα.
2341 1327 2437 1377 “Av
2463 1325 2523 1377 δὲ
2553 1324 2804 1392 ἀφθόνως
2853 1323 2947 1376 καὶ
2991 1324 3069 1386 εἰς
3101 1321 3323 1392 ἐτέρους
3361 1335 3545 1390 παρα-

1968 1412 2192 1482 πέμψης
2222 1411 2319 1483 τὴν
2348 1411 2575 1483 τροφὴν,
2605 1412 2700 1464 καὶ
2735 1409 2928 1462 ἐαυτὸν
2957 1410 3053 1461 καὶ
3087 1409 3291 1460 ἐκεῖνον
3330 1405 3544 1476 ὠφέλη-

1969 1516 2085 1563 σας.
2129 1499 2267 1552 Ἀλλ’
2299 1500 2439 1569 ὑπὲρ
2473 1500 2569 1570 μὲν
2600 1496 2803 1551 τούτων
2835 1496 2994 1550 ίκανά
3025 1494 3096 1548 τά
3118 1493 3402 1565 εἰρημένα.

2035 1641 2103 1704 γ’.
2139 1636 2231 1686 Δεῖ
2256 1633 2313 1686 δέ
2347 1631 2530 1685 λοιπὸν
2573 1633 2666 1684 ἐπὶ
2705 1630 2804 1701 τήν
2843 1627 3165 1683 ἀκολουθίαν
3211 1627 3384 1680 ἐλθεῖν
3437 1624 3548 1678 τῶν

1967 1721 2154 1790 πρώην
2183 1719 2499 1790 λεχθέντων.
2535 1717 2668 1770 Τίνα
2705 1713 2801 1769 οὖν
2828 1711 2900 1786 ἦν
2933 1718 3150 1782 ἐκείνας
3183 1713 3320 1786 Περὶ
3343 1711 3546 1765 Σαύλου

1966 1812 2059 1863 καὶ
2090 1809 2300 1863 Παύλου
2332 1809 2453 1860 τότε
2489 1806 2810 1877 ἐζητοῦμεν,
2834 1805 2924 1858 διά
2947 1805 3000 1857 τί
3022 1803 3152 1858 ποτέ
3186 1803 3287 1874 μὲν
3307 1800 3543 1863 Σαῦλος,

1966 1896 2095 1948 ποτὲ
2138 1896 2194 1949 δέ
2226 1895 2436 1958 Παῦλος
2466 1896 2709 1962 ἐλέγετο·
2749 1888 2868 1945 εἶτα
2911 1892 3176 1961 ἐξέϐημεν
3203 1892 3267 1942 ἐκ
3295 1889 3393 1958 τῆς
3417 1889 3546 1941 ἀκο-

1965 1985 2182 2046 λουθίας
2222 1985 2425 2054 ταύτης
2470 1986 2550 2046 είς
2580 1983 2858 2053 ὀνομάτων
2896 1981 3136 2052 ἱστορίαν
3169 1978 3391 2046 πολλήν.
3434 1976 3544 2029 Καὶ

1967 2072 2154 2142 ἐπειδὴ
2193 2071 2458 2142 ἐξέϐημεν
2489 2072 2579 2124 ἀπ’
2623 2069 2824 2133 αὐτῶν,
2868 2070 2967 2122 ούκ
3010 2067 3188 2132 ἔδοξεν
3219 2069 3350 2136 ἡμῖν
3394 2063 3543 2128 ἀξιον

1966 2153 2104 2210 εἶναι
2136 2157 2513 2228 παραδραμεῖν
2533 2156 2629 2228 τὴν
2661 2155 2932 2227 ἐμπορίαν
2958 2155 3192 2224 ἐκείνην.
3229 2155 3290 2206 Εἰ
3312 2151 3420 2224 γάρ
3447 2151 3542 2204 καὶ

1964 2244 2054 2297 διὰ
2096 2243 2305 2297 Παῦλον
2356 2245 2590 2316 ήλθομεν
2629 2245 2722 2297 ἐπὶ
2751 2243 2847 2314 τὴν
2879 2241 3134 2296 ὑπόθεσιν
3171 2239 3394 2311 ταύτην,
3424 2237 3540 2292 ἀλλ’

1964 2333 2113 2402 ὅμως
2140 2333 2232 2386 καὶ
2260 2333 2357 2404 τὴν
2381 2332 2488 2385 τῶν
2512 2333 2685 2387 ἄλλων
2718 2332 2998 2402 ὀνομάτων
3030 2329 3245 2400 εῦρεσιν
3275 2326 3544 2399 ἐμπορεύ-

1969 2419 2162 2472 σασθαι
2191 2418 2457 2490 ἔγνωμεν.
2487 2417 2644 2472 Οῦτω
2665 2419 2759 2471 καὶ
2778 2421 2826 2471 οἱ
2859 2418 2956 2489 τὴν
2991 2418 3259 2470 θάλατταν
3288 2415 3542 2477 πλέοντες

1967 2509 2084 2562 κατ’
2121 2509 2390 2578 ἐμπορίαν
2429 2507 2641 2560 ποιοῦσι
2673 2506 2956 2572 πολλάκις,
2979 2506 3121 2577 ὑπὲρ
3157 2502 3543 2576 πραγματείας

1965 2597 2159 2666 ὀλίγων
2195 2597 2354 2649 τινῶν
2387 2596 2823 2666 ἐπιδημήσαντες
2846 2612 2858 2623 ·
2893 2595 3113 2648 ἐπειδὰν
3151 2596 3229 2657 εἰς
3255 2597 3354 2665 τὴν
3387 2592 3541 2644 πόλιν

1966 2683 2228 2746 ἐλθόντες,
2261 2685 2340 2745 εἰς
2371 2683 2435 2753 ἢν
2470 2682 2807 2745 ἐστέλλοντο,
2842 2683 2992 2734 ἴδωσι
3025 2683 3118 2734 καὶ
3156 2683 3358 2752 ἐτέρων
3396 2681 3542 2748 ἀγω-

1967 2772 2143 2840 γίμων
2175 2770 2400 2841 ἔχουσαν
2443 2772 2702 2841 ἀφθονίαν
2724 2812 2738 2835 ,
2771 2769 2951 2840 πολλῷ
2991 2770 3212 2823 πλείονα
3251 2770 3352 2840 τῆς
3400 2786 3542 2841 «apo

1967 2862 2380 2932 εσκευασμένης
2403 2861 2798 2930 ποιοῦνταιτὴν
2815 2860 3106 2931 ἐμπορίαν.
3130 2857 3248 2912 Κᾶν
3264 2859 3538 2931 ἐγκαλέσῃ

1968 2965 2052 3011 τις
2077 2990 2092 3011 ,
2118 2949 2290 3002 ταῦτα
2323 2949 2541 3018 λέγουσι
2566 2950 2634 3002 τά
2673 2950 2897 3022 ῥήματα
2916 2968 2927 2978 ·
2950 2947 3203 3020 Μακράν,
3235 2948 3418 3016 φασὶν,
3447 2947 3541 3018 ήλ-

1969 3037 2134 3108 θομεν
2161 3040 2299 3103 ὁδὸν,
2333 3039 2562 3102 πολλοὺς
2587 3040 2868 3110 χειμῶνας
2899 3037 3294 3108 ὑπεμείναμεν,
3315 3035 3542 3098 πολλοὺς

1969 3124 2242 3188 κινδύνους
2265 3163 2280 3185 ,
2307 3125 2613 3179 διαπόντιον
2644 3124 2952 3196 ἀποδημίαν
2981 3123 3338 3193 ἐστειλάμεθα
3355 3139 3370 3153 ο
3397 3122 3450 3175 τί
3475 3121 3540 3192 δὴ

1966 3210 2163 3264 κωλύει
2187 3211 2568 3284 ἀφθονωτέραν
2589 3212 2842 3281 γενέσθαι
2867 3213 2964 3283 τήν
2992 3210 3371 3281 πραγματείαν
3387 3212 3541 3280 ήμίνς

1966 3299 2150 3352 Ταῦτα
2180 3299 2244 3370 δὴ
2278 3301 2372 3352 καὶ
2417 3301 2576 3370 ἡμεῖς
2624 3299 3040 3370 ἀπολογώμεθα.
3088 3299 3197 3352 Καὶ
3244 3298 3356 3369 γὰρ
3381 3301 3543 3368 ἡμεῖς

1967 3385 2255 3454 ζητοῦντες
2298 3386 2428 3456 περὶ⁸
2461 3387 2569 3439 τῶν
2613 3386 2894 3456 ὀνομάτων
2923 3385 3016 3438 τοῦ
3047 3384 3282 3448 Παύλου,
3310 3384 3544 3455 εὕρομεν

1966 3475 2029 3524 ἐκ
2062 3473 2162 3544 τῆς
2205 3473 2526 3536 ἀκολουθίας
2565 3475 2657 3528 καὶ
2704 3474 2894 3541 ἑτέραν
2930 3473 3198 3543 ἐμπορίαν
3238 3472 3540 3542 ὀνομάτων,

1965 3554 2076 3612 οἶόν
2125 3578 2176 3613 τι
2221 3561 2249 3613 6
2292 3562 2495 3632 Πέτρος
2525 3562 2708 3631 Σίμων
2751 3559 2994 3614 ἐκαλεῖτο
3047 3560 3152 3631 πρὸ
3194 3557 3404 3622 τούτου,
3448 3559 3542 3612 καὶ

1963 3649 2012 3699 οί
2049 3649 2153 3700 υἱοὶ
2191 3648 2474 3703 Ζεϐεδαίου
2517 3649 2771 3712 Ἰάκωϐος
2815 3651 2911 3703 καὶ
2952 3649 3203 3718 Ἰωάννης
3235 3645 3340 3699 υἱοὶ
3387 3644 3543 3717 βρον-

1963 3739 2062 3804 τῆς
2099 3737 2515 3806 ὠνομάσθησαν.
2554 3737 2799 3809 Εὖρομεν
2844 3738 2938 3790 καὶ
2986 3739 3042 3789 ἐν
3087 3739 3152 3807 τῇ
3197 3736 3407 3822 Παλαιᾷ.
3454 3735 3542 3790 τὸν

1977 3823 2226 3894 ’Δϐραάμ
2265 3825 2371 3893 πρὸ
2403 3824 2596 3878 τούτου
2633 3826 2730 3896 μὲν
2764 3824 2984 3894 Ἀϐραμ
3021 3821 3372 3894 καλούμενον,
3402 3824 3543 3893 μετά

1963 3908 2224 3962 δὲταῦτα
2260 3911 2550 3982 Ἀϐραάμ,
2595 3912 2690 3964 καὶ
2730 3912 2819 3964 τὸν
2873 3907 3067 3964 Ἰακὼϐ
3112 3911 3328 3982 Ἰσραὴλ
3375 3929 3544 3982 μετα-

1964 3997 2262 4066 κληθέντα,
2311 4001 2404 4054 καὶ
2450 4002 2548 4062 τὴν
2603 4002 2818 4074 Σάρραν
2859 4001 3059 4070 Σάραν.
3116 3999 3358 4071 Εὖρομεν
3405 4000 3541 4072 πρὸς

1963 4085 2191 4151 τούτοις,
2219 4087 2299 4140 ὃτι
2327 4088 2502 4160 ἕτεροί
2525 4106 2668 4152 τινες
2699 4089 2760 4141 ού
2798 4087 3318 4159 μετωνομάσθησαν,
3349 4086 3542 4159 ὥσπερ

1963 4166 2128 4238 οῦτοι,
2150 4173 2263 4226 ἀλλ’
2291 4174 2526 4246 ἐξαρχῆς
2557 4174 2746 4229 ἔλαϐον
2765 4178 2834 4230 τά
2862 4175 3121 4244 ὀνόματα,
3147 4174 3337 4246 ὥσπερ
3362 4177 3542 4231 Ἰωάν-

1963 4279 2059 4331 νης
2093 4264 2121 4314 6
2157 4261 2479 4333 βαπτιστὴς,
2511 4264 2585 4326 ώς
2613 4265 2643 4317 ό
2676 4265 2879 4326 Ἰσαάκ,
2913 4264 2989 4326 ώς
3012 4266 3042 4316 6
3082 4264 3273 4335 Ἀδάμ.
3309 4267 3542 4319 ’Δτοπον

1963 4350 2140 4401 τοίνυν
2170 4351 2300 4418 ἡμῖν
2329 4350 2503 4414 ἔδοξεν
2537 4347 2674 4404 εἶναι
2708 4352 2802 4404 καὶ
2843 4353 3098 4422 βλακείας
3127 4354 3380 4421 ἐσχάτης,
3411 4371 3533 4405 τοσ-

1963 4435 2118 4489 οῦτον
2139 4437 2246 4490 ἀπὸ
2265 4437 2372 4490 τῶν
2389 4439 2584 4508 χειρῶν
2608 4438 2757 4510 ῥῖψαι
2781 4439 3050 4509 θησαυρόν
3065 4438 3215 4510 [692]
3228 4479 3242 4492 .
3266 4441 3362 4492 Διά
3383 4439 3540 4493 τοῦτο

1968 4527 2303 4596 μακρότερον
2329 4528 2663 4597 ἐποιήσαμεν
2691 4527 2781 4579 τὸν
2809 4527 2984 4594 λόγον,
3035 4529 3125 4580 καὶ
3157 4528 3283 4598 περὶ
3318 4527 3426 4582 τῶν
3453 4528 3539 4595 ἐξ·

1963 4617 2136 4684 αρχῆς
2170 4614 2574 4684 ὀνομασθέντων
2610 4613 2800 4684 πρώην
2829 4614 3073 4676 εἰπόντες
3097 4654 3111 4678 ,
3158 4617 3395 4686 σήμερον
3419 4616 3533 4670 δια-

1964 4701 2232 4770 νοούμεθα
2262 4701 2390 4770 περὶ
2427 4700 2536 4753 τῶν
2573 4700 2854 4772 διωνύμων
2883 4702 3085 4763 εἰπεῖν,
3116 4703 3193 4766 ώς
3223 4698 3301 4767 είς
3335 4706 3482 4758 ἐστιν
3509 4706 3538 4757 6

1976 4789 2244 4858 Ἀϐραάμ.
2285 4787 2345 4843 '0
2372 4788 2470 4859 μὲν
2495 4787 2604 4859 γάρ
2641 4789 2812 4860 Ἀδάμ
2840 4790 2996 4844 τοῦτο
3019 4792 3222 4864 ἐκλήθη
3251 4793 3540 4858 διαπαντὸς

1962 4877 2025 4929 τὸ
2058 4877 2227 4946 ὄνομα
2249 4917 2262 4937 ,
2300 4879 2391 4929 καί
2417 4877 2516 4929 οὐκ
2541 4877 2698 4948 ἔσχεν
2729 4879 2939 4948 ἕτερον·
2989 4879 3082 4933 καὶ
3120 4883 3149 4934 6
3188 4881 3371 4935 Ἰσαὰκ
3399 4883 3541 4937 οὕτω

1963 4966 2127 5018 πάλιν
2169 4964 2268 5016 οὐκ
2317 4963 2531 5027 ἐδέξατο
2571 4964 2831 5036 δευτέραν
2881 4969 3271 5039 προσηγορίαν,
3317 4970 3429 5023 ἀλλ’
3477 4969 3541 5034 ἐξ

1964 5053 2138 5122 ἀρχῆς
2165 5051 2326 5121 μέχρι
2359 5051 2544 5116 τέλους
2583 5052 2768 5106 Ἰσαὰκ
2799 5054 3015 5123 ἐλέγετο
3035 5072 3050 5086 ⁸
3079 5058 3107 5108 ό
3137 5056 3192 5109 δέ
3222 5055 3314 5108 τοῦ
3357 5057 3538 5110 Ἰσαάκ

1961 5138 2145 5210 πατὴρ
2196 5139 2418 5210 ’Λϐραμ
2465 5141 2571 5211 πρὸ
2620 5141 2808 5196 τούτου
2861 5143 2960 5212 μὲν
3010 5143 3256 5213 ἐλέγετο⁶
3305 5144 3441 5215 μετὰ
3479 5147 3536 5198 δέ

1959 5226 2137 5279 ταῦτα
2174 5225 2444 5298 Ἀϐραάμ.
2478 5227 2612 5282 Είπε
2641 5229 2749 5301 γάρ
2777 5227 2912 5300 πρὸς
2936 5230 3096 5284 αὑτὸν
3124 5233 3151 5283 6
3175 5232 3325 5294 Θεὸς,
3349 5235 3534 5302 φησὶν,

1963 5314 2173 5368 Οὐκέτι
2203 5315 2373 5368 ἔσται
2395 5317 2460 5369 τὸ
2483 5317 2670 5386 ὄνομά
2697 5333 2812 5370 σου
2837 5318 3069 5386 Ἅϐραμ,
3098 5317 3257 5372 ἀλλὰ
3295 5320 3550 5390 Ἀϐραὰμ.

1960 5403 2334 5470 κληθήσεται
2373 5405 2435 5456 τὸ
2467 5404 2654 5472 ὄνομα
2691 5421 2826 5458 σου.
2879 5406 2986 5458 Καὶ
3017 5404 3124 5476 γὰρ
3155 5407 3374 5478 Ἀϐραμ
3404 5411 3534 5461 ἐκα-

1959 5488 2104 5542 λεῖτο
2133 5491 2192 5543 τὸ
2223 5491 2518 5562 πρότερον,
2549 5489 2684 5542 ἀλλά
2733 5489 2890 5543 τοῦτο
2930 5491 2991 5543 τὸ
3029 5493 3198 5564 όνομα
3247 5496 3346 5548 οὐκ
3388 5497 3536 5550 ἐστιν

1971 5576 2298 5648 Ἑλληνικὸν,
2328 5578 2446 5632 οὐδὲ
2477 5582 2542 5649 τῇ
2587 5580 2831 5652 ἡμετέρᾳ
2861 5580 3074 5654 γλώττῃ
3096 5621 3112 5645 ,
3159 5583 3293 5636 ἀλλὰ
3323 5588 3386 5654 τῇ
3424 5587 3536 5640 τῶν

1969 5662 2234 5735 Ἐϐραίων
2265 5663 2406 5718 οὕτω
2435 5664 2670 5732 λέγεται.
2708 5668 2772 5719 Τί
2801 5664 2894 5720 οῦν
2922 5670 3069 5722 ἐστιν
3098 5671 3532 5742 ἑρμηνευόμενον

1956 5749 2016 5802 τὸ
2048 5750 2216 5820 ϐνομα
2249 5751 2436 5817 τοῦτο,
2489 5753 2754 5822 Περάτης.
2811 5755 2917 5809 Καὶ
2966 5758 3072 5827 γὰρ
3119 5759 3178 5809 τὸ
3213 5760 3431 5831 ’Λίὶρσμ
3465 5766 3530 5834 τῇ

3144 5882 3218 5940 16
