3964 6436
253 337 351 392 li'lii

246 464 497 534 Syrorum
515 472 638 513 cum
669 456 890 513 llebraca
920 456 1095 526 lingua
1121 453 1368 525 cognatio
1392 459 1495 505 est.
1518 448 1622 505 Sed
1652 447 1789 504 dicis
1808 487 1824 512 ,

245 568 407 625 quare
442 550 723 607 Transitor
761 548 1091 605 vocabatur?
1138 546 1321 603 Judaea
1369 546 1546 616 regio,
1576 544 1678 600 hoc
1721 553 1826 611 est,

248 646 522 701 Palaestina
548 646 745 708 omnis,
771 660 891 713 quae
921 644 989 698 ab
1016 641 1250 713 Egypto
1278 654 1445 711 usque
1464 639 1531 694 ad
1576 638 1826 709 Euphra-

248 752 350 795 tem
379 755 411 793 e
441 737 660 805 regione
676 739 822 805 jacet
846 735 1172 807 Babylonia),
1202 733 1343 788 unde
1364 741 1478 788 erat
1506 730 1773 787 Abraham
1808 746 1822 784 :

243 844 295 888 et
316 832 505 887 ﬂuvius
542 830 846 885 communis
870 830 1129 883 terminus
1167 828 1451 896 utriusque
1478 835 1636 881 terrae
1658 866 1672 889 ,
1706 840 1824 879 me-

242 926 361 979 dius
388 935 667 992 utramque
690 931 856 977 secat.
890 922 956 976 Et
980 923 1100 989 quia
1127 920 1400 975 Abraham
1434 934 1541 974 non
1584 918 1827 973 Palaesti-

242 1033 338 1071 nus
360 1024 499 1078 erat.
515 1015 610 1068 sed
631 1014 705 1069 ab
718 1014 955 1071 ulteriori
975 1014 1088 1083 ripa
1116 1011 1351 1067 ﬂuminis
1370 1019 1613 1076 venerat,
1632 1026 1826 1081 nempe

238 1124 269 1163 ι
301 1107 584 1180 Babylonia
612 1125 624 1160 :
660 1107 779 1161 ideo
805 1123 831 1160 a
861 1108 978 1161 loco
1009 1116 1061 1159 ct
1107 1104 1246 1159 facto
1285 1120 1479 1159 nomen
1507 1104 1745 1173 accepit.
1772 1112 1827 1158 ct

238 1200 407 1255 dictus
452 1206 541 1253 est
579 1198 858 1252 Transitor
886 1214 898 1250 :
928 1196 1049 1266 quia
1080 1214 1109 1249 a
1140 1197 1257 1249 loco
1287 1195 1526 1250 ulteriori
1574 1194 1818 1249 ﬂuminis

240 1292 406 1346 venit.
460 1292 638 1359 Quare
694 1301 872 1344 autem
929 1290 1144 1343 fluvium
1207 1289 1461 1343 transiit?
1502 1288 1635 1357 Quia
1680 1288 1823 1343 Deus

230 1386 482 1455 jusserat.
517 1385 581 1439 Et
607 1399 774 1454 quare
806 1382 1161 1453 Deusjussit?
1189 1381 1257 1437 Ut
1278 1381 1655 1437 ostenderetur
1693 1379 1820 1434 obc-

234 1478 430 1532 dientia
457 1475 609 1546 justi.
643 1476 707 1530 Et
732 1475 1002 1545 quomodo
1022 1484 1237 1529 ostensa
1266 1474 1363 1529 fuit
1406 1473 1709 1529 obcdientia
1734 1473 1822 1541 ju-

233 1570 338 1623 sti?
363 1569 496 1637 Quia
522 1578 738 1638 propter
758 1576 1081 1638 praeceptum
1108 1567 1200 1621 Dei
1232 1567 1456 1636 patriam
1484 1582 1634 1621 suam
1657 1582 1816 1636 quam

232 1659 444 1727 reliquit
464 1700 478 1724 ,
507 1673 602 1727 pro
627 1658 799 1712 aliena
833 1657 1200 1712 commutavit.
1221 1656 1382 1712 Vides
1403 1666 1601 1727 quanta
1630 1665 1816 1710 catena

231 1767 406 1805 rerum
436 1751 487 1804 in
515 1749 870 1818 appellatione
894 1749 1021 1815 justi
1049 1748 1538 1819 nectatnr?lngcns
1566 1747 1819 1802 historia-

230 1858 342 1897 rum
376 1842 595 1911 pelagus
628 1856 821 1894 nomen
869 1839 969 1895 hoc
1005 1840 1158 1895 nobis
1183 1839 1412 1910 aperuit.
1454 1839 1609 1893 Disce
1655 1838 1818 1909 igitur

228 1935 340 2003 ejus
367 1949 566 1987 nomen
600 1933 849 2002 primum.
878 1940 937 1986 ut
959 1948 1082 1987 cum
1107 1932 1303 1987 videris
1324 1947 1446 1987 eum
1476 1931 1813 1986 Palzestinam

229 2024 570 2087 incolentem,
598 2024 953 2093 appellatione
995 2022 1229 2077 nominis
1256 2022 1309 2077 in
1341 2022 1651 2077 memoriam
1673 2022 1815 2077 auti-

226 2131 339 2183 qua:
367 2114 556 2186 patrize.
582 2115 733 2184 ejus,
766 2124 819 2169 ct
845 2128 1019 2169 caus;c
1053 2123 1271 2184 propter
1321 2129 1480 2185 quam
1532 2128 1651 2169 eam
1691 2114 1815 2168 reli-

226 2209 368 2278 quit,
398 2207 779 2263 manuducaris
800 2249 815 2273 ,
847 2218 902 2262 et
930 2208 998 2263 ita
1025 2207 1090 2261 ad
1115 2206 1433 2263 imitandum
1474 2222 1597 2263 cum
1625 2206 1811 2261 admo-

227 2318 318 2357 nea
325 2318 402 2356 re.

291 2392 550 2447 Abraham
595 2392 858 2463 discipulis
899 2391 1084 2447 Christi
1125 2408 1237 2461 par.
1265 2421 1337 2434 —
1384 2390 1525 2447 Ecce
1571 2392 1713 2447 enim
1755 2402 1812 2447 ut

224 2484 307 2539 ille
340 2495 471 2540 ante
518 2484 688 2555 legem
728 2492 784 2539 et
822 2484 923 2540 sub
960 2485 1078 2554 lege
1116 2485 1282 2539 vitam
1320 2498 1522 2554 agens,
1568 2486 1807 2555 philoso-

221 2575 391 2646 phiam
419 2591 637 2646 quoque
666 2584 907 2645 tempore
935 2576 1121 2646 gratite
1155 2576 1403 2647 traditam
1441 2578 1679 2645 suscepit
1703 2578 1805 2631 im-

221 2671 504 2741 plendam,
537 2681 588 2725 et
616 2679 740 2725 ante
769 2679 978 2739 tempus
1019 2671 1203 2741 gratia:
1244 2669 1408 2737 fecit,
1450 2671 1591 2742 quod
1625 2680 1807 2741 postea

219 2761 492 2832 discipulis
510 2762 756 2816 Christus
780 2762 915 2816 dixit
943 2779 958 2815 :
987 2761 1143 2815 Amen
1167 2762 1280 2815 dico
1300 2761 1455 2827 vobis,
1474 2762 1611 2833 quod
1639 2761 1809 2816 nullus

217 2857 397 2925 estqui
434 2856 637 2925 reliquit
666 2854 911 2921 domum,
959 2864 1049 2909 aut
1084 2857 1289 2925 fratres,
1333 2865 1421 2907 aut
1455 2871 1673 2916 sorores,
1718 2864 1807 2907 aut

219 2957 404 3014 patrem
427 2987 444 3011 ,
498 2956 585 2999 aut
626 2954 870 3011 matrem,
916 2944 1004 3013 qui
1032 2961 1133 2998 non
1161 2945 1452 3013 centuplum
1484 2945 1733 3013 accipiet,
1762 2954 1807 2997 et

218 3038 359 3090 vitam
392 3045 639 3091 retentam
660 3036 928 3103 possidebit
954 3035 1166 3105 (Matth.
1194 3036 1282 3091 l9.
1307 3035 1398 3091 28.
1421 3034 1538 3107 29).
1570 3035 1683 3091 Νοιι
1712 3050 1804 3090 so-

217 3129 320 3183 lum
358 3140 546 3184 autem
603 3129 727 3185 hinc
775 3138 1032 3200 apparet,
1083 3145 1245 3200 quam
1294 3130 1566 3199 sapienter
1613 3130 1806 3185 vixerit

209 3222 410 3292 justus,
454 3221 552 3277 sed
593 3222 754 3276 etiam
786 3222 875 3277 Dei
923 3222 1208 3291 promissio
1236 3222 1337 3277 hoc
1376 3221 1637 3277 declarat.
1682 3221 1804 3275 Veni

212 3317 348 3370 enim
375 3358 388 3379 ,
420 3316 600 3386 inquit
624 3357 638 3378 ,
667 3316 720 3369 in
745 3325 951 3381 terram,
983 3332 1133 3386 quam
1163 3326 1504 3369 monstravere
1534 3314 1622 3367 tibi
1649 3314 1803 3385 (Gen.

215 3406 295 3461 η.
332 3409 402 3476 ι).
452 3406 586 3462 Nam
614 3408 825 3462 tametsi
857 3417 1097 3476 utrmque
1138 3406 1241 3461 illa:
1276 3407 1519 3477 regiones
1549 3406 1802 3462 Chaldwa

211 3508 259 3552 et
297 3499 582 3553 Palestina
621 3505 774 3552 crant
809 3498 1149 3566 corporales,
1201 3496 1293 3551 illa
1334 3506 1510 3551 tamen
1540 3512 1631 3551 sua
1663 3506 1799 3562 erat,

212 3588 317 3644 hate
346 3590 528 3645 aliena
560 3606 577 3641 :
610 3589 696 3643 illa
723 3601 890 3646 certa.
920 3588 1033 3669 haec
1064 3588 1264 3644 incerta
1292 3603 1304 3641 :
1336 3589 1423 3643 illa
1452 3589 1504 3643 in
1530 3589 1800 3655 manibus,

210 3680 318 3738 haec
350 3684 404 3737 in
434 3698 539 3751 spe
568 3700 580 3734 :
616 3682 729 3751 ipse
773 3692 949 3737 autem
996 3682 1195 3736 relictis
1229 3682 1427 3747 certis,
1479 3682 1799 3749 manifestis,

208 3782 254 3826 et
289 3774 350 3827 iis
376 3789 504 3843 qua:
546 3773 598 3827 iu
639 3789 797 3827 manu
836 3782 1023 3837 erant,
1074 3772 1343 3827 festinavit
1382 3782 1435 3828 ct
1483 3775 1694 3827 transiit
1732 3773 1798 3829 ad

208 3867 425 3932 incerta,
462 3866 752 3935 incognita,
781 3875 833 3919 et
855 3864 921 3919 ad
950 3880 1011 3920 ea
1041 3865 1092 3918 in
1120 3864 1314 3934 quibus
1340 3864 1441 3919 sibi
1473 3881 1577 3917 non
1608 3864 1803 3919 licebat

207 3957 504 4023 dominari,
553 3967 610 4011 ut
651 3956 968 4027 persuadeat
1004 3956 1317 4027 erudiatque
1338 3996 1353 4019 ,
1384 3972 1555 4026 neque
1582 3965 1800 4011 contm-

208 4049 490 4107 dieendum
518 4090 533 4113 ,
577 4065 751 4120 neque
779 4048 1136 4104 cunctandum
1158 4088 1174 4114 ,
1220 4048 1435 4119 quando
1469 4049 1607 4103 Deus
1632 4049 1802 4103 mani-

209 4140 334 4195 festa
380 4143 689 4211 relinquere
725 4140 912 4210 jubet,
963 4148 1016 4195 ct
1040 4139 1106 4194 ad
1143 4155 1205 4196 ea
1246 4156 1365 4213 qua:
1408 4156 1511 4193 non
1543 4148 1804 4211 apparent

206 4235 496 4304 respicere.
528 4232 643 4288 Non
673 4235 817 4288 enim
846 4242 951 4286 tam
972 4242 1117 4288 certa
1138 4249 1257 4302 qurc
1285 4234 1335 4287 in
1355 4233 1621 4299 manibus,
1642 4243 1803 4305 atque

205 4339 265 4378 ea
284 4342 405 4395 qum
435 4326 489 4380 in
520 4340 616 4393 spe
644 4342 658 4387 ;
692 4339 796 4377 non
825 4323 967 4377 enim
1010 4324 1086 4377 sic
1124 4323 1404 4378 manifesta
1450 4334 1532 4378 est
1564 4339 1802 4393 prmsens

206 4415 316 4470 ha-c
349 4417 458 4470 vita
491 4427 551 4469 ut
594 4415 766 4469 futura
808 4415 919 4470 illa.
969 4415 1116 4470 Hanc
1154 4416 1296 4470 enim
1334 4415 1575 4471 videmus
1603 4418 1801 4471 nostris

203 4511 371 4565 oculis
391 4553 408 4575 ,
456 4510 605 4563 illam
652 4509 896 4564 videmus
921 4510 1090 4564 oculis
1115 4507 1237 4565 lidci
1269 4526 1282 4561 :
1317 4508 1454 4563 hanc
1476 4509 1718 4565 videmus
1746 4510 1797 4564 iu

203 4602 453 4655 manibus
481 4600 680 4655 nostris
707 4602 933 4671 positam
957 4642 973 4664 ,
1027 4600 1173 4656 illam
1206 4601 1447 4656 videmus
1488 4600 1539 4655 in
1568 4603 1798 4671 promis-

202 4694 445 4749 sionihus
476 4694 568 4749 Dei
596 4694 942 4750 custoditum.

267 4787 320 4841 4.
354 4785 627 4841 Promissa
666 4784 762 4839 Dei
805 4784 1127 4848 certissima;
1168 4802 1248 4839 res
1276 4787 1513 4839 humana:
1537 4803 1689 4856 quant
1717 4788 1799 4842 in-

202 4887 367 4931 cerae.
402 4907 479 4918 —
526 4877 919 4932 Promissioues
957 4886 1135 4931 autem
1184 4876 1276 4932 Dei
1321 4879 1489 4931 multo
1535 4881 1796 4934 certiores

199 4980 321 5024 sunt
344 5012 357 5034 ,
389 4986 554 5039 quam
581 4987 701 5040 qua:
729 4971 781 5024 in
810 4970 1006 5025 nostris
1026 4979 1147 5024 sunt
1178 4971 1439 5025 manibus.
1474 4972 1562 5025 Vis
1588 4972 1798 5026 discere

199 5062 477 5131 quomodo
504 5061 617 5119 lucc
643 5064 857 5134 quidem
892 5065 999 5117 vita
1028 5064 1080 5118 in
1105 5064 1309 5119 incerto
1329 5067 1426 5119 sita
1455 5076 1537 5121 est
1562 5081 1793 5135 semper,

200 5152 374 5209 futura
401 5164 584 5210 autem
615 5156 724 5222 illa,
756 5172 874 5226 quae
898 5156 1108 5210 videtur
1134 5156 1333 5211 incerta
1358 5174 1500 5219 esse,
1532 5157 1630 5214 hac
1658 5174 1793 5226 pne-

199 5249 332 5301 scuti
361 5249 566 5301 certior
591 5250 661 5303 sit
686 5257 742 5303 et
767 5248 1029 5302 solidior?
1093 5249 1422 5318 Inquiramus
1449 5292 1462 5309 .
1510 5251 1553 5304 si
1601 5252 1792 5319 placet,

196 5352 312 5407 quae
343 5348 476 5393 sunt
518 5339 605 5393 illa
633 5341 917 5410 praesentis
942 5340 1062 5393 vita:
1089 5340 1373 5409 przeclara;
1405 5341 1602 5394 divitiae
1622 5382 1637 5404 ,
1675 5343 1794 5411 glo-

195 5430 267 5482 ria
289 5471 301 5487 .
336 5433 619 5498 potentia;
652 5448 899 5503 magnum
930 5430 1222 5487 existimari
1254 5432 1319 5484 ab
1363 5430 1663 5486 hominibus
1696 5451 1709 5486 :
1742 5441 1797 5487 et

193 5520 403 5576 videbis
435 5520 574 5578 nihil
606 5523 707 5577 illis
730 5538 850 5578 esse
881 5522 1153 5578 incertius.
1199 5524 1335 5590 Quid
1364 5525 1506 5577 enim
1530 5525 1794 5580 infidelius

190 5613 406 5680 divitiis,
437 5629 568 5683 quae
593 5631 735 5685 szepe
757 5630 855 5669 nec
884 5630 1051 5684 usque
1084 5614 1148 5669 ad
1180 5631 1461 5685 vesperam
1488 5616 1640 5669 nobis
1670 5633 1791 5684 per-

188 5703 447 5758 mancut?
498 5702 659 5759 Sicut
688 5706 827 5759 enim
874 5706 1110 5774 ingratus
1152 5706 1420 5775 transfuga
1445 5748 1459 5769 ,
1490 5706 1559 5759 ah
1598 5706 1697 5759 huc
1725 5708 1789 5762 ad

195 5794 377 5862 illum,
413 5804 462 5847 ct
498 5795 573 5848 ab
602 5795 690 5849 illo
719 5796 780 5851 ad
812 5797 969 5850 alium
1000 5794 1223 5851 subinde
1256 5804 1555 5852 transeunt.
1588 5798 1782 5868 llujus-

1448 331 1511 388 IN
1540 328 1839 389 (ΞΕΝΕὲιῆ
1877 328 2107 389 εειιιιο
2180 333 2269 392 IX.

1950 450 2092 504 modi
2134 461 2218 507 est
2244 452 2431 524 gloria.
2477 452 2862 525 $epcnumero
2897 456 2986 527 qni
3016 457 3193 511 clarus
3219 465 3336 513 erat
3361 468 3414 512 et
3446 474 3539 512 no-

1943 539 2065 595 bilis
2089 582 2104 602 .
2137 552 2357 612 repente
2382 555 2721 616 contemptus
2741 556 2795 601 et
2838 547 3091 618 ignobilis
3134 547 3386 610 habetur.
3425 558 3480 604 et
3503 564 3537 603 e

1938 631 2151 687 diverso
2192 649 2404 706 quoque
2444 651 2589 707 saepe
2624 638 2838 694 obscuri
2878 640 3055 695 subito
3087 640 3416 697 clarescunt.
3468 640 3533 696 Et

1936 725 2075 781 sicut
2103 726 2272 782 videri
2315 729 2499 799 nequit
2525 729 2577 784 in
2608 739 2723 785 rota
2748 773 2765 797 ,
2810 748 2931 802 quae.
2970 732 3225 787 continuo
3263 743 3528 798 versatur,

1935 819 2109 891 aliqua
2142 836 2265 891 pars
2294 822 2431 891 ejus,
2461 839 2527 879 eo
2551 824 2692 894 quod
2716 824 2904 879 crebra
2928 825 3358 881 circumferentia
3390 841 3533 881 sem-

1937 928 2033 982 per
2060 928 2267 968 summa
2295 916 2424 969 fiunt
2450 915 2554 970 ima
2574 958 2591 983 ,
2618 925 2672 971 et
2702 917 2805 971 ima
2836 934 3041 972 summa
3075 936 3088 972 :
3122 919 3192 973 ita
3229 927 3286 974 ct
3315 929 3530 975 nostra-

1934 1023 2050 1061 rum
2078 1023 2254 1062 rerum
2286 1008 2535 1079 impetus,
2567 1009 2693 1064 dum
2723 1010 2977 1066 continuo
2997 1022 3295 1079 vertuntur,
3315 1029 3528 1069 summa

1935 1097 2059 1153 facit
2086 1099 2267 1153 intima
2295 1117 2311 1154 :
2355 1110 2417 1155 ut
2437 1100 2620 1157 videre
2650 1102 2772 1158 licet
2799 1102 2851 1157 in
2876 1102 3113 1171 divitiis,
3145 1106 3401 1176 potentiis
3423 1146 3440 1174 ,
3473 1116 3525 1163 et

1931 1192 2068 1247 aliis.
2114 1191 2411 1271 Numquam
2443 1193 2587 1247 enim
2630 1193 2683 1249 in
2724 1194 2914 1250 eodem
2957 1203 3099 1250 statu
3126 1206 3388 1265 manent,
3429 1197 3525 1253 sed

1930 1297 2147 1353 semper
2176 1283 2453 1338 instabiles
2490 1285 2770 1339 ﬂuminum
2816 1285 2991 1341 ﬂuxus
3034 1285 3331 1343 imitantur.
3386 1287 3524 1356 Quid

1931 1376 2087 1446 igitur
2117 1376 2198 1430 bis
2229 1376 2484 1432 incertius
2508 1417 2525 1443 ,
2564 1392 2685 1448 qua:
2728 1387 2834 1432 tam
2878 1379 3072 1436 crebro
3103 1380 3519 1449 transferuntur,

1928 1478 1981 1521 et
2009 1467 2315 1539 priusquam
2358 1477 2505 1524 recte
2545 1478 2878 1538 appareant,
2927 1470 3178 1537 avolant,
3210 1473 3521 1543 priusquam

1926 1561 2232 1624 adveniant,
2265 1560 2541 1617 resiliunt?
2568 1560 2721 1617 Unde
2746 1561 3007 1633 propheta
3036 1561 3101 1619 de
3126 1562 3333 1619 deliciis
3358 1573 3411 1618 et
3439 1564 3519 1619 di-

1925 1654 2066 1708 vitiis
2092 1655 2265 1724 deque
2290 1655 2449 1711 rebus
2479 1655 2673 1711 talibus
2698 1654 2969 1711 disserens
2988 1698 3005 1721 ,
3033 1663 3090 1710 et
3111 1669 3209 1711 eos
3250 1656 3521 1712 insectans

1922 1748 2011 1817 qni
2040 1746 2143 1803 illis
2173 1749 2322 1819 quasi
2353 1748 2789 1819 permanentibus
2829 1757 3052 1815 vacant,
3089 1748 3220 1804 dicit
3246 1768 3258 1804 :
3288 1748 3520 1821 Reputa-

1923 1850 2042 1893 ruut
2095 1841 2202 1893 lucc
2239 1842 2387 1907 quasi
2421 1841 2643 1907 stantia,
2677 1850 2725 1895 et
2765 1857 2865 1895 non
2894 1841 3042 1911 quasi
3067 1841 3314 1913 fugientia
3341 1842 3517 1913 (Amos

1921 1932 1975 1987 6.
2007 1931 2082 2005 5).
2113 1932 2227 1987 Non
2248 1933 2401 1999 dixit,
2423 1933 2573 2005 quasi
2604 1934 3003 2004 prmtercuutia,
3034 1933 3153 1997 sed,
3181 1934 3322 2005 quod
3345 1935 3515 1990 multo

1920 2028 2114 2095 majus,
2145 2027 2305 2093 Quasi
2325 2028 2572 2099 fugientia
2601 2044 2621 2084 :
2646 2044 2753 2085 non
2782 2030 2925 2085 enim
2949 2029 3201 2099 paulatim
3227 2029 3509 2094 recedunt,

1919 2118 2013 2174 sed
2060 2120 2190 2174 mira
2230 2120 2526 2176 celeritate.
2572 2122 2643 2175 At
2683 2120 2984 2190 patriarcha
3031 2120 3121 2176 ille
3147 2136 3253 2177 non
3281 2120 3357 2176 sic
3379 2121 3510 2190 egit,

1918 2209 2012 2264 scd
2046 2210 2242 2265 relicti.-
2285 2210 2535 2266 omnibus
2582 2210 2726 2275 illis,
2780 2219 2986 2266 tantum
3027 2211 3093 2266 ad
3124 2211 3513 2282 promissiones

1922 2302 2013 2357 Dei
2042 2304 2324 2373 spectavit,
2352 2303 2490 2359 viam
2520 2303 2672 2359 nobis
2695 2319 2887 2373 parans
2902 2303 2967 2359 ad
2989 2303 3285 2359 futurorum
3313 2304 3509 2361 fidem:

1917 2402 1975 2445 ut
1998 2408 2119 2447 cum
2145 2394 2446 2462 promiserit
2474 2394 2565 2448 tibi
2598 2394 2740 2448 Deus
2769 2393 2941 2448 futura
2966 2403 3021 2450 et
3046 2410 3164 2465 quae
3195 2410 3298 2449 non
3320 2396 3507 2455 viden-

1917 2493 2023 2549 tur,
2054 2500 2123 2538 nc
2156 2484 2303 2539 dit-as
2325 2526 2342 2549 ,
2374 2485 2488 2540 lta‘c
2516 2500 2637 2540 esse
2668 2486 2867 2541 incerta
2913 2495 2968 2539 et
3005 2487 3253 2542 obscura.
3304 2487 3509 2544 Incerta

1914 2577 2056 2631 enim
2088 2577 2175 2631 illa
2205 2579 2434 2632 certiora
2464 2587 2588 2632 sunt
2619 2577 2683 2633 iis
2712 2594 2830 2647 qua:
2861 2577 3145 2645 videntur,
3176 2578 3337 2633 modo
3362 2594 3504 2634 ocu-

1915 2668 1995 2723 los
2022 2668 2143 2723 lidei
2173 2668 2482 2723 habeamus.
2515 2669 2769 2736 Quamvis
2794 2668 2938 2724 enim
2967 2669 3052 2723 illa
3072 2685 3177 2723 non
3208 2670 3503 2734 videamus,

1914 2762 2054 2815 licus
2086 2772 2259 2815 tamen
2301 2776 2362 2815 ea
2396 2760 2677 2830 promisit.
2718 2769 2773 2815 ct
2822 2761 3089 2829 pollicitus
3127 2770 3227 2816 cst.
3279 2761 3508 2831 Quando

1914 2852 2054 2908 Deus
2084 2852 2380 2921 promittit.
2416 2852 2559 2906 nulla
2590 2852 2812 2905 variatio
2843 2850 3287 2922 promissionibus
3312 2852 3504 2923 adjun-

1910 2944 2083 3013 gitur;
2116 2953 2273 3015 atque
2300 2943 2433 2997 adeo
2461 2944 2545 2998 illa
2578 2942 2810 2997 maxime
2842 2952 3080 3007 manent,
3113 2959 3231 3014 qua:
3259 2944 3311 2999 in
3343 2960 3503 3000 manu

1913 3037 2004 3091 Dei
2034 3048 2177 3091 sunt.
2210 3035 2293 3089 Ea:
2326 3052 2479 3089 manu
2508 3034 2650 3091 cnim
2695 3032 2822 3099 Dei,
2866 3034 3036 3104 inquit
3063 3075 3077 3093 .
3125 3034 3297 3090 nullus
3326 3051 3508 3107 rapere

1910 3138 2071 3197 potest
2101 3126 2280 3191 (Joan.
2312 3127 2399 3182 10.
2430 3126 2544 3198 29).
2600 3126 2760 3197 Igitur
2800 3127 2921 3198 quia
2972 3126 3147 3181 tmllus
3178 3143 3368 3199 rapere
3405 3142 3504 3196 po-

1911 3232 2015 3277 test
2040 3238 2103 3276 ex
2135 3238 2294 3275 manu
2326 3221 2448 3285 Dei,
2499 3230 2677 3275 certus
2708 3220 2796 3276 ille
2843 3220 3123 3276 thesaurus
3151 3237 3366 3291 semper
3392 3238 3505 3277 ma—

1908 3325 2015 3369 net.
2062 3314 2349 3369 Prtcsentia
2390 3322 2564 3368 autem
2602 3314 2901 3383 omnigenis
2931 3314 3313 3370 variationibus
3338 3325 3391 3370 et
3420 3316 3503 3369 vi-

1906 3408 2305 3464 cissitudinibus
2320 3415 2446 3461 sunt
2462 3406 2687 3461 obnoxia
2713 3424 2728 3472 ;
2754 3406 2874 3462 ideo
2896 3406 3079 3477 procis
3102 3423 3243 3477 sa'pc
3263 3408 3499 3464 laborent

1908 3500 2145 3563 ferimus,
2177 3507 2228 3553 ct
2256 3498 2359 3553 (inc
2386 3513 2569 3553 eorum
2599 3497 2936 3552 frustramur.
2989 3498 3044 3552 lu
3078 3497 3142 3551 iis
3172 3507 3352 3554 autem
3380 3514 3500 3569 qua:

1906 3607 2200 3662 Speramus,
2227 3608 2331 3645 non
2364 3591 2430 3644 ita
2457 3599 2560 3655 est,
2588 3590 2683 3645 scd
2708 3591 2751 3644 is
2772 3590 2859 3658 qui
2886 3589 3167 3653 laboravit,
3192 3592 3499 3645 necessario

1906 3704 2132 3740 ctu-unas
2158 3694 2210 3739 ct
2236 3685 2451 3754 pra‘tnia
2479 3684 2845 3753 consoquitur.
2893 3684 3025 3738 Nam
3055 3684 3186 3752 Spes
3222 3700 3320 3737 non
3347 3684 3501 3753 pude-

1906 3781 2029 3849 faeit
2060 3777 2235 3847 (Rom.
2264 3779 2315 3833 5.
2352 3778 2407 3846 5)
2437 3819 2451 3839 ,
2488 3777 2610 3848 quia
2644 3776 2737 3831 Dei
2787 3784 2869 3831 cst
2914 3776 3198 3846 promiSsio
3231 3793 3246 3829 :
3279 3784 3332 3829 et
3359 3774 3501 3830 dona

1908 3872 2169 3941 promissa
2200 3881 2495 3940 sequuntur
2523 3871 2639 3937 ejus
2671 3879 2937 3933 naturam,
2971 3870 3060 3939 qui
3092 3868 3351 3937 promisit.
3391 3869 3499 3923 lle-

1905 3964 2045 4018 lictis
2083 3962 2239 4031 igitur
2280 3963 2534 4025 incertis,
2582 3960 2926 4030 apprehende
2957 3978 3017 4014 ca
3048 3977 3168 4030 qua:
3205 3961 3497 4030 conspicua

1905 4064 2026 4110 sunt
2059 4073 2071 4107 :
2102 4053 2383 4122 ςοιιειιίυιιτι
2412 4063 2587 4106 autem
2616 4061 2742 4107 sunt
2766 4094 2780 4115 ,
2811 4068 2915 4106 non
2946 4052 3227 4121 pra‘sentia
3252 4095 3265 4115 ,
3290 4052 3382 4106 sed
3416 4052 3497 4106 fu-

1907 4156 2044 4200 tura.
2101 4144 2218 4199 Jam
2270 4144 2412 4213 quod
2462 4144 2620 4212 aliqui
2666 4143 2731 4196 ad
2785 4144 3065 4212 przescutia
3114 4154 3397 4213 spectant,
3444 4154 3499 4199 et

1907 4237 2080 4291 futura
2129 4245 2425 4305 respuunt:
2458 4252 2561 4290 non
2595 4236 2716 4291 ideo
2758 4246 3049 4304 respuunt,
3098 4236 3238 4306 quod
3269 4236 3495 4291 obscura

1904 4339 1957 4383 et
1987 4330 2185 4383 incerta
2212 4369 2225 4389 ,
2258 4327 2518 4396 sedquod
2565 4327 2809 4381 sublimia
2854 4328 2960 4380 sint
2984 4369 2999 4389 ,
3048 4336 3101 4380 et
3144 4344 3305 4396 supra
3345 4344 3495 4382 suam

1906 4418 2345 4473 imbecillitatem.
2409 4417 2699 4471 Considera
2757 4418 2914 4486 igitur
2962 4426 3157 4486 quanta
3207 4418 3276 4471 sit
3326 4419 3494 4471 virtus

1898 4510 2048 4580 justi.
2103 4512 2425 4565 Promiserat
2453 4511 2499 4563 ci
2534 4510 2674 4563 Deus
2717 4511 3011 4577 corporalia
3037 4552 3050 4571 ,
3090 4518 3145 4562 et
3188 4510 3301 4578 ipse
3332 4509 3496 4579 Spiri-

1906 4606 2062 4660 tualia
2090 4604 2382 4675 qumrebat.
2427 4602 2564 4664 Ubi,
2594 4602 2757 4665 dices,
2791 4602 3031 4671 promisit
3052 4602 3099 4655 ei
3132 4601 3271 4656 Deus
3297 4617 3493 4671 corpo-

1903 4697 2031 4751 ralia
2055 4738 2071 4761 ,
2100 4705 2148 4749 ct
2180 4696 2291 4762 ipse
2318 4695 2610 4763 spiritualia
2638 4691 2919 4763 qumsivit?
2968 4692 3225 4763 Egredere
3247 4735 3261 4756 .
3297 4694 3492 4765 inquit,

1902 4788 1965 4840 de
1992 4798 2123 4839 terra
2160 4796 2246 4838 tua
2265 4826 2282 4851 ,
2328 4795 2374 4838 et
2401 4785 2465 4838 de
2497 4784 2793 4855 cognatione
2823 4795 2908 4837 tua
2934 4827 2948 4849 ,
2988 4794 3032 4837 et
3060 4785 3122 4837 de
3152 4785 3303 4839 domo
3336 4796 3497 4855 patris

1903 4884 1972 4934 tui
1994 4924 2007 4946 ,
2051 4892 2094 4933 rt
2122 4883 2230 4933 veni
2257 4881 2307 4933 in
2342 4890 2525 4933 terram
2551 4895 2702 4950 quam
2731 4888 3075 4934 monstravere
3104 4881 3191 4935 tibi
3218 4879 3373 4951 (Gen.
3404 4881 3493 4935 l2.

1912 4976 1988 5043 l).
2021 4972 2332 5042 Corporalis
2358 4982 2473 5027 erat
2500 4982 2639 5025 terra
2684 4971 2849 5040 prior,
2882 4980 3017 5030 utet
3048 4973 3241 5039 futura,
3270 4989 3390 5043 qua:
3422 4974 3495 5027 illi

1901 5068 2073 5123 danda
2103 5075 2218 5119 erat
2288 5066 2421 5131 Quid
2466 5081 2595 5134 ergo
2629 5064 2757 5118 ille?
2798 5065 2910 5120 Ituo
2941 5078 3044 5120 non
3079 5065 3250 5129 illum,
3283 5065 3375 5119 sed
3399 5080 3495 5118 au-

1900 5161 2108 5213 diatuns
2134 5158 2199 5213 dc
2229 5158 2319 5212 illo
2351 5159 2613 5211 dicentem
2645 5156 2864 5211 Paulum
2888 5198 2902 5215 ,
2952 5166 3006 5208 ut
3046 5156 3316 5209 discamus
3342 5171 3492 5221 cum,

1902 5252 2023 5305 licet
2058 5250 2198 5305 hanc.
2228 5260 2422 5305 terram
2459 5251 2790 5317 promisisset
2832 5248 2973 5303 Dens
2996 5290 3010 5312 ,
3063 5246 3268 5301 relictis
3310 5254 3490 5303 tamen

1903 5342 2255 5414 pra‘seulilms
2275 5382 2288 5405 ,
2329 5357 2450 5398 eam
2482 5357 2585 5395 non
2628 5339 2928 5406 rcSpcxiSsc
2950 5381 2962 5399 ,
2990 5337 3081 5391 Sl'd
3111 5336 3392 5393 festinasse
3422 5339 3491 5394 ad

1901 5436 2098 5490 futura.
2125 5433 2261 5501 Quid
2295 5433 2451 5503 igitur
2481 5431 2677 5485 Paulus
2702 5429 2869 5483 dicit?
2914 5428 3077 5482 Juxta
3111 5428 3265 5498 ﬁdem
3304 5432 3491 5484 mortui

1899 5538 2016 5580 sunt
2038 5526 2089 5579 lii
2115 5541 2285 5579 omnes
2316 5521 2500 5592 (Hebr.
2538 5522 2619 5575 ll.
2654 5520 2741 5589 l3)
2764 5562 2780 5584 ,
2830 5518 2897 5575 de
2938 5519 3204 5574 Abraham
3244 5520 3491 5589 loquens,

1901 5618 2047 5674 lsaac
2072 5625 2124 5672 et
2146 5613 2331 5675 Jacob,
2364 5623 2417 5667 ct
2442 5610 2599 5679 jus-tis
2627 5611 2896 5666 omnibus.
2926 5609 3110 5680 Neque
3138 5608 3280 5664 enim
3310 5610 3486 5664 Abra-

1900 5709 2022 5762 ham
2072 5706 2252 5765 solus,
2294 5703 2386 5757 sed
2419 5717 2607 5757 omnes
2642 5700 2883 5770 ejusdem
2933 5711 3088 5755 erant
3132 5700 3487 5770 ιιιιίιυςυνιιιςε

1907 5798 2212 5869 participes.
2244 5793 2402 5849 Juxta
2419 5794 2573 5863 ﬁdem
2598 5794 2777 5846 mortui
2801 5806 2915 5847 sunt
2945 5794 2995 5846 Ιιί
3026 5809 3217 5855 omnes,
3252 5808 3366 5846 cum
3386 5810 3491 5847 non
