3964 6424
502 356 600 408 6‘27

500 469 805 536 accepissent
835 468 1210 535 premissiones,
1237 467 1323 522 sed
1354 469 1533 538 procul
1552 485 1638 520 eas
1663 467 1916 520 vidissent.
1949 464 2084 534 Quid

499 557 634 612 dicis
653 558 678 609 ’ἒ
707 574 814 611 non
836 558 1060 612 obtinuit
1091 556 1360 612 Abraham
1389 558 1815 626 promissioncs?
1863 573 1964 610 non
1996 573 2091 608 ve-

503 647 580 701 nit
610 649 660 701 in
691 647 1070 702 Palmstinam?
1118 646 1273 702 Falsa
1310 664 1440 719 ergo
1479 664 1538 703 ea
1582 665 1700 719 qua:
1746 648 1886 702 dicta
1930 647 2093 701 sunt?

503 736 865 807 Nequaquam.
896 735 1082 807 inquit.
1112 737 1267 793 Venit
1291 739 1505 807 quidem
1530 740 1580 793 in
1609 735 1965 802 l’alarstinam,
1989 753 2091 791 non

506 827 643 883 hanc
669 839 844 882 autem
877 831 1136 898 Spectavit
1161 871 1176 897 ,
1209 830 1304 885 sed
1331 831 1488 884 aliam
1519 845 1639 900 qua:
1666 831 1716 884 in
1745 829 1913 891 ca-lis,
1947 830 2091 883 desi-

503 919 726 973 deravit.
750 917 914 988 Cujus
936 919 1012 974 rei
1033 931 1085 975 et
1110 919 1302 976 Paulus
1325 924 1494 988 testis,
1516 933 1636 977 cum
1654 921 1834 990 adjicit
1857 941 1869 976 :
1892 917 1955 974 Et
1975 940 2097 974 Ctln‘

503 1010 626 1079 fessi
643 1022 758 1064 sunt
775 1029 828 1064 se
847 1013 1064 1083 hospites
1081 1023 1127 1067 et
1145 1015 1432 1085 peregrinos
1442 1013 1493 1067 in
1514 1023 1646 1068 terra
1667 1009 1852 1082 (Hebr.
1871 1013 1958 1068 ll.
1983 1014 2091 1084 15).

504 1095 780 1170 llospesue
803 1113 900 1167 est,
946 1101 1034 1173 qui
1065 1113 1264 1158 tantam
1293 1105 1498 1173 accepit
1525 1103 1783 1174 patriam,
1817 1111 1870 1159 et
1896 1115 2093 1158 tantum

503 1193 824 1261 regionem?
871 1189 995 1257 dic.
1038 1197 1281 1250 obsecro.
1334 1193 1509 1258 Sane.
1559 1191 1771 1266 inquit:
1803 1211 1906 1250 non
1951 1199 2093 1250 enim

507 1281 662 1349 hanc,
691 1284 784 1338 Sed
816 1281 1005 1340 ca-lttm
1037 1285 1316 1354 spectavit.
1372 1284 1507 1340 Nam
1533 1287 1619 1358 qui
1640 1289 1748 1341 Iure
1773 1288 1949 1342 dicunt
1971 1330 1983 1350 ,
2019 1291 2095 1340 in-

502 1375 635 1442 quit,
669 1376 928 1430 declarant
952 1391 1009 1432 se
1031 1379 1191 1430 aliam
1216 1377 1469 1447 inquirere
1494 1380 1880 1449 patriam,cujus
1903 1381 2095 1448 artifex

503 1475 552 1516 et
577 1465 749 1535 opifex
770 1477 840 1519 est
871 1459 1008 1521 Deut
1041 1467 1200 1539 (Ibid.
1235 1483 1282 1522 υ.
1319 1466 1402 1524 14.
1443 1471 1524 1540 10)
1551 1511 1566 1534 ,
1620 1467 1762 1524 illam
1788 1511 1802 1533 ,
1853 1471 2089 1540 inquam,

502 1558 802 1614 Jerusalem
833 1563 1100 1616 ca-lesmm
1125 1605 1138 1626 ,
1177 1573 1231 1618 et
1269 1575 1576 1634 supernam.
1603 1563 1791 1618 Vidisti
1821 1566 2094 1634 quomodo

507 1652 812 1719 promiserit
841 1648 915 1708 illi
949 1645 1088 1709 [lens
1131 1655 1502 1724 Corporalem,
1545 1661 1599 1709 et
1640 1654 1751 1724 ipse
1791 1659 2094 1726 qtrt'siverit

505 1758 799 1812 supernam
819 1743 1158 1800 Jerusalem?
1194 1745 1293 1814 Qui
1336 1749 1467 1800 enim
1509 1745 1616 1800 lucc
1650 1748 1855 1813 dicunt,
1902 1749 2090 1818 inquit,

503 1833 794 1902 signiﬁcant
840 1853 893 1889 se
933 1837 1149 1905 patriam
1189 1839 1461 1908 inquirere.
1512 1838 1586 1891 Ac
1628 1839 1673 1894 si
1711 1841 1849 1894 illius
1890 1841 2091 1911 quidem

506 1925 846 1980 meminissent
866 1969 880 1986 .
906 1943 969 1981 ea:
992 1945 1093 1998 qua
1114 1939 1230 1982 sunt
1259 1931 1464 1999 egressi,
1499 1939 1695 2001 tempus
1716 1931 1819 1985 illis
1845 1931 2093 1984 redeundi

504 2029 787 2088 suppeteret
813 2036 830 2073 :
843 2024 956 2090 jam
980 2039 1094 2076 rero
1127 2020 1335 2077 alterius
1366 2023 1589 2077 melioris
1624 2025 1877 2078 desiderio
1897 2026 2084 2077 (lucrm-

509 2122 610 2175 tur,
635 2113 728 2165 hoc
755 2124 826 2166 est
849 2155 862 2178 ,
896 2109 1105 2168 Caelestis
1141 2113 1300 2186 (lbitl.
1329 2133 1376 2169 υ.
1410 2113 1496 2170 15.
1534 2115 1646 2184 16).
1686 2117 1864 2184 Itaque
1894 2131 2087 2184 Corpo-

505 2199 634 2258 ralis
661 2213 740 2258 est
767 2207 1072 2274 promissio,
1097 2207 1371 2276 spirituale
1393 2219 1567 2262 autem
1591 2209 1718 2278 justi
1740 2208 2085 2263 desiderium.

507 2298 576 2350 At
621 2311 718 2351 nos
762 2300 919 2369 plane
953 2298 1161 2353 diversa
1203 2297 1444 2354 facimus.
1493 2300 1632 2355 Deus
1663 2295 1734 2354 illi
1773 2299 2088 2370 promiserat

510 2384 845 2442 Palzestinam
870 2431 885 2454 ,
918 2387 1012 2443 sed
1054 2391 1144 2445 ille
1181 2391 1456 2460 Spectabat
1494 2389 1681 2445 ca'lum
1717 2408 1730 2444 :
1763 2392 1917 2446 nobis
1965 2407 2091 2461 pro-

507 2478 727 2534 missum
755 2489 836 2534 est
861 2482 1048 2536 ett-lum
1073 2523 1091 2548 ,
1117 2492 1169 2538 et
1194 2481 1259 2536 ad
1293 2491 1488 2538 terram
1521 2483 1805 2538 tendimus.

575 2573 629 2626 5.
667 2573 956 2627 Doctritmm
986 2591 1048 2628 ex
1074 2577 1282 2628 historia
1311 2576 1528 2630 Abrahae
1555 2575 1818 2630 deductam
1847 2577 2090 2638 resumit;

505 2662 601 2729 ﬁlii
630 2679 728 2715 non
759 2665 828 2716 rei
855 2673 971 2718 sunt
997 2666 1275 2732 iniquitatis
1306 2679 1607 2735 parentant;
1631 2669 1752 2736 quid
1781 2669 1926 2736 officii
1959 2683 2088 2736 prte-

511 2765 644 2808 stare
671 2756 882 2810 debeant
912 2759 1008 2826 filii
1044 2775 1165 2829 ergo
1195 2770 1424 2829 parentes
1451 2760 1674 2828 impios;
1714 2760 1922 2812 liberant
1950 2759 2086 2812 arbi-

506 2847 658 2899 trium
715 2863 735 2900 :
789 2847 1130 2918 interpretatio
1197 2851 1412 2904 nominis
1466 2850 1594 2906 Noé.
1643 2881 1712 2891 -—
1764 2850 1886 2905 ll:rc
1942 2853 2088 2905 lucra

507 2955 572 2992 ex
611 2940 877 2994 Abraham
908 2941 1058 2996 nobis
1087 2943 1421 3012 Contigerant
1441 2985 1460 3009 ,
1502 2945 1621 3014 quia
1652 2957 1848 2998 nomen
1870 2945 1986 3014 ejus
2011 2944 2091 2999 di-

505 3033 734 3087 dicimus
757 3074 771 3094 ,
814 3043 868 3088 et
904 3045 1068 3104 quare
1097 3033 1375 3089 Trausitor
1414 3036 1586 3090 dictus
1617 3037 1715 3101 sit,
1759 3037 1976 3106 etquod
2003 3051 2089 3091 re-

511 3123 628 3177 l’eta
681 3133 819 3179 terra
871 3140 964 3178 sua
1017 3125 1069 3180 in
1100 3125 1323 3179 alienam
1364 3129 1665 3192 concessit,
1703 3128 2091 3198 put-ternisque

505 3217 669 3271 certis
708 3217 773 3271 ad
815 3217 1012 3272 incerta
1062 3234 1120 3274 se
1171 3222 1477 3283 convertit,
1528 3221 1753 3291 ahjectis
1789 3220 1851 3276 iis
1881 3239 2000 3292 qua:
2037 3224 2088 3277 in

507 3308 792 3374 mauilms,
839 3309 1090 3378 aspiravit
1130 3310 1194 3364 ad
1241 3325 1304 3365 es
1332 3325 1448 3379 qua.-
1478 3327 1574 3382 spe
1617 3313 1982 3383 concipiebat,
2036 3325 2088 3369 et

501 3403 732 3471 acceptis
748 3403 1085 3458 sensibilibm
1111 3402 1176 3457 ad
1201 3405 1497 3474 spirirnalia
1519 3405 1761 3472 tetendit,
1789 3407 1946 3472 idque
1966 3418 2090 3462 ante

500 3494 724 3559 gratiam
746 3534 762 3559 ,
791 3505 914 3548 ante
943 3495 1114 3564 legem
1139 3536 1153 3560 ,
1192 3509 1316 3552 ante
1359 3496 1734 3566 prophetarum
1764 3497 2083 3553 doctrinam.

508 3580 657 3637 Ilnde
688 3585 1026 3638 manifestum
1059 3595 1171 3652 est,
1204 3603 1325 3640 eum
1367 3599 1694 3657 pra-captare
1723 3591 1982 3651 caruisse.
2013 3592 2087 3642 τί.

500 3691 605 3742 quc
631 3677 760 3729 satis
787 3677 947 3730 luisse
977 3687 1218 3732 naturam
1249 3690 1558 3735 moventem
1589 3682 1939 3752 cogitationes
1963 3699 2090 3736 eon-

503 3768 776 3831 scientim,
817 3777 869 3824 ut
901 3769 979 3823 sic
1009 3769 1272 3825 inveniret
1299 3769 1555 3842 Opiﬁeem
1585 3774 1814 3828 universi
1843 3792 1856 3828 :
1885 3787 1932 3828 et
1967 3793 2088 3844 pro-

502 3869 625 3926 pter
664 3858 765 3915 hoc
794 3860 1074 3917 dicebatur
1097 3863 1293 3918 Abram
1315 3906 1330 3929 ,
1357 3864 1496 3934 quod
1540 3879 1732 3920 nomen
1761 3868 1810 3921 ei
1840 3881 2087 3936 parentes

498 3968 560 4004 ea
588 3953 656 4006 de
684 3967 839 4008 causa
877 3955 1199 4010 indiderunt.
1249 3957 1353 4011 Sed
1393 3955 1530 4013 lo-te
1565 3959 1742 4013 statim
1769 3959 1963 4014 dixerit
1989 3961 2084 4014 aii-

499 4045 619 4112 quis
648 4063 661 4098 :
692 4044 1018 4102 Mendacium
1072 4047 1172 4102 hoc
1220 4060 1317 4103 est.
1376 4049 1630 4105 Parentes
1679 4051 1908 4106 Abrahae
1958 4069 2081 4107 uuln

495 4134 624 4201 justi
651 4135 896 4190 luerunt?
947 4153 1071 4191 num
1104 4139 1414 4208 placuerunt
1458 4139 1607 4194 Deo?
1647 4153 1772 4194 num
1816 4141 2083 4197 sciverunt

502 4227 673 4279 futura
688 4225 717 4279 ?‘
757 4243 881 4280 num
910 4229 1342 4296 pollicitationem
1373 4242 1400 4282 a
1434 4230 1658 4284 Omnino
1683 4230 1911 4286 dandam
1946 4250 2083 4304 prm-

499 4321 784 4375 viderunt?
811 4336 988 4375 annon
1028 4322 1173 4390 impii
1201 4331 1353 4375 erant
1381 4332 1431 4376 et
1467 4323 1762 4378 idololatne
1784 4367 1804 4391 ,
1837 4333 1891 4379 et
1936 4327 2079 4394 plus-

497 4412 704 4482 qnamb
739 4412 918 4467 rhari?
941 4411 1062 4468 Scio
1082 4421 1136 4466 et
1159 4428 1278 4483 ego,
1305 4427 1368 4467 ac
1392 4425 1668 4484 propterea
1689 4415 2080 4485 landojustnm,

494 4505 636 4574 quod
686 4505 816 4560 tales
867 4515 1116 4575 parentes
1167 4506 1405 4568 habens,
1455 4507 1575 4560 talis
1621 4507 1732 4576 ipse
1779 4509 1947 4562 laetus
1989 4511 2081 4566 sin

497 4597 714 4650 Etenim
751 4597 905 4650 valde
950 4612 1128 4650 rarum
1173 4606 1226 4650 et
1254 4596 1569 4652 admirabile
1612 4607 1728 4662 est,
1769 4615 1834 4652 es
1879 4601 2076 4668 agresti

495 4686 674 4740 radice
716 4685 928 4740 dulcem
971 4687 1197 4741 fructum
1244 4688 1480 4756 produci.
1535 4688 1602 4741 At
1650 4703 1754 4742 non
1791 4691 2076 4746 accusandi

495 4786 616 4830 sunt
645 4779 714 4832 ob
743 4789 1017 4846 parentum
1065 4779 1316 4833 malitiam
1362 4780 1459 4836 lilii
1497 4779 1582 4849 pie
1608 4781 1843 4835 viventes
1866 4825 1880 4847 ,
1913 4783 2005 4836 sed
2032 4784 2081 4837 si

493 4869 618 4938 quid
647 4869 960 4923 admirabile
1003 4870 1285 4923 diendum
1328 4881 1441 4931 est,
1494 4885 1559 4925 eo
1596 4873 1762 4942 magis
1803 4872 2072 4936 laudandi,

493 4961 632 5030 quod
657 4977 778 5016 cum
810 4961 1056 5030 pietatem
1086 4976 1114 5014 a
1143 4964 1451 5030 parentibus
1478 4978 1581 5017 non
1613 4967 1940 5032 acceperint,
1975 4982 2074 5021 nec

491 5052 772 5108 habuerint
792 5052 879 5121 qui
913 5068 1069 5105 utanu
1096 5052 1372 5115 ducerent,
1401 5056 1549 5123 quasi
1574 5055 1628 5108 in
1656 5071 1837 5110 eremo
1859 5067 1912 5110 et
1933 5059 2074 5112 invio

487 5155 695 5210 euntes,
731 5145 870 5199 viam
903 5158 1022 5215 qua:
1045 5146 1096 5199 in
1120 5143 1308 5199 ca-hun
1343 5145 1442 5198 l‘ert
1467 5186 1480 5208 ,
1515 5147 1758 5201 invenire
1784 5151 2069 5216 potuerim.

487 5235 602 5290 Non
651 5237 810 5307 igitur
838 5237 1037 5292 crimen
1061 5245 1178 5299 est,
1224 5233 1423 5290 habere
1459 5246 1662 5304 patrem
1705 5239 1944 5306 impium,
1975 5239 2066 5294 sed

488 5329 681 5382 imitari
727 5327 894 5397 patris
929 5329 1255 5398 impietatem
1283 5344 1298 5393 ;
1332 5335 1387 5382 et
1409 5329 1610 5382 crimen
1637 5339 1722 5384 est
1757 5330 2068 5396 maximum,

487 5435 592 5474 non
630 5419 771 5490 quod
819 5419 1113 5475 habeamus
1156 5419 1429 5489 improbos
1474 5429 1752 5489 parentes,
1806 5421 1898 5476 sed
1928 5423 2068 5492 quod

487 5513 701 5566 iilorum
728 5528 831 5566 non
859 5527 1076 5582 agamus
1100 5529 1320 5576 curam,
1357 5525 1528 5583 neque
1573 5529 1670 5583 pro
1710 5514 1847 5568 virili
1886 5525 2067 5571 nostra

484 5604 670 5657 demus
695 5619 948 5673 operam,
996 5612 1053 5657 ut
1097 5604 1165 5657 ab
1209 5602 1480 5671 impietate
1514 5618 1609 5657 sua
1655 5617 1751 5658 eos
1793 5619 2064 5661 ernanms‘.

490 5697 666 5763 Itaque
709 5697 794 5750 ubi
843 5685 939 5748 nos
983 5696 1190 5750 illorum
1233 5696 1463 5760 animm,
1513 5707 1766 5764 quantum
1818 5698 1871 5752 in
1914 5699 2068 5752 nobis

488 5786 656 5840 Situm
677 5799 784 5855 est,
818 5789 1109 5842 subsidium
1141 5789 1416 5842 tulerimus
1441 5831 1454 5854 ,
1489 5791 1559 5844 illi
1595 5807 1720 5846 vero
1763 5794 1814 5846 in
1845 5809 1936 5847 sua
1969 5795 2062 5846 im-

1219 347 1274 401 S.
1317 345 1604 401 JOANNIS
1643 347 2084 404 tillRYSOSTOl

2195 347 2453 402 \lllliEl’.
2501 344 3054 401 CDNSTANTINUP.

3637 360 3719 414 628

2203 467 2463 535 probitate,
2492 472 2901 538 perseverarint,
2922 471 2988 524 ab
3011 472 3154 525 omni
3181 471 3396 526 crimine
3413 483 3470 526 ac
3491 475 3720 544 reprelien.

2201 559 2351 613 sione
2378 573 2564 614 sumns
2596 563 2878 616 immunes.
2928 561 3052 616 llmc
3080 572 3257 616 autem
3297 562 3401 617 disi
3426 605 3440 625 ,
3471 573 3523 617 ut
3555 581 3613 619 ne
3634 575 3722 620 tur-

2201 651 2339 706 beris
2360 695 2375 720 ,
2418 653 2645 718 dilecte,
2697 669 2817 708 cum
2846 654 2996 710 audis
3024 654 3288 708 Abraham
3327 655 3534 725 impium
3559 665 3720 726 patrem

2201 741 2471 798 imbuisse.
2519 745 2646 798 Nam
2676 756 2728 797 et
2753 744 3064 799 Timotheus
3089 745 3304 815 impium
3333 754 3522 815 patrem
3546 750 3725 803 sortitus

2201 832 2294 888 fuit
2321 853 2334 887 :
2369 833 2534 889 Filius
2563 835 2706 889 enim
2737 834 2938 889 lallare
2961 835 3185 889 mulieris
3212 845 3349 902 erat,
3379 837 3534 904 ﬁdelis
3562 841 3723 895 matris.

2201 925 2359 993 patris
2387 937 2554 978 autent
2591 927 2794 994 gentilis
2824 927 2958 996 (Act.
2995 927 3079 980 l6.
3107 926 3182 995 1).
3235 925 3299 979 Et
3323 926 3457 996 quod
3483 937 3614 996 pater
3635 931 3724 998 ejus

2201 1017 2458 1070 ntanserit
2484 1014 2535 1070 in
2563 1016 2832 1086 impietate
2858 1025 2912 1070 ct
2940 1031 3044 1070 non
3075 1017 3232 1070 fuerit
3253 1031 3560 1080 conversus,
3588 1020 3724 1071 mani-

2202 1103 2393 1160 lestutu
2439 1117 2518 1162 eSI
2567 1123 2630 1162 ex
2677 1108 2778 1162 hoc
2811 1127 2822 1160 :
2859 1109 3080 1162 laudans
3121 1109 3261 1162 enim
3304 1106 3556 1164 Timothei
3599 1107 3722 1166 tidem

2203 1198 2395 1252 Paulus
2415 1241 2429 1262 ,
2463 1200 2540 1252 sic
2565 1195 2694 1253 dicit
2727 1217 2740 1254 :
2773 1199 2902 1263 Qua:
2929 1199 3170 1253 habitavit
3191 1201 3244 1253 in
3272 1201 3383 1252 avia
3407 1209 3489 1252 tua
3510 1199 3665 1265 Laide,
3689 1213 3724 1254 et

2201 1302 2360 1345 matre
2383 1301 2466 1344 tua
2492 1289 2704 1357 Euuice,
2736 1291 2938 1360 conﬁdo
2962 1299 3128 1344 autem
3157 1291 3293 1360 quod
3321 1299 3366 1344 et
3392 1291 3442 1344 in
3465 1301 3510 1343 te
3530 1289 3596 1359 (2.
3615 1289 3721 1343 Tini.

2203 1384 2251 1437 1.
2402 1381 2671 1451 Nusquam
2706 1383 2791 1437 hic
2822 1382 2984 1451 patris
3010 1396 3206 1436 nomen
3229 1381 3434 1448 legitur.
3481 1381 3542 1434 Et
3563 1381 3726 1448 quare?

2200 1473 2330 1538 Quia
2359 1474 2410 1526 in
2453 1470 2724 1542 impietate
2771 1485 3151 1540 perseverans,
3203 1485 3307 1524 non
3335 1481 3443 1524 erat
3469 1471 3638 1538 dignus
3655 1473 3725 1539 qui

2198 1579 2319 1617 eu-n
2356 1564 2467 1616 lilio
2496 1570 2886 1618 numeraretur.
2940 1563 3006 1616 Et
3029 1563 3301 1633 apostolos
3331 1562 3494 1615 malos
3522 1563 3728 1615 habuisse

2199 1669 2376 1726 patres
2401 1656 2686 1710 declaravit
2707 1655 2973 1715 Christus.
3000 1669 3122 1709 cum
3149 1655 3282 1708 dixit
3308 1672 3322 1707 :
3353 1653 3412 1708 Si
3439 1670 3522 1724 ego
3547 1655 3593 1706 itt
3615 1653 3726 1705 Berl-

2199 1750 2344 1804 zelml
2368 1750 2514 1817 ejirio
2548 1749 2823 1812 daemonia,
2867 1749 2963 1816 filii
2989 1749 3138 1801 vestri
3166 1748 3217 1800 in
3241 1763 3343 1816 quo
3371 1747 3596 1816 ejicieut?
3623 1744 3725 1799 Pro-

2202 1855 2310 1912 pter
2339 1845 2436 1896 hoc
2463 1839 2563 1912 ipsi
2590 1849 2733 1895 erant
2770 1841 2970 1912 judires
2995 1841 3141 1894 vestri
3173 1838 3384 1907 (Matth.
3410 1837 3491 1891 12.
3522 1837 3624 1907 27).
3646 1837 3726 1889 Sed

2201 1945 2256 1990 te
2281 1950 2346 1989 ne
2371 1936 2547 1988 turbet
2579 1933 2704 1998 hoc,
2734 1949 2904 2002 tteqttc
2932 1932 3182 1986 offendat.
3229 1931 3360 1984 Nam
3387 1944 3450 1985 ex
3479 1929 3570 1983 hoc
3603 1928 3727 1982 disci-

2201 2040 2319 2080 nms
2339 2067 2352 2088 ,
2395 2041 2502 2079 non
2533 2035 2758 2090 natura,
2795 2024 2886 2080 sed
2929 2023 3218 2078 volunuttis
3243 2035 3367 2076 esse
3386 2021 3556 2075 vitium
3581 2028 3626 2074 et
3648 2018 3727 2072 vir-

2201 2125 2386 2171 tutetn.
2417 2116 2702 2170 Enimvero
2727 2115 2770 2168 si
2802 2125 3005 2168 natura:
3029 2120 3191 2176 esset,
3219 2111 3440 2166 omnino
3465 2110 3574 2164 ntali
3598 2108 3730 2162 malos

2200 2218 2449 2282 Parere"!
2472 2253 2486 2273 .
2537 2218 2594 2265 et
2619 2210 2739 2263 boni
2772 2210 2939 2263 bonos
2968 2223 2983 2265 :
3032 2207 3128 2262 sed
3156 2206 3283 2276 quia
3313 2205 3574 2260 electionis
3597 2211 3642 2256 et
3656 2215 3726 2252 vo-

2209 2301 2423 2354 Inntatis
2447 2310 2531 2354 est
2563 2301 2784 2369 probum
2816 2299 2897 2353 vel
2928 2297 3227 2368 improbum
3254 2311 3395 2360 esse,
3423 2295 3601 2350 ideirco
3619 2306 3730 2360 sape

2200 2392 2353 2447 malis
2378 2391 2614 2462 patribus
2645 2390 2766 2444 boni
2797 2389 2890 2442 lilii
2915 2431 2931 2454 ,
2976 2399 3028 2442 et
3059 2383 3263 2458 ignavis
3297 2386 3417 2440 ﬁliis
3435 2383 3633 2439 studiosi
3655 2394 3723 2451 pa-

2199 2495 2308 2539 tres
2357 2483 2604 2546 luerunt,
2647 2491 2706 2536 ut
2744 2493 2850 2535 non
2881 2489 3109 2543 naturae,
3133 2479 3226 2533 sed
3275 2477 3522 2532 voluntati
3559 2485 3728 2542 seraper

2201 2579 2284 2630 illa
2331 2578 2677 2645 imputemus.
2735 2572 2932 2629 Verum
2984 2587 3104 2628 cum
3147 2580 3402 2641 parentes
3431 2568 3729 2624 Altmltmutt

2199 2670 2343 2734 dixi,
2385 2669 2580 2723 fuerint
2621 2667 2800 2738 impii,
2829 2664 3098 2736 quomodo
3125 2665 3175 2718 ei
3222 2662 3330 2718 hoc
3357 2677 3540 2717 nomen
3563 2655 3728 2712 indide-

2201 2769 2326 2814 runt
2353 2761 2375 2813 ?
2407 2759 2528 2814 Fuit
2550 2759 2649 2813 hoc
2671 2773 2804 2828 opus
2831 2757 3025 2811 divinae
3041 2755 3320 2824 sapientia:
3341 2770 3432 2825 per
3459 2748 3728 2806 incredula»

2200 2854 2430 2922 linguam
2457 2851 2849 2920 dispensantis,
2883 2858 2940 2902 ut
2972 2863 3135 2916 puero
3163 2861 3364 2902 nornen
3405 2847 3727 2912 imponeretur.

2202 2945 2402 2998 habens
2432 2947 2484 2998 in
2507 2958 2565 2996 se
2588 2942 2888 2996 futurorum
2911 2939 3207 2994 historiam.
3245 2937 3386 2992 Nam
3412 2935 3628 2991 eatndetn
3652 2930 3730 2982 vir-

2201 3046 2369 3092 tutem
2392 3045 2446 3091 et
2485 3035 2538 3088 in
2576 3032 2788 3088 Balaam
2829 3032 3158 3096 declaravit,
3205 3041 3411 3099 cogens
3449 3040 3562 3082 eum
3596 3021 3729 3075 futura

2202 3132 2491 3199 [mediocre
2527 3127 2714 3200 (Nam.
2755 3127 2846 3194 25)
2877 3141 2892 3178 :
2931 3124 3210 3178 declarans
3257 3137 3319 3177 se
3368 3137 3474 3176 non
3513 3117 3661 3172 solum
3690 3111 3730 3163 in

2198 3224 2308 3277 suis
2327 3266 2342 3289 ,
2371 3221 2464 3276 sed
2489 3230 2544 3274 et
2575 3218 2628 3272 in
2657 3219 2844 3273 alienis
2868 3215 3130 3270 dominari
3155 3227 3341 3282 posse.
3391 3211 3455 3265 Et
3495 3217 3546 3262 ut
3575 3205 3729 3264 die“.

2201 3325 2451 3386 parentes
2486 3313 2644 3367 etiam
2689 3324 2794 3363 non
2825 3308 2978 3362 valde
3007 3307 3124 3375 pios
3145 3345 3160 3370 ,
3199 3304 3402 3374 Impius
3428 3299 3618 3355 nescios
3652 3295 3728 3347 im-

2201 3422 2396 3478 ponere
2423 3403 2635 3458 nomina
2654 3401 2831 3470 justis,
2852 3413 2971 3468 quze
2988 3396 3207 3451 multam
3237 3393 3533 3448 futurorum
3555 3387 3733 3478 disper-

2195 3476 2454 3552 sationent
2485 3495 2792 3555 declarent,
2837 3489 3147 3544 docebimus
3175 3485 3343 3541 etiam
3377 3485 3482 3539 alio
3510 3476 3727 3546 exemplo.

2198 3587 2426 3644 L‘Itucclt
2465 3586 2558 3656 qui
2586 3583 2681 3638 luit
2711 3591 2860 3652 pater
2886 3581 3001 3635 Νιιό
3027 3579 3132 3653 (a),
3165 3578 3316 3632 illius
3335 3577 3448 3631 Νοὲ
3466 3573 3602 3643 cuius
3623 3581 3730 3624 tem-

2198 3695 2323 3748 pore
2353 3677 2546 3731 factum
2575 3685 2656 3730 est
2687 3673 2943 3728 dihtiimn
2969 3713 2982 3736 ,
3018 3688 3122 3724 tum
3143 3678 3262 3724 erat
3289 3670 3492 3739 justus,
3527 3679 3620 3719 non
3648 3661 3738 3715 Deo

2192 3785 2406 3843 gratus,
2452 3786 2558 3825 non
2609 3769 2718 3822 Deo
2766 3767 3020 3836 probatus
3054 3783 3067 3818 :
3098 3779 3220 3818 nam
3271 3767 3316 3818 si
3354 3762 3548 3833 justus,
3585 3754 3731 3810 silice

2193 3879 2372 3936 gratus
2396 3874 2448 3917 ct
2477 3872 2727 3932 tit-ceptus
2757 3861 2935 3912 luisset
2960 3899 2976 3921 ,
3024 3873 3129 3910 non
3166 3856 3428 3919 dixisset,
3462 3853 3564 3908 Noé
3596 3847 3730 3901 solum

2194 3955 2485 4027 perlectum
2522 3955 2793 4007 inventum
2831 3951 2884 4003 in
2914 3949 3263 4019 generatione
3295 3961 3390 4000 sua
3416 3944 3559 4015 (Gen.
3583 3940 3628 3994 (i.
3653 3936 3727 4000 ωε

2193 4064 2363 4119 neque
2388 4047 2732 4118 przetcriissct
2747 4044 2874 4112 justi
2895 4052 3116 4112 patrem,
3147 4042 3191 4094 si
3214 4027 3394 4108 jtﬁtus
3420 4039 3604 4091 luisset.
3625 4027 3739 4096 Quid.

2192 4145 2348 4213 igitur
2377 4141 2506 4195 ille?
2555 4139 2810 4209 Imposuit
2837 4149 3032 4192 nomen
3061 4150 3248 4204 puero,
3279 4133 3423 4204 quad
3454 4128 3728 4213 "ximam

2190 4212 2484 4288 futurarum
2512 4246 2691 4286 rerum
2725 4229 2943 4284 haberet
2975 4228 3250 4281 historiam
3274 4263 3297 4292 ,
3341 4233 3560 4292 eratque
3583 4212 3728 4285 appel-

2191 4329 2315 4382 latio
2337 4326 2463 4396 justi
2495 4323 2769 4395 prophetia
2805 4321 2957 4393 (Gen.
2992 4321 3045 4375 5.
3073 4317 3194 4385 29).
3238 4314 3579 4388 Signiticobat
3612 4305 3727 4362 enim

2189 4435 2383 4475 nomen
2430 4419 2549 4486 ejus
2597 4417 2835 4471 futurum
2875 4413 3151 4468 diluvium.
3199 4407 3519 4479 Quomodo?
3564 4403 3728 4458 Nomen

2186 4513 2300 4581 ejm
2329 4512 2584 4567 llebraica
2615 4511 2789 4579 lingua
2811 4508 3014 4562 vocavit
3040 4505 3175 4568 Noe,
3198 4503 3341 4574 quod
3373 4501 3728 4567 interpretatum

2184 4617 2285 4667 est,
2321 4605 2515 4674 quietis
2534 4611 2740 4656 auctor.
2770 4601 2868 4655 Nia
2895 4600 3037 4653 enim
3060 4599 3321 4668 Syr-orum
3349 4609 3479 4648 voce
3501 4590 3728 4674 quiescﬂf

2182 4673 2528 4765 Sicutiigitur
2565 4692 2832 4747 Abraham
2885 4691 2952 4744 ab
3001 4690 3172 4751 Abar,
3212 4688 3363 4758 quod
3397 4695 3477 4741 est
3516 4673 3728 4736 transtri

2185 4789 2347 4852 ultra,
2373 4787 2545 4842 dictus
2566 4793 2675 4847 est,
2703 4792 2758 4837 et
2785 4782 2951 4836 Adam
2977 4781 3044 4835 ab
3071 4779 3287 4842 ﬁdem,
3323 4776 3470 4847 quod
3495 4782 3573 4829 est
3598 4777 3727 4824 terra.

2183 4895 2246 4934 eo
2267 4879 2406 4948 quod
2439 4879 2505 4931 sit
2531 4887 2814 4931 terrenus:
2851 4875 2918 4926 ita
2967 4872 3051 4925 hic
3079 4886 3108 4925 a
3141 4870 3234 4924 Nia
3261 4878 3483 4923 voca-tus
3511 4871 3586 4917 est
3619 4855 3724 4915 Noti.

2185 4971 2283 5024 hoc
2309 4978 2409 5029 est,
2433 4977 2618 5022 auctor
2637 4966 2830 5035 quietis
2853 4981 2867 5019 ε
2891 4963 3130 5018 tk-clatait
3154 4971 3333 5014 autem
3359 4959 3461 5013 hoc
3485 4965 3537 5010 ct
3556 4950 3729 5018 adjecta

2184 5061 2454 5131 particula.
2503 5056 2890 5112 Vocavitenim
2932 5069 3054 5107 cum
3103 5051 3251 5116 Nos,
3281 5050 3470 5103 dicens
3501 5064 3513 5100 :
3549 5043 3729 5096 Hirro:

2179 5157 2432 5225 quiescere
2471 5152 2619 5224 faciet
2658 5148 2865 5218 (Germ.
2897 5148 2949 5202 5.
2972 5146 3094 5214 29),
3123 5145 3360 5214 quietem
3381 5139 3727 5225 diluviumqvqo—

2178 5223 2322 5302 cans.
2353 5223 2485 5299 Nam
2516 5244 2636 5312 quia
2663 5241 2762 5295 sub
2792 5241 2884 5293 illo
2912 5240 3277 5292 intumuerat
3310 5233 3591 5294 diluvium,
3619 5223 3726 5279 tilu-

2177 5339 2319 5392 vium
2347 5346 2522 5391 autem
2554 5347 2700 5387 mors
2733 5331 2862 5397 fuit,
2895 5330 3041 5384 Mors
3065 5343 3191 5384 vero
3217 5328 3358 5397 quia
3385 5326 3489 5378 viro
3518 5330 3590 5377 est
3612 5313 3726 5387 (Mt-

2179 5427 2230 5485 5.
2259 5431 2354 5498 25)
2384 5445 2397 5482 :
2423 5427 2623 5482 idcirco
2650 5425 2949 5487 hominem,
3003 5421 3106 5477 sub
3132 5435 3243 5492 quo
3275 5419 3532 5474 diluvium
3560 5412 3728 5466 WB

2177 5535 2278 5588 est,
2308 5520 2504 5592 quietis
2525 5529 2796 5573 auctorem
2829 5516 3054 5570 vocavit.

2240 5680 2314 5742 (α)
2346 5679 2428 5742 nis
2449 5674 2621 5742 similia
2650 5677 2806 5725 hach
2823 5686 2966 5742 supra
3003 5674 3058 5742 in
3075 5668 3286 5742 tientiliis
3323 5681 3386 5742 ur

2175 5729 2468 5796 de‘n'omine
2493 5738 2590 5786 ιεοὲ
2613 5751 2745 5800 pene
2778 5729 2967 5785 eadem.
3011 5733 3126 5800 \ide
3165 5739 3325 5780 notant
3359 5731 3442 5778 ibi.
3482 5729 3560 5775 llic
3589 5729 3726 5773 autem

2178 5803 2353 5864 adjecit
2377 5801 2455 5847 sia
2478 5797 2696 5858 Syrorum
2720 5797 2880 5857 lingua
2906 5810 3017 5846 esse
3039 5797 3259 5855 Ψίίθιθνλ·
3730 5855 3744 5893 \
