3964 6476
256 412 355 467 sea
1510 412 1577 466 ΙΝ
1616 410 1914 465 GENESHI
1955 410 2186 466 SEHMO
2221 408 2313 464 IX.

325 527 379 580 6.
412 525 478 580 Et
502 524 641 595 quod
675 540 780 578 non
813 533 1086 594 torqueam
1119 525 1443 595 Seripturas,
1474 542 1537 581 ex
1566 526 1844 597 Scriptura

258 618 367 685 ipsa
400 616 678 670 audiamus
710 615 831 669 hoc.
875 614 1010 669 Vixit
1046 614 1265 670 Lamech
1293 634 1453 670 annos
1481 627 1679 671 centum
1710 629 1849 671 octo-

256 709 393 773 ginta
416 719 534 761 octo
552 746 567 769 ,
595 716 642 759 et
666 709 836 777 genuit
857 707 1043 775 filium,
1079 716 1123 759 et
1155 708 1345 762 vocarit
1365 724 1544 761 nomen
1573 709 1679 777 ejus
1711 706 1844 772 Noe”,

256 799 427 851 dicens
451 812 474 851 :
504 796 602 850 llic
632 815 722 851 nos
757 798 1009 867 quiescere
1039 798 1187 869 faciet
1216 815 1247 851 ιι
1282 798 1536 853 laboribus
1577 800 1762 853 nostris
1801 810 1847 852 et

255 890 546 944 mmroribns
572 901 616 943 et
636 890 699 943 ab
724 891 958 959 operibus
979 907 1218 944 manuum
1241 900 1548 950 nostrarum,
1569 906 1616 943 et
1638 916 1665 942 α
1690 908 1782 943 ιιττ
1792 907 1844 955 1,

258 980 338 1033 cui
353 981 616 1035 valedixit
646 980 892 1037 Dominus
917 980 1068 1051 (Gen.
1088 982 1141 1037 5.
1164 980 1258 1036 28.
1281 981 1395 1052 29).
1419 981 1554 1049 Quid
1581 983 1679 1043 ais,
1703 981 1847 1045 Quie-

255 1088 395 1125 stere
418 1073 571 1141 faciet
598 1073 735 1126 nos?
780 1074 956 1140 Quare
986 1087 1090 1127 non
1134 1073 1267 1127 dixit
1297 1091 1310 1127 :
1346 1073 1440 1128 Hic
1486 1074 1696 1127 occidet
1724 1090 1842 1138 nus,

256 1162 339 1216 hic
366 1160 585 1216 inducet
606 1162 863 1217 diluvium
884 1180 896 1216 :
921 1162 1015 1218 sed
1045 1162 1206 1216 dixit:
1237 1162 1412 1216 Faciet
1440 1179 1531 1216 nos
1557 1164 1848 1232 quiescere?

252 1254 503 1307 Creatura
527 1256 702 1308 omnis
722 1257 1025 1320 resolvitur,
1043 1256 1222 1327 ahys~i
1244 1266 1548 1325 erntnpnnt,
1564 1265 1847 1311 attaraette

258 1347 501 1416 superius
531 1348 867 1414 aperiuntur,
900 1363 1059 1402 omne
1094 1349 1309 1417 pelagus
1339 1358 1454 1402 erat
1495 1350 1707 1414 mirum,
1738 1358 1848 1402 stu-

256 1439 487 1507 pendum
538 1450 592 1493 et
623 1439 899 1506 horribile,
927 1450 982 1494 et
1024 1440 1077 1493 in
1107 1440 1217 1493 luto
1260 1441 1410 1510 quasi
1458 1441 1725 1494 communi
1756 1457 1844 1494 se-

210 1539 216 1548 '
257 1532 437 1600 pulcro
487 1533 789 1600 protttisena
842 1532 1145 1597 lmminum,
1195 1548 1450 1601 equorum
1499 1550 1562 1586 ac
1612 1532 1845 1587 ferarum

253 1638 474 1692 corpora
505 1623 915 1677 occultabantur
944 1640 955 1674 :
1003 1633 1056 1676 et
1087 1631 1288 1677 tantam
1316 1624 1693 1688 calamitatem,
1728 1633 1845 1678 tan-

254 1726 405 1785 taque
459 1716 599 1768 mala
645 1717 878 1785 quietem
930 1716 1127 1770 vocas?
1177 1716 1441 1778 Profecto,
1474 1716 1661 1785 inquit.
1712 1716 1845 1772 Nam

253 1808 493 1862 homines
516 1808 578 1861 in
608 1823 796 1877 ntagna
827 1808 1025 1862 malitia
1054 1808 1307 1861 vivebant
1336 1826 1349 1861 :
1380 1808 1642 1863 diluvium
1665 1818 1844 1863 autem

251 1902 497 1970 quoniam
531 1902 790 1956 malitiam
819 1901 1069 1965 resecuit,
1090 1900 1210 1956 ideo
1233 1902 1437 1955 liberati
1463 1900 1590 1955 illia
1618 1902 1839 1965 malitia,

253 1996 532 2061 quiescere
560 1995 833 2049 dicuntur.
881 1994 951 2049 Ut
999 1995 1143 2050 enim
1194 2009 1389 2063 corpus
1428 1995 1590 2047 variis
1642 1995 1844 2049 morbis

255 2088 555 2154 obsessum,
580 2089 663 2141 eui
709 2089 849 2142 nulla
897 2089 1162 2157 reperitur
1190 2087 1420 2152 medela,
1462 2088 1506 2141 si
1538 2086 1671 2141 forte
1698 2102 1843 2142 mors

254 2181 545 2237 adveniens
572 2182 845 2250 corripiat,
878 2182 926 2235 ei
952 2181 1183 2252 quietem
1212 2180 1371 2234 affert
1404 2198 1416 2233 :
1459 2180 1535 2235 sic
1563 2182 1724 2234 etiam
1753 2197 1842 2250 ge-

248 2272 579 2327 nerationem
603 2271 877 2328 hominum
904 2272 1116 2327 illorum
1142 2272 1294 2342 quasi
1336 2287 1530 2341 corpus
1571 2271 1840 2327 inenrabi-

248 2361 363 2417 liter
385 2363 669 2434 languens,
693 2374 747 2420 et
776 2364 929 2419 malis
958 2363 1159 2431 multis,
1184 2362 1387 2418 nullam
1415 2362 1838 2418 consolationem

3443 401 3548 458 (‘59

1957 528 2377 596 admittentibus,
2403 528 2713 593 obnoxium,
2733 526 3119 597 superveniens
3143 524 3403 582 diluvium
3431 540 3479 581 et
3495 527 3539 599 i—

1959 619 2092 686 puit,
2124 629 2180 673 et
2198 620 2476 689 quiescere
2503 620 2646 673 fecit.
2689 618 2819 673 Nam
2859 617 2903 671 si
2933 616 3075 670 Mors
3099 617 3208 670 viro
3237 617 3376 686 quies
3402 615 3539 683 (Job

1958 712 2009 766 5.
2035 712 2149 781 ‘25),
2180 712 2346 766 multo
2373 711 2539 782 magis
2568 712 2631 765 iis
2659 710 2749 781 qui
2793 707 3213 764 inemendabiles
3254 708 3305 762 in
3349 708 3545 762 malitia

1956 802 2159 867 vivunt,
2192 818 2337 858 mors
2361 804 2512 873 quies
2550 810 2655 868 est,
2687 802 2919 855 liberans
2955 815 3047 856 eos
3074 814 3104 853 a
3136 799 3423 861 laboribus,
3449 814 3548 852 nec

1956 894 2140 947 sinetis
2172 893 2393 948 ulterius
2418 893 2710 965 iniquitatis
2732 892 2883 946 ulcus
2909 906 3147 960 serpere,
3179 906 3352 960 neque
3384 903 3545 957 supra

1956 984 2175 1038 modum
2201 1000 2361 1054 grave
2390 984 2501 1038 ﬁeri
2526 991 2867 1053 peccatorum
2890 982 3117 1052 pondus.
3143 980 3258 1036 Non
3284 989 3367 1035 est
3400 981 3544 1035 enim

1953 1076 2191 1145 gravius,
2225 1085 2316 1128 aut
2344 1074 2728 1129 intolerabilius
2758 1072 2986 1144 pondus,
3023 1088 3185 1143 quam
3214 1071 3417 1141 peccati
3447 1088 3541 1124 na-

1956 1178 2071 1222 tura
2106 1188 2119 1223 :
2153 1169 2392 1237 nihilque
2421 1168 2492 1222 ita
2521 1168 2736 1222 labores
2762 1176 2819 1221 et
2863 1180 3134 1221 aerumnas
3177 1164 3329 1218 nobis
3368 1163 3542 1228 allert,

1955 1269 2013 1315 ut
2040 1260 2259 1314 malitia:
2302 1260 2510 1330 species
2548 1269 2603 1313 et
2638 1258 2852 1312 delicta.
2895 1258 3181 1325 Propterea
3210 1256 3451 1311 Christus
3480 1256 3547 1308 iis

1952 1352 2042 1422 qui
2076 1353 2128 1406 in
2167 1351 2400 1421 peccatis
2434 1349 2641 1414 vivunt,
2674 1349 2889 1404 dicebat
2920 1366 2933 1402 :
2978 1348 3150 1402 Venite
3182 1348 3264 1417 qui
3305 1346 3546 1401 laboratis

1951 1455 1999 1496 et
2029 1443 2223 1496 onerati
2247 1442 2385 1507 estis,
2410 1450 2455 1494 et
2475 1457 2567 1511 ego
2588 1456 2673 1494 vos
2693 1440 2946 1510 quiescere
2985 1440 3170 1507 faciam
3210 1437 3422 1509 (Matth.
3460 1437 3541 1490 ll.

1950 1534 2072 1604 28).
2105 1533 2170 1587 Et
2197 1533 2397 1587 idcirco
2426 1532 2659 1587 Lamcch
2689 1531 2946 1585 diluvium
2974 1531 3206 1599 quietem
3234 1530 3542 1598 appellavit,

1951 1650 2017 1687 eo
2028 1632 2169 1703 quod
2192 1631 2575 1701 superveniens
2591 1628 2808 1683 malitia:
2834 1627 2993 1682 linem
3019 1626 3388 1694 impositurum
3406 1634 3541 1678 erat.

1954 1723 2210 1778 Volebam
2260 1736 2563 1777 sermonem
2619 1721 2759 1774 hunc
2809 1718 3104 1788 longiorem
3136 1718 3310 1771 facere
3337 1736 3348 1770 :
3379 1717 3543 1770 multa

1950 1816 2092 1871 enim
2114 1815 2322 1881 omitto,
2346 1830 2465 1883 qua:
2488 1813 2552 1864 ad
2587 1828 2781 1866 nomen
2809 1810 2920 1865 Noé
2960 1811 3265 1880 pertinent:
3309 1809 3401 1863 sed
3433 1808 3545 1863 ba'e

1952 1921 2093 1961 nunc
2132 1905 2391 1959 memoria
2421 1902 2665 1965 retinete,
2693 1910 2751 1955 et
2793 1900 3043 1954 lratribus
3074 1899 3287 1962 vestris,
3315 1899 3403 1966 qui
3446 1899 3540 1951 ξιιιο

1949 2006 2094 2059 sunt,
2124 1996 2286 2050 dicite
2321 2014 2333 2047 :
2371 2004 2426 2047 ιιι
2472 2009 2538 2048 ne
2567 2007 2824 2062 cogantur
2874 1992 3068 2045 iterum
3111 1990 3543 2059 productionibus

1950 2088 2022 2142 uti
2054 2087 2343 2157 prommiis,
2378 2097 2429 2139 et
2472 2085 2734 2140 dictorum
2781 2094 3027 2153 repetere
3068 2091 3539 2151 consequentiam;

1948 2194 2252 2234 sermonem
2280 2193 2409 2247 ergo
2439 2177 2489 2230 in
2521 2177 2767 2247 precibus
2800 2174 3068 2241 ﬁniamus,
3095 2175 3292 2244 gratias
3322 2184 3542 2243 agentes

1952 2269 2081 2332 Deo,
2098 2268 2187 2338 qui
2217 2267 2331 2322 hare
2355 2276 2411 2321 ut
2437 2265 2956 2329 diceremus,dedit:
2977 2265 3228 2335 quoniam
3255 2264 3354 2334 ipsi
3377 2264 3541 2335 gloria

1949 2361 2000 2415 itt
2034 2360 2229 2415 szeeula
2257 2359 2600 2415 saeculozun'.
2632 2360 2823 2413 Amen.
