3964 6436
1137 388 1192 442 S.
1228 385 1516 444 JOANNIS
1553 384 2042 443 CHRYSOSTOMI
2103 381 2418 439 ARCHIEP.
2457 377 3004 437 (IONSTANTINOP.
3605 373 3718 433 032

1638 503 3678 538 -α-ῌ-ψα-α-Μπππεπ-κ

1392 629 1495 689 AD
1535 629 1938 690 SERMONES
1979 626 2320 701 QUINQUE
2361 626 2438 686 IN
2487 625 2751 686 ANNAM

509 752 632 819 Quo
659 763 902 823 tempore
925 755 1483 828 Chrysostomushos
1531 755 1828 810 Sermones
1860 755 2128 815 habuerit,
2178 753 2320 808 etin
2362 769 2470 822 qua
2521 752 2850 806 ctmcionum
2901 751 3043 806 serie
3093 750 3127 805 ii
3167 747 3378 803 locandi
3424 746 3558 809 sint,
3593 743 3719 814 ipse

433 843 638 898 indicat
664 845 823 912 paulo
851 853 974 914 post
997 846 1236 901 initium.
1282 846 1384 901 Vos
1409 848 1570 902 enim.
1603 847 1800 915 inquit,
1828 846 2056 914 fortasse
2085 861 2221 898 nunc
2249 846 2375 898 estis
2405 843 2559 897 obliti
2586 842 2796 910 (Graeca
2844 843 3045 912 quippe
3087 857 3194 897 non
3239 840 3523 897 referenda
3552 839 3717 895 duci-

435 936 601 1005 mus),
632 953 727 989 nos
757 938 949 992 multos
978 939 1192 994 interim
1221 956 1485 993 sermones
1526 940 1592 993 de
1631 939 1754 992 aliis
1805 938 1954 991 rebus
1998 936 2266 991 habuisse.
2311 934 2452 990 Nam
2498 952 2698 990 reverso
2745 953 2777 988 a
2806 935 3098 1006 longinqua
3142 933 3236 989 illa
3287 935 3721 1005 peregrinatione

432 1025 595 1081 Patre
625 1037 826 1092 nostro,
859 1032 1211 1084 necessarium
1241 1031 1344 1101 fuit
1374 1033 1554 1085 omnia
1586 1045 2016 1093 commemorare,
2048 1046 2165 1099 qua
2194 1030 2247 1082 in
2276 1029 2532 1083 comitatu
2579 1027 2904 1086 acciderant.
2935 1044 3000 1082 ac
3045 1027 3235 1082 deinde
3263 1043 3382 1080 cum
3424 1027 3715 1097 gentilibus

431 1117 727 1187 disputare,
759 1130 817 1173 ut
846 1123 941 1176 Iros
971 1123 1018 1176 vi
1047 1123 1375 1177 calamitatis
1404 1123 1475 1176 ad
1504 1123 1776 1176 meliorem
1825 1122 2030 1190 frugem
2080 1129 2371 1185 revocatos,
2419 1122 2508 1190 qui
2553 1121 2762 1176 deserto
2808 1119 3085 1189 gentilium
3121 1134 3301 1174 errore
3338 1135 3450 1172 sese
3493 1117 3568 1170 ad
3615 1133 3718 1170 nos

431 1213 786 1275 contulerant,
817 1230 916 1283 pro
944 1216 1086 1269 ririli
1117 1217 1577 1285 conﬁrmaremus,
1624 1232 1687 1268 ac
1730 1215 2059 1278 doceremus,
2105 1214 2320 1283 quantis
2363 1211 2592 1266 tenebris
2635 1211 2850 1266 liberati
2891 1211 2962 1264 ad
3007 1219 3213 1265 tanton:
3254 1209 3424 1264 lucem
3470 1207 3716 1261 ueritatis

430 1309 809 1364 accurrissent.
849 1309 975 1365 Post
1009 1311 1103 1364 illa
1132 1327 1318 1365 rursus
1350 1310 1533 1364 multis
1563 1310 1746 1363 diebus
1776 1319 2074 1378 martyrum
2103 1308 2484 1376 festivitatibus
2519 1308 2680 1377 potiti
2715 1323 2925 1371 sumus,
2959 1322 3123 1377 neque
3147 1305 3372 1371 tempori
3400 1304 3717 1358 conueniat:

429 1398 639 1466 fuisset,
669 1418 763 1456 nos
799 1405 891 1472 qui
919 1404 1080 1472 juxta
1112 1414 1412 1476 martyrum
1437 1403 1681 1475 sepulcra
1723 1419 2076 1466 versaremur,
2107 1419 2294 1456 earum
2340 1402 2586 1466 laudum,
2630 1416 2750 1472 quc
2799 1400 3124 1470 martyribus
3162 1398 3438 1458 debentur,
3474 1406 3716 1451 exsortes

431 1493 723 1550 discedere.
757 1497 1023 1552 Successit
1051 1499 1134 1552 Itis
1175 1516 1363 1554 rursus
1394 1501 1699 1555 coltortatio-
1745 1501 1816 1552 ad
1871 1499 2244 1553 abstinendum
2295 1515 2328 1552 a
2373 1498 2746 1567 juramentis:
2805 1513 2923 1551 cum
2975 1496 3116 1550 enim
3162 1503 3328 1549 totam
3389 1491 3716 1547 rusticorum

432 1589 701 1642 nationem
742 1591 797 1644 in
838 1592 1020 1646 urbem
1055 1595 1348 1663 ingressam
1389 1611 1740 1656 cerneremus.
1782 1595 1878 1648 hoc
1921 1594 2046 1648 illos
2084 1595 2375 1648 instructos
2416 1611 2448 1646 a
2488 1593 2636 1648 nobis
2677 1593 2868 1647 viatico
2909 1593 3212 1646 censuimus
3250 1589 3627 1645 dimittendos.

502 1682 658 1749 Quod
687 1683 766 1738 ait
795 1686 975 1754 primo
999 1685 1431 1758 Cbrysostomus
1461 1696 1586 1756 post
1615 1687 1849 1742 reditum
1891 1685 2133 1741 Flaviani
2183 1686 2424 1758 episcopi
2457 1702 2517 1742 se
2560 1686 2742 1740 omnia
2774 1701 2893 1755 quae
2925 1684 3027 1754 ipsi
3062 1683 3376 1738 acciderant
3423 1681 3478 1734 in
3528 1680 3714 1735 comi-

435 1785 572 1842 tatu,
607 1777 659 1830 id
689 1787 772 1832 est
802 1779 857 1833 in
889 1780 1012 1833 aula
1046 1780 1416 1852 Imperatoris,
1451 1779 2124 1845 commorasseﬁliud,
2149 1781 2397 1853 inquam,
2426 1779 2653 1851 respicit
2676 1779 2967 1834 Homiliam
2996 1777 3062 1831 2|
3096 1777 3164 1831 de
3193 1776 3412 1837 statuis,
3443 1772 3621 1830 Tomo
3643 1770 3714 1835 11.

431 1883 555 1934 qua:
599 1869 784 1926 habita
838 1871 940 1928 fuit
987 1882 1110 1943 post
1157 1875 1392 1930 reditum
1443 1875 1711 1940 Flaviani,
1745 1876 1838 1946 qui
1893 1875 2100 1930 reditus
2148 1876 2377 1945 contigit
2417 1875 2476 1928 in
2517 1873 2623 1928 ﬁne
2664 1871 3110 1942 Quadragesimte
3140 1869 3268 1923 anni
3300 1867 3425 1922 587.
3481 1865 3716 1932 Ila-cque

429 1961 624 2016 concio
652 1962 834 2018 habita
860 1973 948 2020 est
978 1965 1103 2035 ipso
1123 1967 1212 2022 die
1241 1965 1684 2025 Resurreetionis
1719 1969 1935 2024 Domini
1971 1987 1992 2022 :
2031 1968 2161 2022 illud
2192 1969 2339 2022 enim
2389 1967 2550 2022 initio
2592 1965 3025 2036 Chrysostomus
3071 1961 3341 2032 signiﬁcat
3373 1975 3501 2016 cum
3532 1958 3666 2014 dicit
3693 1975 3712 2012 :

430 2051 750 2108 Benedictus
782 2055 918 2109 Deus
947 2058 1042 2126 qui
1080 2058 1216 2112 hanc
1246 2076 1340 2114 nos
1371 2062 1639 2115 vobiscum
1671 2078 1881 2116 sacram
1913 2061 2304 2115 solemnitatem
2343 2077 2459 2114 cum
2491 2059 2689 2131 gaudio
2726 2067 2777 2112 et
2827 2057 3018 2112 latitia
3062 2055 3234 2109 multa
3271 2053 3428 2107 hodie
3450 2051 3718 2108 celebrare

431 2149 684 2217 dignatus
711 2162 808 2208 est.
844 2150 1159 2207 Secundum
1195 2156 1646 2211 hanchomiliam
1701 2157 1768 2212 ad
1816 2157 2042 2228 gentiles
2091 2158 2450 2212 concionatus
2478 2165 2585 2220 est,
2641 2165 2700 2210 ut
2726 2169 2920 2210 eorum
2964 2154 3234 2224 quosdam
3287 2152 3337 2206 vi
3382 2149 3716 2206 calamitatis

433 2243 729 2307 abductos,
782 2252 837 2300 et
883 2244 1202 2314 religionem
1251 2246 1618 2304 Christianam
1672 2250 1951 2317 amplexos
1999 2250 2394 2304 contirmaret:
2448 2248 2613 2318 hujus
2661 2261 2790 2301 vero
2829 2245 3116 2302 concionis
3175 2251 3270 2298 aut
3316 2245 3600 2313 plurium,
3653 2244 3708 2297 si

431 2337 619 2402 plures
651 2336 719 2392 de
750 2353 808 2391 re
836 2337 1024 2392 eadem
1060 2339 1181 2393 habt
1205 2341 1340 2404 erit,
1375 2352 1756 2413 argumentum
1806 2343 1895 2397 ille
1943 2350 1998 2396 et
2026 2341 2298 2412 praecipua
2328 2343 2506 2413 capita
2549 2351 2737 2412 postea
2793 2339 2958 2395 refert
2990 2354 3005 2391 :
3056 2338 3228 2409 liquet
3261 2346 3448 2391 autem
3489 2351 3586 2391 cas
3630 2335 3716 2390 vel

430 2428 632 2500 injuria
664 2440 972 2502 temporum
1005 2435 1258 2502 periisse,
1293 2437 1379 2490 vel
1407 2437 1672 2493 hactenus
1704 2438 1898 2493 latere.
1929 2436 2054 2492 Dies
2084 2449 2379 2508 sequentes
2399 2479 2420 2505 ,
2445 2438 2575 2509 quia
2631 2435 2766 2492 l‘esta
2800 2442 3102 2507 martyrum
3135 2430 3537 2494 occurrebant,
3568 2428 3710 2485 cele-

430 2521 655 2580 brandis
682 2541 873 2581 eorum
907 2529 1164 2586 laudibus
1191 2532 1488 2601 insumpta
1518 2544 1667 2598 sunt,
1701 2533 1926 2588 absente
1957 2542 2138 2589 tamen
2180 2533 2252 2588 ob
2283 2533 2654 2589 inﬁrmitatem
2687 2531 3100 2604 Cltrysostomo.
3134 2527 3231 2583 His
3277 2527 3573 2589 successit,
3625 2527 3713 2578 in-

428 2618 567 2688 quit,
599 2620 917 2678 cchortatio
947 2625 1012 2678 ad
1045 2624 1430 2680 abstinendum
1463 2642 1491 2681 a
1519 2627 1868 2697 iuramentis,
1899 2628 1953 2682 iu
1997 2631 2226 2696 gratiam
2279 2630 2609 2685 rusticorum
2663 2629 2826 2696 facta,
2877 2629 2967 2700 qui
3013 2644 3214 2700 magno
3263 2639 3496 2678 numero
3537 2623 3590 2676 in
3624 2641 3715 2679 ur-

429 2709 553 2766 bem
585 2713 939 2771 advenerant.
975 2715 1123 2772 llane
1153 2733 1282 2772 vero
1325 2718 1760 2774 cohortationem
1804 2734 1926 2774 esse
1953 2735 2074 2775 eam
2123 2737 2247 2790 quae
2295 2719 2506 2774 decima
2539 2735 2683 2774 nona
2732 2718 2906 2773 fertur
2949 2719 3003 2774 in
3056 2718 3306 2774 llomiliis
3347 2717 3416 2772 ad
3457 2716 3714 2787 populum

432 2807 862 2878 Antiochenum,
892 2811 1050 2868 Tom.
1104 2811 1194 2879 ll,
1222 2814 1312 2868 vix
1360 2822 1444 2868 est
1487 2815 1628 2884 quod
1661 2815 1993 2870 dubitemus.
2027 2813 2034 2867 1

2136 2817 2204 2870 lla
2251 2817 2398 2870 enim
2453 2815 2533 2871 sic
2575 2815 2834 2870 orditur:
2882 2815 3347 2886 Κατετρυφήσατε
3401 2812 3513 2866 τῶν
3547 2810 3716 2879 ἁγίων

433 2903 729 2976 μαρτύρων
777 2907 841 2959 ὲν
885 2908 1008 2970 ταῖς
1049 2907 1367 2980 ἔμπροσθεν
1409 2908 1636 2972 ταύταις
1685 2907 1962 2979 ἡμέραις,
2006 2907 2034 2962 Ε

2134 2910 2195 2964 iis
2246 2921 2551 2965 sanctorum
2599 2919 2897 2980 martyrum
2953 2907 3154 2978 excepti
3196 2906 3322 2960 estis
3355 2904 3440 2959 liis
3469 2902 3714 2972 prateri-

433 2999 502 3051 tis
533 2998 739 3063 diebus,
770 3010 1092 3071 posteaque.
1125 3001 1194 3056 de
1221 3002 1453 3057 adventu
1488 3002 1820 3058 rusticorum
1853 3001 2104 3072 pluribus
2130 3003 2265 3073 agit,
2296 3013 2350 3058 et
2378 3003 2444 3056 de
2468 3003 2783 3072 juramento
2832 3001 3052 3056 vitando
3083 3013 3397 3056 sermonem
3428 2997 3566 3051 texit
3595 2995 3715 3048 lon~

433 3092 665 3163 giorem,
695 3107 861 3163 quam
892 3093 946 3147 in
977 3093 1190 3149 caneris
1211 3093 1282 3148 20
1305 3093 1557 3152 llomiliis
1587 3097 1653 3151 ad
1685 3098 1945 3167 pupulum
1978 3098 2401 3161 Antiochenam,
2435 3097 2486 3150 in
2519 3111 2751 3166 quarum
2807 3110 2942 3164 pene
2992 3093 3222 3164 singulis
3267 3090 3474 3160 aliquid
3525 3100 3716 3144 contra

433 3186 741 3257 iuramenta
765 3187 1022 3272 agitatur.
1053 3187 1258 3244 Omnes
1287 3189 1470 3260 itaque
1501 3201 1664 3258 notae,
1693 3207 1817 3262 quae
1849 3193 1905 3246 in
1936 3192 2044 3248 hoc
2069 3192 2137 3247 de
2166 3194 2320 3246 Anna
2354 3189 2620 3246 Sermone
2649 3189 2828 3261 primo
2859 3189 3152 3254 habentur,
3178 3188 3231 3242 in
3267 3186 3501 3240 llomilia
3527 3183 3622 3238 illa
3653 3183 3716 3238 19

434 3280 501 3332 ad
534 3279 791 3349 populum
821 3271 1225 3335 Antiochenum
1259 3293 1632 3348 recensentur,
1669 3282 1741 3337 ita
1777 3292 1836 3337 ut
1866 3282 1955 3337 hic
1983 3281 2308 3337 concionum
2341 3281 2476 3334 ordo
2523 3278 2722 3345 fuerit;
2753 3287 2808 3333 et
2847 3276 3020 3348 prima
3072 3275 3303 3332 locanda
3357 3276 3428 3330 sit
3478 3271 3717 3327 llomilia

433 3373 502 3428 de
533 3374 706 3428 reditu
752 3371 1018 3438 Flaviani,
1046 3390 1170 3446 qua:
1199 3391 1342 3430 nunc
1371 3388 1455 3430 est
1500 3374 1567 3429 21
1617 3378 1682 3430 ad
1735 3376 1993 3446 populum
2037 3375 2483 3441 Antiochenum;
2534 3372 2775 3428 secundo
2823 3371 3088 3426 adversus
3133 3369 3366 3440 gentiles
3394 3368 3718 3423 concionem

436 3483 600 3524 uuam
632 3468 713 3522 vel
748 3467 933 3539 plures
963 3469 1188 3536 habuit;
1222 3470 1388 3525 tertio
1414 3470 1604 3526 laudes
1635 3481 1937 3542 martyrum
1972 3472 2162 3527 multis
2207 3471 2419 3535 diebus,
2467 3469 2670 3532 πολλὰς
2721 3466 2956 3540 ἡμέρας,
2987 3466 3278 3522 celebratae
3327 3471 3488 3526 sunt;
3523 3473 3719 3534 quarto

435 3577 626 3617 coram
657 3562 881 3616 rusticis
924 3571 1120 3617 contra
1161 3563 1470 3632 juramenta
1518 3563 1732 3618 locutus
1765 3573 1879 3631 est;
1909 3565 2130 3619 demum
2162 3564 2263 3618 hos
2289 3563 2356 3617 de
2385 3562 2540 3616 Anna
2575 3561 2871 3616 Sermones
2921 3559 3106 3628 C(Bpit.
3155 3558 3363 3625 Agmeu
3396 3571 3528 3627 ergo
3571 3557 3720 3611 ducit

439 3657 676 3713 llomilia
704 3657 772 3712 de
799 3657 976 3714 reditu
1008 3657 1275 3713 Flaviani.
1306 3653 1591 3714 Postllama
1619 3670 1802 3715 autem
1835 3659 2084 3726 homilia,
2114 3660 2167 3713 in
2201 3658 2480 3713 Dominica
2522 3657 2622 3728 τῆς
2667 3653 3112 3725 ὲπισωζομὲνης,
3161 3670 3327 3725 quam
3377 3653 3718 3707 Dominicam

437 3767 562 3807 esse
590 3751 840 3822 quintam
869 3761 992 3822 post
1017 3750 1229 3807 Pascha
1259 3769 1383 3824 qua:
1412 3756 1668 3824 praecedit
1696 3755 2091 3811 Ascensionem
2124 3754 2360 3816 Domini,
2393 3755 2469 3810 ait
2500 3753 2607 3808 Leo
2645 3752 2897 3806 Allatius.
2931 3752 3170 3807 Savilius
3197 3766 3321 3806 esse
3352 3759 3505 3817 putat
3535 3747 3721 3801 Domi-

441 3845 621 3900 nicam
654 3845 708 3900 in
739 3845 934 3910 Albis;
967 3844 1351 3902 Tillemontius
1384 3864 1509 3903 vero
1535 3850 1790 3920 opinatur
1818 3865 1940 3904 esse
1970 3851 2310 3905 Dominicam
2353 3848 2674 3910 Passionis;
2715 3835 2844 3902 huic
2902 3855 3186 3916 postremo
3231 3862 3332 3916 ego
3384 3844 3715 3914 astipulatus

442 3953 564 3992 sum
596 3935 650 3991 in
685 3933 1012 3993 Prml‘atione
1035 3936 1196 3994 Tomi
1230 3937 1292 3992 Il.
1328 3937 1432 3994 Sed
1461 3939 1575 4008 jam
1609 3954 1799 3994 vereor
1828 3949 1887 3993 ut
1931 3937 2046 3994 haec
2093 3940 2362 4008 quadrare
2412 3937 2646 4008 possint,
2679 3937 3046 4006 lihentiusque
3090 3937 3405 3990 accederem
3454 3936 3522 3989 ad
3570 3932 3720 3987 Alla-

440 4031 600 4096 tium,
631 4029 1074 4100 quandoquidem
1101 4030 1290 4101 quinta
1323 4032 1534 4094 concio,
1565 4047 1689 4102 quae
1715 4041 1800 4086 est
1831 4041 2103 4101 postrema
2133 4033 2184 4085 iu
2208 4032 2445 4097 Annam,
2478 4031 2661 4085 habita
2691 4028 2792 4084 fuit
2817 4041 2938 4100 post
2984 4028 3341 4084 Pentecosten
3369 4045 3384 4094 ;
3435 4044 3560 4081 nam
3609 4042 3711 4082 vox

447 4123 954 4192 μεσοπεντηκοστή,
981 4138 1103 4193 qua
1136 4123 1219 4178 bis
1250 4122 1470 4193 irrepsit
1502 4124 1555 4176 in
1587 4132 1819 4188 textum,
1848 4132 1933 4178 est
1962 4123 2314 4178 librariorum
2365 4139 2542 4188 error,
2593 4134 2652 4178 ut
2700 4124 2897 4178 ibidem
2951 4124 3245 4194 probamus
3289 4137 3356 4176 es
3406 4120 3709 4174 Manuseri-

438 4213 574 4283 ptis.
606 4210 876 4270 Omnibus
907 4215 1094 4285 itaque
1121 4216 1425 4284 perpensis,
1460 4217 1535 4301 ita
1569 4231 1654 4270 res
1680 4216 2066 4273 constituenda
2089 4233 2315 4288 prorsus
2345 4218 2561 4274 videtur
2586 4259 2600 4284 ,
2647 4229 2814 4288 atque
2851 4219 2954 4274 hoc
3005 4217 3172 4272 modo
3211 4217 3460 4272 calculus
3503 4231 3710 4286 ponen-

445 384 548 448 631

455 517 1208 549 w__________==~--—-—--—-
1209 518 1247 541 =

1209 517 1630 543 π

2052 528 2333 540 ———.

453 4435 3715 4466 ____________________________________________________.__._._.

1035 4547 1267 4604 suuno
1306 4551 1324 4606 l
1368 4549 1463 4621 (α).

440 4677 592 4744 Quod
611 4689 836 4749 oporteat
856 4691 905 4735 et
928 4683 985 4735 in
1014 4681 1307 4738 Pentecoste
1333 4693 1379 4738 et
1408 4701 1601 4755 semper
1623 4686 1814 4756 jejunii
1852 4686 2028 4738 utenti-

510 4769 671 4833 nisse,
700 4781 746 4824 et
770 4773 907 4843 quod
927 4791 1026 4827 non
1052 4777 1319 4844 prasentia
1342 4777 1540 4840 solum,
1565 4777 1656 4830 sed
1681 4778 1834 4830 etiam
1858 4793 2026 4830 recor-

510 4862 651 4915 datio
667 4864 851 4932 jejunii
878 4867 944 4919 sit
969 4868 1108 4922 utilis
1128 4884 1147 4922 :
1167 4879 1212 4923 et
1241 4871 1304 4924 tle
1328 4869 1423 4923 Dei
1444 4869 1776 4940 providentia,
1796 4871 2030 4940 quodque
2096 4877 2104 4885 “

514 4971 614 5008 non
639 4955 846 5008 minima
867 4973 987 5026 pars
1012 4958 1170 5026 ipsius
1195 4960 1257 5014 sit
1285 4970 1464 5028 prater
1487 4959 1591 5013 alia
1617 4969 1884 5030 parentum
1907 4977 2028 5030 erga

513 5043 696 5099 liberos
734 5063 880 5100 amor
905 5047 1175 5118 :quodque
1213 5066 1312 5102 non
1355 5051 1579 5117 patribus
1605 5049 1805 5116 solum,
1854 5050 1945 5104 sed
1981 5059 2028 5104 et

509 5138 759 5192 matribus
778 5147 1084 5208 praceptum
1111 5140 1204 5202 sit,
1235 5151 1287 5192 ut
1319 5140 1590 5195 liberorum
1630 5158 1794 5196 mores
1822 5157 2028 5211 compo-

513 5239 638 5284 nant
655 5270 673 5297 ,
695 5242 742 5284 et
770 5230 840 5284 ad
868 5241 1147 5286 extremum
1169 5233 1232 5287 de
1254 5233 1421 5286 Anna.

518 5368 568 5420 i.
606 5365 806 5438 Jejnnii
846 5369 1088 5423 memoria
1121 5367 1292 5433 utilis,
1315 5367 1506 5440 jejunii
1544 5365 1676 5421 bona
1717 5377 1928 5435 quanta.
1956 5395 2028 5407 —

441 5459 544 5517 Ubi
573 5463 912 5532 peregrinum
960 5463 1190 5534 aliquem
1239 5461 1380 5533 apud
1427 5476 1526 5516 nos
1565 5461 1928 5523 diversatum,
1960 5459 2027 5512 ad

441 5554 646 5622 aliquot
688 5554 804 5608 dies
843 5556 1070 5609 comiter
1095 5565 1397 5624 exceptum,
1428 5563 1482 5607 et
1517 5552 1766 5622 colloquii
1797 5565 2027 5606 mensa:-

448 5659 552 5711 que
581 5643 894 5712 participem
935 5642 1132 5700 factum
1176 5643 1541 5700 dimiserimus
1571 5661 1584 5696 :
1616 5643 1872 5714 postridie
1899 5657 2025 5712 pro-

449 5776 586 5885 uisa)
616 5774 780 5825 collati
797 5774 1254 5826 cumcodxzolbert.
1283 5789 1413 5827 omn.
1435 5777 1496 5826 ω
1541 5782 1592 5826 et
1613 5776 1675 5827 91
1687 5775 1725 5829 ι,
1747 5789 1857 5826 cum
1883 5776 2029 5839 Regio

2135 4542 2378 4600 lectionis
2406 4541 2568 4606 illius,
2599 4553 2784 4594 mensa
2827 4536 3024 4607 posita,
3055 4535 3236 4591 statim
3281 4533 3400 4604 ejus
3438 4547 3502 4588 ac
3531 4533 3726 4588 verbo-

2134 4651 2251 4689 rum
2281 4647 2602 4703 congressus
2627 4629 2994 4692 recordamur,
3025 4642 3089 4682 ac
3129 4627 3292 4681 multa
3333 4641 3457 4680 cum
3502 4626 3730 4680 caritate

2134 4727 2306 4796 ipsum
2358 4723 2722 4792 requirimus:
2757 4721 2856 4774 hoc
2911 4719 3070 4774 nobis
3121 4733 3247 4788 erga
3282 4717 3548 4788 jejunium
3598 4733 3731 4787 quo-

2132 4833 2237 4888 que
2299 4813 2658 4886 przestandum
2725 4821 2828 4866 est.
2878 4809 3011 4866 Nam
3065 4825 3186 4864 cum
3253 4808 3391 4878 apud
3453 4824 3552 4864 nos
3617 4808 3736 4862 dies

2132 4906 2480 4977 quadraginta
2511 4905 2668 4958 fuerit
2705 4901 3031 4957 diversatum
3057 4943 3072 4965 ,
3099 4900 3326 4956 comiter
3357 4899 3486 4954 illud
3508 4899 3734 4970 excepi-

2133 5015 2254 5055 mus
2292 5013 2356 5052 ac
2383 4997 2724 5052 dimisimus:
2755 4993 2970 5064 quando
3010 4995 3170 5064 igitur
3197 5007 3381 5047 mensa
3419 4993 3531 5062 jam
3581 4995 3735 5047 nobis

2132 5091 2426 5162 spiritualis
2455 5087 2772 5159 opponenda
2802 5098 2904 5148 est,
2928 5087 3338 5141 reminiscamur
3362 5087 3525 5151 illius,
3561 5087 3736 5141 bono-

2132 5198 2357 5253 rumque
2377 5182 2614 5237 omnium
2637 5219 2653 5246 ,
2680 5195 2800 5250 quae
2827 5179 2981 5233 nobis
3019 5178 3238 5232 invexit.
3262 5177 3377 5232 Non
3409 5179 3555 5232 enim
3599 5193 3736 5247 pra:-

2133 5275 2305 5330 sentia
2361 5280 2564 5327 tantum
2605 5269 2830 5340 jejunii,
2881 5268 2976 5324 sed
3020 5269 3182 5323 etiam
3231 5268 3491 5323 memoria
3541 5267 3735 5337 jejuuii

2135 5365 2364 5419 maxime
2391 5363 2536 5417 utilis
2557 5376 2680 5416 esse
2707 5368 2904 5431 potest.
2929 5360 2994 5414 Et
3021 5360 3160 5414 sicut
3188 5360 3263 5413 illi
3293 5375 3428 5428 quos
3455 5374 3728 5422 nummus,

2135 5474 2241 5513 non
2269 5457 2443 5511 solum
2470 5470 2592 5509 cum
2619 5454 2850 5518 adsunt,
2876 5469 3059 5507 verum
3111 5453 3270 5506 etiam
3313 5465 3434 5504 cum
3485 5450 3642 5504 nobis
3683 5450 3736 5503 in

2135 5557 2368 5603 mentem
2396 5546 2638 5611 veniunt,
2661 5544 2826 5599 multa
2853 5558 2952 5597 nos
2978 5543 3248 5612 voluptate
3275 5541 3604 5612 perfundunt
3627 5559 3640 5594 :
3662 5543 3737 5595 ita

2135 5656 2347 5711 quoque
2373 5639 2490 5694 dies
2511 5638 2722 5709 jejunii,
2751 5637 3014 5701 collectae,
3039 5649 3461 5703 communesque
3490 5649 3735 5688 conven-

2139 5742 2226 5786 tus
2249 5741 2304 5786 et
2331 5731 2433 5784 alia
2461 5729 2654 5798 quibus
2679 5729 2796 5797 ejus
2827 5727 3090 5782 beneﬁcio
3117 5725 3426 5780 frnebamur
3458 5725 3618 5788 bona,
3649 5723 3734 5778 vel

2138 5825 2254 5880 sola
2275 5825 2530 5879 memoria
2559 5837 2656 5876 nos
2678 5821 2949 5877 obleutant
2974 5860 2988 5885 ,
3021 5831 3076 5875 ct
3102 5820 3214 5874 Iure
3242 5819 3422 5874 omnia
3468 5819 3517 5873 si
3542 5819 3594 5872 in
3622 5832 3735 5871 use-
