3964 6426
280 386 380 441 651

288 518 1870 548 mmmam“;

1506 535 1744 546 ...ι-μοι...»

1578 385 1664 438 [ΠΕ
1702 386 1875 440 ΑΝΝᾶ

1984 389 2162 443 FIhTiiO
2201 391 2238 444 1.
3422 398 3535 454 63‘!

2015 523 3536 559 Lm—msmmm

1717 633 2070 692 MONITUM
2086 679 2099 692 .

287 755 412 816 dus,
437 754 530 823 qui
563 763 621 810 ut
651 752 983 822 intelligatur
1010 761 1274 808 attentum
1305 753 1558 806 lectorem
1583 755 1808 807 omnino
1837 756 2096 822 postulat.
2134 752 2188 806 ln
2223 755 2577 811 conciunibus
2611 756 2697 811 hic
2739 759 3055 813 memoratis
3105 760 3338 828 prinnun
3386 762 3532 818 haud

289 851 454 907 dubie
483 849 661 902 locum
688 848 900 902 obtinet
929 846 1157 902 llomilia
1189 847 1256 901 de
1285 847 1458 900 reditu
1487 845 1752 909 Flaviani,
1784 862 1906 915 qua:
1937 857 2018 901 est
2045 846 2106 900 2|
2143 847 2208 899 ad
2242 847 2499 916 populum
2549 847 2946 901 Antiochenum
2974 865 2987 900 :
3040 850 3180 904 hanc
3222 863 3401 906 autem
3437 856 3536 910 ha-

293 949 412 1004 buit
440 949 491 1000 in
513 947 602 1001 die
633 945 874 1008 Paschaa,
897 956 958 998 ut
987 959 1149 1011 supra
1179 945 1439 997 diximus.
1480 941 1672 997 Postea
1702 958 1832 996 vero
1855 959 1979 998 cum
2025 943 2320 1012 gentilibus
2365 944 2686 1012 disputavit,
2733 955 2784 999 et
2845 947 3014 1000 multa
3065 960 3384 1016 prosccutus
3429 961 3539 1022 est,

293 1056 525 1110 quorum
555 1039 731 1108 capita
765 1039 930 1091 refert
959 1038 1154 1092 ibidem
1191 1054 1204 1090 :
1243 1032 1423 1090 utrum
1457 1053 1582 1090 vero
1614 1037 1728 1090 iure
1751 1039 1833 1090 vel
1872 1053 2002 1103 una,
2050 1035 2134 1090 vel
2179 1036 2428 1105 pluribus
2478 1036 2833 1092 concionibus
2872 1039 3195 1105 absolverit,
3246 1041 3536 1100 incertum.

293 1129 494 1186 Deinde
524 1131 704 1184 multis
733 1129 914 1182 diebus
947 1128 1048 1183 SS.
1084 1140 1381 1198 martyrum
1416 1128 1573 1192 festa,
1605 1144 1724 1198 qut?
1754 1129 2134 1193 occurrebant,
2167 1129 2419 1184 laudibus
2447 1130 2720 1184 celebrata
2771 1132 3008 1195 fuerunt,
3041 1141 3152 1186 tum
3192 1145 3456 1202 praesente
3489 1148 3545 1191 et

292 1225 696 1292 circumagente
725 1223 880 1285 duce,
908 1220 1101 1290 inquit,
1135 1221 1237 1274 hoc
1267 1231 1370 1285 est,
1404 1219 1666 1274 Flaviano
1688 1221 1945 1291 episcopo
1976 1238 1988 1274 :
2024 1235 2148 1274 nam
2175 1219 2603 1290 Chrysostomus
2635 1231 2746 1275 tum
2794 1239 2935 1290 aeger
2983 1225 3128 1278 domi
3165 1228 3442 1292 manebat,
3483 1236 3544 1281 ut

293 1315 370 1368 ait
407 1317 522 1384 ipse
551 1314 704 1368 initio
741 1312 985 1366 Honniliae
1018 1313 1085 1367 i9
1113 1315 1177 1367 ad
1210 1312 1602 1377 Antiochenos,
1640 1329 1804 1382 quam
1839 1323 2029 1367 contra
2073 1312 2381 1382 iuramenta
2416 1313 2626 1377 habuit,
2669 1313 2720 1368 in
2764 1316 2992 1382 gratiam
3049 1317 3412 1378 rusticorum,
3449 1321 3544 1386 qui

294 1406 645 1459 Antiochiam
686 1405 1049 1458 adventarant
1077 1424 1088 1454 :
1118 1405 1234 1458 hate
1269 1419 1397 1457 vero
1425 1404 1640 1468 concio,
1684 1413 1742 1460 ut
1779 1403 1883 1458 fert
1926 1405 2137 1465 titulus,
2179 1403 2319 1460 facta
2371 1405 2422 1458 in
2473 1403 2753 1459 Dominica
2789 1404 2889 1473 τῆς
2935 1407 3363 1476 ὲπισωζομένης,
3399 1423 3546 1462 nunc

295 1508 382 1552 est
403 1498 610 1552 decima
637 1513 777 1551 nona
807 1496 1164 1549 llomiliarum
1195 1496 1258 1549 ad
1292 1497 1550 1566 populum
1581 1497 2003 1552 Antiochcnum.
2057 1497 2252 1552 Verum
2297 1508 2488 1552 contra
2533 1497 2680 1552 hunc
2726 1497 3086 1554 l-lomiliarmn
3135 1503 3379 1557 ordinem
3416 1502 3544 1570 qni-

295 1589 422 1646 dam
456 1590 687 1658 insurgit
709 1589 1000 1658 scrupulus
1029 1607 1042 1643 :
1083 1589 1135 1643 in
1167 1588 1400 1642 ilomilia
1431 1589 1631 1658 quippe
1669 1589 1880 1642 decima
1913 1603 2056 1644 nona
2087 1589 2163 1642 ait
2184 1588 2631 1660 Chrysostontus,
2673 1607 2756 1652 se,
2787 1591 2914 1646 dum
2947 1583 3246 1663 martyrum
3284 1592 3402 1646 festi
3424 1593 3545 1649 dies

292 1681 718 1744 celebrarentur,
751 1695 953 1749 aegrum
980 1678 1123 1732 domi
1160 1679 1469 1732 mansisse:
1505 1686 1559 1730 at
1602 1678 1654 1730 in
1686 1676 1919 1730 llomilia
1955 1677 2127 1745 prima
2169 1677 2221 1730 in
2263 1679 2471 1730 Annam
2513 1678 2657 1732 nulla
2698 1679 2875 1732 morbi
2919 1680 3144 1744 mentio,
3179 1681 3288 1734 imo
3328 1682 3538 1735 videtur

292 1774 718 1848 Chrysostomus
747 1781 876 1827 tunc
909 1771 1169 1839 temporis
1209 1772 1289 1825 vel
1331 1771 1397 1825 de
1449 1770 1782 1840 martyribus
1830 1769 2126 1824 conciones
2166 1769 2446 1830 habuisse,
2478 1771 2562 1822 Vt‘l
2605 1771 2796 1826 saltem
2845 1772 3045 1828 habere
3090 1775 3368 1844 potuisse;
3419 1776 3546 1830 licet.

293 1866 439 1922 enim
468 1880 573 1920 non
607 1861 752 1918 dicat
776 1875 1033 1932 expresse
1055 1860 1175 1915 illas
1205 1873 1262 1913 se
1293 1859 1589 1914 conciones
1625 1857 1902 1920 habuisse,
1931 1857 1980 1911 id
2015 1859 2159 1914 clare
2185 1859 2340 1926 dicit,
2379 1860 2567 1912 laudes
2595 1875 2790 1930 nempe
2817 1873 3114 1932 martyrum
3158 1865 3545 1936 impedimento

294 1958 486 2020 fuisse,
516 1954 810 2025 quominus
848 1951 992 2006 aliud
1027 1959 1410 2020 argumentum
1451 1958 1736 2006 tractaret.
1770 1947 1971 2003 Verum
2005 1950 2056 2002 in
2093 1965 2246 2004 more
2275 1960 2358 2004 est
2387 1951 2782 2021 Chrysostomo
2831 1954 2883 2004 in
2916 1955 3228 2022 hujnsmodi
3263 1960 3544 2014 recensio-

294 2052 458 2114 nibus
487 2049 718 2118 plurima
747 2046 994 2113 reticere,
1022 2060 1142 2115 qum
1165 2044 1439 2108 negotium
1467 2042 1774 2098 lacessant:
1807 2045 2026 2100 aliunde
2059 2059 2187 2099 vero
2219 2059 2342 2099 cum
2387 2045 2442 2100 in
2491 2045 2814 2115 praecetlenti
2865 2045 3120 2113 llomilia,
3164 2066 3283 2117 qua:
3317 2062 3404 2106 est
3448 2052 3545 2108 de-

293 2145 434 2198 cima
463 2157 602 2196 nona
630 2141 697 2197 ad
733 2138 1120 2202 Antiochenos,
1152 2135 1533 2205 aegritudinem
1574 2152 1732 2190 suam
1777 2143 2280 2199 commemorasset,
2314 2135 2488 2191 noluit
2532 2136 2703 2205 prima
2749 2138 3012 2193 concione
3054 2139 3105 2192 in
3155 2141 3389 2208 Annam,
3421 2159 3548 2212 qua:

292 2242 419 2304 post.
456 2233 600 2287 illam
643 2230 824 2288 habita
855 2228 979 2293 fuit,
1015 2228 1250 2296 idipsum
1289 2236 1550 2296 repetere.
1583 2226 1777 2281 Verum
1823 2243 1888 2282 ex
1920 2227 2131 2284 duobus
2163 2226 2566 2296 impedimentis
2603 2228 2900 2296 quominus
2943 2233 3279 2299 propositum
3311 2235 3415 2290 sibi
3455 2251 3546 2290 ar-

292 2333 612 2394 gumentum
651 2330 906 2377 tractaret
933 2321 1160 2376 alterum
1198 2320 1390 2379 tacuit.
1429 2336 1623 2389 nempe
1650 2321 2068 2389 aegritudinem;
2105 2321 2336 2376 alterum
2377 2319 2719 2384 memoravit,
2755 2321 3012 2378 nimirum
3045 2325 3180 2380 testa
3218 2337 3543 2397 martyrum.

291 2415 413 2470 Jam
441 2415 567 2469 hinc
597 2424 816 2468 constat
846 2412 1184 2468 Dominieam
1217 2413 1315 2482 τῆς
1345 2413 1761 2483 ὲπισωζομὲνης
1813 2427 1920 2466 non
1954 2429 2076 2469 esse
2119 2413 2453 2469 Dominicam
2497 2414 2644 2472 illam
2697 2433 2862 2487 quam
2913 2417 3196 2475 Passionis
3245 2435 3544 2486 voramus;

293 2522 406 2565 tum
435 2512 562 2581 quia
593 2510 843 2582 plurimis
885 2517 1010 2564 ante
1036 2508 1180 2562 illam
1210 2507 1402 2562 diebus
1436 2505 1729 2561 Flavianus
1769 2509 2080 2571 advenerat,
2116 2508 2261 2574 quod
2301 2521 2451 2564 certe
2480 2508 2586 2562 diei
2623 2518 2857 2578 nequeat
2905 2511 2973 2569 de
3020 2510 3298 2566 Dominica
3331 2511 3548 2566 Passio-

292 2603 401 2670 nis,
432 2613 546 2657 tum
573 2602 699 2673 quia
725 2617 789 2656 ex
823 2615 984 2669 supra
1021 2600 1181 2655 dictis
1205 2600 1322 2654 haec
1342 2598 1535 2654 concio
1565 2597 1655 2651 diu
1689 2605 1811 2666 past
1840 2596 2131 2653 llomiliam
2166 2597 2232 2652 de
2263 2597 2437 2656 reditu
2472 2597 2714 2656 Flaviani
2742 2599 2887 2657 dicta
2925 2599 3045 2663 luit,
3082 2616 3206 2669 qua:
3238 2601 3454 2654 humilia
3491 2602 3545 2654 in

293 2710 412 2764 ipso
438 2693 526 2750 die
556 2693 780 2748 Pascha:
810 2693 992 2746 habita
1028 2700 1132 2747 est.
1166 2689 1275 2744 Nec
1299 2699 1476 2760 potest
1501 2704 1626 2745 esse
1665 2688 1947 2744 Dominica
1969 2689 2068 2756 τῆς
2105 2689 2517 2762 ὲπισωζομένης
2556 2707 2641 2750 ea.
2670 2706 2834 2759 quam
2883 2689 2936 2746 in
2966 2691 3121 2747 Albis
3169 2707 3450 2756 vocamus,
3487 2703 3549 2749 ut

293 2788 463 2845 voluit
498 2786 773 2853 Savilius;
806 2801 898 2842 sex
931 2786 1076 2840 enim
1106 2785 1184 2839 illi
1208 2785 1328 2839 dies
1357 2783 1451 2854 qui
1491 2783 1632 2839 inter
1665 2782 1876 2837 Pascha
1904 2791 1958 2836 et
1996 2783 2336 2838 Dominicam
2370 2784 2424 2839 in
2468 2783 2622 2838 Albis
2665 2784 3060 2850 intercurrunt,
3095 2801 3200 2840 non
3241 2786 3375 2840 satis
3410 2786 3547 2842 fuis-

292 2891 412 2938 sent
442 2881 506 2934 ad
536 2895 600 2935 ea
629 2880 812 2935 omnia
849 2878 1281 2948 cornaplectemla,
1322 2893 1514 2947 nempe
1539 2875 1872 2931 Concioncm
1903 2876 1971 2930 de
2001 2877 2174 2930 reditu
2222 2876 2486 2940 Flaviani,
2519 2877 2944 2948 Disputationem
2977 2887 3072 2932 aut
3112 2877 3540 2944 Disputationes,

291 2975 337 3029 si
371 2975 551 3043 plures
581 2972 805 3035 fuerint,
845 2980 1034 3026 contra
1063 2971 1311 3040 gentiles,
1347 2968 1503 3023 Festa
1546 2981 1844 3038 martyrum
1881 2968 2068 3022 multis
2103 2968 2317 3034 diebus,
2363 2969 2563 3032 πολλὰς
2605 2969 2818 3041 ἡμέρας
2857 2970 3148 3031 celebrata,
3176 2980 3230 3023 ct
3264 2970 3546 3039 aegritudi-

294 3081 418 3120 nem
449 3065 862 3134 restitutamque
891 3065 1256 3119 valetudinem
1284 3061 1682 3133 Cbrysostomi.
1710 3061 2101 3128 Quamobrem,
2137 3063 2270 3115 nihil
2314 3065 2569 3118 obstante
2598 3063 2859 3132 scrupulo
2893 3063 3006 3126 illo,
3043 3077 3205 3131 quem
3237 3078 3400 3132 supra
3433 3079 3549 3116 mc-

293 3159 651 3218 moravimus,
688 3156 886 3211 Leonis
917 3156 1098 3209 Allatii
1129 3156 1452 3210 sententiam
1488 3155 1888 3225 amplectimur,
1925 3154 2157 3208 dicentis
2198 3169 2322 3210 esse
2358 3155 2693 3210 Dominicam
2727 3155 2973 3224 quintam
3007 3164 3128 3223 post
3164 3153 3393 3217 Pascha,
3427 3172 3552 3224 qme

294 3249 548 3320 praecedit
595 3249 1011 3303 Ascensionem.
1064 3247 1156 3302 Sic
1200 3248 1382 3301 omnia
1432 3247 1814 3316 quadrabunt;
1845 3261 1970 3299 nam
2013 3248 2196 3302 statim
2249 3256 2371 3316 post.
2415 3245 2562 3299 illam
2591 3246 2645 3299 in
2673 3246 2901 3315 gratiam
2938 3247 3269 3302 rusticorum
3302 3246 3549 3300 habitam

293 3342 613 3396 concionem
647 3341 881 3410 primum
912 3341 965 3394 in
992 3342 1201 3393 Amant
1234 3355 1540 3394 sermonem
1571 3339 1787 3402 dixerit,
1820 3347 1945 3408 puta
1986 3339 2120 3393 feria
2155 3338 2394 3394 secunda
2429 3348 2557 3397 ante
2603 3339 2993 3393 Ascensionem
3021 3356 3035 3404 ;
3075 3338 3374 3394 secundum
3412 3337 3552 3392 feria

293 3446 448 3488 sexta
479 3445 599 3502 post
632 3434 1053 3500 Ascensionem;
1084 3435 1300 3488 tertium
1336 3432 1469 3489 feria
1494 3434 1732 3488 secunda
1762 3435 2112 3489 hebdomadas
2147 3436 2463 3504 sequentis;
2497 3444 2775 3504 quartum,
2804 3434 2897 3503 qui
2931 3435 3109 3502 periit,
3146 3432 3277 3488 feria
3312 3443 3543 3502 quarta;

297 3528 550 3599 quintum
584 3525 717 3582 feria
745 3536 930 3592 sexta;
964 3537 1176 3583 sextum
1215 3536 1336 3595 post
1361 3525 1752 3592 Pentecosten;
1797 3545 1900 3581 non
1941 3528 2045 3582 alia
2079 3538 2260 3582 autem
2290 3526 2357 3580 de
2388 3542 2553 3581 causa
2601 3528 2770 3582 hosce
2802 3542 2913 3596 prae
2962 3527 3088 3581 aliis
3132 3527 3251 3582 dies
3301 3526 3550 3593 assignzu

300 3631 447 3682 tuus,
475 3633 637 3687 quam
672 3626 732 3670 ut
765 3633 876 3671 rem
903 3617 1014 3672 ﬁeri
1047 3617 1292 3688 potuisse
1320 3617 1661 3672 declarcnius
1689 3635 1700 3669 :
1737 3633 1859 3672 nam
1899 3618 2131 3671 fatemur
2170 3619 2414 3689 potuisse
2435 3633 2718 3674 sermones
2745 3619 2868 3674 illos
2891 3619 2946 3672 in
2971 3619 3087 3673 dies
3110 3619 3247 3672 alios
3266 3617 3547 3673 incidisse.

370 3711 629 3776 Quartus,
667 3724 726 3766 ut
759 3712 1019 3778 diximus,
1051 3727 1235 3768 sermo
1262 3711 1555 3777 intercidit,
1588 3719 1645 3764 ut
1679 3713 1953 3784 colligitur
1987 3731 2048 3769 cx
2100 3715 2166 3769 iis
2204 3729 2326 3784 qua:
2368 3713 2422 3767 in
2471 3715 2666 3784 quinto
2701 3728 2974 3777 sermone,
3017 3712 3108 3782 qui
3159 3711 3273 3780 jam
3320 3717 3552 3780 quantus

296 3803 394 3857 illo
423 3803 625 3859 amisso
657 3803 994 3867 inscribitur,
1027 3804 1281 3860 dicuntur
1303 3819 1454 3862 nunt.
1483 3803 1536 3865 3,
1563 3821 1756 3875 nempe
1782 3807 1836 3863 in
1869 3807 2192 3877 pratccdenti
2226 3822 2480 3861 sermone
2525 3807 2795 3876 explicata
2829 3806 2999 3859 fuisse
3051 3805 3164 3860 haec
3207 3803 3369 3857 verba
3405 3802 3551 3858 Cau-

295 3896 392 3951 tici
413 3895 599 3959 Annar,
633 3893 1023 3963 Conﬁrmatum
1052 3903 1126 3950 est
1157 3910 1246 3952 por
1274 3909 1443 3948 meum
1475 3895 1529 3950 in
1563 3895 1809 3957 Domino,
1843 3905 1970 3963 etc.,
2005 3912 2235 3966 quormn
2281 3896 2656 3965 interpretatio
2707 3911 2814 3948 non
2849 3895 3077 3948 habetur
3106 3893 3158 3946 in
3189 3907 3256 3945 eo
3279 3891 3372 3959 qui
3406 3904 3552 3945 nunc

296 3989 494 4044 tertius
525 3999 628 4044 est.
668 3986 762 4042 llis
795 3986 933 4042 addc
959 4003 1082 4058 quae
1103 3987 1464 4041 disseruimus
1495 3987 1547 4041 in
1571 3987 1731 4042 Praef.
1768 3985 1796 4056 δ
1833 3984 1940 4038 νιι.
1993 4045 1995 4053 λ

369 4081 537 4137 Primi
564 4084 835 4138 sermonis
861 4083 1229 4152 interpretatio
1267 4089 1352 4136 est
1382 4079 1675 4134 Frontonis
1708 4080 1884 4134 Duczei
1912 4097 1926 4146 ;
1965 4081 2189 4135 secundi
2218 4089 2264 4134 et
2298 4080 2442 4134 tertii
2484 4078 2746 4146 Desiderii
2780 4078 3034 4144 Erasmi;
3069 4080 3250 4150 quarti
3282 4089 3335 4135 et
3375 4082 3550 4152 quinti

299 4175 638 4248 Sigismundi
670 4175 904 4242 Gelenii,
931 4191 1071 4245 quas
1103 4189 1296 4230 omnes
1337 4172 1814 4242 interpretationes
1853 4184 2112 4229 accurate
2135 4172 2551 4243 castigavimus.

924 4649 1142 4704 ΛΟΓΟΣ
1180 4653 1253 4706 A'.

288 4791 404 4856 εις
441 4794 504 4844 τὸ
536 4793 664 4848 δεῖν
704 4793 802 4848 καὶ
845 4795 913 4865 ἐν
953 4794 1028 4863 τῇ
1065 4795 1456 4864 Πεντηκοστῇ
1487 4797 1580 4849 καὶ
1633 4798 1727 4852 ἀεὶ
1773 4796 1879 4865 τῆς

364 4865 653 4938 νηστείας
684 4864 1047 4938 μεμνῆσθαι,
1082 4867 1180 4922 καὶ
1222 4867 1307 4919 ὅτι
1339 4870 1410 4920 οὐ
1438 4869 1741 4932 παρουσία
1764 4864 1876 4938 μό-

363 4948 496 5006 ror,
547 4934 706 5006 (illi:
749 4937 856 5006 καὶ
899 4936 1105 5006 μνήμη
1153 4939 1439 5003 νηστείας
1490 4939 1732 5006 ὠφελεῖ·
1765 4934 1876 4995 ⁷καὶ

363 5001 497 5075 {rapi
525 5003 635 5070 τῆς
665 5005 771 5059 τοῦ
808 5001 957 5058 Θεοῦ
988 5001 1293 5072 εῐρονοίας.
1336 5001 1431 5059 καὶ
1467 5001 1553 5060 ὅτι
1580 5008 1729 5075 μετὰ
1759 5007 1879 5060 τῶν

361 5070 573 5143 ἆλλῳν
596 5076 670 5127 οὐ
711 5077 926 5142 μικρὸν
959 5070 1140 5143 μέρος
1175 5070 1366 5142 αὐτῆς
1411 5077 1448 5140 ὴ
1481 5070 1710 5143 gito—axi;
1760 5078 1877 5130 τῶν

362 5141 590 5214 γονέων
627 5141 759 5211 περὶ
799 5141 870 5198 τὰ
897 5141 1119 5213 starem
1161 5141 1362 5214 5mm-
1397 5141 1497 5199 καὶ
1526 5147 1613 5201 ὅτι
1649 5141 1722 5202 οὐ
1767 5165 1877 5200 πα-

364 5211 542 5286 τράσι
563 5216 776 5286 μόνον.
822 5211 988 5286 (iam
1030 5217 1128 5270 καὶ
1162 5211 1471 5286 μητράσιν
1503 5218 1876 5270 ἐπιτέτακται

366 5280 441 5404 εἰ
469 5280 674 5337 παιδία
687 5284 1010 5354 ῥυθμίζειν,
1034 5286 1131 5340 καὶ
1156 5280 1304 5356 Ξτρὸξ·
1325 5285 1403 5350 τῷ
1425 5287 1582 5342 τέλει
1610 5287 1743 5354 περὶ
1766 5287 1876 5356 τῆς

439 5369 609 5404 ννηρ.

439 5369 609 5418 ννης.

369 5509 440 5554 α’.
473 5502 722 5555 Ἐπειδὰν
745 5501 892 5565 ξένον
911 5503 1031 5556 τινὰ
1048 5505 1390 5575 καταχθέντα
1413 5506 1548 5574 πρὸς
1572 5507 1716 5575 ἡμᾶς
1735 5505 1875 5575 ὴμέκ

293 5603 402 5658 ρας
422 5586 572 5647 τινὲς
608 5586 990 5655 ὑποδεξάμενοι
1021 5588 1376 5657 φιλοφρόνως,
1413 5588 1506 5639 καὶ
1535 5587 1706 5654 λόγων
1726 5586 1876 5655 αὑτῷ

294 5670 394 5723 καὶ
423 5669 567 5721 ἁλῶν
588 5670 1035 5738 κοινωνήσαντες.
1055 5671 1471 5739 ἀποπέμιιωμεν
1488 5687 1500 5698 ·
1528 5673 1593 5740 τῇ
1619 5671 1755 5740 μετὰ
1777 5669 1875 5740 τὴν

293 5753 610 5824 ἀποδημίαν
639 5751 853 5820 ἐκείνην
897 5754 1098 5826 ἡμέρᾳ,
1135 5754 1411 5823 τραπέζης
1448 5753 1872 5824 παρατεθείσης,

296 5835 503 5900 εὐθέως
548 5836 1069 5908 ἀναμιμνησκῦμεθα
1120 5836 1286 5892 αὑτοῦ
1315 5854 1372 5890 τε
1424 5838 1651 5891 καὶτῶν
1699 5836 1873 5904 λόγων

1984 4657 2083 4725 τῆς
2125 4657 2433 4722 συνουσίας,
2475 4658 2569 4712 καὶ
2601 4657 2736 4730 μετὰ
2774 4657 2972 4727 πολλῆς
3001 4655 3161 4712 αὐτὸν
3195 4655 3566 4727 ἐπιζητοῦμεν

1982 4739 2082 4809 τῆς
2116 4739 2336 4810 ἀγάπης
2357 4757 2370 4771 ·
2404 4739 2562 4794 τοῦτο
2587 4741 2649 4810 δὴ
2675 4741 2768 4794 καὶ
2808 4739 2898 4792 ἐπὶ
2920 4739 3016 4808 τῆς
3043 4738 3294 4808 νηστείας
3323 4740 3566 4810 ποιήσω-

1985 4838 2102 4890 μεν.
2143 4825 2254 4876 Καὶ
2283 4824 2390 4894 γὰρ
2424 4823 2664 4894 κατήχθη
2699 4823 2834 4892 πρὸς
2864 4823 3012 4894 ἡμᾶς
3049 4823 3261 4894 ἡμέρας
3291 4823 3562 4893 τεσσαρά-

1984 4922 2168 4968 κοντα,
2204 4907 2582 4976 ὑπεδεξάμεθα
2613 4907 2782 4976 αὐτὴν
2815 4905 3171 4976 φιλοφρόνως,
3195 4907 3290 4959 καὶ
3321 4907 3570 4976 ἀπεπέμο

1980 4989 2162 5058 ψαμεν
2188 5008 2201 5020 ι
2227 4989 2351 5042 ἐπεὶ
2375 4987 2466 5043 οὖν
2497 4990 2758 5060 μέλλομεν
2781 4990 3139 5062 παρατιθέναι
3163 4989 3441 5060 τράπεζαν
3467 4989 3571 5044 νῦν

1983 5074 2386 5146 πνευματικὴν,
2415 5073 2853 5143 ἀναμνησθῶμεν
2885 5074 3072 5144 αὐτῆς,
3104 5074 3196 5125 καὶ
3230 5073 3336 5126 τῶν
3371 5075 3427 5137 ἐξ
3459 5074 3563 5124 αὐ-

1981 5159 2079 5227 τῆς
2103 5158 2358 5212 ἁπάντων
2389 5158 2763 5229 ἐγγενομένων
2809 5159 2937 5227 ἡμῖν
2969 5155 3206 5223 ἀγαθῶν.
3233 5156 3308 5208 οὐ
3345 5155 3454 5225 γὰρ
3494 5156 3560 5222 δὴ

1987 5242 2256 5311 παρουσία
2284 5241 2538 5311 νηστείας
2581 5240 2762 5311 μόνον.
2786 5239 2924 5293 ἀλλὰ
2963 5240 3058 5294 καὶ
3091 5240 3278 5310 μνήμη
3308 5239 3564 5307 νηστείας

1978 5325 2050 5378 τὰ
2087 5325 2322 5394 μέγιστα
2367 5325 2646 5397 ὠφελῆσαι
2680 5323 2881 5376 δύναιτ’
2925 5323 3016 5376 ἄν.
3066 5323 3174 5375 Καὶ
3213 5321 3465 5390 καθάπερ
3511 5321 3563 5373 οἱ

1984 5407 2296 5480 φιλούμενοι
2349 5409 2478 5477 παρ’
2520 5407 2708 5479 ἡμῶν,
2739 5405 2852 5474 οὐχὶ
2886 5405 3155 5478 παρόντες
3211 5404 3390 5474 μόνον.
3423 5404 3565 5459 ἀλλὰ

1980 5494 2077 5547 καὶ
2106 5495 2186 5558 εἰς
2217 5491 2341 5546 νοῦν
2375 5493 2505 5562 ἡμῖν
2534 5488 2836 5560 ὲρχομένοι,
2865 5488 3066 5558 πολλῆς
3089 5489 3238 5560 μᾶς
3267 5486 3568 5558 πληροῦσιν

1982 5575 2201 5645 ἡδονῆς·
2226 5573 2367 5631 οὕτω
2393 5572 2487 5626 καὶ
2515 5572 2572 5628 αἱ
2601 5571 2697 5640 τῆς
2721 5570 2975 5641 νηστείας
2999 5572 3226 5642 ἡμέραι,
3257 5573 3346 5624 καὶ
3369 5573 3414 5623 οἱ
3441 5570 3566 5623 σύλο

1982 5667 2151 5734 λογοι,
2178 5667 2273 5718 καὶ
2298 5666 2353 5719 αἱ
2383 5663 2657 5733 διατριϐαὶ
2683 5665 2738 5716 αἱ
2769 5664 2967 5726 κοιναὶ,
2994 5664 3087 5716 καὶ
3111 5663 3177 5717 τὰ
3206 5663 3339 5717 ἄλλα
3361 5663 3396 5718 ἃ
3429 5666 3563 5731 παρ’

1983 5749 2200 5816 ἐκείνης
2233 5746 2622 5818 ὲκαρποῦμεθα
2655 5745 2815 5810 καλὰ,
2847 5748 2940 5798 καὶ
2971 5747 3077 5800 ἀπὸ
3103 5747 3198 5816 τῆς
3233 5747 3451 5817 μνήμης
3479 5747 3564 5799 εὑ-

1980 5831 2216 5901 φραίνει,
2255 5831 2354 5885 κᾶν
2380 5830 2550 5884 ταῦτα
2574 5830 2788 5885 ἅπαντα
2825 5829 3174 5898 συλλέξαντες
3204 5829 3568 5901 ἀναμνησθῶ-
