3964 6418
459 376 567 431 633

461 508 585 564 μεν,
617 491 827 561 μεγάλα
860 491 954 543 καὶ
984 489 1125 543 κατὰ
1149 488 1240 542 τὸν
1262 489 1503 561 παρόντα
1530 487 1721 558 καιρὸν
1743 483 2032 558 κερδανοῦο

463 556 583 657 μεν.
612 556 794 638 ’Ῐαῦτα
819 582 874 636 δὲ
913 582 1054 652 λέγω
1080 582 1180 637 οὒκ
1217 556 1542 652 ἀναγκάζων
1567 556 1867 651 νηστεύειν,
1898 577 2032 632 ἀλλά
2067 556 2079 587 ⁸

460 674 665 728 πείθων
690 674 763 745 μή
786 674 1015 744 τρυφᾷν,
1050 673 1187 744 μηδὲ
1220 672 1361 727 κατά
1392 675 1516 736 τοὺς
1543 671 1771 735 πολλοὺς
1798 669 1907 724 τῶν
1939 669 2028 723 ἀνι

458 764 692 836 θρώπων
719 764 1039 829 διακεῖσθαι,
1056 765 1168 833 εῖγε
1198 765 1517 835 ἀνθρώπους
1536 765 1663 827 τοὺς
1682 762 1824 815 οὕτω
1851 777 2033 831 μικρο-

454 857 643 927 ψύχως
670 856 1045 927 διακειμένους
1075 857 1182 928 χρὴ
1209 856 1396 911 καλεῖν
1419 868 1467 917 ι,
1496 855 1545 909 οἶ
1576 854 1829 923 καθάπερ
1856 855 1920 906 ὲκ
1945 853 2032 906 δε-

458 948 611 1019 σμῶν
640 947 954 1017 ἀφεθέντες,
984 949 1077 1001 καὶ
1108 947 1480 1018 δεσμωτηρίου
1508 947 1654 1011 τινὸς
1688 945 2031 1013 ἀπαλλαγέν-

452 1057 549 1103 τες
594 1039 863 1111 χαλεποῦ,
901 1040 1039 1112 πρὸς
1084 1039 1347 1109 ἀλλήλους
1390 1038 1637 1107 λέγουσι·
1666 1038 1840 1101 Μόλις
1878 1037 2028 1110 [700]

456 1131 589 1185 ποτὲ
613 1133 675 1185 τὸ
708 1132 942 1203 χαλεπὸν
973 1131 1076 1201 τῆς
1109 1130 1363 1201 νηστείας
1392 1129 1721 1201 διηνύσαμεν
1759 1129 1992 1196 πέλαγος
2013 1143 2028 1159 ·

454 1224 601 1278 ἄλλοι
636 1224 693 1277 δὲ
721 1224 927 1286 τούτων
962 1223 1350 1294 ἀσθενέστερον
1388 1221 1739 1291 διακείμενοι,
1769 1221 1864 1273 καὶ
1891 1221 2030 1291 ὑπὲρ

453 1315 552 1384 τῆς
609 1312 909 1385 μελλούσης
939 1313 1208 1367 δεδοίκασι
1240 1312 1714 1383 Τεσσαρακοστῆς.
1756 1310 1926 1364 Τοῦτο
1973 1310 2030 1364 δὲ

453 1404 667 1472 γίνεται
703 1405 768 1458 ὲκ
798 1403 893 1458 τοῦ
931 1405 1024 1458 τὸν
1055 1404 1213 1457 ἀλλον
1245 1404 1461 1458 ἀπάντα
1497 1404 1687 1473 καιρδν
1711 1405 1909 1473 τρυφῇ,
1938 1403 2032 1456 καὶ

455 1495 688 1567 ἀσωτίᾳ,
718 1495 813 1550 καὶ
845 1495 983 1567 μέθῃ
1016 1496 1169 1576 πάσῃ
1199 1496 1319 1565 μεθ’
1347 1496 1653 1567 ὑπερϐολῆς
1686 1497 1913 1557 ἑαυτοὺς
1938 1494 2032 1547 ἔκ-

454 1587 675 1642 διδόναι.
716 1587 805 1651 Ὠς
839 1587 955 1655 εἴγε
986 1586 1452 1657 μεμελετήκειμεν
1497 1586 1597 1649 τάς
1622 1585 1785 1645 ἄλλας
1816 1584 2033 1654 ἡμέρας

455 1677 672 1749 σεμνῶς
704 1678 799 1732 καὶ
844 1677 1103 1741 ἐπιεικῶς
1128 1679 1257 1748 ζῇν,
1297 1679 1393 1731 καὶ
1422 1676 1761 1731 ἀπελθοῦσαν
1802 1675 1869 1729 av
1901 1676 2030 1727 ἰπο-

452 1771 699 1843 θήσαμεν
741 1770 840 1841 τήν
871 1770 1145 1840 νηστείαν,
1177 1769 1273 1824 καὶ
1302 1767 1698 1837 παραγίνεσθαι
1735 1765 2031 1837 μέλλουσαν

455 1863 593 1933 μετά
620 1863 821 1933 πολλῆς
849 1863 916 1916 ἂν
944 1861 1323 1933 ὑπεδεξάμεθα
1340 1862 1442 1932 τῆς
1473 1861 1689 1933 ήδονῆς.
1711 1860 1777 1912 Τί
1803 1859 1913 1931 γάρ
1930 1859 2032 1913 οὐκ

450 1954 655 2023 ἀγαθὸν
675 1955 812 2025 ἡμῖν
840 1952 947 2006 ἀπὺ
969 1951 1225 2022 νηστείας
1245 1967 1259 2016 ;
1288 1951 1474 2004 Πάντα
1491 1951 1733 2021 γαλήνης
1751 1950 1910 2019 γέμει
1936 1951 2033 2004 καὶ

449 2044 699 2116 καθαράς
731 2044 930 2106 εὐδίας.
958 2042 1093 2113 Οὐχὶ
1119 2046 1214 2097 καὶ
1238 2044 1409 2097 οἰκίαι
1434 2041 1678 2112 θορύϐων
1699 2041 1794 2095 καί⁸
1816 2040 2032 2111 δρόμων

452 2138 546 2193 καὶ
576 2136 759 2207 πάσης
790 2135 929 2188 είσίν
962 2134 1404 2206 ήλευθερωμέναι
1446 2132 1733 2204 ταραχῆς;
1783 2132 1894 2185 Καὶ
1927 2130 2033 2201 πρὸ

449 2228 561 2283 τῶν
602 2226 789 2282 οἰκιῶν
833 2227 892 2280 δέ
939 2229 974 2296 ή
1024 2224 1132 2279 τῶν
1169 2225 1539 2296 νηστευόντων
1581 2223 1791 2278 διάνοια
1828 2221 2033 2292 ταύτης

449 2318 712 2374 ἀπολαύει
744 2318 846 2387 τῆς
882 2318 1150 2388 ἡσυχίας·
1204 2316 1357 2379 πόλις
1397 2317 1455 2370 δὲ
1500 2315 1687 2369 ἀπασα
1735 2316 1833 2387 τὴν
1873 2315 1930 2368 ὲν
1962 2316 2029 2384 τῇ

444 2412 655 2484 διανοίᾳ
695 2412 790 2465 καὶ
819 2410 919 2481 τὴν
967 2411 1027 2463 έν
1070 2412 1191 2472 ταῖς
1228 2409 1428 2473 οἰκίαις
1464 2408 1718 2476 εὐταξίαν
1761 2410 2027 2479 μιμεῖται.

445 2503 584 2558 υῦτε
610 2504 720 2575 γὰρ
752 2502 811 2555 έν
842 2501 1054 2573 ἑσπέρᾳ
1082 2502 1317 2573 ᾀδόντων
1359 2499 1507 2555 ἔστιν
1536 2499 1787 2565 ἀκοῦσαι,
1818 2498 1942 2553 οὕτε
1972 2500 2030 2552 έν

445 2596 629 2666 ήμέρᾳ
655 2593 1032 2666 θορυϐούντων
1048 2593 1144 2647 καὶ
1162 2591 1490 2663 μεθυόντων,
1522 2591 1585 2645 ού
1614 2590 1949 2663 κραζόντων.
1966 2589 2028 2642 οὐ

449 2684 775 2756 μαχομένων
793 2721 810 2745 ,
864 2683 1004 2737 ἀλλά
1054 2681 1255 2751 πολλὴν
1315 2678 1591 2752 πανταχοῦ
1641 2680 1740 2746 τὴν
1799 2678 2029 2751 ἡσυχίαν

445 2776 594 2830 εστιν
636 2777 789 2847 δρᾷν.
834 2774 974 2828 Ἀλλ’
1006 2773 1127 2844 οὐχὶ
1167 2772 1264 2828 νῦν
1301 2772 1496 2836 οὕτως.
1541 2771 1656 2827 ἀλλ’
1684 2771 1888 2836 εὐθέως
1925 2771 2031 2830 ὑπὸ

444 2861 544 2933 τὴν
574 2863 650 2916 ἕω
680 2862 943 2934 κραυγαὶ,
970 2862 1068 2916 καὶ
1097 2860 1319 2933 θόρυϐοι
1338 2902 1353 2928 ,
1383 2862 1479 2917 καὶ
1504 2862 1783 2933 μαγείρων
1807 2862 2026 2933 δρόμοι,

446 2956 542 3010 καὶ
575 2956 744 3019 πολὺς
771 2955 871 3027 μὲν
903 2955 962 3008 δν
996 2957 1119 3018 ταῖς
1150 2956 1383 3020 οἰκίαις,
1428 2955 1594 3020 πολὺς
1620 2956 1678 3009 δὲ
1710 2956 1768 3009 ἐν
1794 2958 1907 3017 τοῖς
1941 2954 2029 3007 λο-

444 3046 666 3115 γισμοῖς
688 3048 717 3099 ό
741 3044 970 3109 καπνὸς,
1003 3044 1111 3097 τῶν
1132 3043 1321 3098 παθῶν
1346 3046 1478 3116 ήμῖν
1512 3044 1659 3099 ένδον
1689 3044 2026 3115 ὑποκαιομέ-

442 3153 573 3203 νων,
596 3134 692 3189 καὶ
712 3134 812 3205 τῆς
835 3134 1031 3205 φλογὸς
1050 3133 1454 3207 διεγειρομένης
1477 3134 1579 3205 τῆς
1600 3137 1658 3189 έν
1673 3137 1792 3199 ταῖς
1807 3134 2030 3199 ἀτόποις

444 3225 765 3297 ἐπιθυμίαις
790 3224 897 3279 ὑπὸ
922 3224 1025 3296 τῆς
1054 3226 1286 3296 τρυφῆς.
1321 3225 1420 3281 Διά
1442 3224 1618 3281 ταῦτα
1650 3226 1904 3298 ζητῶμεν
1931 3227 2028 3280 καὶ

443 3315 784 3371 ἀπελθοῦσαν
820 3314 920 3387 τήν
952 3316 1206 3388 νηστείαν
1226 3333 1241 3349 ·
1277 3317 1462 3389 ἐκείνη
1496 3317 1608 3390 γάρ
1640 3317 1814 3374 ταῦτα
1848 3318 2026 3374 πάντα

442 3407 788 3463 κατέστελλε.
820 3406 943 3462 Κάν
978 3407 1070 3461 τὸν
1106 3408 1269 3462 πόνον
1309 3409 1483 3480 αὐτῆς
1520 3408 1858 3480 ἀπεθέμεθα,
1890 3409 2025 3463 άλλά

438 3499 535 3553 τὸν
563 3497 730 3553 πόθον
755 3499 927 3570 αὐτῆς
971 3499 1049 3568 μὴ
1079 3499 1494 3571 καταλύσωμεν,
1521 3500 1655 3571 μηδὲ
1682 3500 1781 3572 τήν
1803 3502 2026 3573 μνήμην

443 3587 747 3660 σϐέσωμεν·
783 3588 899 3643 ἀλλ’
938 3590 1068 3643 ὅταν
1104 3590 1406 3662 ἀριστήσας
1437 3590 1535 3657 καὶ
1578 3589 1914 3662 καθευδήσας
1947 3593 2025 3655 εἰς

441 3682 545 3752 τὴν
568 3681 777 3754 ἀγοράν
805 3681 1049 3755 ἐμϐάλῃς
1068 3681 1120 3749 δ,
1152 3684 1245 3738 καὶ
1265 3683 1366 3755 τήν
1384 3684 1597 3755 ἡμέραν
1630 3684 1765 3755 πρὸς
1787 3683 2025 3756 ἑσπέραν

442 3772 547 3844 ήδη
579 3772 943 3844 ἐπειγομένην
981 3772 1118 3846 ῐδῃς,
1150 3771 1406 3826 εἰσελθὼν
1456 3774 1539 3836 εἰς
1586 3773 1685 3845 τὴν
1729 3772 2024 3845 ἐκκλησίαν

442 3862 647 3935 ταύτην
664 3901 681 3928 ,
709 3863 807 3919 καὶ
838 3862 989 3936 παρά
1013 3864 1077 3917 τδ
1101 3862 1254 3935 βῆμα
1282 3863 1440 3919 τοῦτο
1478 3862 1669 3930 έλθὼν,
1705 3865 2022 3937 ἀναμιμνή-

444 3970 577 4007 σκου
608 3953 703 4007 τοῦ
733 3953 930 4025 καιροῦ
960 3955 1058 4026 τῆς
1089 3954 1362 4026 νηστείας,
1399 3955 1522 4010 καθ’
1547 3955 1607 4010 ὃν
1650 3958 1824 4028 μεστὴ
1856 3956 1954 4028 μὶν
1985 3957 2021 4028 ή

442 4043 710 4115 ἐκκλησία
726 4044 821 4098 τοῦ
848 4044 1086 4116 πλήθους
1113 4046 1245 4116 ἡμῖν
1268 4041 1358 4121 ἦν,
1383 4046 1589 4118 σφοδρά
1606 4047 1664 4101 δὲ
1683 4048 1716 4120 ή
1735 4049 1838 4121 τῆς
1855 4049 2023 4119 ἀκρο-

444 4137 622 4200 άσεως
647 4135 925 4206 προθυμία
944 4174 959 4199 ,
985 4136 1153 4208 πολλὴ
1184 4138 1241 4190 δὲ
1285 4120 1466 4209 ἡδονή,
1496 4139 1590 4193 καὶ
1616 4120 2020 4211 διεγηγερμένη

444 4228 661 4283 πάντων
692 4229 726 4299 ή
756 4227 965 4281 διάνοια
985 4243 998 4256 ·
1029 4230 1121 4281 καὶ
1158 4229 1333 4283 πάντα
1371 4231 1541 4285 ταῦτα
1567 4232 1857 4301 συλλέγων,
1891 4235 2021 4288 ἀνα-

444 4321 756 4393 μιμνήσκου
787 4318 898 4373 τῶν
919 4317 1181 4373 ποθεινῶν
1218 4320 1439 4391 ἡμερῶν
1466 4322 1709 4377 ἐκείνων.
1740 4324 1859 4378 Κάν
1889 4325 2018 4397 μέλ⁹

438 4411 538 4483 λης
560 4410 957 4482 παρατίθεσθαι
976 4410 1273 4481 τράπεζαν,
1302 4412 1438 4482 μετά
1455 4413 1554 4483 τῆς
1578 4414 1800 4486 μνήμης
1816 4415 2019 4487 ταύτης

441 4502 615 4556 ἀπτου
646 4500 757 4554 τῶν
789 4501 1120 4573 ἐδεσμάτων,
1147 4501 1241 4556 καὶ
1261 4502 1515 4557 οὐδέποτε
1540 4506 1622 4569 είς
1656 4504 1830 4577 μέθην
1847 4504 2018 4573 ἐξολι-

441 4591 638 4663 σθῆσαι
674 4592 900 4664 δυνήσῃ·
931 4591 1049 4647 ἀλλ’
1087 4593 1278 4665 ῶσπερ
1318 4595 1369 4648 οί
1409 4599 1645 4665 γυναῖκα
1694 4600 1899 4673 σεμνὴν
1924 4601 2019 4655 καὶ

441 4685 693 4757 σώφρονα
738 4686 835 4739 καὶ
861 4685 1149 4757 ἐλευθέραν
1189 4686 1422 4758 ἔχοντες,
1472 4688 1566 4741 καὶ
1610 4690 1815 4763 σφόδρα
1847 4692 2018 4764 αὐτῆς

441 4775 870 4846 περικαιόμενοι,
899 4776 1019 4831 οὐδὲ
1044 4776 1292 4848 ἀπούσης
1319 4777 1509 4848 αὐτῆς,
1541 4779 1750 4852 πόρνης
1783 4782 1878 4837 καί⁵
1905 4783 2017 4838 διε-

439 4866 760 4939 φθαρμένης
782 4866 1060 4937 έρασθεῖεν
1084 4867 1171 4934 ἂν,
1204 4868 1299 4923 τοῦ
1323 4870 1489 4925 πόθου
1520 4872 1618 4927 τοῦ
1649 4875 1778 4945 περί
1800 4876 2018 4947 ἐκείνην

437 4958 864 5030 προκατέχοντος
887 4956 986 5028 τὴν
1016 4958 1274 5024 διάνοιαν,
1324 4961 1421 5016 καὶ
1463 4962 1651 5035 ἕτερον
1682 4966 2017 5023 ἐπεισελθεῖν

437 5048 618 5120 ἔρωτα
645 5050 744 5103 οὐκ
784 5048 1010 5112 ἐῶντος·
1046 5048 1193 5103 οὕτω
1234 5050 1299 5121 δὴ
1341 5054 1437 5106 καὶ
1478 5055 1572 5107 ἐπὶ
1622 5056 1720 5127 τῆς
1764 5059 2016 5127 νηστείας

437 5141 534 5196 καί
557 5141 657 5211 τῆς
686 5140 859 5212 μέθης
884 5140 1109 5209 γίνεται.
1131 5142 1231 5195 Ἂν
1247 5142 1427 5196 τοίνυν
1444 5145 1663 5217 έκείνης
1676 5148 1775 5218 τῆς
1802 5148 2015 5203 ἐλευθέ-

438 5248 541 5304 ρας
566 5233 661 5287 καὶ
682 5230 957 5303 σώφρονος
985 5232 1432 5305 μνημονεύωμεν,
1457 5236 1557 5307 τὴν
1578 5237 1858 5308 πάνδημον
1879 5241 2014 5312 πόρ-

436 5340 536 5393 νην
559 5326 782 5395 ταύτην,
838 5325 935 5379 καὶ
986 5326 1167 5397 πάσης
1197 5326 1581 5400 ἀσχημοσύνης
1634 5331 1869 5403 μητέρα,
1912 5333 2014 5403 τήν

434 5413 614 5483 μέθην
639 5415 804 5482 λέγω,
842 5416 982 5485 μετά
1014 5416 1213 5488 πολλῆς
1240 5417 1692 5491 διακρουσώμεθα
1722 5422 1823 5491 τῆς
1853 5425 2011 5477 εὐκο-

436 5502 577 5569 λίας,
609 5505 703 5558 τοῦ
730 5505 893 5559 πόθου
928 5509 1024 5577 τῆς
1055 5509 1328 5579 νηστείας,
1360 5512 1541 5583 πάσης
1575 5514 1755 5585 χειρὸς
1786 5517 2013 5587 σφοδρό-

439 5612 612 5665 τερον.
662 5596 1005 5662 ἀπωθοῦντος
1059 5601 1157 5670 τὴν
1204 5602 1402 5676 ταύτης
1457 5605 1860 5676 ἀναισχυντίαν.
1912 5610 2010 5662 Διά

502 5767 528 5796 ⁵
557 5767 677 5829 Reg.
702 5772 790 5831 χρὴ
815 5773 965 5831 λέγειν

1132 373 1191 427 S.
1231 370 1516 428 JOANNIS
1546 362 2025 425 CHRYSOSTOIII

2134 361 2388 419 KCIIIEP.
2420 365 2963 424 CONSTARTINOP.

3609 369 3722 425 6'53

2139 479 2312 534 ταῦτα
2341 482 2405 553 δὴ
2436 483 2634 545 πάντα,
2668 486 2988 556 παρακαλῶ,
3022 485 3161 538 κατά
3184 484 3311 538 νοῦν
3340 484 3429 539 ἀεὶ
3458 485 3554 548 τάς
3578 486 3723 557 ἡμέ-

2142 584 2241 639 ρας
2273 571 2485 635 ὲκείνας
2510 572 2738 643 ἔχωμεν·
2779 574 2862 627 ῖνα
2884 573 2940 626 δέ
2963 590 3015 625 τι
3035 573 3190 641 κάγὼ
3212 573 3347 645 πρδς
3368 573 3468 643 τήν
3496 577 3724 644 μνήμην

2139 657 2353 729 ἐκείνην
2386 659 2770 731 συμϐάλωμαι,
2816 660 2912 731 τὴν
2946 660 3114 732 αὐτὴν
3162 660 3441 721 ὑπόθεσιν,
3480 661 3548 731 ἣν
3593 663 3725 714 τότε

2139 747 2308 797 κινεῖν
2323 747 2830 819 παρεσκευαζόμην,
2850 747 3056 818 ταύτην
3071 748 3164 800 καὶ
3182 745 3279 800 νῦν
3294 749 3374 810 εἰς
3398 747 3561 817 μέσον
3574 748 3727 814 ἀγα-

2139 835 2258 899 γεῖν
2283 834 2637 905 πειράσομαι,
2667 834 2808 889 ὥστε
2839 835 2934 889 καὶ
2961 838 3029 905 τῇ
3062 834 3202 888 κατά
3238 834 3337 906 τὴν
3363 835 3728 889 διδασκαλίαν

2138 919 2417 992 ὁμοιότητι
2462 921 2717 989 γενέσθαι
2761 922 2881 977 τινὰ
2926 922 3022 976 τοῦ
3061 922 3255 992 καιροῦ
3310 923 3528 993 μνήμην
3584 923 3729 992 ἡμῖν

2138 1007 2369 1061 ἐκείνου.
2400 1006 2551 1079 [701]
2567 1009 2755 1079 Ὑμεῖς
2776 1010 2877 1080 μὲν
2892 1010 3001 1080 γάρ
3022 1011 3153 1074 ῖσως
3171 1007 3514 1078 ἐπιλέλησθε,
3536 1008 3635 1061 διὰ
3662 1007 3728 1060 τὸ

2141 1094 2345 1164 μεταξὺ
2378 1096 2577 1161 πολλάς
2616 1097 2944 1168 γεγενῆσθαι
2981 1098 3245 1166 διαλέξεις
3271 1100 3423 1168 ἡμῖν,
3456 1098 3552 1151 καὶ
3577 1098 3730 1167 ὑπὲρ

2138 1180 2339 1253 ἑτέρων
2359 1188 2717 1254 πραγμάτων.
2736 1185 2846 1238 Καὶ
2865 1185 2933 1253 γά
2941 1203 2974 1256 ρ
3000 1184 3244 1248 ἐλθόντος
3266 1183 3363 1238 τοῦ
3384 1184 3594 1255 πατρὸς
3610 1184 3731 1238 ἀπὸ

2136 1267 2238 1337 τῆς
2276 1271 2494 1340 μακράς
2525 1271 2867 1342 ἀποδημίας,
2918 1273 3214 1342 ἀναγκαῖον
3254 1268 3323 1343 ἦν
3359 1271 3430 1325 τά
3473 1271 3623 1325 κατά
3663 1270 3731 1324 τδ

2141 1356 2498 1425 στρατόπεδον
2517 1359 2797 1429 συμϐάντα
2814 1360 3029 1416 ἅπαντα
3044 1362 3237 1424 εἰπεῖν,
3268 1361 3361 1413 καὶ
3388 1358 3525 1429 μετά
3544 1359 3729 1413 ταῦτα

2140 1440 2275 1510 πρὸς
2300 1440 2568 1513 Ἕλληνας
2598 1446 2998 1508 ἀποτείνεσθαι,
3032 1446 3174 1501 ὥστε
3206 1446 3427 1509 τούτους
3472 1445 3583 1499 ἀπὸ
3622 1446 3728 1514 τῆς

2140 1530 2423 1600 συμφοράς
2445 1530 2685 1600 βελτίους
2707 1536 3052 1605 γενομένους.
3081 1536 3173 1588 καὶ
3203 1534 3339 1606 πρὸς
3367 1535 3517 1604 ἡμᾶς
3540 1535 3607 1586 ὲκ
3622 1533 3726 1601 τῆς

2148 1612 2467 1686 Ἑλληνικῆς
2498 1618 2975 1690 αὐτομολήσαντας
3003 1619 3232 1692 πλάνης,
3278 1620 3395 1689 μετ’
3430 1618 3724 1691 ἀκριϐείας

2142 1699 2387 1770 ῥιζῶσαι.
2419 1704 2514 1756 καὶ
2556 1705 2785 1771 διδάξαι,
2833 1706 2946 1759 οἴου
3002 1707 3102 1777 μὲν
3147 1705 3544 1776 ἀπηλλάγησαν
3588 1705 3721 1757 σκόσ

2137 1803 2283 1850 τους,
2318 1789 2414 1859 οἵῳ
2430 1788 2485 1842 δὲ
2515 1791 2890 1863 προσέδραμον
2918 1790 3176 1863 ἀληθείας
3201 1792 3359 1860 φωτί.
3384 1790 3522 1845 Μετ’
3540 1791 3723 1843 έκεῖνο

2140 1873 2320 1938 πάλιν,
2343 1875 2542 1940 πολλάς
2575 1878 2786 1949 ἡμέρας
2816 1881 2915 1949 τῆς
2945 1877 3054 1931 τῶν
3093 1876 3385 1951 μαρτύρων
3413 1875 3723 1930 ἀπελαύσα-

2142 1977 2240 2031 μεν
2263 1962 2642 2034 πανηγύρεως,
2680 1966 2775 2020 καὶ
2797 1966 3020 2036 ἀκαιρον
3037 1960 3104 2036 ἦν
3123 1968 3180 2019 έν
3201 1965 3395 2034 τάφοις
3425 1964 3721 2035 μαρτύρων

2136 2047 2506 2119 διατρίϐοντας
2529 2092 2543 2112 ,
2594 2050 2701 2105 τῶν
2730 2054 2843 2117 τοῖς
2894 2053 3128 2125 μάρτυσι
3177 2052 3495 2124 πρεπόντων
3541 2052 3721 2119 ὲγκωο

2142 2136 2280 2206 μίων
2333 2139 2593 2211 ἀμοίρους
2634 2140 2905 2196 ἀπελθεῖν.
2968 2142 3153 2198 Ταῦτα
3191 2141 3261 2196 τά
3304 2139 3559 2211 ἐγκώμια
3612 2140 3718 2192 διε-

2137 2223 2327 2288 δέξατο
2358 2225 2519 2280 πάλιν
2541 2229 2575 2298 ή
2608 2229 2736 2299 περὶ
2766 2228 2876 2283 τῶν
2912 2230 3091 2301 ὅρκων
3134 2229 3460 2300 παραίνεσις
3479 2244 3492 2258 ·
3527 2228 3717 2296 ἐπειδὴ

2138 2311 2246 2382 γάρ
2276 2312 2373 2384 τὴν
2397 2314 2682 2385 ἀγροικίαν
2714 2316 2934 2370 ἀπασαν
2955 2316 3057 2385 τῆς
3090 2315 3298 2379 πόλεως
3334 2316 3551 2385 εἴδομεν
3593 2316 3715 2367 ἐπι-

2138 2396 2327 2462 ϐᾶσαν,
2350 2400 2719 2473 ἐϐουλήθημεν
2748 2403 2932 2466 αὐτοῖς
2970 2403 3152 2466 δόντες
3180 2401 3370 2470 ἐφόδια
3390 2401 3597 2464 ταῦτας
3621 2399 3712 2453 οῦ-

2136 2501 2244 2549 τως
2270 2486 2468 2552 αὐτοὺς
2500 2489 2782 2560 ἐκπέμψαι
2810 2490 2941 2561 παρ’
2962 2489 3118 2562 ήμῶν
3145 2489 3418 2555 ἀπαντας.

2212 2586 2278 2657 β’.
2318 2589 2477 2660 Ὑμῖν
2503 2591 2600 2661 μὲν
2624 2586 2717 2646 οὖν
2733 2590 2823 2644 διά
2849 2590 3025 2645 ταῦτα
3043 2591 3145 2644 οὐκ
3169 2590 3237 2644 ἂν
3260 2590 3346 2661 είη
3369 2589 3600 2644 δυνατὸν
3623 2592 3717 2661 ρᾳ-

2134 2673 2263 2739 δίως
2296 2676 2606 2746 ἀνενεγκεῖν
2634 2678 2734 2749 τὴν
2760 2679 2882 2733 τότε
2911 2681 3043 2750 ήμϊν
3077 2677 3381 2750 γενομένην
3423 2677 3561 2749 πρὸς
3590 2677 3718 2731 Ἕλ-

2138 2765 2303 2837 ληνας
2334 2765 2579 2840 ζήτησιν·
2611 2770 2723 2840 ἐγὼ
2748 2771 2805 2825 δὲ
2827 2773 2856 2825 ὁ
2878 2771 2968 2826 διὰ
2988 2770 3187 2835 παντὸς
3217 2773 3276 2826 έν
3299 2769 3515 2834 τούτοις
3562 2771 3715 2840 έσχοο

2137 2854 2335 2920 λακὼς,
2366 2858 2461 2911 καὶ
2483 2857 2687 2930 ταύτην
2722 2859 2862 2930 έχων
2911 2859 3160 2931 μελέτην,
3204 2859 3382 2929 ῥᾷστα
3403 2857 3544 2927 πρὸς
3572 2857 3716 2927 ὑμᾶς

2135 2943 2290 3012 ὀλίγα
2307 2947 2418 3000 τῶν
2435 2947 2556 3002 τότε
2586 2949 2892 3020 εἰρημένων
2923 2947 3117 3012 εἰπὼν,
3144 2947 3445 3018 ὁλοκλήρου
3478 2949 3578 3017 τῆς
3611 2947 3714 3001 τῶν

2136 3030 2310 3100 λόγων
2341 3033 2652 3099 ὑποθέσεως
2688 3035 2999 3105 ἀναμνῆσαι
3031 3034 3352 3106 δυνήσομαι.
3385 3034 3487 3098 Τίς
3521 3031 3620 3087 οὖν
3650 3029 3716 3104 ἦν

2135 3122 2266 3192 ἡμῖν
2290 3121 2325 3193 ή
2356 3119 2645 3188 ύπόθεσιςς
2689 3123 3020 3194 Ἐζητοῦμεν
3064 3122 3183 3186 πῶς
3223 3122 3287 3188 ἐξ
3321 3123 3497 3193 ἀρχῆς
3531 3126 3560 3176 ό
3586 3123 3715 3188 Θεὸς

2136 3208 2293 3279 ἡμῶν
2324 3209 2569 3282 προενόει
2611 3210 2705 3265 τοῦ
2739 3210 2949 3280 γένους,
2984 3210 3081 3266 καὶ
3113 3209 3232 3275 πῶς
3265 3212 3336 3266 τὰ
3368 3212 3713 3285 συμφέροντα

2135 3295 2452 3352 ἐπαίδευσεν
2483 3309 2531 3362 ο,
2567 3296 2691 3352 οὔτε
2732 3299 3079 3370 γραμμάτων
3101 3298 3293 3361 όντων,
3322 3296 3449 3351 οὔτε
3483 3298 3525 3351 Γ
3531 3300 3711 3369 ραφῶν

2132 3383 2406 3438 δοθεισῶν·
2433 3386 2527 3440 καὶ
2554 3385 2871 3457 ἐδείκνυμεν
2898 3387 2981 3439 ὅτι
3003 3385 3090 3440 διὰ
3120 3388 3219 3457 τῆς
3247 3387 3392 3441 κατά
3411 3386 3513 3458 τὴν
3539 3390 3711 3442 κτίσιν

2135 3472 2368 3544 θεωρίας
2401 3472 2539 3545 πρὸς
2568 3472 2668 3545 τὴν
2693 3472 2859 3527 αὐτοῦ
2880 3473 3211 3541 θεογνωσίαν
3232 3474 3674 3547 έχειραγὼγησεν
3694 3491 3706 3504 ·

2132 3560 2223 3612 ὅτε
2246 3559 2341 3612 καὶ
2380 3559 2676 3631 λαϐόμενος
2703 3560 2858 3630 ὑμῶν
2897 3561 3018 3632 ούχί¹
3058 3564 3161 3633 τῆς
3205 3562 3418 3639 χειρδς,
3451 3562 3592 3616 ἀλλά
3617 3562 3709 3630 τῆς

2131 3646 2389 3712 διανοίας,
2425 3646 2701 3717 πανταχοῦ
2731 3648 2829 3719 τῆς
2862 3648 3086 3713 κτίσεως
3106 3650 3471 3722 περιήγαγον,
3500 3650 3710 3712 δεικνὺς

2130 3733 2378 3805 ούρανδν,
2418 3735 2512 3789 καὶ
2558 3736 2684 3806 γῆν,
2728 3737 2823 3790 καὶ
2849 3735 3119 3791 θάλατταν
3141 3778 3157 3803 ,
3198 3737 3293 3791 καὶ
3341 3736 3571 3808 λίμνας,
3622 3739 3706 3791 καὶ

2131 3823 2335 3895 πηγάς,
2369 3824 2462 3877 καὶ
2493 3826 2791 3897 ποταμοὺς,
2826 3824 2920 3879 καὶ
2958 3824 3170 3895 πελάγη
3205 3825 3415 3897 μακρά,
3462 3828 3560 3880 καὶ
3603 3827 3706 3880 λει-

2134 3910 2341 3981 μῶνας,
2366 3911 2461 3965 καὶ
2489 3911 2870 3982 παραδείσους,
2907 3913 3003 3966 καὶ
3030 3911 3286 3983 κομῶντα
3321 3912 3393 3966 τά
3417 3912 3578 3984 λήῖα,
3619 3918 3704 3968 καί
3776 3919 3783 3925 “

2133 3997 2425 4071 βριθόμενα
2446 4002 2559 4063 τοῖς
2588 4004 2821 4072 καρποῖς
2849 4001 2917 4055 τά
2937 3999 3146 4072 δένδρα,
3176 4000 3270 4056 καὶ
3295 4002 3702 4074 καλυπτομένας

2128 4085 2353 4158 δρυμοῖς
2385 4087 2627 4159 κορυφάς
2657 4090 2820 4161 ὀρῶν·
2845 4091 2934 4144 ὅτε
2956 4091 3051 4143 καὶ
3079 4089 3208 4161 περὶ
3230 4091 3581 4161 σπερμάτων,
3613 4093 3699 4146 καί

2130 4174 2261 4243 περὶ
2280 4172 2540 4244 βοτανῶν,
2555 4177 2648 4229 καὶ
2663 4193 2729 4229 πε
2736 4176 2792 4247 91
2812 4175 3040 4241 ἀνθέων,
3058 4177 3148 4230 καὶ
3169 4179 3295 4252 περὶ
3306 4177 3494 4247 φυτῶν
3513 4180 3696 4250 έγκάρ-

2128 4276 2247 4314 πων
2267 4278 2327 4315 τε
2358 4264 2449 4317 καὶ
2473 4264 2758 4335 ἀκάρπων,
2787 4265 3022 4335 καὶπερὶ
3040 4265 3270 4335 ἀλόγων,
3292 4264 3517 4336 ἡμέρων
3531 4284 3590 4321 τε
3612 4269 3698 4320 καί

2125 4357 2355 4429 ἀγρίων,
2378 4358 2612 4431 ἐνύδρων
2636 4377 2695 4413 τε
2714 4360 2807 4414 καὶ
2829 4360 3119 4431 χερσαίων,
3138 4361 3233 4414 καὶ
3256 4359 3560 4431 ἀμφιϐίων,
3578 4364 3697 4433 περὶ

2126 4446 2236 4499 τῶν
2262 4446 2353 4499 τὸν
2379 4447 2517 4519 ἀέρα
2534 4447 2861 4517 τεμνόντων,
2885 4450 3013 4518 περὶ
3037 4448 3147 4501 τῶν
3170 4447 3343 4519 χαμαὶ
3364 4449 3695 4519 συρομένων,

2127 4531 2223 4586 καὶ
2279 4535 2409 4603 περὶ
2455 4532 2634 4589 αὐτῶν
2675 4532 2785 4587 τῶν
2827 4533 2923 4587 τοῦ
2962 4535 3160 4598 παντὸς
3203 4536 3483 4605 στοιχείων
3537 4535 3698 4589 πολλά

2123 4620 2422 4693 διελέχθην,
2438 4622 2531 4675 καὶ
2553 4621 2672 4676 καθ’
2697 4621 2926 4677 ἕκαστον
2954 4622 3270 4694 ἐπεϐοῶμεν
3299 4626 3451 4694 κοινῇ
3477 4624 3695 4690 πάντες,

2126 4708 2420 4778 ἀτονούσης
2472 4710 2604 4779 ἡμῖν
2641 4709 2778 4781 πρὸς
2812 4709 2905 4763 τὸν
2944 4710 3170 4780 ἄπειρον
3199 4709 3426 4763 πλοῦτον
3455 4711 3559 4780 τῆς
3585 4712 3694 4765 δια-

2125 4796 2273 4860 νοίας
2291 4835 2305 4859 ,
2363 4797 2455 4849 καὶ
2491 4797 2552 4850 τὸ
2600 4800 2708 4851 πᾶν
2747 4795 3073 4850 καταλαϐεῖν
3110 4796 3185 4869 μὴ
3228 4798 3559 4868 δυναμένης·
3609 4800 3698 4865 Ὠς

2121 4885 2495 4954 ἐμγαίὐνθη
2524 4884 2595 4938 τὰ
2615 4885 2758 4955 ἔργα
2788 4900 2925 4950 σου,
2957 4865 3153 4953 Κύριε·
3175 4865 3391 4939 *πάντα
3416 4865 3699 4956 ἐν’-σοφία
3733 4865 3746 4882 ’

2123 4973 2435 5040 ἐποίησας.
2460 4974 2536 5028 Ού
2564 4973 2652 5027 διά
2686 4972 2750 5027 τὸ
2780 4972 2984 5037 πλῆθος
3022 4973 3080 5028 δὲ
3120 4973 3282 5044 μόνον
3314 4974 3698 5045 ἐθαυμάζομεν

2121 5059 2216 5114 τοῦ
2252 5061 2388 5114 Θεοῦ
2414 5061 2515 5133 τήν
2550 5062 2764 5131 σοφίαν,
2796 5060 2935 5115 ἀλλά
2970 5062 3065 5116 καὶ
3097 5061 3166 5115 δι’
3183 5062 3474 5134 ἀμφότερα
3505 5063 3696 5127 ταῦτα,

2123 5142 2205 5196 ὅτι
2233 5144 2327 5197 καί
2349 5142 2522 5215 καλήν
2548 5146 2644 5198 καὶ
2676 5143 2921 5215 μεγάλην
2938 5144 3031 5198 καὶ
3048 5144 3365 5215 θαυμαστήν
3391 5144 3495 5217 τὴν
3524 5146 3698 5199 κτίσιν

2122 5227 2365 5296 ἐποίησε,
2401 5227 2497 5281 καὶ
2544 5227 2627 5280 ὅτι
2677 5227 2845 5280 πολλά
2873 5227 3037 5282 πάλιν
3063 5227 3166 5299 τῆς
3202 5227 3491 5292 ἀσθενείας
3530 5229 3696 5299 αὐτῆς

2120 5306 2387 5379 δείγματα
2413 5307 2706 5364 ἐναπέθετο
2729 5313 2841 5373 τοῖς
2861 5308 3178 5380 δρωμένοις·
3201 5309 3264 5362 τὸ
3300 5310 3422 5381 μὲν,
3453 5311 3545 5364 ἴνα
3570 5311 3695 5365 θαυ-

2122 5392 2361 5463 μάζηται
2416 5393 2510 5446 ὲπί
2549 5394 2740 5465 σοφίᾳ,
2788 5393 2883 5447 καὶ
2913 5393 3047 5463 πρὸς
3083 5394 3185 5463 τὴν
3216 5393 3414 5447 ἑαυτοῦ
3441 5393 3693 5465 λατρείαν

2118 5477 2243 5539 τοὺς
2291 5475 2532 5545 ὁρῶντας
2561 5475 2874 5546 ἐφέλκηται·
2919 5475 2980 5528 τὸ
3026 5475 3105 5541 δὲ,
3150 5476 3239 5529 ἵνα
3284 5476 3360 5548 μή
3400 5478 3494 5530 τὸν
3538 5480 3691 5546 ποιή-

2122 5576 2286 5612 σαντα
2314 5559 2543 5627 ἀφέντες
2566 5560 2614 5611 οί
2643 5558 2971 5629 θεωροῦντες
3009 5557 3188 5613 αὐτῶν
3220 5558 3282 5612 τὸ
3304 5559 3498 5626 κάλλος
3522 5562 3614 5616 καὶ
3633 5556 3692 5610 τὺ

2181 5724 2362 5791 ξιςῳιι).
2382 5739 2516 5791 Διιιηιε
2535 5726 2784 5791 ἐμϐάλλῃς.

2179 5787 2201 5815 ε
2227 5786 2346 5848 Reg.
2376 5787 2632 5843 ἐπαίδευεν.
