3964 6442
357 360 462 424 033

359 481 581 535 muriam
626 495 973 547 revocemus,
1003 480 1225 534 multmn
1252 476 1373 532 inde
1404 478 1606 531 lucrum
1640 475 1739 528 hoc
1783 474 1941 527 etiam

360 585 601 640 tempore
629 573 962 642 colligemus.
996 571 1118 624 llicc
1142 579 1318 623 autem
1349 584 1378 621 a
1408 584 1493 622 me
1533 583 1636 620 non
1664 583 1730 621 eo
1758 567 1943 620 dicun-

359 677 463 728 tur,
489 662 630 732 quod
672 677 866 731 cogere
898 676 990 714 vos
1029 661 1094 714 ad
1132 659 1478 728 jejunandum
1527 657 1721 724 velim,
1753 656 1845 711 sed
1889 666 1945 709 ut

357 753 515 808 vobis
546 753 917 823 persuadeam,
950 762 1005 804 ut
1054 767 1119 805 ne
1147 751 1302 819 genio
1336 748 1687 816 indulgeatis,
1713 762 1842 800 neve
1868 748 1945 800 sic

357 844 706 907 afficiantini,
756 853 811 896 ttt
867 843 1105 911 plerique
1159 841 1402 894 homines
1450 839 1654 903 solent,
1685 836 1941 907 siquidem

360 937 610 991 homines
637 936 935 1006 appellandi
960 945 1103 1001 sunt,
1131 934 1221 1003 qui
1245 942 1442 986 tantam
1462 930 1942 999 pusillanimiLatem

360 1046 471 1098 prae
502 1044 561 1084 se
592 1029 791 1094 ferunt,
825 1029 913 1097 qui
961 1038 1227 1095 tamquam
1284 1040 1314 1079 e
1366 1022 1591 1077 vinculis
1642 1021 1864 1083 emissi,
1892 1029 1945 1073 et

356 1121 504 1189 gravi
526 1120 776 1190 quopiam
802 1134 1019 1174 carcere
1042 1116 1245 1170 liberali
1275 1115 1353 1169 sic
1377 1115 1716 1182 alloquuntur
1739 1125 1798 1165 se
1822 1126 1939 1165 mu-

361 1222 489 1266 tuo:
525 1210 763 1264 Tandem
795 1210 1077 1263 molestum
1112 1205 1238 1259 illud
1274 1204 1459 1274 jejunii
1493 1203 1707 1272 pelagus
1741 1200 1942 1254 emensi

356 1318 546 1357 smnus
574 1320 588 1355 :
618 1301 706 1355 alii
735 1317 862 1355 vero
882 1301 970 1370 qui
1000 1300 1165 1353 multo
1199 1297 1373 1368 pejus,
1401 1306 1453 1350 ct
1481 1294 1797 1349 imbecillius
1822 1300 1944 1346 sunt

357 1395 569 1461 allecti,
604 1397 763 1450 etiam
812 1394 881 1447 ob
927 1392 1156 1446 futuram
1184 1389 1653 1459 Quadragesimam
1688 1386 1943 1455 pertime-

359 1497 536 1542 scunt.
578 1486 687 1540 lloe
716 1501 842 1540 vero
892 1495 1193 1554 propterea,
1222 1480 1363 1552 quod
1414 1488 1524 1534 toto
1561 1479 1766 1547 reliquo
1808 1486 1945 1530 tent-

364 1593 493 1647 pore
538 1577 778 1642 deliciis,
823 1576 1075 1639 luxuriat,
1101 1584 1259 1645 atque
1286 1572 1525 1627 ebrietati
1570 1586 1627 1624 se
1664 1578 1802 1622 totus
1847 1569 1944 1622 de—

358 1669 506 1723 dant.
540 1668 691 1734 Quod
724 1668 767 1720 si
808 1669 927 1721 aliis
966 1666 1155 1720 diebus
1203 1673 1363 1718 castae
1408 1662 1771 1728 modesuequc
1823 1660 1944 1712 vine

359 1760 583 1830 agenda:
613 1773 712 1813 nos
735 1759 1215 1822 assuefaceremus,
1239 1766 1294 1809 et
1321 1755 1645 1823 praeteritum
1674 1750 1946 1805 desidera-

363 1868 548 1908 remus
568 1853 828 1922 jejunium
855 1894 868 1913 .
900 1863 951 1905 et
985 1860 1265 1903 venturum
1310 1847 1473 1899 multa
1521 1860 1640 1897 cum
1677 1845 1947 1911 voluptate

363 1944 785 2011 susciperemus.
811 1941 947 2007 Quid
999 1940 1141 1993 enim
1195 1937 1317 1991 boni
1355 1936 1542 2005 jejuuii
1594 1934 1745 1988 nobis
1785 1948 1945 2000 opera

364 2051 479 2090 non
500 2033 762 2089 obvenit?
788 2032 976 2087 Omnia
1009 2030 1404 2099 tranquillitatis
1446 2043 1508 2080 ac
1551 2042 1694 2096 pura:
1739 2025 1943 2079 seri-ni-

364 2127 490 2180 tatis
515 2127 668 2196 plena
688 2133 827 2179 sunt.
855 2123 1043 2177 Nonne
1069 2122 1258 2175 domus
1283 2118 1615 2183 tumultibus,
1644 2118 1949 2171 cursitatio-

362 2220 522 2274 nibus
542 2260 559 2287 ,
582 2218 834 2286 omnique
877 2214 1276 2286 perturbatione
1305 2220 1428 2265 sunt
1468 2208 1750 2263 liberatae?
1779 2207 1946 2273 Quin-

360 2310 525 2365 etiam
553 2318 676 2362 ante
707 2309 848 2376 ipsas
875 2307 1063 2360 domos
1089 2320 1275 2358 eorum
1302 2304 1541 2364 animus,
1567 2302 1653 2370 qui
1682 2299 1947 2369 jrj‘outanl,

364 2403 470 2457 hac
501 2402 683 2472 quiete
722 2400 1041 2469 perfruitur;
1072 2400 1257 2451 civitas
1302 2397 1410 2464 ipsa
1464 2406 1568 2448 leta
1612 2393 1945 2455 modestiam,

362 2512 487 2566 qua:
532 2495 585 2549 in
632 2496 813 2549 animo
856 2510 920 2547 ac
956 2492 1202 2546 domibus
1245 2490 1500 2551 cernitur,
1531 2487 1787 2541 imitatur.
1817 2484 1947 2538 Nam

365 2601 543 2654 neque
586 2585 688 2639 sub
734 2599 1011 2654 vesperam
1065 2581 1253 2636 audire
1301 2589 1555 2634 canentes
1583 2578 1745 2642 licet,
1779 2589 1951 2644 neque

365 2678 599 2732 interdiu
625 2677 1013 2731 tumultuantes
1038 2686 1092 2730 et
1116 2674 1295 2728 ebrios
1317 2713 1331 2735 ,
1358 2688 1463 2725 non
1485 2672 1813 2733 clamantes,
1844 2684 1951 2721 nun

369 2780 673 2840 pugnantes
697 2811 712 2835 ,
744 2768 840 2824 sed
886 2768 1105 2822 multam
1134 2765 1329 2834 ubique
1359 2762 1800 2829 tranquillitatem
1831 2760 1953 2813 licet

363 2876 612 2915 cernere.
645 2859 795 2913 Nunc
819 2868 997 2913 autem
1029 2872 1134 2911 non
1175 2856 1246 2910 ita
1276 2863 1397 2918 est,
1426 2853 1520 2907 sed
1564 2852 1673 2921 jam
1719 2851 1841 2906 inde
1888 2850 1955 2903 ab

367 2962 561 3007 exortu
604 2951 732 3006 solis
772 2951 1036 3005 clamores
1077 2963 1141 3003 ac
1172 2948 1361 3009 turbae,
1389 2960 1681 3014 eoquortnn
1730 2943 1954 2997 corsita-

368 3044 565 3105 tiones,
598 3058 659 3097 ac
687 3043 885 3097 multus
913 3042 963 3094 in
991 3039 1256 3105 domibus,
1281 3039 1476 3092 multus
1502 3039 1553 3091 in
1581 3035 1843 3090 mentibus
1872 3034 1955 3089 fu-

369 3151 516 3203 mus,
543 3134 667 3189 dum
716 3136 858 3187 intus
909 3133 960 3186 in
992 3132 1144 3186 nobis
1193 3129 1589 3188 succenduntur
1617 3128 1867 3191 allectus,
1905 3135 1959 3180 et

370 3231 589 3284 llaunua
644 3228 877 3296 turpium
931 3226 1278 3295 cupiditatum
1335 3240 1366 3278 a
1419 3223 1624 3278 deliciis
1674 3221 1955 3276 excitatur.

373 3323 665 3392 Propterea
692 3319 834 3391 quod
867 3320 1121 3389 praeteriit
1142 3318 1403 3389 jejunium
1436 3316 1767 3387 requiramus
1792 3332 1802 3366 :
1830 3312 1956 3367 illud

372 3413 521 3467 enim
569 3413 681 3467 hare
730 3412 908 3466 oitmia
956 3411 1257 3465 coercebat.
1290 3409 1367 3463 Ac
1391 3408 1517 3462 licet
1560 3407 1794 3460 laborem
1842 3405 1960 3475 ejus

370 3503 769 3560 exeusserimus
788 3544 803 3569 ,
832 3502 948 3571 ejus
973 3511 1147 3555 tamen
1170 3499 1490 3555 desiderium
1520 3514 1623 3551 non
1650 3497 1959 3566 exstingua-

374 3612 520 3659 mtts,
550 3612 721 3666 neque
753 3595 1065 3650 memoriam
1096 3594 1427 3663 deponamus
1460 3608 1473 3644 :
1506 3591 1601 3646 sed
1640 3606 1759 3645 cum
1793 3605 1954 3659 pran-

374 3702 475 3743 sus
496 3697 548 3743 et
577 3687 981 3757 expergefactus
1020 3689 1071 3741 in
1122 3686 1295 3741 fortun
1326 3685 1537 3739 veneris
1557 3726 1572 3751 ,
1605 3684 1855 3752 diemque
1883 3682 1959 3735 vi-

372 3780 526 3834 deris
554 3786 859 3848 vergentem
886 3777 952 3832 ad
975 3793 1249 3847 veSperam
1271 3818 1286 3841 ,
1311 3777 1447 3830 hanc
1476 3777 1745 3845 ingressus
1787 3775 1965 3829 eccle-

377 3869 558 3937 siam,
587 3880 643 3924 et
692 3868 844 3941 juxta
892 3869 1251 3923 sanctuariqu
1304 3867 1441 3921 istud
1487 3865 1962 3935 veniens,jejnnii

378 3965 640 4031 temporis
670 3961 957 4017 recordare
977 4002 990 4025 ,
1017 3976 1124 4031 quo
1167 3960 1519 4014 multitudinis
1552 3960 1761 4028 plenam
1787 3959 1962 4013 eccle-

378 4054 517 4109 siam
544 4052 927 4118 cernebamus,
957 4068 1146 4107 omnes
1184 4062 1364 4107 autent
1412 4051 1659 4105 audiendi
1700 4050 1966 4106 desiderio

377 4144 625 4200 succensi
656 4152 808 4198 erant
828 4185 843 4209 ,
884 4144 1045 4197 multa
1087 4142 1281 4212 ubique
1312 4142 1515 4206 laetitia,
1548 4156 1700 4195 mens
1728 4142 1965 4194 omnium

374 4247 500 4291 erat
528 4246 705 4292 erecta
736 4253 750 4289 :
776 4235 891 4290 lucc
936 4236 1110 4290 onmia
1160 4244 1332 4289 tecum
1363 4244 1647 4304 reputans,
1692 4233 1806 4287 dies
1851 4234 1968 4287 illos

377 4329 645 4397 optabiles
670 4328 972 4383 recordare.
1003 4328 1153 4393 Quod
1183 4330 1226 4381 si
1250 4343 1449 4381 mensa:
1479 4327 1820 4382 accubiturus
1852 4326 1926 4379 sis
1948 4363 1968 4390 ,

379 4436 506 4476 cmn
533 4420 632 4474 hac
653 4418 1020 4475 recordatione
1050 4419 1199 4473 cibos
1230 4416 1477 4485 degusta,
1510 4432 1609 4470 uec
1632 4431 1879 4484 umquam
1912 4415 1964 4469 in

381 4510 698 4565 ebrietatem
756 4510 861 4563 labi
908 4510 1146 4579 poteris;
1180 4507 1273 4562 sed
1320 4508 1456 4561 sicut
1507 4508 1598 4575 qui
1652 4506 1966 4567 honestam,

383 4612 588 4657 castam
613 4611 670 4657 et
709 4602 987 4672 ingenuam
1027 4616 1250 4654 uxorem
1277 4599 1563 4662 duxerint,
1583 4607 1637 4651 et
1662 4597 1777 4666 ejus
1809 4597 1970 4651 vehe-

385 4698 555 4753 menti
600 4711 787 4751 amore
836 4694 943 4749 sint
987 4692 1296 4747 inllammati
1322 4733 1337 4758 ,
1372 4706 1438 4746 ne
1480 4691 1700 4747 absente
1758 4687 1970 4758 quidem

388 4790 519 4854 illa,
577 4787 913 4844 meretricem
968 4794 1023 4841 et
1076 4784 1337 4854 perditam
1394 4782 1669 4835 mulierem
1724 4780 1974 4833 adamare

387 4889 636 4951 possunt,
667 4877 811 4949 quod
841 4876 981 4931 illius
1009 4892 1159 4930 amor
1196 4889 1380 4929 eorum
1427 4881 1657 4927 mentem
1699 4885 1972 4941 prmoecu-

388 4972 622 5044 paverit,
654 4987 754 5028 nec
798 4970 959 5025 alium
1004 4984 1242 5023 amorem
1287 4966 1490 5036 ingredi
1531 4966 1707 5019 sinat:
1734 4964 1811 5017 sic
1836 4971 1891 5015 et
1921 4961 1974 5015 in

383 5063 599 5136 jejunio
638 5063 724 5128 lit,
757 5071 813 5117 et
859 5062 911 5115 in
951 5059 1232 5115 ebrietate.
1267 5058 1410 5128 Ergo
1450 5057 1493 5111 si
1544 5056 1684 5110 illius
1730 5056 1973 5123 ingenua:

384 5167 662 5227 utaturque
683 5153 1085 5211 meminerimus
1105 5192 1120 5219 ,
1148 5152 1413 5221 publicam
1464 5149 1599 5204 hanc
1639 5149 1975 5203 meretricem

386 5249 676 5318 otnnisqne
723 5244 1064 5315 turpitudinis
1098 5252 1342 5303 matrem,
1372 5240 1707 5301 ebrietatem,
1739 5237 1975 5307 inquam,

393 5339 650 5393 facillime
674 5337 1001 5406 repellemus
1026 5375 1041 5401 ,
1066 5332 1193 5388 dum
1223 5345 1375 5385 amor
1392 5330 1579 5399 jejuuii
1608 5326 1978 5382 vehementius

390 5447 554 5499 quam
584 5445 776 5484 manus
802 5429 907 5484 ulla
935 5426 1317 5497 impudentiam
1370 5425 1524 5478 istius
1570 5422 1817 5491 repellet.
1852 5422 1976 5474 Pro-

394 5531 520 5592 pter
566 5523 679 5577 haec
722 5519 901 5576 omnia
940 5519 1055 5573 dies
1103 5517 1259 5581 illos,
1288 5530 1506 5586 quaeso,
1541 5529 1753 5582 semper
1803 5522 1979 5565 mente

396 5630 680 5670 versemus
713 5632 726 5668 :
757 5622 817 5668 ut
854 5622 1033 5667 autem
1071 5610 1341 5682 quidpiam
1384 5624 1481 5677 ego
1511 5622 1722 5677 quoque
1756 5606 1821 5659 ad
1865 5622 1979 5659 me-

398 5707 625 5762 moriam
675 5706 815 5761 illam
866 5704 1161 5771 conferam,
1206 5702 1346 5757 idem
1393 5711 1789 5770 argumentum,
1838 5698 1979 5768 quod

400 5809 634 5855 tractare
662 5806 771 5853 tum
800 5806 1017 5869 paratus
1046 5809 1191 5851 cram
1214 5834 1228 5861 ,
1263 5792 1315 5848 in
1340 5791 1573 5847 medium
1600 5806 1737 5845 nunc
1767 5803 1981 5859 quoque

1692 364 1775 418 DE
1820 363 1999 417 ANNA
2038 364 2265 422 SERMO
2307 367 2344 422 Ι.

3524 383 3627 439 6,35

2052 476 2289 542 proferre
2317 478 2570 545 conabor,
2598 490 2654 534 nt
2698 482 2809 550 ipsa
2836 485 3127 540 similitudo
3154 488 3408 543 doctrinae
3454 507 3627 545 retor-

2050 568 2314 622 (lationem
2337 572 2591 640 temporis
2610 573 2747 627 illius
2767 577 2956 629 excitet
2978 575 3077 647 (α).
3108 577 3211 633 Vos
3234 580 3374 633 enim
3404 580 3629 637 fortasse

2052 675 2190 713 nunc
2216 661 2345 714 estis
2391 664 2566 725 obliti,
2593 680 2689 719 nos
2728 667 2922 720 multos
2973 668 3184 723 interim
3233 685 3510 727 sermones
3558 676 3624 725 de.

2051 750 2170 802 aliis
2238 751 2398 805 rebus
2462 753 2730 809 habuisse.
2792 756 2923 810 Nam
3000 775 3215 814 reverso
3268 778 3296 814 a
3350 764 3630 833 longinqua

2052 842 2138 901 illa
2189 846 2611 915 peregrinatione
2652 859 2801 917 patre
2837 860 3053 913 nostro,
3112 856 3468 907 necessarium
3526 858 3647 909 fmt'

2049 935 2225 987 omnia
2250 951 2690 1003 commemorare,
2718 956 2833 1009 qtae
2858 942 2909 994 in
2938 944 3189 997 comitatu
3216 945 3538 1011 acciderant,
3564 962 3628 999 ac

2049 1024 2244 1078 deinde
2269 1041 2389 1080 cum
2406 1029 2691 1096 gentilibus
2715 1030 3007 1099 disputare,
3034 1042 3089 1086 ut
3121 1034 3218 1088 hos
3245 1036 3290 1088 vi
3314 1036 3629 1090 calamitatis

2050 1116 2113 1167 ad
2146 1116 2420 1173 meliorem
2446 1119 2648 1189 frugem
2677 1135 2973 1188 revocatos,
3003 1129 3091 1194 qtti
3116 1125 3328 1180 deserto
3352 1128 3627 1195 gentilium

2050 1223 2232 1261 errore
2260 1224 2378 1263 sese
2407 1210 2470 1262 ad
2520 1227 2616 1264 nos
2661 1214 3026 1279 contulerant,
3058 1231 3153 1284 pro
3175 1217 3309 1271 virili
3338 1218 3629 1271 conlirma-

2052 1315 2249 1363 remus,
2280 1317 2342 1355 ac
2387 1303 2725 1369 duceremus,
2756 1307 2971 1375 quantis
3016 1308 3249 1361 tenebris
3280 1308 3484 1362 liberati
3517 1350 3531 1373 ,
3562 1309 3627 1360 ad

2053 1401 2251 1444 tantam
2282 1393 2451 1446 lucent
2484 1396 2721 1448 veritatis
2748 1398 3124 1451 accurrissent.
3161 1399 3285 1451 Post
3328 1399 3418 1452 illa
3447 1415 3630 1452 rursus

2052 1485 2232 1539 multis
2260 1486 2447 1539 diebus
2492 1498 2784 1558 martyrum
2835 1489 3207 1545 festivitatibus
3239 1492 3389 1559 petiti
3428 1507 3631 1554 sumus,

2053 1593 2228 1646 neque
2260 1578 2485 1646 tempori
2510 1579 2835 1633 conveniens
2859 1581 3061 1645 fuisset,
3084 1597 3179 1636 nos
3199 1582 3287 1650 qui
3308 1581 3460 1650 juxta
3488 1596 3631 1632 mar-

2054 1679 2229 1740 tyrmn
2288 1672 2531 1739 sepulcra
2591 1687 2949 1736 versaremur,
2978 1689 3163 1727 earum
3222 1673 3469 1738 laudum,
3518 1688 3635 1739 qua:

2052 1763 2372 1832 martyribus
2389 1762 2669 1827 debentur,
2688 1774 2928 1817 exsortes
2947 1764 3244 1820 discedere.
3263 1765 3525 1819 Successit
3552 1764 3637 1815 lzis

2052 1853 2117 1905 ad
2145 1854 2517 1907 abstinendum
2556 1870 2586 1907 a
2620 1855 2940 1923 jurameutis
2969 1855 3265 1909 cohortatio
3298 1872 3311 1907 :
3344 1870 3461 1908 cum
3493 1856 3634 1908 enim

2052 1942 2211 1997 etiam
2256 1945 2573 1997 rusticorum
2600 1946 2864 1997 nationem
2899 1946 2948 1998 in
2985 1946 3167 1998 urbem
3196 1946 3486 2013 ingressam
3517 1958 3637 1996 cer-

2056 2050 2327 2097 neremus,
2364 2034 2460 2087 hos
2492 2037 2584 2088 illo
2628 2036 2916 2090 instructos
2955 2051 2983 2089 a
3017 2037 3171 2090 nobis
3200 2037 3393 2089 viatico
3431 2036 3638 2089 censui-

2056 2140 2173 2178 mus
2202 2125 2567 2178 dimittendos.

2124 2216 2179 2268 ‘2.
2221 2215 2498 2269 Homiliam
2524 2226 2697 2269 contra
2743 2217 2948 2287 gentiles
2980 2217 3200 2270 habitam
3216 2217 3635 2275 resumens,dmts

2056 2310 2331 2379 praesertim
2373 2311 2671 2381 quwstiones
2696 2310 2860 2373 solvit,
2892 2310 3117 2363 videlicet
3140 2326 3272 2379 :quo
3320 2319 3465 2380 pacto
3506 2309 3640 2361 Deus

2056 2402 2280 2456 homines
2320 2402 2572 2469 quondam
2625 2403 2886 2455 instrueret
2910 2416 2929 2465 ,'
2956 2412 3001 2455 et
3043 2418 3229 2473 quare,
3262 2403 3380 2454 diu»
3424 2418 3636 2469 corpora

2056 2493 2274 2548 cwlestia
2299 2494 2442 2563 quasi
2470 2494 2742 2546 inmortali
2761 2495 3025 2563 juventute
3054 2493 3311 2561 fruantur,
3335 2503 3506 2545 nostra
3535 2493 3635 2544 sint

2058 2588 2241 2641 morbis
2274 2599 2318 2641 et
2364 2587 2673 2655 εστι-ιιι)ιίοηὶ
2718 2587 2953 2639 obnoxia.
2981 2614 3053 2623 -—-
3079 2584 3241 2638 Vobis
3281 2585 3492 2653 quidem
3534 2600 3639 2637 tton

2059 2681 2209 2737 laede
2241 2682 2397 2734 fuerit
2422 2681 2833 2748 disputationem
2860 2680 3081 2743 referre,
3114 2695 3269 2747 quam
3304 2687 3410 2731 tum
3439 2680 3631 2732 adver-

2060 2788 2149 2826 sus
2210 2773 2435 2841 gentiles
2485 2771 2853 2824 instituimus:
2888 2786 2988 2839 ego
3042 2786 3170 2823 vero
3222 2785 3435 2837 semper
3463 2770 3515 2820 in
3562 2770 3643 2820 his

2061 2865 2407 2941 exercitatus,
2431 2872 2485 2916 et
2511 2862 2633 2915 huic
2662 2863 2920 2930 palmstra:
2946 2861 3214 2926 addictus,
3245 2861 3391 2913 nullo
3435 2861 3645 2928 neget'u

2066 2958 2245 3026 paucis
2268 2971 2331 3010 ex
2366 2956 2449 3018 iis,
2480 2970 2596 3024 qua:
2626 2965 2735 3007 tum
2765 2954 3018 3018 diximus,
3048 2952 3308 3021 repetitis,
3339 2960 3523 3020 potero
3556 2958 3639 3001 to-

2066 3051 2171 3102 tius
2198 3048 2455 3103 oratiouis
2483 3048 2781 3116 argumenti
2810 3046 2962 3099 vobis
3009 3045 3321 3098 memoriam
3367 3041 3642 3096 rel‘ricare.

2064 3139 2340 3207 Quodnam
2371 3153 2499 3207 ergo
2526 3139 2622 3192 fuit
2643 3137 3065 3207 argumentum?
3113 3135 3493 3201 Quaerebamus
3533 3148 3640 3199 quo

2066 3242 2221 3305 pacto
2251 3234 2387 3287 Deus
2412 3248 2441 3285 a
2476 3231 2733 3300 principio
2756 3231 2937 3299 generi
2979 3229 3210 3282 humano
3234 3226 3552 3297 provideret,
3583 3235 3637 3276 et

2066 3340 2172 3394 quo
2200 3332 2354 3393 pacto
2380 3337 2499 3392 quae
2529 3321 2675 3375 utilia
2705 3319 2879 3373 forent
2905 3320 3142 3383 doceret,
3167 3332 3286 3370 cum
3337 3316 3494 3369 nulla:
3538 3330 3641 3366 ex—

2065 3427 2269 3473 starent
2324 3418 2516 3482 litera),
2570 3430 2741 3483 neque
2782 3413 3072 3481 Scriptura:
3119 3411 3257 3463 data:
3302 3416 3483 3462 essent
3532 3423 3545 3457 :
3590 3416 3645 3458 et

2067 3512 2398 3567 ostendimus
2432 3525 2527 3579 per
2550 3506 3051 3576 contemplationem
3098 3510 3463 3559 creaturarum
3507 3499 3636 3552 illud

2066 3603 2131 3656 ad
2158 3603 2249 3657 Dei
2273 3600 2628 3671 cognitionem
2656 3613 2777 3654 esse
2799 3597 3082 3652 deductum
3114 3612 3126 3647 :
3155 3607 3259 3663 quo
3291 3601 3528 3660 tempore
3552 3605 3646 3642 vos

2070 3710 2174 3748 non
2201 3709 2357 3747 manu
2386 3691 2712 3761 prehensus,
2746 3699 2800 3743 at
2841 3696 3018 3742 mente
3048 3701 3143 3754 per
3166 3684 3465 3738 universam
3493 3695 3643 3735 crea-

2071 3794 2242 3838 turam
2274 3781 2603 3837 circumduxi
2625 3822 2639 3844 ,
2663 3780 2851 3834 cadum
2879 3776 3190 3843 ostendens,
3217 3784 3433 3839 terram,
3466 3787 3609 3825 mare
3636 3812 3651 3833 ,

2071 3875 2239 3940 lacus,
2269 3874 2462 3939 fontes,
2496 3872 2705 3937 lluvios,
2728 3884 2941 3938 :equora
2969 3870 3248 3930 immensa,
3274 3874 3442 3934 prata,
3467 3878 3649 3933 poma-

2072 3965 2169 4029 ria,
2198 3965 2450 4017 llorentes
2480 3972 2709 4033 segetes,
2739 3959 2999 4015 fructibus
3027 3965 3247 4013 onustas
3272 3957 3521 4018 arbores,
3553 3954 3651 4005 ob-

2074 4066 2210 4109 tecta
2251 4054 2560 4108 nemoribus
2610 4052 2871 4105 montium
2911 4049 3182 4103 culmina:
3216 4057 3324 4100 tum
3347 4059 3558 4114 quoque
3588 4043 3654 4095 dc

2071 4147 2363 4202 seminibus
2386 4187 2402 4211 ,
2434 4145 2502 4200 de
2532 4143 2789 4205 oleribus,
2815 4141 2882 4195 de
2928 4138 3170 4202 ﬂoribus,
3201 4138 3268 4192 de
3313 4136 3504 4205 plantis
3547 4146 3652 4188 tam

2074 4240 2362 4294 fructuosis
2414 4253 2573 4307 quam
2628 4233 2998 4296 iul‘ructuosis,
3031 4231 3098 4285 de
3154 4230 3344 4285 bestiis
3391 4227 3658 4282 cicuribus

2075 4332 2232 4385 simul
2262 4340 2317 4384 et
2345 4328 2643 4399 agrestibus
2664 4368 2680 4393 ,
2711 4325 3029 4395 aquatilibus
3054 4333 3109 4376 et
3152 4321 3511 4380 terrestribus,
3535 4334 3654 4387 quze

2075 4422 2334 4491 ancipites
2377 4420 2428 4474 in
2467 4429 2689 4487 utraque
2717 4418 2847 4471 sede
2888 4417 3106 4479 vivunt,
3138 4412 3206 4467 de
3237 4412 3299 4466 iis
3326 4427 3444 4480 qua:
3469 4425 3647 4462 aerem

2079 4516 2267 4583 pennis
2320 4523 2543 4577 secant,
2576 4512 2643 4565 de
2690 4510 2796 4564 illis
2845 4524 2963 4576 qua:
3014 4507 3161 4560 humi
3207 4515 3430 4574 repunt,
3483 4503 3657 4570 deque

2081 4607 2210 4674 ipsis
2235 4604 2419 4658 mundi
2446 4602 2729 4657 elementis
2757 4600 2920 4653 nutlta
2952 4596 3224 4661 disserui,
3253 4605 3305 4650 et
3338 4594 3390 4648 in
3433 4593 3655 4662 singulis

2080 4712 2181 4749 una
2200 4711 2329 4751 voce
2343 4692 2929 4748 simulacclamabamus
2946 4703 3155 4753 omnes,
3175 4702 3297 4740 cum
3312 4700 3462 4739 mens
3479 4692 3660 4743 nostra

2081 4798 2159 4841 tot
2185 4788 2472 4840 immensas
2489 4800 2617 4853 opes
2640 4797 2833 4852 capere
2856 4796 2960 4834 non
2992 4788 3174 4849 posset
3197 4797 3211 4832 ι
3244 4779 3409 4846 Quam
3437 4776 3664 4846 magnifi-

2079 4891 2192 4932 cata
2215 4887 2329 4932 sunt
2348 4893 2501 4947 opera
2523 4885 2628 4929 tua.
2664 4872 2913 4925 Domine!
2938 4870 3107 4925 omnia
3135 4871 3187 4923 in
3217 4869 3463 4938 sapientia
3487 4868 3647 4936 fecisti

2082 4970 2254 5040 (Paul.
2285 4970 2376 5025 9i.
2406 4968 2486 5039 6).
2517 4967 2698 5035 Neque
2726 4981 2849 5018 vero
2882 4974 3100 5034 propter
3126 4961 3515 5016 multitudinem
3545 4967 3666 5011 tan-

2086 5072 2193 5115 tum
2226 5061 2317 5115 Dei
2342 5057 2660 5129 sapientiam
2690 5054 3034 5118 mirabamur,
3061 5053 3154 5107 sed
3191 5059 3244 5105 et
3282 5058 3496 5120 propter
3522 5056 3666 5099 utra-

2082 5170 2187 5224 que
2210 5154 2323 5207 ltmc
2348 5152 2473 5217 duo,
2497 5149 2637 5220 quod
2661 5156 2715 5203 et
2741 5146 3016 5217 pulchram
3054 5153 3109 5197 et
3135 5156 3379 5211 magnam
3406 5147 3459 5192 et
3487 5137 3659 5190 admi-

2086 5247 2309 5301 rabilem
2340 5244 2638 5299 condiderit
2663 5250 2981 5304 creaturam,
3022 5243 3076 5290 et
3113 5233 3253 5303 quod
3300 5232 3459 5285 multa
3493 5230 3663 5282 imbe-

2084 5339 2322 5393 cillitatis
2352 5337 2466 5405 ejus
2505 5334 2696 5390 indicia
2728 5331 2886 5385 rebus
2914 5341 3031 5397 qua:
3065 5332 3357 5379 cernuntur
3391 5318 3662 5382 iudiderit,

2087 5440 2196 5485 tum
2218 5439 2277 5485 ut
2298 5429 2366 5482 ob
2390 5425 2702 5496 sapientiam
2722 5420 2981 5483 laudetur,
3010 5426 3169 5487 atque
3194 5415 3259 5469 ad
3282 5413 3481 5468 cultum
3506 5425 3660 5463 suum

2083 5539 2177 5578 eos
2218 5522 2309 5591 qui
2351 5527 2579 5572 cernunt
2614 5513 2843 5574 alliciat;
2878 5519 2986 5563 tum
3017 5524 3087 5562 ne
3124 5507 3377 5561 Creatore
3420 5501 3663 5563 dimisso,

2086 5616 2172 5685 qui
2205 5610 2647 5685 pulchritudinem
2678 5621 2739 5659 ac
2768 5600 3185 5672 magnitudinem
3218 5599 3427 5654 illarqu
3454 5595 3660 5648 intuen-

2149 5727 2221 5790 (a)
2250 5725 2381 5781 llaec,
2400 5735 2515 5790 qua:-
2525 5720 2583 5770 ad
2605 5715 2981 5790 hujushomilize
2995 5712 3174 5790 habitae
3191 5718 3384 5773 tempus
3397 5707 3664 5772 pertinent.

2088 5780 2309 5856 pluribus
2331 5780 2626 5837 eiebssimus
2650 5780 2698 5831 in
2725 5780 2895 5829 monito
2918 5788 3076 5839 supra.
