3964 6416
409 318 516 375 635

412 443 519 495 tur,
546 445 642 500 pr.)
666 411 755 483 illo
782 445 867 482 res
893 428 1060 484 oculis
1081 427 1345 497 subjectus
1374 427 1618 492 adorcn',
1648 442 1768 479 cum
1793 441 1854 480 ea
1878 440 1999 496 qua:

412 526 465 577 in
500 525 602 578 illis
631 531 853 595 apparet
885 521 1241 586 imbecillitas,
1271 521 1533 590 ejusmodi
1575 521 1842 591 corrigere
1872 534 1998 590 pos.

410 618 481 671 sit
510 631 772 671 errorem.
816 615 943 669 Item
984 629 1090 683 quo
1130 623 1285 684 pacto
1315 624 1557 668 creatura
1588 613 1764 669 onmis
1804 627 1999 667 corru-

410 707 580 778 ptioni
607 716 688 762 est
716 705 966 774 obnoxia,
997 713 1048 763 et
1080 703 1146 760 ad
1174 704 1448 761 meliorem
1488 704 1723 777 Speciem
1768 701 1999 759 transfe-

414 809 581 861 retur,
614 796 799 870 majori
828 799 997 871 gloria
1027 796 1354 870 perfruetur,
1386 806 1440 855 et
1466 797 1700 870 quando,
1729 806 1785 852 et
1811 811 1997 871 quare,

411 902 462 944 et
491 905 585 944 cur
612 889 842 943 olmexia
869 890 1201 962 corruptioni
1224 891 1289 947 sit
1316 888 1479 958 edita,
1500 899 1662 958 alque
1685 888 1800 943 haec.
1820 872 2000 945 omnia

415 990 525 1035 tum
566 980 707 1051 apud
750 995 846 1036 vos
889 979 1417 1050 philosophabamur.
1466 981 1666 1051 Deique
1709 980 1999 1049 potentiam

414 1070 540 1126 inde
576 1071 1099 1141 demonstrabamus,
1131 1073 1273 1145 quod
1313 1073 1363 1130 in
1416 1072 1852 1143 corruptibilibus
1880 1087 2003 1129 cor-

412 1163 632 1232 poribus
661 1172 862 1219 tantam
893 1163 1193 1222 condiderit
1234 1163 1703 1234 pulchritudinem,
1744 1178 1902 1236 quam
1947 1169 2004 1219 et

414 1271 445 1308 a
503 1255 762 1325 principio
791 1253 930 1311 Deus
956 1256 1059 1311 illis
1084 1254 1345 1320 attribuit,
1375 1254 1633 1318 siderum,
1675 1254 1790 1309 cali
1829 1261 1883 1309 ct
1907 1268 2003 1309 so-

411 1344 497 1401 lis.
523 1345 660 1401 Vere
689 1360 916 1415 namque
936 1346 1116 1403 mirari
1147 1360 1454 1417 possumus,
1484 1360 1590 1416 qua
1618 1344 1847 1407 ratione.
1876 1358 1999 1401 cum

412 1443 492 1490 tot
513 1435 639 1490 anni
667 1436 778 1491 sint
804 1436 992 1508 elapsi,
1025 1436 1154 1493 nihil
1183 1437 1288 1495 tale
1315 1438 1424 1494 sint
1444 1451 1618 1507 passa,
1642 1437 1798 1507 quale
1820 1446 2002 1491 nostra

412 1540 642 1597 corpora
689 1525 983 1596 patiuntur,
1022 1542 1197 1596 neque
1239 1534 1516 1585 senectute
1558 1515 1764 1583 reddit'a
1810 1526 2005 1584 fuerint

426 1616 791 1683 imbecilliora,
835 1633 1010 1689 neque
1041 1618 1228 1673 morbo
1255 1619 1339 1672 vel
1369 1617 1680 1689 :rgritudine
1706 1618 1878 1687 aliqua
1904 1617 2006 1673 dc-

412 1706 619 1763 bilitata
648 1708 775 1774 sint,
809 1708 901 1763 sed
930 1708 1034 1765 vim
1058 1724 1124 1765 ac
1146 1708 1591 1780 pulchritudinem
1616 1724 1799 1772 suam,
1819 1723 2001 1780 quam,

415 1809 474 1853 ut
495 1807 618 1855 ante
643 1799 773 1866 dixi,
804 1801 941 1858 Deus
971 1801 1075 1857 illis
1100 1801 1436 1869 attribuerat,
1465 1816 1752 1870 perennem
1782 1815 1925 1855 cons.
1946 1815 2006 1856 r-

413 1897 561 1955 vent,
590 1899 645 1945 et
666 1905 838 1962 neque
857 1890 987 1946 solis
1013 1900 1389 1963 consumptum
1410 1891 1482 1948 sit
1504 1890 1705 1955 lumen,
1737 1906 1910 1962 neque
1932 1889 2006 1947 si-

410 1981 599 2038 derum
621 1982 875 2053 splendor
894 1985 1234 2052 obscuratus,
1260 1999 1433 2053 neque
1452 1984 1568 2039 czeli
1589 1983 1762 2053 fulgor
1782 1982 2006 2039 efﬂuxe-

415 2074 507 2140 rit,
538 2089 644 2128 non
675 2074 839 2129 maris
868 2076 1081 2130 termini
1108 2076 1226 2130 loco
1255 2076 1382 2130 moti
1412 2075 1537 2134 sint.
1573 2092 1676 2129 ιιιιιι
1710 2084 1865 2131 terra:
1893 2073 2003 2129 vir-

416 2174 505 2220 tus
533 2164 600 2222 ad
628 2174 813 2237 partus
836 2181 1044 2225 mrtuos
1071 2166 1335 2225 fructuum
1364 2165 1602 2224 edendos
1628 2167 1888 2222 exstincta
1913 2163 2003 2218 sit.

422 2257 548 2314 Haec
575 2267 754 2315 autem
786 2259 966 2317 omnia
1009 2260 1337 2329 corruptioni
1364 2274 1485 2316 esse
1510 2258 1740 2313 obnoxia
1775 2273 1895 2314 cum
1938 2273 2003 2315 ex

416 2350 733 2416 rationibus,
772 2362 881 2408 tum
922 2367 988 2409 ex
1026 2351 1196 2410 sacris
1229 2351 1426 2410 Literis
1451 2350 1940 2407 demonstravimus
1986 2367 2001 2403 :

416 2440 637 2510 pulchra
668 2457 796 2499 vero
825 2442 910 2500 illa
937 2456 1058 2501 esse
1095 2457 1159 2502 ac
1186 2443 1465 2515 splendida
1500 2456 1761 2512 suumque
1789 2456 2007 2511 semper

412 2534 678 2604 integrum
727 2534 962 2607 vigorem
1003 2549 1292 2590 conservas
1321 2549 1380 2599 e,
1430 2534 1772 2607 quotidianus
1817 2548 2004 2588 eorum

411 2626 503 2695 qui
529 2634 756 2681 cermmt
785 2634 1011 2683 testatur
1033 2635 1304 2698 aspectus,
1334 2625 1387 2681 in
1433 2639 1540 2694 quo
1583 2625 1811 2678 maxime
1837 2623 2011 2679 admi-

416 2717 614 2773 randus
643 2727 723 2772 est
755 2718 914 2783 Dens,
958 2719 1048 2791 qui
1091 2718 1170 2775 sic
1207 2732 1270 2772 ea
1308 2717 1376 2772 ab
1416 2716 1568 2772 initio
1601 2714 1860 2771 condidit.
1899 2714 2007 2771 Sed

415 2811 692 2878 quoniam,
730 2810 858 2867 dum
896 2811 1011 2867 lucc
1037 2826 1066 2864 a
1108 2811 1262 2868 nobis
1299 2810 1481 2867 dicere
1520 2817 1628 2872 tur.
1670 2809 2010 2879 refragabax;-

420 2910 510 2956 tnr
537 2901 775 2957 nonnulli
802 2901 1042 2961 dicentes
1074 2919 1087 2957 :
1117 2902 1278 2973 Igitur
1315 2903 1552 2959 omnium
1582 2917 1700 2971 qum
1723 2901 1823 2957 sub
1850 2916 2007 2971 aspco

327 3029 335 3035 .
418 3002 562 3048 ctum
586 2991 801 3060 cadunt,
825 2992 1140 3049 vilissimum
1163 3000 1247 3047 est
1269 2992 1449 3059 homo,
1471 2992 1731 3062 siquidem
1753 2992 1868 3046 ca-li
1890 3006 2011 3049 cor-

422 3100 544 3155 pus,
575 3094 752 3150 terrus,
783 3085 935 3150 solis.
963 3095 1020 3142 et
1043 3086 1281 3144 omnium
1312 3086 1543 3141 siderum
1590 3094 1737 3141 lauto
1772 3097 2010 3158 tempore

419 3173 650 3240 duravit,
687 3176 772 3233 hic
810 3190 939 3235 vero
969 3186 1089 3247 post
1121 3190 1292 3233 annos
1321 3177 1657 3248 septuaginta
1699 3175 2010 3232 dissolvitur

420 3274 581 3341 atque
613 3267 795 3327 interit
826 3286 840 3324 :
872 3270 1101 3339 primum
1138 3268 1352 3339 quidem
1378 3268 1508 3326 illud
1537 3268 1857 3335 dixerimus,
1898 3283 2009 3322 non

418 3367 589 3415 totum
619 3359 815 3417 animal
846 3360 1087 3426 dissolvi,
1132 3362 1226 3421 sed
1263 3361 1582 3431 prmcipuam
1614 3360 1887 3433 magisque
1916 3375 2012 3415 ne-

416 3452 705 3512 canarium
730 3463 933 3526 partem
962 3465 1221 3527 perpetuo
1251 3469 1490 3524 manere,
1522 3456 1753 3511 animam
1784 3456 2009 3513 immor-

420 3542 604 3608 talem,
635 3558 754 3612 quae
778 3543 940 3602 nullis
969 3544 1231 3614 ejusmodi
1276 3544 1476 3599 morbis
1506 3555 1588 3605 est
1616 3544 1861 3609 obnoxia,
1906 3543 2011 3599 mi-

421 3648 606 3689 norem
637 3642 813 3691 autem
834 3635 1161 3704 corruptioni
1188 3651 1309 3694 esse
1328 3636 1614 3693 obnoxiam
1644 3653 1657 3694 ;
1691 3635 1885 3692 deinde
1909 3635 2009 3691 hoc

422 3724 594 3793 ipsum
643 3723 900 3796 majorem
948 3726 1144 3784 cedere
1189 3726 1343 3784 nobis
1395 3729 1447 3783 in
1500 3726 1780 3786 honorem.
1828 3727 2012 3799 Neque

422 3816 564 3873 enim
595 3825 816 3881 temere,
853 3818 938 3874 vel
979 3819 1095 3877 sine
1133 3834 1315 3886 causa,
1351 3819 1443 3878 sed
1488 3831 1544 3879 et
1578 3819 1723 3889 juste
1760 3830 1919 3893 atque
1957 3822 2009 3875 in

422 3922 533 3964 rem
559 3918 796 3967 nostram
825 3917 879 3968 et
912 3919 1242 3969 senectutem
1273 3921 1328 3966 et
1368 3912 1584 3969 morbos
1613 3912 1938 3970 sustinemus
1980 3929 1998 3970 :

423 3997 560 4063 iuste
587 4000 823 4072 quidem,
851 4001 991 4073 quod
1024 4003 1075 4059 in
1124 4012 1400 4074 peccatum
1437 4003 1572 4074 lapsi
1610 4002 1863 4063 fuerimus
1894 4021 1908 4058 :
1958 4005 2009 4058 in

424 4104 537 4143 rem
568 4100 803 4147 nostram
829 4103 1029 4159 autem,
1059 4102 1117 4149 ut
1155 4093 1443 4164 ingenitam
1491 4094 1645 4149 nobis
1688 4110 1753 4150 ex
1803 4095 2011 4167 ignavia

415 4173 728 4254 Superbiam
756 4182 978 4257 peritos
1021 4183 1262 4241 defectus
1287 4201 1353 4242 ac
1387 4187 1605 4243 morbos
1644 4186 2010 4243 retundamus.

421 4270 539 4328 Non
586 4273 746 4345 igitur
796 4283 853 4332 ut
903 4275 1224 4331 contumelia
1277 4291 1378 4331 nos
1429 4274 1700 4343 alliceret,
1754 4275 1857 4335 hoc
1899 4277 2013 4332 ﬁeri

421 4366 673 4434 permisit
710 4366 873 4426 Deus.
920 4367 975 4422 Si
1020 4369 1162 4426 enim
1203 4367 1418 4427 afﬁcere
1456 4369 1776 4427 contmnelia
1818 4370 2016 4427 voluis-

424 4468 528 4526 set,
569 4475 674 4514 non
706 4460 1063 4519 immortalem
1092 4476 1213 4519 esse
1239 4459 1472 4520 animam
1504 4470 1739 4520 nostram
1778 4462 2013 4519 sivisset.

424 4547 531 4606 Sed
563 4566 758 4624 neque,
787 4551 931 4623 quod
973 4553 1239 4636 impotens
1268 4561 1432 4620 esset,
1476 4536 1581 4610 Iade
1619 4564 1860 4611 nostrum
1890 4568 2014 4610 cor-

424 4654 526 4711 pus
566 4641 767 4701 eﬂ'ecit.
807 4642 1018 4703 Etenim
1059 4645 1104 4702 si
1147 4644 1424 4701 imbecillis
1468 4653 1634 4714 esset,
1685 4659 2014 4721 nequaquam

422 4730 619 4787 caelum
649 4741 705 4790 et
730 4732 928 4807 sidera,
955 4744 1011 4791 et
1035 4746 1193 4794 terra:
1218 4751 1413 4809 corpus
1444 4746 1591 4793 tanto
1610 4748 1855 4810 tempore
1879 4737 2015 4793 tueri

425 4820 483 4874 in
516 4835 701 4877 rerum
743 4831 929 4881 natura
958 4824 1217 4895 potuisset
1250 4843 1263 4881 :
1290 4825 1384 4882 sed
1414 4835 1470 4880 ut
1492 4841 1592 4883 nos
1616 4827 1867 4886 meliores
1894 4844 2015 4884 mo-

424 4910 834 4983 deratioresque
879 4912 1130 4971 redderet
1170 4915 1379 4985 sibique
1421 4917 1591 4989 magis
1639 4917 2015 4991 obsequentes,

423 5003 577 5078 quod
601 5005 777 5062 omnis
809 5004 964 5062 nobis
1010 5005 1196 5063 salutis
1228 5009 1564 5065 occasionem
1603 5009 1845 5082 largitur.
1892 5009 2020 5063 Pro-

424 5108 612 5169 pterea
641 5114 747 5156 non
775 5098 983 5167 effecit,
1006 5109 1064 5154 ut
1096 5109 1191 5155 aut
1223 5110 1499 5159 senectute
1537 5104 1753 5167 ctelum,
1780 5114 1866 5158 aut
1899 5103 2020 5160 aliis

427 5188 750 5257 quibusdam
798 5188 999 5249 talibus
1042 5189 1242 5247 morbis
1285 5190 1665 5259 corriperetnr.
1710 5191 1844 5249 Cum
1873 5191 2018 5248 enim

429 5281 602 5336 libero
639 5281 860 5339 arbitrio
896 5283 969 5339 sit
1008 5292 1061 5341 et
1099 5283 1276 5340 anima
1305 5281 1641 5348 destitutum,
1681 5299 1854 5353 neque
1890 5299 2022 5354 pec-

429 5387 580 5435 care.
602 5387 776 5445 neque
798 5384 947 5431 recte
968 5389 1132 5449 agere
1156 5382 1369 5445 potest:
1402 5374 1542 5433 unde
1563 5390 1734 5445 neque
1758 5376 2019 5444 ejusmodi

431 5461 813 5522 emendatione
840 5464 915 5521 illi
946 5473 1029 5523 est
1063 5480 1200 5539 opus
1236 5483 1250 5520 :
1281 5465 1438 5525 nobis
1474 5476 1650 5525 autem
1685 5467 1775 5536 ιιιιί
1816 5467 2023 5525 ratioue

432 5566 620 5608 annuus
660 5561 717 5610 et
749 5553 928 5609 anima
957 5554 1222 5623 exornati,
1264 5557 1623 5615 necessarium
1661 5554 1778 5617 l‘uit.
1824 5565 1881 5611 ut
1926 5572 2022 5626 per

436 5642 535 5697 has
562 5642 898 5705 inﬁrmitates
925 5647 1245 5718 morbosque
1269 5648 1533 5707 modestia
1564 5659 1613 5702 et
1648 5647 1916 5705 lmmilitas
1942 5648 2022 5701 in-

437 5744 805 5804 generaretur,
833 5736 1260 5807 quandoquidem
1293 5753 1324 5792 a
1362 5739 1620 5811 principio
1661 5754 1769 5810 prie
1812 5738 2022 5799 lZL‘lt‘fiS

1145 314 1203 368 S.
1242 314 1519 371 JO.\NN|S
1541 310 2015 368 CIIRYSOSTOMI
2059 311 2371 368 AllClllEl‘.
2412 312 2944 370 CONSTANTINOI‘.

3582 315 3691 372 σει

2107 428 2359 480 omnibus
2404 427 2609 497 primus
2649 427 2811 485 homo
2839 429 2997 483 fuerit
3042 428 3094 484 in
3144 430 3449 504 superbiam
3497 431 3697 489 elatus.

2109 519 2359 591 Alioquin
2390 520 2433 575 si
2460 520 2909 592 quemadmodum
2942 532 3123 577 nostra
3147 538 3402 598 corpora,
3425 525 3509 585 sic
3529 532 3699 579 etiam

2105 608 2293 665 ca-lum
2338 611 2684 667 constitutum
2734 612 2921 670 fuisset
2962 628 3028 669 ac
3068 618 3332 671 senectuzi
3376 617 3701 676 obnoxium,

2106 701 2256 756 multi
2291 701 2634 759 Conditorem
2677 703 3059 761 imbecillitatis
3100 714 3464 770 accusassan
3506 715 3566 761 ut
3607 708 3704 775 ιιιιί

2106 792 2326 849 minime
2354 804 2533 862 posset
2559 810 2723 853 unum
2749 811 2947 868 corpus
2986 798 3039 852 ia
3076 798 3271 853 milites
3296 813 3561 853 annorum
3595 800 3708 857 eir-

2106 885 2281 941 enitus
2319 900 2642 943 conservare
2681 904 2694 939 :
2732 886 2843 960 jam
2884 903 3012 943 vero
3043 889 3261 959 ιιι-ποίει
3306 898 3392 945 est
3435 891 3539 946 illis
3583 891 3709 945 haec

2107 978 2352 1044 occas‘o,
2406 990 2529 1032 cum
2578 985 2727 1032 lauto
2777 986 3017 1048 tempore
3057 994 3218 1048 opera
3272 979 3440 1051 ipsius
3480 996 3712 1052 perma—

2109 1076 2290 1127 ueanl.

2180 1160 2236 1217 3.
2276 1159 2493 1220 Accedit
2517 1159 2582 1218 ad
2608 1174 2672 1217 ea
2696 1175 2816 1231 qtue
2838 1160 3092 1227 diximus,
3114 1162 3255 1232 quod
3285 1178 3391 1221 non
3420 1163 3560 1218 intra
3598 1163 3709 1219 huc

2106 1249 2362 1307 smculnm
2389 1265 2477 1309 res
2498 1261 2696 1309 nostra:
2721 1251 3038 1322 subsistunt,
3072 1253 3166 1311 sed
3201 1264 3481 1325 postquam
3509 1256 3563 1309 in
3601 1256 3711 1311 hac

2109 1342 2212 1396 vita
2253 1341 2416 1412 probe
2454 1340 2715 1401 fuerimus
2748 1342 3018 1414 castigati,
3050 1343 3240 1413 majori
3260 1358 3485 1414 corpora
3513 1355 3707 1401 nostra

2108 1448 2230 1492 cum
2261 1434 2428 1505 gloria
2457 1443 2760 1504 resurgent,
2785 1443 2841 1491 et
2868 1435 3024 1503 caelo,
3050 1436 3167 1491 sole
3190 1450 3254 1493 ac
3286 1437 3497 1495 ceteris
3517 1437 3711 1495 omni-

2109 1527 2207 1581 bus
2233 1526 2592 1595 splendidiora
2621 1537 2931 1595 cernentur,
2976 1536 3032 1583 et
3072 1527 3139 1584 ad
3180 1529 3456 1585 meliorem
3494 1539 3706 1585 sortem

2107 1617 2576 1688 conditionemqne
2615 1619 3024 1678 transferentur.
3055 1618 3206 1677 Unus
3241 1635 3372 1691 ergo
3400 1621 3596 1681 modus
3617 1634 3707 1679 est

2108 1709 2427 1779 cognitionis
2453 1709 2584 1776 Dei,
2616 1725 2712 1781 per
2747 1711 3048 1769 universam
3078 1727 3273 1784 nempe
3317 1728 3497 1773 rerum
3540 1724 3708 1773 natu-

2110 1815 2268 1856 ram:
2308 1801 2444 1859 alter
2480 1817 2610 1856 vero
2648 1802 2818 1859 nihilo
2864 1802 3058 1864 minor,
3107 1803 3152 1859 is
3195 1818 3353 1872 quem
3395 1806 3708 1874 suppeditat

2108 1890 2457 1957 conscientia,
2489 1907 2646 1964 quem
2688 1893 2859 1963 ipsum
2893 1901 3018 1949 tunc
3044 1893 3286 1962 pluribus
3314 1895 3492 1953 verbis
3530 1913 3701 1967 expo-

2109 1983 2346 2046 suimus,
2383 1983 2647 2054 simulque
2685 1985 3020 2041 ostendimus
3058 1985 3271 2041 insitam
3308 2001 3430 2044 esse
3472 1989 3630 2047 nobis
3671 2006 3702 2044 a

2108 2084 2297 2131 natura
2328 2076 2583 2131 bonarum
2611 2077 2977 2147 malarumque
3005 2093 3183 2135 rerum
3213 2079 3600 2149 cognitionem,
3649 2093 3706 2138 et

2109 2168 2490 2224 cotiscientiam
2524 2169 2678 2224 nobis
2716 2168 2941 2227 interius
2964 2168 3081 2224 h:cc
3115 2181 3304 2228 ettticta
3332 2169 3558 2229 dictare.
3592 2173 3669 2227 Du
3690 2195 3705 2221 ι

2109 2259 2305 2329 quippe
2331 2259 2485 2316 nobis
2511 2274 2541 2316 a
2565 2260 2825 2331 principio
2848 2260 2954 2315 dati
2980 2268 3100 2316 sunt
3140 2277 3168 2313 a
3201 2269 3391 2317 natura
3430 2261 3702 2326 doctores.

2109 2359 2375 2416 creatura,
2405 2358 2460 2408 et
2486 2350 2832 2415 conscientia,
2859 2350 2949 2422 qui
2975 2350 3092 2406 sine
3133 2365 3264 2406 voce
3304 2350 3413 2406 nlla
3453 2352 3703 2410 homines

2110 2443 2478 2499 instituebant.
2508 2441 2639 2497 Nam
2666 2452 2721 2499 et
2748 2452 2991 2500 creatura
3030 2453 3322 2514 conspectu
3349 2458 3450 2501 suo
3490 2456 3701 2514 specta-

2112 2544 2281 2591 torem
2306 2533 2756 2605 obstupefacicns,
2785 2534 2933 2590 illum
2953 2542 3143 2591 cuncta
3162 2545 3474 2593 cernentem
3497 2536 3563 2593 ad
3587 2536 3702 2607 ejus

2107 2624 2201 2696 qui
2233 2625 2400 2696 ipsam
2427 2624 2668 2683 condidit
2690 2622 3095 2683 admirationem
3119 2625 3350 2681 traducit
3377 2643 3392 2681 :
3422 2629 3703 2685 consciun-

2112 2717 2184 2771 tia
2223 2731 2370 2783 vero,
2409 2732 2529 2788 qua:
2557 2718 2699 2773 intus
2730 2716 2917 2783 dictat,
2950 2717 3130 2775 omnia
3154 2732 3275 2787 qua
3311 2716 3554 2775 facienda
3582 2728 3701 2774 sunt
3765 2774 3777 2785 ,

2109 2808 2365 2878 suggerit,
2405 2807 2629 2880 ejusque
2665 2807 2732 2864 vit
2748 2817 2915 2865 tatem
2954 2816 3012 2867 et
3036 2806 3297 2878 judicium
3341 2823 3409 2866 es
3456 2808 3580 2879 ipso
3616 2825 3698 2864 re-

2113 2916 2230 2957 rum
2267 2909 2485 2969 aspectu
2514 2899 2985 2971 deprehendimus.
3019 2898 3153 2957 Dum
3177 2900 3320 2956 enim
3344 2900 3494 2957 intus
3522 2915 3703 2970 pecca-

2114 3003 2223 3052 tum
2264 3003 2501 3059 accusat,
2542 2994 2744 3049 vultum
2793 2991 3071 3049 confundit
3113 2994 3377 3058 exterius,
3426 3007 3493 3046 ac
3541 2994 3702 3050 multo

2111 3100 2345 3141 mterore
2368 3085 2621 3155 complet.
2650 3083 2859 3141 Rursus
2899 3082 3128 3157 pallidos
3156 3081 3333 3139 reddit
3376 3092 3430 3137 et
3462 3083 3699 3154 pavidus,

2110 3192 2232 3235 cum
2266 3176 2318 3231 in
2363 3191 2424 3231 re
2446 3175 2622 3250 aliqua
2651 3175 2791 3244 turpi
2830 3173 3093 3233 fuerimus
3120 3172 3475 3245 deprehensi;
3522 3190 3700 3228 VOCO'III

2113 3282 2219 3323 non
2249 3267 2517 3331 audimus,
2545 3266 2639 3323 sed
2667 3282 2761 3339 per
2787 3275 3075 3323 externum
3109 3276 3387 3334 aspectum
3421 3266 3699 3340 ingenera-

2114 3366 2223 3415 tam
2252 3357 2395 3413 intus
2415 3357 2832 3431 indignationem
2860 3356 3307 3427 contemplemur.
3336 3355 3472 3412 Cum
3502 3356 3584 3413 bis
3608 3373 3699 3416 au-

2115 3458 2223 3509 tem
2248 3448 2455 3505 duobus
2478 3447 2691 3505 tertium
2713 3461 2926 3521 quoque
2949 3446 3226 3506 doctorem
3247 3462 3278 3501 a
3309 3447 3404 3505 Dei
3424 3448 3703 3518 providen-

2116 3540 2186 3598 tia
2217 3539 2379 3603 fuisse
2419 3539 2728 3608 adjunctum
2774 3539 2948 3595 oratio
2988 3537 3414 3604 demonstrabat,
3464 3554 3570 3593 non
3595 3538 3701 3611 jam

2112 3642 2320 3693 mutum
2362 3641 2421 3690 ut
2465 3632 2689 3707 priores,
2731 3629 2827 3689 sed
2865 3630 2953 3704 qui
2995 3644 3270 3698 sermone,
3314 3629 3700 3696 admonitione,

2113 3723 2340 3782 censilio
2363 3723 2598 3780 animum
2630 3731 2869 3779 nostrum
2890 3716 3255 3793 componeret.
3269 3719 3402 3789 Quis
3428 3720 3518 3774 ille
3550 3736 3703 3791 porro

2114 3816 2235 3873 est?
2262 3813 2363 3883 Qui
2386 3813 2675 3872 attributus
2697 3822 2779 3871 est
2808 3811 3092 3887 unicuique
3111 3814 3352 3871 nascenti
3385 3823 3557 3882 pater.
3587 3811 3704 3867 Ideo

2112 3925 2344 3981 namque
2373 3909 2496 3968 fecit
2524 3909 2682 3975 Deus,
2714 3916 2771 3964 ut
2807 3924 2838 3963 a
2884 3906 3193 3977 parentibus
3234 3906 3605 3978 diligeremur,
3650 3913 3705 3961 ut

2116 4016 2473 4077 praeceptores
2510 4003 2720 4059 virtutis
2750 4001 3087 4059 haberemus.
3119 4000 3234 4057 Non
3273 4001 3418 4056 enim
3456 4000 3704 4072 genuisse

2118 4106 2322 4155 tantum
2369 4106 2575 4168 patrem
2614 4094 2802 4162 efﬁcit,
2836 4094 2933 4150 sed
2964 4103 3111 4153 recte
3139 4093 3434 4151 instituisse
3476 4110 3495 4149 :
3538 4105 3704 4162 neque

2119 4186 2389 4260 peperisse
2429 4195 2653 4252 tantum,
2694 4186 2789 4245 sed
2826 4196 2971 4243 recte
3013 4186 3271 4243 educasse
3316 4192 3545 4242 matrem
3590 4183 3705 4239 rul-

2117 4279 2216 4339 dit.
2240 4280 2418 4352 Atque
2440 4279 2544 4337 hoc
2570 4294 2756 4335 verum
2786 4293 2924 4342 essm
2961 4292 3135 4348 neque
3172 4285 3443 4342 naturam,
3470 4275 3569 4333 sed
3600 4274 3704 4333 vir-

2119 4379 2287 4433 tatem
2340 4379 2521 4443 patres
2562 4368 2799 4439 efﬁcere,
2846 4369 3246 4428 conﬁtebuntur
3289 4376 3543 4440 parentes
3584 4367 3707 4439 ipsi.

2118 4460 2261 4520 Sane
2285 4459 2500 4533 quidem
2528 4459 2668 4516 ﬁlios
2698 4473 2828 4516 suos
2865 4474 3011 4530 saape
3034 4473 3159 4515 cum
3194 4457 3506 4529 depravatis
3550 4456 3708 4512 moti—

2121 4553 2224 4611 bus
2268 4567 2391 4612 esse
2430 4550 2687 4619 viderint,
2736 4560 2900 4623 atque
2946 4550 3002 4609 in
3047 4550 3442 4624 improbitatem
3480 4548 3710 4623 degene-

2123 4658 2292 4713 rasse,
2333 4658 2399 4700 ex
2442 4657 2666 4699 suorum
2693 4642 2812 4699 illos
2834 4652 3185 4715 cognatorum
3217 4654 3442 4699 numero
3465 4639 3708 4715 ejiciuut,

2118 4734 2389 4801 abdicauit,
2431 4734 2566 4790 alios
2607 4732 2708 4791 sibi
2753 4730 3013 4805 adoptant
3057 4731 3215 4796 ﬁlios,
3270 4730 3359 4805 qui
3415 4730 3559 4789 nulla
3611 4729 3710 4785 sibi

2124 4833 2277 4882 eratut
2299 4823 2697 4897 propinquitate
2716 4822 3009 4894 conjuncti.
3039 4824 3123 4878 An
3146 4837 3276 4881 vero
3296 4821 3591 4897 quidquam
3614 4820 3714 4875 hoc

2126 4917 2238 4974 lieri
2271 4927 2448 4990 potest
2475 4916 2792 4977 mirabilius,
2820 4932 2978 4989 quam
3006 4923 3064 4970 ut
3092 4929 3229 4990 quos
3256 4922 3578 4982 genueram,
3619 4912 3716 4981 eji-

2122 5012 2263 5067 ciant
2297 5028 2309 5064 :
2339 5025 2472 5080 quos
2494 5019 2674 5066 autem
2698 5026 2805 5067 non
2831 5017 3148 5081 genuerunt,
3177 5008 3278 5065 sibi
3308 5005 3647 5065 adticiscant?

2196 5104 2363 5161 Liberi
2401 5104 2600 5158 arbitrii
2643 5104 2811 5171 major
2852 5103 2945 5169 ris,
2989 5118 3145 5176 quam
3181 5109 3412 5164 notarat;
3435 5099 3537 5169 ﬁlii
3575 5114 3714 5171 prun

2120 5196 2425 5253 abdicantur
2452 5211 2485 5250 α
2509 5193 2819 5265 parentibus.
2835 5191 3037 5250 -—N0tt
3061 5192 3181 5250 sine
3208 5205 3367 5250 causa
3414 5190 3560 5247 dicta
3593 5198 3716 5245 sunt

2124 5288 2292 5345 bmca
2325 5286 2501 5353 nobis,
2541 5284 2636 5343 sed
2680 5294 2740 5341 ut
2777 5284 2916 5341 scias
2955 5283 3217 5353 majorem
3259 5297 3379 5341 esse
3420 5281 3528 5336 vim
3562 5279 3712 5335 liberi

2120 5373 2328 5432 arbitrii
2356 5386 2514 5443 quam
2541 5379 2766 5437 natunc,
2794 5368 3144 5443 atqueipsam
3174 5367 3346 5439 potius
3377 5382 3539 5435 quam
3576 5365 3714 5419 illaut

2126 5473 2305 5536 patres
2348 5461 2566 5518 efﬁcere
2608 5460 2976 5519 consuevisse.
3026 5458 3314 5517 Euimxero
3364 5456 3563 5509 divinae
3614 5457 3718 5508 hoc

2123 5569 2259 5623 opus
2285 5552 2383 5611 fuit
2410 5550 2776 5621 providentiae,
2804 5558 2866 5605 ut
2886 5565 3061 5623 neque
3082 5546 3308 5603 naturali
3333 5546 3525 5601 all'cetu
3553 5545 3717 5600 desti-

2128 5655 2269 5701 tutos
2316 5646 2512 5705 liberos
2561 5643 2909 5713 relinqueret,
2954 5658 3130 5715 neque
3179 5652 3350 5695 totum
3404 5654 3591 5694 rursus
3638 5637 3710 5689 illi

2129 5737 2504 5798 nonxntittcrct.
2542 5736 2598 5795 Si
2623 5736 2769 5796 enim
2812 5734 2957 5793 nulla
2981 5735 3202 5808 penitus
3240 5731 3453 5806 impulsi
3482 5729 3708 5789 necessi-
