3964 6452
281 322 388 379 637

282 455 391 498 tate
420 453 626 499 natura:
660 444 793 499 filios
818 461 943 499 suos
973 459 1216 517 parentes
1247 451 1491 506 dilecturi
1521 452 1766 521 fuissent,
1787 454 1881 509 sed

283 551 495 590 morum
539 537 805 606 probitate
849 549 1051 594 tantum
1096 552 1151 596 et
1196 552 1343 598 recte
1396 543 1654 599 factorum
1703 548 1881 600 studio

281 627 455 694 ducti,
486 629 685 684 multos
714 632 948 699 paternis
991 632 1195 689 uadibus
1241 646 1458 691 exactos
1501 638 1571 691 ob
1617 638 1879 708 ignaviam

282 735 460 785 suam,
502 731 780 794 totumque
814 739 984 794 genus
1017 726 1306 782 humanum
1338 730 1536 799 passim
1567 730 1877 786 distractum

281 827 347 867 ac
367 813 685 882 dissipatum
715 815 962 870 vidisses.
990 815 1045 873 Si
1074 835 1259 873 rursus
1281 836 1393 874 rem
1423 830 1586 874 totam
1612 823 1875 893 tyrannidi

282 914 488 959 natura:
510 908 886 974 commisisset,
915 921 968 962 et
996 926 1060 964 ne
1084 911 1355 981 improbos
1377 912 1590 982 quidem
1612 915 1735 969 odio
1756 928 1876 984 pro-

310 998 436 1067 equi
468 999 821 1066 permisisset,
866 1001 958 1054 sed
1003 1002 1071 1055 ab
1111 1003 1212 1056 illis
1242 1005 1591 1058 contumelias
1628 1016 1680 1059 et
1724 1006 1879 1060 innu-

282 1104 432 1142 mera
463 1090 599 1143 mala
634 1091 775 1160 passi
826 1101 1005 1160 patres
1043 1105 1246 1146 naturae
1288 1095 1603 1150 necessitate
1644 1096 1874 1150 devincti

282 1181 408 1234 filiis
436 1182 488 1234 in
521 1196 579 1235 se
605 1184 1010 1237 contumeliosis
1052 1199 1114 1238 ac
1157 1184 1608 1240 debacchantibus
1646 1187 1874 1241 blandiri

280 1289 390 1327 non
422 1285 748 1341 cessassent,
780 1276 846 1329 ad
877 1291 1144 1330 summum
1187 1277 1436 1347 ncquiti:e
1470 1278 1679 1331 culmen
1706 1294 1874 1347 genus

280 1365 576 1420 innnanum
605 1376 911 1436 provectum
934 1376 1095 1422 esset.
1119 1367 1251 1422 Nam
1274 1369 1319 1423 si
1346 1384 1488 1423 nunc
1509 1385 1630 1423 cum
1655 1371 1873 1423 omnino

276 1459 553 1515 conlidere
583 1471 785 1515 natura:
813 1479 917 1515 non
945 1462 1153 1532 possint
1182 1462 1298 1527 filii,
1328 1463 1421 1518 sed
1458 1466 1653 1518 multos
1678 1463 1870 1531 sciant,

276 1567 402 1603 eum
430 1552 702 1621 depravati
733 1562 934 1618 essent,
962 1563 1018 1608 et
1048 1553 1209 1608 domo
1238 1562 1292 1609 et
1320 1554 1661 1610 facultatibus
1690 1567 1870 1624 pater-

279 1643 364 1696 t.is
395 1645 678 1707 excidisse,
709 1659 853 1713 saepe
883 1654 1059 1699 tamen
1088 1656 1366 1714 parentum
1390 1661 1573 1701 amore
1600 1647 1719 1701 freti
1743 1663 1871 1701 eon-

278 1736 518 1789 tumeliis
546 1750 641 1789 eos
671 1735 910 1790 afficiunt
938 1754 951 1790 :
987 1737 1087 1791 nisi
1116 1736 1447 1806 permisisset
1477 1739 1633 1805 Deus,
1667 1748 1725 1792 ut
1750 1739 1871 1793 illos

275 1829 523 1882 succensi
576 1829 980 1894 ulciscerentur,
1033 1838 1087 1883 et
1131 1829 1403 1898 improbos
1454 1830 1617 1884 factos
1673 1831 1870 1885 liberos

279 1921 465 1988 procul
493 1920 862 1981 amandarent,
890 1936 997 1991 quo
1028 1936 1131 1974 non
1164 1935 1221 1974 se
1252 1922 1499 1990 nequitia:
1528 1938 1724 1991 genere
1750 1939 1871 1975 con-

277 2012 667 2065 taminassent?
687 2010 810 2065 ldco
836 2020 889 2066 et
917 2021 1119 2066 natura:
1142 2013 1479 2075 necessitate,
1504 2023 1559 2066 et
1580 2013 1866 2067 liberorum

277 2103 520 2157 moribus
548 2104 641 2157 niti
670 2114 945 2173 parentum
968 2119 1207 2158 amorem
1230 2104 1396 2159 voluit
1422 2105 1581 2172 Deus,
1605 2114 1735 2159 utet
1760 2122 1872 2159 me-

273 2197 534 2251 diocriter
575 2198 918 2266 peccantibus
968 2198 1169 2261 liberis,
1216 2199 1281 2253 ad
1329 2199 1429 2254 hoc
1468 2214 1562 2255 eos
1611 2202 1869 2256 invitante

275 2301 488 2354 natura,
523 2294 728 2345 veniam
759 2290 967 2353 darent,
997 2302 1049 2345 et
1080 2290 1396 2359 dcpravatos
1432 2303 1589 2362 atque
1619 2294 1864 2347 immedi-

273 2382 436 2437 cabili
468 2383 657 2437 morbo
688 2383 990 2437 laborantes
1017 2386 1285 2452 punircut,
1327 2402 1392 2439 ne
1431 2387 1493 2440 ad
1537 2389 1720 2440 vitium
1750 2387 1868 2439 illos

274 2474 604 2544 indulgentia
636 2490 728 2528 sua
761 2476 1057 2539 erudirent,
1100 2477 1142 2530 si
1175 2488 1362 2530 natura
1398 2493 1581 2531 rursus
1609 2479 1863 2542 vinceret,

272 2584 478 2638 eosque
508 2569 689 2623 liberis
718 2570 828 2623 suis
856 2570 1081 2624 blandiri
1130 2582 1366 2640 cogeret,
1409 2574 1567 2626 etiam
1611 2587 1729 2625 cuni
1764 2573 1866 2625 im-

274 2663 429 2731 probi
448 2671 648 2717 essent.
668 2662 890 2728 Quantae
908 2663 1028 2727 hoc,
1051 2680 1253 2733 qttteso,
1277 2664 1639 2732 providentim,
1665 2682 1784 2718 cum
1812 2676 1864 2720 et

271 2757 499 2825 diligere
536 2756 723 2826 jubeat
760 2768 815 2811 et
857 2758 1025 2810 amori
1071 2758 1286 2812 modum
1331 2774 1547 2827 ponere,
1589 2770 1643 2812 et
1682 2774 1867 2814 rursiis

271 2849 493 2916 optimre
524 2848 812 2901 liberorum
857 2847 1157 2902 educationi
1198 2852 1498 2903 mercedem
1548 2852 1867 2905 constituat?

274 2938 608 3006 Propositam
639 2939 781 2998 enim
804 2954 927 2993 esse
949 2941 1247 2995 mercedem
1275 2952 1328 2994 ct
1354 2957 1459 2994 non
1486 2942 1612 2995 viris
1637 2952 1863 3009 tantum,

268 3030 369 3083 sed
397 3031 555 3084 etiam
587 3032 799 3085 feminis
830 3042 885 3085 ut
912 3033 1196 3101 intelligas,
1229 3034 1349 3087 audi
1381 3051 1485 3100 quo
1513 3045 1663 3103 pacto
1686 3038 1865 3091 multis

273 3122 325 3173 in
361 3121 492 3175 locis
520 3131 577 3177 et
611 3121 675 3177 ad
725 3123 842 3176 illas
870 3133 923 3178 ct
952 3123 1019 3179 de
1057 3124 1163 3177 illis
1193 3124 1465 3194 Scriptura
1495 3127 1655 3180 verba
1685 3127 1861 3193 faciat,

270 3228 447 3281 neque
473 3218 648 3267 minus
671 3213 736 3267 ad
763 3214 880 3268 illas
906 3230 1062 3285 quam
1090 3216 1155 3268 ad
1180 3215 1342 3269 viros.
1372 3216 1501 3269 Cum
1526 3217 1665 3270 enim
1694 3218 1862 3274 dixis-

268 3313 354 3357 Set
394 3305 608 3370 Paulus,
654 3302 846 3358 Mulier
888 3315 1054 3358 autern
1103 3307 1306 3360 seducta
1351 3309 1404 3360 in
1452 3310 1866 3377 prtevrtricatione

267 3397 389 3462 fuit,
422 3396 639 3464 adjecit,
675 3396 971 3451 Saluabitur
1002 3407 1171 3450 autem
1201 3415 1290 3467 per
1320 3398 1543 3467 ﬁliorum
1582 3403 1863 3470 generatio-

267 3506 393 3543 nem
424 3489 497 3560 (l.
531 3488 663 3543 Tim.
692 3489 746 3545 2.
782 3490 867 3544 14.
903 3491 1011 3562 15).
1042 3491 1193 3557 Quod
1236 3504 1411 3546 autem
1442 3493 1537 3558 ait,
1571 3498 1705 3547 hanc
1735 3512 1862 3548 sen-

267 3582 489 3635 tentiam
518 3580 678 3634 habet
710 3600 722 3635 :
758 3582 922 3636 Doles
961 3584 1101 3653 quod
1135 3594 1185 3638 te
1213 3587 1403 3639 tunlier
1433 3587 1601 3654 priuta
1641 3587 1690 3640 in
1738 3603 1861 3655 par-

266 3682 355 3724 tus
385 3672 598 3726 dolores
628 3673 964 3744 laboresque,
994 3690 1055 3729 ac
1082 3676 1289 3746 longam
1328 3680 1460 3731 uteri
1510 3681 1860 3748 gestationem

263 3763 598 3832 conjecerit?
650 3765 718 3818 At
778 3774 831 3819 ttt
891 3767 998 3821 noli
1049 3783 1369 3823 succensere
1426 3788 1438 3822 :
1496 3788 1666 3840 neqtte
1718 3776 1858 3827 enim

268 3864 420 3908 tanto
445 3856 643 3909 damno
672 3868 890 3926 propter
914 3859 1127 3913 dolores
1155 3872 1335 3930 partus
1357 3873 1403 3914 et
1436 3863 1643 3917 labores
1673 3866 1859 3919 affecta

262 3961 349 4010 es,
378 3960 634 4016 quantum
663 3957 924 4016 quaestum
970 3948 1119 4015 facis,
1151 3953 1193 4004 si
1226 3953 1379 4017 velis,
1426 3954 1553 4007 dum
1598 3956 1857 4010 bonorum

263 4056 490 4107 tqutruut
532 4042 871 4095 occasionem
920 4059 983 4097 ex
1027 4053 1167 4097 recta
1215 4046 1501 4100 liberormu
1543 4048 1861 4104 educatione

261 4134 457 4186 sumis.
501 4133 599 4201 Qui
635 4137 776 4188 enim
825 4135 930 4188 nali
972 4145 1097 4189 sunt
1149 4137 1319 4199 liberi,
1368 4137 1411 4190 si
1454 4142 1858 4195 convenientem

267 4225 468 4278 fuerint
498 4227 700 4279 cultum
733 4228 894 4290 nacti,
922 4243 984 4281 ac.
1012 4238 1097 4281 tua
1123 4243 1248 4281 cura
1283 4229 1475 4283 fuerint
1502 4232 1567 4283 ad
1611 4232 1857 4287 virtutem

264 4316 558 4377 informati,
592 4318 810 4370 nmltam
851 4319 943 4372 tibi
987 4318 1209 4373 offerent
1256 4323 1589 4376 occasionem
1636 4324 1856 4390 Salutis;

262 4424 327 4459 ac
356 4419 552 4477 praiter
582 4410 792 4477 propria
822 4411 956 4463 bona
991 4427 1149 4481 opera
1182 4413 1399 4466 multam
1429 4414 1498 4466 ob
1526 4416 1759 4469 studium
1806 4419 1855 4471 in

263 4503 367 4553 ista
397 4501 648 4554 collatmn
691 4502 914 4570 recipies
946 4502 1267 4557 mercedem.

340 4593 389 4645 4.
437 4596 611 4661 Atque
647 4602 704 4645 ut
742 4592 918 4647 discas
960 4611 1063 4647 non
1109 4605 1313 4663 partmn
1355 4606 1578 4651 matrem
1619 4601 1854 4667 efficere,

262 4698 438 4752 neque
466 4684 767 4738 mercedem
799 4686 919 4739 huic
945 4701 1063 4740 esse
1096 4689 1172 4741 rei
1202 4690 1545 4757 propositam,
1576 4693 1697 4745 alibi
1725 4709 1857 4761 quo-

263 4792 375 4840 que
400 4775 609 4828 viduam
635 4776 911 4845 alloquens
942 4777 1137 4831 Paulus
1166 4780 1234 4832 ita
1267 4780 1401 4833 dixit
1430 4799 1444 4835 :
1476 4782 1537 4836 Si
1566 4785 1700 4851 ﬁlios
1729 4788 1855 4837 edu—

250 4866 390 4917 cavit
421 4868 501 4935 (l.
538 4865 669 4920 Tim.
701 4869 755 4923 5.
794 4870 885 4931 10)
922 4888 934 4922 :
971 4887 1141 4939 neque
1176 4872 1329 4937 dixit,
1369 4874 1423 4926 Si
1461 4873 1596 4926 filios
1628 4878 1851 4946 peperit,

256 4958 377 5023 sed,
412 4959 475 5012 Si
501 4960 636 5029 filios
657 4962 904 5015 educavit.
936 4962 1065 5015 Nam
1100 4964 1224 5017 illud
1247 4967 1460 5035 quidem
1494 4979 1717 5035 llﬂllll'ﬂ‘,
1754 4971 1800 5023 lt:
1825 4988 1854 5026 c

258 5066 392 5103 vero
412 5051 562 5105 liberi
589 5063 670 5107 cst
696 5054 919 5107 arbitrii.
941 5056 1224 5124 Propterea
1253 5073 1371 5109 eum
1396 5057 1479 5112 hic
1506 5061 1664 5113 etiam
1687 5062 1851 5117 dixis-

259 5153 361 5203 set,
411 5142 706 5197 Saluabitur
745 5161 834 5214 per
874 5146 1097 5211 ﬁliorum
1132 5150 1520 5217 generationem,
1557 5167 1725 5221 neque
1767 5155 1853 5208 hic

262 5234 517 5297 substitit,
550 5236 642 5289 sed
674 5252 795 5289 cuin
838 5239 1124 5293 ostendere
1167 5241 1329 5294 vellet
1368 5258 1472 5295 non
1521 5244 1716 5298 liberos
1756 5264 1851 5317 gr-

259 5330 465 5393 nuisse,
495 5328 587 5383 sed
621 5341 768 5383 reete
794 5330 991 5384 liberos
1019 5334 1296 5399 educas~e,
1344 5337 1444 5388 hoc
1477 5338 1631 5392 nobis
1659 5339 1849 5395 afferre

258 5419 584 5485 titerccdem,
613 5421 806 5490 adjecit
833 5438 845 5474 :
886 5423 946 5475 Si
988 5427 1353 5490 permanserint
1400 5427 1451 5480 in
1479 5429 1580 5496 ﬁde
1602 5474 1614 5496 ,
1647 5442 1692 5485 et
1723 5432 1847 5485 dile-

252 5512 445 5576 ctione,
467 5523 511 5565 et
537 5515 935 5581 sanctiﬁcatione
960 5534 1070 5568 cum
1099 5521 1366 5573 sobrietate
1392 5522 1465 5588 (l.
1493 5522 1623 5577 Tim.
1647 5524 1702 5578 ἓ.
1733 5526 1844 5596 15).

252 5607 493 5673 Quorum
518 5608 801 5661 verborum
827 5608 910 5662 hic
936 5625 1125 5663 sensus
1147 5623 1224 5665 est
1250 5627 1264 5664 :
1291 5614 1438 5669 'l'unc
1460 5618 1678 5672 multam
1703 5637 1844 5675 mer-

250 5698 444 5752 cedem
473 5700 722 5769 aecipics,
755 5701 797 5753 si
825 5702 912 5769 qui
945 5704 1204 5770 procreati
1248 5717 1374 5759 sunt
1417 5708 1565 5762 liberi
1600 5726 1846 5779 perman-

251 5792 426 5842 serint
455 5792 505 5842 in
551 5790 672 5855 fide,
715 5801 767 5843 ct
797 5790 1083 5844 dilectione
1114 5804 1162 5847 et
1195 5797 1633 5853 sanctificatione.
1666 5799 1719 5856 Si
1751 5802 1847 5873 igi-

1608 339 1691 394 DE
1733 340 1914 395 ΔΝΝᾹ
1957 340 2187 401 SERMO
2224 345 2268 401 1.

3479 374 3582 428 633

1992 464 2078 509 tur
2120 458 2185 511 ad
2217 458 2331 514 lucc
2366 474 2460 517 eos
2502 464 2713 532 incitos,
2753 470 2797 523 si
2835 471 3148 545 admoneas,
3192 478 3236 531 si
3279 479 3494 547 doceas,
3538 487 3582 537 si

1986 552 2211 607 Consilio
2232 553 2409 623 juves,
2438 559 2507 612 ob
2534 559 2669 616 hanc
2695 579 2878 619 curam
2907 568 3070 622 multa
3119 570 3211 625 tibi
3243 573 3383 641 apud
3416 575 3579 629 [lcum

1988 656 2197 697 merces
2226 646 2329 699 erit
2350 650 2658 705 constituta.

2062 732 2266 788 Mulieri
2285 739 2503 792 maxime
2528 744 2757 797 convenit
2777 746 3007 801 educatio
3040 750 3345 820 liberorum;
3369 756 3577 811 historia

1986 821 2148 876 Anna:
2175 826 2350 879 matris
2394 828 2690 896 Samuelis;
2729 838 2964 891 sterilitas
3002 853 3245 907 quantum
3273 847 3481 899 malum.
3507 878 3578 890 η-

1983 912 2061 967 Ne
2086 914 2246 985 igitur
2272 918 2504 975 aliemun
2535 939 2563 975 a
2594 940 2653 979 se
2688 928 2942 983 ntu'ieres
2972 932 3313 999 arbitrentur,
3346 940 3387 992 si
3412 949 3468 993 et
3496 939 3574 993 fe-

1986 1006 2246 1060 minarum
2289 1020 2344 1063 et
2396 1012 2621 1067 marimu
2663 1030 2843 1071 curam
2884 1032 3089 1088 gerant.
3138 1024 3251 1079 Non
3294 1029 3437 1081 enim
3492 1031 3577 1083 hie

1983 1109 2168 1149 sexum
2196 1098 2439 1154 distinxit
2474 1107 2633 1169 Deus,
2658 1107 2751 1160 sed
2781 1117 2835 1163 et
2862 1110 2970 1164 illic
2995 1112 3310 1182 simpliciter
3336 1120 3486 1182 dixit,
3513 1121 3574 1173 Si

1984 1188 2117 1254 ﬁlios
2147 1191 2410 1256 educavit;
2431 1202 2484 1247 et
2510 1195 2614 1261 hic,
2648 1197 2707 1251 Si
2728 1206 3091 1269 permanserint
3124 1208 3174 1259 in
3218 1210 3341 1276 (ide,
3370 1220 3418 1263 rt
3447 1212 3573 1265 dife-

1981 1280 2163 1346 rtione,
2198 1292 2244 1334 et
2284 1286 2705 1352 sanctiﬁcatione.
2746 1290 2927 1362 Itaque
2969 1298 3246 1368 utriusque
3274 1304 3485 1370 generis
3514 1305 3572 1357 li-

1983 1371 2229 1428 berorum
2261 1377 2598 1446 suscipienda
2640 1383 2796 1436 nobis
2836 1396 2922 1440 est
2946 1403 3093 1454 cura,
3126 1401 3376 1461 tantoque
3406 1398 3575 1465 magis

1982 1465 2313 1533 mulieribus,
2345 1480 2544 1538 quanto
2585 1475 2781 1543 smpius
2811 1477 2954 1531 domi
2986 1483 3241 1537 resident.
3271 1484 3401 1539 Nam
3429 1488 3574 1540 viros

1978 1556 2189 1624 quidem
2224 1562 2701 1630 peregrinationes,
2733 1582 2795 1622 ac
2820 1570 2916 1623 fori
2960 1573 3367 1642 sollicitudines,
3398 1590 3450 1632 et
3477 1595 3573 1633 ne-

1978 1649 2116 1715 gotia
2149 1650 2386 1704 civitatis
2432 1668 2577 1722 sa'pe
2605 1657 2945 1714 distrahunt:
2975 1664 3163 1718 mulier
3190 1678 3366 1722 autem
3393 1670 3461 1724 ab
3490 1669 3573 1723 his

1977 1741 2119 1791 euris
2149 1740 2534 1799 imnmnitatem
2567 1749 2754 1804 sortita
2785 1751 2987 1807 facilius
3012 1758 3221 1822 poterit,
3260 1775 3380 1814 cum
3424 1770 3574 1815 tanto

1979 1831 2181 1886 fruatur
2222 1837 2351 1897 otio,
2411 1838 2696 1895 liberorum
2742 1860 2924 1899 curam
2965 1863 3169 1916 gerere.
3207 1852 3277 1904 Ita
3310 1854 3571 1911 faciebant

1975 1926 2206 1994 antipne
2238 1930 2523 1985 mulieres:
2559 1950 2661 1987 non
2688 1938 2829 1991 enim
2851 1957 2879 1992 a
2906 1942 3033 1994 viris
3064 1946 3257 2003 Solum.
3283 1948 3374 2001 sed
3403 1950 3563 2003 etiam

1978 2031 2005 2067 a
2041 2018 2352 2074 mulieribus
2382 2023 2481 2076 hoc
2511 2028 2826 2093 postulatur,
2860 2041 2916 2084 ut
2937 2048 3081 2092 suos.
3108 2036 3342 2105 inquam,
3375 2039 3571 2094 liberos

1975 2121 2185 2174 curent,
2218 2123 2375 2181 atque
2405 2115 2468 2167 ad
2499 2116 2890 2189 pltiloSOphiam
2914 2124 3032 2177 illos
3063 2127 3297 2183 incitent.
3330 2132 3479 2197 Quod
3514 2143 3571 2187 ut

1978 2215 2159 2253 veruti:
2183 2216 2302 2256 esse
2323 2216 2553 2268 constet.
2582 2220 2818 2265 veterem
2841 2215 2993 2269 vobis
3020 2218 3291 2274 historiam
3320 2224 3569 2280 narrabe.

1976 2292 2100 2346 Fuit
2125 2295 2261 2363 apud
2292 2297 2509 2354 inda-os
2539 2303 2691 2356 Anna
2731 2306 2924 2361 mulier
2961 2311 3225 2377 qumdam.
3259 2314 3383 2368 llarc
3414 2317 3565 2371 Anna

1975 2387 2142 2439 multo
2174 2399 2413 2457 tempore
2452 2396 2733 2450 sterilitate
2761 2399 3038 2466 laboravit,
3072 2404 3319 2475 quodque
3358 2410 3570 2476 gravius

1976 2475 2091 2541 fttit,
2140 2478 2256 2547 ejus
2307 2484 2495 2536 a-tnula
2544 2487 2832 2541 multorum
2884 2490 3169 2545 liberorum
3216 2475 3385 2551 mater
3429 2511 3564 2553 erat.

1973 2571 2130 2623 Scitis
2152 2586 2324 2626 eu'em
2358 2590 2512 2643 quam
2546 2591 2729 2633 natura
2776 2598 2867 2635 sua
2907 2594 2959 2638 et
2987 2601 3082 2652 per
3107 2602 3145 2639 Sf
3169 2588 3335 2656 ipsam
3366 2606 3452 2644 res
3481 2593 3566 2646 illa

1973 2662 2283 2717 mulieribus
2310 2667 2379 2719 sit
2411 2669 2789 2724 intolerabilis:
2815 2690 2934 2728 cum
2975 2692 3104 2731 vero
3146 2677 3340 2733 liberos
3366 2682 3568 2736 habens

1971 2756 2175 2808 accedit
2199 2760 2411 2824 simula,
2446 2764 2614 2815 multo
2641 2764 2693 2816 lit
2724 2766 2968 2833 gravior:
2994 2768 3255 2837 siquidem
3285 2788 3348 2826 ex
3374 2774 3566 2826 mulie-

1972 2844 2047 2898 ris
2079 2845 2217 2899 illius
2247 2852 2600 2919 prosperitate
2633 2855 2822 2906 melius
2848 2856 3204 2912 calamitatem
3232 2876 3383 2915 suam
3410 2864 3567 2917 intel-

1973 2933 2114 3005 ligit;
2161 2938 2295 2992 sicut
2336 2950 2388 2994 et
2417 2942 2505 3010 qui
2536 2955 2777 2997 extrema
2824 2961 3138 3015 premuntur
3166 2961 3421 3019 egi-state,
3455 2965 3565 3009 tum

1971 3023 2151 3079 dolent
2191 3030 2387 3096 aerius,
2429 3047 2547 3085 cum
2592 3034 2785 3088 divites
2818 3036 2920 3090 illis
2954 3039 3004 3091 in
3033 3052 3262 3094 mentem
3296 3044 3560 3099 venerint.

1969 3117 2153 3188 Neque
2178 3137 2305 3175 vero
2330 3124 2695 3179 calamitosum
2741 3129 2841 3183 hoc
2886 3139 3088 3186 tantum
3131 3134 3244 3196 fuit,
3277 3138 3416 3205 quod
3449 3137 3563 3191 lia-e

1970 3208 2164 3265 liberos
2193 3229 2294 3265 non
2325 3214 2562 3284 haberet,
2589 3219 2672 3270 illa
2704 3219 2942 3287 haberet,
2978 3224 3071 3277 sed
3101 3226 3244 3295 quod
3267 3231 3453 3282 aunula
3480 3246 3563 3284 es-

1970 3310 2050 3354 set
2074 3319 2084 3353 :
2111 3318 2282 3372 neque
2320 3307 2461 3375 quod
2499 3311 2687 3363 a-mula
2730 3321 2931 3366 tantum
2976 3326 3140 3380 esset,
3172 3334 3356 3374 verum
3405 3322 3561 3375 etiam

1970 3394 2108 3460 quod
2141 3395 2305 3462 ipsam
2340 3397 2405 3450 ad
2436 3399 2758 3453 iracundiam
2787 3415 3119 3471 provocaret,
3152 3423 3216 3462 eo
3241 3411 3382 3479 quod
3413 3414 3557 3467 illam

1970 3498 2269 3553 sperneret.
2305 3490 2442 3543 Deus
2468 3501 2645 3546 autem
2678 3509 2799 3547 cum
2832 3495 2933 3551 hoc
2979 3510 3245 3563 cerneret,
3280 3505 3558 3570 tolerabat,

1969 3588 2021 3630 et
2054 3577 2174 3631 Non
2205 3581 2342 3633 dedit
2374 3583 2419 3635 ei
2452 3581 2716 3648 Dominus,
2752 3587 2942 3657 inquit,
2970 3591 3130 3655 ﬁlium
3163 3596 3437 3648 secundum
3459 3599 3558 3649 tri-

1970 3672 2269 3724 bufationem
2316 3676 2425 3742 ejus
2461 3686 2506 3727 et
2547 3683 2820 3731 secundum
2854 3682 3105 3735 tristitiam
3137 3687 3321 3739 anima:
3344 3690 3452 3756 eius
3480 3690 3556 3761 (l.

1974 3764 2096 3835 Reg.
2136 3769 2182 3819 Al.
2219 3767 2295 3834 6).
2339 3767 2474 3833 Quid
2526 3780 2627 3834 est,
2672 3772 2961 3827 Secundum
3000 3777 3376 3833 tribulationem
3411 3783 3560 3850 ejus!

1972 3857 2077 3908 llici
2123 3875 2224 3909 non
2276 3870 2472 3925 potest,
2509 3862 2694 3930 inquit,
2739 3881 2859 3917 eum
2903 3868 3167 3922 videntem
3216 3871 3356 3924 illam
3405 3890 3555 3943 a'quo

1966 3949 2143 4001 animo
2188 3951 2538 4005 calamitatem
2593 3956 2762 4020 ferre,
2797 3957 3099 4014 cohibuisse
3148 3973 3353 4027 iartum
3401 3963 3552 4033 ejus;

1966 4041 2207 4106 quamvis
2234 4057 2349 4094 eam
2381 4044 2626 4108 cruciari,
2657 4046 2858 4111 dolere,
2883 4049 3040 4117 affligi
3078 4052 3303 4115 videret,
3353 4071 3553 4109 nimro.

1968 4148 2078 4185 rem
2112 4141 2289 4185 tamen
2319 4136 2433 4201 ejus
2461 4152 2562 4188 non
2591 4136 2859 4203 disenSsit,
2892 4152 2943 4192 ut
2972 4142 3142 4210 majus
3168 4144 3360 4213 aliquid
3394 4149 3551 4200 moli-

1969 4233 2134 4275 retur.
2159 4223 2284 4278 ilice
2314 4242 2378 4277 ue
2411 4235 2676 4296 tamquam
2707 4231 2847 4283 aliud
2877 4242 3097 4301 agentes
3135 4236 3434 4305 audiamus,
3460 4241 3553 4295 sed
3624 4232 3626 4235 l

1967 4315 2252 4370 maximam
2285 4317 2671 4387 philosophiam
2699 4321 2819 4375 hinc
2845 4323 3111 4379 discamus
3132 4330 3168 4392 ',
3196 4339 3249 4381 et
3268 4330 3310 4382 si
3344 4333 3556 4399 quando

1969 4405 2018 4457 iit
2050 4407 2247 4459 malum
2290 4408 2503 4476 aliquod
2557 4411 2920 4477 iuciderimus,
2954 4416 3075 4468 licet
3100 4418 3398 4481 doleamus,
3432 4423 3552 4477 lieet

1966 4495 2336 4560 lamentemur,
2369 4499 2489 4553 licet
2522 4500 2852 4556 intolerabile
2880 4505 3030 4559 nobis
3062 4510 3253 4561 malutn
3288 4511 3550 4580 videatur,

1965 4604 2032 4641 ne
2061 4604 2430 4657 pr0peremus.
2463 4607 2560 4645 nec
2591 4593 2768 4646 animo
2799 4595 3159 4660 concidamus,
3186 4603 3278 4652 sed
3312 4603 3403 4656 Dei
3432 4620 3554 4673 pro-

1964 4680 2249 4733 videntiam
2299 4692 2692 4751 exspectemus.
2750 4685 2840 4738 Ille
2891 4703 3117 4756 namque
3168 4692 3331 4758 probe
3382 4697 3552 4763 novit,

1961 4771 2173 4838 quando
2206 4772 2326 4824 illud
2373 4772 2763 4828 discutiendum
2795 4778 2885 4840 sit,
2931 4780 3069 4846 qttod
3101 4782 3368 4837 tristitiam
3400 4789 3553 4840 nobis

1964 4861 2097 4928 pirit
2119 4876 2132 4913 :
2155 4862 2294 4929 qninl
2325 4873 2375 4915 et
2404 4865 2485 4916 iSIi
2509 4866 2745 4934 contigit.
2772 4867 2884 4921 Non
2916 4872 3055 4922 enim
3076 4876 3215 4941 quod
3244 4874 3408 4943 ipsam
3426 4879 3551 4932 odio

1962 4964 2406 5022 proscquerctm',
2460 4966 2551 5009 aut
2600 4972 2978 5027 aversaretnr,
3028 4964 3165 5019 Deus
3212 4972 3553 5026 concluseral

1962 5045 2168 5098 vulvam
2191 5046 2325 5114 ejus,
2351 5048 2441 5100 sed
2473 5059 2529 5100 ut
2552 5051 2689 5102 fores
2712 5052 2867 5105 nobis
2893 5055 3240 5124 philosophia:
3264 5072 3548 5128 reserat-et,

1958 5154 2061 5206 qua
2095 5139 2315 5206 praedita
2343 5141 2534 5194 mulier
2565 5141 2681 5207 fuit,
2706 5146 2928 5214 ejusque
2959 5147 3078 5200 fidei
3107 5150 3317 5204 divitias
3336 5156 3555 5221 conspi.

1957 5245 2224 5293 eeremus,
2265 5246 2327 5286 ac
2355 5234 2668 5289 nobiliorem
2704 5236 2843 5289 illam
2878 5239 3001 5290 hinc
3031 5240 3099 5293 ab
3125 5257 3192 5295 eo
3222 5241 3383 5297 fuisse
3424 5251 3548 5298 red-

1957 5326 2120 5376 ditam
2147 5338 2614 5393 eogiioseeremus.
2646 5329 2782 5381 Audi
2823 5346 2951 5384 vero
2977 5332 3134 5384 etiam
3166 5349 3284 5402 qua:
3310 5351 3549 5404 sequun-

1958 5424 2061 5467 tur.
2096 5415 2158 5468 Et
2186 5417 2258 5469 sic
2283 5418 2516 5484 faciebat,
2552 5419 2739 5489 inquit,
2772 5421 2982 5491 singulis
3011 5426 3159 5478 annis
3182 5443 3213 5477 a
3240 5429 3397 5480 nmlto
3419 5441 3546 5481 tein-

1956 5523 2097 5575 pore,
2126 5525 2239 5561 cum
2268 5511 2556 5563 ascenderet
2582 5512 2692 5579 ipsa
2717 5512 2770 5565 in
2800 5514 3007 5566 domant
3030 5517 3253 5569 Domini.
3282 5517 3347 5572 Et
3367 5521 3545 5573 trista-

1953 5598 2119 5666 batur,
2151 5609 2197 5651 et
2247 5600 2494 5668 plorabat,
2540 5611 2585 5653 et
2623 5619 2722 5655 non
2765 5605 3054 5659 comedebat
3095 5609 3173 5676 (l.
3226 5608 3352 5679 Reg.
3393 5613 3439 5666 l.
3464 5612 3541 5681 7).

1956 5814 1970 5862 ἱ
2019 5756 2033 5784 ¹
2070 5753 2199 5862 (ἔρῃ).
2222 5754 2317 5803 duo
2334 5765 2382 5805 et
2403 5763 2540 5818 acg.,
2557 5756 2643 5807 sed
2662 5756 2741 5808 hic
2757 5761 3021 5811 maa'inunu
3042 5764 3425 5827 pfu'fosoplieiuur
3442 5766 3552 5829 plli-

1969 5828 2081 5862 OSOD
2100 5829 2230 5862 ηίυη.

1969 5828 2230 5876 οδορηιίυη.
