4064 6452
465 320 571 373 639

468 442 712 485 Intonsos
741 427 914 489 dolor,
943 425 1185 478 diuturna
1231 419 1514 489 :egriluzlo,
1567 431 1670 468 non
1717 414 1822 466 duo
1873 422 2048 464 tresve

466 523 605 586 dies,
638 536 733 574 nec
761 517 962 587 viginti,
990 531 1087 569 nec
1116 522 1349 571 centum,
1378 524 1476 562 nec
1502 506 1666 570 mille,
1691 519 1790 558 nec
1819 503 1900 557 bis
1933 502 2061 554 toti-

470 615 592 668 dem
615 631 631 668 :
663 611 839 665 inultis
859 608 1012 662 annis
1029 605 1240 660 dolebat
1261 602 1470 664 mulier,
1494 610 1546 654 et
1571 596 1937 658 cruciabatur;
1960 601 2062 646 hoc

472 705 613 759 enim
641 714 718 757 est
751 701 897 760 ilTud.
929 700 972 752 Α
999 698 1155 751 multo
1185 707 1407 763 tempore
1435 690 1509 762 (α)
1531 709 1543 745 :
1569 699 1936 743 verumtamen
1958 703 2060 737 non

475 799 814 866 inqutit‘ttwt‘
841 793 980 857 tulit,
1022 806 1195 858 neque
1223 786 1480 855 temporis
1511 780 1786 852 longitudo
1824 778 2064 845 thiloso-

471 892 649 959 phiam
677 890 792 955 ejus
817 884 1107 954 sttprt'avil,
1139 895 1310 948 neque
1331 878 1524 948 probra
1551 883 1604 928 et
1625 870 1867 927 'convicia
1899 870 2066 937 ip-ins

474 982 700 1039 aemulae,
748 977 840 1030 sed
891 976 1078 1028 orabat
1126 971 1340 1024 assidue
1388 985 1450 1022 ac
1495 964 1880 1034 supplicabat:
1925 961 2066 1028 quod

473 1074 724 1127 munibus
761 1068 930 1137 majus
961 1077 1065 1129 est,
1109 1064 1332 1132 ejusque
1381 1061 1712 1130 potis~imum
1743 1070 1866 1124 erga
1903 1054 2066 1106 lleutn

474 1181 710 1219 atmtrem
735 1161 952 1222 iudicat,
983 1175 1088 1212 non
1121 1153 1438 1224 simpliciter
1460 1153 1601 1204 hunc
1629 1151 1798 1216 ipsum
1826 1146 2070 1198 obtinere

475 1259 642 1311 hlium
681 1255 918 1324 optabat,
963 1249 1056 1304 sed
1091 1250 1200 1303 Deo
1240 1247 1472 1300 fructum
1500 1242 1704 1300 dicare.
1733 1251 1892 1307 atque
1935 1235 2068 1288 uteri

474 1351 554 1404 siti
578 1346 1074 1420 ιιι-ιιιιίιίεις.μαι-νιν,
1105 1357 1168 1396 ac
1200 1339 1468 1412 praeclara:
1511 1335 1662 1387 istius
1703 1329 2072 1401 promissionis

474 1439 779 1498 mercedem
805 1437 1028 1492 referre.
1053 1433 1207 1489 Unde
1229 1431 1279 1485 id
1297 1427 1545 1484 constat?
1574 1425 1648 1478 Ex
1673 1425 1734 1477 iis
1761 1421 1938 1474 verbis
1953 1435 2072 1490 quae

477 1543 793 1605 sequuntur.
844 1530 1001 1585 Scitis
1058 1526 1240 1596 utique
1286 1535 1474 1578 omnes
1513 1518 1826 1574 mulirrihus
1858 1526 2075 1584 propter

477 1629 623 1681 viros
669 1620 1056 1678 intolerandam
1103 1633 1222 1672 esse
1254 1615 1608 1670 sterilitatem.
1639 1611 1773 1664 Sunt
1802 1609 1946 1664 enim
1979 1607 2074 1660 bo-

479 1719 653 1774 mines
685 1715 894 1786 plurimi
921 1723 1026 1768 tam
1057 1712 1342 1774 immanes,
1377 1716 1434 1761 ut
1462 1704 1776 1759 mulieribus
1802 1703 1930 1755 vitio
1950 1716 2074 1754 vcr-

479 1823 612 1878 tant,
661 1811 704 1864 si
749 1810 882 1863 forte
927 1821 1033 1860 non
1079 1803 1306 1874 pariant,
1343 1815 1444 1854 nec
1472 1799 1649 1852 sriuut
1691 1797 1793 1850 hoc
1832 1793 2074 1865 pariendi

478 1905 675 1957 donum
701 1901 770 1955 de
797 1899 943 1954 caelis
972 1906 1131 1966 atque
1158 1911 1189 1948 a
1222 1891 1554 1963 providentia
1602 1889 1781 1944 divina
1813 1889 2074 1958 originem

479 1993 717 2052 trahere.
749 2006 813 2044 ac
839 2004 1013 2058 neque
1044 1996 1287 2040 naturam
1317 1981 1573 2044 mulieris,
1607 1994 1780 2048 neque
1819 1991 2077 2048 Congres-

481 2102 621 2145 sum.
664 2098 838 2151 neque
866 2080 1007 2135 aliud
1033 2077 1322 2149 quidquam
1366 2075 1432 2128 ad
1475 2073 1578 2128 hoc
1605 2087 1699 2142 per
1725 2087 1784 2126 se
1808 2067 2077 2124 suflicere.

487 2179 867 2232 Verumtamen
895 2172 1140 2243 quamvis
1172 2170 1346 2225 sciant
1369 2167 1637 2221 immerito
1657 2179 1717 2219 se
1744 2165 1871 2216 vitio
1900 2171 2076 2215 verte-

485 2287 566 2337 re,
595 2268 918 2337 exprobrant
950 2274 1004 2319 et
1030 2270 1344 2317 aversantur
1373 2273 1634 2328 persu'pe,
1669 2271 1840 2326 neque
1871 2255 2078 2309 illarum

483 2361 756 2416 consortio
785 2358 1139 2413 delectantur.

557 2454 609 2509 5.
655 2451 944 2506 Videamus
974 2463 1122 2518 ergo,
1167 2461 1293 2499 num
1343 2443 1467 2498 huic
1509 2440 1721 2496 mulieri
1763 2439 1866 2494 hoc
1907 2439 2078 2508 ipsum

482 2546 756 2601 acciderit.
793 2543 922 2597 Nam
971 2542 1014 2596 si
1042 2540 1350 2608 despectant
1377 2535 1592 2606 quidem
1627 2535 1791 2597 illam,
1835 2542 2079 2586 contem-

484 2651 629 2710 pzam
647 2646 699 2692 ct
719 2634 1055 2691 contumeliis
1071 2631 1314 2686 alfectam
1333 2627 1549 2689 videris,
1567 2641 1739 2696 neque
1753 2625 1922 2696 gratia
1941 2623 2081 2693 apud

486 2731 736 2786 tnaritum
767 2729 963 2790 valere,
993 2725 1080 2794 qui
1112 2739 1211 2779 nec
1233 2723 1335 2778 ulla
1365 2722 1533 2790 ipsam
1553 2718 1793 2774 benevoli
1812 2717 1969 2772 ntiac
1991 2733 2087 2769 uno

489 2826 785 2894 plectatur,
839 2819 1038 2874 idcirco
1083 2816 1225 2869 illam
1274 2813 1438 2867 filium
1487 2819 1772 2880 esuptasse
1818 2807 2086 2878 conjicere

487 2914 708 2987 poteris,
736 2920 794 2966 ut
821 2909 988 2964 nmlta
1020 2907 1210 2961 liducia
1236 2914 1291 2960 et
1317 2904 1564 2958 libertate
1590 2900 1868 2971 gauderet,
1891 2914 1954 2953 ac
1971 2899 2086 2954 viro

487 3005 693 3075 gratior
738 3002 909 3056 lieret.
937 2999 1031 3054 Sin
1063 3007 1239 3050 autem
1281 2992 1612 3049 contrarium
1639 2991 2084 3060 deprehenderis,

489 3108 718 3163 eamque
761 3090 1050 3160 gratiorem
1082 3087 1168 3140 illa
1219 3085 1403 3150 fuisse,
1451 3100 1572 3153 qua:
1602 3083 1798 3138 liberos
1837 3081 2087 3150 habebat,

490 3185 632 3255 quod
662 3198 780 3238 eam
809 3182 891 3236 vir
916 3197 1044 3235 suus
1081 3178 1266 3248 majori
1301 3175 1672 3230 benevolentia
1703 3175 2089 3243 complectere-

492 3289 599 3344 tur,
632 3277 756 3330 binc
775 3281 997 3344 apparet
1019 3287 1122 3325 non
1146 3270 1215 3323 ob
1238 3270 1524 3321 humanum
1553 3267 1783 3336 aliquem
1813 3265 2086 3331 aﬂ‘ecttnn,

491 3385 664 3440 neque
691 3379 748 3423 ut
779 3369 947 3421 virmn
995 3363 1099 3418 sibi
1144 3362 1312 3432 magis
1351 3359 1684 3422 conciliaret.
1731 3373 1848 3413 eam
1877 3367 2092 3428 optasse

491 3463 708 3522 l.i)t‘l'05,
759 3458 854 3513 sed
898 3456 968 3511 ob
1013 3469 1132 3510 eam
1176 3467 1416 3513 causam,
1445 3465 1604 3520 quam
1633 3449 1888 3503 diximus.
1941 3447 2092 3504 Unde

491 3555 650 3622 igitur
680 3551 783 3604 hoc
811 3547 1008 3618 liquet?
1037 3545 1172 3600 Audi
1205 3542 1308 3597 hoc
1333 3543 1599 3596 dicentem
1631 3550 1928 3594 auctorem.
1975 3538 2092 3592 Non

488 3645 636 3699 enim
685 3641 787 3696 hoc
833 3649 1033 3694 temere
1066 3634 1262 3705 posuit,
1313 3632 1406 3686 sed
1453 3641 1512 3684 ut
1557 3631 1796 3686 mulieris
1843 3632 2092 3684 virtutem

493 3748 782 3805 agnoscas.
807 3731 942 3800 Quid
971 3745 1100 3800 ergo
1123 3727 1290 3797 inquit
1309 3725 1432 3780 ille?
1456 3723 1706 3793 Diligebat
1731 3725 1864 3779 enim
1896 3725 2095 3776 Annam

499 3830 696 3881 lilcana
721 3841 872 3896 super
903 3821 1234 3875 Phenunnam
1256 3817 1331 3889 (l.
1363 3811 1490 3886 Reg.
1525 3817 1577 3871 1.
1606 3815 1682 3886 5).
1709 3815 1908 3870 Deinde
1937 3829 2095 3882 porto

496 3936 619 3974 cum
651 3918 793 3973 illaut
824 3914 1031 3969 videret
1059 3927 1162 3967 neu
1185 3907 1490 3974 comedere,
1514 3905 1606 3962 sed
1633 3906 1862 3976 plorare,
1891 3907 2092 3975 inquit:

503 4012 638 4078 Quid
668 4022 740 4064 est
770 4008 878 4071 tibi,
909 4007 1029 4076 quia
1062 4001 1272 4074 ploras?
1309 4011 1355 4054 et
1395 4015 1487 4052 cur
1521 4014 1619 4051 non
1647 3997 1904 4050 comedis?
1931 4005 1980 4049 et
2008 4013 2098 4049 cur

499 4101 722 4155 rerberat
753 4112 798 4153 te
826 4116 913 4152 cor
938 4095 1119 4150 tuum?
1147 4107 1310 4146 nonne
1336 4091 1494 4144 bonus
1522 4105 1612 4159 ego
1644 4089 1732 4141 tibi
1753 4104 1902 4155 super
1929 4087 2097 4139 decem

501 4191 636 4261 [illos
667 4188 824 4260 (Ibid.
849 4205 895 4241 υ.
921 4187 1013 4256 8)?
1051 4183 1208 4237 Vides
1235 4197 1396 4250 quam
1430 4178 1507 4232 illi
1534 4179 1813 4233 devinctus
1842 4177 2017 4230 esset?
2045 4187 2099 4230 et

501 4287 616 4354 ejus
643 4298 800 4338 cmtsa
833 4279 1009 4350 potius
1036 4275 1274 4342 dolebat,
1323 4289 1429 4327 non
1471 4271 1614 4342 quod
1653 4271 1834 4326 liberis
1863 4280 2095 4333 careret,

501 4377 597 4433 sed
622 4374 762 4446 quod
795 4374 1000 4428 tristem
1030 4368 1178 4424 illam
1203 4378 1254 4422 et
1278 4379 1509 4420 maerore
1536 4362 1835 4418 conlectam
1859 4362 2100 4416 videret?

508 4470 622 4524 Non
673 4477 851 4521 tamen
905 4461 1192 4533 persuasit,
1241 4466 1298 4510 ut
1340 4455 1610 4511 tristitiam
1642 4453 1949 4507 discuteret.
1981 4452 2098 4507 Non

505 4562 649 4617 enim
683 4566 898 4628 propter
929 4555 1076 4608 Ilhun
1109 4552 1274 4605 lilium
1307 4548 1601 4618 qua-rebat,
1651 4545 1744 4600 sed
1779 4555 1832 4598 ut
1869 4545 2099 4614 aliquem

511 4655 622 4707 Deo
649 4651 878 4707 fructum
911 4646 1210 4702 exhiberet.
1243 4642 1311 4697 Et
1337 4641 1577 4702 surrexit,
1613 4641 1806 4708 inquit,
1839 4650 2102 4709 postquam

507 4743 606 4812 ipsi
635 4742 953 4795 comederunt
987 4740 1038 4790 in
1069 4737 1240 4791 Selont
1258 4736 1294 4798 ⁸,
1329 4745 1374 4786 et
1403 4733 1652 4796 biberant,
1682 4742 1728 4785 et
1773 4731 1904 4784 stetit
1931 4746 2102 4784 corum

511 4835 732 4892 Domino
762 4831 922 4900 (Ibid.
955 4848 1004 4884 ι’.
1029 4828 1084 4895 9)
1141 4829 1252 4881 Non
1298 4826 1414 4880 sine
1445 4840 1604 4878 causa
1638 4825 1839 4877 dictum
1879 4831 1961 4876 est
2005 4821 2106 4875 huc

510 4941 745 4996 quoque,
775 4921 1046 4988 Postquam
1073 4919 1414 4982 comederunt,
1445 4928 1488 4968 et
1516 4915 1778 4967 biberant:
1807 4913 1899 4968 sed
1935 4923 1989 4967 t.t
2023 4913 2105 4965 itt-

511 5019 739 5086 tcltigas,
771 5012 912 5083 quod
944 5011 1031 5063 alii
1055 5008 1414 5077 voluptatibus
1435 5017 1484 5061 et
1517 5007 1628 5060 otio
1657 5015 1867 5074 tempus
1898 5005 2108 5072 inope..-

511 5111 667 5170 tluut,
703 5105 830 5161 illud
881 5119 1000 5158 eam
1047 5101 1291 5170 precibus
1344 5114 1406 5151 ac
1454 5097 1705 5165 lacrymis
1759 5095 2103 5165 impendisse.

511 5202 654 5271 quod
698 5199 874 5254 Sttltl‘la
907 5195 1191 5266 plurimutn
1223 5206 1285 5244 ac
1311 5190 1534 5259 vigilans
1562 5197 1724 5242 esset.
1753 5187 1817 5240 Et
1857 5189 1990 5241 stetit
2014 5203 2103 5242 c0-

511 5315 622 5354 rant
652 5295 974 5350 Domino:et
1010 5288 1125 5342 Heli
1173 5286 1428 5345 sacerdos,
1477 5283 1666 5353 inquit,
1711 5283 1913 5335 sedebat
1955 5298 2107 5350 super

514 5390 692 5443 ullam
721 5388 772 5439 in
799 5382 1054 5438 liminibus
1079 5378 1252 5448 templi
1287 5375 1515 5429 Domini.
1547 5373 1622 5429 Ne
1655 5373 1756 5427 hoc
1784 5373 1997 5443 quidem
2029 5384 2108 5427 ιι·-

514 5497 665 5538 mere
709 5480 934 5549 positum
979 5485 1085 5535 est,
1122 5473 1237 5526 Heli
1266 5471 1501 5525 sacerdos
1540 5468 1740 5522 sedebat
1768 5467 1818 5521 in
1851 5467 2107 5521 liminibus

582 5656 599 5686 ί
635 5653 796 5708 silum,
823 5658 939 5710 tteg.
967 5645 1170 5696 etColb.
1197 5657 1337 5692 unus.

584 5726 656 5782 (at
686 5726 815 5782 Ita-r,
853 5708 1076 5782 tenuato
1099 5725 1327 5782 tempore
1348 5715 1479 5782 toil);
1523 5715 1569 5766 ἐξ
1599 5710 1780 5769 ἱκανοῦ,
1808 5710 1990 5772 φησίνρ,
2014 5708 2104 5758 tle-

521 5775 660 5830 erant
690 5779 739 5826 in
773 5775 937 5838 lidito;
980 5778 1068 5825 sed
1093 5775 1357 5827 (lolbcrtini
1396 5775 1596 5822 habent.

1211 309 1267 365 S.
1310 304 1589 364 JOANNIS
1626 296 2094 356 tlIll‘tYSOSTOMI
2135 293 2454 349 ARCIIIICP.
2495 288 3033 346 CONSTANTINOP.

3666 286 3797 342 (HO

2172 407 2340 476 templi
2363 404 2600 466 Domini;
2629 403 2723 458 sed
2743 411 2798 457 ut
2817 402 2994 456 fervor
3020 399 3258 456 tnulirris
3283 401 3617 457 ostendatur.
3636 401 3799 456 Nam

2169 510 2224 551 ut
2245 513 2387 566 sa-pe
2413 496 2570 551 vidua
2595 495 2786 550 mulier
2806 495 3004 549 auxilio
3029 495 3279 548 destituta
3307 510 3371 548 ac
3388 495 3624 557 deserta,
3643 509 3801 548 con-

2171 589 2404 643 tumeliis
2431 604 2496 641 ac
2523 588 2685 642 variis
2715 587 2924 657 injuriis
2961 586 3176 651 aﬂccta,
3204 602 3324 640 cum
3361 586 3499 641 forte
3525 586 3802 641 imminet

2175 680 2518 748 Imperatoris
2534 679 2816 744 adventus,
2844 678 3188 744 satellitibus,
3211 679 3470 748 clypcatis
3488 678 3801 742 militibus,

2170 771 2459 840 equitibus,
2492 771 2707 841 alioque
2734 771 2903 825 multo
2931 769 3197 825 famulitio
3229 769 3591 840 pra-cedente,
3615 769 3803 824 mini-

2173 881 2259 918 tnc
2284 872 2540 930 terretur,
2571 879 2744 933 neque
2769 872 2995 934 pitrouo
3026 862 3246 932 indiget,
3280 862 3374 916 st-d
3421 876 3611 916 omnes
3660 862 3801 915 illos

2176 971 2527 1024 perrumpens
2557 955 2722 1007 tnulta
2753 970 2874 1008 cum
2903 952 3094 1007 fiducia
3129 953 3506 1021 Imperatorem
3546 951 3799 1023 alloquio

2175 1060 2262 1104 tur
2289 1066 2546 1120 suamque
2571 1051 2928 1103 calamitatem
2954 1047 3221 1117 deplorat,
3245 1047 3313 1100 ad
3339 1047 3456 1114 ejus
3483 1048 3801 1115 alloqu'um

2174 1146 2242 1197 ab
2271 1145 2382 1214 ipsa
2423 1143 2743 1197 necessitate
2770 1143 3033 1197 deducta:
3065 1142 3144 1197 sic
3189 1141 3439 1196 nimirum
3479 1150 3532 1194 et
3574 1141 3799 1194 tnidier

2177 1236 2275 1289 ista
2308 1251 2413 1289 non
2458 1235 2696 1302 erubuit,
2730 1251 2902 1305 neque
2939 1235 3086 1289 illam
3128 1235 3316 1306 puduit
3347 1235 3570 1290 sedente
3599 1250 3798 1288 sacer-

2179 1327 2304 1380 dote
2338 1344 2432 1397 per
2481 1328 2710 1395 seipsatu
2761 1337 2965 1395 petere,
3013 1342 3078 1381 ac
3123 1328 3289 1381 multa
3333 1343 3454 1380 cuin
3485 1325 3680 1380 Iidueia
3716 1326 3797 1380 ad

2180 1419 2562 1487 Imperatorem
2593 1419 2874 1484 accedere,
2903 1419 2997 1474 sed
3032 1419 3256 1489 impulsa
3297 1419 3582 1483 desiderio,
3618 1429 3798 1487 atque

2181 1515 2232 1565 itt
2264 1513 2454 1564 cadum
2485 1521 2664 1565 mente
2695 1511 2968 1572 subvecta,
3001 1521 3269 1581 tamquam
3302 1511 3472 1580 ipsum
3492 1526 3522 1565 c
3546 1522 3798 1565 pluere-

2185 1612 2270 1656 tur
2294 1603 2482 1667 Demn,
2519 1605 2585 1656 ita
2609 1619 2731 1656 cmn
2759 1619 2972 1657 summo
2997 1603 3142 1658 illum
3169 1602 3380 1658 fervore
3400 1603 3706 1672 compellab
3729 1615 3797 1659 ιι.

2179 1694 2316 1763 Quid
2343 1709 2389 1747 v.
2413 1711 2473 1749 ro
2499 1696 2606 1748 ait?
2632 1695 2742 1749 Imo
2769 1711 2897 1750 vero
2926 1695 3128 1749 nullmn
3149 1696 3368 1750 verbum
3399 1696 3794 1765 prium-mittit,

2183 1786 2275 1841 sed
2307 1786 2525 1840 lletumn
2560 1788 2834 1856 prtemittit
2863 1788 3163 1853 exordium,
3193 1798 3246 1841 et
3275 1788 3478 1840 calidos
3515 1789 3796 1857 Iacr_vtna-

2184 1891 2300 1930 rum
2334 1875 2476 1929 riios
2506 1876 2747 1930 elfuntlit.
2797 1877 2860 1930 lit
2899 1877 3059 1938 sicut,
3103 1892 3226 1930 cum
3267 1879 3464 1931 imbres
3503 1878 3791 1941 decidunt.

2185 1969 2342 2024 tellus
2371 1970 2481 2038 ipsa
2513 1969 2698 2023 durior
2726 1969 2941 2038 irrigata
2963 1981 3018 2024 et
3044 1970 3280 2024 emollita
3313 1971 3458 2040 scips
3478 1987 3543 2023 xm
3574 1971 3796 2024 lit-ilius

2185 2061 2251 2114 ad
2286 2061 2656 2130 producendus
2683 2060 2860 2126 fruges
2890 2063 3108 2126 excitat,
3141 2063 3220 2115 sic
3253 2062 3414 2114 etiam
3451 2062 3502 2114 in
3543 2060 3644 2115 hac
3673 2079 3796 2114 tnu-

2187 2152 2317 2207 lierc
2345 2153 2589 2223 contigit.
2637 2153 2912 2223 Siquidem
2955 2163 3223 2224 tamquam
3266 2156 3334 2208 ab
3379 2155 3644 2208 imbribus
3671 2160 3792 2225 qui-

2189 2246 2410 2301 busdam
2441 2263 2469 2300 a
2494 2249 2742 2320 lacrymis
2763 2249 3001 2302 emoilita
3030 2249 3207 2314 vulva,
3228 2258 3282 2304 et
3303 2249 3490 2304 dolore
3527 2250 3791 2306 caletacta

2185 2340 2350 2407 cmpit
2375 2339 2439 2392 ad
2482 2341 2791 2409 praeclaram
2839 2339 2976 2394 hanc
3020 2339 3312 2394 liberorum
3358 2342 3791 2410 procreationem

2187 2432 2429 2487 excitari.
2465 2432 2759 2486 Audiamus
2787 2441 2966 2486 autem
3004 2431 3116 2501 ipsa
3167 2433 3351 2497 verba,
3399 2433 3793 2502 pulclnmnquc

2188 2524 2342 2578 istam
2371 2525 2833 2595 supplicationem.
2874 2525 3113 2588 l’turans,
3143 2526 3332 2594 inquit,
3357 2527 3600 2596 ploravit,
3633 2541 3679 2581 et
3707 2543 3795 2580 eo-

2189 2629 2294 2672 tum
2321 2621 2449 2672 vovit
2470 2617 2690 2674 Domino
2717 2620 2907 2684 dicens,
2936 2621 3138 2674 Anoxsi
3155 2634 3352 2674 noxias
3378 2619 3513 2675 Εωῑ
3543 2622 3793 2675 Ssnsorl

2193 2712 2268 2783 (I.
2307 2709 2430 2781 ιιιεσ.
2465 2713 2513 2765 1.
2549 2711 2632 2767 I0.
2664 2711 2772 2782 Il).
2805 2711 3104 2766 Tremenda
3135 2714 3295 2766 verba
3325 2721 3377 2767 et
3411 2712 3659 2767 horroris
3685 2713 3794 2782 plc-

2193 2819 2288 2868 ua;
2322 2813 2571 2873 recteque
2603 2805 2798 2858 laetum
2829 2813 2912 2856 est
2937 2819 2965 2856 a
3002 2804 3284 2872 scriptore,
3313 2819 3436 2858 cum
3469 2804 3522 2858 iu
3556 2816 3792 2860 nostram

2194 2898 2425 2968 linguam
2456 2914 2516 2953 ea
2564 2915 2668 2951 non
2702 2899 3002 2952 transtulit:
3029 2913 3202 2967 neque
3245 2898 3388 2952 enim
3437 2900 3660 2968 propria
3708 2915 3794 2953 rc-

2194 2999 2337 3044 tenta
2383 2991 2580 3044 virtute
2618 2989 2670 3043 iu
2707 2989 2955 3043 Grzecum
2998 2989 3085 3042 illa
3127 3004 3435 3044 sermonem
3475 2999 3797 3046 contertere

2194 3083 2474 3152 potuisset.
2505 3081 2615 3137 Nec
2644 3097 2750 3135 uno
2796 3082 2941 3134 illum
2969 3081 3232 3135 vocabqu
3259 3081 3455 3134 mulier
3481 3082 3794 3151 appellavit,

2194 3174 2288 3229 sed
2324 3175 2564 3244 pluribus
2592 3190 2710 3244 quze
2742 3173 2818 3226 illi
2857 3174 3179 3234 tributmtur,
3212 3182 3269 3225 ut
3309 3188 3552 3227 amorem
3580 3190 3706 3243 erga
3732 3174 3797 3226 il-

2195 3265 2303 3320 lum
2335 3281 2514 3329 suum,
2537 3274 2593 3320 et
2615 3265 2894 3319 ardentem
2920 3265 3167 3318 allectum
3199 3264 3529 3318 ostenderet.
3573 3263 3638 3318 Et
3663 3266 3796 3318 sicut

2195 3361 2284 3428 qui
2321 3357 2533 3412 libellos
2563 3357 2831 3427 supplices
2855 3355 3161 3411 oll‘ercudos
3190 3356 3502 3426 Imperatori
3535 3357 3794 3415 scribunt,

2197 3466 2302 3503 non
2336 3465 2497 3502 unum
2529 3450 2768 3503 inserunt
2799 3464 3015 3514 nomen,
3045 3449 3140 3503 sed
3169 3449 3664 3517 Triumpbatorem,
3697 3451 3798 3502 Au-

2195 3551 2431 3609 gustum,
2477 3540 2880 3610 Imperatorem,
2912 3553 2968 3596 et
3009 3541 3112 3596 alia
3145 3542 3310 3596 multa
3337 3541 3657 3596 sublimiora
3691 3543 3798 3594 istis

2197 3651 2318 3688 cum
2345 3634 2668 3694 addiderint.
2699 3645 2807 3687 tum
2835 3634 3050 3686 dennnn
3078 3649 3202 3686 suas
3223 3648 3410 3702 preces
3439 3633 3675 3686 oll'eruut
3696 3634 3800 3687 :s’c

2197 3741 2252 3785 et
2281 3730 2377 3783 ista
2405 3744 2526 3782 cum
2551 3727 2786 3782 libellmn
2809 3726 3094 3796 quemdam
3116 3727 3410 3797 supplicem
3429 3724 3650 3780 olferrct
3674 3726 3798 3788 lteo,

2199 3824 2366 3878 multa
2411 3822 2462 3875 in
2509 3821 2731 3875 exordio
2779 3818 3186 3890 supplicationis
3228 3833 3341 3872 sua:
3385 3817 3601 3870 notniua
3637 3819 3798 3886 ponit,

2198 3931 2321 3971 cmn
2349 3923 2408 3968 ut
2431 3914 2704 3974 allectum,
2739 3922 2796 3966 ιιι
2823 3920 2946 3965 ante
2976 3911 3108 3975 dixi,
3139 3911 3438 3980 proprium,
3471 3919 3583 3963 tum
3627 3921 3686 3964 ut
3714 3910 3801 3962 ho-

2201 4023 2388 4064 norem
2439 4007 2657 4072 indicet,
2700 4021 2808 4076 quo
2855 4005 3198 4074 prosequitur
3241 4019 3365 4057 eum
3397 4007 3482 4057 cui
3511 4003 3797 4074 supplicat.

2203 4103 2492 4158 Enimvero
2517 4113 2701 4169 preces
2724 4098 2866 4166 ipsas
2891 4097 2904 4127 ¹
2933 4095 3154 4150 dictavit
3176 4095 3330 4149 dolor
3353 4113 3365 4148 :
3391 4105 3725 4166 quapropter
3753 4104 3801 4149 et

2203 4193 2486 4252 confestim
2513 4191 2758 4246 exaudita
2789 4199 2893 4258 est,
2921 4205 3040 4244 cum
3066 4189 3184 4242 illas
3203 4189 3492 4243 admodum
3517 4188 3760 4257 prudvnt-
3779 4204 3804 4241 r

2204 4285 2528 4356 scripsisset.
2559 4283 2717 4338 Tales
2744 4283 2941 4352 quippe
2983 4290 3130 4345 sunt,
3178 4295 3298 4349 qua:
3332 4296 3396 4334 ex
3429 4280 3596 4333 animi
3625 4279 3804 4333 dolore

2205 4378 2504 4434 funduntur
2530 4375 2820 4430 orationes.
2851 4371 2985 4428 Nam
3026 4387 3125 4442 pro
3145 4371 3330 4426 charta
3360 4370 3458 4426 fuit
3488 4388 3646 4427 utens
3671 4375 3804 4441 ejus.

2208 4489 2304 4542 pro
2328 4472 2534 4524 calamo
2558 4470 2756 4537 lingua,
2789 4467 3020 4537 Iacryma
3056 4481 3152 4535 pro
3179 4474 3517 4519 atramento:
3552 4481 3714 4534 quam
3744 4466 3808 4518 ob

2205 4579 2421 4619 causam
2448 4562 2513 4616 ad
2544 4564 2685 4615 hunc
2712 4575 2878 4629 usque
2906 4559 3050 4612 dietn
3077 4558 3195 4628 ejus
3216 4557 3540 4627 supplicatio
3563 4574 3809 4628 perman-

2205 4657 2295 4712 sit.
2330 4653 2645 4710 Iadelebilcs
2673 4651 2868 4722 quippe
2908 4649 3040 4704 ﬁunt
3067 4649 3329 4718 ejusmodi
3355 4650 3546 4714 literte,
3575 4665 3699 4719 qua:
3724 4650 3812 4703 illo

2210 4749 2387 4802 tincta:
2423 4746 2617 4799 I'ucrint
2643 4753 2961 4798 atramento.
2991 4746 3165 4811 Atque
3193 4740 3474 4795 exordium
3505 4741 3729 4807 quidem
3756 4742 3812 4794 li-

2211 4840 2330 4893 belli
2357 4839 2610 4908 supplicis
2638 4836 2739 4890 tale
2761 4835 2889 4899 fuit;
2913 4851 3030 4904 qua:
3053 4851 3181 4888 vero
3199 4843 3516 4904 sequuntur,
3536 4837 3813 4905 qumnant?

2211 4933 2272 4987 Si
2316 4933 2586 5002 respiciens
2633 4929 2930 4996 respexeris,
2973 4926 3165 4996 inquit,
3211 4941 3363 4995 super
3409 4925 3814 4980 Itmniliationcm

2210 5026 2408 5079 ancilla:
2433 5021 2621 5090 tua'(l.
2655 5021 2782 5091 Reg.
2807 5021 2856 5073 l.
2888 5019 2992 5088 II).
3017 5018 3254 5073 N«'('dUtl|
3277 5019 3565 5087 quidquam
3583 5020 3811 5088 accepit,

2209 5129 2263 5171 et
2293 5135 2320 5169 a
2351 5114 2706 5186 promis-ioue
2737 5113 2991 5165 tn'ationis
3016 5111 3166 5164 duxit
3193 5111 3495 5164 exordium.
3535 5109 3811 5164 Remune-

2212 5223 2362 5266 ratur
2405 5209 2594 5274 Deum,
2639 5221 2758 5260 cum
2809 5205 3070 5258 nihildum
3119 5206 3364 5257 manibus
3411 5213 3616 5258 teneat.
3667 5205 3813 5258 Adeo

2212 5301 2473 5365 fervebat,
2504 5308 2558 5352 et
2585 5297 2650 5351 ad
2683 5298 2784 5350 hoc
2827 5297 3004 5364 putius
3045 5311 3204 5365 quam
3245 5295 3310 5348 ad
3357 5295 3486 5347 illud
3519 5295 3811 5365 a<pirabat,

2213 5394 2438 5462 ideoque
2468 5390 2567 5445 sibi
2599 5390 2764 5443 lilium
2796 5389 2907 5441 dari
2937 5390 3275 5456 precabatur.
3321 5385 3380 5439 Si
3417 5387 3693 5456 respiciens
3732 5401 3810 5437 rc.

2212 5485 2435 5556 speseris
2461 5497 2612 5552 super
2642 5480 3044 5532 Immiliationem
3073 5479 3274 5532 ancilla:
3306 5488 3426 5530 tutt'.
3463 5478 3668 5546 Duplici
3694 5476 3811 5544 jure

2212 5580 2377 5646 nitor,
2405 5577 2592 5647 inquit,
2625 5574 2917 5638 servitutis,
2940 5583 2991 5626 et
3021 5572 3359 5626 calamitatis.
3399 5571 3460 5624 lit
3480 5571 3547 5624 da
3569 5571 3695 5624 mihi
3722 5586 3812 5620 tut-

2277 5761 2293 5789 ι
2328 5756 2478 5814 colt»,
2503 5753 2590 5804 has
2608 5765 2793 5815 preces,
2823 5752 2959 5800 ctsie
2986 5752 3133 5800 etiam
3167 5757 3281 5811 ueg.
