4064 6438
277 434 390 490 639

279 546 461 620 μῆκος
501 545 602 615 τῆς
651 545 848 616 λύπης,
892 545 952 598 00
985 545 1077 598 δύο
1130 543 1225 598 καὶ
1272 546 1418 616 τρεῖς
1463 544 1698 614 ἡμέραι,
1747 542 1866 595 οὐδὲ

281 630 457 684 εῐκοσι
483 629 578 682 καὶ
606 630 821 689 ἑκατὸν,
845 629 966 682 ούδέ
996 628 1161 698 χίλιαι
1192 629 1284 681 καὶ
1309 629 1389 690 δὶς
1414 626 1673 680 τοσαῦται
1694 642 1707 655 ’
1731 625 1868 686 ἀλλ’,

290 714 387 780 Ἐξ
434 712 645 776 ἱκανοῦ,
688 714 871 782 φησὶν,
905 712 998 783 ἔτη
1052 711 1221 765 πολλὰ
1265 711 1575 782 λυπουμένη
1621 709 1715 762 καὶ
1757 708 1872 760 όδυ-

274 797 501 868 νωμένη
528 791 596 866 ἦν
624 798 657 867 ἡ
685 797 820 867 γυνή
843 814 855 826 ’
885 796 1042 848 τοῦτο
1069 797 1174 868 γάρ
1203 797 1320 848 ἐστι
1352 795 1432 859 :0,
1459 795 1591 848 Ἀπὸ
1626 793 1868 848 ἱκανοῦ·

277 881 378 933 καὶ
422 880 571 949 ὅμως
617 880 717 931 οὐκ
769 879 1233 949 ἀπεδυσπέτησεν,
1284 878 1404 932 οὐδὲ
1439 877 1666 949 ἤλεγξεν
1701 875 1872 945 αὐτῆς

269 961 380 1034 ’τὴν
411 962 729 1032 φιλοσοφίαν
763 962 855 1015 τοῦ
895 963 1087 1033 χρόνου
1115 962 1176 1014 :0
1217 963 1413 1033 μῆκος,
1444 961 1563 1014 ούδέ
1592 960 1661 1014 τὰ
1693 961 1870 1031 ὀνείδη

279 1046 378 1098 καὶ
408 1048 462 1099 αί
498 1046 756 1118 λοιδορίαι
785 1046 885 1117 τῆς
925 1046 1231 1116 ἁντιζήλου,
1261 1046 1374 1100 ἀλλ’
1400 1045 1600 1116 ηὔχετο
1635 1046 1873 1115 συνεχῶς

275 1129 378 1183 καὶ
412 1129 645 1183 ἱκέτευε*
686 1131 779 1182 καὶ
826 1129 888 1182 :0
919 1129 983 1201 δὴ
1017 1131 1200 1200 μεῖξον
1237 1130 1513 1193 ἁπάντων,
1559 1130 1651 1182 1:01.
1688 1129 1716 1182 ὃ
1769 1129 1874 1200 μά-

277 1212 441 1266 λιστα
476 1213 745 1266 δείκνυσιν
790 1213 960 1283 αὐτῆς
1004 1214 1094 1266 τὸν
1131 1215 1259 1284 περὶ
1289 1214 1379 1266 τὸν
1409 1214 1539 1266 Θεὸν
1569 1215 1750 1273 πόθον,
1791 1215 1870 1267 ὅτι

269 1297 382 1366 οὐχ
425 1297 608 1361 ἁπλῶς
634 1298 764 1350 00:0
794 1298 952 1351 τοῦτο
981 1297 1041 1350 :0
1085 1299 1298 1350 παιδίον
1341 1296 1645 1368 κτήσασθαι
1677 1297 1874 1349 ἐπεθύ-

280 1400 398 1452 μει,
430 1382 564 1436 ἀλλὰ
589 1381 801 1454 καρπὸν
830 1382 1108 1434 ἀναθεῖναι
1140 1381 1218 1452 :03
1245 1380 1384 1452 Θεῷ,
1416 1381 1510 1434 καὶ
1542 1381 1642 1451 τῆς
1667 1382 1872 1445 οἰκείας

276 1467 517 1538 γαστρὸς
547 1465 917 1539 ἀπάρξασθαι,
952 1467 1044 1519 καὶ
1073 1467 1172 1536 τῆς
1205 1467 1374 1536 καλῆς
1408 1465 1611 1535 ταύτης
1640 1465 1870 1536 ὑποσχέ-

274 1567 422 1613 σεως
455 1549 639 1603 λαϐεῖν
663 1551 753 1602 τὸν
783 1549 993 1620 μισθόν.
1020 1548 1192 1602 Πόθεν
1229 1548 1386 1601 τοῦτο
1415 1548 1601 1619 δήλονς
1639 1549 1734 1600 Ἐκ
1761 1549 1872 1601 τῶν

279 1633 422 1702 μετά
454 1631 625 1686 ταῦτα
657 1631 934 1703 ῥημάτων.
963 1633 1109 1686 Ἰστε
1145 1633 1253 1704 γὰρ
1301 1632 1475 1702 δήπου
1528 1632 1748 1696 πάντες,
1789 1634 1872 1686 ὅτι

271 1718 399 1779 ταῖς
431 1715 648 1784 γυναιξὶ
674 1715 762 1769 διὰ
805 1717 930 1778 τοὺς
974 1714 1174 1786 ἄνδρας
1227 1715 1465 1785 μάλιστα
1517 1716 1792 1786 ἀφόρητον
1837 1717 1870 1786 ἡ

275 1799 526 1853 ἀπαιδία.
573 1799 766 1852 Πολλοὶ
805 1798 914 1870 γὰρ
943 1797 1052 1850 τῶν
1101 1796 1404 1870 ἀνθρώπων
1449 1797 1622 1864 οὕτως
1661 1799 1871 1867 ἀλόγως

267 1882 596 1947 διάκεινται,
625 1882 697 1945 ὡς
741 1885 860 1947 ταῖς
905 1881 1152 1951 γυναιξὶν
1207 1883 1478 1950 ἐγκαλεῖν,
1533 1881 1753 1936 ἐπειδὰν
1795 1883 1868 1954 μὴ

272 1965 554 2030 τίκτωσιν,
584 1965 684 2018 οὐκ
716 1964 918 2029 εἰδότες
968 1965 1051 2018 ὅτι
1088 1964 1150 2018 :0
1171 1968 1350 2018 τεκεῖν
1381 1965 1587 2020 ἄνωθεν
1621 1966 1733 2036 ἔχει
1771 1965 1870 2036 τὴν

274 2049 473 2123 ἀρχὴν,
502 2050 610 2104 01:0
640 2052 741 2120 τῆς
770 2049 864 2103 τοῦ
905 2046 1043 2102 Θεοῦ
1079 2048 1355 2121 προνοίας,
1387 2050 1482 2102 καὶ
1526 2047 1650 2102 οὔτε
1682 2067 1871 2117 γυναι-

275 2133 374 2197 κὸς
405 2133 586 2202 φύσις,
614 2131 738 2187 οὔτε
770 2132 1047 2199 συνουσία,
1089 2132 1213 2186 οὔτε
1243 2133 1371 2188 ἄλλο
1401 2133 1553 2188 οὐδὲν
1600 2134 1872 2205 αὐταρκὲς

275 2216 419 2286 πρὸς
447 2216 605 2270 τοῦτό
638 2217 807 2270 ἐστιν.
848 2215 987 2269 Ἀλλ’
1017 2218 1189 2286 ὅμως,
1222 2217 1401 2269 καίτοι
1440 2233 1504 2285 γε
1551 2216 1750 2282 εἰδότες
1789 2218 1871 2270 ὅτι

275 2297 482 2363 ἀδίκως
523 2297 864 2368 ἐγκαλοῦσιν,
908 2299 1256 2363 ὀνειδίζουσι,
1304 2301 1398 2353 καὶ
1441 2300 1873 2371 ἀποστρέφονται

275 2381 559 2446 πολλάκις,
598 2383 692 2436 καὶ
723 2383 822 2452 οὐχ
854 2381 1025 2453 ἡδέως
1058 2383 1194 2454 πρὸς
1223 2382 1394 2446 00:0;
1421 2381 1656 2453 ἔχουσιν.

344 2471 408 2519 5'.
436 2466 664 2536 Ἵδωμεν
698 2465 874 2518 τοίνυν
903 2465 999 2518 καὶ
1037 2467 1129 2519 ἐπὶ
1156 2465 1359 2536 ταύτης
1382 2467 1482 2537 τῆς
1527 2466 1785 2534 γυναικὸς
1821 2467 1871 2518 εί

271 2547 433 2602 τοῦτο
475 2549 804 2603 συνέϐαινεν.
833 2549 929 2601 Ἂν
963 2549 1062 2619 μὲν
1092 2549 1202 2620 γὰρ
1236 2549 1351 2619 ίδῃς
1393 2549 1564 2620 αὐτὴν
1594 2566 1871 2620 καταφρο-

273 2631 569 2704 νουμένην,
618 2631 1048 2702 ἀτιμαζομένην,
1111 2631 1500 2702 ὑϐριζομένην,
1556 2632 1871 2703 παῤῥησίαν

273 2714 376 2767 οὐκ
409 2713 638 2784 ἔχουσαν
669 2714 804 2786 πρὸς
831 2715 926 2768 τὸν
954 2713 1141 2785 ἄνδρα,
1181 2715 1304 2768 οὐδὲ
1343 2714 1544 2785 πολλῆς
1572 2714 1872 2768 ἀπολαύου-

276 2815 376 2852 σιν
407 2800 506 2869 τῆς
536 2799 768 2864 εὐνοίας,
809 2799 1015 2870 δυνήσῃ
1048 2799 1436 2870 στοχάσασθαι,
1479 2799 1561 2853 ὄτι
1587 2799 1674 2852 διὰ
1711 2797 1870 2854 τοῦτο

275 2887 542 2958 ἐπεθύμει
571 2887 806 2951 παιδίου,
841 2887 928 2941 ἵνα
959 2888 1271 2959 παρῥησίαν
1301 2887 1399 2961 ἔχῃ
1430 2888 1524 2942 καὶ
1553 2887 1868 2961 ἐλευθερίαν

273 2972 499 3043 πολλὴν,
533 2973 630 3026 καὶ
668 2971 1019 3043 ποθεινοτέρα
1070 2971 1294 3042 γένηται
1343 2971 1420 3043 τῷ
1453 2971 1627 3043 ἀνδρί.
1658 2973 1756 3025 Ἂν
1803 2972 1861 3024 δὲ

273 3056 586 3110 τούναντίον
611 3055 756 3110 ἅπαν
784 3055 972 3130 εὕρῃς,
996 3055 1164 3128 αὐτὴν
1197 3057 1295 3128 τῆς
1323 3056 1393 3108 τὰ
1422 3056 1610 3109 παιδία
1639 3054 1870 3126 ἐχούσης

277 3141 485 3212 μᾶλλον
512 3141 906 3212 ἀγαπωμένην,
949 3141 1044 3195 καὶ
1079 3140 1323 3204 πλείονος
1363 3139 1742 3193 ἀπολαύουσαν
1776 3139 1864 3192 εύ-

277 3225 448 3291 νοίας,
487 3223 710 3294 εὔδηλον
736 3226 817 3278 ὅτι
851 3226 911 3278 o0
946 3225 1010 3278 δι’
1042 3223 1382 3296 ἀνθρώπινόν
1415 3241 1487 3288 τι,
1517 3223 1625 3277 οὐδ’
1663 3224 1750 3278 ἵνα
1777 3224 1869 3280 τὸν

277 3310 449 3381 ἄνδρα
487 3309 857 3378 ἐπισπάσηται
891 3309 1114 3380 μᾶλλον,
1158 3307 1422 3378 ἐπεθύμει
1467 3307 1700 3371 παιδίου,
1734 3307 1870 3362 ἀλλά

271 3395 368 3448 διὰ
405 3393 504 3465 τὴν
536 3392 833 3465 εἰρημένην
885 3395 1088 3448 αἰτίαν.
1135 3392 1305 3446 Πόθεν
1349 3388 1442 3446 οὖν
1477 3391 1635 3445 τοῦτο
1671 3392 1865 3463 δῆλονς

276 3477 432 3550 [707]
459 3479 726 3531 ’Ἄκουσον
769 3477 934 3530 αὑτοῦ
982 3477 1078 3530 τοῦ
1123 3478 1484 3547 συγγραφέως
1524 3478 1655 3530 00:0
1686 3477 1870 3546 λέγον-

275 3578 399 3627 τοςο
433 3562 555 3616 ούδέ
598 3562 708 3634 γάρ
757 3561 942 3624 ἁπλῶς
979 3561 1111 3615 00:0
1164 3560 1429 3627 τέθεικεν,
1477 3559 1592 3614 ἀλλ’
1637 3561 1723 3615 ἵνα
1769 3561 1870 3631 τῆς

273 3645 538 3716 γυναικὸς
590 3646 769 3718 μάθῃς
801 3644 899 3716 τήν
946 3645 1168 3716 ἀρετήν.
1224 3643 1290 3696 Τί
1337 3639 1430 3698 οὖν
1471 3638 1627 3707 οὗτός
1669 3660 1866 3714 φησιν;

291 3728 516 3798 Ἠγοάπα
547 3727 656 3799 γὰρ
686 3731 718 3782 ὁ
746 3728 999 3782 Ἐλκανὰ
1026 3725 1142 3794 τὴν
1179 3727 1398 3780 Ἅνναν
1427 3725 1577 3796 ὑπὲρ
1621 3725 1736 3794 τὴν
1760 3729 1869 3779 Φε-

274 3813 532 3868 νάνναν.
555 3807 690 3865 Εἶτα
723 3812 859 3883 μετά
883 3811 1054 3864 ταῦτα
1091 3808 1217 3868 ἰδὼν,
1239 3811 1407 3880 αὐτὴν
1438 3810 1538 3862 ούκ
1562 3810 1867 3874 ἐσθίουσαν,

277 3895 416 3948 ἀλλά
442 3895 756 3958 κλαίουσαν,
780 3893 940 3966 φησί·
973 3894 1032 3947 Τί
1053 3892 1186 3947 ἔστι
1215 3909 1334 3956 σοι,
1362 3893 1450 3946 ὅτι
1483 3891 1746 3958 κλαίεις;
1771 3892 1871 3946 καὶ

276 3979 381 4036 ἵνα
436 3978 494 4032 τί
538 3980 650 4033 οὐκ
689 3977 948 4042 ἐσθίεις;
1000 3975 1101 4029 καὶ
1155 3976 1259 4030 ἵνα
1312 3974 1369 4028 τί
1439 3975 1643 4028 τύπτει
1694 3991 1768 4029 σε
1831 3976 1865 4043 ἡ

271 4062 493 4132 καρδία
531 4079 683 4127 σου;
729 4064 840 4116 οὐκ
876 4059 1096 4129 ἀγαθὸς
1127 4058 1240 4130 ἐγώ
1280 4072 1380 4112 σοι
1416 4056 1568 4126 ὑπὲρ
1598 4057 1744 4112 δέκα
1778 4058 1870 4112 τέ-

277 4163 430 4209 κ›·α;
466 4147 630 4217 Ὁρᾷς
661 4146 780 4208 πῶς
809 4145 978 4212 αὐτῆς
1013 4143 1295 4214 ἐξήρτητο,
1341 4142 1432 4194 καὶ
1465 4141 1603 4212 ὑπὲρ
1653 4141 1870 4214 ἐκείνης

276 4231 436 4302 ἤλγει
480 4230 662 4294 πλέον,
693 4229 753 4282 00
784 4228 872 4281 0:0
902 4227 962 4281 :0
995 4227 1069 4298 μὴ
1101 4226 1244 4296 ἔχειν
1272 4225 1480 4288 παιδία,
1517 4225 1652 4278 ἀλλὰ
1691 4225 1777 4278 διὰ
1807 4224 1868 4278 :0

271 4314 414 4384 ὖρᾷν
445 4312 758 4384 ἀθυμοῦσαν
793 4311 964 4381 αὐτὴν
999 4311 1093 4363 καὶ
1122 4308 1433 4380 περιοδυνία
1463 4309 1863 4379 κατεχομένην;

289 4396 433 4450 Ἂλλ⁸
468 4399 615 4466 ὅμως
645 4398 746 4450 οὐκ
773 4395 988 4449 ἔπεισεν
1036 4393 1205 4464 αὐτὴν
1248 4394 1553 4463 ἀποστῆναι
1591 4393 1693 4462 τῆς
1730 4393 1865 4445 ἀθυ-

281 4482 433 4551 μίας.
463 4482 537 4535 Ού
572 4483 680 4552 γάρ
729 4481 796 4534 δι’
823 4479 984 4533 00:0v
1023 4479 1203 4549 ἐζήτει
1235 4478 1296 4531 :0
1347 4477 1575 4542 παιδίον,
1624 4477 1740 4530 ἀλλ’
1779 4477 1865 4530 ἵνα

275 4568 402 4620 τινὰ
434 4566 646 4637 καρπὸν
666 4565 997 4634 ἐπιδείξηται
1025 4563 1102 4633 τῷ
1127 4561 1264 4632 Θεῷ.
1290 4561 1397 4616 Καὶ
1432 4561 1680 4628 ἀνέστη,
1711 4561 1862 4632 φησὶ,

275 4651 430 4718 μετὰ
467 4650 532 4703 τὸ
568 4648 782 4718 φαγεῖν
818 4647 1041 4712 αὐτοὺς
1083 4647 1152 4699 ἐν
1182 4642 1395 4714 Σηλὼμ
1415 4655 1463 4707 τι,
1496 4644 1594 4697 καὶ
1620 4643 1771 4713 μετὰ
1800 4645 1865 4697 τὸ

280 4731 464 4794 πιεῖν,
495 4732 591 4785 καὶ
637 4730 899 4798 κατέστη
942 4729 1199 4783 ἐνώπιον
1241 4727 1485 4795 Κυρίου.
1530 4727 1640 4797 Ούχ
1680 4727 1866 4790 ἁπλῶς

276 4815 405 4868 οὐδὲ
444 4814 603 4868 τοῦτο
635 4814 872 4885 εἴρηται,
909 4814 991 4866 ὅτι
1022 4811 1180 4865 Μετὰ
1212 4809 1277 4862 τὸ
1303 4808 1514 4879 φαγεῖν
1546 4810 1644 4862 καὶ
1675 4811 1862 4865 πιεῖνο

281 4897 397 4950 ἀλλ’
443 4899 530 4950 ἵνα
565 4897 765 4969 μάθῃς,
815 4898 896 4950 ὅτι
938 4896 1028 4949 τὸν
1068 4893 1277 4964 καιρὸν,
1319 4893 1376 4945 ὃν
1424 4892 1656 4957 ἀνέσεως
1689 4895 1864 4965 ἕτεροι

281 4981 379 5035 καὶ
416 4982 599 5044 ἁδείας
652 4980 963 5041 ποιοῦνται,
1014 4979 1200 5033 τοῦτον
1253 4975 1420 5047 εὐχῆς
1475 4978 1569 5030 καὶ
1615 4978 1866 5050 δακρύων

282 5065 522 5118 ἐποιεῖτο
551 5065 762 5135 καιρὸν,
805 5064 893 5117 0:0
923 5063 985 5116 :0
1024 5062 1227 5134 σφῶρα
1271 5061 1461 5130 νήφειν
1508 5060 1598 5113 καὶ
1631 5061 1865 5133 ἐγρηγοο

285 5151 462 5222 ρέναι.
489 5150 598 5205 Καὶ
639 5149 898 5215 κατέστη
939 5148 1196 5202 ἐνώπιον
1235 5146 1486 5215 Κυρίου’
1517 5147 1614 5200 καὶ
1650 5146 1801 5200 Ἠλεὶ
1835 5150 1868 5201 ό

283 5236 498 5303 ιερεὺς,
530 5235 713 5305 φησὶν,
765 5232 1019 5300 ἐκάθητο
1066 5231 1164 5284 ἐπὶ
1201 5230 1307 5284 τοῦ
1342 5229 1557 5298 δίφρου
1606 5230 1704 5284 ἐπὶ
1750 5230 1869 5284 τῶν

282 5319 477 5388 φλιῶν
501 5317 650 5372 ναοῦ
681 5317 922 5383 Κυρίου.
955 5313 1091 5368 Οὐδὲ
1122 5313 1279 5366 τοῦτο
1304 5312 1490 5376 ἁπλῶς
1519 5314 1751 5385 εἴρηται,
1785 5315 1866 5368 ὅτι

278 5405 312 5456 ὁ
346 5403 498 5457 Ἠλεὶ
535 5405 568 5455 ὁ
611 5399 805 5467 ἱερεὺς
854 5398 1112 5465 ἐκάθητο
1159 5396 1257 5450 ἐπὶ
1308 5394 1426 5448 τῶν
1475 5395 1669 5464 φλιῶν
1713 5397 1866 5451 ναοῦ

283 5485 506 5553 Κυρίου
523 5497 546 5514 θ’
588 5482 700 5537 ἀλλ’
743 5481 888 5552 ὑπὲρ
929 5479 1024 5533 τοῦ
1057 5479 1226 5543 δεῖξαι
1273 5478 1377 5547 τὴν
1423 5477 1732 5548 θερμότητα
1768 5479 1868 5548 τῆς

280 5567 560 5636 γυναικός.
601 5564 870 5635 Καθάπερ
898 5563 1007 5635 γὰρ
1045 5563 1190 5632 χήρα
1235 5559 1492 5624 πολλάκις
1529 5561 1665 5632 γυνὴ
1696 5563 1868 5633 ἀπρο-

283 5651 574 5715 στάτευτος
621 5645 756 5703 οὖσα
810 5649 904 5702 καὶ
951 5647 1177 5717 ἔρημος,
1223 5639 1657 5716 ἔπηρεαζομένη,
1695 5645 1866 5699 πολλὰ

346 5871 378 5898 ⁸
402 5865 564 5934 Σιλώμ
587 5865 714 5930 Reg.
735 5867 790 5914 et
819 5862 954 5915 Colb.
979 5876 1120 5911 unus.

816 5971 1090 6031 Ρηιιοι.
1135 5967 1256 6029 Gn.
1307 5967 1461 6030 LI‘.

1607 426 1695 480 DE
1725 426 1913 480 ANNA
1959 427 2197 486 SERMO
2237 433 2276 488 Ι.

3455 447 3487 498 (ἲ
3503 448 3560 498 ιο

1975 545 2325 620 ἀδικουμένη,
2363 549 2624 620 βασιλέως
2678 551 3008 607 εἰσελαύνειν
3063 554 3368 626 μέλλοντος,
3406 559 3563 629 δορυ-

1975 630 2176 700 φόρων,
2217 633 2623 705 άσπιδηφόρων,
2675 636 2905 704 ἱππέων,
2938 637 3131 708 ἐτέρας
3169 640 3366 710 πολλῆς
3400 641 3560 711 θερα-

1977 715 2135 780 πείας
2175 720 2630 794 προαπαντιὶηης,
2668 721 2730 774 o0
2766 723 3225 793 καταπλήττεται,
3259 725 3381 778 οὐδὲ
3425 743 3561 797 προ-

1975 801 2170 854 στάτου
2209 802 2398 868 δεῖται,
2425 804 2562 857 ἀλλά
2592 805 2801 869 πάντας
2837 807 3032 870 αὐτοὺς
3058 808 3386 879 διατεμοῦσα
3421 810 3564 880 μετὰ

1974 884 2176 956 πολλῆς
2210 889 2528 960 ἐντυγχάνει
2575 891 2654 962 τῷ
2689 891 2900 962 βασιλεί
2956 895 3292 966 παρῥησίας,
3347 895 3445 966 τὴν
3478 898 3560 948 0:-

1975 967 2125 1022 κείαν
2153 971 2573 1042 ἐκτραγῳδοῦσα
2605 974 2912 1045 συμφορὰν,
2961 977 3058 1046 τῆς
3099 978 3346 1048 ἀνάγκης
3388 979 3561 1047 αὐτὴν

1973 1056 2448 1127 χειραγωγούσης·
2483 1057 2626 1112 οὕτω
2654 1059 2716 1129 δή
2748 1062 2841 1114 καὶ
2869 1061 3008 1132 αὕτη
3053 1064 3084 1133 ή
3119 1065 3255 1132 γυνὴ
3298 1064 3398 1116 ούκ
3426 1066 3561 1136 ἠρυ-

1973 1137 2214 1209 θρίασεν,
2255 1142 2355 1194 00):
2387 1141 2652 1213 ᾐσχύνθη,
2700 1143 2791 1196 τοῦ
2834 1144 3025 1216 ίερέως
3058 1147 3389 1217 καθημένου,
3421 1147 3559 1217 αὑτὴ

1971 1220 2037 1273 δι’
2072 1223 2271 1292 ἑαυτῆς
2314 1226 2534 1295 αἰτῆσαι
2577 1227 2670 1280 καὶ
2716 1227 2853 1298 μετά
2883 1228 3081 1300 πολλῆς
3109 1230 3208 1300 τῆς
3249 1231 3561 1302 παρῥησίας

1970 1305 2049 1376 τῷ
2085 1305 2293 1376 βασιλεῖ
2329 1310 2646 1381 προσελθεῖν
2668 1328 2681 1341 ο
2723 1312 2837 1364 ἀλλ’
2882 1314 2985 1365 01:0
3021 1313 3114 1366 :00
3148 1315 3313 1367 πόθου
3347 1333 3559 1386 πτερω-

1974 1387 2158 1454 θείσα,
2211 1391 2304 1444 καὶ
2344 1394 2480 1463 1:90;
2529 1395 2621 1447 τὸν
2654 1395 2880 1466 οὐρανὸν
2933 1397 3183 1450 ἀναϐᾶσα
3214 1401 3279 1468 τῇ
3328 1399 3555 1470 διανοίᾳ,

1971 1472 2047 1535 ὡς
2090 1475 2251 1527 αὑτὸν
2293 1476 2476 1548 ὁρῶσα
2509 1478 2601 1532 τὸν
2635 1480 2789 1544 Θεὸν,
2835 1479 2977 1533 00:0)
3017 1480 3154 1551 μετά
3187 1482 3366 1552 πάσης
3412 1482 3561 1552 00:03

1973 1554 2304 1629 θερμότητος
2334 1559 2620 1631 διελέγετο.
2654 1565 2764 1617 Καὶ
2793 1565 2844 1617 τί
2880 1583 2950 1635 φη
2962 1581 3046 1629 σι;
3077 1565 3290 1618 Μᾶλλον
3317 1565 3373 1618 δέ
3406 1566 3559 1618 οὐδὲν

1972 1640 2267 1709 φθέγγεται
2316 1645 2602 1716 πρότερον,
2649 1647 2764 1700 ἀλλ’
2809 1648 2900 1701 ἀπ’
2941 1648 3192 1719 ὀδυρμῶν
3227 1651 3458 1702 ποιεῖται
3491 1649 3560 1701 :0

1971 1724 2256 1796 προοίμια,
2287 1728 2380 1782 καὶ
2409 1728 2618 1799 θερμὰς
2665 1730 2858 1802 ἀφίησι
2909 1733 3093 1802 πηγάς
3125 1733 3395 1804 δακρύων.
3448 1734 3558 1787 Καὶ

1973 1809 2246 1884 καθάπερ,
2289 1812 2512 1885 ὄμϐρων
2557 1816 3039 1886 καταφερομένων,
3095 1819 3190 1870 καὶ
3237 1820 3268 1887 ἡ
3311 1817 3559 1890 σκληρο-

1971 1894 2105 1965 τέρα
2131 1896 2203 1965 γῆ
2252 1897 2684 1973 καταϐρεχθεῖσα
2708 1899 2736 1938 δ
2777 1901 2873 1953 καὶ
2920 1901 3424 1971 καταμαλαχθεῖσα,
3460 1904 3556 1972 ῥᾳ-

1970 1977 2096 2043 δίως
2134 1981 2335 2052 ἑαυτὴν
2364 1982 2498 2053 1:90;
2533 1983 2630 2046 τὰς
2659 1983 2770 2036 τῶν
2811 1983 3038 2055 καρπῶν
3081 1985 3340 2055 διεγείρει
3366 1985 3552 2051 γονὰς,

1969 2059 2112 2115 οὕτω
2149 2064 2242 2116 καλ.
2267 2065 2358 2116 ἐπὶ
2384 2065 2482 2132 τῆς
2517 2066 2771 2132 γυναικδς
2801 2066 3004 2137 ταύτης
3027 2067 3260 2134 ἐγένετο.
3292 2066 3555 2138 Καθάπερ

1971 2144 2080 2215 γὰρ
2103 2147 2192 2198 ὑπ’
2212 2147 2434 2220 δμϐρων
2460 2149 2567 2200 τῶν
2593 2149 2843 2219 δακρύων
2873 2152 2904 2220 ἡ
2936 2151 3117 2220 μήτρα
3151 2151 3556 2220 μαλαττομένη,

1972 2229 2066 2282 καὶ
2105 2229 2194 2282 διὰ
2234 2231 2333 2302 τῆς
2373 2230 2565 2303 ὀδύνης
2592 2231 3114 2304 διαθερμαινομένη,
3150 2234 3287 2304 πρὸς
3324 2233 3422 2302 τὴν
3461 2250 3558 2285 κα-

1971 2313 2068 2384 λὴν
2103 2313 2318 2386 ἐκείνην
2347 2316 2691 2384 τεκνογονίαν
2721 2318 2919 2387 ἤρχετο
2957 2317 3337 2387 διεγείρεσθαι.
3377 2316 3559 2368 Ἀκού-

1973 2414 2157 2467 σωμεν
2191 2398 2372 2452 δὲκαὶ
2413 2398 2595 2452 αὐτῶν
2643 2399 2753 2452 τῶν
2787 2400 3071 2470 ῥημάτων,
3103 2401 3196 2453 καὶ
3240 2400 3339 2469 τῆς
3387 2400 3558 2470 καλῆς

1969 2481 2171 2551 ταύτης
2211 2482 2512 2553 ἱκετηρίας.
2565 2483 2877 2536 Κλαίουσα
2915 2483 3202 2547 ἕκλαυσε,
3256 2483 3406 2554 φησὶ,
3458 2483 3556 2535 καί

1969 2563 2195 2630 ηὔξατο
2225 2565 2421 2634 εὐχὴν
2456 2564 2536 2630 τῷ
2558 2565 2773 2633 Κυρίῳ,
2809 2566 3107 2635 λέγουσαι
3144 2567 3393 2620 ΛΔΩΝΛΙ
3432 2568 3557 2619 ΚΥ-

1971 2652 2080 2705 ΡῙΕ
2106 2653 2260 2705 ΕΛΩΙ
2291 2653 2571 2707 ΣΑΒᾹΩΘ.
2601 2653 2815 2724 Φοϐερά
2841 2653 2910 2707 τὰ
2943 2656 3184 2726 ῥήματα,
3220 2655 3312 2707 καὶ
3355 2654 3557 2725 φρίκης

1969 2741 2239 2810 γέμονταο
2272 2742 2365 2793 καὶ
2389 2739 2570 2804 καλῶς
2602 2741 2857 2812 ἐποίησεν
2883 2742 2910 2793 0
2938 2745 3290 2811 συγγραφεὺς
3325 2744 3398 2811 μή
3427 2759 3558 2811 μετ⁸

1969 2829 2209 2898 ενεγκὼν
2264 2830 2403 2884 αὐτά
2453 2830 2594 2901 1:90;
2630 2829 2729 2901 τὴν
2764 2831 3036 2902 ἡμετέραν
3081 2833 3297 2903 φωνήν·
3347 2831 3409 2882 ού
3449 2833 3556 2901 γὰρ

1970 2915 2160 2988 ισχυσε
2211 2917 2349 2987 μετὰ
2387 2917 2486 2988 τῆς
2528 2916 2737 2980 οἰκείας
2782 2919 2921 2970 αύτά
2976 2919 3182 2989 ἀρετῆς
3246 2919 3557 2990 μεταθεῖναι

1971 3005 2108 3077 πρὸς
2144 3005 2244 3076 τὴν
2283 3005 2509 3059 Ἐλλάδα
2555 3005 2819 3073 γλῶτταν.
2853 3007 2966 3058 Ούκ
3006 3007 3099 3075 ἀφ’
3143 3007 3259 3070 ἐνὸς
3303 3007 3452 3078 [708]
3500 3008 3557 3060 δέ

1970 3093 2133 3147 αὑτὸν
2175 3093 2405 3147 ἐκάλεσε
2458 3094 2701 3164 ῥήματος
2739 3096 2772 3165 ἡ
2812 3094 2978 3166 γυνὴ,
3028 3096 3141 3148 ἀλλ’
3186 3095 3295 3150 ἀπὸ
3345 3097 3558 3150 πολλῶν

1968 3182 2077 3235 τῶν
2106 3182 2416 3252 προσόντων
2453 3181 2622 3253 αύτῷ,
2659 3182 2750 3236 τὸν
2800 3183 2928 3254 περὶ
2976 3183 3138 3236 αὐτὸν
3184 3184 3344 3238 πόθον
3385 3188 3556 3239 ἐνδει-

1969 3269 2232 3340 κνυμένη,
2273 3270 2368 3323 καὶ
2401 3269 2499 3342 τὴν
2533 3269 2742 3340 θερμὴν
2773 3261 3036 3325 διάθεσιν.
3069 3273 3178 3325 Καὶ
3224 3273 3476 3343 καθάπερ
3507 3278 3556 3328 οἱ

1969 3361 2067 3423 τὰς
2099 3360 2310 3430 δεήσεις
2339 3360 2642 3431 γράφοντες
2670 3360 2748 3430 τῷ
2779 3359 3008 3430 βασιλεῖ,
3037 3362 3136 3414 ούκ
3165 3361 3466 3417 ἐντιθέασιν
3497 3364 3556 3416 ἓν

1968 3448 2137 3517 ὄνομα
2169 3447 2345 3516 μόνον,
2383 3446 2519 3500 ἀλλά
2548 3446 2639 3499 τὸν
2675 3447 3054 3518 τροπαιοῦχον.
3097 3448 3188 3502 τὸν
3235 3447 3552 3519 αὖγουστον,

1968 3535 2061 3590 τὸν
2097 3536 2494 3606 αὐτοκράτορα,
2523 3536 2615 3589 καὶ
2647 3535 2818 3589 πολλὰ
2845 3536 3010 3608 ἕτερα
3051 3537 3255 3591 τούτων
3281 3539 3393 3593 ἄνω
3423 3556 3556 3610 προ-

1971 3627 2173 3690 θέντες,
2196 3626 2315 3680 τότε
2346 3625 2624 3680 ποιοῦνται
2651 3625 2748 3697 τήν
2774 3627 3082 3698 ἱκετηρίαν·
3116 3626 3259 3680 οὕτω
3295 3628 3387 3680 καὶ
3415 3627 3554 3698 αῦτη

1969 3715 2151 3787 δέησίν
2194 3733 2314 3769 τινα
2345 3713 2694 3786 ἀναφέρουσα
2732 3713 2809 3784 τῷ
2836 3714 2974 3784 θεῷ,
3019 3714 3189 3768 πολλά
3237 3714 3450 3784 τίθησιν
3497 3717 3554 3769 ἐν

1971 3802 2049 3873 :03
2083 3801 2351 3872 προοιμίῳ
2392 3802 2492 3872 τῆς
2542 3800 2779 3872 δεήσεως
2823 3801 3083 3871 ὀνόματα,
3116 3803 3216 3873 τήν
3248 3819 3307 3854 τε
3347 3803 3555 3856 οἰκείαν

1970 3889 2206 3944 διάθεσιν
2255 3889 2668 3958 ἐνδεικνυμένη,
2717 3887 2970 3958 καθάπερ
3008 3889 3178 3958 ἔφθην
3225 3889 3414 3953 εἰπὼν,
3462 3893 3554 3943 καὶ

1973 3977 2070 4046 τὴν
2100 3979 2180 4039 εἰς
2212 3975 2305 4029 τὸν
2339 3974 2825 4046 παρακαλούμενον
2867 3977 3051 4047 τιμήν.
3087 3977 3195 4030 Καὶ
3236 3978 3336 4048 τὴν
3370 3976 3556 4048 δέησιν

1972 4063 2141 4134 αὐτὴν
2179 4073 2203 4102 ο
2275 4063 2646 4134 ὑπηγόρευσεν
2705 4064 2738 4133 ή
2796 4062 2993 4132 ὀδύνη·
3049 4063 3130 4115 0:0
3185 4063 3282 4117 καὶ
3345 4065 3555 4135 ταχέως

1975 4151 2204 4221 ἠκούετο
2235 4150 2373 4221 μετά
2415 4149 2616 4220 πολλῆς
2646 4151 2816 4222 αὐτὴν
2849 4149 3107 4220 γράψασα
3134 4151 3232 4220 τῆς
3263 4151 3552 4213 συνέσεως.

1974 4238 2232 4294 Τοιαῦται
2273 4238 2382 4310 γὰρ
2422 4241 2477 4292 αί
2518 4237 2578 4303 ἐξ
2608 4237 3013 4312 ὀδύνηςψυχῆς
3055 4239 3334 4309 γινόμεναι
3374 4239 3551 4309 εὐχαί.

1973 4325 2083 4377 Καὶ
2124 4323 2233 4394 γὰρ
2259 4323 2378 4376 ἀντὶ
2412 4323 2613 4393 χάρτου
2646 4322 2744 4393 μέν
2789 4318 2857 4394 ἦν
2894 4323 3064 4393 αὐτῆς
3099 4324 3131 4393 ή
3179 4322 3404 4386 διάνοια,
3435 4323 3555 4376 ἀντὶ

1972 4409 2220 4479 καλάμου
2252 4409 2309 4463 δέ
2343 4411 2376 4479 ἡ
2410 4408 2644 4476 γλῶττα,
2682 4408 2750 4461 τά
2790 4409 3002 4478 δάκρυα
3028 4409 3084 4460 δὲ
3133 4409 3254 4461 ἀντὶ
3289 4409 3548 4478 μέλανος⁸

1967 4495 2052 4549 0:0
2077 4497 2170 4550 καὶ
2210 4496 2371 4567 μέχρι
2400 4496 2500 4566 τῆς
2532 4497 2771 4567 σήμερον
2802 4495 3071 4566 ήμέραςή
3103 4495 3284 4565 δέησις
3318 4495 3549 4566 ἔμεινεν.

1985 4584 2369 4650 ’Λνεξάλειπτα
2405 4583 2517 4653 γὰρ
2562 4581 2628 4635 :0
2675 4581 2902 4635 τοιαῦτα
2949 4583 3157 4649 γίνεται
3208 4583 3548 4653 γράμματα,

1971 4673 2114 4744 01:59
2147 4671 2211 4726 ἂν
2237 4672 2430 4742 ἐκείνῳ
2461 4671 2605 4740 βαφῇ
2637 4667 2714 4738 τῷ
2751 4668 2957 4738 μέλανι.
2986 4669 3096 4722 Καὶ
3131 4669 3197 4722 τὰ
3239 4671 3336 4739 μὲν
3371 4671 3554 4740 προοί-

1973 4779 2072 4832 μια
2111 4761 2212 4832 τῆς
2259 4760 2498 4827 δεήσεως
2538 4757 2798 4811 τοιαῦτα·
2840 4756 2910 4810 τά
2957 4756 3014 4808 δέ
3059 4757 3185 4826 ἑξῆς
3225 4757 3373 4822 τίνας
3420 4760 3555 4812 Ἐὰν

1968 4849 2306 4904 ἐπιϐλέπων
2337 4847 2690 4914 ἐπιϐλέψῃς,
2720 4845 2903 4916 φησὶν,
2926 4844 3022 4898 ἐπὶ
3056 4845 3168 4912 τὴν
3191 4848 3555 4900 ταπείνωσιν

1968 4939 2078 5006 τῆς
2116 4937 2343 5003 δούλης
2386 4949 2523 4989 σου.
2569 4933 2726 4988 Οῦτω
2767 4932 2920 4986 οὐδὲν
2964 4933 3142 4998 ἔλαϐε,
3187 4937 3280 4988 καὶ
3321 4935 3379 5001 ἐξ
3422 4936 3554 4988 01:0—

1968 5117 2059 5170 :0v
2081 5115 2212 5169 Θεὸν
2245 5115 2365 5185 ἤδη,
2396 5113 2560 5183 μηδὲν
2586 5113 2642 5166 ἐν
2674 5112 2832 5184 χερσὶ
2867 5112 3188 5182 κατέχουσα.
3219 5110 3404 5173 Οὕτως
3433 5110 3551 5174 ἔζεε

1970 5205 2069 5257 καὶ
2093 5201 2248 5255 ὥδινε
2279 5201 2414 5271 πρὸς
2448 5199 2611 5255 τοῦτο
2643 5200 2863 5270 μᾶλλον,
2892 5199 2924 5269 ἢ
2961 5201 3095 5269 πρὸς
3119 5199 3315 5264 ἐκεῖνο,
3345 5197 3439 5250 καὶ
3465 5197 3552 5250 διὰ

1969 5290 2129 5344 τοῦτο
2153 5289 2356 5361 ηὔξατο
2381 5289 2567 5342 λαϐεῖν
2593 5288 2652 5342 :0
2677 5287 2907 5341 παιδίον.
2943 5285 3067 5339 Ἐάν
3101 5285 3410 5344 ἐπιϐλέπων
3434 5287 3554 5338 ἐπι-

1968 5377 2172 5448 ϐλέψῃς
2201 5377 2293 5430 ἐπὶ
2330 5377 2430 5448 τὴν
2473 5375 2799 5429 ταπείνωσιν
2836 5375 2930 5442 τῆς
2971 5372 3161 5442 δούλης
3192 5389 3306 5426 σου.
3340 5371 3444 5424 Δύο
3471 5372 3550 5426 δι-

1969 5465 2282 5538 καιώματα,
2311 5466 2496 5535 φησὶν,
2525 5463 2651 5532 ἔχω,
2674 5462 2773 5533 τὴν
2798 5459 3063 5526 δουλείαν,
3103 5462 3197 5515 καὶ
3221 5463 3320 5534 τήν
3353 5478 3555 5532 συμφον

1973 5555 2092 5625 ράν.
2137 5555 2245 5608 Καὶ
2275 5553 2384 5616 δός
2413 5569 2516 5620 μοι
2543 5549 2618 5618 τῇ
2651 5550 2842 5618 δούλῃ
2868 5563 2986 5603 σου
3016 5549 3253 5619 σπέρμα
3298 5549 3516 5618 ἀνδρός
3535 5564 3548 5579 ⁸

1968 5641 2142 5696 δώσω
2162 5641 2310 5695 αὐτὸ
2337 5638 2595 5692 ἐνώπιόν
2627 5647 2745 5691 σου
2772 5637 2968 5691 δοτόν.
2990 5636 3053 5690 Τί
3075 5641 3240 5697 ἐστιν,
3271 5637 3553 5692 Ἐνώπιόν

2033 5795 2060 5835 Ιθ
2085 5795 2454 5858 Καταϐραχεῖσα
2477 5794 2598 5858 Reg.
2628 5798 2682 5842 et
2710 5785 2846 5843 Colb:
2869 5807 3014 5858 unn_s.

2036 5859 2061 5888 ⁸
2083 5857 2216 5908 Coll).
2249 5856 2409 5913 δέησιν
2426 5856 2600 5914 ταύτην
2623 5862 2674 5904 el
2698 5858 2769 5905 sic
2788 5858 2937 5904 etiam
2955 5856 3084 5918 Reg.

3199 5929 3277 5988 17
