4064 6456
514 375 612 432 θη

513 504 633 546 σου
652 488 1115 557 δοτόν;Ἕκδοτον
1130 492 1222 547 καὶ
1235 493 1528 565 ὁλόκληρον
1544 493 1747 550 δοῦλον.
1767 494 2097 569 ’Δφίσταμαι

512 583 617 654 τῆς
659 584 907 652 ἐξουσίας
932 584 1174 657 ἁπάσης.
1202 585 1469 641 Τοσοῦτον
1500 586 1610 659 γάρ
1650 586 1911 659 βούλομαι
1946 589 2100 659 γενέ-

517 674 640 728 σθαι
687 674 873 746 μήτηρ
905 682 1088 745 μόνον,
1129 675 1254 730 ὅσον
1291 675 1392 747 τὴν
1435 677 1613 748 ἀρχὴν
1646 679 1778 749 παρ’
1821 675 1957 749 ἐμοῦ
1999 677 2099 732 λα-

515 760 633 816 ϐεῖν
674 762 738 815 τὸ
783 761 1014 828 παιδίον,
1056 765 1151 817 καὶ
1196 762 1384 818 λοιπὸν
1432 763 1726 837 ἐξίσταμαι
1775 766 1871 820 καὶ
1916 782 2100 838 παρα-

516 869 698 924 χωρω.

576 937 764 1002 quia}.
779 938 973 993 σκόπει
999 939 1261 1008 γυναικὸς
1278 940 1589 1000 εὐλάϐειαν.
1619 941 1735 996 Ούκ
1759 936 1932 1005 εἶπεν,
1972 942 2099 996 Ἐὰν

512 1018 619 1090 δῷς
649 1037 741 1092 μοι
775 1023 945 1094 τρεῖς,
984 1024 1113 1087 τοὺς
1147 1023 1244 1078 δύο
1277 1040 1362 1078 σοι
1389 1023 1607 1096 δίδωμι,
1637 1025 1732 1079 ἐὰν
1763 1024 1823 1079 δέ
1858 1024 1972 1087 δύο,
2003 1024 2099 1082 τὸν

513 1109 612 1165 ινα
645 1126 729 1165 σοι
756 1109 979 1181 δίδωμι·
1009 1110 1149 1179 ἀλλ’,
1188 1110 1284 1166 ἐὰν
1324 1114 1485 1186 μόνον
1517 1114 1615 1167 ἕνα
1646 1114 1775 1185 δῷς,
1804 1114 2100 1186 ὀλόκληρον

512 1196 813 1268 ἀνατίθημί
844 1214 927 1252 σοι
954 1198 1047 1252 τὸν
1079 1199 1316 1272 καρπόν.
1340 1199 1451 1255 Καὶ
1486 1196 1659 1256 οἶνον
1688 1201 1784 1255 καί
1817 1200 2101 1269 μέθυσμα

512 1284 587 1339 οὐ
610 1284 699 1354 μὴ
731 1285 948 1341 πίεται.
982 1284 1149 1339 Οὔπω
1177 1285 1335 1341 ἔλαϐε
1366 1288 1430 1341 τὸ
1460 1288 1694 1351 παιδίον.
1722 1287 1817 1342 καὶ
1851 1288 1953 1360 ήδη
1982 1287 2100 1341 δια-

511 1371 741 1426 πλάττει
770 1373 1079 1445 προφήτην,
1121 1374 1218 1428 καὶ
1265 1374 1396 1446 περὶ
1427 1376 1529 1447 τῆς
1569 1374 1958 1446 παιδοτροφίας
1996 1374 2100 1428 αῦ-

511 1458 607 1513 τοῦ
656 1459 998 1530 διαλέγεται,
1061 1460 1155 1514 καὶ¹
1205 1460 1479 1534 συνθήκας
1539 1463 1774 1515 ποιεῖται
1820 1462 1958 1532 πρὸς
2006 1461 2101 1515 τὸν

511 1546 668 1602 Θεόν.
694 1547 760 1601 Ὠ
808 1547 1126 1620 παρρησίας
1162 1547 1422 1618 γυναικός
1453 1549 1466 1602 !
1502 1547 1721 1620 Ἐπειδὴ
1772 1547 2101 1603 καταϐαλεῖν

512 1634 634 1690 οὐδὲ
663 1635 786 1690 τότε
815 1631 951 1707 εἶχε,
981 1636 1070 1691 διᾶι
1095 1636 1158 1691 τὸ
1197 1636 1426 1709 μηδέπω
1455 1637 1662 1703 λαϐεῖν,
1697 1637 1807 1692 άπὸ
1836 1637 1947 1693 τῶν
1978 1637 2104 1709 μελ-

512 1718 714 1774 λόντων
746 1720 1075 1775 καταϐάλλει
1112 1720 1211 1793 τὴν
1243 1722 1435 1793 τιμήν.
1480 1722 1590 1775 Καὶ
1630 1720 1885 1793 καθάπερ
1914 1720 2101 1774 πολλοὶ

510 1804 622 1861 τῶν
649 1811 905 1879 γηπόνων
932 1808 989 1864 ἐν
1027 1808 1191 1880 πενίᾳ
1218 1808 1423 1873 ζῶντες
1450 1810 1678 1882 ἐσχάτῃ,
1709 1809 1803 1863 καὶ
1832 1808 2099 1883 ἀργύριον

509 1893 612 1949 οῦκ
654 1892 873 1965 έχοντες
906 1893 1050 1949 ὥστε
1085 1894 1285 1968 μόσχον
1313 1895 1347 1967 ἢ
1383 1895 1656 1969 πρόϐατον
1690 1895 1978 1969 πρίασθαι,
2011 1896 2098 1966 ἐφ’

510 1980 742 2054 ήμισεία
765 1981 918 2054 παρὰ
945 1981 1055 2036 τῶν
1082 1981 1362 2037 δεσποτῶν
1393 1982 1535 2037 αὐτὰ
1562 1982 1960 2055 λαμϐάνουσιν,
1990 1981 2101 2037 άπὸ

509 2065 623 2121 τῶν
671 2066 975 2138 μελλόντων
1022 2067 1253 2141 καρπῶν
1303 2070 1402 2140 τὴν
1461 2070 1632 2141 τιμὴν
1675 2069 2098 2141 ὑπισχνούμενοι

513 2154 873 2210 καταϐαλεῖνο
897 2154 1042 2211 οὓτω
1063 2155 1130 2227 δὴ
1153 2156 1250 2211 καὶ
1269 2155 1435 2228 αῦτη,
1466 2156 1667 2228 μᾶλλον
1694 2157 1754 2210 δέ
1793 2158 1890 2212 καὶ
1918 2155 2101 2228 πολλῷ

512 2242 678 2297 πλέον
710 2244 986 2314 ἐποίησεν.
1011 2243 1088 2298 Οῦ
1118 2243 1228 2315 γάρ
1267 2245 1352 2313 ἐφ’
1394 2244 1624 2317 ἡμισείᾳ
1660 2244 1754 2298 τὸν
1803 2244 1918 2301 υἱὸν
1954 2249 2099 2316 λαμ-

510 2329 666 2384 ϐάνει
717 2330 868 2401 παρὰ
912 2329 1008 2383 τοῦ
1053 2330 1213 2395 Θεοῦ,
1262 2329 1378 2385 ἀλλ’
1427 2330 1570 2386 ῶστε
1618 2331 1907 2405 ὁλόκληρον
1951 2331 2101 2404 αὐτῷ

511 2416 805 2472 ἀποδοῦναι
856 2416 1040 2484 πάλιν,
1084 2418 1179 2471 καὶ
1224 2416 1324 2491 τὴν
1363 2417 1751 2490 παιδοτροφίαν
1801 2418 2097 2492 καρπώσα-

515 2507 661 2561 σθαι.
698 2505 1003 2578 ’Δρκοῦσαν
1039 2504 1149 2578 γάρ
1183 2505 1420 2578 ἀμοιϐὴν
1461 2503 1601 2560 εἶναι
1639 2507 1880 2578 ἐνόμισε,
1907 2507 1971 2561 τὸ
2005 2524 2102 2563 πο-

511 2594 665 2648 νέσαι
692 2592 824 2665 περὶ
860 2593 952 2647 τὸν
986 2592 1083 2647 τοῦ
1116 2591 1272 2666 [709]
1297 2588 1434 2648 Θεοῦ
1479 2593 1649 2666 ίερέα.
1690 2594 1802 2647 Καί⁵
1833 2589 1974 2648 οἶνον
2004 2593 2102 2647 καὶ

511 2679 769 2752 μέθυσμα
814 2679 876 2732 οῦ
919 2678 995 2751 μὴ
1031 2679 1237 2746 πίεται,
1282 2680 1470 2751 φησιν.
1517 2680 1632 2735 Ούκ
1670 2680 1921 2753 ἐνενόησε
1964 2681 2101 2752 πρὸς

509 2768 732 2840 ἑαυτὴν,
759 2766 995 2836 λέγουσα
1011 2783 1027 2798 ο
1046 2765 1185 2820 Τίδὲ
1206 2778 1233 2808 δ
1258 2766 1323 2821 ἂν
1350 2766 1561 2830 ἁπαλὸς
1585 2766 1661 2820 ὢν
1689 2767 1795 2821 ὑπὸ
1820 2767 1918 2838 τῆς
1944 2768 2102 2838 ῦδροο

511 2856 710 2921 ποσίας
753 2854 1136 2928 διαφθείρηται
1162 2872 1178 2922 ;
1210 2855 1265 2910 τί
1306 2855 1363 2909 δὲ
1394 2854 1460 2909 ἂν
1487 2855 1766 2926 άρρωστίᾳ
1797 2856 2099 2928 περιπέσῃς

509 2949 564 3003 τί
592 2947 650 3004 δέ
691 2947 760 3002 ἂν
797 2946 1064 3018 ἀποθάνῃ,
1108 2946 1250 3017 νόσῳ
1305 2944 1633 3017 παραδοθεὶς
1678 2944 1919 3016 χαλεπῆς
1960 2943 2100 2999 Ἀλλ’

510 3041 815 3112 ἐννοήσασα
859 3039 943 3093 ὅτι
985 3039 1016 3092 ό
1056 3038 1181 3101 δοὺς
1218 3036 1404 3100 αὑτὸν,
1437 3035 1600 3101 αὐτὸς
1641 3037 1735 3089 καὶ
1776 3036 1877 3107 τῆς
1913 3033 2101 3104 ὑγείας

511 3128 817 3201 προνοῆσαι
849 3127 1163 3198 δυνήσεται,
1192 3125 1251 3192 ἐξ
1284 3124 1466 3180 αὐτῶν
1500 3125 1612 3179 τῶν
1648 3129 1979 3195 σπαργάνων
2006 3124 2102 3179 καὶ

509 3218 622 3273 τῶν
668 3217 876 3272 ὠδίνων
921 3217 1002 3280 είς
1044 3214 1145 3288 τὴν
1189 3213 1505 3287 ἁγιωσύνην
1553 3213 1716 3267 αὑτὸν
1761 3212 2096 3278 ἐνεϐίϐασεν,

509 3307 604 3360 ἐπὶ
632 3305 723 3360 τὸν
760 3303 891 3359 Θεὸν
927 3302 1131 3375 ῥίψασα
1157 3302 1218 3355 τὸ
1247 3304 1378 3368 πᾶν,
1410 3303 1506 3356 καὶ
1552 3300 1659 3371 πρὸ
1694 3299 1805 3355 τῶν
1831 3299 2036 3355 ὠδίνων
2064 3299 2099 3370 ή

510 3394 726 3466 γαστὴρ
763 3393 936 3463 αὐτῆς
970 3390 1231 3464 ήγιὰζετο
1260 3390 1545 3462 προφήτην
1570 3389 1790 3461 ἔχουσα,
1816 3389 1912 3442 καὶ
1946 3387 2098 3458 ίερέα

509 3483 739 3551 κυοῦσα,
776 3485 872 3537 καὶ
910 3481 973 3535 τὸ
1016 3479 1275 3552 ἀνάθημα
1310 3477 1574 3551 φέρουσα,
1617 3478 1879 3551 ἀνάθημα
1920 3476 2101 3550 ἐμψυ-

509 3591 627 3647 χον.
654 3572 755 3628 Διὰ
786 3572 961 3626 ταῦτα
1005 3571 1252 3642 ἠνείχετο
1283 3569 1602 3641 ἀθυμούσης
1647 3570 1819 3641 αὐτῆς
1860 3571 1888 3622 6
1931 3567 2096 3634 Θεὸς,

510 3666 604 3721 διὸ.
648 3663 808 3718 τοῦτο
860 3663 1098 3736 βραδέως
1129 3663 1328 3729 ἐδίδου,
1356 3664 1443 3716 ῖνα
1487 3662 1879 3734 λαμπροτέραν
1926 3661 2098 3734 αὐτὴν

509 3753 590 3826 τῷ
630 3757 818 3827 τρόπῳ
855 3755 950 3810 τοῦ
984 3756 1146 3811 τόκου
1181 3757 1405 3830 ποιήσῃ,
1434 3755 1523 3809 ἵνα
1558 3754 1708 3827 δείξῃ
1738 3754 1837 3825 τὴν
1883 3752 2099 3824 φιλοσο-

511 3849 659 3919 φίαν.
688 3849 799 3903 Καὶ
823 3847 933 3920 γάρ
959 3849 1039 3910 είς
1071 3847 1170 3919 τὴν
1195 3847 1359 3920 εὐχὴν
1386 3846 1700 3903 καταστᾶσα
1722 3846 1823 3899 οὐκ
1850 3845 2098 3918 ἐμνήσθη

510 3942 609 4015 τῆς
641 3939 949 4013 άντιζήλου,
982 3938 1082 3994 οὐκ
1124 3935 1280 3994 εἶπεν
1322 3938 1495 4010 αὐτῆς
1535 3938 1636 4002 τὰς
1663 3937 1950 4010 λοιδορίας,
1997 3940 2099 3993 οὐκ

510 4035 742 4104 ἤνεγκεν
782 4035 862 4097 εἰς
901 4033 1065 4104 μέσον
1091 4033 1162 4087 τά
1197 4032 1398 4105 ὀνείδη,
1423 4032 1522 4086 οὐκ
1549 4026 1703 4086 εἶπεν
1722 4048 1735 4062 ο
1780 4030 2098 4102 Ἐκδίκησόν

516 4141 585 4195 με
622 4124 687 4177 ὲκ
734 4124 838 4193 τῆς
883 4125 1088 4195 μιαρᾶς
1121 4123 1217 4178 καὶ
1261 4124 1508 4194 πονηρᾶς
1544 4123 1804 4192 γυναικὸς
1847 4123 2093 4194 ἐκείνης’

512 4205 657 4278 ἆπερ
684 4204 876 4259 πολλα)⁵
907 4204 1118 4258 ποιοῦσι
1147 4208 1430 4273 γυναῖκες·
1464 4205 1600 4261 ἀλλὰ
1629 4205 1765 4276 μηδὲ
1798 4206 2097 4276 μνησθεῖσα

510 4288 621 4342 τῶν
664 4287 882 4343 ὀνειδῶν
923 4287 1169 4353 ἐκείνων,
1216 4288 1344 4359 περὶ
1390 4287 1500 4341 τῶν
1531 4289 1668 4359 αὐτῇ
1713 4289 2097 4360 συμφερόντων

508 4371 712 4444 ηὔχετο
757 4371 937 4441 μόνον.
977 4369 1149 4424 Τοῦτο
1193 4372 1288 4425 καὶ
1313 4370 1378 4424 σὺ
1415 4371 1662 4441 ποίησον,
1695 4370 1971 4441 ἄνθρωπε,
2001 4373 2097 4426 καὶ

510 4456 640 4509 ὃταν
683 4453 800 4525 ἴδῃς
833 4452 1026 4525 ἐχθρὸν
1050 4453 1348 4518 λυποῦντα,
1378 4453 1516 4526 πρὸς
1554 4455 1763 4507 ἐκεῖνον
1798 4453 1898 4525 μὲν
1932 4454 2097 4527 μηδὲν

512 4536 749 4609 ἐκϐάλῃς
781 4536 933 4609 ῥῆμα
973 4536 1192 4609 πικρὸν,
1242 4535 1377 4608 μηδὲ
1422 4534 1555 4606 εῦξῃ
1591 4537 1712 4591 κατ’
1749 4534 1919 4590 αὑτοῦ
1959 4536 2097 4609 πρὸς

514 4620 576 4673 σέ
621 4619 879 4691 ἀπεχθῶς
916 4618 1131 4690 έχοντος
1149 4636 1163 4650 ⁸
1213 4618 1472 4673 εἰσελθὼν
1522 4619 1610 4683 δὲ,
1654 4619 1749 4674 καὶ
1780 4618 1849 4673 τὰ
1894 4618 2097 4688 γόνατα

514 4703 762 4773 κάμψας,
787 4703 880 4757 καὶ
909 4702 1120 4776 δάκρυα
1156 4701 1337 4772 ἀφεὶς,
1379 4701 1690 4773 παρακάλει
1718 4702 1810 4755 τὸν
1841 4701 1975 4754 Θεὸν
2006 4696 2103 4754 λῦ-

518 4801 609 4839 σαι
638 4785 738 4856 τὴν
767 4785 1025 4856 ἀθυμίαν,
1060 4785 1251 4841 σϐέσαι
1293 4785 1391 4856 τὴν
1434 4783 1648 4858 λύπην’
1688 4785 1825 4856 ὅπερ
1867 4779 1961 4839 οὖν
2004 4784 2099 4838 καὶ

515 4866 657 4938 αῦτη
697 4868 987 4938 πεποίηκε,
1025 4868 1122 4921 καὶ
1164 4868 1234 4923 τὰ
1283 4869 1514 4940 μέγιστα
1558 4866 1710 4939 παρὰ
1755 4868 1855 4937 τῆς
1897 4866 2099 4938 ἐχθρᾶς

517 4947 881 5022 ἐκαρπώσατο
926 4949 1209 5017 γυναικός.
1244 4950 1460 5021 Ἐκείνη
1491 4950 1600 5020 γὰρ
1635 4950 1771 5021 πρὸς
1804 4950 1896 5004 τὸν
1938 4949 2100 5004 τόκον

516 5033 612 5086 τοῦ
642 5030 853 5086 παιδίου
884 5031 1207 5104 συνέπραξε.
1235 5032 1348 5087 Καὶ
1374 5033 1514 5097 πῶς,
1542 5030 1655 5100 ἐγὼ
1681 5030 1843 5100 λέγω.
1878 5032 2098 5104 Ἐπειδὴ

517 5114 812 5179 ὠνείδισεν,
837 5113 1042 5185 ἐθλιψε,
1062 5113 1157 5167 καὶ
1190 5112 1410 5185 μείζονα
1438 5113 1538 5185 τὴν
1564 5112 1758 5184 ὀδύνην
1778 5114 2096 5184 εἰργάσατο,

518 5199 627 5253 ἀπὸ
652 5198 750 5269 τῆς
788 5196 982 5269 ὀδύνης
1021 5197 1056 5268 ὴ
1100 5194 1233 5266 εὐχὴ
1274 5196 1754 5266 προσεκτικωτέρα
1784 5198 2027 5264 γέγονεν,
2064 5198 2099 5268 ή

519 5278 655 5352 εὐχὴ
686 5280 778 5334 τὸν
819 5278 955 5333 Θεὸν
986 5278 1360 5343 ἐπεσπάσατο,
1407 5279 1503 5333 καὶ
1534 5278 1817 5331 ἐπινεῦσαι
1850 5277 2096 5349 ἐποίησε,

520 5365 616 5417 καὶ
652 5363 825 5425 οὕτως
855 5365 886 5416 6
920 5361 1176 5434 Σαμουὴλ
1215 5359 1434 5432 ἐτέχθη.
1458 5361 1645 5426 Ὥστε,
1674 5361 1770 5414 ἐὰν
1815 5361 2097 5432 νήφωμεν,

519 5444 584 5497 ού
622 5444 783 5515 μόνον
812 5445 958 5515 ήμᾶς
985 5446 1036 5497 οί
1066 5444 1251 5517 ἐχθροὶ
1276 5443 1429 5497 οὐδὲν
1461 5442 1817 5514 παραϐλάψαι
1850 5445 2101 5516 δυνήσον-

522 5541 635 5589 ται,
674 5525 813 5581 άλλά
851 5528 947 5580 καὶ⁵
978 5526 1323 5598 ὠφελήσουσι
1350 5526 1420 5579 τὰ
1471 5528 1727 5598 μέγιστα,
1756 5527 1891 5598 πρὸς
1923 5528 2101 5582 πάντα

522 5610 673 5677 ἡμᾶς
724 5609 1173 5679 σπουδαιοτέρους
1231 5609 1624 5678 ἐργαζόμενοι,
1688 5609 1847 5680 μόνον
1906 5610 1973 5664 ἂν
2026 5611 2100 5683 μὴ

525 5688 663 5757 πρὸς
690 5687 957 5758 λοιδορίας
982 5689 1079 5744 καὶ
1106 5689 1315 5762 ῦϐρεις,
1338 5690 1477 5745 ἀλλὰ
1516 5691 1652 5773 πρὸς
1682 5691 1847 5763 εὐχάς
1873 5693 2101 5758 ἑαυτοὺς

592 5831 621 5862 ⁸
644 5832 750 5894 Reg
795 5833 835 5882 τί
855 5834 930 5882 δαί
950 5831 1030 5883 hic
1051 5847 1103 5885 et
1128 5836 1179 5884 in
1217 5839 1468 5896 sequenti.

1213 378 1270 435 3.
1309 376 1596 435 JOANNS
1631 377 1992 438 CHIWSOS’I
2005 380 2128 439 Olli
2162 381 2483 442 ARCHIEP.
2515 385 3067 447 CONSTAN'I‘INOP.

3684 390 3796 450 619

2200 511 2424 585 άγωμεν
2470 514 2580 569 άπὸ
2631 515 2733 587 τῆς
2795 518 2927 588 παρ’
2966 514 3191 571 ἐκείνων
3241 517 3602 590 ἐγγινομένης
3658 519 3796 590 ἡμῖν

2270 678 2518 735 Τεκοῦσα
2553 681 2609 735 δὲ
2638 681 2701 735 τὸ
2745 681 2980 748 παιδίον,
3017 681 3277 738 ἐκάλεσεν
3320 683 3456 739 αὐτὸ
3508 682 3795 756 Σαμουὴλ,

2198 763 2755 830 τουτέστιν,’Δκούσει
2779 764 2916 820 Θεοῦ
2948 766 2996 820 δ.
3023 764 3242 838 Ἐπειδὴ
3272 766 3384 839 γάρ
3411 768 3476 821 ἐκ
3504 784 3601 820 του
3631 768 3801 821 ἀπου-

2202 844 2418 918 σθῆναι,
2443 846 2539 902 καὶ
2574 845 2636 913 ἐξ
2677 848 2843 920 εὐχῆς
2869 847 3032 902 αὐτὸν
3059 848 3245 913 ἔλαϐε,
3273 849 3368 904 καὶ
3403 848 3505 905 οὐκ
3542 849 3657 904 άπὸ
3685 849 3800 921 φύς

2204 945 2372 995 σεως,
2414 930 2517 1003 τῆς
2561 931 2824 1004 ἐργασίας
2853 931 2953 1004 τὴν
3001 934 3246 1005 μνήμην,
3286 932 3475 1005 ὥσπερ
3507 934 3567 987 ἐν
3617 933 3801 1005 στήλη

2200 1012 2397 1086 χαλκῇ,
2423 1017 2488 1087 τῇ
2517 1015 2859 1088 προσηγορίᾳ
2884 1014 2981 1069 τοῦ
3013 1016 3229 1071 παιδίου
3255 1017 3442 1072 λοιπὸν
3470 1016 3799 1072 ἐναπέθετο.

2201 1094 2307 1151 Καὶ
2334 1098 2433 1151 οὐκ
2450 1093 2926 1170 εἴπε,Καλέσωμεν
2947 1099 3109 1153 αὐτὸν
3132 1099 3212 1171 τῷ
3227 1099 3453 1172 ὀνόματι
3466 1100 3562 1155 τοῦ
3581 1102 3803 1173 πατρὸς

2200 1180 2439 1253 αύτοῦ,ῆ
2472 1181 2564 1236 τοῦ
2597 1182 2767 1247 θείου,
2786 1182 2821 1254 ἢ
2853 1181 2948 1237 τοῦ
2973 1182 3223 1249 πάππου,
3244 1182 3278 1254 ἢ
3299 1185 3395 1238 τοῦ
3427 1185 3799 1239 ἐπιπάππου·

2199 1262 2316 1318 ἀλλ’
2334 1265 2496 1329 αὐτὸς
2525 1268 2556 1319 6
2576 1265 2826 1331 δεδωκὼς
2846 1267 3032 1328 αὐτὸν,
3051 1266 3215 1331 αὐτὸς
3238 1268 3333 1321 καὶ
3351 1270 3420 1341 τῇ
3444 1268 3804 1341 προσηγορίᾳ

2200 1345 2295 1401 τοῦ
2318 1346 2532 1403 παιδίου
2552 1348 2824 1421 τιμάσθω,
2849 1348 3003 1421 φησί.
3023 1349 3241 1422 Ταύτην
3270 1348 3573 1421 ζηλώσατε,
3601 1355 3806 1421 γυναῖ-

2201 1446 2317 1495 κες,
2344 1430 2548 1502 ταύτην
2570 1431 2964 1503 μιμησώμεθα,
2995 1432 3210 1505 ἄνδρες,
3244 1433 3340 1487 καὶ
3371 1433 3648 1504 τοσαύτην
3666 1435 3805 1507 περὶ

2199 1512 2270 1567 τὰ
2282 1514 2468 1568 παιδία
2480 1512 2766 1587 ποιώμεθα
2780 1514 2879 1587 τὴν
2889 1515 3230 1588 ἐπιμέλειαν,
3242 1515 3418 1579 οὕτως
3433 1518 3805 1591 ἐκτρέφωμεν

2199 1595 2327 1659 τοὺς
2348 1596 2659 1668 τεχθέντας,
2684 1596 2836 1672 [710]
2861 1598 2920 1652 ἐν
2945 1615 3007 1652 τε
3038 1600 3153 1663 τοῖς
3173 1598 3354 1662 ἄλλοις
3383 1598 3610 1667 άπασιν,
3643 1600 3705 1654 ἓν
3738 1618 3803 1654 τε

2198 1677 2278 1751 τῷ
2301 1679 2401 1751 τῆς
2426 1681 2779 1754 σωφροσύνης
2799 1682 2962 1754 λόγῳ.
2987 1682 3152 1737 Οὐδὲν
3172 1678 3283 1755 γάρ
3303 1681 3446 1736 οὕτω
3467 1682 3804 1748 σπουδάζειν

2199 1763 2306 1836 χρὴ
2344 1765 2438 1818 καὶ
2479 1764 2788 1837 φροντίζειν
2820 1766 2931 1821 τῶν
2958 1765 3118 1834 νέων,
3157 1764 3235 1831 ὠς
3269 1765 3631 1838 σωφροσύνης
3675 1767 3803 1821 ἓνε-

2199 1863 2294 1900 κεν
2325 1847 2423 1901 καὶ
2451 1846 2800 1921 σεμνότητος.
2839 1848 3012 1903 Τοῦτο
3038 1847 3150 1922 γὰρ
3186 1848 3426 1921 μάλιστα
3450 1849 3513 1903 τὸ
3554 1848 3741 1915 πάθος
3772 1861 3801 1889 ε

2200 1929 2439 1995 ἐκείναις
2483 1931 2693 2002 ἐνοχλεί
2724 1934 2847 1997 ταῖς
2896 1931 3171 2004 ήλικίαις”
3214 1932 3311 1987 καὶ
3357 1932 3497 2005 ὅπερ
3540 1933 3637 1987 ἐπὶ
3683 1935 3802 1990 τῶν

2199 2012 2408 2084 λύχνων
2437 2014 2721 2087 ποιοῦμεν,
2750 2015 2910 2072 τοῦτο
2948 2014 3047 2069 καὶ
3073 2016 3169 2069 ἐπὶ
3192 2016 3302 2069 τῶν
3333 2016 3561 2071 παιδίων
3589 2017 3803 2086 φυλάτ-

2198 2112 2400 2167 τωμεν.
2445 2096 2711 2163 Πολλάκις
2752 2097 2885 2168 γοῦν
2915 2098 3261 2170 θεραπαινίδι
3297 2097 3493 2170 λύχνον
3537 2100 3798 2174 tim-0667;

2199 2179 2685 2253 παρακελευόμεθα
2718 2179 2794 2254 μὴ
2828 2183 3174 2252 παραγαγεῖν
3197 2181 3291 2234 τὸν
3316 2180 3534 2252 λύχνον,
3562 2181 3693 2236 ἔνθα
3730 2184 3801 2236 ἂν

2198 2259 2233 2337 ᾖ
2276 2262 2531 2335 καλάμη,
2562 2262 2598 2334 ἢ
2644 2263 2836 2335 χόρτος
2856 2304 2872 2328 ,
2911 2264 2947 2334 ἦ
2989 2281 3044 2317 τι
3091 2264 3199 2318 τῶν
3247 2263 3530 2330 τοιούτων,
3578 2267 3797 2337 μήποτε

2199 2344 2537 2414 ἀγνοούντων
2578 2345 2759 2417 ήμῶν,
2811 2345 3047 2417 σπινθήρ
3092 2364 3178 2410 τις
3222 2345 3497 2412 ἐκπεσὼν,
3554 2349 3652 2402 καὶ
3695 2350 3800 2419 τῆς

2200 2426 2336 2500 ὕλης
2375 2427 2769 2500 ἐπιλαϐόμενος
2798 2428 3035 2500 ἐκείνης.
3060 2429 3357 2502 ὀλόκληρον
3395 2433 3666 2504 ἐμπρήσῃ
3696 2431 3798 2501 τὴν

2199 2510 2410 2566 οἰκίαν·
2439 2510 2644 2582 ταύτην
2691 2512 2788 2565 καὶ
2825 2511 2918 2565 ἐπὶ
2950 2511 3062 2566 τῶν
3110 2512 3342 2566 παιδίων
3382 2513 3485 2585 τήν
3533 2516 3796 2586 πρόνοιαν

2199 2592 2435 2665 ἔχωμεν,
2462 2594 2556 2648 καὶ
2596 2592 2674 2665 μὴ
2710 2593 3052 2665 παράγωμεν
3087 2594 3270 2650 αὐτῶν
3316 2595 3418 2659 τὰς
3443 2595 3621 2666 ὄψεις,
3665 2597 3795 2650 ἔνθα

2201 2677 2582 2748 θεραπαινίδες
2607 2677 2883 2747 ἀσελγεῖς,
2913 2678 3041 2733 ἔνθα
3070 2679 3231 2752 κόραι
3259 2679 3485 2745 άσωτοι,
3517 2680 3650 2735 ἔνθα
3675 2681 3797 2736 δοῦ-

2200 2758 2289 2812 λαι
2323 2759 2634 2819 ἀκόλαστοι.
2675 2759 2812 2815 ἀλλὰ
2843 2760 3177 2833 κελεύωμεν,
3214 2763 3310 2816 καὶ⁸
3357 2764 3794 2836 παρεγγυῶμεν,

2200 2844 2305 2899 κᾶν
2341 2844 2697 2917 θεραπαινίδα
2726 2845 2984 2917 τοιαύτην
3011 2845 3247 2918 ἔχωμεν,
3279 2848 3386 2902 κᾶν
3419 2848 3665 2917 γείτονα,
3691 2850 3795 2903 κᾶν

2200 2926 2389 2992 ἁπλῶς
2435 2928 2627 3001 ἑτέραν
2664 2929 2788 2983 τινὰ
2830 2929 3110 3001 τοιαύτην,
3156 2933 3297 3003 μήτε
3354 2932 3436 2995 είς
3467 2931 3613 3002 ὄψιν,
3658 2933 3794 3004 μήτε

2200 3013 2281 3076 είς
2316 3012 2604 3066 συνουσίαν
2629 3012 2804 3082 λόγων
2849 3015 2963 3077 τοῖς
3001 3013 3145 3077 νέοις
3192 3013 3478 3084 ἔρχεσθαι,
3529 3014 3676 3069 ὥστε
3719 3021 3793 3089 μή

2202 3094 2477 3166 σπινθῆρα
2519 3095 2730 3149 ἐκεῖθεν
2773 3095 3081 3150 ἐκπεσόντα
3125 3095 3423 3168 ὁλόκληρον
3453 3099 3663 3169 ἀνάψαι
3698 3098 3794 3154 τοῦ

2199 3176 2415 3231 παιδίου
2445 3176 2543 3249 τὴν
2569 3177 2770 3250 ψυχὴν,
2810 3178 2905 3231 καὶ
2933 3177 3371 3250 ἀπαραμύθητον
3402 3180 3666 3250 γενέσθαι
3695 3182 3794 3255 τὴν

2200 3261 2508 3333 συμφοράν.
2545 3260 2637 3332 Μὴ
2681 3260 2972 3331 θεαμάτων
3011 3261 3069 3315 δὲ
3106 3262 3288 3332 μόνον,
3320 3263 3461 3318 ἀλλὰ
3491 3265 3588 3319 καί⁵
3632 3267 3796 3319 ἀκου-

2202 3342 2425 3413 σμάτων
2458 3343 2661 3407 αὐτοὺς
2707 3343 3005 3419 μαλθακῶν
3050 3349 3147 3399 καὶ
3177 3346 3669 3419 διακεκλασμένων
3694 3350 3795 3403 άπ-

2199 3426 2546 3495 άγωμεν,ϊνα
2571 3423 2648 3497 μὴ
2673 3426 3003 3499 γοητεύηται
3026 3426 3117 3481 διὰ
3131 3427 3339 3483 τούτων
3353 3430 3542 3494 αὐτοῖς
3561 3433 3596 3503 ή
3620 3432 3765 3504 ψυχή
3778 3449 3792 3463 ·

2201 3509 2336 3582 μηδὲ
2372 3510 2452 3572 είς
2499 3508 2704 3581 θέατρα
2739 3511 2940 3576 αὐτοὺς
2982 3511 3301 3583 άνάγωμεν,
3340 3513 3478 3585 μηδὲ
3518 3514 3602 3578 είς
3657 3533 3798 3585 συμ-

2200 3590 2365 3646 πόσια
2404 3589 2499 3644 καὶ
2541 3591 2734 3662 μέθας,
2775 3591 2913 3646 ἀλλὰ
2944 3592 3057 3647 τῶν
3087 3594 3558 3667 θαλαμευομένων
3591 3597 3799 3668 παρθὲ

2198 3691 2306 3729 νων
2334 3671 2535 3746 μᾶλλον
2561 3676 2696 3746 ήμῖν
2721 3675 2771 3728 οί
2809 3675 2919 3730 νέοι
2965 3676 3448 3747 φυλαττέσθωσαν.
3481 3681 3655 3734 Οῦδέν
3691 3681 3798 3754 γὰρ

2197 3758 2340 3811 οῦτω
2373 3758 2474 3829 τὴν
2521 3758 2738 3830 ἡλικίαν
2784 3759 3001 3830 ἐκείνην
3054 3764 3279 3833 κοσμεῖν
3328 3763 3600 3831 πέφυκεν,
3647 3764 3724 3828 ὠς
3770 3768 3799 3818 6

2196 3841 2296 3913 τῆς
2342 3841 2695 3914 σωφροσύνης
2731 3841 3018 3914 στέφανος,
3055 3845 3153 3899 καὶ
3185 3846 3247 3900 τὸ
3280 3847 3466 3919 πάσης
3501 3848 3799 3919 άπλγείας

2198 3923 2574 3996 καθαρεύοντα
2625 3925 2767 3996 πρὸς
2816 3928 2997 3998 γάμον
3043 3927 3243 3984 ἐλθεῖν.
3272 3928 3434 3984 Οὕτω
3461 3932 3559 3984 καὶ
3594 3934 3652 3985 αἱ
3700 3949 3798 4001 γυ-

2198 4010 2383 4071 ναῖκες
2428 4008 2613 4072 αὐτοῖς
2658 4009 2890 4076 γένοιντ’
2933 4010 3001 4065 ἂν
3051 4012 3335 4076 ποθειναὶ,
3385 4016 3519 4070 ὅταν
3561 4015 3639 4088 μή
3669 4033 3800 4090 πορ-

2197 4090 2345 4171 νείαν
2375 4092 2410 4161 ἡ
2451 4089 2599 4163 ψυχὴ
2643 4093 3189 4166 προμεμελετηκυῖα,
3229 4096 3366 4167 μηδὲ
3422 4089 3797 4171 διεφθαρμένη

2196 4168 2262 4245 ᾖ,
2307 4174 2437 4227 ὅταν
2468 4173 2684 4245 ἐκείνην
2726 4175 2886 4239 είδὼς
2927 4172 2962 4251 ᾗ
3008 4177 3109 4249 τὴν
3145 4182 3381 4247 γυναῖκα
3415 4182 3581 4252 μόνον
3616 4168 3800 4248 δνέος

2198 4255 2295 4327 τὴν
2326 4254 2494 4326 γάμῳ
2543 4256 2906 4326 συηφθεῖσαν
2942 4259 3115 4332 αύτῷ.
3160 4261 3322 4317 Οὕτω
3374 4265 3470 4319 καὶ
3503 4268 3557 4319 οί
3595 4266 3800 4338 ἔρωτες

2199 4338 2551 4410 θερμότεροι,
2602 4340 2762 4413 καὶή
2801 4339 2982 4396 εὔνοια
3016 4344 3387 4417 γνησιωτέρα,
3427 4349 3523 4402 καὶ
3562 4351 3599 4419 η
3649 4350 3801 4419 φιλία

2198 4422 2565 4495 ἀκριϐεστέρα
2611 4421 2856 4491 γίνεται,
2886 4423 3016 4479 ὅταν
3064 4428 3206 4497 μετὰ
3250 4430 3512 4501 τοιαύτης
3551 4433 3801 4504 φυλακῆς

2200 4506 2293 4559 ἐπὶ
2336 4504 2463 4569 τοὺς
2516 4505 2729 4576 γάμους
2774 4508 2823 4559 οί
2866 4506 2976 4561 νέοι
3021 4507 3342 4578 βαδίζωσιν.
3396 4514 3487 4577 Ὠς
3526 4515 3598 4568 τά
3618 4530 3688 4582 γε
3708 4515 3803 4569 νῦν

2197 4583 2480 4653 γινόμενα,
2499 4583 2562 4637 οὐ
2597 4583 2773 4655 γάμος
2802 4586 2972 4651 ἐστὶν,
2999 4587 3115 4641 ἀλλ’
3140 4590 3331 4654 ἁπλῶς
3360 4592 3673 4663 χρημάτων
3702 4596 3803 4664 ἐμ-

2200 4665 2384 4747 πορία,
2416 4667 2510 4719 καὶ
2532 4666 2823 4737 καπηλεία.
2864 4669 3037 4723 Ὀταν
3073 4670 3185 4743 γάρ
3220 4673 3314 4729 καὶ
3337 4675 3447 4745 πρὸ
3469 4674 3584 4727 τῶν
3604 4677 3804 4747 γάμων

2197 4746 2595 4818 διεφθαρμένος
2634 4751 2664 4803 6
2700 4750 2819 4814 νέος
2850 4747 2910 4827 ἦ,
2952 4753 3049 4807 καὶ
3092 4756 3233 4827 μετὰ
3277 4756 3372 4811 τὸν
3415 4758 3603 4828 γάμον
3642 4760 3804 4823 πάλιν

2198 4831 2338 4903 πρὸς
2381 4830 2576 4901 ἐτέραν
2622 4831 2794 4905 βλέπῃ
2828 4838 3086 4903 γυναῖκα,
3121 4838 3175 4891 τί
3204 4838 3317 4892 τῶν
3346 4840 3548 4910 γάμων
3587 4841 3803 4911 ὄφελος,

2201 4913 2323 4966 είπέ
2358 4929 2480 4984 μοις
2506 4913 2724 4978 Μείζων
2759 4917 2860 4986 μὲν
2882 4913 2977 4972 οὖν
3001 4920 3036 4989 ή
3065 4920 3309 4985 κόλασις,
3342 4921 3742 4991 άσύγγνωστος
3771 4925 3806 4994 η

2201 4993 2465 5067 ἁμαρτία,
2505 4995 2635 5050 ὃταν
2667 4998 2926 5066 γυναικὸς
2950 4999 3101 5055 ἔνδον
3122 5000 3292 5074 οὔσης
3322 5006 3403 5068 είς
3435 5005 3649 5075 πόρνας
3681 4993 3807 5061 ἐαυέ

2200 5077 2295 5130 τὸν
2331 5078 2690 5161 καταισχύνῃ,
2727 5081 3107 5161 καὶ-,μοιχείαν
3141 5084 3468 5158 ἐργάζηται.
3501 5088 3666 5142 Μετὰ
3698 5092 3808 5161 γάρ

2201 5161 2456 5243 γυναῖκα,
2480 5159 2584 5243 κᾷν
2618 5162 2790 5235 πόρνη
2886 5164 2912 5203 ά
2945 5167 2979 5236 ή
3012 5167 3492 5241 προσφθειρομένη
3525 5171 3608 5243 τῷ
3637 5158 3810 5241 γεγα-

2206 5241 2425 5312 μηκότι,
2464 5238 2680 5315 μοιχεία
2719 5246 2783 5298 τὸ
2816 5248 3051 5319 πρᾶγμά
3077 5249 3218 5305 ἐστι.
3250 5238 3441 5308 Ταῦτα
3475 5238 3536 5307 δὲ
3564 5238 3808 5325 γίνεται,

2260 5350 2294 5418 1}
2305 5353 2454 5418 Βόα.
2465 5355 2666 5405 ἀκούσει
2688 5358 2829 5407 Θεὸν.

2268 5413 2416 5498 51115
2417 5417 2800 5498 Ἲξςεῑμεεβε
2814 5421 3078 5498 μετεξει-
3095 5441 3108 5470 =
3128 5423 3260 5498 «ρειί
3274 5426 3463 5498 epime-
3477 5427 3694 5498 παρίει
3708 5446 3811 5498 σιρ-

2204 5598 2410 5675 E‘P‘i'ihi?
2430 5598 2579 5675 @5559:
2593 5598 2737 5675 τρῖὲῖο
2753 5603 2843 5667 γάρ
2862 5603 3083 5675 τὸπάθος
3102 5598 3812 5675 ιάάίάἶεεέβιιὺέόέιᾶἱιιῖὧι

2200 5657 2266 5706 de
2290 5658 2408 5733 viglo
2424 5657 2744 5733 οουιίιιειλιὶω
2763 5657 2996 5733 οὐροεὶιο
3021 5657 3329 5727 manentem.
3355 5657 3809 5733 11υῇἇᾶὦῶᾘῖ

2203 5720 2462 5788 ctu-3153‘;ng
2482 5722 2610 5783 apud
2631 5720 3137 5788 Grgcdéjfrequenﬁs
3152 5737 3287 5779 sunt.

2264 5776 2458 5850 depth;
2491 5776 2626 5850 ῥῖψε
2668 5776 3017 5849 κάνπόρνη⁸μὴ
3040 5786 3093 5849 ἡ,
3133 5776 3447 5850 quaB'lecuu
3484 5798 3636 5846 eum
3685 5795 3811 5848 feni

2209 5847 2393 5901 posset,
2415 5844 2505 5896 sed
2528 5846 2680 5896 alium
2699 5844 2902 5897 sensu'm
2922 5844 3142 5911 phreiél,
