4064 6462
385 420 489 476 (ιιι
1750 420 1837 465 nr:
1878 420 1983 468 AN!

390 514 533 566 cillie
554 518 658 564 tua
676 525 847 563 senum
872 506 1001 565 viri;
1031 505 1161 559 dabo
1182 502 1312 558 illud
1339 503 1513 555 datum
1542 517 1711 556 coram
1750 512 1815 553 te.
1845 502 1983 569 Quid

391 612 496 668 est,
525 601 712 657 Coram
749 610 796 654 te
838 598 1055 652 datum?
1098 595 1406 651 Dedititiuni
1451 603 1507 649 et
1545 594 1703 664 plane
1747 607 1985 647 servum.

390 693 548 749 Omni
578 700 842 763 potestate
864 705 950 744 me
975 689 1188 744 abdico.
1217 687 1451 743 Eatenus
1470 688 1614 741 enim
1645 693 1849 740 tantum
1871 685 1985 739 ﬁeri

392 793 564 841 mater
586 783 767 853 cupio,
797 792 1062 852 quatenus
1080 796 1111 835 a
1142 795 1229 836 me
1259 779 1401 834 ﬁlius
1423 777 1585 833 ducat
1616 778 1846 844 initium,
1872 788 1983 831 tum

388 876 647 947 deinceps
672 889 795 932 meo
820 875 940 944 jure
968 873 1125 940 cedo,
1154 888 1219 928 ac
1249 887 1433 928 rursus
1457 872 1507 927 ei
1534 872 1803 927 renuntio.

458 970 517 1026 6.
558 971 637 1025 Ac
665 968 785 1024 vide
811 967 1050 1023 mulieris
1075 967 1343 1037 pietatem.
1372 964 1485 1019 Non
1516 964 1671 1028 dixit,
1696 963 1752 1020 Si
1773 963 1985 1020 dedi-ris

388 1061 521 1117 mihi
547 1071 674 1127 tres,
698 1062 832 1117 duos
857 1060 1070 1116 libido:
1096 1060 1177 1114 sin
1204 1068 1383 1114 autem
1403 1057 1558 1122 duos,
1582 1073 1743 1112 unum
1763 1058 1831 1113 do
1853 1058 1943 1111 tibi
1965 1075 1979 1111 :

387 1155 508 1222 sed,
540 1154 598 1210 Si
625 1170 788 1209 unum
810 1153 982 1208 solum
1010 1152 1244 1218 dederis,
1275 1160 1441 1206 totum
1474 1151 1567 1205 tibi
1591 1150 1818 1206 fructum
1849 1167 1981 1206 cou-

386 1262 565 1304 ωσι-ο.
596 1246 661 1300 Et
690 1247 861 1300 vinum
891 1255 938 1299 et
963 1261 1112 1299 omne
1138 1244 1273 1310 quod
1302 1244 1552 1297 inebriare
1579 1253 1738 1313 potest
1766 1261 1867 1297 non
1904 1242 1982 1297 bi-

385 1341 487 1394 bet.
517 1337 762 1396 Nondum
791 1338 957 1391 ﬁlium
986 1336 1209 1406 accepit,
1253 1346 1309 1390 et
1332 1337 1440 1405 jam
1473 1336 1784 1405 prophetam
1814 1334 1979 1390 infor-

386 1440 517 1498 mat,
547 1446 610 1485 ac
632 1430 701 1485 de
728 1429 870 1485 illius
896 1428 1213 1484 educatione
1241 1430 1401 1483 verba
1431 1428 1574 1489 facit.
1605 1436 1657 1482 et
1699 1444 1820 1482 cum
1872 1428 1980 1481 Deo

386 1533 598 1592 pactum
633 1523 747 1577 init.
776 1521 820 1577 Ο
845 1521 1220 1577 conﬁdentiam
1252 1521 1517 1576 mulieris!
1566 1522 1700 1589 Quia
1732 1538 1837 1575 non
1866 1530 1975 1576 tum

384 1614 696 1685 persolvere
723 1598 947 1684 poterat
971 1613 1113 1685 quod
1134 1613 1370 1668 nondum
1392 1615 1706 1684 accepisset,
1730 1630 1759 1667 a
1786 1613 1979 1669 futuris

381 1713 655 1777 sumptum
689 1705 913 1775 pretium
946 1704 1221 1774 persolvit.
1250 1704 1316 1759 Et
1341 1703 1793 1775 quemadmodum
1835 1719 1979 1776 smpe

381 1798 534 1853 multi
564 1797 813 1868 agricola:
854 1811 1063 1851 summa
1108 1796 1281 1867 pressi
1329 1803 1586 1867 egestate,
1617 1810 1738 1851 cum
1770 1803 1976 1851 tamam

380 1889 626 1958 pecunia:
667 1903 773 1943 non
817 1896 1083 1957 suppetat,
1126 1897 1184 1942 ιιι
1213 1887 1433 1941 vitulum
1472 1887 1791 1956 possintaut
1818 1902 1975 1943 ovem

379 1992 585 2043 emere,
617 1964 715 2034 hac
741 1978 1052 2034 conditione
1076 1993 1111 2033 a
1140 1977 1373 2033 dominis
1398 1994 1459 2033 ea
1481 1979 1749 2048 accipiunt
1773 1980 1977 2034 anima-

381 2071 475 2136 lia,
499 2080 557 2126 ut
579 2070 859 2126 semissem
881 2070 1148 2125 fructuum
1177 2070 1423 2136 reddant,
1456 2085 1619 2140 seque
1648 2071 1878 2140 pretium
1906 2087 1973 2126 ex

377 2160 576 2217 futuris
600 2162 885 2217 deductum
919 2160 1178 2216 fructibus
1218 2160 1583 2231 persoluturos
1613 2162 1929 2231 promittunt
1958 2180 1971 2216 :

377 2255 462 2308 sic
483 2253 644 2309 etiam
666 2253 789 2317 ista.
809 2251 893 2307 vel
920 2253 1094 2323 potius
1116 2251 1287 2322 majus
1302 2252 1552 2321 quiddam
1573 2252 1838 2321 praestitit.
1858 2251 1975 2308 Non

374 2345 523 2399 enim
554 2360 615 2400 ea
644 2343 974 2409 conditione,
1024 2352 1081 2397 ut
1123 2344 1404 2398 semissem
1448 2342 1714 2397 fructuum
1760 2343 1969 2407 reddat,

379 2438 550 2492 filium
580 2438 793 2508 accipit,
839 2436 934 2491 sed
983 2444 1041 2491 ut
1084 2446 1250 2491 totum
1293 2436 1369 2490 illi
1397 2435 1591 2491 deinde
1620 2437 1884 2502 restituat,
1919 2446 1973 2492 et

371 2526 642 2582 fructuum
674 2528 791 2584 loco
812 2527 905 2582 ﬁlii
926 2527 1294 2583 educationem
1326 2526 1571 2597 accipiat.
1602 2527 1969 2583 Sufﬁcientcm

369 2621 520 2676 enim
549 2637 670 2678 esse
699 2621 1002 2677 mercedem
1042 2620 1393 2688 existimavit,
1424 2629 1480 2675 ut
1506 2619 1717 2676 labores
1746 2636 1874 2676 suos
1918 2623 1971 2677 in

372 2717 473 2772 Dei
503 2714 799 2772 sacerdotis
842 2713 1213 2769 educationem
1243 2711 1597 2782 impenderet.
1634 2710 1700 2764 Et
1728 2712 1899 2766 vinum
1923 2720 1971 2765 et

369 2825 523 2864 mune
546 2807 682 2879 quod
705 2807 918 2862 inebriat
953 2822 1055 2860 non
1100 2804 1246 2872 bibet,
1281 2805 1471 2875 inquit.
1502 2803 1617 2859 Non
1644 2804 1716 2859 illi
1745 2806 1889 2861 venit
1916 2806 1969 2860 in

369 2909 611 2957 mentem
644 2900 759 2955 haec
804 2898 945 2969 apud
975 2912 1034 2953 se
1059 2897 1273 2954 dicere:
1298 2896 1436 2965 Quid
1467 2912 1594 2952 vero
1626 2898 1736 2964 ﬁet,
1765 2896 1812 2952 si
1842 2897 1968 2952 dum

367 3006 529 3049 tener
555 3002 639 3048 est
683 2990 876 3057 infans,
909 3005 1061 3062 aqua:
1090 2997 1218 3060 potu
1248 2989 1363 3059 ejus
1414 2987 1663 3043 valetudo
1705 2987 1971 3043 lzedaturl

366 3087 500 3160 quid
542 3088 587 3142 si
616 3090 671 3145 in
700 3085 943 3141 morbum
977 3083 1207 3138 incidat?
1233 3081 1360 3153 quid
1387 3081 1431 3138 si
1457 3081 1606 3153 gravi
1636 3081 1826 3136 morbo
1867 3096 1973 3151 op-

368 3195 593 3253 pressus
638 3179 933 3234 moriatur?
978 3177 1084 3233 Sed
1127 3192 1247 3233 cum
1284 3175 1571 3247 cogitasset
1608 3190 1753 3242 eum,
1792 3191 1821 3230 a
1860 3191 1967 3245 quo

366 3275 550 3329 fuerat
591 3272 770 3337 datus,
800 3284 959 3340 posse
990 3269 1132 3325 illius
1158 3283 1373 3338 quoque
1401 3266 1615 3322 sanitati
1660 3266 1963 3337 providere,

363 3367 443 3422 ab
470 3366 597 3437 ipsis
624 3363 959 3421 incunabulis
986 3372 1040 3418 et
1083 3370 1267 3433 partus
1295 3360 1605 3416 secundinis
1630 3360 1681 3415 in
1707 3360 1967 3417 sanctita-

367 3469 481 3514 tem
521 3457 667 3512 illum
715 3455 942 3523 invexit,
982 3455 1199 3525 Deoque
1246 3469 1360 3509 rem
1392 3460 1557 3508 totam
1587 3451 1879 3521 commisit,
1911 3460 1967 3507 et

362 3558 496 3605 ante
524 3556 734 3618 partum
763 3546 1195 3603 sanctiﬁeabatur
1230 3545 1347 3615 ejus
1388 3553 1573 3600 uterus
1612 3544 1662 3598 in
1693 3560 1799 3615 quo
1837 3559 1963 3615 pro-

364 3642 531 3710 pheta
559 3640 888 3711 gestabatnr,
911 3646 966 3694 et
992 3637 1247 3693 sacerdos
1267 3637 1695 3706 concipiebatur,
1721 3646 1775 3692 et
1796 3637 1964 3691 dona-

363 3732 509 3785 rium
556 3730 847 3795 ferebatur,
894 3728 1194 3795 donarium,
1228 3728 1465 3798 inquam,
1496 3727 1808 3782 animatum.
1839 3726 1964 3782 Ideo

362 3822 570 3877 diutius
607 3836 727 3877 eam
762 3835 995 3877 mterore
1022 3820 1210 3874 conﬁci
1243 3818 1585 3889 permittebat
1635 3819 1794 3885 Deus,
1843 3817 1963 3874 ideo

361 3913 520 3969 tarde
549 3911 737 3975 dabat,
777 3922 831 3968 ut
878 3927 999 3968 eam
1031 3912 1147 3981 ipso
1176 3926 1373 3982 genere
1402 3918 1586 3981 partus
1616 3908 1960 3965 illustriorem

360 4007 635 4072 redderet,
663 4019 723 4065 ut
754 4005 1144 4077 phiIOSOphiam
1185 4004 1302 4075 ejus
1331 4004 1601 4073 animique
1632 4002 1960 4057 moderatio-

359 4114 490 4154 nem
519 4097 851 4155 ostenderet.
882 4096 1015 4152 Nam
1042 4097 1093 4151 in
1124 4096 1368 4151 oratione
1388 4109 1495 4149 non
1524 4094 1771 4150 meminit
1797 4109 1963 4148 annu-

360 4191 455 4257 lar,
480 4205 585 4245 non
606 4191 723 4260 ejus
742 4189 982 4245 convicia
1010 4187 1343 4255 memoravit,
1375 4201 1479 4242 non
1503 4188 1555 4240 in
1580 4185 1812 4241 medium
1838 4200 1961 4255 pro-

359 4281 487 4337 tulit
524 4283 641 4350 ejus
669 4280 977 4350 opprobria,
1015 4297 1120 4335 non
1163 4280 1314 4343 dixit,
1345 4278 1616 4334 Ulciscerc
1646 4293 1733 4334 me
1763 4277 1829 4333 de
1856 4279 1958 4332 im-

360 4373 549 4444 proba‘
579 4382 636 4429 et
676 4373 899 4428 scelesta
948 4373 1032 4426 illa
1078 4373 1321 4437 muliere,
1367 4371 1506 4441 quod
1550 4372 1731 4425 multa:
1762 4371 1958 4425 iaciunt

360 4464 781 4520 muliereszsed
832 4478 1006 4534 neque
1058 4464 1372 4534 probrorum
1424 4462 1735 4525 recordata,
1781 4461 1850 4517 de
1894 4463 1960 4517 iis

360 4566 571 4612 tantum
598 4571 716 4627 quae
738 4556 837 4611 sibi
867 4556 1155 4627 proderant
1184 4570 1368 4624 preces
1390 4553 1663 4610 olferebat.
1693 4554 1767 4608 Ita
1794 4554 1876 4611 fac
1903 4565 1959 4610 tu

356 4665 597 4722 quoque,
642 4650 714 4704 mi
758 4649 942 4716 homo,
987 4664 1216 4719 cumque
1247 4647 1441 4703 videris
1468 4647 1743 4703 inimicum
1772 4647 1960 4703 dolore

356 4743 710 4806 efﬁcientem,
746 4743 797 4797 in
825 4759 947 4797 eum
978 4742 1423 4813 quideinvnullnin
1453 4743 1696 4811 asperius
1736 4741 1957 4798 verbum

360 4835 567 4899 mittas,
600 4850 773 4905 neque
810 4835 950 4890 male
989 4850 1115 4904 erga
1157 4843 1210 4889 te
1254 4833 1447 4889 aﬁ‘ecto
1492 4834 1837 4903 impreceris:
1862 4832 1956 4888 sed

359 4928 660 4997 ingressus,
692 4942 755 4981 ac
784 4925 935 4980 ﬁexis
958 4926 1201 4996 genibus,
1227 4924 1468 4994 fusisque
1488 4925 1758 4996 lacryinis,
1790 4926 1955 4980 Deum

357 5032 607 5091 precare,
632 5027 688 5072 ut
711 5017 979 5073 tristitiam
1007 5017 1256 5072 discutiat
1275 5016 1620 5086 doloremque
1636 5018 1953 5087 restinguat;

350 5110 508 5181 quod
536 5110 650 5168 Ιιωο
678 5125 891 5180 quoque
916 5109 1108 5165 mulier
1139 5109 1281 5174 fecit,
1328 5124 1428 5164 nec
1473 5109 1795 5165 mediocrem
1843 5111 1956 5165 fru-

356 5208 512 5256 ctum
536 5215 605 5255 ex
639 5198 853 5255 inimica
882 5200 1116 5271 collegit.
1169 5201 1261 5256 llla
1306 5201 1448 5256 enim
1481 5200 1547 5256 ad
1575 5201 1717 5257 hunc
1746 5211 1954 5273 partum

357 5289 588 5347 infantis
617 5292 966 5349 obtinendum
1010 5292 1263 5362 opitulata
1305 5300 1408 5349 est.
1438 5292 1554 5359 Quo
1596 5302 1751 5363 pacto
1793 5292 1843 5346 id
1874 5292 1956 5347 fa-

358 5396 511 5441 ctum
539 5386 627 5446 sit.
656 5399 755 5455 ego
783 5384 975 5440 dicam.
996 5385 1130 5453 Quia
1159 5384 1442 5455 Opprobria
1469 5384 1717 5454 jactarat,
1742 5384 1956 5439 afﬂixe-

359 5484 477 5541 rat,
498 5476 864 5546 majoremque
891 5476 1135 5532 dolorem
1156 5476 1482 5541 reddiderat,
1501 5491 1529 5529 a
1551 5476 1737 5532 dolore
1758 5476 1955 5532 arden-

367 5571 481 5627 tior
499 5569 593 5623 fuit
632 5570 826 5633 oratio,
874 5569 1042 5625 Deum
1073 5584 1201 5624 vero
1240 5568 1316 5622 illi
1354 5569 1679 5633 conciliavit,
1711 5578 1868 5638 atque
1898 5578 1958 5622 ut

359 5670 679 5736 impetraret
708 5661 1124 5731 eﬁ‘ecit.‘sicque
1166 5660 1383 5717 Samuel
1426 5669 1512 5715 est
1556 5670 1711 5730 partu
1752 5660 1950 5715 editus.

360 5760 551 5825 Itaque
577 5756 622 5810 si
652 5755 838 5825 vigiles
866 5756 1052 5820 simus,
1086 5769 1192 5809 non
1238 5752 1400 5808 modo
1440 5753 1570 5808 nihil
1617 5767 1715 5808 nos
1760 5751 1957 5807 laedere

351 5853 608 5922 poterunt
638 5846 858 5911 iu'ntici,
888 5844 985 5903 sed
1005 5853 1060 5905 et
1086 5844 1373 5919 plurimum
1403 5844 1717 5917 proderunt,
1747 5844 1875 5900 dum
1898 5843 1950 5900 in

1750 409 1837 465 DE
1878 410 2061 468 ANNA
2088 410 2318 469 δεηΜο
2354 412 2396 470 1.

3585 414 3690 469 (3&2

2098 502 2353 557 omnibus
2372 516 2472 559 nos
2494 502 2859 574 diligentiores
2884 504 3141 572 efﬁcient,
3162 514 3365 562 tantum
3388 522 3455 562 ne
3476 521 3697 580 propter

2096 593 2399 650 molestiam
2422 610 2487 650 ac
2511 595 2777 663 dolorem,
2808 614 2970 669 quem
2998 599 3155 656 nobis
3188 599 3426 669 inurunt,
3459 602 3528 655 ad
3557 617 3690 658 con-

2094 685 2228 741 vicia
2256 687 2560 759 probraque
2585 703 2683 746 nos
2703 689 2874 761 abripi
2903 691 3163 758 sinamus,
3187 691 3281 747 sed
3297 692 3364 749 ad
3383 709 3572 764 preces
3592 709 3691 752 nos

2096 780 2271 851 potius
2299 790 2695 838 convertamus.

2162 873 2249 929 Ea:
2289 876 2491 930 nomine
2517 875 2774 932 Samuelis
2800 878 3113 934 occasionem
3138 880 3320 949 arripit
3346 880 3409 935 de
3426 880 3694 935 educatio-

2092 981 2154 1017 ne
2198 964 2470 1019 liberorum
2521 964 2776 1036 loquendi.
2812 995 2887 1009 --
2924 968 3213 1039 Postquam
3257 979 3436 1027 autem
3484 971 3692 1042 peperit

2091 1057 2281 1130 ﬁlium,
2300 1059 2509 1115 vocavit
2526 1058 2673 1115 illum
2690 1059 3012 1127 Samuelem,
3031 1060 3135 1117 hoc
3150 1072 3251 1128 est,
3274 1062 3472 1120 Audiet
3495 1063 3685 1119 Deum.

2088 1149 2219 1205 Nam
2247 1151 2498 1220 quoniam
2525 1166 2592 1206 ex
2621 1166 2707 1219 eo,
2735 1152 2877 1223 quod
2905 1152 3151 1208 exaudita
3178 1153 3357 1219 fuerit,
3387 1163 3442 1210 et
3466 1170 3685 1224 precum

2087 1258 2251 1314 Opera
2269 1244 2443 1313 ipsum
2462 1244 2688 1314 accepit,
2716 1260 2822 1300 non
2846 1245 3103 1301 beneﬁcio
3130 1254 3352 1312 naturae,
3371 1246 3686 1303 memoriam

2086 1346 2321 1407 quaestus
2346 1337 2487 1391 illius
2516 1344 2791 1407 tamquam
2829 1337 2883 1392 in
2909 1352 3059 1392 amca
3094 1337 3321 1407 quadam
3357 1338 3604 1394 columna
3632 1338 3686 1393 in

2085 1427 2440 1496 appellatione
2471 1428 2674 1498 pueruli
2699 1428 2864 1482 voluit
2890 1443 3012 1484 esse
3038 1427 3293 1483 delixam.
3317 1428 3501 1500 Neque
3527 1430 3684 1496 dixit,

2091 1520 2351 1575 Vecemus
2376 1535 2498 1575 cum
2538 1520 2753 1575 nomine
2785 1520 2951 1589 patris
2979 1520 3080 1584 sui,
3116 1518 3200 1575 vel
3230 1519 3435 1589 patrui,
3463 1522 3543 1575 vel
3574 1520 3683 1588 avi,

2085 1611 2168 1665 vel
2199 1611 2384 1680 proavi
2411 1629 2423 1665 :
2451 1610 2566 1677 sed,
2598 1611 2693 1667 ille
2722 1611 2856 1681 ipse,
2881 1611 2970 1679 qui
2994 1610 3145 1666 dedit
3171 1626 3316 1675 eum,
3352 1610 3561 1681 inquit,
3589 1626 3684 1681 ap—

2084 1704 2372 1774 pellatione
2392 1702 2599 1773 pueruli
2627 1703 2941 1757 bonoretur.
2973 1702 3120 1757 lianc
3140 1701 3461 1756 aemulamini
3494 1702 3687 1757 mulie-

2082 1810 2191 1861 res,
2228 1793 2369 1849 lianc
2396 1794 2669 1850 imitemur
2695 1794 2813 1860 viri,
2841 1801 3150 1864 tantamque
3177 1794 3465 1849 liberorum
3497 1810 3682 1849 curam

2081 1902 2352 1956 geramus,
2385 1887 2457 1941 ita
2488 1895 2643 1941 natos
2669 1885 2980 1951 educcmus,
3013 1901 3137 1942 cum
3169 1886 3222 1942 in
3247 1887 3368 1944 aliis
3393 1887 3680 1953 oumibus.

2082 1988 2194 2034 tum
2221 1977 2453 2033 maxime
2478 1977 2532 2033 in
2552 1979 2817 2034 castitate.
2848 1977 2992 2034 Nihil
3015 1979 3157 2034 enim
3186 1977 3321 2035 adeo
3346 1979 3678 2035 contenden-

2080 2069 2209 2125 dum
2249 2077 2304 2124 et
2330 2068 2625 2124 curandum
2655 2080 2735 2124 est
2760 2111 2777 2136 ,
2808 2085 2965 2141 quam
2995 2078 3054 2124 ut
3074 2069 3300 2139 juvenes
3328 2072 3459 2125 casti
3491 2071 3597 2125 sint
3626 2082 3683 2126 et

2081 2159 2279 2229 pudici.
2332 2159 2459 2214 Hmc
2503 2161 2646 2214 enim
2691 2161 2925 2215 maxime
2968 2160 3227 2229 aegritudo
3270 2161 3343 2215 illi
3369 2163 3513 2216 :etati
3558 2179 3681 2217 ino-

2080 2252 2291 2307 lestiam
2334 2251 2588 2308 exhibet:
2613 2260 2666 2307 et
2692 2251 2833 2322 quod
2880 2251 2932 2306 in
2966 2252 3198 2308 lucernis
3230 2252 3469 2324 agimus,
3502 2251 3604 2310 hoc
3629 2264 3685 2310 et

2078 2360 2203 2417 erga
2230 2346 2427 2401 liberos
2453 2345 2821 2400 observemus.
2853 2344 3011 2400 Certe
3048 2359 3191 2415 saepe
3216 2345 3463 2401 ancillam
3490 2346 3683 2410 adma.-

2078 2454 2286 2506 nemus,
2320 2454 2441 2509 quae
2469 2438 2743 2494 lucernam
2770 2438 3031 2503 accendit,
3066 2452 3132 2492 ne
3165 2438 3215 2491 in
3244 2453 3367 2492 eum
3397 2437 3572 2493 locum
3602 2439 3685 2493 lu-

2076 2546 2292 2587 cernam
2344 2529 2631 2585 transferat
2660 2571 2676 2597 ,
2704 2530 2756 2584 in
2788 2543 2894 2598 quo
2938 2528 3131 2598 stipula
3173 2528 3442 2584 fcenumve
3480 2529 3678 2596 fuerit,

2076 2632 2169 2677 aut
2211 2621 2412 2693 aliquid
2438 2621 2743 2691 hujusmodi
2764 2663 2777 2687 ,
2814 2637 2880 2675 ne
2906 2619 3045 2677 forte
3075 2620 3232 2675 nobis
3256 2622 3439 2677 insciis
3469 2622 3684 2677 excidat

2077 2715 2310 2772 scintilla
2335 2714 2617 2786 quaepiam,
2640 2722 2694 2769 et
2717 2715 2997 2769 materiam
3024 2714 3167 2770 illam
3197 2716 3490 2786 corripiens
3513 2724 3681 2772 totam

2075 2810 2292 2863 domum
2315 2807 2593 2869 incendat:
2611 2806 2855 2862 eamdem
2878 2821 3089 2877 quoque
3109 2808 3524 2865 sollicitudinem
3550 2826 3676 2881 erga

2075 2902 2274 2958 liberos
2300 2901 2673 2972 impendamus
2689 2944 2705 2969 ,
2732 2917 2909 2972 neque
2931 2902 3109 2959 vultus
3128 2917 3316 2958 eorum
3349 2905 3473 2963 illuc
3500 2907 3682 2961 tradu-.

2073 3010 2278 3061 camus,
2308 2995 2395 3050 ubi
2424 2996 2637 3050 lascivm
2663 3005 2788 3051 sunt
2817 2996 3028 3051 famulae
3047 3039 3062 3061 ,
3087 2997 3176 3051 ubi
3207 2998 3493 3055 luxnriosm
3523 3003 3677 3069 puel-

2075 3090 2142 3145 la:
2165 3130 2180 3155 ,
2213 3089 2299 3143 ubi
2327 3088 2628 3159 petulantes
2656 3087 2866 3144 ancilla:
2888 3129 2902 3152 ,
2937 3087 3032 3143 sed
3060 3088 3342 3158 jubeamus
3379 3107 3443 3146 ac
3471 3092 3678 3148 denun-

2073 3182 2270 3238 tiemus
2292 3183 2418 3248 illis,
2450 3182 2496 3237 si
2520 3182 2657 3238 forte
2684 3184 2803 3238 talis
2831 3182 2985 3238 nobis
3005 3185 3073 3239 sit
3104 3183 3322 3249 famula,
3348 3198 3445 3240 seu
3476 3187 3671 3253 vicina,

2072 3274 2184 3328 sive
2206 3273 2406 3342 qumvis
2435 3272 2719 3343 ejusmodi,
2755 3282 2812 3327 ut
2837 3289 3009 3344 neque
3036 3275 3087 3328 in
3116 3284 3482 3345 conspectum,
3504 3293 3676 3347 neque

2068 3363 2124 3420 in
2152 3362 2416 3418 sermonis
2432 3376 2776 3433 congressum
2799 3378 2921 3418 cum
2944 3364 3231 3432 juvenibus
3254 3365 3449 3427 veniat.
3475 3382 3544 3421 ne
3569 3383 3673 3436 qua

2070 3453 2197 3509 inde
2234 3453 2464 3508 scintilla
2493 3454 2749 3509 excideus
2780 3463 2943 3510 totam
2972 3455 3177 3525 pueruli
3207 3457 3439 3511 animam
3481 3457 3669 3512 incen-

2070 3544 2181 3612 dat,
2201 3555 2254 3601 et
2284 3546 2679 3616 irreparabilem
2704 3547 2779 3600 illi
2800 3548 3157 3602 calamitatem
3190 3548 3460 3617 importet.
3488 3549 3673 3621 Neque

2070 3652 2199 3694 vero
2246 3646 2451 3692 tantum
2481 3653 2510 3691 a
2550 3638 2872 3708 spectaculis
2896 3679 2911 3704 ,
2944 3637 3040 3693 sed
3067 3639 3226 3694 etiam
3271 3655 3300 3693 a
3331 3641 3585 3696 mollibus
3607 3658 3673 3699 ac

2070 3728 2343 3784 dissolutis
2367 3728 2648 3784 cantilenis
2674 3728 3035 3795 abducamus,
3064 3744 3131 3783 ne
3162 3729 3244 3784 his
3271 3744 3458 3786 eorum
3490 3731 3673 3788 anima

2068 3820 2378 3884 fascinetur;
2413 3834 2586 3889 neque
2616 3820 2731 3873 illos
2759 3819 2823 3874 ad
2858 3819 3060 3875 theatra
3079 3819 3439 3887 deducamus,
3471 3838 3571 3877 nec
3600 3823 3667 3877 ad

2067 3910 2309 3967 convivia
2332 3918 2385 3965 et
2412 3910 2852 3980 computationes,
2880 3910 2975 3965 sed
3001 3911 3210 3965 cautius
3238 3927 3397 3981 quam
3428 3913 3667 3967 conclavi

2068 4002 2261 4057 abditae
2291 4003 2521 4071 virgines
2542 4045 2555 4065 .
2586 4002 2953 4056 custodiantur
2995 4017 3024 4055 a
3071 4003 3224 4058 nobis
3253 4004 3496 4072 juvenes.
3528 4005 3669 4058 Nihil

2068 4100 2277 4147 mtatem
2303 4091 2445 4146 illam
2471 4091 2605 4146 adeo
2626 4092 2763 4146 solet
2782 4106 3044 4147 exarmare
3068 4107 3131 4147 ac
3153 4092 3418 4163 pudicitiae
3440 4109 3523 4150 eo:
3539 4109 3666 4163 oua,

2067 4195 2122 4241 et
2150 4186 2195 4240 si
2225 4186 2344 4255 quis
2382 4184 2450 4240 ab
2494 4184 2639 4239 omni
2684 4183 2897 4238 lascivia
2946 4200 3111 4254 purus
3138 4185 3203 4238 ad
3234 4184 3539 4257 conjugium
3571 4202 3669 4242 ve—

2067 4279 2198 4333 niat.
2241 4276 2332 4333 Sic
2369 4280 2424 4332 et
2451 4276 2704 4332 mulieres
2734 4276 2839 4330 illis
2886 4277 3014 4331 ﬁent
3039 4276 3327 4341 amabiles,
3362 4293 3484 4332 cum
3511 4287 3667 4332 antea

2067 4369 2211 4426 nulla
2238 4383 2297 4424 se
2336 4368 2691 4423 fornicatione
2729 4368 3068 4431 exercuerit,
3091 4376 3185 4422 aut
3208 4377 3460 4437 corrupta
3505 4368 3668 4424 fuerit

2066 4462 2262 4528 anima,
2290 4475 2412 4515 cum
2436 4474 2557 4514 eam
2582 4459 2752 4513 solam
2781 4459 3057 4513 mulierem
3090 4466 3270 4513 notam
3307 4458 3551 4515 habuerit
3572 4459 3669 4529 ju-

2066 4554 2235 4617 venis,
2269 4567 2390 4622 ane
2416 4549 2517 4605 sibi
2544 4549 2706 4604 fuerit
2726 4549 2924 4619 nuptiis
2953 4548 3222 4618 copulata.
3252 4549 3342 4604 Sic
3369 4558 3426 4602 et
3466 4549 3663 4604 arden-

2066 4645 2230 4700 tiores
2255 4656 2487 4707 amores,
2516 4649 2571 4695 et
2589 4639 2853 4696 sincerior
2879 4640 3252 4694 benevolentia
3273 4681 3286 4705 ,
3318 4641 3396 4695 sic
3425 4641 3659 4695 amicitia

2068 4739 2126 4790 lit
2149 4734 2518 4791 vehementior
2542 4774 2556 4798 ,
2585 4746 2709 4786 cum
2739 4731 2805 4786 ad
2833 4730 3046 4801 nuptias
3070 4731 3297 4800 juvenes
3345 4747 3467 4785 cum
3517 4742 3663 4786 tanta

2065 4828 2310 4884 cautione
2336 4826 2687 4897 perrexerint.
2713 4824 2843 4879 Nam
2862 4839 3004 4879 nunc
3028 4824 3241 4894 quidem
3271 4840 3389 4895 qua:
3405 4834 3667 4895 geruntur

2065 4939 2172 4978 non
2220 4923 2418 4993 nuptis:
2459 4930 2584 4976 sunt
2607 4963 2621 4989 ,
2651 4919 2747 4976 sed
2790 4934 2936 4975 mera
2968 4918 3261 5003 negotiatio
3302 4918 3539 4990 pecuniae
3565 4959 3580 4986 ,
3611 4930 3665 4972 et

2064 5016 2400 5086 cauponatio.
2425 5014 2557 5071 Cum
2582 5014 2724 5070 enim
2753 5021 2879 5069 ante
2902 5012 3205 5084 conjugium
3233 5020 3519 5082 corruptus
3545 5010 3662 5064 fue-

2066 5110 2138 5164 rit
2156 5108 2397 5179 juvenis,
2426 5113 2627 5177 etpost
2656 5106 2962 5178 conjugium
2993 5119 3178 5161 rursus
3201 5104 3254 5157 iu
3285 5104 3506 5158 alteram
3539 5117 3662 5155 iuu-

2066 5201 2252 5256 lierem
2279 5199 2466 5255 oculos
2494 5213 2622 5255 suos
2650 5196 3009 5265 converterit,
3038 5195 3185 5265 quid,
3216 5209 3420 5263 quasso,
3442 5194 3663 5265 prodest

2064 5291 2542 5364 conjuginmﬂmo
2586 5301 2696 5346 tum
2735 5289 2909 5360 majus
2950 5286 3267 5357 supplicium
3312 5284 3539 5340 debetur
3564 5324 3578 5347 ,
3609 5295 3663 5339 et

2068 5386 2343 5456 indignum
2385 5392 2467 5439 est
2493 5383 2647 5440 venia
2681 5389 3000 5451 peccatum,
3030 5392 3151 5433 cum
3195 5377 3338 5432 intus
3388 5375 3662 5432 residente

2067 5493 2233 5533 uxore
2282 5477 2516 5547 seipsum
2571 5474 2911 5528 meretricum
2972 5482 3261 5539 congressu
3319 5466 3567 5539 polluat,
3607 5478 3663 5522 et

2066 5568 2384 5623 adulterium
2431 5565 2749 5621 committat.
2775 5562 2981 5631 Quippe
3015 5574 3181 5616 uxore
3224 5560 3423 5628 ducta,
3448 5563 3661 5615 tametsi

2068 5658 2318 5713 meretrix
2347 5664 2466 5720 est,
2496 5668 2700 5724 qutese
2742 5652 2919 5708 mariti
2961 5664 3254 5722 congressu
3296 5649 3661 5706 contaminat.

2065 5748 2390 5804 adulterium
2416 5752 2499 5801 est
2528 5743 2655 5799 illud
2681 5741 2907 5799 facinus.
2931 5741 3057 5797 ﬂare
3082 5748 3259 5795 autem
3285 5740 3395 5808 jam
3425 5739 3577 5803 ﬁunt,
3612 5744 3666 5789 et

2068 5840 2359 5901 contractis
2403 5838 2600 5911 nuptiis
2645 5835 2712 5894 ad
2756 5834 3009 5892 mulieres
3046 5832 3661 5897 meretricwurrunt,
