4064 6452
424 398 535 454 (H3

425 510 685 583 quoniam
706 518 830 564 ante
858 507 1068 578 nuptias
1092 505 1391 560 castitatem
1417 514 1633 558 servare
1658 513 1766 554 non
1813 495 2005 552 didice-

426 612 571 659 runt.
600 601 733 656 llinc
760 613 947 670 pugnae
969 639 985 666 ,
1012 595 1293 651 maledicta
1312 634 1328 660 ,
1353 593 1637 649 domorum
1666 589 1976 646 eversiones
1999 627 2015 653 ,

428 702 483 748 et
505 690 810 763 quotidiana
841 687 975 743 bella
1002 705 1018 743 :
1040 685 1165 742 hinc
1184 685 1242 741 tit
1265 693 1325 740 ut
1350 699 1475 755 erga
1506 696 1729 738 uxorem
1746 694 1901 735 amor
1916 678 2021 733 dil-
2050 716 2055 723 .

428 784 560 840 lluat
596 792 649 837 et
692 788 1018 844 marcescat,
1046 792 1168 834 cum
1209 776 1546 848 lupanarium
1591 772 2021 844 frequentatione

429 875 770 929 dissolvatur.
788 870 939 940 Quod
955 870 1001 926 si
1014 869 1314 926 castitatem
1334 881 1551 924 servare
1567 865 1758 929 discat,
1784 877 1898 934 prae
1917 876 2021 917 cte-

429 968 561 1022 teris
584 965 839 1021 cronibus
851 961 1205 1034 expetendam
1224 973 1451 1016 uxorem
1478 971 1632 1013 stram
1651 953 2018 1022 arbitrabitur,

427 1060 591 1114 multa
606 1057 748 1112 illam
768 1070 890 1110 cum
909 1052 1277 1109 benevolentia
1293 1049 1655 1116 eootuebitur,
1673 1058 2024 1117 magnamque

429 1165 552 1206 cum
596 1149 689 1205 illa
729 1146 1069 1203 concordiam
1095 1143 1474 1201 conservabit:
1503 1142 1549 1197 si
1578 1154 1706 1196 vero
1728 1153 1832 1210 pax
1866 1138 2024 1192 fuerit

428 1251 480 1297 et
500 1239 808 1303 concordia,
834 1238 1013 1293 omnia
1042 1237 1181 1292 bona
1207 1236 1259 1291 in
1290 1234 1509 1290 domum
1537 1232 1682 1288 illam
1706 1229 2020 1285 introibun'.

431 1333 498 1388 Ut
520 1333 679 1402 igitur
698 1339 754 1385 et
779 1344 866 1384 res
897 1328 1053 1398 hujus
1071 1328 1192 1382 vitm
1216 1333 1361 1381 recte
1386 1341 1415 1377 a
1441 1324 1598 1379 nobis
1625 1323 2020 1391 dispensentur,

430 1435 486 1480 et
532 1438 657 1480 cum
692 1423 795 1477 illis
830 1435 1057 1490 regnum
1104 1418 1357 1473 caelorum
1405 1428 1796 1483 consequamur
1817 1452 1833 1474 ,
1868 1409 2025 1480 hujus

429 1516 699 1586 prmcipue
723 1510 963 1567 mandati
983 1509 1153 1581 gratia
1181 1516 1239 1564 et
1265 1518 1504 1563 nostrum
1528 1512 1585 1560 et
1612 1503 1898 1559 liberorum
1928 1515 2025 1555 cu-

431 1624 545 1663 ram
561 1620 832 1679 geramus,
856 1620 922 1659 ne
940 1602 1171 1659 sordidis
1190 1599 1523 1657 vestimentis
1543 1596 1709 1651 induti
1741 1595 1791 1648 in
1816 1593 2029 1662 nuptias

433 1699 553 1753 illas
599 1696 907 1770 spirituales
946 1698 1209 1749 intremus
1233 1731 1248 1758 ,
1276 1689 1372 1746 sed
1399 1703 1522 1744 cum
1553 1684 1746 1741 ﬁducia
1787 1683 2028 1738 fruamur

438 1789 642 1845 honore
663 1828 681 1857 ,
710 1786 804 1859 qui
826 1785 1002 1857 dignis
1025 1792 1109 1841 est
1134 1783 1242 1839 illic
1269 1789 1572 1837 reseruatus
1596 1796 1612 1833 :
1638 1792 1799 1848 quem
1825 1775 2028 1830 utinam

433 1894 624 1935 omnes
649 1890 1000 1948 assequamur
1019 1917 1035 1940 ,
1063 1875 1231 1946 gratia
1259 1882 1315 1928 et
1341 1870 1667 1941 benignitate
1696 1864 1905 1923 Domini
1932 1878 2031 1919 no-

433 1971 533 2028 stri
567 1971 692 2027 Jesu
719 1968 954 2034 Christi,
976 1981 1075 2038 per
1099 1979 1259 2038 quem
1285 1972 1341 2018 ct
1361 1977 1483 2018 cum
1511 1973 1618 2031 quo
1649 1957 1792 2015 Patri
1819 1955 1987 2027 gloria
2008 1993 2027 2020 ,

437 2065 642 2132 honor,
670 2060 950 2131 imperium
973 2099 988 2124 ,
1018 2072 1121 2112 una
1148 2070 1268 2111 cum
1300 2053 1505 2124 Spiritu
1546 2057 1731 2106 sancto
1750 2089 1771 2117 ,
1809 2061 1951 2105 nunc
1975 2054 2032 2103 et

438 2168 674 2227 semper,
704 2162 759 2209 et
784 2153 841 2207 in
867 2150 1059 2206 sarcula
1089 2164 1149 2205 sa
1164 2147 1428 2205 culorum.
1458 2146 1649 2200 Amen.

1079 2278 1309 2337 SERMO
1340 2278 1404 2334 11.

436 2397 519 2458 Dr
535 2397 642 2468 ﬁde
662 2395 843 2461 Anam,
866 2393 1027 2465 deque
1043 2390 1393 2465 pltilosOphia,
1420 2389 1517 2444 hoc
1544 2395 1638 2453 est,
1668 2385 1827 2441 animi
1854 2383 2032 2439 mode-

507 2491 704 2548 ratione
726 2498 811 2555 ,et
836 2485 1079 2543 modestia
1116 2485 1276 2554 ipsius
1300 2525 1315 2549 ,
1345 2491 1391 2536 et
1425 2480 1489 2536 de
1529 2480 1719 2535 honore
1760 2476 2033 2551 deferendo

507 2581 871 2648 sacerdotibus;
886 2589 932 2637 et
957 2577 1093 2650 quod
1112 2586 1218 2632 tum
1242 2576 1295 2630 in
1317 2574 1481 2637 initio,
1502 2582 1609 2628 tum
1631 2574 1686 2626 in
1709 2571 1811 2641 ﬁne
1829 2568 2034 2644 prandii

511 2673 577 2731 ait
605 2672 883 2730 orandum.

513 2788 566 2842 ί.
602 2783 843 2856 Eﬂcaria
870 2782 1116 2839 orationis
1140 2779 1375 2851 mmplo
1404 2777 1566 2833 Anna:
1587 2775 1860 2849 probatur;
1886 2772 2035 2828 Anna

442 2878 597 2935 ritual
620 2886 783 2931 mater
806 2884 852 2932 et
878 2883 1042 2945 pater.
1066 2902 1140 2914 —
1163 2870 1307 2928 Nihil
1340 2868 1627 2941 precationi
1654 2882 1756 2952 par
1800 2874 1884 2920 est
1902 2907 1916 2929 ,
1947 2879 2036 2920 ca-

447 2969 686 3035 rissimi,
709 2982 886 3039 neque
925 2964 1217 3037 quidquam
1261 2962 1368 3018 ﬁde
1412 2960 1702 3031 potentius.
1738 2956 2037 3027 Utrumque

436 3061 606 3118 nobis
633 3074 804 3131 nuper
826 3057 1121 3116 desinat-it
1146 3058 1304 3112 Anna
1325 3070 1345 3111 ε
1364 3068 1487 3110 cum
1520 3052 1605 3108 his
1632 3051 1775 3107 enim
1802 3050 2039 3106 muneri-

447 3155 547 3210 bus
588 3152 856 3210 accedens-
887 3150 958 3207 ad
992 3149 1161 3205 Deum
1183 3189 1201 3217 ,
1235 3147 1415 3209 omnia
1460 3161 1583 3217 quae
1627 3144 1798 3201 voluit
1835 3141 2034 3199 effecit.

442 3246 722 3318 Siquidem
759 3254 819 3301 et
855 3252 1107 3299 naturam
1147 3240 1382 3297 sterilem
1433 3238 1715 3305 correxit,
1742 3246 1799 3292 et
1823 3236 2033 3292 vulvam

444 3355 568 3413 quae
608 3348 731 3397 erat
751 3337 1005 3397 conclusa
1031 3335 1240 3407 aperuit
1267 3376 1287 3402 ,ι
1309 3342 1364 3390 ct
1406 3332 1658 3403 probrum
1697 3328 1919 3386 sustulit
1940 3367 1956 3395 ,
1985 3334 2040 3383 et

446 3432 689 3492 convicia
711 3429 920 3488 aemulas
955 3427 1241 3493 dissolvit,
1271 3441 1434 3497 seque
1471 3424 1642 3495 ipsam
1681 3420 1751 3477 ad
1794 3433 2042 3491 magnam

447 3526 686 3586 restituit
726 3524 1013 3591 Muciam,
1042 3522 1169 3581 dum
1203 3535 1238 3578 e
1282 3528 1434 3591 petra
1486 3512 1797 3587 infrugifera
1839 3513 2040 3586 spicam

451 3618 679 3677 manauit
698 3624 1022 3673 comantem.
1052 3611 1251 3671 Omnes
1274 3609 1497 3667 audistis
1522 3605 1792 3678 quomodo
1816 3604 2038 3675 ﬂeverit,

450 3706 720 3781 quomodo
761 3712 975 3775 precata
1020 3702 1129 3768 sit,
1167 3698 1438 3771 quomodo
1479 3697 1649 3753 orarit
1679 3703 1737 3751 et
1772 3694 2041 3750 exorarit:

448 3798 719 3869 concepit,
749 3796 978 3868 peperit,
1005 3793 1252 3853 educavit
1269 3800 1325 3848 et
1351 3787 1687 3849 consecravit
1712 3785 2041 3843 Samuelem.

456 3891 636 3961 Itaque
666 3903 779 3946 utut
796 3885 1057 3942 aberrarit
1080 3924 1101 3948 ,
1124 3883 1215 3954 qui
1244 3881 1383 3937 hanc
1404 3879 1684 3935 mulierem
1710 3876 1859 3948 pueri
1885 3874 2044 3932 simul

452 3991 509 4038 et
532 3990 759 4039 matrem
786 3986 845 4039 et
872 3985 1076 4047 patrem
1101 3973 1402 4044 appellarit.
1433 3971 1763 4041 Quamquam
1789 3969 1932 4025 enim
1962 3967 2046 4022 vir

448 4071 737 4133 addiderat
773 4083 997 4131 semen.
1023 4068 1183 4135 huius
1222 4076 1397 4120 tamen
1441 4063 1677 4133 precatio
1715 4061 1821 4117 vim
1864 4059 2047 4115 efﬁca-

452 4163 699 4229 ciamque
721 4158 914 4215 semini
941 4157 1167 4227 praebuit
1185 4196 1203 4223 ,
1228 4155 1511 4225 etl‘ecitque
1532 4162 1594 4209 ut
1618 4151 1836 4209 Samuel
1881 4150 2048 4207 hone-

456 4251 714 4309 stiorihus
751 4248 992 4306 exordiis
1028 4255 1356 4302 nasceretur.
1396 4244 1580 4314 Neque
1600 4244 1765 4299 enim
1813 4243 1951 4298 sicut
1994 4243 2046 4296 iu

454 4343 674 4402 ceteris
732 4337 1039 4402 malum
1092 4351 1315 4394 somnus
1363 4343 1423 4391 et
1475 4348 1796 4406 congressus
1844 4342 2047 4389 tantum

457 4443 782 4507 parum,
811 4445 1005 4491 verum
1055 4442 1241 4498 preces
1263 4466 1283 4494 ,
1313 4425 1598 4498 lacrymte,
1645 4422 1883 4495 ﬁdesque
1937 4422 2055 4478 fue-

456 4536 587 4588 runt
625 4523 785 4595 huius
808 4519 1170 4594 generationis
1208 4516 1467 4590 principia
1486 4530 1702 4588 ,eoque
1739 4514 1949 4572 cteteris
1984 4514 2054 4569 il-

460 4618 769 4674 lustriorem
805 4613 997 4673 habuit
1027 4621 1206 4670 ortum
1262 4607 1522 4680 propheta
1545 4647 1565 4674 ,
1604 4616 1823 4679 propter
1866 4605 2053 4661 matris

463 4708 620 4763 ﬁdem
662 4714 837 4763 natus.
863 4702 997 4759 Ideo
1031 4700 1099 4759 de
1125 4699 1226 4756 hac
1251 4699 1475 4756 muliere
1508 4697 1631 4768 jure
1660 4696 1779 4769 quis
1813 4695 2007 4752 dixerit
2035 4711 2050 4747 :

464 4798 565 4865 Qui
587 4795 837 4851 anatinam
860 4794 917 4848 in
943 4791 1203 4864 lasrymis,
1227 4792 1287 4845 in
1304 4789 1641 4851 exsultatione
1664 4796 1845 4843 nictent
1873 4785 2051 4858 (Psal.

462 4887 594 4945 £25.
612 4886 693 4955 5).
722 4885 873 4940 Hanc
906 4884 1221 4938 mutuemur
1255 4881 1385 4948 viri,
1411 4880 1551 4937 hanc
1590 4880 1864 4936 imitentur
1897 4878 2055 4934 femi-

468 4994 553 5036 nas
574 4995 598 5036 ε
622 4991 751 5037 nam
792 4959 1073 5043 uﬂ‘iusque.
1106 4985 1271 5032 sexus
1293 4971 1544 5045 magistra
1573 4980 1658 5028 est
1684 4969 1894 5027 mulier.
1924 4968 2056 5037 Quae

463 5072 680 5130 steriles
720 5076 886 5134 sunt,
923 5081 992 5122 ne
1036 5064 1360 5137 desperent:
1385 5079 1505 5136 qua:
1543 5072 1739 5120 matres
1776 5071 1938 5129 sunt,
1977 5060 2058 5117 sic

464 5166 696 5222 educent
739 5171 892 5217 natos
935 5158 1175 5222 liberos;
1202 5155 1297 5213 sed
1345 5171 1532 5211 omnes
1576 5154 1735 5211 simul
1784 5155 2057 5211 imitemur

465 5254 707 5313 mulieris
719 5249 1128 5324 philosophiam,
1147 5263 1308 5318 quam
1319 5246 1504 5303 habuit
1518 5257 1641 5302 ante
1654 5254 1887 5317 partum,
1900 5245 2056 5302 ﬁdem

467 5360 635 5415 qum
681 5341 866 5401 habuit
918 5344 977 5395 iu
1020 5349 1174 5409 partu
1212 5379 1229 5403 .
1277 5337 1617 5408 studiumque
1670 5335 1814 5408 quod
1876 5334 2062 5391 habuit

472 5445 595 5507 post
628 5444 857 5505 partum.
884 5429 1026 5498 Quid
1048 5432 1191 5489 enim
1224 5444 1345 5487 esse
1383 5429 1552 5500 possit
1576 5428 1663 5482 illa
1692 5426 1917 5482 muliere
1942 5441 2059 5481 ma-

469 5528 554 5598 gis
614 5523 1039 5595 philosophicum
1063 5561 1082 5588 ,
1128 5535 1252 5592 qua:
1289 5519 1651 5577 calamitatem
1690 5515 1827 5572 adeo
1871 5514 2065 5571 intole-

446 5616 696 5675 .rabilem
734 5609 947 5686 placide
992 5608 1303 5681 fortiterque
1331 5610 1450 5665 tulit
1471 5649 1493 5679 ,,
1520 5622 1620 5664 nec
1655 5606 1798 5676 prius
1826 5605 2061 5673 destitit,

475 5705 647 5761 donec
683 5717 805 5760 eam
830 5699 1139 5757 molestiam.
1159 5698 1431 5762 discussit,
1459 5697 1694 5766 malique
1724 5695 1884 5752 ﬁnem
1909 5710 2063 5767 repe-

479 5794 549 5848 rit
572 5831 590 5859 ,
616 5788 1182 5857 tumgadmirandum,
1225 5798 1338 5843 tum
1389 5785 1755 5843 incredibilem
1778 5826 1795 5854 ,
1829 5785 1976 5843 nullo
2030 5799 2063 5839 e

1090 391 1147 447 S.
1186 389 1467 449 JOANNIS
1502 383 1980 446 CllRYSOSTOMl
2020 381 2337 440 ARCBIEP.
2365 383 2902 442 CONS‘I'ANTINOP.

3614 388 3718 445 6M

2131 497 2360 552 terrenis
2383 496 2554 552 accito
2579 496 2826 567 adiutore
2852 504 2906 551 et
2931 494 3293 566 opitulatore?
3320 496 3555 555 Noverat
3576 501 3725 555 enim

2127 587 2511 643 humanitatem
2541 587 2770 653 Domini,
2795 601 2967 658 eoque
2994 587 3109 642 sola
3135 588 3286 643 illum
3310 588 3462 656 adiit,
3488 599 3545 645 et
3568 593 3731 659 quid-

2126 680 2241 750 quit
2256 681 2421 735 voluit
2435 681 2753 751 impetravit.
2773 679 2958 751 Neque
2970 679 3116 735 enim
3132 680 3426 737 humanum
3440 682 3731 750 auxilium,

2126 771 2222 827 sed
2249 772 2487 829 divinam
2510 773 2737 843 gratiam
2762 772 3068 842 requirebat
3094 772 3238 827 illius
3262 773 3497 829 tristitia:
3524 790 3736 831 corre-

2125 867 2233 921 ctio
2257 882 2270 917 :
2292 880 2354 921 ea
2370 865 2518 921 enim
2547 879 2655 919 non
2684 864 3003 920 nascebatur
3027 879 3095 920 ex
3116 864 3325 934 jactura
3351 867 3737 935 pecttniarum.

2128 965 2184 1010 ut
2233 955 2425 1025 aliquis
2461 956 2625 1010 allato
2664 968 2801 1010 auro
2839 954 3071 1010 dilueret
3113 970 3373 1026 angorem
3398 972 3418 1014 :
3441 971 3619 1027 neque
3663 972 3735 1013 ex

2127 1045 2349 1101 adversa
2376 1046 2618 1117 corporis
2644 1044 2948 1100 valetudine
2966 1086 2982 1111 ,
3011 1052 3068 1100 ut
3092 1046 3281 1101 accitis
3320 1046 3546 1103 medicis
3572 1062 3738 1103 mor-

2130 1137 2259 1191 bum
2286 1148 2467 1205 posset
2495 1137 2731 1206 abigere.
2763 1135 2963 1191 Natura
2990 1145 3108 1192 erat
3132 1138 3273 1192 male
3298 1136 3490 1193 adt-cla
3513 1180 3532 1205 ,
3557 1140 3738 1194 caele-

2128 1239 2268 1283 stem
2305 1244 2524 1284 manum
2564 1229 2895 1284 desiderans.
2948 1229 3135 1300 quue
3174 1244 3306 1285 sane
3344 1232 3742 1302 praetermissis

2129 1322 2380 1376 omnibus
2402 1322 2650 1387 terrenis,
2681 1321 2748 1375 ad
2780 1330 2987 1377 natura:
3018 1322 3304 1377 Dominum
3325 1323 3588 1394 confugit,
3625 1340 3742 1380 nec

2132 1417 2277 1485 prius
2302 1415 2525 1481 destitit,
2557 1430 2718 1485 quam
2745 1415 2899 1470 illum
2922 1424 3193 1483 exoraret,
3227 1425 3285 1473 ut
3306 1417 3593 1472 orbitatem
3628 1418 3745 1472 tol-

2133 1507 2287 1573 leret,
2315 1524 2379 1563 ac
2397 1509 2614 1564 vulvam
2634 1509 2888 1579 aperiret,
2906 1524 3046 1579 eque
3063 1508 3230 1564 sterili
3254 1509 3454 1567 faceret
3473 1520 3739 1566 matrem.

2134 1600 2313 1669 Itaque
2336 1603 2489 1656 beata
2514 1610 2596 1656 est
2621 1609 2677 1657 et
2703 1600 2774 1656 ob
2801 1601 2922 1668 hoc,
2954 1615 3059 1656 non
3088 1601 3231 1672 quo'd
3257 1610 3431 1657 mater
3453 1602 3588 1658 facta
3618 1606 3740 1669 sit,

2132 1692 2227 1747 sed
2255 1692 2420 1762 quod,
2442 1707 2567 1747 cum
2592 1707 2698 1747 non
2723 1701 2887 1755 esset.
2912 1692 3048 1749 facta
3075 1695 3164 1748 sit.
3190 1693 3463 1764 Siquidem
3487 1695 3619 1750 illud
3648 1707 3743 1751 est

2134 1792 2339 1838 natura:
2359 1799 2644 1840 commune
2665 1825 2680 1848 ,
2711 1783 2814 1839 hoc
2842 1795 3022 1840 autem
3058 1795 3176 1841 erat
3211 1786 3468 1841 eximium
3510 1786 3743 1844 femina

2133 1876 2386 1931 meritum
2440 1876 2601 1931 Beata
2626 1875 2844 1946 quidem
2874 1876 3032 1945 igitur
3057 1885 3114 1931 et
3141 1887 3359 1947 propter
3386 1878 3541 1933 nixus
3566 1879 3738 1944 illos,

2135 1967 2483 2022 nihilominus
2510 1976 2685 2022 tamen
2713 1966 2866 2022 beata
2895 1974 3113 2036 prepter
3136 1967 3316 2022 omnia
3344 1967 3431 2022 illa
3456 1983 3576 2037 qua:
3606 1983 3741 2038 par-

2137 2068 2251 2114 tum
2282 2068 2690 2129 praecesserunt.
2720 2058 2881 2114 Scitis
2903 2058 3050 2114 enim
3086 2059 3328 2129 profecto
3354 2075 3542 2117 omnes
3563 2102 3579 2123 .
3613 2064 3741 2120 sive

2136 2150 2427 2216 mulieres,
2454 2150 2569 2205 sive
2614 2150 2753 2217 viri,
2777 2149 2911 2205 nihil
2950 2150 3170 2221 gravius
3210 2162 3305 2207 aut
3343 2152 3739 2209 intolerabilius

2136 2242 2382 2297 accidere
2409 2256 2566 2312 posse
2595 2241 2807 2297 feminm
2824 2282 2840 2308 ,
2863 2256 3022 2313 quam
3059 2251 3120 2297 ut
3149 2242 3331 2299 liberis
3353 2252 3568 2308 canat;
3592 2244 3742 2301 adeo

2137 2343 2197 2389 ut
2218 2334 2263 2389 si
2288 2333 2437 2389 mille
2458 2333 2903 2404 prosperitatibus
2924 2334 3121 2405 alioqui
3144 2332 3372 2399 fruatur,
3390 2333 3640 2390 dolorem
3665 2352 3739 2391 ex

2139 2426 2243 2482 hoc
2269 2426 2493 2482 vulnere
2517 2434 2700 2481 natum
2729 2440 3018 2496 numquam
3049 2441 3115 2480 ex
3143 2426 3325 2481 animo
3347 2426 3524 2482 valeat
3546 2426 3740 2497 depcl-

2138 2516 2271 2573 lere.
2300 2517 2455 2586 Qttod
2480 2517 2525 2573 si
2559 2517 2614 2572 id
2640 2531 2783 2572 nunc
2807 2515 2940 2573 adeo
2965 2524 3050 2572 est
3079 2515 3491 2583 intolerandum,
3515 2533 3642 2572 eum
3668 2518 3738 2573 ad

2139 2609 2403 2679 majorem
2427 2608 2818 2680 philosophiam
2845 2609 3020 2664 vocati
3045 2621 3253 2674 sumus,
3281 2622 3513 2679 cumque
3536 2609 3605 2663 ad
3629 2623 3739 2663 ca:-

2136 2704 2257 2761 lum
2275 2702 2615 2758 tendentibus
2641 2702 2820 2758 nullus
2846 2711 2932 2758 est
2960 2717 3142 2757 rerum
3176 2703 3521 2773 praesentium
3550 2718 3740 2773 respe-

2138 2800 2283 2861 ctus,
2308 2792 2406 2848 sed
2430 2791 2501 2848 ad
2524 2791 2751 2848 alteram
2774 2792 2944 2848 vitam
2965 2791 3317 2857 adoroamur,
3342 2807 3576 2860 cumque
3599 2793 3739 2848 mul-

2141 2882 2212 2941 tis
2252 2883 2500 2939 laudibus
2523 2882 2749 2939 eﬁ'ertur
2776 2883 3053 2954 virginitas
3080 2883 3290 2953 :cogita
3319 2895 3533 2954 quanta:
3560 2883 3737 2940 infeli—

2142 2976 2320 3033 citatis
2361 2992 2426 3033 ea
2459 2992 2548 3033 res
2586 2976 2699 3032 visa
2739 2984 2851 3031 tum
2899 2975 3078 3039 fuerit,
3111 2990 3234 3030 cum
3259 2974 3566 3030 futurorum
3593 2976 3740 3031 nulla

2141 3077 2288 3125 esset
2309 3083 2459 3140 spes,
2486 3083 2551 3123 ac
2590 3083 2657 3123 ne
2677 3067 2928 3138 cogitatio
2951 3066 3165 3137 quidem
3185 3067 3461 3123 veteribus
3480 3067 3586 3123 illis
3600 3109 3621 3133 ,
3644 3066 3741 3122 sed

2142 3160 2321 3217 ontttia
2350 3160 2539 3215 ﬁerent
2565 3173 2747 3214 rerum
2775 3157 3121 3226 pnescutium
3143 3159 3315 3228 gratia
3338 3172 3502 3212 zeum
3523 3157 3580 3214 id
3604 3168 3743 3215 temo

2146 3252 2297 3324 poris
2329 3250 2568 3307 sterilem
2603 3260 2660 3307 et
2689 3250 2875 3307 orbam
2919 3265 3044 3305 esse
3078 3250 3352 3317 leutiuam,
3377 3250 3742 3306 damnationis

2145 3354 2337 3403 notam
2353 3343 2546 3401 ferret.
2571 3342 2746 3400 Nemo
2768 3344 2938 3413 possit
2964 3343 3142 3413 eloqui
3167 3383 3191 3409 ,.
3212 3358 3314 3399 nec
3345 3343 3460 3398 ullo
3489 3358 3742 3399 sermone

2146 3436 2403 3507 consequi
2421 3435 2625 3492 doloris
2645 3433 3067 3505 magnitudinem
3081 3450 3146 3489 ex
3171 3435 3275 3490 hoc
3289 3434 3511 3491 vulnere
3530 3435 3748 3491 venien-

2148 3531 2238 3586 tis.
2268 3529 2458 3585 Testes
2500 3543 2630 3585 vero
2675 3536 2803 3583 sunt
2850 3527 3107 3593 feminae,
3131 3543 3252 3598 qum
3287 3542 3412 3583 cum
3450 3528 3509 3583 in
3535 3528 3745 3583 caeteris

2147 3636 2360 3680 clunem
2379 3618 2721 3677 exhibuerint
2745 3619 3143 3690 philosophiam
3161 3660 3177 3685 ,
3206 3617 3346 3674 hanc
3374 3618 3744 3674 infelicitatem

2150 3727 2261 3768 nou
2307 3712 2642 3783 pertulerunt
2686 3726 2843 3781 aequo
2880 3710 3103 3774 animo;
3128 3709 3225 3765 sed
3249 3709 3495 3779 quaedam
3538 3710 3745 3765 maritis

2150 3803 2445 3874 indignatae
2473 3811 2628 3868 sunt,
2660 3801 2780 3857 alia:
2806 3800 2909 3857 sibi
2933 3801 3100 3855 vitam
3121 3799 3434 3869 iudicarunt
3457 3814 3583 3856 esse
3608 3800 3745 3872 iuju«

2149 3894 2402 3951 caudam.
2450 3894 2599 3951 lianc
2634 3908 2765 3951 vero
2802 3892 3058 3948 feminam
3107 3904 3214 3946 non
3246 3891 3488 3947 anxietas
3523 3891 3687 3946 modo
3713 3905 3747 3947 a

2149 3986 2434 4043 sterilitate
2464 3985 2786 4055 proveniens
2803 4025 2827 4051 ,
2842 3999 3032 4040 verum
3057 3991 3116 4041 et
3138 3982 3285 4038 aliud
3310 3982 3570 4053 quiddam
3596 3983 3746 4038 obsi-

2151 4077 2316 4134 debat
2361 4077 2592 4145 malum,
2624 4076 2707 4132 ira
2756 4074 3004 4132 videlicet
3044 4083 3264 4146 propter
3303 4073 3515 4131 mla;
3556 4088 3750 4145 opproo

2150 4168 2290 4225 bria.
2318 4169 2387 4224 Et
2421 4168 2562 4224 sicut
2587 4167 2761 4223 ventis
2803 4182 2873 4223 ex
2907 4166 3137 4223 adverso
3181 4166 3323 4223 inter
3366 4181 3488 4223 sese
3526 4180 3750 4224 euocar-

2153 4259 2428 4325 reutibus,
2476 4258 2815 4329 mediamque
2859 4258 3144 4330 scapham,
3197 4258 3327 4313 dum
3374 4258 3516 4314 inter
3555 4274 3619 4315 se
3652 4258 3748 4314 de-

2154 4360 2393 4424 pugnant
2411 4392 2424 4414 .
2451 4349 2863 4422 corripientibus
2880 4390 2907 4417 ,γ
2936 4364 3001 4406 ac
3026 4350 3207 4404 multis
3229 4349 3487 4406 fluctibus
3506 4353 3699 4421 partim
3718 4364 3751 4405 a

2156 4459 2312 4516 prora
2335 4485 2353 4511 ,
2396 4443 2589 4514 partim
2644 4456 2677 4496 a
2729 4441 2890 4512 puppi
2948 4441 3345 4513 insurgentibus
3364 4480 3385 4507 ,
3426 4441 3752 4511 gubernator

2153 4534 2308 4592 clavo
2337 4533 2581 4589 assidens
2618 4540 2798 4588 servat
2822 4533 3000 4587 navim
3024 4572 3045 4600 ,
3070 4531 3336 4587 undarum
3378 4532 3627 4587 incursus
3653 4548 3753 4604 gu-

2156 4626 2415 4683 bernandi
2464 4624 2742 4696 prudentia
2790 4624 3077 4695 depellens
3115 4641 3130 4678 :
3175 4624 3254 4680 sic
3303 4634 3360 4680 et
3403 4625 3601 4680 mulier
3644 4635 3755 4680 tum

2157 4718 2271 4786 illa,
2295 4732 2420 4772 cum
2464 4716 2542 4771 ira
2589 4724 2646 4771 et
2687 4729 2854 4785 angor
2891 4730 2990 4770 ceu
3033 4713 3179 4770 venti
3223 4714 3276 4769 in
3310 4714 3549 4769 animum
3593 4716 3756 4785 ipsius

2158 4808 2395 4865 facerent
2418 4808 2695 4878 impetum,
2725 4807 2984 4863 rationem
3021 4806 3166 4861 illius
3184 4804 3557 4877 perturbamus
3576 4847 3594 4873 ,
3625 4807 3761 4860 mul-

2164 4910 2353 4971 tosque
2398 4899 2591 4955 Ductus
2628 4898 2964 4962 excitarent,
2994 4913 3102 4952 non
3143 4897 3255 4967 jam
3292 4896 3510 4953 biduum
3542 4906 3643 4953 aut
3667 4899 3756 4954 tri-

2157 4990 2371 5058 duum,
2406 5000 2498 5046 aut
2544 4989 2661 5046 dies
2702 4989 2891 5060 viginti
2916 5030 2939 5057 ,
2975 4987 3071 5044 sed
3107 4998 3169 5044 et
3203 4998 3342 5044 totos
3380 5004 3553 5044 annos
3583 4989 3606 5064 (
3639 5006 3755 5044 nam

2162 5082 2309 5150 hoc,
2355 5092 2418 5138 ut
2461 5082 2537 5137 ait
2574 5080 2888 5152 Scriptura,
2934 5079 3106 5135 multo
3150 5088 3396 5151 tempore
3432 5079 3636 5135 factum
3680 5089 3756 5138 est

2167 5173 2244 5248 [l.
2277 5173 2409 5245 Reg.
2458 5174 2511 5228 l.
2562 5171 2644 5245 7])
2692 5172 2899 5227 fortiter
2942 5171 3160 5242 pertulit
3203 5180 3619 5241 tempestatem,
3664 5186 3763 5229 nec

2164 5279 2322 5335 passa
2357 5273 2441 5320 est
2481 5263 2744 5318 rationem
2781 5261 3050 5331 demergi.
3088 5259 3366 5331 Siquidem
3408 5259 3502 5316 Dei
3551 5260 3718 5316 timor
3738 5301 3755 5326 ,

2167 5364 2432 5425 tamquam
2462 5353 2748 5408 nauclerus
2770 5350 3146 5423 gubernaculis
3182 5349 3459 5417 assidens,
3491 5351 3758 5420 persuasit

2165 5462 2286 5505 eam
2317 5453 2688 5517 tempestatem
2731 5459 2927 5515 magno
2961 5444 3145 5498 animo
3182 5442 3561 5513 perferendam
3600 5428 3759 5508 ease;

2170 5551 2271 5593 nec
2321 5536 2469 5606 prius
2510 5533 2716 5590 destitit
2743 5542 2981 5589 mentem
3028 5532 3175 5588 illius
3209 5532 3520 5603 gubernare
3541 5572 3556 5595 ,
3589 5531 3762 5587 donec

2170 5626 2225 5683 in
2254 5624 2599 5696 tranquillum
2643 5623 2935 5679 adduceret
2972 5630 3187 5694 portum
3226 5638 3413 5678 navem
3451 5639 3619 5680 onere
3647 5624 3761 5692 ple.

2171 5731 2319 5783 nam,
2342 5715 2446 5771 hoc
2464 5722 2566 5779 est,
2589 5724 2799 5770 uterum
2821 5713 3053 5784 pretioso
3078 5711 3334 5768 thesauro
3364 5726 3642 5772 onustum.
3662 5711 3762 5769 Ne-

2174 5821 2279 5877 que
2290 5807 2432 5862 enim
2455 5821 2640 5861 aurum
2665 5814 3012 5875 argentumve
3036 5803 3300 5874 portabat,
3323 5805 3418 5859 sezl
3455 5802 3763 5876 prapltetam
