4064 6448
394 356 496 414 (τόδ

391 471 488 527 καὶ
535 471 674 541 μετά
707 471 883 543 γάμον
926 474 1063 543 πρδς
1110 473 1208 539 τὰς
1252 475 1662 547 ἐταιριζομένας
1708 483 1970 549 γυναῖκας

390 555 697 624 τρέχουσιν,
731 556 918 626 ἐπειδὴ
946 556 1051 628 πρὸ
1076 557 1169 609 τού
1193 560 1370 628 γάμου
1402 565 1700 631 σωφρονεῖν
1729 564 1826 616 οὐκ
1852 567 1976 634 ἐμε-

391 637 646 707 λέτησαν.
685 637 962 691 Ἐντεῦθεν
1000 639 1190 709 μάχαι,
1233 643 1324 694 ml
1351 642 1632 714 λοιδορίαι,
1669 649 1759 700 ml
1787 647 1974 700 οἰκιῶν

389 719 716 787 ἀνατροπαὶ,
747 719 840 772 ml
861 721 1000 787 καθη
1011 725 1217 793 μερινοὶ
1235 720 1490 796 πόλεμοι·
1523 728 1769 781 ἐντεῦθεν
1789 733 1816 782 ὁ
1839 730 1975 801 πρὸς

387 803 490 870 τὴν
514 805 744 868 γυναῖκα
765 803 900 872 ἔρως
923 804 1151 876 ὑπορρεῖ
1178 809 1268 860 καὶ
1294 811 1634 881 μαραίνεται,
1654 812 1754 882 τῆς
1777 814 1832 866 ὲν
1863 817 1976 877 τοῖς

390 885 665 954 πορνείοις
682 885 896 954 ὁμιλίας
923 887 1221 960 ἐκλυούσης
1247 892 1427 947 αὐτόν.
1447 892 1533 956 Ὠς
1559 894 1653 947 ἐὰν
1677 900 1974 966 σωφρονεῖν

391 966 562 1037 μάθῃ,
601 967 818 1021 πάντων
849 970 1228 1042 ποθεινοτέραν
1256 973 1354 1043 τὴν
1385 975 1548 1028 αὐτοῦ
1585 981 1815 1044 γυναῖκα
1835 979 1972 1050 ἡγή-

389 1065 542 1101 σεται
566 1050 682 1112 ,καὶ
701 1051 838 1119 μετά
859 1053 1057 1120 πολλῆς
1079 1055 1247 1124 αὐτὴν
1274 1055 1460 1124 ὄψεται
1489 1058 1589 1127 τῆς
1621 1059 1852 1126 εὐνοίας,
1878 1064 1972 1115 καὶ

388 1132 592 1202 πολλὴν
615 1133 751 1203 πρὸς
778 1135 946 1204 αὐτὴν
972 1137 1202 1206 τηρήσει
1237 1137 1333 1208 τὴν
1361 1140 1635 1210 ὁμόνοιαν,
1668 1145 1889 1213 εἰρήνης
1915 1145 1972 1198 δὲ

384 1215 554 1286 οὔσης
605 1217 696 1268 καὶ
747 1217 1018 1286 ὁμονοίας,
1059 1222 1235 1272 πάντα
1279 1224 1357 1285 είς
1405 1224 1502 1294 τὴν
1542 1225 1720 1278 οίκίαν
1757 1227 1969 1297 ἐκείνην

386 1300 751 1354 εἰσελεύσεται
780 1301 846 1354 τὰ
875 1302 1072 1370 ἀγαθά.
1101 1304 1197 1356 ’Ίν’
1229 1301 1320 1359 οὖν
1350 1308 1442 1360 ml
1468 1308 1532 1361 τὰ
1565 1308 1798 1361 ἐνταῦθα
1822 1309 1903 1380 [7|
1925 1310 1969 1382 1]

383 1384 519 1451 ἡμῖν
562 1383 743 1446 καλῶς
784 1386 1157 1455 οἱκονομῆται,
1194 1389 1286 1440 ml
1321 1389 1462 1460 μετά
1491 1392 1692 1444 τούτων
1733 1393 1826 1445 ml
1868 1393 1968 1462 τῆς

385 1465 664 1533 βασιλείας
696 1466 802 1518 τῶν
827 1468 1070 1538 οὐρανῶν
1092 1471 1457 1541 ἐπιτύχωμεν,
1491 1475 1582 1528 καὶ
1613 1475 1768 1546 ήμῶν
1791 1477 1968 1531 αὐτῶν

382 1547 614 1599 καὶτῶν
646 1549 872 1601 παιδίων
907 1552 1246 1623 προνοῶμεν,
1271 1555 1473 1626 ταύτης
1514 1558 1698 1611 ἕνεκεν
1733 1559 1965 1628 μάλιστα

378 1631 481 1699 τῆς
500 1629 734 1701 ἐντολῆς,
760 1632 906 1695 ὅπως
937 1634 1008 1704 μή
1046 1637 1264 1707 ῥυπαρά
1292 1638 1624 1709 ἐνδεδυμένοι
1649 1643 1859 1712 ἱμάτια,
1888 1645 1966 1706 είς

377 1713 474 1765 τὸν
497 1715 859 1785 πνευματικὸν
883 1717 1088 1770 ἐκεῖνον
1111 1720 1439 1790 εἰσέλθωμεν
1460 1724 1655 1793 γάμον,
1674 1725 1808 1778 άλλά
1827 1725 1964 1796 μετὰ

378 1797 698 1866 παρρησίας
734 1798 933 1868 πολλῆς
975 1800 1370 1872 ἀπολαύσωμεν
1413 1805 1514 1875 τῆς
1543 1809 1661 1859 ἐκεῖ
1707 1808 1963 1878 κειμένης

380 1883 494 1942 τοῖς
521 1881 690 1945 ἀξίοις
719 1884 903 1954 τιμῆς·
933 1878 998 1954 ἧς
1022 1885 1230 1951 γένοιτο
1252 1887 1459 1951 πάντας
1487 1891 1634 1960 ἡμᾶς
1663 1892 1959 1962 ἐπιτυχεῖν,

379 1963 562 2046 χάριτι
609 1964 703 2016 καὶ
745 1965 1122 2046 φιλανθρωπίᾳ
1167 1969 1258 2023 τοῦ
1319 1971 1524 2042 Κυρίου
1573 1973 1731 2044 ήμῶν
1787 1973 1961 2046 Ἰησοῦ

377 2042 641 2129 Χριστοῦ,
676 2048 795 2118 μεθ’
819 2044 878 2103 οὗ
916 2051 1090 2121 Πατρὶ
1132 2052 1278 2119 δόξα,
1311 2055 1465 2125 τιμὴ.
1503 2042 1724 2126 κράτος,
1763 2042 1858 2111 σὺν
1883 2057 1962 2129 τῷ

375 2128 519 2198 ἁγίῳ
564 2130 855 2202 ιινεύματι.
905 2133 1002 2187 νῦν
1049 2135 1142 2188 ml
1191 2136 1298 2204 ἀεὶ,
1343 2138 1439 2192 καὶ
1470 2140 1550 2203 είς
1587 2139 1714 2203 τοὺς
1758 2128 1961 2205 αἰῶνας

374 2209 486 2266 τῶν
516 2212 746 2269 αίώνων.
778 2215 972 2288 Ἀμήν.

1013 2365 1232 2420 ΛΟΓΟΣ
1270 2367 1347 2423 B'.

371 2485 484 2550 Εἰς
506 2485 631 2567 ⁹τὴν
667 2489 876 2567 πίστιν
904 2489 1006 2567 τῆς
1043 2492 1293 2567 ’ᾼννης,
1327 2494 1425 2548 καὶ
1461 2497 1547 2562 εἷς
1576 2497 1689 2566 τὴν
1716 2501 1956 2567 φιλοσο-

446 2555 611 2634 φίαν,
632 2558 755 2638 ’καὶ
786 2562 896 2638 ..εὶς-
921 2555 1034 2638 τὴν
1067 2555 1393 2638 ἐπιείξειαν
1422 2555 1645 2638 αὐτῆςξ
1679 2555 1777 2622 καὶ
1822 2571 1954 2638 περὶ

446 2624 557 2702 τῆς
593 2629 680 2702 είς
707 2624 1072 2702 τοὺςίίερέας
1105 2634 1302 2702 τιμῆς,
1338 2635 1438 2688 καὶ
1467 2624 1651 2702 εὶς-’τό
1692 2638 1822 2692 δεῖν
1853 2624 1953 2694 καὶ

444 2696 819 2764 ἀρχομένους
853 2696 1126 2768 ἀρίστου,
1157 2696 1269 2757 καί
1292 2696 1595 2776 λήγων-τας
1643 2709 1950 2777 εὔχεσθαι.

446 2860 515 2908 α’.
538 2855 702 2908 Οὐδὲν
740 2857 845 2928 ἄρα
887 2857 998 2912 ἴσον
1033 2860 1221 2932 εὐχῆς,
1240 2865 1534 2935 ἀγαπητοὶ,
1552 2867 1702 2924 οὐδὲν
1725 2870 1954 2936 πίστεως

369 2937 1096 3025 δυνατώτερονἏἊμφότερα
1121 2945 1320 3011 ἔδειξεν
1344 2950 1472 3018 ήμῖν
1494 2953 1525 3022 ὴ
1547 2952 1713 3005 Ἀννα
1741 2953 1950 3025 πρώην·

371 3020 517 3091 μετὰ
555 3022 660 3091 γάρ
693 3021 896 3076 τούτων
927 3027 1298 3095 προσελθοῦσα
1333 3031 1410 3102 τῷ
1443 3020 1562 3104 Θεῷ
1598 3033 1706 3090 τῶν
1742 3020 1952 3107 δῶρων,

369 3105 551 3156 πάντα
591 3106 690 3157 ὅσα
725 3105 986 3177 ἠθέλησεν
1016 3111 1201 3178 ήνυσε,
1235 3113 1327 3165 καὶ
1358 3114 1518 3182 φύσιν
1548 3105 1952 3190 πεπηρωμένην

362 3185 674 3270 διωρθωσε,
711 3190 804 3242 ml
839 3192 1052 3261 μήτραν
1078 3194 1469 3269 κεκλεισμένην
1495 3185 1717 3270 ἀνέῳξε,
1743 3185 1838 3255 καὶ
1863 3185 1949 3254 αί-

364 3269 574 3339 σχύνην
595 3271 792 3335 ἀνεῖλε,
821 3274 914 3326 καὶ
936 3275 1004 3328 τὰ
1035 3275 1211 3348 ὀνείδη
1233 3279 1332 3350 τῆς
1355 3279 1640 3354 ἀντιζήλου
1665 3285 1948 3350 κατέλυσε,

364 3354 468 3438 καὶ
498 3354 633 3424 πρὸς
668 3357 983 3427 παρρησίαν
1013 3359 1211 3433 ἑαυτήν
1245 3363 1444 3435 πολλὴν
1483 3367 1851 3438 ἐπανήγαγεν,
1887 3373 1952 3423 ἐκ

364 3435 574 3506 πέτρας
607 3437 802 3505 ἀγόνου
835 3441 1035 3510 στάχυν
1063 3444 1316 3515 κομῶντα
1353 3435 1781 3518 θερίσασαίκαὶ
1811 3435 1949 3506 πάν-

360 3536 461 3580 τες
490 3520 781 3587 ἠκούσατε,
829 3523 944 3588 πῶς
985 3524 1207 3596 ηὔξατο,
1246 3529 1363 3593 πῶς
1395 3530 1588 3603 ⁴ᾔτησε,
1637 3535 1730 3587 ml
1763 3535 1950 3590 ἔπεισε

366 3604 468 3657 καὶ
488 3602 666 3668 ἔλαϐε,
700 3607 793 3658 καὶ
820 3606 972 3661 ἔτεκε
1002 3612 1094 3663 καὶ
1119 3610 1315 3681 ἔθρεψε
1346 3614 1439 3665 καὶ
1465 3602 1697 3688 ἀνέθηκε
1730 3618 1821 3672 τὸν
1842 3621 1948 3671 Σα-

364 3688 564 3756 μουήλ.
605 3687 764 3772 Ὥστε
803 3691 903 3743 οὐκ
940 3693 1004 3746 ἀν
1038 3711 1124 3757 τις
1160 3695 1418 3766 ἁμάρτοι,
1451 3687 1661 3771 μητέρα
1686 3702 1820 3772 ὁμοῦ
1855 3706 1950 3758 καὶ

361 3769 580 3839 πατέρα
615 3769 715 3822 τοῦ.
739 3773 952 3827 παιδίου
987 3775 1084 3848 τὴν
1120 3781 1353 3845 γυναῖκα
1376 3769 1953 3854 ταύτηνίπροσειπώνκ

361 3853 433 3938 El
466 3854 572 3923 γάρ
609 3855 704 3907 ml
742 3857 771 3908 ὁ
800 3858 940 3930 ἀνὴρ
978 3859 1253 3930 ἔσπειρεν,
1278 3862 1414 3916 ἀλλά
1434 3863 1512 3934 τῷ
1541 3865 1816 3936 σπέρματι
1848 3870 1948 3938 τήν

356 3936 590 4006 δύναμιν
618 3939 819 4011 ταύτης
847 3943 1118 4014 παρέσχεν
1141 3947 1174 4014 ή
1198 3945 1352 4017 εὐχὴ,
1378 3948 1472 4000 καὶ
1497 3949 1827 4020 σεμνοτέρας
1850 3936 1944 4005 τοῦ

359 4020 620 4106 Σαμουὴλ
651 4023 750 4086 τὰς
783 4025 957 4095 ἀρχὰς
980 4027 1081 4096 τῆς
1105 4030 1410 4100 γεννήσεως
1432 4030 1706 4100 ἐποίησεν.
1737 4033 1812 4086 Οὐ
1837 4033 1946 4106 γὰρ

354 4103 451 4172 δὴ,
481 4103 732 4176 καθάπερ
757 4108 848 4160 ἐπὶ
880 4108 990 4161 τῶν
1019 4109 1240 4174 λοιπῶν,
1275 4111 1440 4176 ὕπνος
1471 4114 1563 4166 καὶ
1601 4115 1807 4170 σύνοδοι
1837 4103 1943 4171 τῶν

355 4189 782 4259 γεννησαμένων
839 4193 1018 4261 μόνον,
1068 4194 1180 4248 ἀλλ’
1225 4195 1401 4266 εὐχαὶ,
1447 4197 1542 4250 καὶ
1583 4197 1813 4270 δάκρυα,
1850 4204 1945 4256 καὶ

355 4272 546 4336 πίστις
589 4274 758 4343 ἀρχαὶ
807 4275 909 4345 τῆς
955 4280 1261 4349 γεννήσεως
1303 4280 1507 4352 ταύτης
1553 4284 1819 4351 ἐγένοντο,
1848 4287 1943 4340 καὶ

355 4355 694 4427 σεμνοτέρας
716 4355 826 4410 τῶν
858 4359 1032 4414 ἄλλων
1055 4361 1179 4432 ἔσχε
1201 4363 1299 4425 τὰς
1327 4364 1494 4431 γονάς
1518 4367 1823 4438 προφήτης,
1855 4368 1942 4423 διά

351 4439 461 4509 τὴν
501 4440 806 4524 πίστινᾼτῆς
835 4445 1040 4514 μητρὸς
1060 4445 1317 4514 γεγονώς.
1349 4447 1438 4499 Διὸ
1461 4447 1552 4500 ml
1582 4450 1710 4523 περὶ
1739 4451 1941 4524 ταύτης

354 4521 632 4591 εὐκαίρως
665 4521 731 4577 ἄν
768 4541 852 4588 τις
885 4527 1024 4579 εἴποι
1055 4528 1152 4598 τῆς
1175 4530 1450 4596 γυναικός·
1495 4534 1559 4584 Οἱ
1588 4521 1941 4602 σπείροντες

355 4603 764 4690 ἐνδάκρυσιν,
787 4608 858 4660 ἐν
884 4609 1238 4678 ἀγαλλιάσει
1275 4613 1560 4680 θεριοῦσι.
1594 4617 1810 4688 Ταύτην
1839 4620 1938 4690 ζη-

358 4686 626 4758 λώσωμεν
652 4689 863 4762 ἄνδρες,
883 4691 1084 4761 ταύτην
1130 4697 1517 4766 μιμησώμεθα,
1537 4686 1812 4767 γυναῖκες’
1846 4686 1938 4756 καὶ

349 4770 469 4840 γάρ
511 4771 770 4843 ἐκατέρου
813 4775 910 4828 τοῦ
944 4776 1132 4845 γένους
1171 4778 1486 4844 διδάσκαλός
1524 4782 1737 4855 ἐστινὴ
1774 4785 1932 4856 γυνή.

352 4856 522 4938 ’ᾯσαι
563 4860 794 4928 στεῖραι,
844 4860 918 4930 μὴ
954 4862 1467 4934 ἀπαγορευέτωσαψ
1507 4865 1628 4919 ὅσαι
1675 4867 1931 4938 μητέρες,

348 4936 501 4992 οὕτω
544 4941 892 5011 τρεφέτωσαν
934 4944 1196 5014 τεχθέντα
1235 4946 1305 4999 τὰ
1346 4947 1557 5002 παιδία·
1591 4950 1688 5003 ml
1734 4936 1935 5016 πάντες

348 5023 686 5095 ζηλὼσωμεν
709 5027 810 5097 τῆς
833 5029 1088 5095 γυναικὸς
1109 5030 1208 5102 τὴν
1236 5031 1550 5102 φιλοσοφίαν
1576 5034 1676 5106 τήν
1705 5036 1816 5106 πρὸ
1834 5037 1930 5090 τοῦ

346 5107 537 5192 τόκου,
556 5107 671 5192 τήν
706 5110 888 5165 πίστιν
911 5113 1012 5184 τήν.
1045 5115 1102 5166 ἐν
1127 5114 1204 5185 τῷ
1234 5116 1400 5187 τόκῳ,
1432 5118 1532 5189 τὴν
1562 5119 1800 5191 σπουδὴν
1831 5121 1931 5192 τήν

349 5189 498 5260 μετὰ
521 5191 610 5245 τὸν
639 5193 814 5248 τόκον.
840 5191 905 5250 Τί
931 5196 1038 5266 γὰρ
1061 5195 1126 5253 ἂν
1154 5197 1363 5266 γένοιτο
1384 5201 1482 5272 τῆς
1509 5189 1767 5270 γυναικὸς
1787 5189 1933 5257 ὲκείυ

345 5289 457 5358 γης
503 5272 955 5347 φιλοσοφώτερον,
1005 5281 1038 5351 ἢ
1102 5282 1390 5354 συμφορὰν
1439 5283 1612 5347 οίλτως
1655 5287 1930 5358 ἀφόρητον

345 5357 542 5443 πράως
572 5359 771 5430 ήνεγκε
801 5363 894 5416 καὶ
923 5364 1206 5431 γενναίως,
1236 5369 1327 5421 καὶ
1355 5369 1455 5422 οὐκ
1484 5369 1694 5440 ἀπέστη
1728 5357 1924 5443 πρότε-

346 5456 466 5527 ρον,
505 5442 613 5527 ἕως
640 5444 796 5500 ἔλυσε
825 5447 888 5500 τὸ
910 5448 1101 5512 δεινὸν,
1136 5451 1230 5504 καὶ
1257 5450 1360 5504 τοῦ-
1395 5453 1566 5508 κακοῦ
1595 5442 1778 5524 πέρας
1799 5450 1927 5527 εὗρε

342 5523 660 5592 θαυμαστὸν
694 5530 790 5583 καὶ
827 5531 1146 5601 παράδοξον,
1183 5533 1372 5590 οὐδένα
1409 5537 1654 5590 κάτωθεν
1673 5523 1924 5594 λαϐοῦσα

340 5603 635 5679 σύμμαχον
666 5612 759 5666 ml
791 5612 1016 5686 βοηθόνς
1054 5617 1164 5669 Καὶ
1196 5616 1305 5687 γάρ
1329 5617 1445 5689 ᾔδει
1471 5618 1567 5691 τήν
1595 5619 1689 5672 τοῦ
1719 5622 1925 5675 Δεσπόρ

340 5705 440 5774 του
463 5691 891 5764 φιλανθρωπίαν·
926 5697 1074 5770 [712]
1100 5698 1180 5752 διὸ
1209 5701 1303 5754 ml
1333 5701 1470 5770 μόνη
1511 5703 1804 5774 προσῆλθε,
1829 5709 1921 5761 καὶ

339 5773 540 5836 ἤνυσεν
571 5777 712 5851 ὅπερ
729 5778 1008 5847 ἠθέλησεν.
1039 5783 1112 5836 Οὐ
1137 5783 1242 5854 γάρ
1264 5784 1608 5858 ἀνθρωπίνης
1639 5773 1910 5859 βοηθείας,

1700 362 1788 418 DE
1825 362 2006 420 ANNA
2053 366 2285 425 SERMO
2315 368 2384 425 Il.

3549 377 3652 432 GH

2077 482 2213 537 ἀλλὰ
2246 486 2342 555 τῆς
2383 486 2533 550 θείας
2565 489 2733 542 ἐδεῖτο
2758 490 2977 560 χάριτος
3016 492 3046 561 ἡ
3080 486 3362 560 διόρθωσις
3395 489 3492 559 τῆς
3519 487 3652 544 ἀθυο

2076 571 2206 640 μίας
2236 576 2472 647 ἐκείνης’
2514 579 2606 631 καὶ
2636 577 2742 649 γὰρ
2781 579 2880 631 οὐκ
2924 581 2981 632 ἐν
3018 578 3189 650 ζημίᾳ
3234 578 3531 649 χρημάτων
3560 575 3653 651 ἦν.

2073 658 2159 710 ἵνα
2189 678 2270 724 τις
2301 662 2536 731 ἐνεγκὼν
2574 665 2795 734 χρυσίον
2820 665 2958 738 λύσῃ
3006 666 3103 737 τὴν
3142 666 3401 736 ἀθυμίαν·
3447 667 3548 720 οὐκ
3595 668 3654 721 ἐν

2074 747 2321 817 σώματος
2341 749 2640 821 ἀρρωστία,
2669 753 2753 805 ἵνα
2776 764 2799 792 ει
2827 753 3028 824 ἰατρῶν
3051 753 3408 827 παρακαλέσῃ
3434 755 3652 819 παῖδας,

2071 835 2162 886 καὶ
2192 835 2439 910 ἀπελάσῃ
2469 839 2527 891 τὸ
2561 839 2791 909 νόσημα.
2821 840 2986 903 Φύσις
3020 835 3087 911 ἦν
3131 842 3165 911 ή
3201 840 3651 914 ἐπηρεαζομένη,

2069 922 2166 991 τῆς
2203 923 2408 977 ἀνωθεν
2433 926 2658 996 δεομένη
2690 927 2891 996 χειρός.
2926 927 3017 981 Διὸ
3045 925 3110 999 δὴ
3141 926 3319 982 πάντα
3341 928 3410 982 τὰ
3434 927 3528 983 ἐπὶ
3550 931 3654 1000 γῆς

2068 1011 2287 1078 ἀφεῖσα,
2315 1013 2452 1084 πρὸς
2482 1013 2572 1066 τὸν
2607 1031 2704 1082 της
2740 1016 2952 1082 φύσεως
2994 1014 3195 1087 ἔδραμε
3224 1018 3522 1086 Δεσπότην,
3558 1019 3655 1072 ml

2066 1099 2166 1151 οὐκ
2197 1101 2404 1171 ἀπέστη
2438 1102 2719 1172 πρότερον,
2748 1101 2852 1166 ’έως
2877 1103 2944 1156 ἂν
2971 1103 3133 1156 αὐτὸν
3153 1102 3336 1157 ἔπεισε
3366 1103 3526 1158 λῦσαι
3553 1106 3652 1175 τὴν

2066 1187 2343 1252 ἀπαιδίαν,
2378 1190 2472 1242 καὶ
2505 1189 2602 1259 τὴν
2647 1191 2859 1261 μήτραν
2897 1191 3124 1257 ἀνοῖξαι,
3159 1191 3252 1244 ml
3281 1195 3503 1262 ποιῆσαι
3540 1211 3643 1263 μη-

2064 1275 2198 1345 τέρα
2245 1277 2344 1346 τήν
2371 1281 2610 1350 στεῖραν.
2644 1280 2904 1351 Μακαρία
2937 1282 3034 1351 μὲν
3067 1277 3162 1335 οὖν
3204 1282 3301 1336 καὶ
3339 1281 3428 1334 διὰ
3464 1281 3647 1343 τοῦτο,

2064 1363 2160 1432 οὐχ
2212 1364 2294 1417 ὅτι
2344 1365 2526 1436 μήτηρ
2566 1367 2802 1434 ἐγένετο,
2847 1368 2962 1422 ἀλλ’
2992 1370 3074 1422 ὄτι
3105 1369 3206 1422 οὐκ
3242 1366 3376 1423 οὖσα
3411 1369 3647 1438 ἐγένετο.

2078 1448 2284 1501 Ἐκεῖνο
2321 1449 2420 1519 μέν
2458 1449 2566 1520 γὰρ
2591 1451 2766 1504 κοινὸν
2795 1453 2895 1522 τῆς
2919 1452 3154 1521 φύσεως,
3183 1452 3340 1506 τοῦτο
3361 1453 3416 1507 δὲ
3442 1453 3649 1523 ἐξαίρε-

2063 1551 2153 1586 τον
2199 1537 2297 1605 τῆς
2332 1537 2589 1605 γυναικὸς
2626 1533 2693 1609 ἧν
2728 1539 3076 1610 κατόρθωμα.
3124 1540 3386 1611 Μακαρία
3427 1541 3523 1610 μὲν
3553 1536 3647 1593 οὖν

2063 1621 2158 1672 καὶ
2191 1621 2277 1674 διὰ
2323 1624 2422 1686 τὰς
2461 1624 2658 1687 ὠδῖνας
2698 1626 2932 1689 ἐκείνας,
2981 1627 3227 1696 μακαρία
3264 1627 3321 1680 δέ
3350 1628 3448 1697 οὐχ
3484 1623 3647 1698 ἦττον

2063 1711 2154 1762 ml
2174 1709 2347 1763 διὰτέι
2378 1712 2484 1783 πρὸ
2505 1713 2613 1765 τῶν
2646 1712 2851 1766 ὠδίνων
2879 1713 3114 1768 ἅπαντα.
3157 1717 3298 1768 ’Ἱστε
3341 1715 3449 1787 γὰρ
3473 1717 3645 1786 δήπου

2062 1797 2284 1862 πάντες,
2325 1799 2416 1851 ml
2444 1801 2720 1866 γυναῖκες,
2753 1801 2844 1853 ml
2874 1801 3084 1871 ἄνδρες,
3120 1802 3197 1866 ὡς
3237 1802 3389 1856 οὐδὲν
3433 1804 3644 1874 ἀφορη-

2059 1885 2276 1956 τότερον
2314 1887 2568 1950 ἀπαιδίας
2610 1890 2827 1956 γυναικὶ
2871 1889 3065 1958 γένοιτ’
3103 1889 3188 1944 ἄν·
3219 1891 3357 1944 ἀλλὰ
3387 1890 3492 1944 κᾶν
3539 1909 3642 1961 μυ-

2063 1971 2240 2039 ριάκις
2272 1972 2299 2012 b
2325 1973 2573 2047 ἀπολαύῃ
2592 1973 2690 2044 τῆς
2725 1975 3042 2047 εὐημερίας,
3076 1976 3172 2047 τήν
3202 1979 3265 2030 ἐκ
3295 1978 3393 2047 τῆς
3429 1977 3643 2049 πληγῆς

2057 2059 2258 2130 ταύτης
2298 2060 2488 2130 ὀδύνην
2519 2064 2875 2134 ἐγγινομένην
2913 2063 3050 2135 αὐτῇ
3097 2065 3196 2117 οὐκ
3236 2065 3302 2118 ἄν
3340 2081 3472 2118 ποτε
3504 2068 3642 2120 ἀπο-

2057 2147 2368 2220 κρούσαιτο.
2423 2150 2485 2202 Εί
2541 2149 2598 2202 δὲ
2646 2151 2740 2206 νῦν
2795 2150 2966 2215 οὓτως
3014 2153 3310 2226 ἀφόρητον,
3367 2154 3457 2207 ὅτε
3507 2156 3642 2226 πρὸς

2059 2238 2284 2307 μείζονα
2312 2239 2627 2309 φιλοσοφίαν
2654 2239 2984 2311 ἐκλήθημεν,
3013 2242 3107 2294 καὶ
3132 2241 3266 2314 πρὸς
3295 2240 3386 2293 τὸν
3413 2241 3640 2312 οὐρανὸν

2054 2325 2335 2396 όδεύομεν,
2369 2329 2462 2380 καὶ
2490 2327 2646 2395 λόγος
2677 2330 2806 2400 ἡμῖν
2833 2329 2942 2382 τῶν
2969 2329 3250 2400 παρόντων
3276 2329 3473 2392 οὐδεὶς,
3503 2329 3642 2383 ἀλλά

2056 2413 2194 2482 πρὸς
2239 2415 2432 2485 ἑτέραν
2468 2415 2613 2486 ζωὴν
2656 2417 3209 2488 παρασκευαζόμεθα,
3255 2418 3350 2469 καὶ
3392 2416 3526 2470 πολὺ
3578 2417 3638 2469 τὸ

2053 2501 2153 2569 τῆς
2179 2501 2476 2571 παρθενίας
2505 2501 2802 2572 ἐγκώμιον,
2829 2504 3079 2574 ἐννόησον
3108 2504 3293 2575 ήλίκον
3324 2504 3445 2557 τότε
3469 2504 3638 2557 κακὸν

2052 2587 2113 2639 τὸ
2143 2592 2376 2660 πρᾶγμα
2403 2590 2681 2660 ἐνομίζετο
2721 2587 2879 2656 εἶναι,
2914 2592 3002 2644 ὅτε
3042 2592 3147 2645 τῶν
3200 2591 3503 2662 μελλόντων
3540 2591 3638 2662 μὲν

2052 2677 2278 2745 οὐδεμία
2299 2695 2382 2741 τις
2403 2673 2470 2748 ἦν
2494 2679 2666 2742 ἐλπὶς,
2693 2679 2813 2732 οὐδέ
2837 2679 3012 2733 ἔννοια
3037 2682 3148 2742 τοῖς
3169 2679 3436 2744 παλαιοῖς,
3457 2680 3637 2734 πάντα

2051 2763 2109 2816 δὲ
2137 2765 2275 2836 ὑπὲρ
2292 2765 2397 2818 τῶν
2419 2766 2700 2836 παρόντων
2722 2767 2989 2840 ἔπραττον
3019 2767 3379 2839 πραγμάτων,
3403 2768 3498 2820 καὶ
3526 2767 3638 2837 ἀρά

2053 2868 2136 2908 τις
2161 2848 2228 2923 ἦν
2252 2853 2346 2904 ml
2366 2854 2628 2925 καταδίκη
2658 2855 2718 2906 τὸ
2747 2857 2962 2926 στεῖραν
2992 2851 3132 2909 εἶναι
3159 2855 3253 2909 καὶ
3280 2856 3492 2924 ἄγονον.
3521 2854 3637 2908 Οὐκ

2052 2939 2198 2993 ἐστιν
2231 2943 2425 3004 εἰπεῖν,
2463 2942 2582 2997 οὐδέ
2611 2946 2960 3015 παραστῆσαι
2993 2943 3071 3014 τῷ
3103 2943 3246 3014 λόγῳ
3283 2944 3380 3014 τὴν
3403 2943 3511 2998 ἀπὸ
3536 2943 3636 3012 τῆς

2053 3027 2265 3099 πληγῆς
2289 3029 2491 3099 ταύτης
2516 3029 2726 3100 ὀδύνην.
2758 3030 3110 3103 Μαρτυροῖωι
3139 3031 3196 3084 δέ
3219 3033 3493 3099 γυναῖκες,
3512 3031 3634 3084 ὅσαι

2051 3118 2231 3169 πᾶσαν
2279 3115 2378 3186 μὲν
2413 3117 2756 3182 ἐπεδείξαντο
2794 3119 3134 3188 φιλοσοφίαν,
3179 3118 3384 3189 ταύτην
3435 3118 3492 3170 δέ
3535 3117 3635 3187 τὴν

2048 3201 2386 3271 δυσκληρίαν
2433 3205 2534 3257 οὐκ
2563 3205 2818 3274 ήνεγκαν’
2851 3205 2964 3258 ἀλλ’
2996 3207 3053 3260 αῑ
3091 3206 3189 3276 μὲν
3221 3205 3358 3277 πρὸς
3384 3206 3510 3269 τούς
3537 3199 3635 3258 ἆνέ

2047 3289 2179 3360 δρας
2218 3291 2614 3362 ἐδυσχέραινον,
2654 3293 2710 3344 αἱ
2750 3293 2806 3344 δέ
2833 3294 2923 3346 τὸν
2955 3294 3070 3362 βίον
3093 3294 3325 3347 ἀϐίωτον
3352 3289 3489 3346 εἶναι
3519 3291 3634 3346 ἐνὸ-

2051 3395 2234 3448 μισαν.
2266 3378 2375 3449 Τὴν
2419 3380 2476 3433 δὲ
2513 3384 2749 3447 γυναῖκα
2784 3380 2986 3452 ταύτην
3026 3383 3126 3435 οὐκ
3163 3381 3369 3452 ἀθυμία
3401 3381 3559 3451 μόνον
3595 3382 3635 3452 ἡ

2046 3467 2132 3522 διὰ
2154 3469 2252 3540 τὴν
2276 3471 2584 3542 στείρωσιν,
2617 3472 2752 3525 ἁλλά
2775 3474 2868 3526 ml
2888 3473 3072 3544 ἕτερον
3093 3473 3404 3543 ἐπολιόρκει
3434 3471 3626 3534 πάθος,

2048 3560 2218 3631 θυμὸς
2267 3562 2356 3615 διά
2400 3562 2469 3615 τὰ
2506 3563 2681 3635 ὀνείδη
2733 3566 2831 3634 τῆς
2861 3565 3168 3634 άντιζήλου.
3220 3567 3330 3618 Καὶ
3379 3565 3632 3636 καθάπερ

2045 3654 2262 3724 ἀνέμων
2279 3655 2606 3720 ἀπεναντίας
2622 3657 2868 3728 ἀλλήλοις
2883 3659 3286 3728 ἐμπιπτόντων,
3310 3659 3404 3711 ml
3422 3657 3628 3726 σκάφος

2049 3743 2214 3812 μέσον
2245 3745 2301 3798 ἐν
2340 3746 2405 3816 τῇ
2436 3746 2572 3816 πρὸς
2607 3745 2868 3819 ἀλλήλους
2906 3747 3285 3804 ἀπολαϐόντων
3324 3749 3493 3821 μάχῃ,
3535 3751 3630 3803 καὶ

2045 3834 2213 3888 πολλὰ
2244 3835 2341 3905 μέν
2367 3836 2473 3889 ἀπὸ
2500 3839 2598 3908 τῆς
2632 3837 2907 3910 πρύμνης,
2943 3839 3111 3894 πολλὰ
3136 3839 3192 3893 δέ
3224 3840 3332 3894 ἀπὸ
3355 3843 3454 3912 τῆς
3479 3841 3628 3913 πρώ-

2045 3942 2144 3997 ρας
2179 3927 2498 3996 ἐγειρόντων
2544 3927 2613 3981 τά
2641 3929 2878 4000 κύματα,
2919 3932 2948 3983 ό
2995 3931 3336 4002 κυϐερνήτης
3387 3933 3480 3984 ἐπί¹
3516 3932 3638 3984 τῶν.

2043 4019 2243 4072 οἰάκων
2281 4018 2585 4090 καθήμενος
2613 4020 2866 4085 διασώζει
2908 4022 2968 4074 τὸ
3001 4021 3227 4090 σκάφος,
3257 4021 3356 4084 τὰς
3398 4022 3506 4076 τῶν
3538 4041 3628 4076 κυ-

2046 4110 2233 4179 μάτων
2260 4111 2492 4180 ἐμὸολάς
2517 4114 2582 4182 τῇ
2603 4112 2702 4182 τῆς
2724 4115 3032 4184 ἐπιστήμης
3067 4115 3230 4185 σοφίᾳ
3262 4115 3593 4187 διακρουόμε
3609 4144 3624 4154 ο

2042 4221 2150 4267 νος”
2177 4203 2321 4258 οὕτω
2345 4206 2439 4259 ml
2469 4207 2506 4277 ή
2535 4208 2672 4278 γυνὴ
2701 4209 2822 4261 τότε
2846 4208 3060 4278 ἐκείνη,
3087 4209 3342 4280 καθάπερ
3376 4211 3622 4280 πνευμάς

2040 4312 2151 4349 των.
2181 4296 2457 4362 ἐναντίων,
2499 4297 2592 4351 τού
2625 4297 2819 4368 θυμοῦ,
2855 4299 2950 4352 ml
2975 4300 3075 4370 τῆς
3103 4301 3361 4371 ἀθυμίας,
3403 4301 3482 4364 εἰς
3524 4301 3625 4372 τήν

2039 4383 2218 4458 ψυχήν
2255 4387 2427 4459 αὐτῆς
2454 4389 2826 4460 ἐμπεσόντων,
2857 4391 2952 4444 ml
2972 4391 3098 4454 τοὺς
3130 4390 3423 4460 λογισμοὺς
3449 4391 3622 4461 αὐτῆς

2039 4477 2458 4547 διακοπτόντων,
2487 4484 2581 4537 ml
2602 4483 2772 4536 πολλὰ
2795 4483 2871 4537 τά.
2883 4483 3104 4554 κύματα
3133 4483 3474 4555 ἐγειρόντων,
3498 4484 3629 4554 οὐχι

2037 4572 2150 4638 δύο,
2191 4574 2284 4626 ml
2310 4577 2477 4645 τρεῖς.
2506 4575 2600 4628 καὶ
2630 4577 2802 4628 εἰκοσι
2835 4576 3070 4646 ἡμέρας,
3093 4575 3208 4628 ἀλλ’
3228 4575 3316 4629 ἐπ’
3339 4576 3621 4640 ἐνιαυτοὺς

2036 4663 2362 4735 ὁλοκλήρους
2388 4663 2634 4736 (καὶγὰρ
2661 4665 2720 4732 ἐξ
2749 4665 2933 4719 ἱκανοῦ
2961 4664 3120 4720 τοῦτο
3146 4666 3384 4736 ἐγένετο,
3406 4669 3618 4738 φησίν)ο

2036 4753 2234 4823 ήνεγκε
2275 4753 2365 4806 τὸν
2398 4753 2643 4824 χειμῶνα
2669 4754 2950 4823 γενναίως,
2995 4758 3090 4813 καὶ
3118 4758 3617 4832 καταποντισθῆναι

2034 4841 2125 4893 τὸν
2170 4842 2426 4913 λογισμὸν
2472 4844 2573 4897 οὐκ
2617 4843 2818 4901 εἴασεν.
2861 4847 2922 4901 '0
2961 4848 3070 4919 γὰρ
3108 4849 3204 4904 τοῦ
3247 4850 3384 4905 Θεοῦ
3429 4853 3616 4922 φόϐος,

2036 4934 2285 5006 καθάπερ
2336 4937 2674 5008 κυϐερνήτης
2721 4938 2814 4992 ἐπὶ
2869 4939 2976 4993 τῶν
3023 4941 3226 4995 οἰάκων
3284 4945 3612 5017 καθήμενος,

2036 5025 2187 5098 [71⁸5]
2228 5027 2411 5081 ἔπειθε
2457 5031 2720 5098 γενναίως
2757 5033 2945 5104 φέρειν
2981 5035 3042 5089 τὸ
3081 5035 3368 5091 κλυδώνιον
3414 5039 3612 5092 ἐκεῖνο⁹

2034 5120 2126 5172 ml
2172 5121 2232 5174 οὐ
2260 5123 2523 5195 πρότερον
2554 5125 2764 5196 ἀπέστη
2790 5126 3157 5198 διακυϐερνῶν
3185 5128 3354 5200 αὐτῆς
3394 5130 3490 5201 τὴν
3512 5132 3614 5199 ψυ-

2032 5212 2156 5283 χὴν,
2195 5213 2300 5279 ἕως
2336 5217 2416 5280 εἰς
2443 5216 2535 5270 τὸν
2564 5215 2736 5272 εὐδιον
2769 5217 2962 5288 λιμένα
2998 5219 3277 5290 κατήγαγε
3309 5221 3608 5294 πεπληρω-

2033 5306 2200 5376 μένην
2227 5305 2322 5360 τοῦ
2362 5307 2580 5379 φορτίου
2612 5308 2710 5380 τὴν
2740 5309 2892 5374 ναῦν,
2935 5309 3030 5363 ml
3066 5310 3361 5382 πολυτίμου
3404 5313 3612 5385 θησαυο

2032 5394 2125 5464 ροῦ
2155 5393 2250 5466 τὴν
2271 5396 2511 5467 γαστέρα
2531 5395 2824 5468 γέμουσαν.
2847 5397 2922 5450 υύ
2942 5398 3051 5468 γὰρ
3081 5401 3322 5471 χρυσίον,
3353 5404 3474 5458 οὐδὲ
3503 5406 3608 5477 ἀρ-

2027 5484 2216 5556 γύριον
2270 5487 2583 5551 ἐϐάσταζεν,
2633 5487 2776 5542 ἀλλὰ,
2824 5491 3108 5562 προφήτην
3158 5493 3249 5546 καὶ
3292 5496 3460 5567 ἱερέα·
3516 5500 3609 5554 καὶ

2023 5676 2117 5784 ha:
2140 5675 2276 5724 Colb.
2307 5675 2404 5725 duo
2427 5683 2480 5726 el
2519 5677 2642 5742 Reg.
2689 5682 2745 5730 οὐ
2785 5684 3008 5746 σώματος
3042 5687 3286 5754 ἀρρωστία
3317 5691 3606 5759 σύμμετρος,

2090 5795 2122 5836 δ
2140 5798 2262 5862 Reg.
2290 5800 2377 5847 κᾶν
2397 5800 2579 5866 μυρίας.
