4064 6446
241 336 347 392 645

240 460 298 506 et
318 448 653 505 sacerdotem
669 464 685 514 ;
701 452 920 516 eratque
940 444 1149 515 gemina
1171 444 1286 514 ejus
1307 446 1443 501 uteri
1465 444 1834 512 sanctilicatio,

240 553 297 595 et
322 539 464 609 quod
490 539 581 593 tali
606 553 772 609 puero
796 551 1077 607 praegnans
1099 544 1262 601 esset,
1292 545 1347 590 et
1371 535 1512 604 quod
1534 534 1843 604 conceptio-

244 632 331 687 nis
392 631 598 685 initium
648 644 743 698 per
780 628 1142 698 precationem
1194 641 1257 681 ac
1299 628 1571 681 caelestem
1614 625 1842 695 gratiam

243 725 563 793 accepisset.

318 818 374 870 2.
403 816 550 870 Onus
578 823 755 869 autem
779 812 903 869 illud
928 827 1032 866 non
1057 812 1229 869 solum
1260 818 1376 867 erat
1419 810 1747 881 inopinatum
1790 817 1846 864 et

243 907 582 973 admirabile,
623 922 808 962 verum
836 914 890 960 et
926 906 1298 976 negotiationis
1324 904 1515 959 modus
1550 902 1646 958 fuit
1669 902 1843 957 admi-

246 1002 467 1057 rabilior
497 1019 509 1054 :
540 1015 712 1071 neque
747 1001 888 1055 enim
928 999 1056 1053 illud
1102 998 1402 1053 hominibus
1447 996 1569 1051 ullis
1610 994 1847 1049 vendidit

243 1104 339 1148 aut
387 1092 823 1163 negotiatoribus,
853 1091 947 1145 sed
981 1091 1222 1161 protinus
1248 1099 1305 1144 ut
1329 1098 1649 1158 exposuerat
1676 1103 1706 1141 e
1728 1101 1846 1141 sea-

246 1186 377 1254 pha,
412 1185 518 1238 Deo
563 1182 801 1238 vendidit
831 1200 843 1236 :
878 1190 1082 1236 tantum
1122 1189 1301 1236 autem
1348 1181 1448 1235 hac
1489 1177 1848 1248 negotiatione

248 1279 458 1331 lucrum
485 1276 625 1338 fecit,
672 1284 929 1346 quantunt
976 1274 1147 1327 facere
1182 1288 1276 1342 par
1300 1280 1382 1326 est
1408 1286 1549 1336 eam,
1579 1285 1699 1338 qua:
1724 1283 1845 1323 cum

247 1369 361 1422 Deo
390 1367 635 1421 habuerit
655 1366 1059 1420 commercium.
1088 1365 1299 1420 Etenim
1347 1372 1692 1433 posteaquam
1724 1376 1846 1415 eum

246 1460 419 1515 fetum
435 1469 714 1528 acceperat
734 1459 892 1519 Deus,
912 1457 1146 1512 reddidit
1166 1456 1240 1511 illi
1258 1456 1487 1510 alterum
1506 1454 1669 1508 ﬁlium
1702 1470 1714 1506 :
1741 1452 1849 1507 imo

247 1553 451 1622 potius,
469 1566 575 1605 non
599 1565 781 1613 unttm,
802 1563 975 1618 neque
994 1548 1147 1613 duos,
1171 1561 1343 1616 neque
1370 1554 1501 1612 tres,
1526 1558 1696 1614 neque
1716 1558 1847 1611 qua-

253 1654 377 1697 tuor
397 1653 619 1705 tantum,
641 1641 732 1695 sed
757 1641 840 1695 his
861 1640 1030 1695 multo
1048 1640 1248 1709 plures.
1272 1638 1404 1705 Quia
1422 1637 1624 1698 sterilis.
1643 1636 1844 1705 inquit,

249 1735 446 1802 peperit
486 1740 675 1800 septem
706 1730 780 1801 (1.
815 1730 940 1800 Reg.
973 1730 1027 1785 2.
1060 1729 1137 1798 5),
1169 1737 1223 1782 et
1251 1742 1409 1781 usura
1434 1735 1632 1781 Sortem
1663 1739 1851 1779 exces-

246 1826 339 1878 sit.
372 1824 515 1877 Talis
548 1823 691 1877 enim
718 1830 799 1876 est
828 1820 1135 1891 negotiatio,
1163 1833 1280 1889 quae
1318 1833 1439 1872 cum
1470 1817 1579 1870 Deo
1604 1816 1844 1885 geritur:

249 1931 360 1969 non
392 1914 479 1968 ille
518 1912 1056 1982 quantulamcumqne
1092 1910 1253 1964 sortis
1282 1916 1504 1978 partem,
1531 1905 1626 1961 sed
1670 1904 1850 1960 multis

248 2007 492 2076 partibus
542 2004 968 2073 conduplicatatn
1014 2001 1206 2056 reddit.
1256 2000 1440 2070 Neque
1481 1998 1660 2054 solum
1704 1998 1851 2053 dedit

251 2100 330 2153 illi
366 2099 541 2168 proles
595 2098 869 2160 femineas,
894 2094 987 2149 sed
1016 2110 1079 2148 ex
1113 2102 1337 2162 utroque
1377 2107 1508 2147 sexu
1548 2090 1752 2144 lucrum
1780 2089 1846 2143 il-

248 2192 356 2246 lius
398 2191 707 2252 cumulavit,
742 2198 798 2242 ut
823 2187 897 2242 illi
946 2187 1057 2256 jam
1094 2184 1389 2256 perfectum
1415 2182 1701 2253 contigerit
1723 2196 1851 2253 gau-

249 2288 425 2341 dium.
478 2286 603 2339 llaec
631 2299 697 2338 eo
725 2295 1108 2346 commemoro,
1140 2295 1245 2333 non
1274 2286 1331 2333 ut
1354 2276 1581 2333 laudetis
1622 2284 1849 2342 tantum,

251 2378 351 2431 sed
380 2386 435 2431 et
463 2375 785 2430 aetnulemini
809 2374 824 2405 ¹
859 2373 1016 2443 hujus
1059 2371 1298 2426 mulieris
1338 2370 1496 2426 ﬁdem
1525 2385 1590 2425 ac
1614 2369 1849 2425 toleran-

250 2470 404 2532 tiam,
440 2480 599 2536 qttam
630 2481 696 2520 ex
728 2473 876 2534 parte
916 2463 1130 2534 quidem
1162 2462 1384 2517 audistis
1433 2477 1636 2531 nuper;
1665 2474 1854 2514 verum

251 2571 306 2613 ut
340 2557 593 2627 reliquias
621 2556 1007 2625 persolvamus,
1038 2553 1316 2608 concedite
1344 2552 1474 2606 mihi
1505 2566 1666 2621 pauca
1696 2565 1851 2605 com-

258 2664 567 2705 memorare
587 2648 654 2703 de
683 2647 1020 2703 sermonibus
1064 2655 1183 2715 post
1228 2645 1451 2717 primaut
1494 2644 1850 2714 precationem

250 2760 380 2797 cum
408 2741 688 2797 sacerdote
732 2741 953 2810 ejusque
1001 2741 1246 2794 ministro
1294 2738 1521 2803 habitis,
1554 2744 1612 2790 ut
1648 2737 1853 2806 perspi-

248 2835 410 2890 ciatis
438 2833 625 2888 mitem
656 2848 721 2887 ac
750 2831 1014 2901 placidum
1047 2831 1204 2898 hujus
1232 2828 1469 2883 mulieris
1495 2828 1755 2881 animum.
1786 2825 1853 2880 Et

251 2929 451 2996 factum
494 2934 582 2990 est,
623 2924 813 2994 inquit,
860 2938 976 2976 cum
1022 2920 1386 2991 multiplicaret
1434 2920 1771 2989 precationem
1799 2919 1854 2972 in

248 3025 526 3087 conspectu
571 3014 799 3082 Domini,
850 3012 973 3069 Heli
1013 3013 1247 3069 sacerdos
1294 3012 1586 3068 observabat
1620 3028 1677 3066 os
1717 3012 1856 3067 illius

255 3109 423 3181 una.
458 3110 510 3163 ι.
537 3108 650 3180 η).

327 3201 602 3271 Duplicem
626 3201 789 3255 Amne
825 3201 1056 3255 virtutem
1097 3198 1295 3253 laudat.
1323 3196 1543 3253 Assidue
1582 3196 1851 3253 orandum.

252 3292 628 3349 --Geminant
691 3292 921 3362 scriptor
966 3291 1051 3347 hic
1102 3292 1355 3346 virtutem
1405 3291 1458 3346 in
1505 3290 1702 3344 femina
1756 3304 1856 3345 suo

251 3384 568 3440 testimonio
592 3384 960 3455 comprobavit
988 3402 1001 3438 :
1036 3385 1086 3439 in
1114 3383 1363 3455 precibus
1405 3383 1769 3439 assiduitatem
1805 3390 1859 3437 et

255 3477 427 3531 animi
473 3476 800 3546 vigilantiam
826 3493 839 3529 :
871 3476 1016 3530 illam
1059 3475 1295 3545 quidem,
1323 3489 1444 3530 cum
1473 3475 1565 3542 ait,
1599 3473 1857 3544 Multipli—

252 3568 389 3623 caoit
417 3585 437 3633 ;
466 3566 622 3634 hanc,
645 3582 767 3623 cum
808 3566 1043 3632 addidit,
1077 3566 1142 3620 In
1163 3576 1432 3637 conspectu
1461 3564 1710 3621 Domini:
1736 3582 1859 3621 nam

252 3673 450 3715 omnes
471 3658 684 3729 quidem
733 3672 970 3724 oramus,
1000 3657 1095 3713 sed
1123 3673 1230 3712 non
1277 3672 1467 3735 omnes
1492 3659 1544 3712 in
1571 3666 1859 3729 conspectu

257 3751 378 3805 Dei.
429 3750 637 3805 Etenim
675 3765 798 3804 cum
833 3764 1060 3818 corpore
1090 3749 1141 3803 in
1175 3758 1313 3804 terra
1349 3759 1636 3819 prostrato,
1666 3759 1721 3804 et
1767 3765 1861 3804 ore

258 3852 465 3896 temere
508 3841 790 3905 delirante,
831 3855 982 3896 mens
1008 3841 1202 3909 ubique
1225 3855 1319 3909 per
1348 3840 1565 3895 domum
1595 3856 1658 3896 ac
1688 3841 1859 3896 forum

255 3935 687 4003 circumvagatur
717 3951 730 3988 :
762 3948 868 4002 quo
888 3948 981 3988 ore
1007 3932 1129 3986 talis
1154 3941 1337 4000 posset
1354 3931 1555 3998 dicere,
1579 3933 1719 4003 quod
1740 3948 1861 3987 ora-

256 4028 401 4081 verit
420 4027 472 4080 in
489 4034 778 4095 conspectu
798 4024 888 4079 Dei
906 4025 929 4077 ?
949 4022 1081 4077 Nam
1101 4024 1151 4076 in
1166 4032 1453 4093 conspectu
1479 4022 1685 4077 Domini
1720 4031 1857 4090 orat,

256 4118 357 4187 qui
378 4126 495 4173 orat
519 4117 753 4188 undique
770 4116 1027 4186 colligens
1050 4129 1200 4169 suam
1221 4121 1474 4178 mentem,
1496 4114 1628 4169 nihil
1658 4115 1860 4171 habens

257 4225 387 4265 cum
412 4219 547 4265 terra
574 4208 906 4275 connuercii,
923 4207 1017 4262 sed
1041 4206 1108 4261 ad
1130 4206 1303 4280 ipsum
1323 4207 1546 4263 caclum’
1569 4216 1710 4263 totus
1724 4223 1865 4263 com-

258 4304 521 4375 migrans,
543 4302 686 4358 omni
704 4301 1023 4371 cogitatione
1056 4298 1289 4354 humana
1305 4300 1373 4354 ab
1388 4300 1569 4355 animo
1587 4300 1810 4369 depulsa
1835 4316 1848 4353 :

264 4396 722 4469 quemadmodum
753 4395 802 4449 id
830 4393 1085 4463 temporis
1114 4393 1229 4448 hate
1257 4393 1382 4449 fecit
1427 4394 1621 4448 mulier
1652 4411 1666 4447 :
1695 4402 1861 4449 totam

261 4493 414 4548 enim
439 4506 560 4546 sese
585 4489 871 4559 collegerat
899 4500 963 4540 ac
991 4494 1225 4540 mentem
1268 4484 1588 4551 intenderat,
1610 4495 1769 4555 atque
1790 4485 1861 4541 ita

264 4586 438 4640 Deum
483 4581 749 4637 invocavit
793 4577 973 4633 animo
1010 4576 1244 4631 dolente.
1288 4576 1395 4631 Sed
1420 4592 1518 4632 cur
1560 4577 1860 4643 dicit,cam

264 4676 654 4745 multiplicasse
686 4670 1067 4743 precationem,
1085 4667 1297 4738 quando
1321 4669 1545 4740 exiguus
1566 4678 1651 4724 est
1673 4669 1863 4726 modus

263 4766 612 4840 precationis,
625 4780 785 4836 quam
812 4761 948 4817 fudit
972 4760 1197 4815 mulier?
1221 4759 1403 4830 Neque
1426 4760 1478 4814 in
1500 4762 1715 4832 longum
1737 4776 1864 4832 pro-

264 4859 417 4913 duxit
444 4871 771 4923 sennonem,
792 4867 965 4923 neque
993 4851 1044 4904 in
1074 4850 1301 4904 inultum
1321 4853 1577 4921 temporis
1590 4853 1827 4909 extendit
1842 4852 1863 4885 ³

262 4949 709 5018 supplicationem
730 4987 745 5013 ,
778 4943 873 5001 sed
901 4955 1067 5013 pauca
1102 4939 1348 5010 nudaque
1363 4941 1527 4997 verba
1549 4943 1865 5014 proloquuta

264 5050 369 5095 est.
403 5042 607 5095 ADONAI
637 5052 834 5093 nouch
854 5037 987 5092 ELOI
1032 5044 1292 5102 SABAOTB,
1317 5033 1362 5087 si
1386 5033 1657 5104 respiciens
1697 5049 1867 5104 respe-

262 5134 406 5188 xeris
433 5133 504 5186 ad
523 5131 856 5186 humilitatem
898 5132 1102 5187 ancilla:
1144 5141 1244 5185 tute
1261 5170 1278 5195 ,
1314 5128 1510 5199 meique
1538 5142 1728 5182 memor
1749 5126 1863 5196 [ue-

265 5226 364 5290 ris,
391 5240 483 5279 nec
498 5223 683 5278 oblitus
701 5222 904 5278 ancilla
927 5231 1048 5290 tute,
1076 5222 1371 5292 dederisque
1393 5219 1597 5273 ancilla
1612 5226 1713 5272 tute
1745 5233 1866 5288 pro-

267 5319 373 5374 lem
417 5318 695 5373 masculam
713 5357 728 5383 ,
748 5314 961 5384 offeram
1003 5315 1148 5370 illaut
1175 5315 1308 5369 dono
1343 5312 1399 5367 in
1426 5320 1695 5381 conspectu
1737 5319 1824 5364 tuo
1843 5348 1862 5377 ,

266 5428 428 5484 usque
485 5412 555 5464 ad
591 5410 725 5465 diem
763 5409 940 5464 mortis
984 5409 1164 5480 ipsius.
1210 5406 1395 5462 Vinum
1418 5415 1465 5460 et
1504 5404 1749 5476 quidquid
1780 5404 1868 5457 in-

336 5552 353 5580 ¹
392 5555 507 5611 tteg.
532 5546 725 5597 etColb.
750 5546 865 5607 duo,
878 5557 970 5595 non
983 5550 1031 5594 ut
1051 5542 1303 5593 laudemus
1322 5547 1523 5605 tonum,
1543 5538 1631 5592 sed
1653 5544 1699 5591 et
1712 5550 1866 5591 tentu-

265 5611 447 5666 lcmur,
475 5615 571 5659 etc.

335 5674 355 5703 ι
392 5679 509 5729 vox,
538 5669 730 5727 caelum,
752 5669 896 5719 deest
918 5668 967 5716 in
990 5666 1120 5717 Colb.
1149 5674 1201 5717 et
1221 5674 1338 5729 Reg.

335 5734 357 5765 ³
389 5735 465 5782 Sic
498 5722 636 5779 'tzoln.
671 5722 767 5793 duo
805 5737 857 5780 et
881 5737 1017 5793 ueg.,
1043 5728 1219 5779 melius
1251 5722 1396 5792 quam
1415 5724 1556 5778 savii.
1595 5732 1648 5777 et
1677 5722 1869 5789 NonL,

256 5795 349 5851 qui
376 5796 588 5850 habent.
611 5792 798 5855 abjecit.

1564 328 1651 383 DE
1691 326 1870 382 ANNA
1911 324 2139 381 SERMO
2166 324 2232 382 II.

3444 332 3549 387 (illi

1952 443 2110 497 ebriat
2136 460 2236 497 non
2261 442 2408 505 bibet,
2440 454 2485 498 et
2512 444 2698 511 ferrum
2720 460 2819 496 non
2847 443 3079 498 ascendet
3092 459 3241 515 super
3265 453 3415 514 caput
3432 446 3548 515 ejus

1951 535 2027 606 (1.
2055 535 2183 607 Reg.
2233 536 2283 590 1.
2319 537 2431 607 11).
2469 536 2610 604 Quae
2642 546 2725 592 est
2763 537 2848 591 hic
2893 536 3175 593 verborum
3225 535 3549 591 multitudo?

1951 628 2089 695 Quid
2128 628 2285 698 igitur
2334 630 2526 693 innuit,
2555 645 2676 685 cum
2718 631 2812 697 ait,
2842 630 3236 701 Multiplicavit?
3272 630 3399 685 Haec
3447 628 3551 683 fre-

1950 729 2178 790 quenter
2220 720 2449 787 dicebat,
2497 736 2597 777 nee
2621 722 2824 777 destitit
2851 722 3037 777 iisdem
3080 722 3257 777 verbis
3297 720 3554 775 iteraudis

1956 814 2182 868 multum
2224 816 2481 885 temporis
2520 816 2823 871 absumere.
2850 814 2927 870 lla
2953 824 3007 871 et
3034 808 3288 866 Christus
3306 809 3361 865 itt
3380 807 3551 866 Evan-

1952 904 2091 973 gelio
2117 905 2295 960 docuit
2320 921 2493 961 orare.
2528 906 2661 961 Cum
2695 906 2836 962 enim
2860 906 3110 976 jussisset
3152 905 3447 978 discipulis,
3483 919 3551 958 ne

1953 1012 2102 1052 more
2145 999 2419 1068 gentilium
2464 1009 2698 1065 orarent,
2730 1008 2941 1055 utentes
2987 998 3341 1068 multiloquio,
3386 996 3548 1052 etiam

1952 1088 2167 1144 modum
2195 1090 2514 1159 precationis
2534 1090 2711 1145 docuit
2732 1089 2948 1160 (Matth.
2967 1089 3020 1143 6.
3047 1089 3123 1158 7):
3149 1087 3460 1151 ostendens,
3490 1097 3548 1140 ut

1953 1179 2304 1234 exaudiamttr
2351 1197 2457 1235 non
2517 1196 2637 1236 esse
2686 1181 2843 1235 situm
2886 1180 2938 1235 itt
2980 1179 3266 1235 verborum
3314 1177 3551 1232 multitu-

1952 1270 2098 1337 dine,
2148 1269 2243 1325 sed
2264 1270 2316 1325 in
2341 1272 2610 1342 vigilantia
2637 1270 2851 1327 mentis.
2881 1268 3159 1337 Quomodo
3194 1268 3371 1339 igitur,
3404 1266 3553 1322 dixe-

1955 1361 2027 1416 rit
2071 1361 2298 1432 aliquis,
2347 1363 2390 1417 si
2433 1364 2614 1431 paucis
2663 1361 2926 1418 orandum
2966 1369 3078 1427 est,
3125 1359 3430 1431 parabolam
3473 1361 3553 1414 eis

1954 1456 2250 1526 proposuit,
2295 1455 2673 1511 admonentem
2708 1470 2922 1526 semper
2966 1470 3084 1511 esse
3122 1454 3420 1509 orandum?
3453 1454 3541 1507 Vi-
3595 1493 3599 1496 -

1954 1548 2055 1602 dua
2099 1549 2340 1617 quaedam
2385 1558 2537 1615 erat,
2577 1565 2696 1620 quae
2745 1548 2960 1604 assidue
3011 1548 3330 1618 appellando
3354 1546 3548 1603 crude-

1954 1638 2061 1693 lem
2108 1649 2162 1693 et
2183 1639 2532 1694 inhumanum
2567 1640 2823 1710 judicem,
2848 1654 3019 1710 neque
3058 1640 3226 1694 Deum
3254 1639 3551 1705 timentem,

1954 1745 2127 1800 neque
2167 1731 2414 1785 homines
2438 1740 2794 1798 reverentem,
2828 1730 3135 1801 frequenter
3178 1730 3363 1786 adiens
3401 1728 3548 1785 ﬂexit

1954 1819 2108 1890 (Luc.
2133 1821 2218 1877 18.
2241 1820 2387 1895 5-5).
2402 1822 2682 1890 Quomodo
2699 1837 2796 1877 nos
2810 1832 2863 1877 et
2880 1822 3073 1877 Paulus
3086 1823 3331 1877 hortatur
3346 1821 3551 1887 dicens,

1956 1913 2247 1971 Precationi
2287 1918 2530 1972 instantes
2558 1915 2739 1986 (Rom.
2772 1915 2858 1970 12.
2894 1912 3004 1986 12),
3028 1929 3091 1969 ac
3119 1928 3320 1977 rursus,
3348 1912 3551 1968 Indesi-

1956 2015 2130 2062 neuter
2152 2018 2292 2061 orate
2313 2008 2364 2077 (1
2378 2047 2390 2059 .
2415 2006 2592 2063 Thess.
2619 2006 2671 2061 5.
2697 2003 2785 2077 17)
2807 2007 2828 2058 1'
2848 2002 2982 2060 Nam
2999 2005 3041 2060 si
3072 2004 3232 2060 verba
3247 2004 3485 2074 proferre
3501 2006 3554 2059 in

1957 2098 2176 2167 longum
2205 2113 2311 2153 non
2337 2106 2573 2167 oportet,
2589 2107 2643 2153 et
2664 2104 2845 2152 tamen
2868 2096 3082 2152 assidue
3105 2111 3279 2162 orare,
3306 2096 3406 2151 hoc
3430 2111 3555 2150 cum

1959 2192 2051 2245 illo
2093 2200 2310 2261 pugnat.
2358 2190 2474 2245 Non
2519 2187 2663 2247 inter
2689 2203 2750 2247 se
2794 2196 3033 2261 pugnant
3077 2189 3205 2254 ista;
3250 2189 3426 2245 absit:
3461 2189 3557 2243 sed

1956 2300 2281 2355 magnopere
2326 2285 2465 2341 inter
2494 2300 2554 2340 se
2582 2293 2913 2356 congruunt.
2931 2280 3202 2353 Siquidem
3233 2292 3287 2339 et
3310 2282 3558 2338 Christus

1955 2385 2011 2431 et
2036 2376 2409 2445 Paulusjussit
2436 2376 2648 2442 breves,
2673 2373 2766 2430 sed
2799 2372 3017 2431 crebras
3060 2373 3177 2429 licri
3221 2371 3558 2444 precationes

1954 2481 2021 2520 ex
2069 2466 2251 2535 paucis
2293 2467 2605 2522 intervallis.
2652 2463 2785 2521 Nam
2831 2461 2877 2519 si
2902 2466 2952 2520 in
2989 2466 3206 2534 longum
3247 2464 3557 2521 extenderis

1958 2558 2145 2624 verba,
2174 2573 2299 2613 cum
2346 2558 2653 2629 frequenter
2696 2573 2883 2628 parum
2922 2558 2998 2614 sis
3047 2566 3302 2624 attentus,
3332 2560 3555 2616 multant

1955 2648 2230 2704 audaciam
2256 2649 2470 2705 diabolo
2493 2650 2864 2720 suppeditasti,
2888 2660 2941 2705 ut
2971 2648 3193 2705 accedat
3216 2652 3547 2721 supplantet-

1956 2756 2079 2811 que,
2110 2757 2173 2796 ac
2197 2752 2428 2798 mentem
2449 2741 2518 2796 ab
2547 2741 2612 2795 iis
2635 2756 2755 2811 quae
2775 2740 3024 2796 dicuntur
3068 2751 3260 2797 avocet
3293 2758 3305 2795 :
3336 2742 3478 2812 qttod
3505 2745 3551 2797 si

1958 2834 2263 2904 frequenter
2278 2851 2341 2890 ac
2368 2834 2594 2890 subinde
2618 2833 2878 2900 oraveris,
2910 2841 3120 2903 tempus
3165 2848 3324 2889 omne
3352 2833 3559 2890 crebris

1958 2927 2216 2983 dirimens
2244 2927 2555 2994 intervallis,
2585 2926 2737 2982 facile
2773 2927 2973 2997 poteris
3002 2941 3123 2981 esse
3151 2926 3362 2981 sobrius
3384 2942 3450 2982 ac
3476 2928 3557 2982 vi-

1959 3020 2132 3090 gilans
2161 3060 2175 3085 ,
2217 3029 2274 3075 ut
2312 3020 2673 3089 precationem
2718 3018 2886 3073 multa
2932 3033 3052 3072 cum
3094 3018 3387 3073 attentione
3430 3032 3559 3088 per-

1964 3113 2135 3169 licias.
2165 3112 2317 3179 Quod
2366 3126 2496 3167 sane
2534 3110 2651 3165 hmo
2698 3110 2858 3176 fecit,
2907 3109 3033 3164 dum
3083 3124 3191 3165 non
3238 3109 3398 3180 longo
3439 3124 3559 3164 ser-

1961 3221 2141 3272 mone,
2157 3205 2254 3260 sed
2281 3204 2485 3259 crebris
2505 3218 2569 3257 ac
2590 3202 2955 3272 frequentibus
2981 3201 3227 3271 precibus
3245 3200 3376 3256 adiit
3395 3200 3561 3257 Deum

1961 3295 2037 3370 (1.
2071 3295 2201 3367 Reg.
2233 3296 2285 3350 1.
2316 3295 2405 3350 12.
2438 3294 2551 3365 15).
2586 3291 2789 3348 Deinde
2822 3301 3166 3363 posteaquam
3206 3292 3456 3349 sacerdos
3484 3293 3557 3348 illi

1961 3387 2185 3444 occlusit
2212 3403 2274 3442 os
2304 3403 2318 3442 :
2348 3402 2471 3440 nam
2498 3386 2598 3440 hoc
2614 3393 2697 3440 est
2721 3384 2863 3455 quod
2891 3382 2986 3451 ait,
3019 3381 3324 3437 Obseruabat
3348 3399 3404 3436 os
3427 3385 3558 3455 ejus,

1963 3493 2008 3537 et
2038 3482 2173 3537 labia
2198 3481 2305 3552 ejus
2329 3479 2672 3544 movebantur,
2703 3492 2800 3532 vox
2824 3484 2991 3529 autem
3029 3475 3166 3530 illius
3194 3491 3293 3529 non
3318 3474 3561 3529 audieba-

1963 3583 2047 3627 tur
2077 3588 2095 3626 :
2120 3580 2303 3627 coacta
2342 3578 2427 3626 est
2465 3568 2683 3625 obedire
2729 3566 3014 3630 sacerdoti,
3042 3574 3096 3621 et
3123 3565 3193 3620 ab
3232 3566 3437 3621 orando
3465 3566 3560 3622 de-

1963 3663 2172 3719 sistere.
2202 3662 2269 3715 Et
2294 3676 2396 3715 vox
2438 3658 2655 3730 quidem
2685 3657 2759 3712 illi
2809 3656 3093 3712 interclusa
3134 3663 3237 3722 est,
3264 3664 3319 3710 at
3344 3672 3449 3710 non
3478 3665 3561 3712 est

1964 3755 2175 3810 exclusa
2207 3754 2419 3818 ﬁducia,
2450 3751 2546 3808 sed
2582 3750 2952 3807 vehementius
2975 3749 3140 3804 etiam
3170 3764 3263 3803 cor
3291 3750 3559 3805 clamabat

1966 3845 2127 3899 intus.
2156 3842 2290 3898 Nam
2318 3843 2402 3896 illa
2431 3842 2767 3912 potissimum
2792 3851 2875 3896 est
2904 3841 3159 3909 precatio,
3193 3856 3315 3895 cum
3339 3841 3408 3895 ab
3435 3842 3559 3895 inti-

1964 3935 2067 3988 mis
2093 3947 2250 3988 voces
2270 3947 2485 3987 sursum
2515 3932 2752 3986 feruntur
2784 3948 2798 3985 :
2830 3928 2933 3984 hoc
2961 3930 3223 3999 praecipue
3258 3930 3452 3986 mentis
3476 3941 3561 3986 est

1965 4024 2289 4091 exercitum,
2321 4039 2427 4078 non
2458 4024 2752 4079 intentione
2797 4021 2962 4088 vocis,
2996 4021 3089 4076 sed
3141 4022 3304 4077 animi
3348 4022 3559 4079 fervore

1966 4117 2337 4190 precationem
2366 4114 2665 4172 absolvere.

2037 4209 2091 4265 5.
2114 4208 2201 4264 Sic
2225 4208 2397 4262 oravit
2424 4215 2481 4263 et
2508 4206 2681 4261 Moses
2722 4223 2739 4263 :
2764 4205 2854 4275 qui
2883 4220 3017 4263 cum
3030 4205 3159 4261 nihil
3184 4221 3312 4263 voce
3336 4222 3559 4264 resona-

1967 4309 2069 4368 ret,
2100 4301 2242 4354 Deus
2281 4310 2479 4366 tamen,
2522 4297 2681 4364 Quid,
2704 4297 2896 4369 inquit,
2939 4299 3141 4353 clamas.
3166 4299 3237 4353 ad
3262 4298 3557 4371 πληρωταί.

1969 4395 2056 4450 ll.
2087 4394 2205 4463 15)?
2234 4392 2489 4449 Homines
2527 4392 2741 4463 quidem
2762 4403 3038 4448 externam
3065 4392 3203 4448 hanc
3226 4408 3417 4449 vocem
3444 4403 3561 4449 tau-

1968 4496 2082 4543 tum
2106 4487 2347 4552 audiunt,
2373 4494 2430 4541 at
2458 4486 2595 4540 Deus
2620 4493 2677 4540 et
2699 4495 2823 4539 ante
2862 4486 3000 4539 hanc
3043 4486 3185 4539 intus
3210 4485 3562 4543 inclamantes

1966 4577 2133 4633 audit.
2170 4576 2352 4645 Itaque
2397 4574 2511 4631 lieri
2544 4581 2739 4643 potest,
2772 4581 2829 4628 ut
2870 4575 3031 4629 etiam
3076 4575 3168 4644 qui
3196 4591 3302 4631 non
3327 4575 3561 4633 clamant

1967 4670 2273 4734 audiantur,
2301 4676 2360 4722 ut
2392 4681 2488 4738 per
2536 4665 2710 4721 forum
2734 4663 3016 4720 ambulans
3042 4664 3164 4735 quis
3192 4674 3312 4722 oret
3338 4681 3559 4722 accura-

1970 4761 2195 4829 tissime,
2224 4760 2355 4816 etin
2383 4773 2639 4815 consessu
2689 4759 2981 4813 amicorum
3027 4758 3363 4831 aliorumque
3407 4761 3562 4833 quid-

1968 4852 2049 4907 vis
2078 4851 2219 4907 aliud
2246 4865 2408 4922 agens
2433 4848 2734 4905 vehementi
2758 4850 2993 4904 clamore
3019 4848 3231 4906 invocet
3252 4851 3440 4921 Deum,
3461 4853 3563 4908 cla-

1969 4958 2142 5011 more,
2175 4943 2420 5014 inquam,
2440 4941 2672 5006 interno,
2705 4940 2915 4995 etiamsi
2955 4940 3085 4995 nihil
3131 4940 3310 5011 faciat,
3350 4945 3492 5015 quod
3530 4961 3563 5001 a

1967 5048 2235 5107 quoquam
2264 5033 2607 5104 praesentium
2654 5032 2935 5087 sentiatur.
2965 5031 3119 5100 Quod
3145 5048 3277 5088 sane
3306 5042 3417 5089 tum
3449 5034 3565 5090 lucc

1969 5127 2098 5183 l’eeit
2138 5124 2352 5181 mulier.
2417 5121 2547 5188 Vox,
2578 5123 2769 5194 inquit,
2818 5122 2960 5178 illius
3003 5140 3104 5177 non
3148 5123 3483 5187 audiebatur;
3508 5137 3564 5180 et

1968 5222 2246 5278 exaudivit
2288 5220 2434 5276 illam
2485 5218 2673 5275 Deus:
2705 5226 2884 5273 tantus
2915 5224 3032 5272 erat
3065 5216 3206 5272 illius
3250 5217 3455 5274 clamor
3483 5220 3562 5275 in-

1970 5323 2174 5370 ternus.
2208 5312 2274 5367 Et
2300 5312 2429 5367 dixit
2470 5311 2548 5365 illi
2577 5326 2702 5381 puer
2746 5308 2865 5363 Heli
2886 5325 2906 5363 :
2938 5307 3209 5378 Quousque
3244 5310 3342 5363 eris
3389 5312 3565 5366 ebria?

1972 5404 2179 5460 Discute
2204 5405 2375 5459 uinum
2414 5414 2556 5458 tuum
2593 5402 2682 5455 abs
2702 5410 2769 5465 te,
2802 5408 2850 5453 et
2890 5399 3068 5453 recede
3090 5416 3124 5454 a
3154 5412 3439 5471 conspectu.
3459 5403 3564 5463 Do—

1969 5497 2095 5551 mini
2109 5497 2185 5566 (1.
2201 5496 2329 5566 Reg.
2353 5495 2404 5551 1.
2429 5493 2539 5564 ts).
2558 5491 2656 5547 Hic
2676 5489 3010 5561 potissimum
3034 5487 3162 5546 licet
3188 5489 3348 5561 hujus
3372 5494 3565 5550 mulio-

1969 5590 2045 5645 ris
2063 5587 2449 5658 philosophiam
2474 5583 2790 5655 perspicere.
2811 5580 2963 5637 Domi
2978 5582 3335 5653 exprobrabat
3348 5586 3561 5654 temnis;

1970 5683 2121 5739 venit
2145 5682 2194 5735 in
2218 5677 2496 5750 templum,
2516 5685 2571 5731 et
2590 5672 2884 5730 sacerdotis
2906 5687 3041 5743 puer
3077 5674 3407 5732 aliieitillam
3427 5692 3562 5736 con-

1971 5768 2215 5836 tumelia,
2239 5780 2293 5828 et
2322 5771 2560 5842 increpat
2602 5768 2718 5841 ipse
2757 5760 3031 5825 sacerdos:
3069 5766 3340 5840 Eﬂ'ugerat
3376 5770 3565 5827 dome-
