4064 6440
543 331 646 386 ειη

537 447 726 501 sticam
769 450 1156 511 tempestatem,
1177 441 1322 494 venit
1342 441 1394 494 in
1417 449 1650 510 portum,
1673 448 1728 495 et
1762 453 1947 494 rursus
1985 438 2130 494 inve—

540 535 619 590 nit
641 534 861 587 ﬂuctus:
881 533 1024 587 venit
1053 539 1331 600 acceptura
1355 531 1708 598 medicamen,
1734 529 1828 586 sed
1855 529 2032 585 addita
2049 538 2133 584 est

541 625 857 696 probrorum
885 625 1059 694 plaga,
1083 639 1182 692 qua
1215 622 1406 676 vulnus
1432 631 1719 688 cresceret,
1752 621 1947 677 nedum
1978 635 2130 674 cura-

543 713 881 772 retur.8citis
897 715 1038 768 enim
1056 717 1132 784 (tt)
1149 713 1418 783 quomodo
1432 713 1594 766 animi
1624 723 1912 768 manentes
1940 711 2130 764 adver-

552 822 644 862 sus
688 806 1038 860 contumelias
1065 813 1116 860 et
1143 804 1378 859 convicia
1428 806 1534 858 sint
1577 803 1769 858 affecti.
1800 802 1947 858 Sicut
1986 803 2129 856 enim

540 898 734 954 acerba
778 897 998 952 vulnera
1025 912 1089 950 ne
1129 897 1301 953 levem
1346 896 1561 966 quidem
1603 909 1791 951 manus
1827 901 2128 949 contactum

540 990 722 1045 ferunt
751 1006 764 1042 :
792 989 870 1042 sic
894 997 949 1043 et
975 988 1187 1042 animus
1212 987 1550 1056 perturbatus
1574 1001 1636 1040 ac
1665 999 1910 1040 morosus
1924 984 1990 1039 ad
2010 999 2128 1039 om-

544 1081 629 1134 nia
662 1079 966 1148 indignatur
1004 1077 1216 1147 levique
1240 1077 1406 1132 verbo
1446 1075 1718 1130 mordetur
1743 1084 1799 1130 et
1825 1074 2127 1130 oﬂ'enditur.

541 1171 736 1227 Verum
769 1170 870 1225 hoc
891 1184 995 1224 non
1022 1168 1214 1224 accidit
1239 1169 1360 1224 huic
1388 1169 1617 1235 mulieri,
1649 1183 1717 1223 ne
1748 1178 1856 1222 tum
1886 1167 2128 1238 quidem,

546 1278 667 1317 cum
696 1278 724 1316 a
769 1277 936 1332 puero
974 1261 1234 1316 conviciis
1279 1270 1563 1330 peteretur.
1613 1261 1745 1315 Nam
1794 1261 1838 1314 si
1883 1261 2132 1315 sacerdos

541 1355 730 1409 fuisset
747 1353 1097 1419 conviciatus,
1121 1367 1227 1406 non
1249 1361 1362 1407 erat
1388 1352 1607 1422 perinde
1634 1351 1870 1407 miranda
1897 1351 2134 1410 toleran-

543 1449 620 1502 tia
649 1464 662 1500 :
689 1447 964 1516 dignitatis
999 1445 1196 1516 quippe
1230 1445 1554 1515 magnitudo,
1582 1459 1646 1499 ac
1671 1444 2009 1514 magistratus
2036 1459 2131 1498 au-

541 1540 761 1594 ctoritas
786 1538 870 1593 vel
900 1537 1116 1592 invitam
1155 1538 1300 1592 illam
1331 1536 1673 1605 compulisset
1697 1535 1763 1589 ad
1790 1535 2126 1590 modestiam.

540 1629 694 1685 Nunc
719 1644 848 1684 vero
872 1644 970 1684 nec
989 1629 1246 1688 adversus
1273 1627 1568 1683 sacerd0tis
1599 1642 1822 1696 puerum
1865 1625 2131 1696 indignata

539 1729 624 1775 est
651 1737 665 1775 :
695 1734 801 1790 quo
828 1720 994 1790 magis
1017 1719 1176 1780 etiam
1207 1719 1308 1774 sibi
1335 1717 1638 1773 conciliavit
1670 1719 1852 1772 Deum.
1885 1717 1972 1772 Sic
2000 1732 2134 1788 quo-

541 1814 644 1868 ties
681 1813 986 1883 opprobriis
1025 1813 1278 1884 milieque
1324 1812 1478 1867 malis
1522 1812 1719 1880 alicui,
1766 1813 2132 1868 eonviciantcs

538 1921 803 1977 generoso
829 1905 1048 1961 ferimus
1078 1906 1280 1973 animo,
1304 1905 1558 1976 majorem
1593 1905 1746 1960 nobis
1769 1920 1800 1960 a
1829 1905 1940 1960 Deo
1969 1904 2133 1959 bene-

538 2001 826 2056 volentiam
855 2000 1221 2054 conciliamus.

614 2089 904 2144 Toterantia
930 2091 1267 2144 conviciorum
1299 2091 1497 2144 occasio
1521 2090 1684 2143 meriti
1714 2087 1920 2142 Doridi.
1951 2119 2025 2129 -—-
2054 2089 2122 2144 Et

546 2179 690 2236 unde
715 2180 818 2234 hoc
854 2181 1055 2250 liquet‘i
1084 2179 1160 2234 Ex
1202 2179 1286 2239 his
1326 2195 1446 2250 quae
1487 2194 1716 2235 evenere
1753 2179 1956 2235 Davidi.
1999 2179 2135 2247 Quid

545 2283 724 2328 autem
755 2273 831 2327 illi
857 2272 1077 2328 evenit?
1121 2271 1407 2332 Exsulabat
1450 2272 1733 2342 aliquando
1777 2287 1808 2327 e
1835 2273 2024 2342 patria,
2059 2273 2136 2326 si-

547 2364 658 2418 mul
684 2373 737 2418 et
761 2363 827 2418 de
857 2362 1100 2418 libertate
1119 2371 1174 2418 et
1201 2363 1308 2417 vita
1337 2377 1435 2419 sua
1464 2363 1791 2434 periclitans,
1822 2372 1877 2416 et
1901 2364 2135 2418 exemita

545 2459 802 2512 adversus
837 2457 1279 2527 intemperantem
1308 2456 1456 2511 illum
1479 2457 1732 2525 juvenem
1764 2465 2047 2526 tyrannum
2072 2471 2137 2511 ac

543 2548 863 2620 parricidam
894 2549 1170 2614 instructo,
1198 2548 1410 2604 errabat
1437 2549 1489 2602 in
1510 2548 1738 2604 desertis
1762 2547 1836 2620 (2.
1861 2549 1990 2620 Reg.
2013 2547 2132 2618 l6):

545 2655 646 2697 nec
687 2650 865 2696 tamen
921 2639 1222 2710 indignatus
1279 2648 1384 2706 est,
1431 2655 1530 2696 nec
1575 2640 1854 2710 despondit
1899 2641 2135 2696 animum

545 2733 691 2804 apttd
720 2733 909 2797 Deum,
942 2747 1115 2803 neque
1134 2732 1268 2787 dixit
1297 2751 1310 2787 :
1343 2733 1480 2800 Quid
1521 2732 1730 2788 tandem
1781 2733 1883 2789 hoc
1909 2735 1986 2789 rei
2016 2734 2138 2790 est?

545 2825 792 2897 permisit
835 2834 892 2880 ut
923 2824 1064 2879 ﬁlius
1103 2824 1398 2894 insurgeret
1436 2824 1698 2880 adversus
1736 2825 1917 2892 illum,
1958 2841 1988 2879 a
2031 2841 2138 2896 quo

546 2918 758 2990 genitus
783 2916 1018 2987 est:qui
1042 2915 1250 2971 etiamsi
1293 2915 1419 2986 quid
1462 2915 1704 2984 haberet,
1748 2917 1818 2972 de
1857 2933 1963 2988 quo
1995 2918 2138 2987 juste

548 3012 700 3080 queri
750 3017 952 3080 posset,
993 3023 1098 3064 non
1138 3007 1375 3078 Oportuit
1421 3016 1596 3064 tamen
1652 3009 1703 3064 id
1750 3009 1925 3065 facere
1953 3028 1966 3063 :
1997 3027 2138 3066 nunc

547 3118 677 3158 vero
702 3118 801 3158 nee
829 3104 881 3158 in
907 3117 1072 3173 parvo
1102 3117 1201 3158 nec
1227 3104 1280 3157 in
1307 3117 1500 3174 magno
1529 3103 1687 3159 lzesus
1713 3121 1742 3158 a
1775 3106 1927 3160 nobis
1954 3106 2136 3160 obam-

548 3196 719 3262 bulat,
742 3196 960 3266 cupiens
985 3195 1224 3250 dextram
1256 3205 1474 3266 paterno
1502 3197 1760 3268 sanguine
1801 3198 2056 3266 polluere,
2084 3208 2139 3253 et

551 3289 691 3344 Dens
711 3289 828 3343 haec
853 3288 1038 3344 videns
1064 3287 1278 3357 patitur.
1309 3287 1412 3344 Sed
1445 3287 1575 3342 nihil
1606 3294 1791 3343 horum
1819 3289 1972 3344 dixit.
1999 3290 2136 3356 Quin

547 3379 688 3450 quod
711 3380 949 3452 profecto
976 3381 1148 3450 majus
1177 3391 1258 3436 est
1285 3392 1337 3437 et
1373 3381 1756 3449 admirabilius,
1792 3393 2057 3438 errantem
2084 3392 2139 3438 et

550 3472 782 3542 undique
829 3473 1112 3542 expulsum
1160 3473 1336 3528 Semei
1389 3473 1603 3542 quidam
1653 3474 1733 3527 vir
1774 3474 2046 3543 improbus
2076 3489 2139 3529 ac

549 3566 808 3621 scelestus
854 3567 1142 3622 insectatus
1171 3575 1272 3628 est,
1329 3565 1614 3620 homicidio
1661 3567 1915 3635 pollutum
1959 3577 2006 3621 et
2041 3568 2139 3620 im-

548 3658 696 3726 pimn
745 3658 1018 3726 appellans
1064 3655 1288 3726 aliisque
1335 3657 1626 3711 innumeris
1671 3657 1925 3712 conviciis
1972 3659 2139 3727 impe-

551 3757 672 3801 tens
696 3763 710 3802 :
738 3755 794 3801 at
819 3761 888 3801 ne
909 3747 986 3801 sic
1010 3746 1221 3816 quidem
1250 3747 1347 3800 fuit
1377 3756 1740 3818 exasperatus.
1765 3747 1918 3815 Quod
1948 3749 1992 3802 si
2019 3751 2138 3819 quis

549 3836 782 3892 dixerit:
815 3836 952 3904 Quid
994 3837 1185 3891 mirum
1215 3840 1260 3892 si
1298 3853 1404 3892 non
1454 3838 1596 3893 ultus
1621 3848 1722 3902 est,
1771 3855 1890 3894 cum
1923 3849 2139 3910 propter

550 3930 966 3986 imbecillitatem
1011 3930 1299 3986 ulciscendi
1349 3939 1666 4000 potestatem
1712 3946 1815 3985 non
1879 3931 2139 3986 haberet?

551 4024 781 4092 primum
815 4023 942 4077 illud
973 4025 1234 4078 dixerim:
1267 4038 1371 4078 non
1409 4023 1627 4092 perinde
1663 4025 1888 4078 mirarer
1916 4039 2058 4088 eum,
2091 4025 2137 4080 si

550 4114 794 4169 diadema
821 4123 1034 4184 gestans
1060 4123 1114 4168 et
1143 4130 1307 4185 regno
1334 4115 1561 4184 potiens,
1597 4114 1758 4184 inque
1783 4115 1918 4168 solio
1941 4115 2136 4172 sedens

551 4207 938 4260 cenviciantem
970 4206 1295 4274 pertulisset,
1325 4216 1383 4259 ut
1425 4221 1565 4260 nunc
1607 4207 1752 4260 illum
1793 4215 1846 4261 et
1874 4207 2053 4273 laudo,
2084 4219 2138 4264 et

551 4296 789 4351 admiror
833 4305 1070 4365 tempore
1112 4296 1427 4350 calamitatis
1475 4297 1958 4366 philosophantem.
2003 4299 2136 4354 N-im

551 4388 662 4444 illic
689 4399 742 4443 et
770 4390 982 4458 imperii
1011 4387 1334 4458 magnitudo,
1368 4397 1423 4442 et
1461 4389 1810 4443 conviciantis
1835 4391 2009 4444 vilitas
2036 4405 2138 4446 sa:-

551 4495 617 4551 pe
644 4481 930 4551 persuasit,
960 4490 1017 4535 ut
1044 4479 1420 4536 contumeliam
1454 4480 1764 4549 negligeret.
1792 4480 1941 4534 Multi
1982 4496 2136 4553 reges

547 4571 858 4640 frequenter
875 4571 1100 4626 similem
1126 4569 1291 4624 animi
1311 4567 1730 4624 moderationem
1752 4571 2134 4640 praestiterunt,

548 4662 638 4731 qui
668 4663 930 4732 insignem
953 4662 1365 4716 conviciantium
1392 4659 1653 4715 insaniam
1689 4671 2011 4730 acceperunt
2041 4675 2137 4730 pro

553 4755 916 4808 excusatione.
948 4752 1129 4822 Neque
1150 4753 1292 4808 enim
1323 4767 1476 4822 aeque
1506 4768 1604 4807 nos
1635 4754 1687 4807 in
1715 4768 1892 4808 rerum
1917 4769 2136 4823 prospe-

555 4843 709 4896 ritate
733 4851 892 4910 atque
935 4843 988 4896 in
1023 4843 1260 4898 adversis
1301 4844 1585 4914 opprobria
1625 4844 1873 4899 mordere
1908 4846 2083 4899 solent
2120 4863 2136 4901 :

552 4933 644 4988 sed
675 4933 758 4986 ubi
784 4933 1130 5000 concidimus,
1163 4944 1287 4988 tunc
1317 4935 1484 5004 magis
1519 4942 1759 5005 pungunt
1787 4948 1905 5001 nos,
1930 4936 2136 4990 acrius-

551 5041 656 5095 que
687 5024 936 5080 mordent
959 5024 1218 5079 eonvicia.
1249 5025 1324 5080 De
1366 5024 1470 5081 hoe
1512 5041 1672 5095 porro
1699 5025 1843 5080 aliud
1883 5025 2134 5096 quiddam

551 5120 676 5174 licet
699 5116 918 5184 addere,
946 5115 1192 5172 videlicet
1219 5115 1360 5186 quod
1397 5118 1472 5172 illi
1518 5117 1683 5173 fuerit
1735 5119 1787 5173 in
1829 5134 1988 5173 manu
2017 5118 2137 5173 vin-

550 5209 748 5263 dictam
777 5223 1014 5273 sumere,
1051 5222 1150 5262 nec
1175 5209 1484 5277 sumpserit.
1531 5212 1706 5279 Atque
1732 5211 1804 5264 uti
1847 5210 2136 5280 perspicias

549 5316 668 5355 cam
696 5300 861 5354 animi
891 5300 1310 5357 moderationem
1337 5316 1441 5355 non
1469 5299 1631 5355 fuisse
1661 5301 2007 5370 impotentiae,
2039 5301 2135 5357 sed

551 5392 836 5460 patientiae,
884 5407 1005 5446 cum
1061 5391 1113 5445 id
1154 5392 1258 5446 dux
1309 5393 1576 5448 exercitus
1615 5401 1836 5461 cuperet
1862 5393 1962 5448 sibi
1990 5408 2136 5448 com-

551 5484 711 5550 mitti,
757 5493 814 5538 ut
856 5485 924 5539 ad
966 5485 1352 5540 conviciantem
1401 5486 1672 5550 transiret,
1719 5484 1938 5555 ejusque
1977 5494 2137 5556 caput

613 5641 688 5702 (a)
720 5647 816 5690 Hoc
838 5640 1067 5702 probrum
1099 5639 1320 5702 intulisse
1363 5640 1534 5689 dicitur
1572 5641 1709 5690 matri
1749 5637 1980 5688 Samuelis
2010 5653 2135 5702 puer

553 5698 854 5750 sive'servus'
873 5698 978 5762 Heli
1001 5701 1264 5762 secundum
1289 5707 1394 5762 [ΚΧ
1440 5707 1753 5762 Iutcrpretes.
1783 5707 1837 5748 Αι
1859 5702 1905 5748 in
1931 5698 2134 5750 Hebraeo

553 5773 604 5812 ct
626 5764 679 5811 in
695 5766 892 5824 vulgata
918 5760 1020 5822 ipse
1038 5761 1140 5810 tteli
1163 5760 1295 5810 solus
1317 5761 1555 5814 inducitur
1571 5760 1756 5811 )tnnam
1781 5762 2053 5825 increpans.

1271 326 1324 380 S.
1367 323 1644 381 JOANNIS
1680 318 2155 380 CIIRYSOSTOMI
2197 318 2510 374 AHCHIEP.
2554 320 3088 382 CONSTANTINOP.

3710 331 3820 388 ω

2237 446 2559 506 amputaret,
2592 455 2698 494 non
2741 441 2914 496 solum
2964 458 3070 498 non
3120 445 3363 514 prmisit
3409 446 3598 518 David,
3648 463 3830 506 verum

2237 529 2396 582 etiam
2451 529 2754 600 indignatus
2797 542 2900 599 est,
2948 534 3172 589 dicens:
3205 536 3342 604 Quid
3379 538 3509 592 mihi
3529 547 3714 602 (rem.
3757 543 3835 609 ﬁli

2237 617 2476 672 Sat-vice?
2515 620 2682 676 Sinite
2725 623 2872 676 illum
2915 627 3227 692 nmledicerc,
3274 638 3330 682 ut
3374 631 3540 684 vitiant
3585 631 3836 687 Dominus

2238 710 2572 763 humilitatem
2601 729 2781 780 meam,
2822 727 2870 768 et
2899 716 3078 769 reddat
3103 719 3227 771 mihi
3257 719 3391 773 bona
3430 737 3525 790 pro
3554 723 3837 777 Madidis

2237 801 2387 870 hujus
2428 802 2480 854 in
2515 803 2596 857 die
2631 805 2726 858 Irae
2761 805 2839 875 (2.
2877 806 3004 878 Reg.
3045 809 3131 864 16.
3181 811 3318 882 12)-ε
3347 813 3490 882 quod
3523 814 3744 884 quidem
3782 827 3836 871 et

2245 893 2441 948 evenit.

2306 986 2359 1039 4.
2392 986 2525 1042 Vide
2549 987 2752 1056 justum
2793 991 3123 1048 intellexisse
3165 1009 3359 1064 magno
3398 998 3576 1052 animo
3621 1000 3833 1069 perpeti

2237 1079 2496 1145 convicia,
2531 1083 2866 1138 recaslonem
2895 1099 3017 1140 esse
3055 1086 3413 1154 adipiscendae
3441 1089 3836 1160 glorias?ﬂanc

2235 1169 2305 1224 ob
2329 1185 2542 1224 causam
2592 1172 2806 1227 Saulcm
2853 1175 3137 1244 aliquando
3178 1188 3363 1235 nactus
3391 1179 3530 1236 inter
3555 1185 3839 1252 geminum

2240 1265 2516 1331 parietem,
2544 1279 2666 1318 cum
2693 1275 2834 1320 esset
2861 1266 3134 1322 occidendi
3175 1269 3417 1336 facultas,
3449 1275 3712 1344 pepercit,
3758 1277 3840 1330 id-

2237 1370 2360 1421 que,
2389 1370 2510 1408 cum
2555 1357 2779 1412 comites
2822 1359 3179 1423 hortarentur,
3214 1371 3272 1415 ut
3309 1363 3485 1432 gladio
3514 1365 3836 1422 confoderet

2238 1447 2316 1515 (Ι.
2349 1445 2476 1516 Reg.
2507 1447 2618 1517 24).
2653 1448 2758 1503 Sed
2805 1465 2979 1520 neque
3007 1460 3112 1505 tam
3147 1464 3387 1523 prompta
3427 1456 3708 1514 occidendi
3759 1459 3836 1514 fa-

2237 1537 2426 1600 cultas.
2457 1553 2630 1610 neque
2651 1541 2902 1594 comitum
2929 1542 3017 1611 qui
3044 1543 3266 1598 aderant
3295 1546 3563 1614 provocati
3585 1566 3623 1613 ι,
3655 1564 3837 1618 neque

2239 1629 2522 1682 multarum
2577 1629 2910 1697 injuriamm,
2955 1649 3091 1701 quas
3135 1650 3419 1704 perpessus
3458 1637 3655 1702 fuerat,
3715 1655 3836 1694 rne-

2240 1711 2431 1780 moria,
2459 1727 2633 1783 neque
2658 1714 2897 1782 graviora
2928 1717 3160 1785 patiendi
3191 1720 3508 1788 periculum,
3552 1722 3618 1775 ad
3665 1725 3834 1778 strin-

2239 1802 2466 1872 gendum
2495 1805 2724 1874 gladium
2755 1806 2903 1860 illum
2935 1807 3215 1877 impellere
3255 1821 3540 1879 potuerunt
3570 1831 3584 1867 :
3621 1817 3835 1867 tametsi

2240 1910 2413 1964 neque
2439 1896 2694 1950 exercitui
2723 1895 3038 1953 matiil‘estus
3072 1897 3340 1954 homicidii
3371 1900 3578 1959 futurus
3618 1914 3760 1970 erat,
3789 1907 3837 1962 si

2241 1986 2439 2040 cit-dem
2471 1987 2613 2040 illam
2641 1997 2903 2056 patrasset
2932 2007 2946 2044 :
2973 1989 3235 2060 siquidem
3277 1992 3529 2060 spelunca
3567 2005 3706 2055 erat.
3737 2011 3840 2052 oce

2241 2076 2379 2130 ullus
2424 2077 2560 2131 alius
2600 2078 2784 2133 aderat
2822 2079 2920 2149 (α),
2960 2081 3061 2136 ι]ξεί
3104 2082 3216 2150 ipse
3265 2083 3431 2138 solus.
3477 2081 3663 2154 Neque
3699 2085 3838 2142 dixit

2240 2168 2380 2235 quod
2429 2169 2690 2238 quispia'u
2740 2170 3062 2234 adulterium
3128 2175 3510 2228 commissurus
3557 2177 3777 2230 dicebat
3816 2197 3832 2231 :

2240 2257 2476 2314 Tenebat:
2500 2261 2690 2318 circum
2720 2277 2797 2316 me
2827 2272 2876 2317 et
2896 2264 3048 2328 muri,
3069 2265 3191 2331 quid
3213 2266 3361 2318 timeo
3383 2264 3566 2336 (Ereti.
3599 2265 3692 2321 25.
3711 2267 3837 2338 35)?

2241 2350 2333 2405 sed
2365 2353 2666 2409 insomnem
2693 2353 2906 2408 oculum
2945 2355 3236 2423 spectabat,
3267 2365 3319 2410 et
3360 2358 3566 2412 sciebat
3615 2360 3836 2416 inﬁnitis

2241 2442 2482 2512 partibus
2523 2443 2911 2512 splendidiores
2953 2459 3072 2500 esse
3113 2445 3225 2501 sole
3269 2447 3476 2502 Domini
3506 2450 3715 2504 oculos.
3748 2451 3836 2504 ld-

2241 2534 2385 2588 cireo
2429 2535 2507 2588 sic
2547 2535 2724 2589 omnia
2755 2535 2946 2605 agebat
2971 2545 3027 2590 et
3055 2537 3370 2606 loquebatur
3411 2549 3681 2609 tamquam
3719 2541 3840 2610 ipse

2241 2635 2524 2694 priesente,
2549 2627 2690 2682 etde
2717 2628 2782 2683 iis
2810 2644 2930 2700 qua:
2958 2629 3296 2696 dicebautur,
3321 2630 3582 2699 judicium
3606 2632 3838 2690 ferente.

2242 2719 2496 2788 Aitcrgo,
2528 2718 2646 2774 Non
2672 2721 2892 2789 inferant
2930 2738 3134 2777 manum
3166 2737 3328 2778 meam
3355 2723 3408 2780 iit
3438 2725 3683 2781 chriam
3723 2726 3838 2780 Do-

2242 2810 2365 2866 mini
2389 2812 2462 2882 (t.
2490 2810 2616 2881 Reg.
2647 2812 2736 2868 24.
2769 2811 2846 2884 7).
2883 2812 3000 2867 Non
3028 2813 3258 2883 respicio
3287 2813 3710 2885 improbitatem,
3737 2817 3838 2872 sed

2242 2902 2469 2972 respicio
2510 2903 2842 2972 dignitaten'i.
2888 2903 3071 2974 Neque
3110 2904 3239 2961 mihi
3269 2904 3414 2964 dicat
3452 2906 3648 2976 aliquis
3687 2909 3840 2962 illvm

2241 3008 2362 3048 esse
2392 2994 2680 3048 violentmu
2728 3009 2792 3049 ac
2834 2993 3095 3050 nefarium
3127 3013 3141 3047 :
3173 3010 3281 3065 ego.
3301 2995 3448 3050 enim
3489 2997 3579 3054 Dei
3629 2999 3837 3054 calculo

2245 3086 2501 3140 honorem
2526 3086 2730 3150 defero,
2759 3087 2998 3155 quamvis
3031 3086 3281 3156 indignus
3306 3089 3407 3140 iste
3428 3089 3691 3146 videatur.
3721 3090 3835 3145 Non

2241 3178 2385 3232 enim
2415 3193 2590 3232 meum
2618 3188 2701 3234 est
2726 3181 2827 3234 hoc
2853 3179 3077 3243 crimen,
3121 3179 3261 3248 quod
3294 3179 3379 3234 hic
3406 3179 3616 3236 honore
3658 3184 3836 3236 vidca-

2244 3274 2328 3328 tur
2377 3267 2643 3336 indignus.
2704 3267 2939 3326 Audiant
2975 3269 3066 3338 qui
3113 3268 3422 3329 sacerdotes
3457 3285 3834 3340 aspernantur,

2241 3359 2446 3415 discant
2497 3369 2746 3428 quantum
2795 3360 2882 3414 hic
2927 3362 3035 3431 regi
3086 3363 3444 3418 reverentimn
3504 3365 3832 3420 exhibuerit.

2242 3451 2477 3507 Tametsi
2507 3453 2677 3510 multo
2701 3452 2911 3522 dignior
2935 3463 3018 3512 est
3043 3454 3249 3510 honore
3275 3470 3339 3514 ac
3369 3457 3720 3517 veneratione
3747 3476 3832 3510 sa-

2241 3544 2453 3608 cerdos,
2479 3561 2635 3613 quam
2662 3561 2776 3607 rex,
2806 3556 3008 3615 quanto
3036 3546 3098 3600 ad
3132 3547 3391 3615 majorem
3430 3548 3589 3605 ctiam
3620 3559 3835 3603 vocatum

2242 3645 2326 3691 est
2356 3636 2733 3706 principatum.
2786 3639 3000 3694 Discant
3047 3654 3152 3693 non
3199 3639 3462 3704 judicare,
3510 3657 3609 3697 nec
3650 3655 3837 3710 pinnas

2241 3729 2475 3797 exigere,
2507 3729 2600 3783 sed
2629 3714 2814 3797 subjici
2845 3744 2908 3783 ac
2937 3730 3149 3784 cedere.
3179 3730 3313 3784 Nam
3339 3742 3394 3786 tu
3421 3732 3640 3800 quidem
3671 3734 3836 3788 vitam

2241 3821 2534 3877 sacerdmis
2563 3822 2780 3876 minime
2809 3823 2968 3886 nosti,
3009 3824 3352 3891 quantumvis
3380 3824 3623 3891 abiectus
3653 3824 3745 3880 ille
3768 3826 3836 3880 sit

2241 3931 2302 3968 ac
2327 3915 2442 3968 vilis
2471 3931 2484 3967 :
2520 3914 2604 3968 hic
2631 3930 2758 3968 vero
2782 3925 2971 3972 cuncta
3004 3915 3170 3984 probe
3193 3926 3420 3970 noverat
3443 3933 3562 3987 qua:
3585 3918 3711 3973 Sail!
3741 3937 3835 3988 p.1-

2244 4015 2408 4060 trarat
2438 4023 2450 4059 :
2485 4005 2828 4059 nihilominus
2857 4006 2934 4059 sic
2961 4006 3197 4060 delatura
3229 4008 3300 4060 illi
3339 4023 3369 4060 a
3412 4008 3523 4061 Di-o
3568 4009 3836 4079 principa-

2244 4109 2356 4154 tum
2386 4099 2746 4153 rcverebatur.
2800 4097 2951 4165 Quod
2995 4109 3195 4164 autem,
3243 4101 3482 4168 quamvis
3523 4113 3628 4155 (os
3671 4101 3838 4170 probe

2244 4190 2478 4254 noveris,
2508 4189 2660 4244 venia
2707 4198 2880 4244 tamen
2910 4200 2964 4244 et
2991 4191 3337 4244 excusatione
3377 4191 3625 4261 indignus
3668 4195 3766 4256 sis,
3793 4194 3836 4247 si

2241 4281 2582 4350 magistratus
2609 4290 2946 4348 contemnas,
2999 4297 3098 4336 nec
3143 4298 3328 4338 corum
3369 4283 3527 4338 dictis
3553 4284 3838 4355 obtempe-

2244 4386 2351 4436 res.
2383 4371 2508 4429 audi
2537 4385 2643 4441 quo
2689 4380 2842 4440 pacto
2889 4372 3028 4426 hunc
3059 4374 3211 4427 nobis
3253 4385 3570 4443 praitextum
3626 4393 3726 4447 per
3777 4393 3838 4434 ea

2240 4463 2490 4520 Christus
2512 4463 2784 4533 eripuerit,
2819 4479 2942 4534 quae
2959 4463 3016 4519 in
3035 4464 3326 4535 Evangelio
3350 4465 3516 4520 dixit:
3551 4466 3728 4535 Super
3751 4487 3840 4522 ca-

2241 4555 2471 4615 thedram
2504 4553 2674 4624 Moysi
2724 4553 2956 4612 sederunt
3004 4556 3182 4607 sci-ilia:
3226 4565 3271 4607 et
3318 4553 3572 4610 Pliarisa-‘i
3617 4573 3637 4610 :
3669 4558 3841 4612 omnia

2241 4661 2360 4714 ergo
2383 4660 2711 4714 quiscunque
2751 4643 2968 4698 dixerint
2997 4643 3134 4699 vobis
3161 4646 3394 4714 facienda
3438 4647 3622 4715 facite,-
3651 4665 3838 4702 serim-

2240 4735 2362 4788 dum
2386 4751 2500 4789 vero
2548 4750 2704 4804 opera
2729 4750 2902 4788 eorum
2945 4735 3100 4792 nolite
3129 4738 3294 4807 facere
3319 4733 3528 4798 (Matth.
3555 4731 3651 4794 23.
3677 4737 3734 4793 2.
3760 4739 3837 4808 5).

2241 4827 2475 4888 Videsne
2501 4842 2609 4897 quo
2630 4837 2783 4898 pacto
2805 4842 3034 4898 quorum
3073 4849 3083 4879 :
3104 4828 3208 4884 deo
3229 4831 3504 4900 depravati
3529 4842 3693 4886 erant
3721 4847 3841 4886 mo—

2241 4935 2346 4982 res,
2383 4928 2438 4980 ut
2466 4918 2610 4990 digni
2645 4931 2846 4984 essent,
2875 4919 2964 4988 qui
2995 4935 3025 4973 a
3061 4920 3336 4988 discipulis
3371 4921 3842 4989 reprehenderen-

2243 5021 2347 5077 tur,
2375 5027 2562 5070 eorum
2586 5021 2761 5068 tamen
2785 5011 3214 5074 adhortationem
3247 5029 3353 5076 non
3381 5025 3704 5082 aspernatus
3732 5026 3840 5075 est,

2241 5120 2414 5175 neque
2442 5105 2738 5160 doctrinam
2766 5103 2984 5172 rejecit?
3015 5104 3139 5163 llaec
3158 5119 3266 5158 non
3304 5118 3374 5162 eo
3397 5103 3544 5170 dico.
3574 5106 3723 5174 quod
3748 5120 3833 5160 sa.-

2240 5195 2488 5252 ecrdotes
2515 5195 2677 5252 velim
2720 5210 2976 5259 accusare
3019 5213 3032 5258 ;
3070 5196 3240 5263 absit;
3278 5195 3546 5265 siquidem
3582 5213 3684 5254 vos
3712 5213 3839 5251 eou-

2241 5287 2557 5344 versationis
2582 5301 2646 5346 ac
2670 5287 2882 5357 pietatis
2903 5303 3090 5348 eorum
3113 5296 3279 5346 testes
3309 5288 3475 5352 estis;
3503 5288 3600 5348 sed
3629 5301 3690 5344 ut
3717 5289 3839 5346 lua-

2241 5397 2306 5452 ge
2329 5382 2588 5450 majorem
2640 5381 2746 5436 illis
2787 5380 3143 5442 reverentiam
3184 5388 3238 5436 et
3278 5379 3542 5438 honorem
3569 5377 3835 5436 exhibea-

2241 5489 2379 5528 mns.
2408 5473 2592 5544 Neque
2622 5474 2765 5529 enim
2806 5473 2942 5529 adeo
2977 5473 3026 5525 in
3060 5473 3199 5534 illos,
3249 5479 3409 5540 atque
3458 5472 3513 5525 in
3564 5487 3664 5525 nos
3693 5473 3838 5541 ipso.

2243 5567 2443 5620 utilitas
2469 5565 2778 5619 dimanabit.
2829 5565 2929 5630 Qui
2953 5565 3128 5631 recipit
3167 5577 3295 5632 ergo
3325 5563 3624 5632 prophetam
3653 5565 3710 5615 in
3751 5576 3836 5614 no-

2301 5701 2373 5761 (a)
2407 5700 2574 5749 Nescio
2593 5713 2680 5749 cur
2689 5698 2825 5761 dicat
2847 5697 3030 5748 nullum
3048 5697 3193 5761 alium
3217 5695 3458 5757 adfuisse;
3477 5695 3680 5747 aderant
3701 5706 3837 5744 enim

2241 5759 2390 5824 ipsius
2412 5761 2598 5812 Davidis
2619 5759 2814 5823 milites,
2841 5766 3068 5810 narrante
3090 5760 3346 5822 Scriptura.
