4064 6430
239 347 348 407 619

241 465 382 520 mine
418 460 702 533 propheta,
744 459 1031 517 mercedem
1075 452 1335 525 propheta:
1378 450 1587 522 accipiet
1613 449 1829 524 (Matth.

240 556 332 610 10.
374 554 490 623 41).
532 551 591 608 Si
636 550 779 605 enim
816 546 884 602 de
934 556 1114 602 nostra
1157 546 1384 601 invicem
1429 545 1537 599 vita
1574 543 1835 614 judicium

239 646 384 701 ferre
414 640 779 712 prohibemur,
809 637 977 692 multo
1002 636 1173 707 magis
1212 636 1284 692 de
1316 645 1530 705 patrum
1573 635 1700 689 vita.
1728 634 1835 689 Sed

238 731 385 804 quod
410 733 591 787 dicere
614 731 951 785 institueram
972 728 1180 799 (rursus
1208 726 1351 782 enim
1380 725 1448 779 ad
1487 724 1623 780 hanc
1658 724 1836 779 redire

241 822 527 877 mulierem
574 828 787 889 oportet
809 818 849 885 ),
895 818 1334 886 quotiescumque
1359 816 1598 871 convicia
1624 814 1837 870 excelso

239 913 468 969 ferimus
500 911 701 975 animo,
733 906 1207 963 multorum'nobis
1255 907 1515 961 bonorum
1540 921 1754 960 causam
1785 905 1835 958 id

240 1006 383 1069 ﬁeri,
430 1017 714 1073 possumus
760 1010 814 1056 et
854 1002 950 1069 ipsi
997 1000 1100 1055 Job
1124 1014 1346 1054 cernere
1386 998 1689 1068 contigisse.
1736 997 1842 1051 Nc-

238 1113 349 1166 que
383 1097 529 1151 enim
568 1095 718 1148 illum
764 1092 983 1163 perinde
1018 1093 1203 1155 miror,
1252 1090 1563 1160 priusquam
1605 1098 1745 1143 esset
1770 1088 1838 1142 ab

244 1205 416 1244 uxore
467 1189 771 1257 instigatus,
821 1194 880 1240 ut
928 1193 1049 1254 post
1086 1183 1213 1238 illud
1263 1182 1620 1252 perniciosum
1654 1180 1839 1234 consi-

243 1284 397 1338 lium.
422 1281 617 1335 Verum
641 1296 709 1333 ne
737 1278 823 1333 cui
852 1277 1094 1332 videatur
1128 1274 1437 1330 incredibile
1470 1272 1612 1343 quod
1639 1287 1796 1325 narro
1820 1290 1835 1324 :

243 1374 558 1443 frequenter
599 1384 735 1440 quos
780 1369 893 1437 ipsa
937 1382 1116 1423 rerum
1167 1374 1356 1419 natura
1402 1379 1512 1419 non
1552 1363 1838 1429 subvertit,

244 1464 473 1518 verbum
489 1472 845 1529 corruptaque
861 1458 1161 1512 exhortatio
1181 1456 1393 1511 devicit.
1414 1455 1565 1522 Quod
1588 1469 1710 1508 cum
1732 1467 1837 1507 non

246 1556 521 1625 ignoraret
549 1551 808 1616 diabolus,
849 1559 970 1620 post
1007 1547 1265 1602 inﬂictum
1295 1548 1508 1611 vulnus,
1541 1555 1597 1600 ut
1625 1545 1838 1615 experi-

247 1655 420 1710 retur,
449 1644 610 1698 etiam
638 1658 734 1712 per
758 1656 1033 1695 sermones
1061 1639 1183 1694 fecit
1203 1638 1487 1701 insultum;
1514 1636 1654 1706 quod
1678 1635 1840 1691 etiam

248 1738 382 1793 fecit
411 1736 463 1789 in
502 1733 722 1788 Davide.
756 1732 1106 1801 Posteaquam
1138 1730 1282 1785 enim
1315 1728 1447 1783 vidit
1493 1727 1640 1781 illum
1674 1742 1844 1796 gene—

247 1844 377 1882 rose
414 1828 597 1882 tulisse
638 1826 729 1880 lilii
761 1825 1125 1890 rebellionem,
1156 1831 1209 1877 et
1232 1823 1445 1891 impiam
1473 1821 1618 1875 illam
1656 1830 1839 1891 tyran-

250 1920 453 1982 nidem,
477 1918 662 1972 volens
691 1916 1031 1984 supplantare
1061 1912 1275 1967 Davidis
1302 1922 1558 1975 mentem,
1587 1920 1746 1978 atque
1774 1910 1840 1963 ad

252 2008 583 2064 iracundiam
612 2021 849 2069 movere,
874 2019 1159 2074 aggressus
1183 2012 1267 2058 est
1300 2003 1448 2055 illum
1491 2001 1841 2055 amarulentis

250 2098 432 2154 Scmei
456 2097 656 2163 verbis,
690 2096 792 2151 hoc
818 2110 1005 2164 agens,
1040 2103 1097 2147 ut
1122 2092 1395 2147 morderet
1415 2092 1653 2145 animum
1680 2091 1841 2143 illius.

250 2190 369 2244 Hoc
400 2190 573 2257 ipsum
600 2197 652 2241 et
697 2187 749 2240 iu
794 2186 1007 2240 beatum
1051 2184 1151 2239 Job
1196 2192 1317 2237 astu
1365 2183 1583 2237 molitus
1626 2189 1729 2237 est.
1776 2181 1845 2236 Ut

250 2284 401 2339 enim
445 2279 716 2351 perspexit
744 2288 798 2333 et
847 2278 996 2332 illum
1024 2292 1119 2330 sua
1147 2274 1395 2331 deridere
1430 2274 1628 2344 jacula,
1669 2289 1845 2343 neque

251 2387 415 2428 secus
438 2382 597 2441 atque
626 2370 814 2425 turrim
843 2367 1128 2437 quamdam
1167 2366 1563 2421 adamantinam
1587 2364 1846 2418 adversus

251 2466 434 2519 omnia
468 2464 675 2518 fortiter
704 2465 1022 2526 consistere,
1049 2460 1342 2515 obarmavit
1371 2460 1422 2513 in
1449 2473 1570 2513 eum
1602 2471 1844 2523 uxorem,

249 2573 364 2628 quo
396 2557 641 2611 videlicet
668 2572 773 2609 non
816 2565 960 2610 esset
994 2562 1300 2623 suspectum
1328 2551 1634 2616 consilium,
1665 2560 1717 2604 et
1747 2564 1842 2603 ve-

255 2664 464 2703 nenum
493 2646 672 2701 verbis
699 2647 909 2701 femina:
930 2645 1081 2707 texit,
1104 2643 1466 2697 calamitatem
1496 2655 1840 2711 exaggerans.

253 2739 404 2807 Quid
432 2739 590 2808 igitur
628 2739 716 2793 ille
742 2736 1148 2808 magnanimus?
1180 2734 1281 2790 Cur
1304 2735 1510 2805 loquuta
1548 2751 1621 2798 es,
1651 2732 1842 2801 inquit,

252 2830 389 2884 sicut
415 2846 514 2882 una
541 2829 604 2882 de
627 2829 795 2883 stultis
824 2826 1115 2881 mulieribus
1136 2828 1162 2880 Ρ
1204 2825 1267 2881 Si
1295 2826 1426 2879 bona
1470 2826 1753 2895 accepimus
1783 2824 1845 2879 de

254 2940 414 2977 manu
438 2922 664 2986 Domini,
684 2922 819 2975 mala
847 2939 947 2976 non
972 2922 1274 2992 accipiemus
1295 2920 1412 2992 (Job
1432 2920 1488 2974 2.
1518 2920 1647 2991 10)?
1692 2918 1846 2987 Quod

253 3022 434 3071 autem
463 3015 547 3069 hic
572 3016 719 3082 dicit,
744 3015 882 3069 hunc
907 3028 1122 3069 sensum
1145 3013 1304 3067 habet
1333 3030 1346 3066 :
1369 3013 1424 3067 Si
1448 3028 1551 3067 non
1574 3022 1734 3079 esset,
1766 3012 1846 3066 in-

252 3106 392 3175 quit,
423 3106 692 3168 Dominus,
734 3121 905 3175 ncque
944 3112 1090 3159 tanto
1132 3104 1286 3158 nobis
1332 3104 1705 3168 excellentior,
1749 3104 1847 3159 sed

254 3198 461 3251 anticus
488 3198 677 3267 aliquis
703 3197 813 3266 pari
844 3196 1151 3251 conditione
1178 3213 1189 3249 :
1218 3211 1375 3265 quam
1405 3195 1727 3251 haberemus
1745 3211 1844 3250 ex-

254 3288 607 3352 cusationem,
653 3288 697 3341 si
749 3298 822 3341 tot
855 3287 1119 3357 tantisque
1145 3285 1317 3341 affecti
1350 3284 1643 3351 beneﬁciis,
1686 3287 1845 3341 etiam

252 3378 541 3431 contrariis
589 3394 709 3433 eum
756 3392 1222 3433 remuneraremur
1244 3379 1267 3429 ‘t
1293 3376 1457 3431 Vides
1484 3384 1539 3430 ut
1567 3377 1649 3430 vir
1678 3376 1844 3431 Deum

252 3468 505 3537 diligens,
529 3485 627 3523 nec
654 3469 872 3524 effertur
893 3468 1094 3533 animo,
1119 3481 1216 3522 nec
1243 3467 1522 3537 gloriatur,
1563 3467 1704 3538 quod
1737 3468 1845 3536 pla-

252 3576 352 3630 gas
370 3560 483 3615 illas
505 3561 786 3615 humanam
810 3572 1049 3614 naturam
1065 3560 1389 3615 excedentes
1411 3559 1618 3614 fortiter
1635 3560 1844 3628 toleret,

255 3665 435 3720 neque
472 3665 582 3705 suae
622 3650 895 3721 sapientiai
938 3651 1020 3705 vel
1048 3650 1463 3719 magnanimitati
1495 3652 1707 3705 tribuit‘
1737 3660 1843 3705 tam

254 3742 519 3811 insignem
552 3743 904 3807 tolerantiam,
932 3742 1026 3797 sed
1060 3741 1210 3811 quasi
1238 3741 1474 3796 debitum
1505 3744 1841 3811 exsolvisset,

254 3833 495 3903 nihilque
526 3844 719 3901 praeter
739 3848 949 3903 aequum
974 3834 1268 3895 accidisset,
1300 3834 1369 3888 itt
1395 3842 1611 3889 strenue
1637 3834 1843 3891 mulieri

251 3940 321 3980 os
346 3926 600 3979 occlusit?
625 3923 768 3979 Idem
796 3924 991 3979 factum
1017 3933 1100 3979 est
1127 3925 1180 3978 in
1208 3924 1309 3980 hac
1335 3926 1577 3979 muliere.
1610 3924 1742 3979 Nam
1768 3926 1842 3980 si-

251 4015 370 4070 mul
399 4025 452 4069 ut
476 4026 689 4071 satanas
714 4017 984 4087 perspexit
1011 4031 1128 4072 eam
1152 4032 1345 4087 magno
1365 4016 1545 4070 animo
1574 4018 1711 4072 ferre
1736 4027 1845 4072 ste-

247 4108 529 4175 rilitatem,
557 4109 777 4163 immisit
798 4110 1089 4164 sacerdotis
1116 4124 1362 4180 puerum,
1386 4109 1475 4179 qui
1510 4112 1676 4181 magis
1698 4111 1841 4165 illam

248 4201 626 4258 exacerbaret.
645 4203 713 4255 At
728 4200 854 4255 nihil
877 4201 1064 4256 horum
1086 4203 1276 4258 accidit
1301 4203 1508 4258 mulieri
1532 4221 1545 4257 :
1573 4203 1667 4260 sed
1693 4205 1837 4259 domi

249 4301 441 4360 parata
469 4292 534 4346 ad
569 4293 881 4360 perferenda
912 4295 1211 4360 maledicta,
1252 4294 1563 4365 mmulzeque
1588 4296 1842 4351 conviciis

246 4384 571 4448 exercitata,
612 4385 875 4454 intrepide
911 4385 1171 4440 adversus
1200 4386 1461 4454 ejusmodi
1490 4389 1723 4442 assultus
1767 4388 1842 4443 fe-

244 4474 453 4530 rendos
491 4491 550 4531 se
583 4478 915 4547 aceingcbat.
951 4479 1283 4548 Quapropter
1312 4481 1364 4532 in
1391 4480 1588 4549 templo
1622 4482 1838 4535 multam

245 4567 503 4636 praestitit
548 4567 980 4635 humanitatem,
1032 4570 1259 4624 viriliter
1316 4579 1371 4625 et
1428 4584 1619 4641 magno
1662 4572 1841 4628 animo

241 4668 543 4712 scomtnata
563 4658 856 4727 perferens,
881 4659 1008 4715 dum
1037 4671 1257 4715 vocatur
1279 4662 1563 4716 temulenta
1600 4679 1662 4717 ac
1691 4664 1840 4719 vino-

242 4750 414 4804 lenta.
445 4750 588 4805 Nihil
608 4759 783 4806 autem
806 4762 946 4807 vetat
968 4762 1022 4807 et
1047 4753 1164 4821 ipsa
1181 4753 1419 4807 mulieris
1444 4754 1628 4809 audire
1651 4755 1835 4809 verba.

236 4837 384 4893 Cum
408 4841 554 4895 enim
580 4856 715 4911 puer
751 4842 995 4911 dixisset,
1022 4841 1207 4913 Digere
1246 4845 1417 4897 vinum
1460 4854 1602 4898 tuum
1639 4845 1730 4899 abs
1768 4857 1836 4915 te,

237 4940 297 4984 et
320 4932 496 4984 recede
509 4949 545 4986 a
562 4943 830 5003 conspectu
859 4931 1065 4987 Domini
1085 4951 1105 4988 :
1120 4935 1377 5003 respondit
1401 4934 1578 5003 Anna,
1599 4944 1648 4989 et
1670 4936 1799 4990 dixit
1818 4952 1839 4991 :

238 5017 612 5089 Nequaquam,
648 5021 850 5076 domitu
885 5023 965 5091 (1.
996 5022 1124 5093 Reg.
1157 5023 1215 5078 1.
1254 5025 1340 5079 ll.
1366 5025 1480 5093 15).
1511 5025 1613 5091 Qui
1646 5034 1838 5080 contu-

238 5110 471 5165 meliose
497 5110 746 5180 loquutus
771 5112 964 5179 fuerat,
993 5128 1114 5168 eum
1142 5115 1375 5184 appellat
1397 5115 1691 5170 dominum.
1719 5115 1836 5171 Non

233 5200 383 5255 dixit
406 5202 552 5271 quod
580 5203 827 5272 plerique
848 5204 1024 5259 solent
1050 5206 1312 5270 homines,
1342 5204 1516 5261 istane
1542 5207 1837 5263 sacerdos?

236 5292 349 5343 ista
374 5291 464 5359 qui
488 5291 621 5347 alios
646 5292 826 5359 docet,
857 5296 1221 5350 temulentiam
1244 5311 1307 5351 ac
1329 5295 1673 5352 vinolentiam
1703 5297 1835 5353 mihi

214 5380 573 5451 exprobrat?
596 5382 692 5437 sed
712 5383 842 5437 illud
868 5387 1159 5454 spectabat,
1187 5388 1454 5456 quomodo
1477 5388 1837 5457 suspicionem

234 5469 557 5537 depelleret,
581 5471 702 5527 licet
727 5473 938 5528 falsam.

314 5560 371 5615 5.
407 5561 672 5629 Quomodo
698 5565 924 5633 ferenda:
950 5568 1286 5622 contumeliw.
1324 5568 1562 5624 Precatio
1590 5571 1658 5624 ad
1697 5591 1834 5631 mcu-

278 5834 299 5853 Ι
324 5764 342 5797 ³
376 5764 518 5816 Colh.
543 5778 676 5817 unus
693 5770 749 5816 et
770 5766 1068 5829 Reg.,tteqtte
1088 5767 1401 5837 philosophice
1419 5766 1602 5818 tribuit.

1546 334 1635 390 DE
1674 332 1860 390 ANNA
1899 330 2131 388 SERMO
2160 331 2237 389 11.

3426 332 3533 389 6.30

1947 446 2260 502 sam—Nos
2277 457 2484 513 contra,
2503 448 2551 504 si
2572 447 2785 519 quando
2801 448 3056 503 conviciis
3072 449 3392 520 appetimur,
3410 466 3531 507 cum

1940 548 2219 610 oporteret
2240 546 2505 594 excusare
2547 550 2603 595 et
2642 540 2695 594 in
2732 540 2954 608 gratiam
2997 539 3196 609 redire,
3239 541 3536 597 excitamus

1942 629 2269 697 incendium,
2291 644 2354 685 ac
2382 632 2614 685 ferarum
2651 631 2705 686 in
2745 645 2949 686 morem
2977 630 3239 686 insilimus
3264 631 3316 686 in
3346 634 3533 688 convi-

1941 722 2189 788 ciatores,
2212 728 2584 792 praetoeantes,
2600 721 2890 786 trahentes,
2906 736 3004 790 pro
3026 721 3187 776 dictis
3213 737 3426 792 penam
3450 738 3536 779 re-

1945 823 2248 881 poscentes,
2276 822 2436 884 atque
2457 814 2538 869 his
2572 814 2701 884 ipsis
2726 813 2879 869 factis
2899 815 3256 884 suspicionem
3283 814 3350 871 de
3377 815 3537 871 nobis

1942 904 2343 960 conﬁrmamus.
2368 905 2499 960 Nam
2525 908 2569 960 si
2599 907 2749 975 cupis
2778 906 3220 976 exprobrantibus
3249 908 3535 963 ostendere

1945 1003 1996 1050 te
2025 1010 2132 1049 non
2175 1011 2297 1052 esse
2343 998 2690 1052 temulentum
2717 1039 2733 1064 ,
2777 998 3001 1054 ostende
3046 1014 3142 1068 per
3170 1001 3536 1056 mansuetudi—

1944 1105 2087 1154 nem,
2118 1090 2341 1146 ostende
2364 1105 2457 1159 per
2485 1091 2889 1156 humanitatem,
2918 1106 3023 1147 non
3064 1107 3158 1161 per
3184 1095 3537 1149 contumelias

1944 1191 1999 1237 et
2048 1183 2307 1239 convicia.
2356 1182 2487 1236 Nam
2537 1182 2581 1237 si
2633 1183 2959 1252 percusseris
2997 1196 3125 1238 eum
3158 1184 3247 1254 qui
3290 1193 3343 1239 te
3372 1184 3536 1241 afficit

1944 1274 2220 1341 conviciis,
2250 1275 2612 1329 temulentiam
2649 1284 2794 1330 tuam
2821 1276 3224 1331 condemnaturi
3254 1286 3379 1332 sunt
3421 1294 3538 1331 om-

1946 1382 2075 1431 nes;
2104 1368 2188 1421 sin
2227 1383 2420 1436 magno
2448 1367 2740 1437 pertuleris
2780 1367 2959 1421 animo
2978 1408 2994 1433 ,
3030 1368 3183 1423 factis
3212 1370 3340 1438 ipsis
3367 1369 3538 1439 depu-

1945 1456 2072 1512 leris
2102 1456 2296 1511 malam
2328 1458 2397 1512 de
2417 1468 2467 1512 te
2493 1459 2847 1527 suspicionem
2880 1478 2892 1514 :
2919 1458 2970 1512 id
3003 1459 3144 1528 quod
3174 1466 3286 1513 tum
3314 1459 3429 1514 haec
3455 1459 3537 1515 fe-

1946 1549 2020 1603 cit
2047 1550 2257 1604 mulier.
2287 1548 2420 1604 Cum
2460 1551 2600 1605 enim
2640 1549 2861 1617 diceret,
2905 1551 3259 1622 Nequaquam,
3296 1553 3542 1608 domine:

1944 1661 2004 1699 re
2047 1646 2158 1714 ipsa
2202 1645 2523 1711 declaravit,
2571 1646 2758 1700 falsam
2804 1662 2925 1701 esse
2973 1646 3115 1701 illius
3157 1647 3537 1716 suspicionem.

1947 1738 2100 1794 Unde
2128 1750 2304 1796 autem
2337 1740 2438 1794 hoe
2464 1740 2545 1794 vel
2595 1739 2851 1809 suspicari
2889 1740 3060 1809 potuit
3087 1740 3340 1795 sacerdos
3359 1741 3384 1792 Ὺ
3410 1755 3536 1794 num

1946 1830 2208 1884 ridentem
2253 1830 2417 1883 vidit?
2460 1845 2585 1883 num
2622 1829 2945 1884 saltantem?
2973 1845 3099 1883 num
3137 1830 3454 1885 titubantem
3483 1839 3540 1885 et

1946 1923 2354 1977 concidentem?
2383 1938 2507 1976 num
2543 1923 2743 1976 audivit
2784 1922 3002 1976 verbum
3051 1921 3361 1977 obscaenum
3385 1961 3399 1985 ,
3446 1930 3541 1976 aut

1949 2012 2246 2067 illiberale?
2286 2013 2435 2068 Unde
2480 2013 2638 2082 igitur
2680 2013 2924 2081 concepit
2962 2013 3098 2067 hanc
3139 2013 3539 2081 suspicionem?

1950 2102 2099 2157 llaud
2130 2104 2222 2158 ille
2251 2104 2462 2173 quidem
2495 2114 2714 2167 temere,
2748 2105 2995 2172 nullaque
3022 2102 3091 2157 de
3116 2118 3277 2157 causa
3301 2120 3316 2169 ;
3348 2103 3442 2157 scd
3467 2119 3533 2156 ex

1948 2193 2054 2247 diei
2100 2202 2339 2263 tempore
2376 2205 2535 2249 :erat
2579 2194 2721 2247 enim
2767 2194 3018 2248 meridies
3062 2209 3181 2247 cum
3233 2203 3544 2263 precaretur

1951 2283 2066 2339 illa.
2092 2283 2247 2339 Unde
2282 2284 2385 2339 hoc
2413 2285 2612 2354 liquet?
2641 2284 2717 2337 Ex
2746 2284 2810 2338 iis
2838 2299 2956 2354 quae
3001 2284 3176 2338 locum
3220 2283 3360 2338 hunc
3402 2298 3541 2354 pra:-

1948 2378 2165 2432 cedunt.
2208 2379 2461 2439 Surrexit.
2501 2380 2687 2448 inquit,
2716 2379 2884 2445 Anna,
2918 2388 3181 2448 postquam
3209 2377 3290 2432 illi
3322 2379 3543 2432 comede.

1948 2480 2064 2522 rant
2104 2480 2150 2524 et
2191 2470 2414 2524 biberant
2442 2472 2495 2524 in
2539 2470 2731 2536 Selom,
2774 2478 2819 2523 et
2869 2479 2981 2537 post
3019 2479 3190 2539 patum
3230 2472 3448 2524 constitit
3485 2472 3541 2523 in

1949 2572 2216 2630 conspectu
2253 2561 2454 2615 Domini
2483 2563 2568 2631 (1.
2592 2560 2715 2631 Reg.
2750 2563 2802 2615 1.
2825 2560 2904 2631 9).
2931 2560 3150 2615 Viden”?
3179 2560 3327 2628 Quod
3353 2577 3542 2617 omnes

1950 2650 2150 2706 faciunt
2178 2661 2383 2722 tempus
2411 2652 2774 2716 relaxatiouis,
2820 2651 2904 2705 illa
2949 2650 3075 2706 fecit
3119 2660 3329 2719 tempus
3358 2667 3540 2719 preca-

1940 2743 2111 2797 tionis
2142 2760 2156 2795 :
2191 2754 2310 2813 post
2335 2743 2638 2797 convivium
2664 2757 2951 2797 accurreus
2978 2742 3045 2796 ad
3073 2744 3537 2813 supplicationem,

1951 2834 2124 2888 fontes
2163 2835 2515 2904 lacrymarum
2565 2833 2760 2897 emisit,
2803 2843 3146 2903 mentemque
3184 2849 3294 2903 pra:
3328 2848 3390 2889 se
3427 2835 3544 2888 tulit

1950 2925 2183 2979 sobriam
2210 2940 2274 2980 ac
2311 2926 2617 2994 vigilantem
2649 2941 2661 2977 :
2695 2938 2759 2978 ac
2794 2933 2914 2993 post
2949 2925 3135 2994 epulas
3174 2923 3309 2979 adeo
3338 2924 3542 2980 intente

1951 3018 2144 3083 oravit,
2176 3027 2233 3071 ut
2259 3016 2458 3071 donum
2482 3016 2749 3085 acciperet
2778 3030 2937 3085 supra
2971 3024 3236 3081 naturam,
3281 3015 3537 3071 solveret-

1951 3123 2055 3178 que
2081 3108 2443 3173 sterilitatem,
2474 3121 2537 3162 ac
2556 3117 2760 3161 naturae
2787 3105 3203 3161 imbecillitatem
3226 3106 3539 3177 corrigeret.

1954 3200 2065 3254 lloe
2093 3200 2253 3269 igitur
2274 3214 2302 3252 a
2335 3200 2526 3254 femina
2565 3198 2699 3254 lucri
2728 3198 3040 3267 consequuti
3071 3212 3275 3265 sumus,
3315 3210 3371 3254 ut
3404 3201 3543 3255 scia-

1951 3306 2072 3347 mus
2096 3299 2152 3346 et
2175 3301 2293 3361 post
2321 3291 2627 3345 convivium
2655 3306 2831 3345 orare.
2878 3291 3129 3361 Quisquis
3154 3293 3297 3347 enim
3329 3293 3397 3348 ad
3440 3294 3542 3349 hoc

1951 3394 2279 3455 praeparatus
2308 3384 2483 3450 fuerit,
2509 3399 2797 3454 numquam
2827 3384 2877 3437 in
2907 3383 3228 3439 ebrietatem
3263 3394 3355 3439 aut
3383 3387 3538 3442 vino-

1950 3474 2168 3529 lentiam
2196 3474 2413 3539 incidet,
2445 3490 2730 3543 numquam
2758 3473 2970 3542 crapula
3001 3473 3360 3544 disrumpetur
3395 3493 3407 3529 :
3440 3478 3536 3532 sed

1951 3567 2199 3635 quoniam
2225 3564 2677 3636 exspectationem
2708 3567 3027 3635 precationis
3069 3564 3228 3619 habet
3256 3582 3351 3634 pro
3388 3566 3540 3623 freno

1951 3659 2253 3728 impositam
2292 3659 2495 3724 animo,
2537 3658 2893 3713 conveniente
2941 3673 3190 3712 mensura
3217 3659 3439 3729 attinget
3472 3676 3538 3715 ex

1948 3752 2196 3807 omnibus
2222 3768 2342 3822 qua:
2367 3751 2564 3807 fuerint
2587 3750 2850 3820 apposita,
2874 3750 3146 3819 multaque
3167 3750 3539 3808 benedictione

1952 3855 2059 3899 tum
2089 3847 2349 3912 animum,
2382 3852 2493 3900 tum
2523 3859 2719 3915 corpus
2753 3845 3012 3913 implebit.
3043 3844 3356 3901 Convivium
3392 3849 3537 3903 enim

1948 3935 2088 4005 quod
2114 3950 2145 3990 a
2191 3937 2498 4005 precatione
2538 3942 2772 4005 emptum
2820 3934 2873 3989 in
2923 3935 3280 4003 precationem
3321 3936 3539 4005 desiuit,

1948 4044 2236 4099 numquam
2283 4027 2515 4093 deficiet,
2562 4027 2657 4083 sed
2706 4026 2895 4097 quovis
2937 4025 3084 4081 fonte
3129 4027 3346 4083 uberius
3385 4029 3539 4085 nobis

1946 4120 2124 4173 omnia
2145 4117 2350 4175 adferet
2379 4118 2537 4173 bona.
2565 4117 2643 4174 Ne
2677 4118 2837 4188 igitur
2870 4126 3071 4173 tantum
3099 4118 3428 4189 negligamus
3454 4120 3538 4175 lu-

1946 4224 2117 4264 crum.
2142 4210 2446 4265 Absurdum
2470 4211 2612 4265 enim
2640 4208 2821 4273 fuerit,
2844 4214 2889 4264 si
2909 4225 3031 4265 cum
3063 4209 3242 4265 famuli
3272 4212 3462 4278 nostri,
3491 4214 3538 4269 si

1945 4303 2161 4374 quando
2200 4310 2403 4371 partem
2442 4301 2674 4372 aliquam
2715 4316 2900 4356 eorum
2939 4315 3059 4370 que
3102 4301 3256 4355 nobis
3294 4302 3537 4372 apposita

1948 4402 2073 4448 sunt
2109 4394 2433 4463 acceperint,
2468 4393 2623 4449 nobis
2659 4393 2859 4463 gratias
2900 4400 3080 4463 agant,
3109 4390 3351 4462 beneque
3382 4393 3538 4449 nobis

1948 4495 2229 4556 precantes
2258 4487 2451 4541 abeant
2493 4502 2507 4538 :
2540 4500 2659 4550 nos,
2704 4499 2823 4539 cum
2870 4492 2949 4538 tot
2992 4483 3258 4554 tantisque
3299 4484 3540 4541 fruamur

1948 4576 2124 4643 bonis,
2158 4590 2224 4630 ne
2249 4576 2352 4632 hoc
2378 4575 2590 4645 quidem
2616 4573 2837 4628 honoris
2860 4573 2969 4629 Deo
2998 4576 3382 4644 persolvamns,
3413 4576 3537 4632 licet

1949 4667 2074 4722 hinc
2102 4668 2318 4722 multam
2346 4668 2514 4721 simus
2527 4665 2863 4736 assequuturi
2881 4665 3244 4721 securitatem.
3268 4662 3371 4723 Ubi
3390 4668 3532 4724 enim

1948 4759 2185 4831 precatio
2213 4768 2267 4815 et
2296 4758 2588 4831 gratiarum
2632 4757 2793 4823 actio,
2823 4771 2890 4813 eo
2918 4758 3085 4812 sancti
3112 4757 3345 4827 Spiritus
3374 4759 3539 4816 adve-

1948 4854 2027 4909 nit
2053 4853 2243 4923 gratia,
2272 4851 2556 4922 abiguntur
2583 4848 2876 4915 dzemones,
2921 4859 2978 4906 et
3016 4850 3195 4906 omnis
3232 4850 3538 4908 adversaria

1947 4952 2187 5014 potestas
2212 4941 2422 5013 diffugit
2446 4957 2509 4997 ac
2535 4940 2782 4998 discedit.
2830 4940 2933 5008 Qui
2969 4954 3030 4997 se
3057 4955 3416 4999 conversurus
3454 4951 3542 5000 est

1943 5037 2010 5093 ad
2032 5036 2313 5099 orandum,
2342 5050 2451 5090 non
2489 5034 2645 5090 audet
2676 5034 2966 5105 quidquam
2999 5035 3231 5092 absurde
3270 5038 3431 5108 loqui,
3460 5053 3532 5093 ne

1945 5130 1998 5184 in
2024 5128 2200 5183 medio
2223 5127 2437 5197 quidem
2459 5127 2736 5183 convivio:
2757 5136 2848 5181 aut
2869 5128 2915 5182 si
2939 5127 3188 5197 loquutus
3206 5126 3383 5194 fuerit,
3406 5143 3531 5186 mox

1946 5221 2237 5290 resipiscit.
2264 5218 2497 5275 Proinde
2524 5226 2740 5288 Oportet
2779 5226 2890 5273 tum
2922 5218 2973 5272 in
3003 5217 3174 5284 initio,
3202 5226 3313 5273 tum
3342 5220 3393 5274 in
3426 5219 3533 5276 fine

1943 5311 2172 5366 convivii
2200 5314 2401 5380 gratias
2421 5325 2580 5380 agere
2608 5310 2717 5364 Deo
2745 5308 2817 5365 ob
2844 5309 2981 5364 hanc
3005 5310 3272 5380 pmcipue
3293 5325 3532 5379 causam,

1942 5402 2084 5473 quod
2110 5411 2167 5456 ut
2186 5401 2365 5457 dicere
2392 5415 2685 5470 coeperam,
2716 5398 2857 5454 haud
2898 5400 3052 5455 facile
3088 5400 3433 5471 prohibemur
3475 5402 3531 5456 in

1943 5494 2281 5557 ebrietatem,
2308 5492 2351 5546 si
2379 5506 2478 5546 nos
2506 5492 2652 5559 ipsos
2680 5491 2733 5544 in
2760 5490 2897 5545 hanc
2930 5490 3372 5547 consuetudinem
3401 5506 3534 5547 con-

1944 5582 2296 5640 stituerimus.
2319 5580 2457 5647 Quin
2496 5581 2541 5634 si
2566 5580 2779 5650 quando
2806 5581 3107 5636 surrexeris
3136 5583 3348 5653 crapula
3378 5591 3533 5652 potu-

1944 5690 2049 5744 que
2072 5684 2345 5744 gravatus,
2372 5686 2440 5726 nc
2465 5671 2542 5726 sic
2566 5670 2778 5740 quidem
2805 5670 3025 5739 abjicias
3048 5671 3487 5728 consmtudinem
3512 5687 3530 5731 :

1945 5764 2042 5821 sed
2064 5764 2308 5837 quamvis
2334 5762 2625 5825 habeamus
2646 5771 2920 5835 gravatqu
2941 5772 3117 5835 caput,
3148 5764 3394 5836 quamvis
3414 5777 3535 5823 ver-
