4064 6454
532 363 632 418 651

531 476 703 548 tigine
720 469 1174 529 circumferamur.
1193 473 1247 520 et
1267 461 1631 524 concidamus,
1655 457 1823 513 nihilo
1849 454 2022 548 secius
2043 460 2124 548 ta-

536 542 662 622 nien
687 577 918 626 oremus,
949 574 1048 613 nec
1083 557 1391 611 aboleamus
1425 547 1886 606 consuetudinem.
1913 542 2124 598 Etenim

537 657 580 712 si
611 651 932 726 praecedenti
958 650 1046 705 die
1069 649 1133 702 ad
1162 647 1304 700 hunc
1336 642 1573 698 oraveris
1600 639 1838 702 modum,
1872 632 2127 726 postridie

537 724 777 814 corriges
805 741 1037 797 dedecus
1080 737 1251 807 pridie
1293 732 1661 788 commissum.
1703 727 1926 795 Quoties
1970 724 2127 792 igitur

538 836 936 907 prandebimus,
967 830 1370 888 meminerimus
1408 826 1566 896 hujus
1593 822 1846 883 mulieris.
1891 829 1945 874 et
1986 817 2128 871 illius

538 930 916 999 lacrymarnm,
956 938 1056 978 nec
1097 937 1206 977 non
1234 918 1502 991 prteclara:
1526 916 1642 985 ejus
1669 912 1959 970 ebrietatis.
1992 908 2125 963 Nam

536 1019 682 1074 ebria
708 1027 821 1072 erat
847 1015 1060 1080 mulier,
1089 1028 1195 1067 non
1221 1027 1252 1066 e
1275 1011 1418 1074 vino,
1447 1007 1542 1062 sed
1569 1021 1634 1063 ex
1661 1003 1983 1061 abundantia
2012 1001 2124 1069 pie-

538 1111 682 1165 tatis.
715 1109 927 1164 Etenim
953 1107 998 1162 si
1038 1112 1156 1174 post
1194 1100 1470 1174 prandium
1515 1096 1636 1153 talis
1679 1095 1794 1161 fuit,
1823 1093 1995 1164 qualis
2013 1098 2130 1147 erat

538 1203 639 1256 sub
666 1190 958 1255 auroram?
982 1197 1026 1252 si
1055 1205 1161 1251 tam
1207 1195 1469 1249 instanter
1503 1187 1677 1245 oravit
1716 1196 1838 1258 post
1864 1185 2040 1240 cibum
2074 1193 2128 1238 et

541 1304 745 1364 potum,
773 1290 942 1360 qualis
964 1298 1075 1344 erat
1093 1285 1314 1356 jejuna?
2125 1276 2134 1286 ’

615 1384 669 1437 6.
721 1379 1024 1435 Redeamus
1060 1378 1218 1448 igitur
1243 1375 1423 1430 denuo
1450 1372 1518 1427 ad
1546 1370 1706 1426 verba
1753 1367 1926 1432 illius,
1967 1365 2127 1421 verba

542 1475 725 1527 multa:
755 1472 909 1541 plena
936 1467 1285 1538 philosophia:
1307 1510 1322 1531 ,
1349 1465 1620 1533 multaque
1657 1459 1846 1516 referta
1877 1473 2127 1512 mansue-

547 1562 749 1618 tudine.
789 1559 920 1614 Cum
964 1559 1105 1614 enim
1153 1557 1417 1612 dixisset:
1451 1553 1818 1623 Nequaquam,
1884 1549 2126 1614 domine,

545 1651 810 1721 subjecit:
845 1647 1034 1702 Mulier
1061 1649 1114 1700 in
1143 1646 1272 1700 duro
1300 1645 1382 1699 die
1406 1661 1516 1699 sum
1541 1659 1632 1714 ego
1651 1682 1666 1708 ,
1695 1641 1866 1694 vinum
1908 1649 1955 1692 et
1993 1638 2130 1706 quod

544 1744 758 1800 inebriat
784 1759 885 1796 non
925 1740 1026 1794 bibi
1069 1739 1146 1808 (1.
1189 1738 1314 1808 Reg.
1359 1739 1412 1792 1.
1441 1736 1554 1806 iii).
1583 1734 1817 1789 Observa
1861 1729 2130 1800 quomodo

545 1851 646 1892 nec
673 1835 758 1890 hie
795 1840 1179 1890 commemorat
1203 1830 1410 1885 aemulae
1435 1828 1673 1883 convicia
1699 1868 1714 1894 ,
1749 1841 1920 1896 neque
1950 1824 2134 1879 tradu-

545 1929 622 1982 cit
676 1927 820 1982 illius
859 1925 1152 1990 malitiam,
1207 1938 1308 1978 nec
1369 1921 1718 1978 domesticam
1774 1918 2130 1974 calamitatem

542 2024 828 2088 exaggerat
849 2014 1144 2086 evulgans?
1172 2013 1267 2069 sed
1293 2013 1549 2067 hactenus
1577 2010 1749 2080 aperit
1767 2025 1917 2064 suam
1943 2008 2129 2062 anxie-

545 2119 742 2172 tatem,
797 2117 852 2161 ut
885 2115 1089 2161 tantum
1137 2119 1258 2160 sese
1297 2103 1433 2172 apud
1475 2101 1807 2156 sacerdotem
1859 2106 2129 2168 purgaret.

553 2200 738 2253 Mulier
763 2199 815 2251 in
842 2199 971 2250 duro
995 2197 1078 2248 die
1101 2211 1191 2266 ego
1217 2210 1330 2247 sum
1360 2207 1379 2246 :
1409 2193 1578 2245 vinum
1600 2190 1899 2260 etquidquid
1920 2189 2132 2242 inebriat

548 2307 650 2345 non
677 2290 796 2355 bibi,
825 2289 912 2342 sed
947 2285 1152 2353 e/fundo
1179 2286 1404 2338 animant
1444 2300 1607 2336 meam
1629 2283 1645 2313 ⁸
1681 2298 1850 2335 coram
1890 2279 2130 2334 Domino.

547 2382 662 2438 Non
691 2382 792 2442 ait,
820 2381 1085 2450 Deprecor
1112 2375 1395 2431 Dominum
1416 2417 1430 2439 ,
1455 2374 1695 2444 supplico
1723 2372 1948 2426 Domino
1968 2411 1980 2432 .
2005 2369 2100 2424 sed
2116 2410 2130 2434 ,

548 2475 778 2543 E/ftmdo
807 2475 1031 2527 animant
1060 2488 1221 2525 meant
1250 2487 1422 2524 coram
1458 2468 1677 2522 Domino
1705 2484 1723 2520 :
1748 2466 1848 2521 hoc
1868 2474 1983 2528 est,
2025 2464 2135 2519 Mc-

548 2569 716 2638 ipsam
744 2575 906 2620 totam
933 2564 1170 2618 converti
1210 2561 1276 2615 ad
1323 2560 1639 2624 Dominum,
1685 2567 1916 2613 mentem
1959 2570 2136 2610 meam

547 2658 803 2712 evacuavi
851 2654 990 2724 apud
1037 2654 1219 2718 illum,
1262 2661 1372 2706 toto
1414 2652 1626 2715 animo,
1677 2656 1891 2718 totaque
1943 2649 2136 2702 virtute

547 2748 911 2820 precationem
970 2760 1142 2799 meam
1202 2743 1418 2811 peregi,
1480 2742 1588 2796 Deo
1653 2741 1860 2794 narravi
1912 2739 2133 2793 calami-

551 2849 712 2893 tatem
750 2852 958 2900 meam,
1011 2834 1220 2888 ostendi
1269 2835 1496 2896 vulnus;
1543 2832 1630 2887 ille
1673 2839 1846 2900 potest
1877 2830 2007 2884 dare
2046 2844 2136 2884 re~

551 2931 806 2985 medium.
851 2927 933 2982 Ne
968 2932 1056 2980 des
1096 2925 1338 2980 ancillam
1383 2925 1437 2978 in
1477 2924 1692 2995 facient,
1733 2924 1786 2974 in
1838 2922 1999 2990 ﬁliam
2051 2937 2139 2990 pe-

548 3024 796 3076 stilontem
831 3021 906 3088 (1.
957 3019 1063 3088 Reg
1128 3019 1178 3071 1.
1221 3017 1332 3085 l6).
1381 3015 1584 3070 Rursus
1612 3014 1856 3068 ancillam
1907 3013 2137 3083 appellat

551 3115 816 3180 seipsam,
871 3113 1090 3166 multam
1142 3109 1401 3165 adhibens
1436 3123 1652 3172 curam,
1695 3121 1761 3162 ne
1802 3124 1831 3160 a
1861 3107 2139 3162 sacerdote

552 3205 750 3260 malam
779 3205 971 3258 referat
996 3205 1189 3256 famam
1217 3219 1230 3255 :
1263 3215 1359 3256 nec
1384 3199 1521 3270 apud
1545 3213 1606 3255 se
1647 3198 1816 3254 dixit:
1845 3198 1980 3265 Quid
2008 3199 2138 3254 mihi

547 3313 695 3352 curae
748 3305 830 3351 est
869 3297 1020 3350 istius
1058 3295 1365 3350 calumnia?
1401 3295 1707 3363 ignoranter
1733 3309 1795 3347 ac
1825 3303 2026 3348 temere
2051 3307 2140 3347 ac-

551 3397 703 3443 cusat
721 3431 735 3452 ,
758 3387 1061 3457 suspicatur
1088 3386 1174 3440 ubi
1200 3385 1330 3439 nihil
1359 3394 1476 3441 erat
1501 3399 1803 3454 opus;mea
1815 3384 2140 3442 conscientia

553 3497 685 3551 pura
709 3490 824 3534 esto
844 3523 858 3546 ,
885 3490 940 3534 et
966 3495 1154 3534 omnes
1184 3494 1270 3534 me
1302 3478 1580 3534 traducunt
1610 3495 1622 3531 :
1665 3479 1762 3536 sed
1791 3479 2138 3547 apostolicam

554 3573 700 3626 illam
757 3571 995 3639 implevit
1017 3569 1192 3639 legem
1213 3611 1228 3634 ,
1277 3585 1396 3639 qua:
1425 3568 1666 3640 prmcipit
1685 3578 1742 3622 ut
1769 3570 2142 3637 provideamus

553 3663 696 3717 bona
723 3677 828 3716 non
857 3670 1058 3713 tantum
1083 3675 1264 3714 coram
1307 3660 1565 3724 Domino,
1617 3659 1712 3714 sed
1759 3660 1922 3714 etiam
1959 3675 2139 3715 eorum

558 3753 862 3806 hominibus
890 3750 1071 3818 (Rom.
1103 3750 1189 3805 η.
1223 3751 1333 3821 Π).
1379 3751 1552 3818 Atque
1577 3751 1723 3804 Omni
1755 3749 1916 3805 modo
1967 3751 2141 3820 suspi-

555 3844 766 3898 cionem
787 3842 1023 3912 depulit,
1049 3856 1168 3897 cum
1188 3841 1296 3908 ait,
1333 3839 1416 3894 Ne
1435 3841 1522 3896 des
1550 3843 1790 3896 ancillam
1815 3852 1956 3896 tuane
1982 3843 2037 3897 in
2057 3847 2141 3914 fa-

555 3938 703 4001 cient,
724 3937 775 3990 in
797 3938 959 4004 ﬁliam
980 3935 1307 4004 pestilentem.
1333 3933 1470 4001 Quid
1489 3943 1670 3990 autem
1700 3944 1804 4000 est,
1831 3935 1899 3989 In
1921 3937 2100 4008 facient
2117 3937 2150 3992 ρ

555 4030 636 4085 Ne
662 4045 748 4084 me
773 4028 1049 4084 existimes
1073 4027 1355 4082 el'rontem
1392 4037 1444 4082 et
1472 4027 1834 4098 hnpudentem
1863 4043 2009 4084 esse.
2029 4029 2141 4084 An-

557 4121 704 4189 goris
722 4161 736 4183 ,
767 4135 871 4174 non
894 4120 1195 4174 vinolentia:
1215 4129 1298 4174 est
1322 4119 1438 4174 lucc
1463 4120 1711 4174 audacia:
1741 4121 2010 4187 matre-is,
2035 4137 2139 4174 non

560 4209 853 4264 ebrietatis.
905 4209 1039 4274 Quid
1072 4209 1230 4278 igitur
1257 4209 1545 4264 sacerdos?
1576 4209 1871 4265 Considera
1907 4219 1964 4266 et
2003 4211 2146 4267 illius

563 4300 896 4370 prudentiam
923 4317 936 4353 :
966 4315 1074 4354 non
1115 4299 1386 4369 inquisivit
1414 4299 1625 4354 curiose
1669 4299 1735 4354 de
1763 4317 1960 4369 genere
1996 4303 2142 4358 cala-

561 4391 792 4456 mitatis,
827 4407 933 4445 non
962 4390 1202 4445 exactius
1230 4398 1496 4444 scrutatus
1535 4399 1617 4444 est
1642 4392 1858 4460 angoris
1883 4407 2099 4447 causam
2126 4410 2140 4448 :

560 4483 655 4539 sed
693 4483 819 4552 quid
846 4482 958 4537 ait?
997 4481 1136 4536 Vade
1158 4483 1209 4534 in
1252 4497 1410 4550 pace;
1457 4481 1538 4535 det
1585 4482 1675 4536 tibi
1722 4482 1972 4538 Dominus
2010 4485 2146 4540 Dens

563 4573 729 4634 Israel
754 4590 950 4628 omnem
979 4575 1297 4643 petitionem,
1338 4589 1490 4643 quam
1516 4574 1664 4634 abeo
1697 4576 1866 4645 petisti
1909 4577 1988 4645 (1.
2012 4575 2144 4648 Reg.

539 4669 618 4723 ,1.
647 4667 760 4736 1⁸1).
783 4666 968 4721 Mulier
993 4683 1061 4721 ex
1089 4676 1400 4722 accusatore
1428 4666 1552 4722 feeit
1581 4676 1882 4736 patronum.
1916 4667 2142 4724 Tantum

563 4756 761 4811 bonum
791 4767 874 4810 est
901 4757 1204 4813 humanitas
1231 4773 1293 4813 ac
1323 4758 1702 4813 mansuetudo.
1741 4758 1846 4814 Pro
1869 4769 2145 4816 contume-

558 4850 628 4904 lia
659 4850 877 4916 copioso
919 4859 1142 4918 accepto
1165 4850 1360 4904 viatico
1380 4850 1662 4916 discessit,
1712 4867 1942 4922 eumque
1989 4863 2142 4908 nacta

561 4948 645 4995 est
673 4948 1096 5008 propugnantem
1131 4950 1185 4996 et
1210 4942 1652 5006 intercessorem,
1681 4959 1841 5014 quem
1885 4944 2146 4999 habuerat
2177 4990 2192 5012 δ

559 5028 980 5099 objurgatorem.
1021 5030 1100 5085 Ac
1127 5046 1193 5085 ne
1217 5032 1295 5087 sic
1320 5033 1535 5102 quidem
1559 5033 1798 5099 destitit,
1826 5035 1920 5091 sed
1957 5051 2144 5092 rursus

560 5122 637 5176 ait
663 5138 676 5174 :
704 5119 940 5177 Inveniat
965 5121 1154 5177 uetita
1188 5133 1276 5176 tua
1312 5126 1532 5194 gratiast
1565 5125 1621 5180 in
1649 5127 1812 5180 oculis
1842 5128 1940 5182 tuis
1975 5126 2141 5197 (Ibid.

558 5228 606 5266 υ.
632 5211 722 5283 18)
743 5230 755 5265 :
785 5211 988 5274 hocest
1013 5230 1028 5267 :
1051 5211 1266 5268 Utinam
1282 5229 1313 5268 e
1340 5213 1446 5269 fine
1464 5229 1754 5286 rerumque
1773 5217 1920 5272 exitu
1943 5217 2140 5286 discas,

561 5319 649 5358 me
676 5303 812 5360 hanc
839 5305 1197 5374 precationem
1225 5305 1760 5376 obsecrationemque
1787 5308 2007 5374 fecisse,
2036 5325 2141 5364 non

558 5407 622 5446 ex
649 5394 971 5459 vinolentia,
1003 5395 1098 5450 sed
1126 5410 1193 5450 ex
1220 5410 1421 5466 angore
1447 5414 1460 5450 :
1493 5395 1564 5450 Et
1591 5413 1706 5450 cum
1731 5399 1881 5462 abiit,
1937 5399 2139 5470 inquit,

559 5498 664 5538 tum
702 5484 931 5554 amplius
953 5487 1198 5540 considit.
1223 5487 1388 5543 Vides
1437 5489 1676 5544 tnulieris
1719 5489 1915 5545 ﬁdem?
1957 5492 2142 5547 Prius-

559 5590 716 5644 quam
747 5577 1013 5648 acciperet
1041 5581 1186 5648 quod
1213 5585 1536 5652 postularat,
1568 5586 1790 5655 perinde
1809 5590 2011 5645 conlisa
2035 5599 2138 5657 est,

553 5687 650 5801 uel.
672 5685 803 5737 uilli.
822 5687 940 5751 duo,
949 5690 1074 5739 sicut
1099 5697 1152 5738 et
1171 5698 1310 5755 ηιμ,
1334 5697 1655 5758 precationem
1671 5712 1858 5764 meam;
1881 5703 2041 5756 minus
2061 5719 2142 5757 re-

1283 347 1338 402 S.
1381 341 1658 401 JOANNIS
1692 330 2166 396 CHRYSOSTOMI
2207 328 2520 386 ARCHIEP.
2563 329 3093 387 CONSTAN'HNOP.

3716 337 3834 395 65!

2236 451 2386 519 quasi
2432 451 2544 520 jam
2593 451 2908 522 accepisset.
2962 452 3018 507 lu
3047 466 3206 508 causa
3247 468 3406 514 erat.
3447 456 3593 524 quod
3645 469 3836 514 oraret

2232 540 2403 596 multo
2425 556 2547 597 cum
2572 542 2784 597 fervore
2800 581 2819 609 ,
2849 542 3122 612 multoque
3143 544 3320 598 studi-t
3353 545 3488 600 citra
3509 546 3678 602 ullam
3711 551 3832 600 lur—

2231 631 2554 686 sitationcm.
2599 632 2748 688 Hanc
2771 633 2842 688 ob
2868 647 2983 688 rem
3009 634 3138 688 abiit
3161 635 3314 704 quasi
3337 644 3506 691 totum
3533 637 3835 708 itttpcttas-

2231 730 2328 776 set.
2381 721 2518 788 Quin
2558 722 2776 792 insuper
2822 723 2960 780 Deus
3008 723 3116 792 jam
3161 734 3326 780 totam
3371 728 3702 783 anxietatem
3759 731 3837 784 illi

2231 814 2469 868 excussit
2493 830 2560 869 ex
2585 816 2764 869 animo
2783 857 2797 880 ,
2823 815 3108 886 largiturus
3131 817 3328 871 donum
3357 822 3499 887 quod
3522 821 3768 889 petebat.

2306 905 2520 961 Moralis
2551 908 2799 978 epilogus.
2827 937 2899 947 —
2951 908 3096 962 llanc
3146 908 3394 964 feminam
3444 911 3727 966 imitemur
3778 923 3836 966 et

2233 1011 2365 1065 nos,
2397 1009 2452 1055 et
2500 1000 2553 1054 in
2598 1003 2846 1058 omnibus
2883 1005 3260 1061 afﬂictionibus
3305 1007 3372 1062 ad
3411 1009 3580 1062 Deum
3628 1010 3836 1063 confu-

2230 1089 2458 1161 giamus.
2489 1091 2557 1147 Et
2581 1094 2624 1148 si
2653 1094 2808 1150 nobis
2834 1112 2939 1152 non
2978 1099 3171 1154 fuerint
3197 1100 3386 1168 liberi,
3419 1101 3487 1157 ah
3511 1102 3604 1157 illo
3631 1112 3833 1173 pustu-

2175 1249 2186 1256 .
2232 1182 2592 1256 iemus;quos
2616 1187 2662 1241 si
2705 1189 3089 1258 acceperimus,
3132 1195 3295 1247 multa
3321 1209 3450 1248 cura
3477 1194 3790 1249 educamus
3823 1213 3837 1248 :

2232 1271 2599 1330 adolescentes
2649 1292 2772 1332 eum
2826 1278 2896 1333 ab
2945 1282 3089 1334 omni
3139 1281 3264 1336 vitio
3318 1297 3661 1346 sevocemus,
3717 1296 3838 1338 tum

2235 1367 2498 1434 praecipue
2519 1382 2546 1418 a
2581 1367 2823 1433 lascivia,
2840 1370 2981 1438 quod
3011 1371 3112 1426 hoc
3136 1372 3352 1428 difﬁcile
3375 1374 3447 1429 sit
3471 1375 3696 1439 bellum,
3731 1390 3838 1431 nec

2232 1455 2332 1509 alia
2377 1471 2467 1511 res
2500 1459 2775 1513 molestior
2803 1462 2872 1514 sit
2923 1462 2996 1516 illi
3043 1464 3213 1527 mta'i,
3262 1479 3420 1533 quam
3453 1465 3538 1519 hic
3577 1466 3835 1521 morbus.

2241 1547 2483 1618 Undique
2509 1549 2669 1620 igitur
2694 1553 3157 1609 ein-umvallemus
3186 1555 3304 1610 illos
3328 1556 3568 1612 consiliis
3584 1599 3599 1619 ,
3626 1558 3838 1612 adhor-

2234 1639 2555 1707 tationibus,
2593 1644 2907 1708 terrovilms,
2937 1645 3114 1699 minis.
3144 1645 3200 1700 Si
3230 1646 3365 1702 hanc
3393 1647 3692 1703 devicerint
3736 1665 3840 1703 cu-

2237 1732 2466 1800 pidinem
2494 1775 2508 1798 ,
2546 1749 2647 1788 nec
2685 1734 2754 1787 ab
2789 1735 2908 1790 aliis
2936 1735 3091 1792 facile
3134 1739 3601 1810 expugn-vbuntur,l
3641 1743 3747 1797 sed
3780 1753 3840 1798 et

2236 1823 2476 1892 pecuniis
2501 1835 2658 1879 erunt
2694 1829 3018 1894 superiores,
3070 1838 3123 1882 et
3163 1831 3525 1886 temulentiam
3572 1834 3837 1888 vinolen-

2237 1917 2471 1984 tiamque
2525 1919 2884 1986 superabunt.
2933 1927 2988 1975 et
3037 1921 3307 1991 improbos
3353 1925 3630 1978 convictus
3672 1930 3836 1979 omni

2236 2006 2411 2060 studio
2440 2006 2727 2064 discutient
2746 2050 2760 2073 ,
2795 2018 2849 2062 et
2872 2010 3214 2066 amabiliores
3233 2021 3389 2067 erunt
3413 2015 3750 2086 parentibus,
3780 2026 3840 2072 et

2236 2098 2486 2152 omnibus
2515 2098 2822 2153 hominibus
2851 2101 3019 2169 magis
3047 2103 3352 2156 rcverendi.
3390 2103 3518 2169 Quis
3543 2106 3686 2158 enim
3717 2123 3836 2160 non

2237 2197 2542 2243 revereatur
2575 2189 2824 2258 juvenem
2855 2200 3004 2246 caste
3041 2193 3326 2263 sobrii-que
3353 2195 3658 2250 viventem?
3704 2199 3839 2267 quis

2239 2295 2342 2332 nan
2368 2279 2736 2348 amplectatur,
2769 2284 3211 2353 exosculetttrque
3234 2300 3356 2338 eum
3383 2287 3471 2356 qui
3517 2288 3833 2357 cupiditati-

2240 2370 2338 2424 bus
2361 2369 2566 2425 frenum
2599 2371 2884 2439 imposuit?
2915 2375 3033 2444 quis
3058 2391 3163 2429 non
3196 2378 3276 2430 vel
3300 2392 3333 2431 e
3361 2393 3583 2433 numero
3628 2381 3833 2448 pandi-

2238 2461 2402 2516 vitum
2445 2464 2606 2517 multa
2633 2479 2751 2518 cum
2781 2467 2948 2534 gratia
2974 2467 3116 2522 volet-
3137 2468 3211 2523 illi
3241 2469 3418 2525 locare
3448 2470 3608 2525 filiam
3636 2487 3793 2526 suam
3811 2515 3834 2540 ι

2239 2553 2446 2607 etiamsi
2477 2554 2636 2609 fuerit
2658 2557 2899 2610 omnium
2931 2559 3340 2628 pauperrimus?
3368 2562 3515 2617 Sicut
3538 2580 3568 2617 c
3611 2564 3839 2620 diremti

2242 2644 2515 2700 luxuriose
2558 2646 2857 2711 viventem,
2886 2651 3095 2704 etiamsi
3137 2651 3297 2706 fuerit
3324 2654 3561 2709 omnium
3606 2658 3833 2726 opulen-

2242 2735 2505 2800 tissimus,
2556 2752 2712 2792 nemo
2755 2748 2860 2792 tam
2910 2740 3071 2794 miser
3099 2751 3209 2804 est,
3245 2758 3402 2798 nemo
3452 2757 3558 2800 tam
3605 2747 3834 2816 ahjecta:

2239 2823 2501 2891 fortunae,
2530 2836 2587 2882 ut
2627 2827 2729 2883 sibi
2777 2845 3034 2900 generum
3079 2832 3208 2887 velit
3243 2834 3586 2891 adsciscere:
3641 2849 3838 2897 contra

2241 2915 2418 2971 nullus
2461 2917 2596 2972 adeo
2647 2919 2840 2975 stultus
2880 2931 2963 2975 est
2985 2961 3000 2985 ,
3035 2931 3092 2975 ut
3114 2923 3350 2978 sobrium
3375 2941 3438 2980 ac
3468 2928 3720 2996 pudicum
3749 2945 3837 2984 ra

2236 3006 2406 3076 jieiat,
2437 3022 2498 3062 ac
2515 3007 2776 3064 dedecore
2804 3010 3022 3067 alliciat.
3052 3012 3117 3069 Ut
3137 3014 3296 3085 igitur
3325 3017 3417 3072 filii
3447 3027 3502 3073 et
3523 3019 3843 3077 hominibus

2242 3101 2520 3157 reverendi
2550 3102 2696 3170 flant,
2720 3113 2772 3159 et
2813 3105 2922 3160 Deo
2947 3107 3224 3176 amabiles,
3256 3124 3578 3167 esurnemus
3619 3113 3842 3168 illorum

2241 3195 2469 3260 animos,
2489 3211 2716 3266 cumque
2747 3198 2996 3267 pudicitia
3022 3199 3088 3254 ad
3115 3202 3420 3272 oonjugium
3453 3203 3834 3271 perducamus.

2243 3287 2331 3343 Sic
2351 3289 2492 3343 enim
2523 3289 2628 3344 illis
2653 3289 2795 3345 velut
2814 3308 2846 3345 e
2873 3293 3014 3347 fonte
3026 3295 3551 3362 prot'enientomnia,
3581 3308 3636 3352 et
3666 3299 3841 3356 Deum

2246 3379 2474 3435 habituri
2492 3388 2616 3435 sunt
2645 3383 2952 3452 propitium,
2981 3398 3044 3439 ac
3075 3386 3352 3455 pmsentis
3381 3385 3684 3458 futurazquc
3713 3391 3840 3445 vita:

2243 3470 2410 3540 gloria
2460 3471 2845 3542 perfruentur:
2878 3490 3034 3544 quam
3085 3477 3297 3547 assequi
3351 3480 3629 3549 contingat
3681 3483 3838 3537 nobis

2244 3563 2511 3631 omnibus,
2529 3567 2695 3633 gratia
2717 3573 2771 3620 et
2795 3565 3028 3621 bonitate
3049 3567 3256 3623 Domini
3287 3571 3454 3624 nostri
3467 3571 3594 3626 Jesu
3605 3571 3828 3639 Christi,

2246 3668 2365 3709 cum
2390 3670 2497 3724 quo
2537 3655 2678 3710 Patri
2708 3657 2896 3727 gloria,
2952 3659 3144 3726 honor,
3193 3659 3494 3730 imperium,
3523 3664 3685 3719 simul
3715 3681 3840 3719 cum

2247 3755 2431 3801 saneto
2455 3747 2653 3816 Spiritu
2679 3790 2695 3816 ,
2726 3765 2865 3804 nunc
2891 3759 2948 3805 et
2991 3765 3226 3822 semper,
3259 3763 3314 3807 et
3344 3754 3396 3808 in
3446 3757 3641 3810 sarcula
3671 3773 3835 3814 saecu-

2248 3835 2444 3894 lorum.
2471 3839 2661 3893 Amen.

2858 3909 3089 3967 SERMO
3137 3913 3224 3969 Ill.

2247 3995 2328 4053 De
2357 3998 2504 4054 Anna
2523 4039 2540 4065 ,
2566 4000 2731 4070 deque
2771 4001 3026 4058 Samuelis
3065 4005 3395 4070 educatione,
3437 4017 3484 4060 et
3517 4008 3659 4077 quod
3701 4009 3843 4066 utilia

2318 4090 2381 4144 sit
2419 4090 2473 4143 in
2502 4091 2744 4160 pariendo
2771 4094 3010 4160 tarditas,
3040 4103 3088 4150 et
3113 4101 3246 4162 quod
3287 4098 3632 4168 periculosum
3673 4100 3745 4152 sit
3771 4098 3840 4152 li-

2322 4181 2462 4235 beros
2488 4181 2801 4253 negligenter
2827 4185 3034 4240 habere.

2322 4292 2373 4346 1.
2406 4291 2582 4346 Oratio
2619 4293 2781 4348 Anna:
2822 4312 2974 4364 quant
3001 4307 3150 4367 grata
3200 4296 3333 4355 Deo.
3363 4297 3628 4369 Lacrynta:
3675 4302 3845 4372 rigant

2251 4383 2477 4454 plantam
2521 4387 2782 4440 orationis.
2833 4386 2935 4441 Res
2983 4389 3274 4458 spirituales
3317 4391 3470 4444 variis
3501 4392 3842 4447 indesinenter

2252 4476 2426 4545 formis
2460 4476 2702 4529 adornari
2739 4488 2971 4548 possunt.
3017 4480 3168 4532 Anna
3209 4479 3480 4534 liberorum
3524 4482 3843 4536 educationis

2251 4567 2606 4636 tnagistra.—
2645 4567 2756 4623 Nisi
2781 4570 2967 4624 videor
3007 4570 3276 4640 aliquibus
3325 4570 3536 4626 fastidio
3589 4582 3647 4627 et
3693 4573 3840 4629 oneri

2251 4674 2392 4725 esse,
2424 4661 2547 4715 volo
2575 4661 2713 4715 idem
2761 4675 3131 4732 argumentum
3181 4678 3392 4718 rursum
3427 4664 3731 4736 attingere,
3774 4665 3840 4720 de

2249 4765 2356 4820 quo
2385 4751 2533 4805 vobis
2557 4767 2725 4822 nuper
2764 4751 2992 4808 disserui
3017 4770 3032 4807 :
3057 4767 3260 4824 vosque
3301 4754 3369 4808 ad
3423 4756 3637 4809 Annam
3675 4756 3835 4810 intro-

2251 4843 2445 4898 ducere
2492 4853 2652 4912 atque
2701 4845 2753 4899 in
2799 4855 3008 4914 pratum
3060 4847 3317 4901 virtutum
3382 4846 3530 4901 illius
3588 4847 3844 4902 inducere

2250 4949 2597 4990 sermonem:
2666 4947 2907 5004 pratum,
2967 4937 3220 5006 inquam,
3276 4952 3382 4992 non
3432 4937 3580 5008 quod
3636 4940 3846 4995 rosaria

2250 5029 2482 5095 profert,
2521 5037 2613 5081 aut
2638 5027 2800 5082 flores
2845 5028 2932 5098 qui
2977 5038 3343 5096 marcescunt,
3392 5029 3486 5086 sed
3527 5030 3676 5099 quod
3727 5044 3850 5100 pre-

2249 5117 2516 5171 cationem
2576 5131 2640 5173 ae
2693 5117 2884 5181 fidem,
2941 5133 3294 5189 magnamque
3339 5119 3701 5175 tolerantiam.
3756 5120 3844 5176 Si-

2249 5208 2464 5278 quidem
2497 5207 2612 5263 htcc
2635 5209 2816 5264 vernis
2843 5209 3064 5264 ﬂoribus
3091 5211 3246 5280 longe
3276 5219 3530 5280 praestant
3553 5210 3764 5276 odore,
3789 5219 3845 5264 ut

2249 5316 2369 5370 quae
2407 5315 2512 5356 non
2538 5315 2792 5370 aquarum
2825 5300 3091 5366 fontibus,
3123 5301 3218 5356 sed
3265 5301 3624 5372 laerymarum
3669 5303 3842 5357 imbre

2252 5391 2509 5461 rigantur.
2541 5392 2725 5462 Neque
2755 5392 2898 5447 enim
2931 5392 3151 5461 perinde
3169 5391 3407 5447 amnium
3426 5393 3601 5448 fontes
3622 5393 3844 5449 floridos

2250 5483 2479 5538 reddunt
2505 5483 2688 5538 hortos
2710 5525 2726 5551 ,
2759 5492 2816 5537 ut
2839 5483 3070 5551 plantam
3103 5483 3420 5553 precationis
3462 5483 3638 5540 fontes
3663 5483 3837 5556 lacrys

2252 5588 2458 5628 marum
2481 5575 2760 5644 irrigantes
2789 5573 2842 5626 in
2867 5588 3131 5628 summam
3157 5573 3494 5628 altitudinem
3520 5574 3798 5630 deducunt
3823 5591 3837 5630 :

2251 5665 2392 5734 quod
2420 5665 2544 5720 huic
2572 5666 2791 5734 contigit
2817 5665 3047 5719 mulieri.
3078 5663 3246 5721 Simul
3271 5666 3414 5720 enim
3429 5673 3489 5719 ut
3503 5666 3731 5737 loquuta
3746 5673 3844 5726 est,

2256 5758 2550 5815 subvolavit
2569 5759 2623 5816 in
2648 5757 2837 5815 caelum
2866 5752 2984 5828 ejus
3001 5757 3310 5830 deprecatio
3329 5798 3346 5827 ,
3376 5773 3443 5815 ac
3476 5758 3709 5816 fraetum
3741 5756 3835 5828 ipsi
