4064 6428
220 389 313 444 θσι

222 512 452 568 πτωμεν,
478 495 571 549 καὶ
593 495 764 560 οὕτως
784 494 1094 568 εὐξώμεθα,
1112 495 1206 549 καὶ
1222 494 1296 566 μή
1321 492 1661 564 διαλύσωμεν
1677 490 1774 562 τὴν

221 593 515 663 συνήθειαν.
555 592 651 644 "Av
689 589 797 662 γὰρ
823 594 886 662 τῇ
923 591 1163 662 προτέρᾳ
1204 591 1386 662 ἡμέρα
1415 589 1587 652 οὕτως
1621 587 1773 659 εὕξῃ,

219 680 281 749 τῇ
310 676 532 746 δευτέρᾳ
571 674 836 746 διορθῶσῃ
871 675 968 746 τὴν
997 676 1054 727 ἐν
1088 677 1155 746 τῇ
1196 672 1438 745 προτέρᾳ
1477 669 1775 742 γενομένην
1848 719 1854 722 .

218 771 591 843 ἀσχημοσύνην
619 769 819 841 ἡμέρα.
849 771 1016 824 Ὅταν
1057 769 1234 824 τοίνυν
1277 766 1772 840 ἀριστοποιώμεθα,

221 867 636 939 μνημονεύωμεν
659 866 862 937 ταύτης
884 867 982 934 τῆς
1005 866 1284 934 γυναικὸς,
1321 865 1415 918 καὶ
1441 863 1548 917 τῶν
1573 862 1776 932 ταύτης

216 961 472 1032 δακρύων,
511 963 605 1016 καὶ
628 962 729 1032 τῆς
756 960 926 1032 μέθης
948 965 1048 1034 τῆς
1082 963 1254 1033 καλῆς
1280 960 1503 1030 ταύτης.
1546 958 1775 1030 Ἐμέθυε

217 1055 318 1126 γὰρ
341 1056 429 1108 καὶ
461 1057 494 1125 ή
521 1056 679 1126 γυνὴ,
718 1056 818 1109 οὐκ
861 1055 970 1109 ἀπὸ
1001 1056 1169 1121 οἴνου,
1219 1055 1334 1110 ἀλλ’
1369 1056 1462 1108 ἀπ’
1493 1053 1776 1116 εὐλαϐείας

217 1152 425 1222 πολλῆς.
455 1153 518 1205 Ei
543 1151 650 1222 γάρ
679 1153 798 1222 μετ’
821 1151 1043 1223 ἄριστον
1064 1151 1287 1223 τοιαύτη
1305 1148 1395 1223 ἦν,
1422 1151 1551 1204 ποία
1577 1145 1646 1220 ἦν
1671 1147 1778 1201 ὑπὸ

217 1248 306 1318 τὴν
334 1247 434 1313 ἕως
467 1248 516 1299 εἰ
545 1247 684 1318 μετά
723 1247 785 1300 τὸ
816 1249 1010 1316 φαγεῖν
1041 1247 1136 1300 καὶ
1169 1249 1312 1300 πιεῖν
1343 1245 1515 1309 οὕτως
1544 1242 1776 1305 ἐκτενῶς

215 1342 567 1413 προσηύχετο,
596 1342 756 1397 ὁποία
783 1343 997 1412 ὑπῆρχε
1034 1343 1222 1412 νῆστις
1247 1337 1381 1396 οὖσα
1405 1359 1422 1408 ;

264 1445 335 1497 ς’.
355 1438 765 1508 Ἐπανέλθωμεν
783 1438 959 1491 τοίνυν
981 1439 1142 1492 πάλιν
1157 1440 1248 1492 ἐπὶ
1262 1440 1330 1493 τὰ
1349 1440 1567 1510 ῥήματα
1582 1435 1772 1504 αὐτῆς,

213 1523 277 1574 τὰ
309 1521 623 1589 φιλοσοφίας
661 1520 900 1590 γέμοντα
940 1522 1139 1592 πολλῆς
1184 1523 1278 1575 καὶ
1314 1521 1630 1592 πραότητος.
1677 1518 1772 1570 Εἰ-

215 1603 378 1656 ποῦσα
393 1602 522 1674 γὰρ,
545 1605 714 1671 Οὐχὶ,
747 1605 934 1670 κύριε,
953 1605 1200 1674 ἐπήγαγε
1219 1622 1231 1634 ο
1254 1603 1423 1671 Γυνὴ
1453 1605 1522 1655 ἐν
1538 1598 1778 1669 σκληρᾷ

214 1685 389 1754 ἡμέρᾳ
404 1686 520 1755 ἐγώ
545 1689 680 1755 ειμι,
700 1686 797 1739 καὶ
817 1682 985 1739 οἶνον
1003 1689 1099 1740 καὶ
1114 1685 1394 1759 μέθυσμα
1416 1688 1488 1740 οὐ
1510 1685 1774 1742 πέπωκα.

215 1770 602 1838 Παρατήρησον
636 1768 752 1829 πῶς
784 1769 904 1823 οὐδὲ
931 1770 1164 1824 ἐνταῦθα
1203 1771 1349 1840 λέγει
1381 1771 1447 1824 τά
1476 1771 1652 1839 ὀνείδη
1679 1772 1776 1834 τῆς

214 1850 508 1921 ἀντιζήλου,
553 1851 673 1904 οὐδὲ
712 1853 1056 1923 ἐκπομπεύει
1098 1854 1195 1925 τὴν
1237 1854 1500 1925 πονηρίαν
1538 1853 1774 1922 ἐκείνης,

218 1934 359 2006 [720]
389 1933 509 1988 οὐδέ
564 1934 897 2005 ἐκτραγῳδεῖ
943 1936 1039 2007 τὴν
1095 1937 1380 2009 συμφορὰν
1416 1937 1514 2007 τὴν
1547 1937 1771 1999 οἰκείαν,

214 2017 337 2070 ἀλλά
380 2016 637 2070 τοσοῦτον
691 2018 1067 2072 ἀποκαλύπτει
1109 2022 1210 2091 τὴν
1254 2021 1451 2090 ἐαυτῆς
1507 2019 1773 2090 ἀθυμίαν,

214 2100 326 2153 ὅσον
353 2099 796 2170 ἀπολογήσασθαι
825 2102 960 2170 πρὸς
985 2102 1076 2154 τὸν
1116 2102 1266 2173 ίερέα
1296 2103 1474 2172 μόνον.
1511 2101 1681 2169 Γυνὴ
1710 2102 1780 2152 ἐν

215 2181 439 2250 σκληρᾷ
466 2181 680 2250 ἡμέρᾳ,
719 2184 900 2254 φησὶν,
931 2184 1046 2254 ἐγώ
1066 2187 1181 2253 εἰμι
1202 2202 1214 2216 ο
1246 2185 1343 2238 καὶ
1371 2180 1538 2238 οἶνον
1558 2185 1656 2236 καὶ
1676 2183 1779 2252 μέ-

215 2268 402 2332 θυσμα
439 2267 514 2318 οὐ
548 2263 812 2328 πέπωκα,
852 2266 951 2319 καὶ
984 2266 1170 2336 ἐκχέω
1202 2267 1318 2334 τὴν
1343 2267 1557 2336 ψυχήν
1590 2283 1709 2335 μου
1750 2278 1776 2306 ει

215 2343 454 2398 ἐνώπιον
482 2347 728 2414 Κυρίου.
760 2347 875 2402 Οὐκ
910 2343 1083 2412 εἶπεν,
1113 2347 1359 2420 Εὕχομαι
1392 2349 1470 2419 τῷ
1495 2349 1633 2419 Θεῷ,
1663 2351 1778 2401 ἱκε-

215 2427 344 2480 τεύω
362 2427 449 2482 τὸν
474 2429 633 2492 Θεὸν,
659 2429 776 2482 ἀλλ’
801 2430 1020 2500 Ἑκχέω
1040 2431 1155 2498 τὴν
1170 2432 1382 2500 ψυχήν
1391 2449 1508 2500 μου
1523 2431 1781 2484 ἐνώπιον

217 2514 438 2582 Κυρίου’
464 2515 768 2580 τουτέστιν,
788 2516 916 2586 ὅλην
944 2516 1184 2586 ἐμαυτὴν
1210 2517 1515 2587 μετέστησα
1532 2515 1668 2586 πρὸς
1687 2515 1778 2568 τὸν

217 2595 355 2660 Θεὸν,
399 2597 497 2668 τήν
538 2597 775 2651 διάνοιάν
812 2615 910 2668 μου
959 2598 1262 2662 ἐξεκένωσα
1301 2598 1436 2668 πρὸς
1469 2598 1654 2663 αὐτὸν,
1681 2597 1780 2668 ὅλῃ

217 2677 345 2751 ψυχῇ
378 2682 468 2734 καὶ
519 2681 747 2752 δυνάμει
773 2681 871 2752 τήν
898 2683 1064 2751 εὐχήν
1101 2699 1202 2752 μου
1232 2683 1598 2754 ἐποιησάμην,
1626 2677 1778 2734 εἷπον

217 2762 286 2830 τῷ
311 2762 424 2832 Θεῷ
466 2764 576 2833 τὴν
615 2764 902 2834 συμφορὰν
936 2764 1035 2835 τὴν
1083 2765 1244 2836 ἐμὴν,
1284 2765 1459 2828 ἔδειξα
1487 2765 1548 2817 τὸ
1593 2763 1777 2826 ἐλκος·

219 2845 409 2908 ἐκεῖνος
439 2847 505 2899 τό
557 2847 846 2916 φάρμακον
884 2847 1057 2901 θεῖναι
1097 2849 1336 2904 δύναται.
1373 2849 1468 2916 Μὴ
1499 2847 1616 2915 δῷς
1665 2847 1782 2916 τὴν

220 2926 434 2997 δούλην
453 2945 580 2984 σου
605 2933 693 2996 είς
725 2931 1070 2998 πρόσωπον,
1104 2935 1189 2998 εἰς
1219 2932 1509 3002 θυγατέρα
1537 2932 1776 3002 λοιμήν.

219 3009 372 3064 Πάλιν
421 3011 623 3083 δούλην
668 3013 865 3083 ἑαυτὴν
916 3014 1098 3080 καλεῖ,
1149 3015 1243 3068 καὶ
1287 3016 1487 3085 πολλὴν
1548 3019 1779 3068 ποιεῖται

221 3093 458 3166 σπουδὴν,
493 3093 644 3147 ὥστε
679 3095 754 3166 μὴ
787 3096 1031 3166 πονηρὰν
1052 3097 1208 3161 δόξαν
1243 3097 1393 3168 παρὰ
1419 3097 1495 3167 τῷ
1527 3098 1661 3167 ίερεῖ
1685 3097 1781 3149 λα-

219 3176 342 3233 ϐεῖν.
368 3179 473 3232 Καὶ
501 3178 608 3232 οὑκ
630 3177 750 3232 είπε
779 3178 915 3249 πρὸς
934 3181 1163 3252 ἐαυτήνο
1197 3181 1262 3232 Τί
1291 3181 1347 3232 δέ
1379 3198 1467 3251 μοι
1505 3181 1656 3251 μέλει
1681 3183 1781 3251 τῆς

222 3261 394 3315 τούτου
424 3261 717 3331 διαϐολῆς;
750 3262 938 3325 ἁπλῶς
968 3264 1061 3316 καὶ
1090 3265 1212 3334 είκῆ
1252 3264 1652 3334 κατηγόρησεν,
1684 3266 1782 3316 ὐπ-

219 3342 482 3399 ὡπτευσεν
536 3345 618 3408 είς
662 3344 813 3398 οὐδὲν
849 3345 965 3398 δέον
987 3361 1002 3375 ο
1032 3346 1094 3398 τὸ
1128 3346 1365 3409 συνειδός
1412 3365 1511 3417 μου
1541 3347 1782 3418 καθαρὸν

221 3425 368 3493 ἔστω,
389 3430 479 3481 καὶ
500 3427 710 3490 πάντες
728 3444 795 3497 με
813 3427 1264 3482 διαϐαλλέτωσαν·
1290 3429 1426 3483 ἀλλά
1447 3430 1537 3482 τὸν
1558 3433 1784 3486 ἀποστο-

219 3508 356 3563 λικὸν
385 3515 599 3565 ἐκεῖνον
621 3513 860 3584 ἐπλήρου
891 3512 1076 3583 νόμον,
1101 3511 1192 3565 τὸν
1221 3511 1512 3566 κελεύοντα
1535 3516 1783 3583 προνοεῖ-

222 3596 336 3648 σθαι
349 3596 487 3650 καλά
520 3595 597 3668 μὴ
627 3596 784 3666 μόνον
803 3595 1032 3648 ἐνώπιον
1054 3595 1278 3667 Κυρίου,
1294 3595 1429 3649 ἀλλά
1447 3598 1538 3649 καὶ
1555 3596 1784 3649 ἐνώπιον

218 3677 539 3750 ἀνθρώπων.
563 3679 670 3732 Καὶ
692 3679 854 3733 παντὶ
880 3680 1065 3749 τρόπῳ
1084 3680 1180 3749 τὴν
1199 3678 1433 3747 ὑποψίαν
1450 3679 1785 3750 ἀπεκρούετο

219 3760 461 3830 λέγουσαο
498 3761 601 3828 Μὴ
628 3761 746 3827 δῷς
780 3762 894 3828 τὴν
918 3761 1152 3829 δούλην
1177 3776 1292 3815 σου
1325 3764 1412 3828 εἰς
1438 3763 1782 3830 πρόσωπον,

217 3846 296 3908 εἰς
324 3842 624 3913 θυγατέρα
654 3843 892 3911 λοιμήν.
923 3845 986 3896 Τί
1015 3843 1070 3895 δέ
1103 3847 1269 3906 ἐστιν,
1295 3845 1397 3909 Είς
1423 3845 1784 3911 πρόσωπον;

219 3925 304 3996 Μὴ
323 3927 578 3998 νομίσῃς,
606 3926 958 3995 ἀναίσχυντον
986 3922 1121 3978 εἷναί
1148 3943 1213 3995 με
1239 3927 1332 3978 καὶ
1358 3927 1578 3996 ἰταμὴν.
1627 3927 1785 3979 Ἀθν-

223 4007 362 4078 μίας,
383 4010 445 4062 οὐ
479 4009 792 4080 παροινίας,
821 4009 966 4060 ἐστὶν
996 4006 1132 4078 αὕτη
1165 4010 1198 4078 ή
1226 4009 1508 4077 παρρησία
1529 4025 1542 4039 ·
1572 4009 1782 4079 ὀδύνης.

223 4093 334 4162 οὐχὶ
365 4093 564 4164 μέθης.
593 4093 658 4145 Τί
681 4089 776 4145 οὑν
797 4093 826 4143 ό
854 4091 1062 4162 ίερεύς;
1090 4092 1232 4162 Ὅρα
1261 4091 1516 4144 κάκείνου
1540 4094 1639 4161 τὴν
1664 4094 1777 4144 σύν-

220 4193 330 4229 εσιν
346 4193 359 4205 ·
386 4179 448 4232 οὐ
480 4176 914 4248 περιειργάσατο
937 4175 1035 4246 τὴν
1061 4175 1368 4246 συμφορὰν,
1391 4174 1492 4226 οὐκ
1510 4175 1787 4246 ἠϐουλήθη

221 4255 744 4326 πολυπραγμονῆσαι
793 4255 892 4325 τὴν
931 4253 1134 4316 αἰτίαν,
1184 4253 1320 4307 ἀλλά
1367 4254 1420 4306 τί
1457 4271 1626 4323 φησι;
1673 4258 1790 4308 [Ιο-

217 4339 391 4403 ρεύου
432 4339 508 4391 ἐν
555 4335 796 4406 εἰρήνῃ·
838 4335 959 4404 δῴη
1001 4351 1100 4389 σοι
1142 4337 1362 4402 Κύριος
1409 4339 1442 4390 ὁ
1490 4337 1634 4402 Θεὸς
1684 4337 1790 4390 τοῦ

233 4417 480 4489 Ἰσραὴλ
525 4420 648 4476 πᾶν
687 4421 928 4489 αἴτημα,
963 4421 993 4473 ὃ
1033 4420 1238 4487 ᾐτήσω
1273 4421 1409 4488 παρ’
1445 4421 1650 4475 αὑτοῦ.
1690 4421 1794 4474 Τὸν

225 4509 526 4576 κατήγορον
571 4509 868 4575 συνήγορον
906 4505 1199 4574 εἰργάσατο
1253 4505 1286 4573 ἡ
1333 4505 1495 4573 γυνή.
1529 4502 1792 4556 Τοσοῦτόν

223 4589 367 4642 ἐστιν
394 4587 666 4641 ἐπιείκεια
699 4591 793 4640 καὶ
817 4588 1062 4658 πραότης
1092 4586 1273 4640 καλόν.
1298 4587 1408 4639 Καὶ
1439 4586 1560 4639 ἀντὶ
1584 4585 1793 4656 ὕϐρεως

226 4671 414 4738 ἐφόδια
451 4670 614 4724 ἰκανά
654 4669 892 4722 λαϐοὑσα
919 4669 1153 4738 ἀπῆλθε,
1183 4669 1277 4720 καὶ
1316 4668 1626 4738 προστάτην
1669 4668 1794 4737 ἔσχε

225 4756 315 4805 καὶ
355 4752 702 4824 πρεσϐευτὴν
731 4752 821 4804 τὸν
853 4753 1277 4822 ἐπιτιμήσαντα.
1318 4752 1427 4803 Καὶ
1457 4752 1578 4803 οὐδὲ
1622 4749 1794 4814 οὕτως

225 4836 544 4902 ἀφίσταται.
580 4836 715 4889 ἀλλὰ
751 4835 912 4888 πάλιν
948 4836 1112 4905 φησίν
1133 4850 1146 4865 ·
1172 4834 1350 4903 Εὔροι
1383 4835 1421 4901 η
1457 4834 1645 4901 δούλη
1679 4850 1794 4888 σου

227 4919 402 4987 χάριν
433 4922 505 4974 ἐν
531 4919 858 4989 ὀφθαλμοῖς
896 4935 1011 4973 σου
1029 4935 1043 4950 ο
1072 4917 1338 4982 τουτέστι,
1359 4917 1562 4980 Μάθοις
1591 4917 1678 4970 διά
1702 4916 1793 4970 τοὺ

224 5005 410 5065 τέλους
460 5003 649 5068 αὐτοῦ,
684 5003 777 5056 καὶ
817 5002 916 5073 τῆς
962 5002 1070 5055 τῶν
1112 4999 1454 5071 πραγμάτων
1495 5000 1793 5064 ἐκϐάσεως,

227 5085 299 5149 ὡς
343 5087 448 5140 οὐκ
506 5087 613 5140 ἀπὸ
669 5086 974 5157 παροινίας.
1012 5084 1128 5138 ἀλλ’
1179 5082 1238 5148 ἐξ
1277 5082 1470 5154 ὀδύνης
1530 5083 1798 5153 τοσαύτης

227 5169 574 5239 ἐποιησάμην
628 5168 907 5240 ἱκετηρίαν
951 5168 1045 5221 καὶ
1091 5168 1190 5237 τὴν
1216 5167 1420 5236 δέησιν.
1464 5166 1570 5220 Καὶ
1599 5165 1786 5219 άπελο

225 5254 457 5314 θοῦσα,
511 5255 696 5322 φησιν,
750 5252 949 5306 οὐκέτι
1002 5251 1362 5308 συνέπεσεν.
1413 5244 1566 5311 Εἶδες
1615 5249 1798 5301 πίστιν

225 5335 518 5401 γυναικός;
545 5337 678 5407 Πρὶν
705 5333 848 5406 λάϐῃ
868 5335 1003 5404 ὅπερ
1020 5334 1241 5404 ᾔτησεν,
1273 5331 1574 5403 ἐθάρσησεν
1602 5332 1678 5392 ὡς
1699 5330 1796 5383 λα-

227 5415 420 5471 ϐοῦσα.
466 5418 539 5470 Τὸ
569 5420 628 5472 δὲ
670 5418 862 5484 αἴτιον,
902 5417 986 5470 ὃτι
1024 5417 1164 5486 μετά
1217 5415 1420 5484 πολλῆς
1451 5413 1652 5484 ηὔξατο
1697 5413 1798 5482 τῆς

227 5499 614 5571 σφοδρότητος,
657 5501 796 5573 μετά
827 5500 1062 5568 σπουδῆς
1107 5497 1444 5568 ἀδιακρίτου.
1479 5498 1579 5549 Διά
1619 5497 1798 5559 τοῦτο,

226 5581 302 5645 ὼς
331 5583 395 5636 τὸ
422 5584 532 5635 πᾶν
553 5585 822 5656 εἰληφυῖα,
852 5582 1138 5653 κατῆλθεν.
1171 5581 1377 5644 ’Ἄλλως
1400 5581 1476 5644 δὲ,
1502 5580 1594 5634 καὶ
1613 5580 1641 5631 ὁ
1669 5577 1799 5642 Θεὸς

294 5798 319 5824 ⁸
363 5795 501 5846 Cn“).
522 5797 616 5843 duo
635 5797 716 5851 τήν
739 5793 897 5850 δέησίν
915 5811 1018 5865 μου.
1050 5793 1128 5841 Sic
1152 5790 1296 5839 Cliam
1329 5789 1444 5848 R03.

1511 379 1601 436 DE
1638 379 1827 433 ANNA
1869 377 2102 434 SERMO
2137 378 2223 437 111.

3346 377 3450 429 652

1893 489 2079 543 λοιπὸν
2099 491 2265 560 αὐτῆς
2285 489 2382 560 τὴν
2406 489 2644 560 ἀθυμίαν
2671 486 2912 554 ἐξέϐαλε,
2951 486 3158 558 μέλλων
3179 484 3377 538 διδόναι
3397 486 3456 536 τὸ

1887 584 2078 655 δῶρον.

1959 685 2177 756 Ταύτην
2203 684 2532 756 ζηλώσωμεν
2553 685 2649 739 καὶ
2675 685 2857 755 ἡμεῖς,
2889 684 2982 737 καὶ
2999 685 3057 736 ἐν
3073 683 3311 744 ἀπάσαις
3337 682 3458 743 ταῖς

1889 785 2196 853 συμφοραῖς
2239 783 2376 853 πρὸς
2422 784 2512 835 τὸν
2551 781 2683 835 Θεὸν
2728 781 3178 850 καταφεύγωμεν.
3214 778 3334 832 Κάν
3381 777 3456 849 μὴ

1886 877 2099 947 ἔχωμεν
2129 877 2338 941 παιδία,
2368 879 2499 947 παρ’
2522 877 2731 929 ἐκείνου
2757 875 3000 945 αἰτῶμεν
3018 891 3032 905 ’
3057 874 3158 927 κᾶν
3179 873 3451 944 λάϐωμεν,

1890 973 2030 1044 μετὰ
2077 973 2276 1044 πολλῆς
2312 971 2701 1045 ἀνατρέφωμεν
2740 972 2880 1026 αὐτά
2919 970 3018 1042 τῆς
3061 970 3318 1040 σπουδῆς,
3362 969 3457 1022 καὶ⁹

1885 1070 2068 1141 πάσης
2093 1071 2194 1140 ρέν
2227 1070 2426 1134 κακίας
2454 1070 2756 1140 ἀπάγωμεν
2784 1071 2907 1132 τοὺς
2939 1068 3114 1131 νέους,
3147 1066 3380 1138 μάλιστα
3401 1066 3455 1118 δὲ

1886 1167 2201 1235 ἀσελγείας·
2241 1166 2477 1236 χαλεπὸς
2507 1167 2616 1238 γὰρ
2649 1160 2804 1228 οὗτος
2837 1167 2865 1218 ό
2894 1165 3148 1234 πόλεμος,
3179 1163 3272 1216 καὶ
3301 1161 3456 1214 οὐδὲν

1885 1249 2062 1313 οὕτως
2095 1250 2302 1320 ἐνοχλεῖ
2327 1250 2426 1319 τὴν
2459 1249 2678 1320 ήλικίαν
2715 1249 2951 1318 ἐκείνην,
2983 1248 3058 1311 ὡς
3086 1247 3242 1299 τοῦτο
3271 1245 3331 1298 τὸ
3353 1245 3458 1298 πά-

1887 1333 1999 1396 θος.
2034 1332 2378 1403 Πανταχόθεν
2416 1333 2594 1386 τοίνυν
2637 1331 2834 1394 αὐτοὺς
2867 1330 3189 1400 τειχίζωμεν
3223 1327 3457 1398 συμϐου-

1885 1423 2024 1488 λαῖς,
2059 1425 2209 1497 [7‘21]
2232 1424 2609 1497 παραινέσεσι,
2627 1425 2832 1493 φόϐοις,
2847 1421 3110 1484 ἀπειλαῖς.
3144 1422 3243 1473 Ἂν
3253 1417 3456 1486 ταύτης

1885 1516 2275 1586 περιγένωνται
2302 1517 2401 1586 τῆς
2431 1514 2743 1586 ἐπιθυμίας,
2765 1513 2883 1566 οὐδὲ
2908 1513 3069 1582 ἑτέρᾳ
3086 1511 3292 1581 ταχέως
3319 1507 3458 1563 ἀλώ-

1887 1625 2089 1672 σονται,
2140 1607 2274 1662 ἀλλὰ
2309 1609 2401 1662 καὶ
2433 1607 2730 1679 χρημάτων
2769 1605 2978 1658 ἔσονται
3012 1603 3310 1674 κρείττους,
3359 1599 3455 1652 καὶ

1889 1691 2060 1762 μέθης
2085 1692 2438 1762 κρατήσουσι,
2475 1692 2569 1742 καὶ
2601 1689 2699 1752 τὰς
2733 1686 3018 1758 παροινίας
3051 1683 3266 1746 καὶτὰς
3293 1699 3458 1751 πονηο

1889 1775 1989 1842 ράς
2023 1774 2310 1835 συνουσίας
2347 1775 2498 1845 πάσῃ
2535 1772 2736 1842 σπουδῇ
2765 1769 3193 1840 διακρούσονται,
3229 1767 3322 1818 καὶ
3358 1782 3458 1816 πο-

1887 1857 2179 1927 θεινότεροι
2208 1857 2305 1927 μὲν
2335 1857 2550 1910 ἔσονται
2590 1858 2700 1918 τοῖς
2733 1853 3134 1922 γεγεννηκόσιν,
3165 1847 3455 1918 αἰδεσιμώ-

1884 1957 2032 2011 τεροι
2069 1941 2124 1992 δὲ
2155 1943 2317 1994 πᾶσιν
2343 1939 2670 2012 ἀνθρώποις.
2697 1939 2794 2001 Τίς
2829 1937 2936 2007 γὰρ
2960 1936 3060 1989 οὑκ
3083 1934 3456 2004 αἰδεσθήσεται

1887 2023 2269 2093 σωφρονοῦντα
2293 2022 2443 2085 νέον;
2475 2021 2560 2084 τίς
2589 2021 2645 2072 δὲ
2666 2020 2766 2072 οὐκ
2796 2019 3102 2070 ἀσπάσεται
3129 2016 3224 2070 καὶ
3245 2015 3458 2085 φιλήσει

1885 2108 1977 2161 τὸν
2013 2108 2385 2179 χαλινώσαντα
2412 2109 2510 2171 τὰς
2535 2107 2771 2168 ἀτόπους
2800 2105 3129 2175 ἐπιθυμίας;
3161 2105 3243 2167 τίς
3275 2103 3331 2154 δέ
3359 2101 3460 2170 οὐχ

1887 2198 2174 2268 αἱρήσεται
2203 2196 2231 2235 1³
2258 2196 2351 2248 καὶ
2377 2195 2485 2247 τῶν
2516 2194 2721 2263 σφόδρα
2744 2192 3138 2262 εὐπορωτάτων
3171 2189 3307 2260 μετά
3335 2187 3461 2241 πολ-

1885 2284 1988 2355 λῆς
2014 2284 2162 2355 αὐτῷ
2197 2284 2296 2353 τῆς
2337 2283 2558 2355 χάριτος
2605 2281 2851 2335 ἐκδοῦναι
2895 2281 2955 2334 τὸ
2994 2278 3306 2348 θυγάτριον,
3357 2276 3462 2330 κᾶν

1889 2367 2139 2422 ἁπάντων
2173 2367 2378 2429 ἐκεῖνος
2423 2365 2744 2436 πενέστερος
2783 2359 2850 2436 ᾗς
2884 2364 3093 2432 Ὥσπερ
3132 2361 3242 2430 γὰρ
3271 2362 3360 2412 τὸν
3401 2361 3458 2411 ἐν

1887 2450 2095 2520 ἀσωτίᾳ
2114 2449 2311 2513 ζῶντα,
2331 2450 2424 2502 καὶ
2449 2449 2675 2518 πόρναις
2691 2445 3047 2518 προσέχοντα,
3077 2444 3179 2497 κᾶν
3207 2445 3461 2497 ἁπάντων

1887 2534 2260 2603 εὐπορώτερος
2283 2528 2341 2602 ᾖ,
2367 2530 2542 2593 οὐδεὶς
2570 2529 2742 2591 οὕτως
2768 2528 2951 2590 ἄθλιος
2977 2528 3072 2581 καὶ
3092 2525 3458 2594 ταλαίπωρος,

1887 2617 1962 2679 ῶς
2004 2615 2228 2684 θελῆσαι
2275 2613 2540 2683 κηδεστὴν
2577 2623 2599 2651 ο
2632 2611 2816 2665 λαϐεῖν
2839 2624 2853 2639 ⁸
2884 2611 3024 2663 οὕτω
3068 2610 3160 2662 τὸν
3211 2607 3458 2676 σώφρονα

1889 2700 1983 2753 καὶ
2005 2698 2200 2768 σεμνὸν
2235 2696 2409 2758 οὐδεὶς
2446 2695 2619 2758 οὕτως
2641 2695 2888 2763 ἀνόητος,
2921 2693 2995 2756 ὡς
3017 2689 3460 2759 ἀποκρούσασθαι

1889 2785 1984 2838 καὶ
2011 2784 2297 2854 ἀτιμάσαι.
2328 2783 2425 2836 Ἷν⁹
2457 2778 2550 2836 οὑν
2589 2783 2683 2834 καὶ
2712 2781 3016 2850 ἀνθρώποις
3045 2780 3331 2849 αἰδέσιμοι,
3367 2780 3462 2831 καὶ

1889 2869 1967 2940 τῷ
1999 2868 2118 2938 Θεῷ
2143 2868 2379 2921 ποθεινοὶ
2406 2868 2456 2920 οἱ
2487 2866 2672 2930 παῖδες
2711 2866 2996 2934 γένωνται,
3025 2861 3463 2933 κατακοσμῶμεν

1893 2951 2069 3005 αὐτῶν
2091 2949 2189 3012 τὰς
2214 2949 2412 3020 ψυχὰς,
2442 2950 2536 3001 καὶ
2563 2949 2701 3018 μετά
2731 2947 3082 3020 σωφροσύνης
3111 2946 3203 2998 ἐπὶ
3215 2945 3338 3007 τοὺς
3361 2945 3462 3012 γά-

1895 3051 2027 3105 μους
2061 3033 2302 3103 ἀγωμεν.
2349 3031 2505 3085 Οὕτω
2552 3030 2659 3102 γὰρ
2711 3033 2806 3084 καὶ
2849 3031 2919 3085 τά
2969 3029 3212 3100 παρόντα
3253 3029 3460 3090 αὐτοῖς,

1889 3126 2076 3195 ῶσπερ
2099 3126 2163 3178 ἐκ
2184 3123 2394 3194 πηγῶν,
2425 3123 2642 3176 ἅπαντα
2667 3121 2807 3192 ἥξει,
2841 3122 2936 3175 καὶ
2968 3121 3060 3174 τὸν
3090 3120 3222 3173 Θεὸν
3250 3119 3463 3184 ἐξουσιν

1892 3209 2069 3270 ἵλεων,
2101 3207 2316 3277 καὶτῆς
2340 3205 2642 3276 παρούσης,
2664 3206 2758 3258 καὶ
2780 3204 2880 3273 τῆς
2910 3202 3208 3274 μελλούσης
3225 3200 3464 3255 ἀπολαύ-

1893 3308 2073 3344 σονται
2101 3289 2257 3359 δόξης
2277 3306 2292 3322 ⁸
2323 3285 2390 3360 ἦς
2419 3288 2630 3356 γένοιτο
2658 3287 2865 3349 πάντας
2884 3287 3032 3356 ἡμᾶς
3051 3287 3348 3354 ἐπιτυχεῖν,
3366 3283 3464 3353 χά-

1893 3391 2002 3444 ριτι
2025 3373 2118 3426 καὶ
2150 3370 2530 3441 φιλανθρωπίᾳ
2569 3369 2662 3422 τοῦ
2695 3370 2902 3440 Κυρίου
2930 3367 3087 3437 ἡμῶν
3125 3367 3298 3438 Ἰησοῦ
3329 3368 3463 3434 Χρι-

1894 3457 2042 3519 στοῦ,
2087 3455 2203 3526 μεθ⁹
2229 3449 2289 3508 οὑ
2317 3455 2491 3526 Πατρὶ
2507 3453 2653 3518 δόξα,
2677 3451 2828 3522 τιμὴ,
2852 3451 3070 3522 κράτος,
3104 3450 3200 3502 σύν
3222 3447 3296 3517 τῷ
3321 3446 3462 3516 ἁγίῳ

1894 3542 2188 3611 Πνεύματι,
2211 3538 2306 3592 νῦν
2332 3539 2425 3591 καὶ
2457 3539 2565 3601 ἀεὶ,
2596 3537 2690 3590 κοιλ⁸
2718 3537 2796 3600 είς
2819 3537 2941 3599 τοὺς
2969 3533 3170 3596 αἰῶνας
3197 3533 3308 3584 τῶν
3335 3528 3464 3584 αἰώ-

1893 3643 2020 3682 νων.
2067 3624 2258 3694 Ἀμήν.

2495 3745 2740 3800 υΜῐΛΙΛ
2779 3743 2853 3798 Γ’.

1895 3899 2000 3960 Εἰς
2028 3894 2142 3961 τὴν
2175 3895 2424 3955 Ἅνναν,
2457 3893 2552 3946 καί
2573 3895 2661 3956 εἰς
2696 3890 2810 3958 τὴν
2835 3887 3258 3961 τοῦγΣαμουὴλ
3279 3889 3464 3961 γαλα-

1967 3958 2350 4032 κτοτροέσίαν·
2376 3963 2470 4032 καὶ
2495 3962 2580 4014 ὅτι
2604 3962 2895 4032 χρήσιμος
2925 3960 2963 4026 ἡ
2992 3958 3123 4032 περὶ
3148 3958 3253 4032 τὸν
3282 3959 3466 4032 τόκον

1959 4026 2287 4101 βραδύέης,
2312 4033 2407 4086 καὶ
2433 4031 2521 4084 ὅτι
2541 4026 2930 4084 ἐσέὶὶιίνδὺνον
2946 4029 3044 4082 καὶ
3065 4026 3372 4097 σφαλερὸν
3401 4027 3464 4079 τὸ

1967 4103 2086 4157 τῶν
2120 4103 2348 4156 παίδων
2378 4101 2642 4171 ἀμελεῖν.

1968 4219 2036 4274 α’.
2054 4223 2116 4274 Εἰ
2150 4220 2224 4292 μὴ
2242 4219 2382 4273 δοκῶ
2405 4218 2715 4290 προσκορής
2743 4235 2884 4270 τισιν
2915 4211 3051 4268 εἶναι
3079 4215 3172 4268 καὶ
3193 4212 3467 4285 φορτικὸς,

1904 4303 2164 4374 βούλομαι
2197 4304 2294 4374 τῆς
2323 4303 2494 4373 αὐτῆς
2516 4302 2823 4363 ὑποθέσεως
2848 4297 3086 4368 ἅψασθαι
3116 4297 3300 4358 πάλιν,
3331 4296 3468 4365 ὑπὲρ

1901 4383 1969 4459 ἦς
1999 4389 2094 4440 καὶ
2119 4385 2309 4457 πρώην
2335 4387 2465 4455 ὑμῖν
2490 4384 2788 4454 διελέχθην,
2826 4382 2919 4435 καὶ
2955 4381 3090 4452 πρὸς
3126 4381 3226 4449 τὴν
3269 4380 3467 4430 ’Λνναν

1901 4471 2046 4540 ὑμᾶς
2078 4469 2512 4540 χειραγωγῆσαι,
2539 4471 2632 4522 καὶ
2662 4468 2742 4529 είς
2765 4466 2855 4518 τὸν
2884 4463 3121 4533 λειμῶνα
3142 4461 3250 4514 τῶν
3271 4477 3470 4529 κατορ-

1903 4554 2169 4624 θωμάτων
2196 4553 2292 4623 τῆς
2311 4551 2567 4620 γυναικὸς
2584 4550 2898 4617 εἰσαγαγεῖν
2913 4549 3002 4600 τὸν
3019 4546 3172 4613 λόγον
3190 4561 3205 4576 ο
3233 4545 3470 4614 λειμῶνα

1902 4637 2021 4705 οὐχὶ
2054 4635 2312 4705 ῥοδωνιὰν
2350 4633 2558 4704 ἔχοντα,
2592 4631 2712 4684 οὐδὲ
2751 4629 2886 4699 άνθη
2922 4628 3314 4699 μαραινόμενα,
3355 4627 3470 4679 ἀλλ’

1903 4719 2067 4789 εὐχὴν
2101 4719 2195 4772 καλ⁵
2223 4717 2405 4770 πίστιν
2434 4716 2527 4770 καὶ
2560 4713 2907 4780 ἀνεξικακίαν
2946 4712 3164 4783 πολλήν.
3196 4713 3336 4764 Πολύ
3362 4712 3472 4780 γάρ

1904 4801 2076 4853 ταῦτα
2117 4799 2224 4852 τῶν
2261 4799 2466 4870 ἠρινῶν
2495 4798 2698 4852 ἀνθέων
2727 4796 3059 4866 εὐωδέστερα
3114 4796 3233 4866 οὐχὶ
3269 4798 3472 4863 τπγγαῖς

1905 4885 2134 4946 ὑδάτων,
2175 4882 2288 4936 ἀλλ’
2332 4881 2556 4952 ὄμϐροις
2601 4878 2850 4950 δακρύων
2901 4878 3086 4949 ἀρδόμ·
3105 4895 3190 4930 να.
3238 4879 3312 4932 Οὑ
3365 4877 3476 4946 γὰρ

1905 4965 2048 5019 οὕτω
2069 4967 2196 5030 τούς
2223 4966 2433 5034 κήπους
2464 4965 2520 5017 αί
2544 4963 2720 5032 πηγαὶ
2747 4961 2857 5014 τῶν
2879 4961 3138 5031 ναμάτων
3163 4959 3478 5012 εὐθαλεστέ-

1908 5067 2034 5121 ρους
2062 5047 2325 5109 ποιούσιν,
2353 5046 2430 5110 ὼς
2463 5046 2523 5098 τὸ
2553 5043 2716 5113 φυτὸν
2747 5047 2846 5114 τῆς
2877 5044 3044 5113 εὐχῆς
3075 5045 3130 5096 αἱ
3161 5043 3336 5110 πηγαὶ
3366 5041 3478 5094 τῶν

1903 5131 2154 5202 δακρύων
2173 5128 2506 5194 ποτίζουσαι.
2549 5127 2684 5197 πρὸς
2714 5127 2847 5196 ὕψος
2874 5127 3058 5197 μέγιστ
3069 5142 3128 5177 ον
3156 5123 3477 5193 ἀνατρέχειν

1907 5213 2424 5288 παρασκευάζουσιν
2443 5229 2456 5244 ο
2476 5213 2611 5280 ὅπερ
2627 5207 2717 5264 οὖν
2735 5211 2829 5264 καὶ
2846 5211 2940 5262 ἐπὶ
2954 5208 3053 5278 τῆς
3074 5208 3324 5276 γυναικὸς
3343 5205 3476 5260 ταύ-

1905 5318 2005 5370 της
2021 5300 2258 5368 ἐγένετο.
2293 5296 2461 5368 Ὀμοῦ
2477 5297 2584 5366 γὰρ
2602 5293 2918 5364 ἐφθέγξατο,
2939 5293 3029 5345 καὶ
3049 5291 3184 5361 πρὸς
3196 5291 3286 5343 τὸν
3309 5290 3474 5360 οὐρα-

1905 5383 1996 5436 νὸν
2022 5382 2326 5452 ἀνέδραμεν
2365 5381 2398 5448 ὴ
2427 5379 2579 5447 εὐχὴ,
2631 5377 2726 5430 καὶ
2761 5375 2974 5445 καρπὸν
3006 5374 3234 5442 ἤνεγκεν
3266 5371 3478 5442 ῶριμον

1908 5468 2068 5537 αὐτῇ,
2093 5465 2189 5519 τὸν
2209 5466 2368 5531 ἅγιον
2391 5459 2666 5530 Σαμουήλ.
2687 5458 2778 5529 Μὴ
2807 5458 2870 5527 δὴ
2894 5457 3282 5528 δυσχεράνητε,
3301 5458 3348 5509 εἰ
3373 5455 3475 5524 τῆς

1907 5551 2077 5620 αὐτῆς
2111 5547 2421 5607 ὑποθέσεως
2460 5539 2740 5612 ἀρχόμεθα
2787 5539 2968 5595 πάλιν.
3000 5541 3075 5593 Οὐ
3113 5539 3223 5612 γὰρ
3250 5539 3318 5593 τὰ
3339 5539 3474 5592 αὐτὰ

1973 5719 1999 5755 δ
2042 5720 2160 5778 Reg.
2187 5717 2274 5764 οὐκ
2292 5717 2534 5777 ἀρήσεται.

1970 5782 1993 5813 ⁸
2019 5781 2140 5840 Reg.
2167 5778 2410 5834 κηδευτήν.
