4064 6444
547 377 658 435 653

548 497 946 569 ἐροῦμεν.υάλλ⁹
969 497 1132 569 ἕτερά
1153 515 1272 552 τινα
1301 498 1396 553 νέα
1422 500 1517 552 καὶ
1547 499 1857 570 πρόσφατα.
1887 501 1998 554 Kal
2020 499 2129 573 γὰρ

551 583 646 635 ἐπὶ
673 585 772 653 τῆς
795 583 1060 653 αἰσθητῆς
1079 581 1359 653 τραπέζης
1381 584 1440 650 ἐξ
1460 584 1578 649 ἐ-ιὺς
1605 584 1739 655 ὕψου
1763 585 1937 638 πολλά
1965 586 2032 640 ἀν
2047 602 2133 650 τις

553 665 824 736 ἐδέσματα
869 666 1321 720 κατασκευάσειε.
1370 667 1482 721 Kal
1528 667 1656 732 τούς
1701 668 2030 738 χρυσοχόους
2073 667 2133 721 δὲ

550 748 767 819 ὁρῶμεν
797 747 906 801 ἀπὸ
950 749 1081 820 μιᾶς
1111 747 1292 820 μάζης
1329 749 1556 820 χρυσίου
1588 749 1682 803 καί
1730 748 1884 822 [ηε]
1917 748 2130 819 ψέλλια,

551 830 646 883 καί
676 829 1054 902 περιδέρραια,
1083 831 1180 885 καὶ
1203 831 1367 903 ἕτερα
1393 830 1562 886 πολλά
1594 831 1883 898 ποιοῦντας
1907 833 2130 904 χρυσία.

550 912 614 964 Εἰ
644 912 752 983 γὰρ
781 912 878 966 καὶ
907 913 1246 985 μονοειδὴςή
1273 914 1396 985 ῦλη,
1431 914 1569 970 ἀλλά
1595 915 1838 970 ποικίλον
1872 918 1906 986 ἡ
1941 915 2129 987 τέχνη.

549 995 642 1049 καὶ
664 995 724 1048 οὐ
744 998 1158 1068 στενοχωρεῖται
1183 995 1262 1068 τῷ
1290 998 1610 1071 μονοτρόπῳ
1639 999 1739 1070 τῆς
1764 999 2133 1069 ὑποκειμένης

547 1079 737 1143 οὐσίας
769 1081 1096 1152 εὐπόριστος
1125 1075 1262 1136 οὖσα
1299 1082 1394 1134 καὶ
1428 1081 1833 1154 πολυμήχανος.
1873 1083 1937 1137 Εἰ
1969 1082 2027 1136 δέ
2061 1082 2133 1136 τά

548 1163 786 1218 ἐνταῦθα
811 1162 1062 1230 τοιαῦτα,
1088 1164 1269 1236 πολλῷ
1296 1165 1496 1236 μᾶλλον
1516 1167 1550 1237 ή
1574 1167 1668 1220 τοῦ
1693 1167 1833 1221 [Ινεύ
1842 1185 2012 1239 ματος
2033 1167 2134 1236 χά-

551 1266 655 1320 ρις.
699 1249 823 1304 Ὅτι
851 1249 960 1321 γὰρ
987 1249 1211 1320 ποικίλη
1240 1249 1446 1321 ταύτης
1471 1253 1505 1322 ή
1538 1251 1812 1322 τράπεζα,
1840 1253 1938 1306 xal
1968 1252 2132 1305 πολύ-ν

546 1351 772 1405 τροπος,
802 1335 897 1389 καὶ
921 1333 1227 1406 πολυειδὴς,
1247 1337 1478 1390 ἄκουσον
1493 1335 1586 1390 τοῦ
1622 1336 1837 1391 Παύλου
1858 1337 2128 1406 λέγοντοςο

548 1409 624 1487 Ὦ
655 1417 774 1486 μὲν
798 1416 897 1470 διὰ
920 1417 1027 1472 τοῦ
1050 1419 1400 1487 ιινεύματος
1416 1418 1644 1474 δίδοται
1671 1422 1856 1491 λόγος
1885 1421 2130 1491 σοφίας,

548 1499 718 1568 ἄλλῳ
741 1499 811 1554 δὲ
831 1504 1015 1570 λόγος
1043 1501 1344 1571 γνώσεως,
1374 1502 1556 1571 ἑτέρῳ
1583 1503 1654 1556 δὲ
1691 1505 1919 1570 πίστις,
1964 1503 2134 1569 ἄλλῳ

548 1581 621 1636 δὲ
639 1585 980 1654 χαρίσματα
1005 1586 1288 1655 ίαμάτων.
1308 1586 1686 1656 ἀντιλήψεις,
1715 1587 2129 1656 κυϐερνήσεις,

550 1664 694 1735 γένη
721 1666 1040 1736 γλωσσῶν.
1073 1667 1265 1724 Ταῦτα
1287 1669 1357 1724 δὲ
1380 1669 1579 1724 πάντα
1593 1671 1829 1740 ἐνεργεῖ
1851 1671 1918 1725 τὸ
1940 1669 2011 1726 ἐν
2033 1670 2133 1726 καὶ

548 1748 616 1801 τὸ
662 1749 811 1804 αὐτὸ
857 1749 1132 1820 Πνεῦμα,
1177 1752 1448 1822 διαιροῦν
1495 1755 1615 1820 ἰδίᾳ
1656 1753 1894 1819 ἑκάστῳ
1938 1755 2135 1819 καθὼς

539 1832 857 1894 βούλεται.
901 1833 1065 1905 Ὁρᾷς
1095 1835 1214 1900 πῶς
1254 1837 1509 1907 ποικίλης
1553 1838 1616 1891 Οἱ
1658 1838 1894 1908 ποταμοὶ
1922 1837 2129 1900 πολλοὶ,

546 1914 684 1969 ἀλλά
740 1915 862 1987 μία,
915 1920 1101 1989 φησὶν,
1131 1920 1166 1990 ή
1209 1921 1396 1992 πηγήο
1449 1919 1684 1992 διάφορα
1730 1919 1802 1974 τά
1833 1920 2129 1991 ἐδέσματα,

543 2000 660 2054 ἀλλ’
691 1995 772 2066 εἷς
797 2003 827 2056 ό
872 2003 1164 2076 ἑστιάτωρ.
1207 2005 1360 2058 Ἐπεὶ
1388 1999 1484 2059 οὖν
1509 2005 1747 2078 τοσαύτη
1778 2007 1812 2077 ή
1839 2005 1934 2058 τοῦ
1962 2004 2135 2059 Πνεύ-

548 2101 720 2155 ματος
756 2085 938 2157 χάρις,
992 2087 1067 2158 μὴ
1118 2088 1519 2160 ἀποκάμωμεν.
1569 2091 1800 2162 Είδομεν
1850 2089 1908 2144 δὲ
1961 2089 2134 2159 αὐτὴν

549 2171 769 2240 στεῖραν
798 2165 985 2237 οὖσαν,
1013 2171 1231 2242 εἴδομεν
1263 2171 1439 2245 αὐτὴν
1473 2175 1687 2244 μητέρα
1709 2174 2028 2244 γενομένην,
2054 2173 2134 2225 εί-

545 2250 711 2322 δομεν
743 2251 1111 2325 δακρύουσαν,
1155 2254 1370 2326 εἴδομεν
1421 2255 1753 2327 χαίρουσαν·
1796 2254 2134 2327 συνηλγήσα-

547 2351 647 2404 μεν
673 2335 814 2400 τότε,
853 2336 1213 2408 συνησθῶμεν
1252 2340 1514 2411 σήμερον.
1557 2339 1715 2393 Οὕτω
1748 2341 1841 2394 καὶ
1861 2342 1890 2394 ό
1919 2338 2134 2404 Παῦλος

543 2417 820 2482 ἐκέλευσε,
872 2421 1116 2488 Χαίρειν
1151 2421 1304 2491 μετά
1350 2423 1704 2492 χαιρόντων,
1751 2423 1850 2477 καὶ
1897 2424 2133 2478 κλαίειν

536 2502 687 2572 μετὰ
708 2504 1061 2560 κλαιόντων.
1092 2504 1264 2558 Τοῦτο
1286 2505 1344 2559 δὲ
1368 2507 1469 2559 οὐκ
1501 2507 1594 2558 ἐπὶ
1619 2506 1728 2560 τῶν
1749 2508 2134 2579 συνακμασάν-

539 2602 650 2638 των
676 2587 807 2658 ήμῖν
835 2586 1142 2658 ἀνθρώπων
1173 2588 1359 2658 μόνον,
1397 2588 1535 2642 ἀλλά
1561 2590 1656 2644 καὶ
1680 2591 1775 2644 ἐπὶ⁵
1819 2591 1929 2643 τῶν
1962 2591 2131 2646 πάλαι

539 2671 926 2741 γεγενημένων
952 2673 1125 2725 ποιεῖν
1148 2673 1278 2742 χρή.
1315 2673 1425 2727 Kal
1449 2674 1523 2743 μή
1551 2691 1641 2744 μοι
1657 2673 1865 2742 λεγέτω
1882 2691 1964 2738 τις
1984 2691 1998 2704 ·
2023 2674 2131 2730 Nal

539 2753 594 2806 τί
629 2770 719 2823 μοι
753 2753 944 2825 κέρδος
978 2754 1087 2808 ἀπὸ
1114 2758 1213 2827 τῆς
1241 2757 1441 2825 ’Λννης
1469 2755 1643 2819 ἐσται,
1677 2758 1898 2811 καὶτῶν
1928 2757 2131 2830 ταύτης

540 2834 927 2907 διηγημάτων;
958 2838 1031 2890 Αἵ
1056 2855 1117 2890 τε
1153 2838 1263 2908 γὰρ
1302 2842 1516 2909 στεῖραι
1548 2839 1873 2909 δυνήσονται
1914 2841 2126 2911 μαθεῖν,

541 2917 663 2982 πῶς
689 2918 756 2972 ἂν
785 2920 1028 2988 γένοιντο
1073 2921 1310 2994 μητέρες
1330 2937 1344 2952 ο
1377 2923 1472 2976 καὶ
1513 2924 1571 2976 αἱ
1609 2923 1850 2995 μητέρες
1887 2923 2126 2978 εἴσονται

540 3005 729 3071 πάλιν,
758 3009 910 3071 ποῖος
927 3007 1316 3081 παιδοτροφίας
1340 3011 1563 3081 ἀριστος
1585 3010 1650 3064 ἂν
1670 3011 1881 3079 γένοιτο
1901 3011 2124 3081 τρόπος.

540 3093 618 3146 Οὐ
648 3096 905 3162 γυναῖκες
935 3095 995 3149 δὲ
1022 3097 1206 3166 μόνον,
1239 3096 1376 3150 ἀλλά
1409 3097 1504 3150 καὶ
1541 3096 1733 3168 ἄνδρες
1763 3098 1996 3168 μέγιστα
2017 3098 2126 3152 ἀπὸ

542 3178 644 3247 τῆς
672 3178 914 3248 ἱστορίας
929 3178 1134 3250 ταύτης
1151 3178 1558 3250 καρπώσονται,
1582 3180 1962 3246 παιδευθέντες
1989 3183 2125 3254 ήμέ-

541 3278 655 3331 ρως
681 3262 821 3334 πρὸς
849 3261 950 3326 τάς
972 3262 1152 3316 αὐτῶν
1180 3263 1484 3317 διακεῖσθαι
1515 3267 1802 3333 γυναῖκας,
1824 3265 1927 3320 κᾶν
1962 3267 2128 3321 ἀπαι-

538 3345 657 3399 δίαν
699 3345 918 3413 νοσῶσι,
966 3345 1219 3419 καθάπερ
1256 3350 1285 3401 ὁ
1341 3346 1574 3401 Ἐλκανά
1613 3347 1750 3419 πρὸς
1778 3348 1877 3420 τὴν
1925 3351 2128 3405 Ἀνναν

537 3428 790 3484 διέκειτο.
821 3429 897 3484 οὐ
926 3429 1086 3484 τοῦτο
1113 3430 1170 3484 δὲ
1207 3432 1388 3503 μόνον,
1418 3431 1558 3485 ἀλλά
1595 3433 1688 3486 καὶ
1718 3433 1905 3504 ἕτερον
1930 3435 2125 3488 τούτου

541 3515 729 3584 μεῖζον
752 3514 1096 3586 κερδανοῦσι,
1120 3515 1386 3585 μαθόντες
1413 3516 1497 3570 ὄτι
1521 3517 1601 3569 δεῖ
1613 3518 1739 3580 τοὺς
1754 3521 1931 3588 γονεῖς
1950 3521 2128 3574 amav-

537 3613 638 3660 τας
667 3598 745 3667 τῷ
772 3597 893 3668 Θεῷ
918 3598 990 3652 τά
1017 3598 1278 3668 τεχθέντα
1306 3598 1528 3670 τρέφειν
1557 3600 1765 3654 παιδία.
1799 3602 1892 3674 Μὴ
1915 3603 2120 3668 τοίνυν,

539 3679 731 3749 ἐπειδὴ
774 3681 1033 3751 χρήματα
1078 3681 1172 3734 καὶ
1199 3681 1462 3752 ἀργύριον
1489 3685 1588 3736 οὐκ
1631 3683 1749 3738 ἐστι
1798 3685 1983 3738 λαϐεῖν
2016 3686 2126 3740 ἀπὸ

537 3761 635 3816 τοῦ
677 3761 1035 3834 διηγήματος,
1087 3765 1344 3835 ἀνόνητον
1378 3766 1512 3835 ήμῖν
1541 3761 1681 3820 εἶναι
1720 3768 1821 3840 τὴν
1861 3769 2127 3840 ἀκρόασιν

539 3847 871 3918 νομίζωμεν,
906 3845 1042 3900 ἀλλὰ
1068 3847 1136 3902 δι’
1177 3849 1311 3902 αὐτὸ
1364 3851 1462 3920 μὲν
1494 3846 1588 3904 οὖν
1627 3851 1787 3905 τοῦτο
1827 3853 2125 3924 κερδαλέαν

538 3932 636 3985 καὶ
659 3931 956 4003 ὠφέλιμον,
986 3932 1174 4004 ἐπειδὴ
1196 3934 1257 3987 οὐ
1288 3933 1512 4004 χρυσίον
1546 3936 1639 3989 καί
1674 3936 1964 4010 ἀργύριον,
1998 3938 2115 3992 ἀλλ’

537 4014 568 4067 ὃ
594 4015 772 4087 πολλῷ
807 4017 994 4086 μεῖζον
1029 4017 1236 4071 τούτων
1295 4019 1434 4082 ἐστὶ,
1475 4017 1654 4090 ψυχῆς
1685 4020 1994 4086 εὐλάϐειαν,
2031 4023 2126 4077 καί¹

537 4098 666 4160 τοὺς
694 4099 752 4152 ἐν
775 4101 887 4161 τοῖς
910 4101 1159 4171 οὐρανοῖς
1193 4102 1326 4171 ἡμῖν
1362 4102 1600 4155 δείκνυσι
1644 4103 1952 4174 θησαυροὺς
1978 4148 1992 4166 ,
2029 4108 2126 4159 καὶ

537 4177 782 4233 διδάσκει
813 4181 928 4245 πῶς
962 4181 1178 4237 ἅπαντα
1208 4184 1644 4256 διακρουσάμεθα
1675 4187 1939 4241 κίνδυνον.
1977 4186 2147 4260 Χρὴ-γ

541 4278 690 4332 ματα
709 4263 810 4334 μὲν
830 4264 939 4335 γάρ
965 4269 1266 4336 παρασχεῖν
1293 4267 1388 4319 καὶ
1403 4266 1711 4339 ἀνθρώποις
1745 4270 1927 4341 ῥᾴδιον
1945 4287 1956 4298 ο
1981 4270 2124 4340 διορ-

539 4345 711 4400 θῶσαι
756 4347 815 4400 δὲ
856 4347 1037 4417 φύσιν,
1087 4349 1179 4403 καὶ
1210 4350 1450 4420 ἀθυμίαν
1488 4351 1646 4404 λῦσαι
1695 4354 1972 4423 τοιαύτην,
2028 4357 2124 4410 καὶ

536 4429 731 4503 ὀδύνην
776 4433 985 4486 ἀνελεῖν
1013 4473 1026 4495 ,
1068 4435 1161 4486 καὶ
1210 4433 1386 4504 ψυχὴν
1419 4435 1720 4506 ἀναστῆσαι
1761 4437 2123 4492 καταπίπτειν

538 4515 856 4584 μέλλουσαν,
883 4516 1156 4589 ἀνθρώπῳ
1189 4517 1286 4588 μὲν
1317 4529 1343 4558 ι
1384 4519 1580 4582 οὐδενὶ,
1603 4519 1682 4591 τῷ
1703 4515 1760 4573 δέ
1789 4520 1890 4592 τῆς
1909 4521 2124 4591 φύσεως

533 4602 779 4673 Δεσπότῃ
815 4602 962 4673 μόνῳ
990 4601 1235 4656 δυνατόν.
1272 4602 1343 4654 Σὺ
1383 4603 1460 4669 δὲ,
1497 4605 1545 4657 εἰ
1595 4605 1695 4675 μὲν
1726 4607 1942 4678 νόσημα
1972 4607 2124 4677 avla-

533 4701 628 4739 τον
654 4685 874 4756 ἔχουσα,
907 4689 1000 4740 καὶ
1027 4687 1124 4758 τὴν
1156 4686 1309 4741 πόλιν
1350 4687 1713 4758 περιελθοῦσα
1747 4691 1999 4757 ἃπασαν,
2029 4696 2124 4746 xal

535 4768 796 4838 χρήματα
819 4767 1200 4839 δαπανήσασα,
1251 4770 1346 4824 καί
1399 4771 1604 4843 ἰατροῖς
1631 4773 1952 4844 χρησαμένη
1991 4774 2122 4828 πολ-

535 4849 670 4913 λοῖς,
711 4850 806 4903 καὶ
849 4850 1116 4922 μηδεμίαν
1166 4853 1403 4923 εὑροῦσα
1445 4855 1818 4926 παραμυθίαν,
1871 4856 2124 4928 ἐνέτυχες

533 4937 755 5006 γυναικὶ
781 4935 842 4990 τὸ
862 4936 996 4990 αὐτὸ
1017 4937 1265 5012 παθούσῃ
1291 4940 1465 5005 πάθος
1487 4942 1582 4996 καὶ
1600 4943 2000 5016 ἀπαλλαγείσῃ,
2023 4946 2124 4998 οὐκ

534 5019 604 5074 ἂν
637 5019 881 5091 ἀπέστης
910 5019 1248 5085 ἱκετεύουσα,
1276 5025 1696 5095 παρακαλοῦσα,
1715 5025 1964 5098 δεομένη.
1981 5027 2122 5081 ὥστε

533 5107 720 5159 πεῖσαι
748 5105 839 5158 τὸν
865 5103 1254 5172 ἀπαλλάξαντα
1273 5106 1444 5172 δεῖξαι
1466 5126 1480 5140 ·
1507 5110 1626 5162 νυνὶ
1648 5110 1706 5165 δὲ
1724 5111 1908 5184 ὁρῶσα
1923 5113 2123 5167 Ἀνναν

534 5187 780 5243 ἑστῶσαν
813 5189 872 5242 ἐν
909 5188 988 5259 τῷ
1013 5190 1188 5261 μέσῳ,
1215 5189 1310 5244 καὶ
1336 5191 1399 5244 τὸ
1427 5191 1600 5255 πάθος
1622 5193 1792 5264 αὐτῆς
1820 5194 2123 5265 ἐξηγουμέ-

533 5289 653 5343 νην,
683 5273 778 5325 καὶ
800 5271 863 5326 τὸ
890 5273 1184 5345 φάρμακον
1211 5273 1494 5344 λέγουσαν,
1527 5278 1622 5330 καὶ
1648 5277 1740 5331 τὸν
1764 5278 1947 5349 ἰατρὸν
1967 5277 2120 5350 [⁷25]

533 5353 884 5409 δεικνύουσαν
903 5357 1069 5427 χωρὶς
1094 5357 1394 5430 ἱκετηρίας,
1414 5362 1582 5432 χωρὶς
1618 5361 2038 5432 παρακλήσεως,
2061 5363 2122 5414 οὐ

535 5437 878 5512 προσελεύσῃ
903 5440 998 5494 καί
1022 5440 1168 5514 λήψῃ
1186 5441 1249 5495 τὺ
1273 5443 1589 5514 φάρμακον,
1626 5445 1748 5498 οὐδὲ
1784 5443 1995 5517 ἀκούσῃ
2025 5444 2124 5516 τῆς

538 5520 778 5594 ἱστορίας
812 5525 929 5593 μετ’
968 5525 1255 5596 ἀκριϐείας
1295 5527 1549 5600 ἀπάσης;
1582 5527 1688 5583 Καὶ
1731 5529 1876 5593 τίνος
1918 5529 2124 5602 δυνήσῃ

533 5606 668 5662 ποτέ
704 5609 983 5680 ἐπιτυχεῖν
1006 5609 1248 5680 ἀγαθοῦ;
1280 5611 1422 5665 Ἀλλ’
1451 5612 1629 5684 ἕτεροι
1651 5613 1752 5685 μέν
1781 5613 1876 5668 καὶ
1909 5613 2120 5684 πελάγη

597 5832 625 5860 ⁸
649 5829 785 5881 Colb.
810 5845 938 5884 unus
957 5841 1010 5883 et
1035 5835 1162 5897 Reg.
1181 5835 1439 5896 ἀνθρώπων
1460 5837 1561 5897 μέν.

1261 381 1319 438 S.
1357 379 1646 438 JOANNIS
1676 379 2127 439 CHRYSOSTON

2230 383 2535 447 lRCHIEP.
2575 388 3129 450 CONSTANTINOP.

3723 396 3834 452 σει

2236 505 2484 564 διέϐαλον
2519 511 2548 551 ι’
2584 512 2772 584 μακρά
2797 511 3080 581 πολλάκις,
3136 514 3232 569 καὶ
3285 516 3488 588 πολλὴν
3516 515 3840 589 ἀποδημίαν

2234 601 2566 667 ἐστείλαντο,
2585 606 2680 658 καὶ
2693 607 2956 678 χρήματα
2974 607 3348 680 ἐδαπάνησαν,
3391 611 3489 664 καὶ
3521 611 3689 665 πόνον
3726 615 3838 666 ὕπ-

2234 690 2477 762 έμειναν,
2497 693 2582 748 ἵνα
2613 695 2706 748 τὸν
2735 695 2827 750 ἐπὶ
2851 699 2951 768 τῆς
2982 696 3267 770 ἀλλοτρίας
3300 700 3610 771 μηνυθέντα
3643 703 3838 774 ἰατρὸν

2237 783 2411 849 ἰδωσι,
2448 786 2543 840 καὶ
2573 785 2751 841 ταῦτα
2772 787 2834 840 οὐ
2876 788 3084 862 σφόδρα
3117 787 3471 860 θαρροῦντες,
3497 793 3584 847 ὅτι
3605 794 3838 858 πάντως

2235 873 2712 946 ἀπαλλαγήσονται
2733 876 2826 931 τοῦ
2849 880 3157 950 νοσήματος
3181 897 3194 912 ·
3249 881 3312 935 σύ
3341 881 3418 948 δέ,
3450 876 3498 937 ὦ
3527 882 3692 952 γύναι
3716 925 3736 949 ,
3772 886 3836 938 οὐ

2235 961 2544 1019 διαπόντιον
2563 965 2876 1038 ἀποδημίαν
2904 967 3222 1024 στέλλεσθαι
3262 969 3553 1040 μέλλουσα,
3583 972 3714 1026 οὐδὲ
3753 975 3838 1038 εἰς

2233 1055 2335 1126 τὴν
2357 1055 2654 1130 ὑπερορίαν
2676 1059 3103 1129 μετοικίζεσθαι,
3119 1059 3241 1115 οὐδὲ
3261 1061 3423 1116 πόνον
3437 1062 3560 1116 τινὰ
3581 1064 3838 1117 τοιοῦτον

2234 1148 2554 1221 ὑπομένειν·
2590 1151 2684 1204 καὶ
2714 1151 2768 1205 τί
2819 1151 2962 1221 λέγω
2991 1153 3093 1224 τὴν
3122 1153 3454 1226 ὐπερορίαν;
3505 1155 3627 1209 οὐδὲ
3658 1157 3838 1212 αὑτὸν

2237 1241 2336 1313 μὲν
2349 1237 2443 1295 οὗν
2457 1243 2552 1297 τὸν
2563 1243 2718 1298 οὐδὸν
2733 1245 3150 1320 ἀναγκαζομένη
3166 1249 3266 1315 τῆς
3283 1249 3459 1313 οἰκίας
3492 1250 3836 1322 ὑπερϐῆναι,

2233 1330 2372 1384 ἀλλά
2392 1333 2484 1386 καὶ
2507 1335 2564 1388 ἐν
2594 1332 2746 1405 αὐτῷ
2772 1335 3046 1408 δυναμένη
3075 1336 3156 1408 τῷ
3185 1337 3411 1409 θάλαμῳ
3460 1340 3840 1408 συγγενέσθαι

2232 1422 2313 1494 τῷ
2349 1423 2540 1496 ἰατρῷ,
2563 1425 2659 1479 καί
2685 1425 2854 1498 χωρὶς
2881 1427 3102 1498 μεσίτου
3131 1427 3277 1492 τινὸς
3297 1429 3448 1500 αὐτῷ
3469 1430 3838 1503 διαλεχθῆναι

2235 1511 2366 1581 περὶ
2393 1511 2612 1567 πάντων
2632 1507 2708 1568 ὧν
2727 1513 2794 1568 ἂν
2810 1514 3006 1588 ἐθέλῃς
3027 1516 3198 1583 (Θεὸς
3213 1517 3343 1589 γάρ,
3367 1518 3550 1589 φησὶν,
3576 1518 3840 1590 ἐγγίζὶιν

2231 1599 2346 1670 ἐγώ
2370 1602 2519 1670 ειμι,
2565 1601 2666 1655 καί
2695 1602 2768 1656 οὐ
2815 1602 2961 1669 Θεὸς
3008 1604 3374 1678 πόρρωθεν),
3419 1606 3695 1678 ἀναϐάλλῃ
3739 1609 3839 1662 καὶ

2233 1693 2447 1758 ὸκνεῖςς
2485 1693 2596 1749 Kal
2630 1694 2791 1748 ποίαν
2817 1695 2961 1761 ἕξεις
2985 1696 3320 1767 ἀπολογίαν;
3363 1699 3508 1763 τίνος
3531 1700 3836 1774 ἀπολαύσῃ

2236 1781 2589 1854 συγγνώμης,
2618 1783 2746 1838 ὅταν
2769 1784 2866 1838 καὶ
2892 1783 3117 1840 εῦκολον
3135 1786 3233 1840 καὶ
3259 1787 3594 1858 πανταχόθεν
3627 1789 3838 1862 ῥᾳδίαν

2232 1868 2342 1923 τῶν
2368 1871 2735 1944 ἐπικειμένων
2761 1874 2951 1927 κακῶν
2976 1874 3302 1948 ἀπαλλαγὴν
3322 1878 3502 1949 εὑρεῖν
3521 1879 3833 1952 δυναμένη,

2236 1958 2506 2031 ρᾳθυμῇς,
2529 1960 2623 2014 καί
2649 1960 2750 2032 τὴν
2776 1963 2981 2034 σαυτῆς
3002 1963 3279 2036 σωτηρίαν
3299 1965 3595 2038 προδιδῷη
3621 1968 3701 2019 Οὐ
3717 1967 3836 2040 γάρ

2233 2050 2298 2122 δὴ
2333 2051 2495 2121 μόνον
2535 2052 2821 2123 στείρωσιν
2851 2055 2881 2107 ό
2923 2054 3108 2126 ἰατρὸς
3148 2048 3306 2120 οὗτος
3327 2098 3342 2123 ,
3399 2056 3533 2111 ἀλλά
3586 2055 3684 2112 καὶ
3716 2061 3836 2113 πᾶν

2233 2137 2412 2192 ὁτιοῦν
2443 2139 2656 2211 νόσημα
2701 2141 2796 2194 καὶ
2832 2140 3014 2213 ψυχῆς
3052 2142 3147 2197 καὶ
3186 2143 3437 2214 σώματος
3479 2145 3834 2219 θεραπεῦσαι

2233 2227 2472 2294 δύναται,
2507 2229 2738 2301 θελήσας
2765 2231 2945 2302 μόνον.
2979 2234 3089 2287 Kal
3113 2233 3177 2287 οὐ
3203 2232 3365 2288 τοῦτο
3397 2235 3556 2306 μόνον
3594 2238 3720 2291 ἐστὶ
3769 2239 3835 2292 τδ

2235 2315 2569 2386 θαυμαστὸν,
2594 2318 2676 2371 ὅτι
2701 2319 2873 2389 χωρὶς
2901 2319 3088 2383 πόνου,
3117 2321 3213 2375 καὶ
3245 2323 3574 2395 ἀποδημίας,
3609 2326 3709 2379 καὶ
3735 2327 3833 2380 δα-

2217 2404 2433 2476 .πάνης,
2462 2404 2556 2459 καί
2574 2407 2832 2477 μεσιτῶν.
2859 2407 2974 2461 ἀλλ’
2997 2409 3080 2462 ὅτι
3109 2412 3203 2464 καί
3225 2411 3394 2483 χωρὶς
3414 2413 3711 2484 ἀλγηδόνος
3729 2415 3833 2488 τὴν

2237 2496 2480 2568 ἰατρείαν
2512 2501 2764 2554 ποιεῖται.
2802 2499 2878 2553 υύ
2907 2501 3016 2572 γάρ
3047 2501 3252 2573 σιδήρῳ
3296 2505 3390 2558 καὶ
3425 2506 3561 2572 πυρὶ
3589 2507 3730 2579 πρὸς
3769 2511 3833 2562 τὸ

2233 2585 2402 2649 πάθος
2432 2585 2666 2650 ἵσταται,
2699 2585 2949 2659 καθάπερ
2966 2590 3014 2642 οἰ
3043 2588 3153 2642 τῶν
3185 2591 3386 2661 ἱατρῶν
3417 2593 3607 2657 παῖδες
3641 2597 3832 2650 ποιοῦ-

2234 2690 2347 2729 σιν’
2377 2676 2494 2729 ἀλλ’
2523 2677 2686 2747 ἀρκεῖ
2709 2675 2899 2731 νεῦσαι
2923 2677 3104 2748 μόνον,
3142 2679 3238 2734 καί
3275 2681 3426 2735 πᾶσα
3450 2682 3550 2752 μὲν
3579 2684 3826 2755 ἀθυμία,

2231 2768 2381 2820 πᾶσα
2411 2766 2469 2820 δὲ
2502 2767 2684 2840 ὀδύνη,
2716 2769 2811 2824 καὶ
2847 2769 3021 2834 πάθος
3054 2769 3200 2826 ἀπαν
3233 2771 3562 2843 δραπετεύει
3592 2777 3692 2830 καὶ
3720 2794 3828 2846 φυ-

2230 2858 2538 2928 γαδεύεται.

2300 2971 2366 3042 β’.
2396 2972 2489 3043 Μὴ
2513 2972 2693 3028 τοίνυν
2723 2973 3042 3047 ἀμελῶμεν,
3069 2975 3205 3046 μηδὲ
3228 2975 3687 3048 ἀναϐαλλώμεθα,
3718 2981 3828 3034 κᾶν

2229 3063 2461 3136 πένητες
2493 3058 2645 3136 ὦμεν
2668 3067 2762 3119 καὶ
2795 3067 2876 3130 εἱς
2921 3067 3158 3137 ἐσχάτην
3201 3070 3704 3134 καταπεπτωκότες
3735 3072 3827 3124 ἕν-

2226 3155 2395 3212 δειαν.
2431 3155 2566 3211 Οὐδὲ
2590 3157 2700 3228 γὰρ
2721 3159 2827 3229 χρή
2837 3159 2984 3229 ματά
3008 3161 3125 3212 ἐστι
3145 3160 3496 3228 καταϐαλεῖν,
3520 3163 3609 3217 ἵνα
3631 3166 3826 3218 πενίαν

2229 3250 2683 3323 προϐαλλώμεθα.
2740 3252 2815 3305 Οὐ
2871 3251 2977 3324 γάρ
3019 3252 3285 3325 ἀργύριον
3339 3249 3498 3319 οὗτος
3557 3257 3586 3309 ό
3639 3259 3824 3326 ἰατρὸς

2228 3347 2452 3400 ἀπαιτεῖ
2495 3347 2589 3400 τὸν
2640 3347 2866 3419 μισθὸν,
2921 3347 3057 3402 ἀλλά
3084 3347 3325 3419 δάκρυα,
3371 3349 3469 3402 καὶ
3500 3349 3692 3420 εὐχάς,
3727 3352 3826 3404 καὶ

2229 3437 2431 3494 πίστιν.
2495 3439 2616 3493 Κᾶν
2663 3440 2836 3494 ταῦτα
2871 3440 3010 3511 ἔχων
3044 3442 3183 3515 πρὸς
3232 3441 3395 3497 αὐτὸν
3443 3441 3640 3513 ἔλθῃς,
3675 3443 3824 3515 λήψῃ

2228 3531 2466 3598 πάντως,
2500 3533 2637 3603 ὅπερ
2686 3532 2752 3586 ἂν
2782 3534 3033 3606 αἰτήσῃς,
3081 3535 3176 3588 καὶ
3209 3534 3490 3608 ἀπελεύσῃ
3520 3536 3662 3605 μετά
3696 3536 3824 3589 πολ-

2227 3623 2327 3692 λῆς
2361 3625 2460 3694 τῆς
2487 3625 2847 3696 εὐφροσύνης.
2878 3626 2987 3679 Καὶ
3012 3624 3170 3680 τοῦτο
3207 3627 3308 3698 μὲν
3342 3627 3678 3698 πολλαχόθεν
3735 3627 3822 3692 ἐξ-

2228 3733 2346 3770 εστι
2375 3715 2588 3788 μαθεῖν,
2607 3719 2705 3789 οὐχ
2727 3719 3001 3790 ἤκισταδέ
3023 3719 3118 3774 καὶ
3143 3719 3253 3773 ἀπὸ
3282 3719 3383 3790 τῆς
3407 3721 3669 3788 γυναικὸς
3693 3720 3820 3773 ταύ-

2225 3827 2356 3881 της·
2399 3810 2461 3865 οὐ
2501 3811 2610 3881 γὰρ
2642 3812 2867 3883 χρυσίον
2916 3811 3012 3866 καὶ
3068 3811 3335 3884 ἀργύριον
3393 3812 3818 3876 καταϐαλοῦσα.

2225 3903 2340 3958 ἀλλ’
2371 3903 2537 3974 εὐχὴν
2563 3904 2659 3957 καὶ
2713 3904 2900 3958 πίστιν
2941 3904 3037 3958 καὶ
3081 3905 3311 3976 δάκρυα,
3344 3907 3482 3978 ὅπερ
3515 3907 3690 3978 ᾔτησε
3727 3908 3822 3961 λα-

2227 3991 2420 4056 ϐοῦσα,
2447 3991 2621 4056 οὕτως
2649 3992 2882 4064 ἀπῆλθε.
2913 3994 3005 4064 Μὴ
3040 3995 3221 4048 τοίνυν
3249 3995 3564 4067 νομίζωμεν
3590 3998 3821 4069 ἀκερδὲς

2225 4085 2360 4155 ἡμῖν
2392 4079 2533 4138 εἶναι
2566 4085 2628 4137 τὸ
2656 4085 2904 4158 διήγημα
2923 4103 2938 4118 ο
2970 4085 3168 4141 Ταῦτα
3193 4088 3304 4158 γὰρ
3351 4088 3582 4158 ἐγράφη
3601 4131 3617 4154 ,
3665 4091 3819 4159 φησι,

2226 4177 2378 4244 πρὸς
2401 4178 2730 4230 νουθεσίαν
2766 4177 2958 4247 ημῶν,
2991 4181 3078 4246 εὶς
3105 4179 3215 4245 οὓς
3246 4181 3319 4235 τὰ
3347 4180 3492 4249 τέλη
3538 4183 3660 4235 τῶν
3688 4183 3822 4234 aleb-

2224 4286 2349 4322 νων
2373 4267 2756 4338 κατήντησεν
2772 4287 2788 4301 ο
2821 4269 2957 4322 ἀλλά
2978 4271 3366 4343 προσέλθωμεν
3393 4274 3554 4345 αὐτῇ.
3597 4277 3693 4328 καὶ
3713 4276 3818 4346 μά-

2225 4357 2430 4428 θωμεν,
2464 4358 2580 4422 πῶς
2605 4359 2769 4431 ἐλύθη
2793 4360 2855 4414 τδ
2888 4360 3122 4432 νόσημα,
3141 4363 3236 4416 καί
3261 4364 3313 4416 τί
3339 4365 3478 4434 μετᾶ
3497 4365 3561 4417 τὺ
3589 4364 3820 4436 λυθῆναι

2226 4451 2388 4506 πάλιν
2427 4451 2676 4524 ἐποίησε,
2708 4454 2803 4507 καὶ
2845 4454 2962 4517 πῶς
2995 4456 3267 4527 ἐχρήσατο
3303 4455 3382 4528 τῷ
3413 4456 3622 4511 δοθέντι
3666 4458 3820 4534 δώρῳ

2225 4544 2378 4616 παρά
2406 4544 2499 4599 τοῦ
2527 4545 2686 4601 θεοῦ.
2743 4547 3038 4612 Ἐκάθισε,
3082 4549 3234 4619 φησὶ,
3289 4549 3387 4603 καὶ
3411 4549 3685 4617 ἐθιξλασε
3718 4553 3820 4606 τὸν

2223 4633 2529 4702 Σαμουήλ.

2297 4767 2438 4838 Ὅρα
2468 4767 2585 4831 πῶς
2637 4767 2783 4840 ἐώρα
2827 4770 2891 4822 τὸ
2922 4770 3133 4824 παιδίον
3172 4774 3347 4827 ἐκεῖνο
3384 4773 3572 4826 λοιπὸν
3601 4774 3704 4844 οὐχ
3747 4775 3817 4837 ὡς

2224 4859 2437 4912 παιδίον
2473 4861 2656 4931 μόνον,
2689 4861 2824 4915 ἀλλά
2874 4863 2966 4915 καὶ
3010 4863 3086 4926 ὡς
3121 4863 3407 4936 ἀνάθημα·
3461 4866 3558 4918 καὶ
3596 4866 3817 4919 διπλοῦν

2224 4952 2363 5023 αὐτῇ
2397 4952 2458 5006 τὸ
2487 4953 2707 5026 φίλτρον
2737 4955 2965 5024 ἐγίνετο,
3000 4957 3062 5009 τὸ
3096 4957 3195 5027 μὲν
3223 4957 3330 5010 ἀπὺ
3358 4957 3456 5027 τῆς
3489 4957 3732 5027 φύσεως,
3761 4959 3817 5011 τὸ

2223 5045 2280 5098 δὲ
2310 5047 2418 5100 ἀπὸ
2441 5046 2595 5119 [724]
2625 5047 2727 5118 τῆς
2756 5048 2998 5119 χάριτος.
3061 5050 3214 5120 Ἐμοὶ
3245 5049 3301 5102 δὲ
3331 5049 3479 5103 δοκεῖ
3521 5052 3619 5103 καὶ
3650 5051 3817 5104 αἱδεῖ-

2226 5139 2350 5192 σθαι
2383 5140 2444 5193 τὸ
2476 5140 2692 5193 παιδίον
2719 5141 2780 5194 τὸ
2807 5141 3008 5211 ἑαυτῆς
3027 5156 3040 5169 ·
3071 5141 3166 5195 καί
3189 5142 3431 5206 εἰκότως.
3459 5143 3522 5195 EE
3551 5144 3668 5213 γὰρ
3693 5145 3818 5213 φιά-

2223 5229 2322 5292 λας
2343 5230 2436 5283 καὶ
2465 5231 2700 5301 ποτήρια
2728 5233 2909 5301 χρυσᾶ
2929 5231 3212 5302 μέλλοντές
3232 5250 3375 5296 τινες
3405 5234 3726 5288 ἀνατιθέναι
3746 5233 3817 5305 τῷ

2223 5323 2362 5394 θεῷ,
2397 5323 2616 5378 ἐπειδάν
2643 5326 3156 5380 κατασκευασθέντα
3179 5326 3406 5394 λάϐωσι,
3438 5328 3536 5382 καὶ
3575 5330 3684 5398 πρὸ
3722 5329 3815 5398 τῆς

2225 5419 2436 5490 ἡμέρας
2461 5417 2774 5472 ἀποθῶνται
2816 5419 2974 5485 οἴκοι,
2999 5421 3098 5491 οὐχ
3116 5419 3192 5484 ὡς
3224 5419 3382 5474 κοινὰ
3431 5421 3620 5474 λοιπὸν
3646 5421 3814 5493 ὁρῶσι

2227 5510 2417 5582 σκεύη,
2452 5510 2568 5564 ἀλλ’
2592 5509 2669 5574 ὡς
2695 5511 3039 5582 ἀναθήματα,
3064 5514 3160 5566 καὶ
3179 5511 3303 5566 οὐδέ
3335 5512 3608 5582 τολμῶσιν
3629 5513 3814 5576 ἁπλῶς

2226 5605 2319 5658 καί
2348 5605 2470 5676 εἰκῆ
2499 5602 2704 5660 τούτων
2733 5602 2998 5675 ἅψασθαι,
3035 5603 3289 5677 καθάπερ
3328 5604 3556 5660 καὶτῶν
3588 5605 3809 5658 λοιπῶν·

2286 5832 2316 5876 δ
2338 5836 2420 5886 Sic
2439 5835 2720 5886 restitutum
2741 5848 2770 5888 e
2791 5833 2964 5886 Morel.
2987 5841 3040 5887 el
3061 5834 3210 5887 Savil.
3223 5848 3239 5896 ;
3266 5832 3436 5886 Non“.
3463 5832 3679 5884 διέλαϐον
3722 5831 3798 5881 Ε..
