4064 6438
300 410 409 470 655

320 522 565 589 prmlusit
599 521 1005 593 tempestivum,
1032 529 1276 575 sanctum
1305 518 1549 573 videlicet
1580 518 1903 573 Saumelem.

317 612 491 667 Nolite
517 611 678 682 igitur
702 611 929 665 moleste
959 608 1099 663 ferre
1119 650 1133 672 ,
1163 611 1206 662 si
1251 624 1435 663 rursus
1464 608 1603 661 idem
1629 622 1912 676 argumen-

317 712 428 756 tum
456 709 687 756 tractare
715 700 1016 770 incipimus.
1046 698 1229 768 Neque
1254 700 1395 753 enim
1425 697 1612 752 eadem
1646 697 1910 761 dicemus,

315 792 411 846 sed
431 805 564 846 nova
588 791 832 861 quardam
853 804 916 845 ac
937 791 1191 845 recentia.
1218 789 1349 843 Nam
1375 791 1427 844 in
1452 790 1696 844 convivio
1713 803 1908 858 corpo-

316 883 433 945 rali,
462 897 526 935 ex
544 881 733 937 eodem
753 882 976 936 obsonio
999 882 1161 935 multa
1184 881 1482 935 eduliorum
1512 895 1705 951 genera
1727 890 1910 951 posset

314 975 507 1043 aliquis
521 972 807 1029 conficere.
838 972 976 1041 Quin
1001 981 1057 1028 et
1082 972 1330 1028 aurifices
1358 972 1600 1027 videmus
1625 987 1690 1027 ex
1717 970 1906 1026 eadem

314 1066 430 1119 auri
476 1079 649 1119 massa
674 1074 729 1119 et
752 1063 1009 1128 armillas,
1034 1073 1090 1118 et
1138 1072 1387 1133 torques,
1436 1062 1672 1130 aliasque
1714 1062 1910 1116 multas

315 1171 403 1211 res
431 1170 622 1210 aureas
651 1155 872 1226 lingere.
901 1154 1233 1226 Quamquam
1263 1154 1405 1209 enim
1435 1154 1675 1222 ejusdem
1694 1155 1907 1223 generis

314 1256 397 1302 est
424 1247 666 1309 materia,
699 1261 786 1300 ars
809 1257 981 1299 tamen
1008 1255 1092 1300 est
1138 1244 1318 1310 varia,
1364 1259 1463 1299 nec
1510 1252 1812 1299 coarctatur
1836 1244 1907 1298 si-

313 1334 613 1390 militudine
659 1334 895 1390 materiae
922 1334 1175 1403 subjecta:
1194 1374 1208 1396 ,
1236 1332 1378 1404 quod
1405 1335 1517 1403 ipsa
1545 1334 1614 1388 sit
1641 1335 1856 1404 copiosa
1883 1374 1900 1401 ,

313 1425 553 1495 variique
601 1426 832 1481 artificii.
889 1425 1040 1493 Quod
1070 1426 1114 1481 si
1147 1441 1236 1481 res
1265 1425 1416 1480 istius
1441 1426 1563 1481 vita:
1607 1435 1733 1481 sunt
1762 1426 1905 1496 ejus-

312 1518 458 1573 modi
482 1560 495 1581 ,
529 1517 699 1572 multo
749 1532 875 1573 vero
903 1516 1073 1587 magis
1103 1516 1333 1586 Spiritus
1385 1520 1574 1586 gratia.
1600 1515 1734 1571 Nam
1761 1517 1903 1586 quod

309 1610 497 1680 gratim
518 1623 701 1664 mensa
730 1610 801 1664 sit
829 1610 969 1663 varia
987 1651 1003 1676 ,
1035 1607 1396 1676 multiformis,
1427 1617 1482 1665 et
1510 1608 1747 1678 opipara,
1774 1610 1900 1663 audi

311 1700 536 1755 Paulum
578 1698 840 1755 dicentem
890 1716 908 1754 :
946 1700 1049 1754 Alii
1099 1698 1307 1770 quidem
1338 1714 1430 1768 per
1464 1698 1716 1771 Spiritum
1752 1700 1905 1752 datur

308 1807 476 1847 sermo
502 1792 786 1861 sapientiae,
829 1792 921 1846 alii
947 1808 1061 1845 vero
1089 1806 1261 1846 sermo
1297 1793 1562 1854 scientiis,
1603 1790 1695 1843 alii
1727 1806 1903 1844 rursus

310 1886 461 1955 ﬁdes,
483 1885 574 1939 alii
604 1901 719 1940 vero
738 1885 873 1938 dona
886 1886 1236 1948 sanationum,
1255 1882 1636 1955 subveutiones,
1655 1882 1902 1952 guberna-

310 1978 494 2041 tiones,
517 1992 702 2049 genera
727 1976 1038 2047 linguarum.
1060 1974 1189 2029 ch
1215 1983 1391 2029 autem
1419 1988 1667 2043 operatur
1700 1988 1831 2026 unus
1857 1982 1903 2027 et

307 2070 443 2126 idem
478 2068 720 2139 Spiritus,
742 2067 969 2121 dividens
991 2082 1226 2123 seorsum
1255 2070 1442 2136 cuique
1467 2074 1521 2118 ut
1545 2064 1649 2118 vult
1678 2065 1751 2134 (l.
1781 2063 1898 2119 Cor.

309 2162 401 2215 12.
458 2160 636 2231 εμη).
675 2157 834 2214 Vides
882 2173 1041 2228 quam
1096 2157 1241 2210 varia
1280 2156 1391 2210 sit?
1442 2156 1637 2220 Multa,
1697 2154 1900 2225 inquit,

306 2250 528 2307 ﬂumina
548 2292 565 2319 ,
595 2249 688 2305 sed
740 2265 877 2304 unus
905 2258 987 2304 est
1018 2248 1166 2312 fons;
1197 2248 1341 2301 varia
1382 2255 1507 2301 sunt
1550 2246 1756 2310 edulia,
1807 2248 1901 2302 sed

308 2357 450 2397 unus
478 2350 560 2396 est
584 2344 913 2396 convivator.
960 2339 1101 2410 Ergo
1123 2355 1243 2394 cum
1275 2348 1383 2394 tam
1412 2354 1600 2409 magna
1624 2382 1639 2403 ,
1688 2350 1903 2409 tamque

306 2432 586 2502 multiplex
618 2433 687 2487 sit
715 2432 944 2502 Spiritus
961 2432 1241 2501 gratia,ne
1258 2430 1631 2500 defatigemur.
1662 2430 1902 2485 Vidimus

304 2540 428 2581 eam
449 2525 685 2579 sterilem
705 2566 721 2592 ,
753 2524 984 2578 vidimus
1003 2537 1119 2578 eam
1144 2522 1336 2577 factam
1374 2531 1599 2577 matrem
1635 2539 1648 2575 :
1676 2521 1901 2576 vidimus

305 2617 727 2688 lacrymantem,
765 2614 993 2671 vidimus
1028 2614 1385 2685 gaudentem;
1419 2623 1530 2669 tum
1575 2614 1733 2668 simul
1779 2628 1900 2668 cum

307 2709 402 2764 illa
432 2708 756 2762 iudoluimus
792 2725 805 2762 :
835 2707 992 2762 simul
1025 2722 1145 2762 cum
1175 2707 1262 2763 illa
1291 2706 1486 2778 gaudio
1525 2706 1825 2761 efficiamur
1848 2715 1902 2760 et

306 2801 489 2855 hodie.
519 2800 610 2857 Sic
635 2811 689 2856 et
718 2800 911 2856 Paulus
934 2800 1105 2869 jubet,
1135 2800 1369 2855 Gaudere
1404 2818 1517 2854 cum
1543 2801 1898 2871 gaudentibus,

305 2893 433 2962 ﬂere
450 2876 563 2945 cum
584 2892 818 2962 ﬂentibus
860 2892 1043 2962 (Rom.
1068 2891 1157 2946 12.
1191 2892 1303 2960 15).
1339 2891 1391 2945 Id
1426 2906 1551 2946 vero
1600 2890 1901 2946 faciendum

308 2992 397 3040 est
423 3000 525 3039 non
549 2985 725 3039 solum
760 2999 921 3053 super
948 2984 1012 3039 iis
1033 2985 1123 3053 qui
1152 2983 1431 3038 nobiscum
1456 2984 1638 3037 vivunt
1662 3024 1677 3048 ,
1724 2982 1816 3036 sed
1849 2991 1902 3037 et

303 3092 469 3148 super
491 3077 554 3132 iis
578 3077 667 3146 qui
689 3076 816 3131 olim
840 3076 947 3130 nati
980 3075 1198 3130 fuerint.
1233 3076 1307 3130 Ac
1337 3090 1405 3129 ne
1432 3075 1550 3143 quis
1577 3074 1707 3128 mihi
1736 3073 1897 3138 dicat,

303 3169 434 3237 quid
463 3165 665 3221 fructus
692 3164 899 3235 capiam
923 3166 991 3220 ab
1021 3168 1173 3219 Anna
1197 3207 1211 3232 ,
1244 3173 1295 3218 et
1327 3164 1394 3218 ab
1412 3165 1550 3219 illius
1571 3179 1898 3219 commemo-

303 3258 552 3314 ratione?
577 3257 710 3313 Nam
735 3266 789 3312 et
830 3257 976 3313 orba:
1015 3256 1140 3311 hinc
1184 3263 1434 3326 poterunt
1474 3255 1682 3309 discere
1708 3296 1721 3319 ,
1769 3269 1900 3323 quo-

304 3348 470 3403 modo
498 3348 699 3417 possint
726 3346 839 3401 fieri
864 3357 1061 3401 matres
1092 3364 1104 3399 :
1130 3362 1314 3400 rursus
1338 3356 1539 3400 matres
1566 3346 1760 3410 scient,
1782 3360 1901 3415 qua:

301 3443 377 3495 sit
405 3442 602 3510 optima
633 3440 769 3495 ratio
811 3439 1010 3494 liberos
1036 3438 1317 3493 educandi.
1366 3437 1474 3492 Nec
1518 3436 1730 3491 feminae
1777 3446 1899 3490 tan-
1932 3433 1947 3448 '

304 3544 461 3601 tum,
488 3534 583 3589 sed
610 3541 666 3588 et
694 3532 793 3586 viri
838 3532 1123 3603 plurimum
1173 3534 1241 3586 ab
1294 3530 1393 3585 hac
1432 3530 1653 3585 historia
1698 3530 1901 3584 fructus

302 3622 583 3689 auferent,
628 3623 674 3678 si
719 3622 841 3678 hinc
890 3622 1177 3678 didicerint
1247 3620 1456 3692 placido
1509 3621 1728 3691 mitique
1776 3635 1898 3689 erga

304 3730 508 3770 uxores
536 3728 658 3770 esse
678 3714 857 3769 animo
879 3753 895 3780 ,
924 3712 1132 3767 etiamsi
1159 3713 1453 3767 sterilitatis
1479 3713 1607 3766 vitio
1637 3711 1897 3776 laborent,

303 3816 369 3861 ut
395 3806 590 3861 Eleana
609 3821 735 3877 erga
766 3809 978 3861 Annam
1007 3805 1106 3860 fuit
1131 3804 1372 3859 affectus.
1395 3804 1505 3859 Nec
1532 3819 1660 3859 vero
1684 3804 1784 3857 hoc
1813 3817 1900 3856 so-

304 3897 457 3961 lum,
486 3897 581 3953 sed
618 3906 673 3952 et
699 3897 842 3952 aliud
885 3911 952 3952 eo
996 3897 1169 3966 majus
1194 3897 1562 3961 lucrifacient,
1601 3911 1724 3949 cum
1765 3894 1902 3948 didi-

303 3988 482 4043 cerint
506 3997 684 4058 patres
710 4003 896 4043 omnes
918 3997 1169 4058 Oportet-e
1195 3988 1409 4050 liberos,
1429 3987 1519 4056 qui
1544 3987 1653 4040 nati
1683 3985 1895 4051 fuerint,

303 4080 541 4135 educare
565 4081 693 4135 Deo.
716 4080 794 4135 Ne
814 4081 973 4149 igitur
993 4079 1244 4150 quoniam
1266 4078 1518 4149 pecunias
1547 4086 1600 4131 et
1624 4086 1901 4146 argentum

302 4172 555 4239 accipere
600 4187 664 4226 ex
723 4172 824 4225 hac
863 4171 1166 4225 narratione
1206 4186 1311 4224 non
1352 4169 1505 4234 licet,
1537 4169 1901 4224 existimemus

306 4276 615 4316 sermonem
646 4261 798 4316 nobis
828 4260 1197 4330 iufrugiferum
1236 4275 1395 4315 esse:
1429 4259 1521 4315 sed
1562 4259 1630 4313 ob
1671 4258 1899 4328 tdipsum

307 4352 632 4408 arbitremur
664 4353 932 4407 lucrosum
953 4361 1006 4406 et
1027 4354 1209 4407 utilem
1230 4394 1245 4419 ,
1278 4352 1419 4422 quod
1454 4368 1559 4405 non
1582 4368 1771 4407 aurum
1811 4367 1900 4407 ar-

306 4456 616 4515 gentumve,
648 4445 741 4501 sed
770 4446 911 4515 quod
952 4446 1015 4500 iis
1043 4446 1199 4515 longe
1224 4446 1394 4511 majus
1421 4454 1523 4508 est,
1547 4445 1708 4497 animi
1736 4444 1901 4513 pieta-

311 4548 446 4600 tem,
494 4537 844 4607 caelestesque
874 4535 1153 4591 thesauros
1199 4535 1352 4590 nobis
1401 4535 1663 4599 ostendit,
1696 4536 1894 4591 docens

308 4643 421 4698 quo
466 4637 621 4697 pacto
668 4628 967 4697 periculum
1028 4643 1189 4682 omne
1234 4628 1583 4697 depellamus.
1633 4626 1903 4696 Siquidem

310 4718 493 4787 largiri
543 4719 827 4786 pecuniam
858 4717 1160 4772 hominibus
1188 4719 1239 4773 iu
1293 4719 1514 4787 proclivi
1545 4726 1627 4773 cst
1657 4736 1670 4772 :
1702 4726 1757 4772 at
1783 4733 1905 4772 cor-

310 4812 489 4879 rigere
528 4818 801 4875 naturam,
832 4824 895 4863 ac
921 4810 1080 4863 talem
1110 4824 1396 4864 maerorem
1421 4818 1677 4864 excutere
1697 4852 1712 4876 ,
1744 4810 1905 4865 talem

310 4902 477 4956 animi
501 4902 793 4956 cruciatum
823 4900 1034 4965 tollere,
1055 4901 1285 4953 animam
1308 4901 1523 4968 jamjam
1550 4901 1903 4970 collapsuram

310 4994 527 5063 erigere
548 5034 562 5058 ,
590 4993 719 5048 nulli
740 4992 954 5058 quidem
977 4993 1252 5047 hominum
1274 5034 1287 5056 ,
1312 4993 1405 5047 scd
1438 4994 1536 5047 soli
1564 5003 1765 5047 natura:
1797 4993 1904 5047 Do-

314 5083 465 5139 mino
495 5084 547 5138 in
588 5099 748 5139 manu
774 5094 876 5138 est.
903 5084 981 5138 Tu
1008 5098 1138 5138 vero
1167 5084 1211 5137 si
1257 5098 1377 5138 cum
1421 5085 1609 5138 morbo
1664 5084 1907 5138 ‘aborans

314 5173 639 5241 insanabili,
674 5188 922 5244 percursa
951 5182 1059 5228 tota
1093 5174 1305 5229 civitate
1332 5175 1585 5243 pecunias
1616 5174 1907 5244 impendis-

313 5279 428 5329 ses,
453 5264 688 5334 pluribus
708 5274 864 5319 utens
893 5262 1135 5331 medicis,
1169 5278 1267 5319 nec
1300 5264 1469 5319 ullum
1502 5264 1624 5320 mali
1656 5265 1906 5319 solatium

316 5356 610 5424 reperisses
630 5398 646 5422 ,
683 5364 869 5427 postea
898 5356 1162 5411 incideres
1198 5357 1251 5409 in
1296 5356 1572 5411 mulierem
1597 5397 1612 5421 ,
1639 5372 1757 5426 quae
1785 5371 1906 5411 cum

317 5446 514 5503 eodem
542 5448 731 5502 morbo
769 5456 1063 5515 teneretur,
1096 5447 1315 5502 liberata
1346 5449 1437 5513 sit,
1478 5463 1584 5501 non
1640 5447 1910 5503 desineres

315 5538 606 5593 obsecrare
627 5579 643 5606 ,
670 5554 877 5608 rogare,
928 5538 1200 5593 exhortari
1225 5579 1239 5602 ,
1266 5549 1321 5592 ut
1359 5554 1481 5593 eum
1513 5538 1604 5592 tibi
1632 5553 1910 5592 common-

316 5637 542 5696 straret,
571 5629 723 5698 cujus
759 5644 921 5699 opera
959 5627 1147 5684 fuisset
1193 5637 1416 5683 sanata:
1448 5642 1591 5683 nunc
1634 5644 1761 5704 vero
1789 5643 1909 5682 cum

317 5720 508 5775 videas
533 5722 738 5774 Annam
780 5722 831 5775 in
862 5719 1039 5774 medio
1067 5728 1293 5774 stantem
1321 5763 1334 5786 ,
1361 5734 1627 5788 suumque
1666 5719 1910 5773 morbum

315 5818 683 5878 enarrantem,
702 5817 754 5866 et
775 5808 1015 5881 ejusdem
1048 5808 1340 5866 remedium
1370 5818 1904 5878 commemorantem,

1595 401 1682 457 DE
1721 399 1904 456 ANNA
1945 400 2177 457 SERMO
2217 402 2303 458 Ill.

3501 416 3606 473 654

2025 532 2089 573 ac
2116 519 2376 573 medicum
2418 530 2956 589 commonstrantem,
3004 523 3171 579 nullis
3218 524 3602 583 obsecrationi-

2017 611 2147 672 bus,
2197 613 2357 666 nullis
2418 614 2665 682 precibus
2712 604 3053 682 adductam,»
3088 630 3194 672 non
3236 623 3461 676 accedes
3517 636 3617 675 πίε-ν

2014 710 2233 771 ceptura
2280 703 2573 758 remedium
2599 744 2616 771 ,
2645 721 2743 760 nec
2786 705 2972 761 audies
3019 716 3128 762 tota
3155 723 3276 763 cum
3301 710 3601 767 attentione

2016 791 2330 847 historiam?
2377 794 2444 849 Et
2494 796 2621 866 quid
2675 813 2925 868 umquam
2975 800 3097 854 boui
3148 802 3349 871 poteris
3406 817 3603 859 conse-

2013 881 2143 950 qui?
2188 886 2258 937 At
2290 884 2379 938 alii
2423 885 2726 956 frequenter
2764 904 2950 958 magna
2997 891 3161 945 etiam
3220 892 3426 947 emensi
3476 904 3603 948 sunt

2015 975 2177 1026 maria
2203 1015 2219 1041 ,
2251 975 2564 1046 longinquas
2592 981 3044 1051 peregrinationes
3074 991 3463 1053 susceperunt,
3511 1000 3605 1053 pe-

2011 1066 2198 1120 cuuias
2244 1068 2649 1137 impenderunt,
2699 1072 2910 1127 labores
2954 1075 3190 1142 perpessi
3224 1084 3381 1140 sunt,
3415 1085 3469 1130 ut
3496 1092 3601 1130 mc-

2013 1155 2188 1211 dicum
2233 1170 2714 1215 comm-lustratum
2745 1162 2795 1216 in
2826 1164 3105 1234 peregrina
3140 1166 3355 1235 regione
3381 1168 3599 1235 conspi—

2010 1256 2215 1312 cerent,
2245 1251 2404 1320 idque
2428 1267 2552 1307 cum
2574 1268 2678 1307 non
2706 1254 2994 1310 admodum
3018 1265 3162 1311 certa
3190 1267 3331 1312 esset
3364 1257 3557 1313 fiducia
3582 1301 3598 1325 ,

2011 1347 2070 1393 ut
2094 1354 2312 1408 prorsus
2337 1343 2526 1397 morbo
2564 1343 2917 1400 liberarentur
2944 1362 2959 1399 :
2992 1356 3043 1400 at
3071 1356 3145 1413 tu,
3173 1363 3207 1401 ο
3229 1349 3442 1415 mulier,
3474 1364 3597 1404 cum

2009 1444 2116 1484 non
2143 1430 2219 1484 sis
2247 1431 2439 1487 initura
2464 1434 2843 1502 profectionem
2868 1440 3273 1494 transmarinam
3298 1482 3312 1505 ,
3339 1456 3437 1495 nec
3460 1429 3598 1495 ultra

2008 1521 2193 1589 patriae
2225 1521 2358 1577 lines
2385 1523 2769 1595 demigratum,
2801 1543 2898 1581 nec
2928 1529 3161 1583 laborem
3207 1530 3439 1585 similem
3470 1546 3593 1601 per-

2006 1628 2261 1683 pessure:
2290 1628 2343 1671 et
2379 1617 2505 1688 quid
2537 1618 2680 1681 dixi,
2712 1620 2850 1676 ultra
2907 1622 3090 1691 patriae
3134 1622 3301 1676 lines?
3334 1637 3455 1676 cum
3500 1638 3598 1678 nec

2006 1705 2177 1774 ipsum
2205 1707 2397 1763 domus
2427 1708 2590 1765 limen
2619 1712 2845 1767 transire
2891 1714 3119 1782 cogaris,
3168 1715 3263 1769 sed
3287 1715 3368 1769 vel
3399 1716 3451 1769 in
3480 1715 3599 1784 ipso

2007 1794 2239 1850 thalamo
2276 1796 2448 1867 possis
2474 1801 2759 1856 convenire
2779 1801 3042 1857 medicum
3072 1845 3088 1869 ,
3129 1804 3366 1872 citraque
3388 1804 3594 1860 media-

2009 1895 2181 1941 torem
2207 1903 2327 1943 cum
2361 1889 2450 1943 illo
2499 1890 2728 1962 colloqui
2777 1893 2845 1947 dc
2894 1894 3316 1965 quibuscumque
3362 1897 3594 1950 volueris

2007 1977 2168 2048 (Deus
2185 1981 2363 2045 enim,
2393 1981 2595 2052 inquit,
2648 1985 3064 2055 appropinquans
3101 2002 3191 2056 ego
3228 2003 3340 2040 sum
3363 2029 3376 2051 ,
3407 1998 3453 2039 et
3493 2004 3593 2040 nou

2005 2068 2145 2122 Deus
2174 2071 2352 2140 procul
2399 2070 2532 2141 (λεν.
2558 2072 2650 2126 25.
2678 2072 2807 2143 25),
2858 2074 3041 2129 dilfers
3085 2084 3139 2129 et
3177 2076 3484 2131 cunctaris?
3528 2076 3595 2130 Et

2006 2174 2163 2228 quam
2208 2158 2458 2215 habitura
2499 2176 2560 2216 es
2590 2162 3027 2219 excusationem?
3052 2180 3209 2234 quam
3248 2167 3597 2235 consequeris

2006 2250 2245 2315 veniam,
2299 2251 2345 2305 si
2372 2266 2492 2305 cum
2539 2253 2828 2321 proclivem
2849 2263 2903 2307 et
2933 2253 3169 2324 ttudique
3220 2254 3426 2309 facilem
3457 2256 3594 2309 viam

2006 2342 2251 2397 invenire
2288 2343 2497 2412 possis,
2542 2360 2643 2413 qua
2672 2345 2739 2397 ah
2767 2345 3079 2414 urgentibus
3118 2344 3272 2399 malis
3316 2345 3586 2409 libereris,

2007 2446 2101 2501 per
2126 2433 2425 2487 socordiam
2464 2442 2609 2488 tuam
2642 2434 2808 2502 ipsius
2860 2436 3086 2490 salutem
3120 2434 3455 2504 prodideris?
3500 2436 3595 2489 llic

2005 2526 2147 2579 enim
2176 2525 2413 2580 medicus
2446 2542 2553 2581 non
2595 2528 2928 2581 sterilitatem
2979 2528 3176 2593 Solum,
3226 2528 3319 2582 sed
3352 2536 3402 2582 et
3434 2543 3593 2582 omne

2004 2617 2313 2672 morborum
2359 2633 2527 2688 genus
2579 2630 2686 2673 tum
2738 2619 3147 2688 corporis,tum
3188 2619 3351 2674 animi
3400 2634 3592 2673 sanare

2007 2718 2221 2780 potest,
2255 2711 2300 2765 si
2334 2711 2461 2765 velit
2492 2719 2713 2769 tantum.
2763 2711 2945 2780 Neque
2983 2711 3035 2765 id
3064 2712 3236 2766 solum
3282 2710 3589 2765 mirandum

2004 2809 2085 2855 est
2108 2842 2122 2864 ,
2152 2800 2294 2870 quod
2333 2801 2463 2856 citra
2489 2802 2760 2868 laborem,
2790 2802 2906 2856 sine
2956 2802 3379 2872 peregrinatione
3404 2842 3419 2865 ,
3468 2800 3586 2855 sine

2004 2893 2307 2963 impendiis,
2341 2895 2542 2965 absque
2582 2894 3027 2949 intercessoribus
3062 2896 3390 2948 curationem
3437 2892 3592 2947 adhi-

2004 2985 2127 3053 bet,
2163 3002 2347 3041 verum
2388 2988 2548 3041 etiam
2580 2988 2720 3057 quod
2765 2987 2895 3041 citra
2919 2986 3185 3040 dolorem.
3219 2985 3402 3055 Neque
3449 2986 3590 3039 enim

2003 3074 2148 3131 ferro
2178 3077 2353 3147 ignivc
2382 3088 2535 3132 curat
2566 3078 2798 3142 malum,
2830 3088 2887 3131 ut
2911 3079 3089 3132 cmteri
3124 3078 3314 3132 medici
3344 3076 3545 3131 faciunt
3575 3094 3588 3130 :

2003 3166 2199 3221 sufﬁcit
2238 3169 2319 3221 vel
2348 3167 2571 3236 simplex
2600 3178 2759 3222 nutus
2785 3208 2800 3232 ,
2832 3182 2894 3221 ac
2923 3168 3162 3237 protinus
3196 3168 3371 3221 onmis
3399 3182 3585 3237 angor,

2003 3256 2176 3310 onmis
2197 3256 2367 3323 dolor,
2391 3272 2548 3311 onme
2564 3257 2762 3312 malum
2780 3257 2928 3326 fugit,
2948 3268 3107 3327 atque
3132 3258 3427 3312 exsulatum
3456 3258 3586 3311 abit.

2074 3350 2129 3403 2.
2170 3349 2246 3405 Ne
2265 3360 2578 3405 cunctemur
2598 3350 2774 3421 igitur,
2799 3365 2933 3404 neve
2964 3352 3434 3419 procrastinemus,
3463 3349 3591 3403 licot

2007 3457 2269 3513 pauperes
2292 3443 2478 3509 simus,
2515 3451 2570 3497 et
2597 3443 2662 3496 ad
2691 3453 2983 3496 extremam
3031 3440 3231 3496 redacti
3276 3449 3586 3510 egestatem.

2002 3533 2187 3603 Neque
2216 3533 2358 3588 enim
2389 3533 2475 3588 hic
2503 3532 2825 3587 numeranda
2857 3541 2940 3588 est
2992 3532 3233 3603 pecunia,
3275 3540 3334 3585 ut
3357 3531 3587 3600 inopiam

2002 3625 2269 3695 possimus
2312 3624 2622 3679 obtendere.
2666 3622 2762 3678 llic
2811 3622 3059 3677 nimirum
3089 3621 3327 3677 medicus
3352 3635 3457 3676 non
3496 3635 3590 3675 ar-

2003 3728 2219 3788 gentum
2254 3732 2350 3786 pro
2379 3715 2625 3771 mercede
2666 3715 2817 3785 petit,
2862 3713 2954 3769 sed
2983 3714 3263 3784 lacrymas,
3306 3725 3491 3781 preces
3528 3724 3591 3763 ac

2002 3810 2182 3868 tidem.
2212 3808 2338 3862 llaec
2363 3808 2406 3862 si
2448 3816 2669 3878 portans
2697 3806 2763 3860 ad
2796 3806 2942 3859 illum
2976 3806 3289 3871 accesseris,
3330 3801 3588 3871 quidquid

2004 3900 2222 3953 Omnino
2240 3900 2521 3967 postularis
2538 3898 2788 3966 accipies,
2820 3897 3089 3965 multoque
3115 3908 3233 3948 cum
3258 3893 3448 3961 gaudio
3468 3891 3582 3954 dis-

2004 3988 2181 4043 cedes.
2216 3987 2270 4041 Id
2298 4002 2426 4043 sane
2455 4002 2574 4041 cum
2608 3986 2785 4039 multis
2810 4000 2879 4039 ex
2907 3983 3064 4038 rebus
3084 3995 3407 4052 cognoscere
3440 3981 3583 4046 licet,

2005 4088 2115 4133 tum
2144 4093 2270 4132 vero
2300 4078 2563 4148 praecipue
2585 4093 2649 4131 ex
2679 4077 2777 4130 hac
2806 4076 3049 4142 muliere,
3074 4087 3192 4143 quae
3220 4087 3323 4127 non
3353 4087 3538 4125 aurum
3571 4110 3587 4135 ,

2004 4185 2109 4225 non
2139 4179 2411 4239 argentum
2430 4168 2688 4231 exhibuit,
2719 4165 2812 4221 sed
2839 4180 3046 4236 preces,
3076 4164 3232 4218 fidem
3256 4172 3309 4216 et
3331 4159 3591 4232 laerymas

2004 4261 2219 4326 obtulit,
2251 4271 2411 4330 atque
2438 4260 2509 4314 ita
2539 4258 2792 4329 quidquid
2820 4258 3307 4327 petiitconsequuta
3325 4252 3587 4308 discessit.

2006 4351 2234 4407 Proinde
2260 4366 2327 4406 ne
2358 4360 2605 4419 putemus
2633 4350 2771 4403 hanc
2810 4349 3166 4403 narrationem
3192 4345 3344 4398 nobis
3366 4342 3591 4412 infrugi-

2007 4441 2171 4496 feram
2199 4456 2319 4495 esse
2339 4482 2353 4505 ,
2381 4440 2807 4511 quandoquidem
2853 4438 2978 4491 Illac
3003 4438 3191 4503 scripta
3223 4442 3337 4489 sunt
3379 4432 3445 4484 ad
3479 4448 3592 4485 cor-

2004 4534 2281 4602 reptiouem
2308 4542 2556 4597 nostram,
2588 4532 2639 4583 in
2665 4546 2790 4597 quos
2812 4530 2943 4597 ﬁnes
2961 4528 3261 4582 swculorum
3287 4526 3590 4578 devenerunt

2008 4624 2085 4695 (1.
2117 4624 2234 4677 Cor.
2265 4624 2351 4677 10.
2375 4624 2501 4692 ii):
2533 4622 2628 4676 sed
2660 4622 2913 4675 adeamus
2948 4635 3067 4674 eam
3088 4661 3102 4685 ,
3151 4618 3419 4673 discamus
3455 4630 3591 4686 quo-

2008 4714 2166 4769 modo
2194 4713 2411 4767 liberata
2433 4714 2501 4766 sit
2530 4728 2558 4766 a
2600 4712 2762 4776 malo,
2785 4711 2979 4781 etquid
3009 4711 3173 4779 egerit
3198 4709 3588 4773 morbolevata,

2008 4814 2061 4860 et
2085 4822 2190 4875 quo
2212 4814 2365 4874 pacto
2389 4804 2547 4857 fuerit
2567 4817 2661 4856 usa
2690 4816 2911 4856 munere
2937 4815 2966 4853 a
2998 4802 3108 4854 Deo
3136 4799 3282 4853 dato.
3314 4798 3479 4865 Sedit,
3512 4798 3594 4853 itt-

2008 4900 2141 4968 quit,
2164 4907 2211 4951 el
2241 4898 2442 4949 lactavit
2465 4894 2757 4951 Samuelem
2788 4895 2872 4963 (1.
2904 4893 3014 4964 Reg
3068 4894 3121 4947 1.
3158 4892 3275 4963 25).

2085 4988 2288 5056 Quanta
2322 4989 2498 5054 pietate
2555 5003 2764 5057 puerum
2809 4984 3026 5039 Domino
3067 4985 3294 5039 educavit
3320 4983 3591 5049 obtulitque

2011 5079 2390 5134 Auum—Vide
2409 5078 2678 5150 quomodo
2693 5077 3053 5147 conspiciebat
3073 5078 3321 5145 deinceps
3339 5076 3592 5129 infantem

2013 5171 2180 5237 illum,
2195 5186 2299 5225 non
2324 5180 2524 5225 tantum
2540 5178 2599 5224 ut
2616 5169 2890 5235 infantem,
2908 5167 3259 5222 verumetiam
3277 5172 3335 5220 ut
3355 5179 3466 5218 rem
3484 5164 3595 5218 Dro

2012 5270 2377 5317 consecratam
2413 5276 2626 5330 :eoque
2655 5260 2809 5314 matri
2843 5258 3087 5329 geminus
3116 5255 3313 5311 amoris
3351 5254 3599 5309 stimulus

2015 5354 2206 5407 insitus
2230 5363 2331 5417 est,
2355 5354 2490 5408 alter
2516 5367 2544 5405 a
2577 5361 2787 5417 natura,
2809 5351 2946 5404 alter
2965 5364 2992 5401 a
3017 5349 3210 5418 gratia.
3241 5347 3319 5400 Ac
3346 5360 3464 5400 mea
3481 5346 3597 5414 qui-

2014 5443 2135 5499 dem
2168 5445 2452 5509 seuteutia,
2491 5444 2651 5497 etiam
2684 5440 3029 5496 reverehatur
3056 5452 3280 5507 puerum
3309 5450 3460 5490 suum
3481 5476 3496 5500 ,
3545 5443 3599 5489 ct

2016 5536 2227 5590 merito.
2280 5534 2487 5588 Etenim
2528 5533 2572 5587 si
2618 5533 2707 5601 qui
2748 5532 2953 5601 phialas
2994 5528 3247 5599 poculave
3290 5540 3453 5582 aurea
3494 5525 3600 5579 Deo

2016 5624 2240 5680 dicaturi
2267 5634 2413 5689 sunt,
2443 5630 2787 5690 posteaquam
2813 5636 2872 5674 ea
2897 5621 3006 5689 jam
3019 5618 3258 5672 confecta
3275 5616 3597 5684 acceperint,

2018 5718 2267 5785 domique
2294 5712 2647 5784 rcposuerint,
2681 5727 2785 5766 non
2829 5725 2891 5765 ea
2931 5710 3079 5779 quasi
3112 5709 3331 5779 profana
3362 5721 3486 5760 vasa
3515 5707 3595 5760 iu-

2021 5813 2264 5874 tuentur,
2296 5804 2389 5861 sed
2416 5814 2682 5874 tamquam
2712 5802 2819 5857 Deo
2846 5815 3017 5869 sacra,
3072 5815 3167 5855 nec
3206 5805 3400 5854 audent
3428 5811 3492 5853 ea
3522 5807 3599 5850 te-
