2032 3225
209 212 264 242 (ι55

212 275 289 297 mere
299 266 420 301 citraque
431 268 536 291 causam
551 260 692 294 attingere,
706 256 774 284 sicut
787 258 883 282 uetera
897 260 904 278 :
925 249 1009 277 multo

214 317 301 349 magis
316 299 479 340 lucc-mulier
486 307 564 336 simili
575 306 665 332 animo
675 301 831 330 attendebat
843 299 876 326 ad
888 303 1011 333 puerum,

217 344 298 388 ctidm
313 359 465 394 priusquam
481 355 553 381 illum
570 353 596 380 in
611 351 738 385 templum
754 347 894 375 induceret
907 354 913 372 :
929 349 955 372 et
970 344 1013 371 di-

217 390 473 442 ligebat-impensius
486 401 579 432 tilium,
594 397 739 426 cteurahat
756 400 890 429 tamquam
905 393 960 419 Deo
972 390 1015 418 ali-

216 438 314 482 catum.
325 438 479 479 existimans
486 457 515 476 sc
523 455 569 483 per
579 447 650 474 illum
658 443 850 472 sanctificatmn
857 440 900 472 iri,
909 438 1016 475 quando

218 500 314 527 domus
323 498 405 533 ipsius
411 497 467 532 jam
478 500 534 523 erat
548 494 618 522 facta
633 492 771 526 templum,
786 496 813 517 ut
826 496 885 525 qua:
897 486 1015 524 prophe-

220 550 274 571 tam
288 551 319 572 ac
329 542 495 570 sacerdotem
509 541 579 567 intra
590 546 620 566 se
631 537 790 565 contineret.
804 534 862 562 Non
873 534 959 561 solum
967 539 1017 558 au-

220 597 273 618 tem
287 597 321 616 ex
336 596 368 616 eo
381 587 452 623 quod
468 587 541 614 illum
556 585 611 612 Deo
626 582 779 618 spopondit,
793 579 968 608 verumetiam
982 584 1017 604 ex

221 637 272 662 hoc
280 634 349 666 quod
359 642 411 661 non
419 640 482 660 ausa
490 632 523 658 sit
533 630 680 658 ascendere
689 629 715 655 in
726 626 854 662 templum
865 624 1018 660 priusquam

223 681 385 709 ablactasset
407 678 545 709 infantem,
567 676 625 711 cjus
639 675 764 709 pietatem
781 673 842 699 licet
856 670 1017 706 perspicere.

223 728 267 756 Ait
278 728 344 754 enim
353 727 408 752 circ
418 734 464 753 suo
477 733 487 752 :
504 723 565 751 Non
580 722 714 750 ascendam
730 721 813 747 donec
824 718 943 746 ascendat
957 724 1021 751 puer

225 782 343 802 mecum:
355 781 412 799 cum
425 777 509 799 autem
520 770 679 797 ablactavero
690 768 775 799 illum,
793 765 915 799 offeretur
924 764 950 790 in
958 771 1022 790 con-

225 825 312 855 spectu
327 818 438 850 Domini,
454 822 478 845 et
490 816 583 844 sedebit
596 815 648 842 illic
662 815 688 841 in
698 822 778 841 meum
793 813 830 847 (Ι.
844 811 907 846 Reg.
922 811 948 837 l.
963 808 1022 844 22).

232 865 324 892 Viden’
336 866 347 890 't
360 863 418 891 Non
435 862 603 890 existimabat
613 867 673 888 esse
687 864 772 886 tutum
785 857 830 885 illo
841 856 915 883 domi
929 855 1023 882 relicto

228 910 376 937 ascendere
387 910 414 936 in
433 908 559 943 templum
569 928 575 940 ,
591 906 663 941 quod
677 913 737 932 cum
751 903 899 938 accepisset
912 902 1023 933 donum,

229 964 283 983 non
292 955 437 983 sustineret
450 954 552 987 absque
565 952 636 980 dono
647 956 814 985 comparere.
827 949 930 976 Rursus
939 947 1025 975 addu-

229 1007 273 1029 cto
286 1001 341 1034 illo,
357 1008 388 1028 ae
403 1007 463 1027 mox
479 1003 596 1033 reCcptu,
608 997 773 1026 descendere
787 996 930 1023 verebatur
944 1002 951 1021 :
967 994 1028 1021 ideo

230 1052 306 1074 tanto
320 1051 440 1080 tempore
453 1044 598 1076 remansit,
623 1048 652 1070 ut
673 1051 733 1070 cum
756 1042 828 1069 dono
849 1044 1027 1075 compareret.

235 1092 351 1119 Adduxit
363 1098 437 1126 ergo,
458 1096 490 1117 ac
502 1089 619 1123 reliquit,
639 1095 687 1115 nec
702 1094 768 1122 puer
784 1094 799 1113 a
815 1094 929 1113 mannna
945 1085 1031 1112 divul-

234 1147 281 1167 sus
295 1139 408 1166 moleste
422 1138 491 1170 tulit,
506 1137 568 1164 licet
580 1136 670 1163 sciatis
690 1142 770 1170 quam
783 1133 887 1161 soleant
900 1131 1031 1167 indignari

236 1186 310 1222 pueri
322 1186 425 1221 quoties
435 1192 449 1211 a
463 1185 530 1212 lacte
543 1182 713 1218 depelluntur
726 1181 763 1216 (a)
778 1189 786 1208 :
800 1187 891 1207 verum
911 1186 961 1205 nec
975 1178 1033 1212 ipse

236 1240 303 1268 puer
318 1238 389 1265 aegre
403 1230 462 1257 tulit
485 1237 499 1256 ιι
523 1233 608 1255 matre
629 1227 758 1258 divulsus,
782 1226 828 1254 sed
843 1225 878 1253 ad
891 1223 1033 1251 Dominum

237 1267 365 1312 respexit,
381 1275 425 1311 qui
439 1276 523 1310 ipsam
538 1279 650 1301 matrent
665 1272 780 1304 fecerat;
800 1278 851 1298 nec
870 1267 933 1305 ipsa
949 1273 1035 1296 mater

238 1323 323 1350 doluit
333 1331 347 1349 a
362 1330 446 1357 puero
461 1321 592 1356 seiuncta.
607 1320 667 1355 quia
680 1318 827 1346 naturalem
841 1316 964 1344 aﬂ‘ectum
972 1315 1036 1342 vicit

240 1367 422 1396 interveniens
434 1367 528 1402 gratia,
541 1371 567 1393 et
583 1371 695 1400 uterque
710 1372 739 1391 se
753 1371 814 1390 cum
840 1363 925 1389 altero
948 1361 1037 1388 vivere

240 1414 424 1442 existimabat.
440 1411 670 1446 Quemadmodum
686 1410 779 1437 eodem
796 1410 821 1436 in
834 1409 894 1435 loco
910 1407 961 1434 fixa
977 1407 1038 1434 vitis

243 1460 269 1487 in
281 1460 389 1494 longum
404 1458 526 1494 producit
543 1457 664 1492 palmites
677 1477 684 1487 .
700 1461 727 1483 et
739 1464 786 1482 uva
800 1455 884 1482 multo
899 1454 1039 1481 intervallo

244 1506 374 1541 pendens,
390 1505 473 1532 radici
489 1504 573 1531 haeret
589 1513 595 1529 :
613 1503 702 1530 itidem
723 1508 750 1530 et
765 1502 791 1529 in
809 1502 858 1529 hac
880 1500 977 1528 accidit
1004 1499 1042 1527 fe-

245 1552 328 1584 mina,
342 1558 403 1586 quae
418 1552 444 1578 in
457 1550 524 1578 urbe
536 1557 649 1578 manens
662 1557 747 1583 usque
760 1549 792 1575 ad
805 1548 933 1582 templum
946 1551 1041 1574 exten-

246 1597 286 1626 dit
296 1605 374 1625 suum
385 1597 532 1633 palmitem,
547 1601 627 1632 atque
642 1596 695 1623 illic
708 1603 785 1623 uvam
800 1594 938 1629 suspendit
955 1599 1043 1621 matu-

248 1653 306 1673 ram
322 1654 328 1672 :
346 1652 396 1672 nec
409 1643 577 1672 intervallum
592 1643 655 1670 illud
671 1642 754 1669 ullum
769 1640 1044 1676 attulitimpcdimen-

247 1695 304 1718 tum
319 1712 327 1724 ,
343 1697 403 1718 cum
417 1690 516 1717 caritas
530 1697 589 1724 qua:
607 1688 753 1716 secundum
770 1687 853 1715 Deum
867 1690 917 1719 est,
934 1693 1045 1721 puerum

250 1738 326 1766 matri
335 1737 656 1774 copularct.Qnamqu.-mt
666 1737 736 1765 cnim
749 1741 814 1763 artas
823 1738 880 1764 erat
894 1735 1045 1766 immatura,

250 1785 334 1811 virtus
360 1790 448 1812 tamen
474 1785 566 1812 aderat
592 1790 716 1811 matura:
737 1781 998 1817 ascendentibusque
1021 1780 1047 1806 in

252 1831 380 1866 templutn
396 1831 521 1858 omnibus
545 1830 635 1858 multa:
660 1831 796 1865 religionis
816 1830 942 1865 magister
965 1829 1049 1856 factus

250 1882 304 1905 est.
317 1877 383 1904 Nam
406 1878 442 1904 illi
456 1875 517 1904 dum
541 1877 707 1912 inquirerent
729 1876 917 1911 discerentque
940 1876 1048 1902 modutn

253 1924 381 1951 natalium
397 1923 478 1956 illius,
491 1923 597 1951 abunde
610 1931 734 1959 magnum
748 1923 872 1950 solatium
884 1922 1052 1957 accipiebant

253 1970 310 2004 spei
322 1977 380 2004 qum
394 1973 505 2004 esterga
517 1970 612 1997 Deum.
624 1969 714 2004 Neque
725 1969 876 2004 quisquam,
890 1968 948 1995 viso
957 1975 1050 2002 puero,

250 2017 350 2056 tacitus
370 2016 561 2051 descendebat,
585 2017 630 2044 sed
645 2025 738 2044 onmes
751 2017 938 2051 glorificabant
952 2016 1027 2043 illum
1043 2035 1052 2048 ,

256 2071 272 2090 a
286 2070 339 2098 quo
354 2068 453 2097 praeter
465 2071 540 2098 spem
554 2063 630 2091 datus
642 2069 710 2091 erat.
728 2064 800 2090 llanc
814 2064 848 2090 ob
864 2071 972 2090 causam
983 2063 1054 2090 Deus

258 2109 363 2135 distulit
378 2113 495 2143 partum,
509 2113 538 2135 ut
549 2109 617 2136 hanc
633 2114 742 2144 angeret
763 2110 937 2143 voluptatem,
951 2113 979 2135 ut
994 2116 1056 2135 mu-

260 2154 353 2181 Iierem
365 2154 491 2181 redderet
504 2154 687 2182 illustriorem.
699 2155 765 2181 Nam
780 2156 939 2189 quicumque
951 2154 1056 2182 calami-

258 2205 341 2228 tatctn
359 2201 416 2236 ejus
443 2205 583 2234 noverant,
610 2201 626 2228 ii
650 2206 732 2229 tcStes
749 2202 809 2229 facti
830 2202 922 2237 gratia:
950 2202 1015 2229 Dei:
1029 2206 1058 2229 et

258 2247 330 2282 quod
346 2247 425 2282 longo
441 2252 560 2282 tempore
576 2248 673 2275 mansit
685 2248 710 2275 in
724 2248 849 2281 orbitate,
860 2248 959 2281 eﬂ'ecit,
983 2252 1011 2276 ut
1030 2253 1059 2277 et

258 2294 317 2330 ipsa
335 2294 425 2320 multis
439 2298 511 2321 esset
526 2293 623 2325 notior,
636 2298 661 2321 et
674 2294 707 2321 ab
723 2294 847 2321 omnibus
862 2295 938 2322 beata
963 2294 1060 2330 prredi-

261 2343 379 2370 canetur,
394 2343 520 2374 essetque
543 2340 568 2366 in
585 2339 781 2367 admiratione:
796 2339 912 2375 hincque
936 2340 1035 2368 factum
1050 2361 1057 2373 ,

264 2388 293 2409 ut
308 2391 354 2417 per
369 2384 440 2411 illam
454 2384 508 2411 Deo
520 2385 620 2418 gratias
632 2390 743 2418 agerent
759 2392 839 2420 quant
854 2386 970 2420 plurimi.
997 2386 1061 2414 llaec

265 2428 326 2455 ideo
342 2428 446 2463 loquor,
467 2434 496 2455 ut
509 2430 612 2456 etiamsi
627 2438 675 2457 nos
697 2430 811 2458 feminas
833 2437 940 2459 sanctas
955 2432 1062 2459 novrri-

266 2481 327 2501 mus
339 2473 365 2501 in
380 2474 494 2501 orbitate
507 2481 551 2501 aut
568 2475 593 2502 in
608 2476 658 2502 alia
669 2483 788 2504 :crumna
802 2477 941 2511 degentes,
960 2486 993 2505 ne
1002 2486 1061 2505 ino-

265 2523 334 2551 leste
345 2521 474 2553 feramus,
488 2529 557 2548 neve
577 2521 755 2556 indignemur,
780 2530 830 2550 nec
849 2523 970 2551 dicamus
992 2524 1061 2558 apud

268 2567 413 2602 nosipsos:
429 2566 519 2600 Quare
533 2566 603 2593 Dens
618 2567 740 2602 despexit
762 2568 901 2596 mulierem
916 2574 988 2596 tanta
1006 2570 1063 2604 pie-

267 2618 324 2640 tate
336 2612 486 2648 prredilam,
503 2620 553 2639 nec
574 2612 648 2640 dedit
670 2613 792 2647 prolem?
812 2614 903 2649 Neque
918 2615 990 2642 enim
1014 2615 1063 2642 ista

268 2665 331 2687 sunt
345 2659 514 2695 negligentis,
530 2659 577 2687 sed
589 2659 641 2687 hoc
650 2659 727 2687 nobis
740 2659 866 2695 expedire
874 2661 970 2688 melius
978 2661 1065 2688 scien-

270 2706 304 2732 tis
319 2712 399 2739 quam
411 2705 510 2739 nosipsi
526 2705 636 2732 scimus.
651 2706 779 2733 Ascendit
794 2706 873 2741 igitur
885 2707 910 2733 in
923 2707 1063 2741 templum,

269 2755 297 2778 et
310 2757 409 2784 agnum
422 2750 526 2777 induxit
541 2751 568 2777 in
580 2751 650 2777 ovile
661 2758 692 2778 ac
706 2751 818 2778 vitulum
831 2752 956 2785 perduxit
972 2752 1006 2779 ad
1020 2760 1065 2779 ar-

271 2799 402 2827 mentum,
414 2800 443 2822 et
455 2796 480 2822 in
495 2800 600 2830 pratum
608 2796 835 2824 deduxitrosama
844 2796 928 2831 spinis
943 2797 1066 2830 liberam,

273 2849 375 2875 rosam,
386 2842 507 2876 inquam,
518 2850 576 2877 qua:
590 2850 736 2878 numquam
749 2845 900 2878 marcescit,
928 2845 976 2873 sed
989 2844 1067 2873 ﬂoret

276 2907 403 2967 “signa
415 2908 489 2934 multa
506 2909 606 2935 deerant
614 2927 622 2940 ,
643 2917 699 2943 quat
709 2911 837 2944 desumpta
848 2919 905 2941 sunt
917 2923 948 2941 ex
960 2914 1067 2940 Colbert.

583 204 614 232 8.
633 199 771 231 JOANNIS
781 190 1019 226 CIIRYSOS’I‘OMI
1039 190 1200 219 ARCHIEP.
1220 189 1487 220 CONSTANTINOP.

1809 189 1866 218 656

1063 254 1204 286 perpetuo,
1219 255 1332 284 quaeque
1347 247 1429 282 possit
1449 246 1483 274 ad
1504 249 1591 282 ipsum
1605 252 1691 281 usque
1704 244 1802 273 caelum
1814 253 1867 272 cx-

1065 295 1151 327 tendi,
1163 295 1239 330 cujus
1255 294 1399 329 fragrantia
1412 293 1438 320 in
1451 292 1611 319 hodiernum
1627 299 1713 326 ttsque
1725 291 1800 318 diem
1812 298 1868 324 po-

1066 343 1168 370 tiuntur
1180 348 1276 369 omnes
1293 340 1337 375 qui
1361 345 1492 367 terrarum
1509 338 1627 365 incolunt
1644 337 1750 365 orbem.
1762 336 1872 364 Tantus

1066 395 1198 415 annorum
1208 394 1337 414 numerus
1351 385 1489 420 praeteriit,
1510 390 1540 412 .et
1568 389 1658 411 tamen
1671 383 1780 411 virtutis
1793 382 1874 410 illius

1068 433 1212 470 fragrantia
1226 440 1334 468 semper
1346 432 1475 467 augescit,
1489 438 1538 458 nec
1563 435 1635 458 tanta
1655 430 1786 464 temporis
1806 437 1875 456 ma—

1069 480 1209 516 gnitudine
1221 478 1289 507 facta
1304 482 1347 505 est
1359 476 1518 512 languidior.
1535 475 1606 503 'l'alis
1621 475 1693 503 enim
1709 480 1751 503 est
1773 482 1875 501 rerum

1070 526 1251 561 spiritualium
1264 529 1372 551 natura.

1107 573 1134 601 3.
1146 572 1315 607 Cumpnratur
1328 571 1408 597 Amm
1421 568 1575 603 sacri/icium
1587 576 1644 595 cum
1650 567 1776 601 sacriﬁcio
1784 575 1882 594 sacer-

1072 619 1138 647 dotis
1148 623 1173 645 et
1181 618 1307 651 sacriﬁcio
1317 616 1436 643 Abrahae.
1454 615 1535 642 Anna:
1547 614 1670 641 modestia
1685 618 1708 640 et
1719 617 1807 642 aratus
1814 620 1884 639 ans-

1073 674 1140 693 mu.
1148 680 1184 686 -
1191 663 1319 692 Ascendit
1331 663 1410 698 igitur
1418 661 1575 697 pra:clarum
1590 659 1654 687 illud
1663 667 1769 695 germen
1779 664 1883 685 trans—

1075 716 1208 751 plantans,
1218 710 1474 748 etquemadmodum
1488 708 1611 735 industrii
1622 706 1745 741 agricola:
1755 706 1885 741 primum

1075 769 1167 790 semen
1182 762 1208 787 in
1224 764 1323 787 terram
1339 757 1484 792 deponunt,
1497 754 1628 790 cupressi,
1638 758 1685 780 aut
1697 753 1810 780 aliarum
1827 760 1886 778 ar—

1077 809 1172 836 borum
1185 806 1324 837 stmilium,
1339 802 1447 836 deinde,
1463 802 1507 829 ubi
1518 804 1717 834 conspexerunt
1735 806 1749 825 a
1769 798 1888 825 semine

1079 855 1175 882 factam
1189 853 1325 884 arborem,
1343 858 1396 878 non
1418 849 1573 883 relinquunt
1585 847 1611 873 in
1625 845 1721 873 eadem
1736 850 1816 875 terra.
1827 843 1887 870 sed

1080 901 1141 928 inde
1155 900 1287 928 revulsam
1299 899 1325 925 in
1340 896 1411 924 aliud
1425 894 1592 923 transferunt
1601 893 1700 925 solum,
1719 896 1747 918 ut
1758 896 1832 918 terra
1851 892 1883 917 in

1080 954 1175 975 recens
1190 945 1293 981 gremio
1304 951 1354 972 suo
1366 946 1505 976 exceptam
1517 940 1588 968 ilIius
1602 939 1730 970 radicem,
1746 945 1845 972 puram
1855 941 1889 964 et

1082 994 1213 1028 integram
1228 992 1282 1019 vim
1297 997 1373 1018 suam
1389 988 1505 1024 proferat
1519 987 1553 1014 ad
1569 994 1628 1014 eam
1642 985 1763 1013 alendam
1780 993 1787 1010 :
1803 985 1844 1011 sie
1858 989 1891 1011 et

1083 1040 1140 1067 haec
1154 1039 1216 1067 fecit
1229 1038 1335 1070 mulier,
1346 1044 1406 1072 quae
1420 1042 1534 1070 puerum
1548 1038 1646 1069 pratter
1659 1039 1733 1066 spem
1747 1030 1890 1066 prosemi-

1084 1092 1176 1114 natum
1191 1086 1217 1113 in
1233 1089 1309 1112 utero
1330 1091 1345 1109 a
1367 1082 1447 1110 domo
1472 1080 1617 1113 transtulit,
1648 1084 1675 1106 et
1702 1080 1728 1106 in
1751 1078 1891 1112 templum

1086 1132 1304 1169 transplantavit,
1325 1129 1370 1157 ubi
1394 1132 1528 1163 perpetum
1541 1130 1604 1154 sunt
1627 1125 1739 1152 fontium
1752 1123 1892 1150 scatebrte

1085 1184 1112 1207 ct
1126 1179 1293 1214 irrigationes
1320 1175 1490 1211 spirituales,
1519 1178 1547 1200 ut
1572 1172 1663 1199 videre
1692 1170 1795 1198 licuerit
1818 1169 1891 1196 illud

1088 1225 1274 1262 propheticum
1288 1224 1314 1251 in
1328 1224 1380 1250 illis
1394 1221 1507 1257 impleri,
1520 1219 1591 1256 quod
1608 1218 1691 1246 David
1705 1217 1781 1250 dixit,
1797 1217 1832 1243 ita
1842 1223 1893 1243 ca-

1088 1279 1156 1300 nens
1170 1280 1176 1298 :
1193 1271 1287 1297 Beatus
1297 1270 1335 1296 ttir
1346 1269 1390 1304 qui
1405 1276 1456 1296 tum
1479 1266 1616 1294 ambulavit
1629 1265 1657 1291 in
1676 1263 1783 1291 consilio
1797 1262 1895 1297 impio-

1089 1328 1156 1352 rum,
1171 1320 1228 1346 etin
1242 1318 1282 1345 via
1292 1320 1450 1353 peccatorum
1463 1322 1513 1341 non
1522 1313 1599 1345 stetit,
1611 1317 1633 1339 et
1646 1318 1723 1346 super
1734 1309 1894 1336 cathedram

1092 1364 1241 1401 prstitentite
1254 1371 1304 1390 non
1316 1362 1380 1390 sedit
1392 1370 1400 1389 :
1415 1360 1459 1388 sed
1469 1361 1494 1387 in
1509 1360 1563 1395 lege
1574 1357 1682 1385 Domini
1693 1356 1810 1383 voluntas
1822 1355 1893 1388 ejus,

1092 1417 1114 1439 et
1129 1413 1156 1438 in
1170 1411 1225 1446 lege
1234 1410 1288 1446 ejus
1307 1406 1479 1433 meditabitur
1496 1404 1539 1430 die
1556 1411 1587 1429 ac
1607 1408 1682 1429 nocte
1703 1410 1713 1429 :
1726 1407 1750 1429 et
1762 1402 1809 1428 erit
1822 1406 1896 1427 tant-

1093 1467 1170 1495 quant
1186 1459 1283 1493 tignum
1295 1454 1364 1492 quod
1375 1454 1516 1490 plumatum
1529 1455 1567 1478 est
1583 1458 1654 1478 secus
1668 1450 1790 1476 decursus
1812 1454 1897 1480 nqua-

1094 1493 1163 1536 rum,
1179 1503 1247 1539 quod
1262 1504 1373 1538 fructum
1383 1506 1458 1527 suum
1466 1498 1536 1525 dabit
1545 1498 1572 1524 in
1586 1501 1699 1530 tempore
1709 1503 1756 1522 suo
1766 1493 1857 1530 (Psnl.
1870 1493 1897 1519 Ι.

1096 1553 1109 1580 1
1128 1567 1141 1572 -
1154 1538 1193 1586 3).
1214 1549 1305 1584 Neque
1329 1547 1401 1574 enim
1422 1550 1482 1580 post
1496 1543 1604 1571 malitia:
1614 1541 1808 1576 experientiam
1823 1538 1900 1564 venit

1097 1598 1131 1625 ad
1146 1584 1254 1624 malitia:
1270 1593 1459 1622 remissionem
1470 1591 1531 1624 ,sed
1540 1590 1573 1617 ad
1582 1588 1649 1624 ipsis
1656 1585 1802 1614 cunabulis
1814 1584 1901 1610 virtu-

1099 1649 1154 1672 tem
1167 1643 1248 1678 elegit
1261 1650 1268 1674 ;
1294 1649 1346 1668 non
1363 1639 1457 1666 habuit
1471 1635 1636 1664 consortium
1648 1640 1711 1660 eum
1724 1630 1903 1658 cmlschlLIts

1100 1676 1233 1725 iniquitati
1246 1686 1380 1719 obnoxiis,
1397 1690 1484 1718 neque
1498 1679 1717 1709 communionem
1728 1676 1822 1704 habuit
1838 1682 1904 1702 cum

1100 1722 1295 1763 cetiventiculis
1306 1732 1441 1766 impietate
1454 1728 1539 1764 plenis
1551 1736 1558 1754 :
1574 1726 1622 1754 sed
1631 1725 1716 1761 prima
1730 1722 1823 1750 statim
1837 1729 1906 1755 per

1102 1782 1163 1809 ritia
1177 1789 1192 1808 a
1203 1786 1317 1806 mamma
1332 1777 1424 1804 matris
1436 1775 1508 1803 venit
1519 1774 1553 1800 ad
1567 1778 1710 1800 mammam
1722 1768 1904 1804 spiritualem.

1104 1827 1138 1855 Et
1152 1824 1377 1864 quemadmodum
1393 1822 1473 1849 arbor
1486 1824 1614 1855 perpetua
1630 1817 1787 1852 irrigatione
1803 1815 1830 1841 in
1848 1820 1906 1840 ma-

1103 1862 1182 1913 gnam
1211 1874 1342 1902 em-rescit
1368 1869 1556 1899 altitudinem:
1573 1867 1611 1894 sic
1633 1870 1660 1893 et
1686 1864 1730 1891 hic
1751 1862 1906 1890 divinorum

1105 1907 1271 1957 eloquiorum
1297 1919 1418 1946 dootrina
1443 1916 1551 1943 assidue
1573 1911 1717 1950 irrigatus,
1741 1908 1774 1937 ad
1799 1907 1908 1936 virtutis

1106 1955 1241 2003 fastigium
1265 1965 1397 2001 pervenit.
1426 1964 1482 1998 Age
1505 1961 1645 1989 videamus
1669 1956 1806 1993 quomodo
1834 1955 1907 1982 illum

1106 2015 1249 2052 plantarit;
1264 2010 1554 2041 sectenturmulierem,
1563 2007 1642 2034 simul
1651 2013 1711 2032 cum
1724 2004 1767 2031 illa
1778 2002 1908 2037 templum

1109 2048 1431 2097 ingrcdiamttr.Ascendit,
1444 2056 1540 2091 inquit,
1555 2062 1613 2081 cum
1622 2053 1667 2079 illa
1682 2052 1708 2079 in
1717 2051 1805 2078 Selom
1816 2049 1825 2064 ¹
1838 2049 1864 2075 in
1874 2048 1910 2075 t-i-

1109 2095 1162 2135 tttlo
1170 2106 1261 2134 trienni
1270 2104 1375 2141 (LReg.
1386 2101 1542 2138 l.‘Zi)..lam
1552 2100 1687 2136 geminum
1696 2095 1910 2124 fitsacrificintn:

1110 2160 1137 2182 et
1149 2159 1208 2182 erat
1221 2152 1319 2179 vitulus
1335 2151 1378 2177 hic
1392 2148 1566 2179 irrationalis,
1583 2146 1627 2173 ille
1642 2143 1801 2174 rationalis;
1827 2147 1856 2169 et
1880 2141 1910 2168 H-

1111 2202 1165 2229 lum
1179 2199 1286 2235 quidem
1301 2197 1426 2225 sacerdos
1442 2194 1602 2226 immolavit,
1618 2193 1690 2219 hune
1705 2198 1770 2218 vero
1779 2188 1912 2217 dedicavit

1112 2247 1223 2279 mulier;
1238 2249 1348 2280 eratque
1361 2242 1480 2270 mulieris
1493 2240 1600 2268 victima
1616 2238 1711 2266 melior
1721 2244 1801 2272 quam
1815 2235 1914 2267 hostia,

1113 2301 1192 2330 quam
1206 2292 1303 2320 obtulit
1323 2289 1462 2318 sacerdos.
1478 2287 1542 2315 Hice
1557 2293 1666 2314 suorum
1683 2284 1820 2311 viscerum
1846 2282 1915 2309 facta

1114 2328 1155 2368 est
1166 2337 1364 2368 sacerdotissa;
1382 2336 1483 2362 imitata
1497 2338 1539 2361 est
1555 2331 1735 2368 patriarcham
1752 2328 1891 2356 Abraham
1908 2347 1916 2359 ,

1114 2392 1228 2420 cumque
1242 2384 1288 2410 illo
1302 2387 1437 2410 certamen
1453 2379 1581 2414 suscepit.
1595 2377 1648 2405 Sed
1662 2376 1705 2403 ille
1715 2374 1826 2410 quidem
1835 2374 1916 2400 ﬁlium

1116 2435 1251 2464 receptum
1267 2428 1374 2455 reduxit
1401 2427 1434 2454 de
1463 2429 1572 2456 monte;
1587 2425 1646 2452 haec
1671 2429 1736 2449 vero
1761 2420 1873 2455 reliquit
1895 2419 1919 2445 in

1115 2477 1229 2511 templo,
1256 2480 1284 2502 ut
1309 2475 1364 2501 illie
1376 2478 1505 2509 perpetuo
1521 2474 1652 2500 maneret.
1677 2468 1746 2502 Quin
1764 2467 1856 2502 potius
1878 2466 1921 2492 ille

1117 2530 1222 2558 quoque
1231 2526 1315 2549 totum
1323 2520 1456 2547 dedicavit
1467 2525 1475 2545 ς
1489 2525 1555 2545 cave
1564 2517 1635 2544 enim
1646 2515 1709 2543 illud
1720 2518 1840 2549 spectes,
1851 2511 1921 2547 quod

1119 2577 1170 2596 non
1184 2568 1293 2600 occidit,
1307 2567 1353 2595 sed
1369 2565 1441 2601 quod
1464 2565 1555 2592 animo
1575 2568 1660 2591 telum
1684 2560 1799 2596 peregit.
1826 2558 1922 2586 Vidisti

1119 2614 1245 2642 feminam
1257 2621 1318 2639 eum
1334 2613 1394 2639 viro
1408 2609 1610 2638 decertantem?
1623 2608 1712 2635 vidisti
1729 2606 1795 2634 nihil
1818 2614 1834 2632 a
1856 2612 1923 2632 sexu

1118 2661 1245 2692 vetitam,
1271 2660 1414 2694 quominus
1437 2657 1610 2685 :cmularetur
1636 2653 1840 2689 patriarcham?
1872 2651 1923 2680 Sed

1121 2707 1269 2738 videamus,
1287 2705 1422 2741 quomodo
1435 2704 1509 2731 illum
1532 2701 1707 2729 consecrarit.
1728 2700 1809 2731 Adiit,
1838 2699 1923 2734 inquit

1120 2752 1258 2786 Scriptura
1270 2771 1277 2783 ,
1301 2751 1473 2781 sacerdotem,
1498 2758 1528 2775 ac
1540 2748 1606 2775 dixit
1625 2747 1685 2774 illi:
1702 2745 1733 2773 In
1747 2754 1797 2778 me,
1821 2745 1928 2771 domine

1122 2798 1202 2834 (Ibid.
1212 2806 1236 2824 υ.
1245 2797 1304 2832 26).
1314 2797 1382 2830 Quid
1396 2796 1503 2824 tandem
1519 2800 1561 2823 est
1573 2794 1649 2824 illud.
1663 2792 1695 2820 In
1708 2792 1768 2819 me.’
1783 2791 1923 2822 Ausculta,

1123 2845 1218 2879 inquit,
1239 2844 1382 2879 diligenter
1395 2851 1454 2878 qua:
1468 2843 1572 2878 loquar.
1581 2841 1716 2875 Quoniam
1729 2840 1841 2867 nmltum
1853 2843 1922 2866 tem-

1125 2891 1195 2922 poris
1208 2891 1261 2925 jam
1278 2890 1478 2921 intercesserat,
1494 2888 1585 2916 studet
1606 2886 1650 2915 illa
1669 2895 1730 2922 quae
1754 2886 1827 2921 prius
1853 2885 1923 2912 dicta

1158 2951 1165 2965 ι
1183 2948 1249 2973 Coll).
1261 2954 1334 2979 unus,
1346 2947 1427 2979 sitam,
1440 2951 1465 2973 et
1477 2950 1511 2973 sic
1524 2949 1597 2973 etlam
1608 2952 1690 2975 sttpra.
