4064 6428
270 368 377 427 S‘i‘s

271 496 483 544 tut-rant
507 497 558 542 in
592 487 902 541 memoriam
926 496 1197 547 remoue,
1229 484 1451 551 ideoque
1477 482 1639 535 dicit:
1674 480 1735 533 In
1762 496 1857 542 me,

271 581 647 645 dontitte;t-ivit
676 580 845 632 anima
867 588 951 630 tua
983 593 1000 630 :
1035 584 1123 645 ego
1154 592 1262 628 sum
1294 574 1473 626 mulier
1505 588 1618 643 quis
1660 574 1863 626 constiti

271 679 324 729 in
349 687 618 745 conspectu
662 685 746 727 tuo
786 675 1060 737 deprecans
1103 669 1373 724 Dominum
1417 686 1508 737 pro
1550 684 1702 735 puero
1744 668 1855 719 hoc.

270 768 454 834 Effudi
500 784 669 838 preces
717 767 786 818 ad
828 765 1119 828 Dominum,
1172 773 1216 816 et
1248 763 1333 815 ille
1379 762 1514 813 dedit
1565 760 1689 811 mihi
1736 760 1857 823 peti-

269 860 482 921 tionem,
534 874 688 926 quam
736 855 961 925 petebant
1018 854 1080 905 ab
1110 870 1183 907 eo.
1206 852 1273 905 Et
1305 870 1393 922 rgo
1430 853 1688 904 tummodo
1716 851 1857 902 illum

270 948 494 1001 Domino
522 988 539 1013 ,
600 956 653 999 ut
701 947 886 1001 serviat
942 944 1158 997 Domino
1192 985 1204 1007 ,
1265 943 1494 996 omnibus
1544 940 1717 994 diebus
1746 950 1858 993 vita;

266 1056 381 1092 sua?
423 1039 498 1109 (1.
528 1038 650 1108 Reg.
684 1042 731 1092 1.
781 1038 873 1091 27.
917 1037 1029 1107 28).
1093 1037 1205 1089 Non
1254 1036 1420 1101 dixit,
1476 1034 1587 1104 Ego
1621 1050 1736 1088 sum
1769 1033 1855 1087 illa

268 1131 488 1195 mulier,
514 1132 597 1184 eui
625 1139 677 1183 tu
703 1129 1057 1198 exprobrasti,
1081 1143 1237 1197 quam
1262 1126 1556 1181 maledictis
1581 1126 1852 1195 impetisti,

267 1238 433 1291 quam
465 1223 610 1276 velut
629 1221 971 1276 temulentam
997 1230 1052 1275 et
1073 1220 1274 1273 ebriam
1293 1218 1560 1282 derisisti;
1587 1216 1704 1271 ideo
1719 1216 1857 1270 Deus

270 1314 371 1367 tibi
404 1313 695 1367 declarabit
724 1329 809 1367 me
837 1329 938 1367 non
968 1329 1087 1368 esse
1109 1312 1454 1377 vinolentam,
1485 1320 1537 1364 te
1577 1325 1704 1364 vero
1746 1308 1853 1363 cri-

264 1420 395 1458 men
425 1405 525 1459 hoc
555 1414 753 1460 temere
775 1404 902 1459 mihi
934 1404 1236 1475 impegisse.
1258 1404 1393 1457 Nihil
1418 1403 1718 1471 hujusmodi
1738 1417 1857 1456 vcr-

265 1497 461 1551 borum
490 1512 801 1566 aspcrorum
833 1498 985 1562 dixit,
1014 1496 1105 1550 sed
1125 1495 1285 1549 multa
1310 1511 1428 1549 cum
1452 1495 1855 1549 mansuetudine

263 1588 542 1657 loquitur:
573 1588 699 1642 licet
726 1588 946 1642 haberet
992 1604 1168 1642 rerum
1216 1595 1463 1640 eventum
1495 1586 1591 1639 sibi
1624 1587 1851 1654 patroci-

267 1692 513 1743 nantem,
541 1693 603 1731 ac
625 1678 743 1747 jure
772 1687 951 1748 posset
980 1678 1312 1745 exprobrare
1338 1675 1780 1745 sacerdoti,qu0d
1801 1675 1851 1729 id

269 1771 533 1838 temporis
561 1770 726 1838 ipsam
761 1778 962 1823 temere
991 1770 1125 1822 citra
1151 1782 1366 1821 causam
1412 1767 1707 1821 incusasset.
1728 1784 1743 1821 :
1768 1769 1849 1821 ni-

264 1862 341 1915 hil
368 1858 554 1915 horum
588 1861 730 1927 facit,
755 1861 849 1916 sed
881 1869 1086 1915 tantum
1117 1871 1499 1915 commemorat
1527 1860 1620 1914 Dei
1645 1874 1769 1929 erga
1793 1874 1851 1913 se

258 1954 694 2007 beneficentiam.
743 1952 1034 2008 Considera
1065 1967 1191 2005 vero
1216 1961 1423 2021 gratum
1450 1966 1510 2004 ac
1537 1950 1848 2020 prudentem

259 2046 474 2099 ancillae
504 2046 762 2101 animum.
795 2043 926 2099 Cum
953 2042 1300 2111 afﬂigeretur,
1325 2042 1520 2096 nemini
1553 2057 1702 2095 suam
1724 2055 1848 2109 ape-

258 2140 372 2192 ruit
398 2139 776 2202 calamitatem,
807 2152 903 2191 nec
928 2133 1188 2190 sacerdmi
1213 2134 1376 2188 dixit:
1398 2132 1659 2186 AEmulam
1679 2131 1851 2186 habeo

264 2232 577 2296 mulierem,
608 2246 726 2301 quae
754 2229 885 2284 mihi
916 2228 1246 2297 exprobrans
1266 2224 1685 2294 conviciansque
1708 2223 1842 2277 cho-

258 2340 383 2377 rum
414 2322 571 2377 habet
600 2322 890 2377 liberorum
922 2338 936 2375 :
965 2336 1065 2390 ego
1090 2334 1218 2373 vero
1244 2334 1363 2387 qua:
1385 2317 1845 2372 mansuetudinem

254 2415 403 2478 colo,
434 2414 501 2467 ad
532 2412 673 2469 hunc
696 2427 859 2482 usque
881 2412 1020 2466 diem
1047 2410 1281 2464 nondum
1310 2409 1456 2479 potui
1490 2408 1602 2463 fieri
1634 2418 1842 2471 mater;

255 2506 357 2560 sed
393 2507 531 2560 Deus
569 2504 828 2560 conclusit
863 2505 1073 2559 vulvam
1119 2515 1329 2567 meam,
1376 2515 1601 2569 cumque
1644 2500 1847 2552 videret

249 2598 604 2652 amictionem
633 2612 829 2665 meam,
876 2611 980 2651 non
1024 2604 1105 2651 est
1149 2595 1416 2648 misertus.
1463 2593 1604 2647 Nihil
1656 2593 1843 2645 homm

253 2690 395 2743 dixit
421 2705 435 2744 :
464 2689 557 2743 sed
586 2704 880 2758 suppresso
905 2687 1220 2742 calamitatis
1248 2700 1446 2755 genere
1470 2727 1481 2747 ,
1534 2693 1733 2738 tantum
1768 2685 1846 2735 in-

252 2781 458 2834 dicavit
489 2797 546 2835 se
568 2780 748 2834 animo
774 2781 897 2849 angi
925 2779 1135 2842 dicens,
1186 2777 1372 2830 Mulier
1398 2777 1450 2829 in
1488 2775 1620 2827 duro
1646 2775 1725 2827 die
1754 2790 1846 2842 ego

251 2888 371 2925 sum
404 2870 577 2937 (Ibid.
613 2886 661 2923 υ.
696 2872 821 2939 15),
848 2886 913 2923 ne
942 2870 1069 2923 illud
1099 2869 1313 2938 quidem
1352 2867 1576 2931 dictura,
1612 2866 1714 2919 nisi
1760 2880 1845 2919 sa-

247 2962 450 3017 cerdos
479 2952 579 3017 huc
601 2962 968 3031 compulisset,
1002 2961 1278 3028 suspicans
1301 2972 1416 3013 eam
1444 2972 1563 3011 esse
1582 2956 1843 3010 temulem

254 3067 390 3110 tam.
422 3058 490 3111 At
519 3064 866 3125 posteaquam
914 3053 966 3109 id
1006 3054 1196 3107 vulnus
1242 3051 1489 3115 sustulit,
1536 3050 1642 3103 Deo
1682 3048 1843 3103 dante

247 3148 400 3218 quod
430 3150 745 3218 postularat,
780 3157 887 3200 tum
910 3146 1126 3199 demum
1162 3143 1253 3198 Dei
1279 3143 1687 3198 beneficentiam
1716 3156 1843 3210 ape-

254 3242 327 3293 rit
352 3239 640 3303 sacerdoti,
672 3240 897 3307 cupiens
928 3238 1072 3290 illum
1108 3236 1159 3290 in
1188 3234 1407 3305 agendis
1430 3235 1614 3304 gratiis
1643 3233 1841 3287 habere

245 3343 585 3397 consortem,
618 3330 1071 3401 quemadmodum
1115 3330 1261 3398 prius
1308 3328 1567 3382 habuerat
1616 3328 1667 3380 in
1718 3341 1841 3395 pre-

244 3424 459 3488 cando;
489 3424 668 3493 aitque
700 3439 718 3475 .'
751 3421 856 3476 Pro
877 3437 1031 3493 puero
1056 3429 1148 3474 hoc
1175 3420 1435 3490 precabar,
1462 3420 1693 3487 deditque
1718 3418 1842 3471 mihi

247 3516 503 3569 Dominus
534 3516 821 3586 petitionem
876 3530 1068 3580 meant,
1102 3530 1251 3583 quam
1288 3512 1512 3583 petebam
1562 3512 1622 3563 ab
1663 3528 1739 3565 eo.
1774 3509 1841 3564 Et

248 3626 388 3662 nunc
412 3609 676 3663 commodo
703 3626 812 3662 eum
841 3606 1080 3661 Domino.
1114 3606 1249 3661 Vide
1276 3621 1433 3676 quam
1462 3606 1531 3659 sit
1574 3604 1837 3661 modesta.

245 3702 327 3756 Ne
351 3712 527 3772 putes,
559 3702 754 3770 inquit,
785 3716 869 3754 me
900 3716 1144 3770 magnam
1186 3715 1296 3753 rem
1340 3709 1430 3753 aut
1474 3696 1838 3752 admirandam

244 3796 449 3858 facere,
482 3794 621 3863 quod
657 3792 913 3848 infantem
945 3792 1137 3847 dedico
1168 3808 1182 3846 :
1218 3807 1322 3845 non
1367 3805 1466 3861 ego
1510 3790 1668 3858 hujus
1711 3788 1838 3843 boni

243 3886 431 3954 operis
457 3899 573 3937 sum
602 3895 809 3947 auctor,
847 3883 939 3938 sed
968 3882 1212 3953 persolvo
1237 3882 1495 3936 debitum.
1532 3880 1836 3949 Depositum

239 3978 391 4031 enim
413 3978 615 4046 accepi,
648 3986 701 4032 et
750 3978 849 4031 hoc
880 3979 927 4031 ei
958 3978 1179 4030 restituo
1210 3974 1298 4043 qui
1324 3974 1489 4029 dedit.
1520 3975 1694 4043 Atque
1724 3972 1839 4026 lucc

242 4071 377 4123 dum
406 4071 661 4140 loquitur,
698 4070 926 4138 scipsatn
950 4083 1162 4139 quoque
1188 4066 1451 4121 dedicavit
1474 4080 1595 4119 cum
1625 4078 1788 4133 puero
1819 4104 1833 4128 ,

240 4164 399 4233 quasi
438 4172 627 4218 catena
657 4163 884 4233 quadam
917 4172 1119 4215 natur-.e
1148 4159 1338 4213 affectu
1381 4158 1608 4228 seipsam
1638 4156 1837 4225 templo

242 4261 495 4331 alligans.

320 4352 378 4407 4.
419 4350 631 4405 Etenim
661 4349 705 4402 si
732 4349 819 4401 ubi
844 4357 926 4401 est
959 4346 1240 4400 thesaurus
1266 4342 1516 4405 hominis,
1547 4342 1656 4395 illic
1682 4350 1765 4395 cst
1785 4348 1839 4395 et

242 4458 343 4495 cor
365 4442 479 4511 ejus
509 4440 722 4509 (Matth.
755 4438 806 4493 6.
832 4439 924 4492 2|.
959 4436 1084 4489 an.
1112 4435 1196 4489 12.
1226 4434 1339 4497 54),
1364 4434 1530 4486 multo
1559 4432 1726 4503 magis
1748 4432 1836 4485 ubi

244 4548 387 4603 puer
424 4531 684 4593 mulieris,
728 4530 797 4583 ibi
842 4537 897 4583 et
939 4542 1090 4582 mens
1119 4526 1259 4579 illius
1289 4533 1423 4589 erat,
1465 4533 1623 4591 atque
1654 4532 1836 4575 uterus

244 4625 394 4679 illius
416 4638 629 4677 rursum
661 4621 979 4689 implebatur
1006 4616 1395 4672 benedictione.
1422 4614 1551 4667 Nam
1580 4614 1835 4666 simulat-

242 4732 352 4785 quc
376 4716 604 4778 dixerat,
633 4723 1001 4781 oraveratqne,
1030 4710 1150 4763 audi
1174 4708 1298 4779 quid
1322 4708 1567 4777 loquatur
1590 4710 1837 4760 sacetxlos

246 4805 464 4859 Eleana:
486 4822 501 4858 ε
533 4803 730 4858 Reddat
753 4802 841 4855 tibi
863 4801 1108 4855 Dominus
1124 4816 1287 4852 semen
1318 4797 1530 4851 alterum
1549 4812 1612 4849 ea:
1630 4797 1840 4855 muliere

242 4898 365 4961 ista,
418 4913 511 4965 pro
548 4896 887 4957 commodata,
932 4893 1069 4962 quod
1115 4892 1333 4945 Domino
1381 4889 1709 4943 commodasti
1754 4890 1834 4957 (l.

249 4991 377 5060 Reg.
408 4989 459 5043 2.
489 4988 604 5058 20).
634 4988 786 5041 Initio
806 4986 1155 5050 not-dixerat,
1178 4982 1379 5036 Reddat
1405 4982 1528 5035 tibi:
1557 4981 1649 5035 sed
1666 4981 1790 5050 quid
1814 4981 1838 5033 ?

251 5080 349 5134 Det
379 5083 466 5135 tibi
495 5082 740 5135 Dominus
783 5077 1024 5148 quidquid
1068 5073 1340 5145 postularis
1385 5073 1566 5142 (Ibid.
1616 5075 1666 5126 1.
1699 5072 1764 5126 17
1793 5070 1835 5140 ).

249 5172 451 5226 Verum
472 5182 812 5242 posteaquam
842 5170 927 5223 illa
961 5170 1124 5222 Deum
1156 5167 1350 5222 fecerat
1380 5166 1697 5230 debitorem,
1729 5166 1837 5219 ait:

249 5265 457 5319 Reddat
486 5263 597 5329 tibi,
633 5266 822 5317 bonam
845 5263 912 5317 de
938 5262 1128 5315 futuris
1155 5275 1304 5328 spem
1337 5258 1599 5328 prtcbens.
1628 5256 1836 5310 Etenim

247 5358 293 5410 si
331 5356 624 5410 dedit'cum
672 5353 799 5407 nihil
847 5353 1086 5415 deberet,
1138 5351 1302 5405 multo
1331 5350 1498 5417 magis
1535 5348 1840 5402 redditurus

246 5458 333 5501 est
377 5456 656 5518 postquam
697 5447 920 5515 accepit.
954 5446 1017 5499 Et
1043 5445 1128 5497 hic
1154 5458 1281 5513 ergo
1314 5442 1516 5511 primus
1544 5455 1609 5493 ex
1651 5452 1841 5509 preca-

252 5544 432 5603 tione,
462 5548 515 5591 et
546 5546 663 5607 post
694 5538 831 5591 hunc
860 5537 1038 5590 caeteri
1069 5552 1132 5590 ex
1180 5534 1547 5589 hcttcdictione
1572 5531 1841 5584 duxerunt

244 5634 535 5702 originem,
562 5638 701 5683 totus
735 5639 910 5683 autem
955 5628 1196 5682 mulieris
1238 5626 1437 5680 fructus
1476 5622 1837 5678 sanctificatus

249 5735 356 5780 cst.
408 5726 581 5792 Atque
622 5722 708 5776 hic
748 5722 1132 5792 primogenitus
1160 5718 1370 5773 feminm
1398 5715 1579 5770 virtuti
1610 5714 1838 5768 debeba-

249 5826 381 5877 tur:
404 5816 540 5874 alter
557 5829 683 5871 vero
711 5814 948 5869 mulieris
975 5830 1037 5869 ac
1064 5810 1355 5870 sacerdotis
1378 5817 1493 5863 erat
1516 5806 1837 5863 communis.

1506 354 1590 417 DE
1633 354 1813 418 ANNA
1854 357 2081 417 SlillMO
2156 362 2237 420 Ill.

3450 379 3552 433 ΓΗΒ

1973 480 2038 533 Et
2082 485 2213 536 δῖναι
2248 494 2385 539 terra
2424 488 2629 558 pinguis
2665 500 2727 545 ac
2764 488 2973 557 fertilis,
3020 503 3301 563 postquam
3341 511 3549 566 accepit

1967 575 2192 633 semina,
2222 579 2449 629 extendit
2481 581 2633 634 nolns
2656 591 2938 637 vernantes
2963 593 3171 652 segetes
3201 600 3215 637 :
3247 584 3325 640 sic
3343 596 3398 640 et
3422 601 3546 640 mu-

1968 667 2065 719 lier
2092 667 2220 727 lure.
2251 672 2499 738 quoniam
2531 688 2649 726 cum
2682 673 2785 728 fide
2808 676 3023 745 excepit
3046 677 3204 731 verba
3230 677 3544 743 sacerdotis,

1964 759 2095 812 alia»-
2125 760 2275 813 nohis
2308 763 2452 815 ltutas
2483 766 2656 832 spicas
2690 766 2957 833 produxit,
2990 776 3334 838 veteremque
3378 769 3545 824 male-

1964 852 2251 907 dictiunetn
2284 854 2409 907 Eva:
2432 857 2671 920 mutavit,
2704 859 2910 925 pariens
2939 875 3003 914 ex
3034 862 3339 928 precatione
3360 877 3422 916 ac
3447 862 3545 916 be-

1965 946 2281 1000 nedictione.
2327 948 2389 1000 Et
2420 959 2471 1001 tu
2506 949 2679 1017 igitur,
2708 964 2741 1003 0
2782 951 2990 1017 mulier,
3017 954 3151 1007 hanc
3186 953 3461 1019 :emulare,
3492 961 3548 1008 et

1964 1035 2006 1088 si
2028 1036 2223 1090 sterilis
2255 1037 2435 1101 fueris,
2473 1038 2630 1093 uiletn
2682 1041 3037 1108 precationem
3064 1042 3276 1107 exhibe,
3303 1042 3545 1097 sacerdo-

1966 1136 2070 1180 tem
2106 1142 2339 1196 aeccrse,
2385 1141 2442 1183 ut
2474 1139 2644 1184 tecum
2686 1132 2939 1201 suscipiat
2957 1133 3095 1201 apud
3132 1134 3294 1187 Deum
3324 1133 3545 1203 legatio-

1965 1234 2105 1272 nem.
2154 1219 2384 1273 Omnino
2431 1223 2474 1274 si
2505 1237 2624 1275 cum
2670 1222 2773 1277 fide
2803 1224 2958 1276 verba
2988 1225 3261 1292 cxcvperis
3288 1266 3301 1286 ,
3336 1235 3542 1292 patrum

1963 1309 2262 1363 benedictio
2292 1312 2342 1364 in
2386 1310 2613 1366 fructum
2643 1314 2805 1367 exibit
2842 1306 3148 1381 praeclarum
3170 1330 3232 1368 ac
3255 1326 3539 1369 maturum.

1959 1401 2111 1467 Quod
2142 1403 2184 1457 si
2218 1412 2389 1458 mater
2428 1404 2611 1469 fueris,
2654 1405 2719 1458 ad
2750 1404 2906 1475 hujus
2930 1406 3232 1473 exemplum
3285 1420 3538 1459 Consecra

1962 1494 2123 1547 lilium
2153 1504 2301 1549 tuum
2336 1498 2461 1551 Deo.
2492 1496 2581 1555 Illa
2607 1497 2657 1550 in
2689 1496 2940 1567 templum
2970 1496 3207 1562 adduxit,
3234 1506 3287 1551 tu
3320 1497 3539 1566 teipsam

1966 1589 2169 1659 regium
2203 1590 2455 1659 templum
2486 1590 2667 1645 redde.
2690 1586 2938 1654 Membra,
2969 1590 3156 1659 inquit,
3185 1599 3346 1643 vestra
3362 1603 3543 1655 corpus

1958 1682 2147 1735 Christi
2172 1692 2311 1747 sunt,
2340 1700 2401 1735 ac
2430 1684 2668 1753 templum
2697 1684 2861 1736 sancti
2888 1682 3134 1752 Spiritus,
3166 1680 3253 1749 qui
3276 1680 3422 1733 estin
3450 1694 3540 1731 vo-

1957 1774 2030 1826 bis
2057 1774 2134 1843 (1.
2158 1774 2275 1829 Cor.
2308 1776 2359 1829 6.
2392 1775 2505 1845 19).
2545 1778 2621 1829 Ac
2658 1791 2841 1831 rursus
2876 1794 2887 1829 :
2915 1774 3240 1840 Inhabitabo,
3272 1773 3461 1842 inquit,
3489 1771 3541 1823 in

1956 1866 2109 1927 vobis,
2142 1875 2190 1919 et
2216 1865 2537 1919 inambulabo
2558 1866 2635 1937 (2.
2662 1866 2778 1920 Cor.
2808 1867 2860 1921 6.
2891 1866 3001 1936 16).
3036 1867 3227 1919 Annon
3250 1861 3539 1917 absurdum

1955 1966 2035 2011 est
2062 1974 2158 2011 nos
2188 1957 2404 2011 domum
2436 1968 2697 2023 veterem,
2730 1959 2939 2013 ruinam
2970 1958 3303 2011 minitantem
3331 1955 3537 2017 fulcire,

1959 2051 2207 2119 pecunias
2248 2052 2634 2120 impendentes,
2674 2053 2851 2105 fabros
2891 2059 3249 2115 accersentes,
3305 2057 3361 2102 et
3407 2046 3538 2101 nihil

1956 2157 2059 2195 non
2088 2141 2367 2207 facientes,
2400 2141 2616 2195 domum
2660 2151 2839 2195 autem
2886 2140 2980 2195 Dei
3017 2146 3166 2211 (nam
3215 2137 3309 2195 Dei
3349 2137 3540 2192 domus

1953 2247 2072 2287 esse
2094 2232 2252 2287 debet
2276 2232 2632 2287 adolescentis
2658 2230 2858 2300 anima)
2886 2246 2955 2287 ne
2981 2231 3184 2301 vulgari
3215 2228 3429 2299 qnidem
3453 2227 3536 2282 di-

1953 2324 2100 2394 gnari
2133 2340 2259 2378 cura
2283 2324 2307 2377 ?
2340 2324 2471 2379 Vide
2503 2340 2570 2380 ne
2596 2325 2736 2379 idem
2762 2323 2966 2387 audias,
2995 2322 3137 2393 quod
3167 2323 3295 2377 olim
3320 2319 3539 2374 audiere

1951 2415 2139 2471 Judaei.
2171 2414 2302 2471 Nam
2335 2416 2409 2469 illi
2433 2425 2779 2486 posteaquam
2806 2430 2833 2467 a
2856 2416 3160 2483 captivitate
3186 2412 3382 2468 reversi
3406 2423 3540 2465 tem-

1954 2508 2096 2575 plum
2141 2508 2414 2561 materiale
2459 2508 2756 2575 neglecmnt
2804 2506 3072 2572 viderunt,
3112 2515 3167 2559 et
3214 2504 3357 2558 aedes
3410 2516 3535 2556 suas

1950 2610 2298 2665 evomarttnt,
2342 2601 2478 2655 adeo
2507 2602 2669 2654 Deum
2701 2608 3108 2669 exasperarunt,
3142 2607 3197 2651 ut
3226 2612 3333 2651 non
3362 2596 3533 2650 solum

1950 2695 2185 2746 mitteret
2210 2694 2287 2745 eis
2316 2691 2647 2759 prophetam,
2693 2691 2781 2760 qui
2814 2690 3005 2744 famem
3038 2689 3392 2749 minitaretur,
3424 2701 3533 2738 ma-

1947 2800 2212 2854 gnamque
2238 2799 2413 2839 rerum
2435 2785 2855 2837 necessariarum
2880 2780 3154 2850 penuriam
3178 2821 3193 2845 ,
3249 2780 3342 2832 sed
3401 2775 3536 2831 hanc

1948 2878 2109 2931 etiam
2156 2875 2589 2929 comminationis
2618 2891 2838 2928 causam
2865 2874 3205 2943 eloqueretur
3236 2894 3247 2926 :
3291 2869 3389 2923 Vos
3416 2869 3533 2939 qui-

1949 2973 2061 3021 dem
2092 2968 2324 3021 habitatis
2348 2968 2399 3020 in
2421 2968 2651 3019 dantibus
2681 2965 2928 3035 laqueatis
2958 2981 2976 3017 :
3012 2964 3190 3016 domus
3217 2972 3385 3015 autem
3424 2976 3535 3013 mea

1948 3062 2145 3115 deserta
2169 3073 2239 3114 est
2264 3060 2415 3130 (Agg.
2447 3061 2497 3114 1.
2530 3060 2609 3129 4).
2636 3059 2787 3124 Quod
2821 3058 2862 3111 si
2888 3058 3025 3111 illius
3058 3056 3236 3125 tetani
3262 3054 3533 3124 neglectus

1950 3164 2147 3207 tantam
2194 3152 2442 3206 excitavit
2490 3153 2620 3204 iram
2655 3150 2917 3213 Numinis,
2955 3148 3124 3202 multo
3161 3146 3329 3215 magis
3378 3144 3533 3213 hujus

1948 3246 2127 3314 templi
2159 3243 2429 3312 neglectus
2452 3243 2515 3295 ad
2535 3242 2858 3295 iracundiam
2876 3239 3179 3307 provocabit
3206 3236 3486 3291 Dominum
3516 3251 3529 3287 :

1947 3338 2207 3408 siquidem
2262 3336 2363 3389 hoc
2417 3335 2669 3405 templum
2724 3344 2870 3387 tanto
2915 3342 2996 3386 est
3051 3332 3142 3385 illo
3196 3328 3529 3389 honoratius,

1945 3440 2146 3499 quanto
2186 3430 2337 3498 plura
2385 3429 2543 3481 habet
2570 3425 2936 3479 sanctimonia:
2961 3422 3221 3493 symbols.
3252 3420 3398 3472 Cave
3430 3419 3526 3487 igi-

1946 3523 2105 3592 gitur,
2133 3538 2200 3575 ne
2229 3519 2482 3589 templum
2515 3518 2608 3572 Dei
2638 3517 2721 3571 liat
2750 3516 3003 3585 Spelunca
3033 3514 3297 3567 latronum
3330 3551 3343 3573 ,
3378 3524 3445 3563 ne
3474 3516 3527 3562 et

1946 3615 2167 3666 alteram
2194 3610 2378 3665 audias
2407 3608 2856 3679 objurgationem,
2887 3620 2990 3674 qua
3021 3603 3262 3657 Christus
3283 3600 3529 3669 objurga-

1948 3706 2019 3758 vit
2044 3704 2278 3765 Judteos,
2320 3702 2504 3755 dicens
2530 3719 2541 3752 :
2573 3698 2767 3752 Domus
2798 3695 2966 3749 Patris
2997 3695 3113 3759 mei,
3148 3693 3325 3745 domus
3352 3706 3528 3758 preca-

1945 3799 2093 3850 tionis
2119 3806 2191 3848 est
2220 3810 2238 3847 :
2266 3811 2350 3849 vos
2372 3804 2545 3846 autent
2581 3792 2766 3860 fecistis
2792 3805 2903 3842 eam
2943 3788 3235 3858 speluncam
3272 3787 3525 3837 latronum

1946 3887 2161 3958 (Matth.
2188 3886 2280 3938 2t.
2310 3886 2397 3939 15.
2442 3882 2565 3935 Luc.
2598 3880 2685 3934 19.
2730 3880 2842 3948 46).
2874 3878 2979 3932 Sed
3010 3874 3276 3945 quomodo
3306 3873 3360 3926 fit
3407 3887 3526 3941 spc-

1945 3981 2097 4032 lunea
2124 3976 2387 4030 latronum
2414 3974 2437 4023 ?
2462 3972 2593 4027 Cum
2624 3972 2855 4041 patimur
2895 3967 3179 4021 illiberales
3215 3979 3279 4019 ac
3309 3961 3528 4016 serviles

1944 4068 2401 4139 concupiscentias
2434 4064 2813 4133 libidinemque
2866 4062 3083 4126 intrare,
3135 4058 3425 4126 sedemque
3464 4054 3524 4107 li-

1943 4180 2069 4234 gere
2101 4165 2152 4216 in
2193 4158 2710 4215 adulescentulorum
2738 4155 2948 4209 animis.
2979 4152 3133 4207 Tales
3160 4151 3301 4205 enim
3330 4148 3529 4218 cogita-

1946 4258 2119 4310 tiones
2145 4252 2552 4323 perniciosiorcs
2581 4259 2707 4303 sunt
2735 4247 3050 4314 latronibus,
3087 4260 3206 4314 quae
3236 4256 3524 4313 puerorum

1945 4349 2325 4419 ingenuitatem
2358 4354 2569 4399 vertunt
2610 4343 2662 4396 in
2712 4342 3044 4404 servitutem,
3077 4338 3327 4406 ipsosque
3358 4333 3528 4387 brutis

1942 4439 2320 4509 cupiditatibus
2359 4436 2559 4490 dedunt
2597 4432 2856 4501 captivos,
2887 4430 3117 4497 undique
3158 4424 3527 4481 confodientes

1947 4533 2084 4598 illos,
2118 4547 2181 4584 ac
2200 4538 2432 4583 mentem
2456 4526 2669 4579 illorum
2687 4520 2868 4575 multis
2892 4518 3172 4587 impleutes
3198 4512 3525 4568 vulneribus.

1944 4627 2282 4693 Quapropter
2321 4620 2435 4673 haec
2474 4614 2710 4685 quotidie
2748 4611 3110 4679 dispiciamus,
3140 4618 3195 4661 et
3227 4605 3400 4659 verbis
3430 4618 3529 4671 pro

1944 4719 2141 4773 scutica
2175 4724 2401 4777 utentes,
2432 4724 2619 4762 omnes
2659 4707 2709 4760 id
2745 4718 2914 4774 genus
2958 4701 3179 4755 allectus
3219 4698 3289 4750 ab
3318 4697 3528 4750 illorum

1945 4810 2138 4864 animis
2183 4805 2532 4873 depellanuts,
2564 4816 2670 4870 quo
2698 4798 2949 4852 videlicet
2980 4795 3074 4849 ﬁlii
3112 4792 3388 4849 nobiscum
3427 4805 3533 4844 (xe-

1943 4903 2092 4959 lestis
2123 4899 2349 4956 civitatis
2390 4898 2599 4950 valeant
2633 4909 2754 4948 esse
2784 4890 3088 4961 participes,
3130 4896 3187 4943 et
3223 4887 3533 4940 universum

1946 4995 2144 5049 cultum
2176 4992 2264 5060 qui
2308 4990 2611 5044 celebratur
2642 4986 2749 5040 illic
2791 4986 2893 5038 rite
2922 4996 3197 5052 peragere.
3234 4982 3423 5033 Annon
3456 4976 3532 5029 vi-

1945 5089 2081 5144 detis
2134 5086 2463 5154 frequeutcr,
2515 5080 2659 5151 quod
2708 5079 2883 5149 quiin
2935 5075 3157 5130 urbibus
3205 5079 3485 5126 versantur
3513 5107 3530 5132 ,

1949 5195 2142 5250 pueros
2169 5192 2338 5245 nuper
2363 5192 2391 5229 a
2425 5175 2560 5228 lacte
2590 5171 2842 5241 depulsos
2870 5166 3254 5236 thallophoros,
3283 5172 3375 5215 aut
3404 5171 3533 5229 ago-

1948 5272 2216 5335 nothetas,
2236 5279 2324 5323 aut
2349 5266 2696 5323 certaminum
2725 5260 3004 5333 prmfectos
3035 5260 3077 5325 ί,
3101 5266 3190 5309 aut
3210 5255 3532 5309 chorearum

1948 5363 2230 5431 magistros
2270 5360 2511 5415 faciunt?
2553 5357 2696 5411 Idem
2738 5364 2791 5409 et
2830 5364 2928 5405 nos
2972 5350 3244 5410 faciamus,
3291 5361 3319 5397 a
3352 5343 3543 5414 primis

1950 5455 2129 5509 statim
2162 5453 2316 5506 annis
2344 5450 2657 5504 inducamus
2683 5462 2776 5500 eos
2793 5443 2859 5497 ad
2880 5440 3216 5511 disciplinam
3242 5437 3535 5492 caalestem.

1952 5546 2226 5616 Siquidem
2256 5542 2371 5596 lucc
2397 5551 2629 5600 terrena,
2679 5552 2800 5591 cum
2828 5534 3156 5604 impendium
3185 5530 3413 5591 adferat,
3428 5525 3539 5582 fru-

1948 5646 2096 5693 ctum
2131 5644 2305 5688 tamen
2336 5630 2535 5685 nullum
2567 5627 2743 5683 habet.

2015 5754 2029 5783 ί
2056 5740 2334 5799 Co‘lbertini
2374 5738 2576 5799 ad‘lllm:
2601 5739 2655 5799 ετ,
2668 5726 3110 5799 _9!l"?’m'€r".'.”.
3129 5725 3239 5799 (⁷⁸ᾳῖ
3250 5718 3544 5799 7991393.?-

1951 5783 2537 5876 χουςῖῗξῖἶὲίῖξηινῖὶθέ.
2566 5783 2617 5844 1η
2642 5783 2816 5845 ὶὶὸὶίοι.
2840 5798 2893 5837 ct.
2916 5789 3066 5837 Savil.
3102 5789 3206 5834 haec
3232 5797 3321 5831 vox
3347 5783 3540 5829 deerat.
