4064 6444
535 355 633 406 sm

607 470 662 525 5.
704 467 992 536 Disciplina
1041 463 1226 518 ctelein
1269 461 1528 514 imbueudi
1573 461 1807 529 juvenes.
1858 487 1925 496 —
1968 454 2119 514 Nam.

535 578 720 633 quaeso
733 570 804 628 te,
823 560 940 630 quis
953 558 1154 612 fructus
1176 569 1296 610 esse
1310 552 1478 624 possit
1503 568 1534 606 e
1563 551 1800 620 populari
1820 548 2080 618 applausu
2105 546 2128 599 ἲ

535 656 706 711 Simul
727 662 782 708 ut
810 664 1031 720 vespera
1057 663 1154 703 nos
1180 646 1474 716 occuparit,
1514 643 1658 698 illico
1680 643 1895 712 plausus
1923 639 2013 694 ille
2039 646 2123 692 to-

537 756 726 814 tusque
767 741 1022 797 tumultus
1068 735 1385 794 emarcescit
1421 753 1434 789 :
1482 749 1543 788 ac
1574 733 1706 789 festo
1743 739 1978 802 peracto,
2009 743 2130 797 per-

537 836 662 890 inde
707 833 858 905 quasi
889 833 940 886 in
983 829 1205 886 somniis
1234 827 1431 882 fuerint
1459 823 1689 880 deliciati
1713 863 1727 888 ,
1757 823 1827 876 ita
1856 821 2002 876 omni
2029 833 2124 874 vo-

536 927 736 996 luptate
759 923 1003 980 destituti
1028 922 1368 984 consistunt;
1403 933 1500 974 nec
1525 933 1555 972 a
1585 929 1806 981 corona,
1831 927 1930 968 nec
1955 928 1984 966 a
2014 927 2126 966 ma-

534 1017 725 1086 gnifica
753 1024 922 1078 veste,
954 1028 1054 1069 nec
1077 1027 1107 1068 a
1129 1011 1338 1080 reliquo
1369 1009 1504 1064 fastu
1532 1007 1783 1062 universo
1811 1010 2124 1072 conceptam

535 1108 883 1177 voluptatem,
911 1105 956 1160 si
996 1113 1260 1174 quaerant,
1285 1099 1528 1154 invenire
1546 1098 1746 1159 valent,
1769 1094 1910 1166 quod
1945 1093 2122 1148 omnia

537 1199 624 1254 illa
646 1198 835 1269 quovis
852 1204 1014 1252 vento
1034 1194 1263 1251 celerius
1292 1200 1727 1262 prmtercurrant.

609 1291 854 1346 Felicitas
894 1291 1008 1345 vitae
1051 1289 1280 1344 celestis.
1313 1286 1669 1358 Abnegationis
1714 1284 1851 1337 modi
1880 1282 2024 1336 varii.
2054 1312 2123 1322 —

533 1383 802 1437 Caeterum
843 1381 897 1436 in
927 1379 1127 1436 caelesti
1157 1380 1264 1432 vita
1295 1376 1472 1431 omnia
1514 1389 1668 1429 secus
1708 1373 1905 1428 habent
1937 1390 1951 1427 :
1992 1373 2122 1426 citra

542 1479 836 1544 impensam
871 1474 1080 1528 lucrum
1126 1470 1371 1526 adferunt
1400 1478 1453 1524 et
1491 1467 1766 1536 copiosum
1813 1476 1870 1520 et
1907 1464 2119 1518 stabile.

539 1567 672 1621 Nam
700 1565 808 1621 illic
835 1580 940 1619 non
973 1563 1212 1618 homines
1239 1561 1407 1624 ebrii,
1437 1558 1529 1614 sed
1561 1556 1872 1627 angelorum
1899 1555 2124 1624 pepulus

537 1657 730 1728 iugiter
766 1655 1035 1727 applaudit
1065 1668 1180 1709 rem
1207 1652 1430 1723 gerenti.
1455 1649 1560 1704 Sed
1583 1647 1709 1719 quid
1735 1646 1868 1712 dixi,
1895 1645 2113 1715 angelo-

539 1767 657 1807 rum
699 1749 970 1821 populus?
1010 1748 1128 1818 lpse
1153 1745 1460 1816 angelorum
1495 1742 1750 1796 Dominus
1776 1739 2034 1803 laudabit,
2070 1747 2126 1792 et

536 1842 904 1915 comprobabit
935 1840 1217 1908 illquui
1243 1853 1372 1894 vero
1398 1853 1425 1891 a
1457 1838 1564 1892 Deo
1596 1835 1860 1900 laudatur,
1889 1848 1995 1887 non
2018 1845 2125 1886 uno

535 1937 771 1992 alterove
808 1936 916 2002 die,
959 1942 1052 1988 aut
1097 1932 1253 1988 tertio
1275 1974 1290 1998 ,
1322 1930 1415 1985 sed
1448 1932 1499 1984 in
1541 1937 1804 1984 aeternum
1835 1927 2126 1996 triumphat

536 2029 643 2083 illic
667 2038 884 2098 gestans
912 2040 1189 2089 coronam,
1220 2038 1319 2079 nec
1350 2036 1600 2092 umquam
1629 2028 1790 2088 caput
1825 2017 1953 2073 illud
1979 2016 2126 2073 vide-

537 2121 621 2176 bis
639 2135 712 2176 'ea
734 2119 988 2175 nudatum
1016 2118 1182 2188 gloria
1215 2134 1227 2169 :
1257 2131 1429 2184 neque
1459 2113 1604 2168 enim
1629 2112 1769 2166 illius
1795 2108 2123 2166 celebritatis

539 2223 748 2282 tempus
779 2212 952 2267 certis
989 2210 1178 2265 diebus
1206 2205 1672 2274 circumscriptum
1700 2213 1802 2268 est,
1833 2201 1924 2257 sed
1957 2215 2124 2270 usque

536 2305 602 2358 ad
659 2303 817 2358 futuri
863 2301 1044 2356 saeculi
1097 2297 1554 2354 immortalitatem
1601 2293 1931 2350 extenditur.
1991 2291 2126 2346 Huic

535 2397 697 2450 cultui
723 2409 1010 2464 numquam
1038 2401 1318 2462 paupertas
1355 2404 1474 2445 esse
1520 2389 1692 2458 possit
1721 2385 2121 2456 impedimento,

535 2502 721 2542 verum
761 2494 814 2538 et
852 2482 1080 2554 pauperi
1131 2482 1256 2535 licet
1305 2479 1405 2533 hoc
1447 2476 1723 2533 celebrare
1765 2476 1983 2539 festum,
2015 2475 2124 2528 imo

536 2579 754 2649 pauperi
799 2576 1050 2637 maxime.
1098 2573 1294 2644 quippe
1332 2571 1424 2642 qui
1472 2571 1539 2625 ab
1568 2569 1714 2625 omni
1760 2568 1942 2623 mundi
1985 2566 2122 2622 fastu

535 2670 867 2740 strepituque
895 2667 964 2720 sit
1009 2665 1146 2720 liber
1176 2681 1191 2718 :
1222 2678 1398 2733 neque
1427 2662 1570 2716 cnim
1595 2676 1732 2730 opus
1758 2670 1841 2716 est
1873 2660 2122 2730 pecunia-

533 2777 655 2818 rum
680 2761 962 2830 impendiis
978 2767 1034 2814 et
1059 2757 1354 2828 opulentia.
1374 2755 1468 2810 sed
1489 2756 1668 2810 animo
1686 2769 1842 2824 puro,
1866 2768 1928 2809 ac
1941 2761 2120 2808 mente

532 2854 731 2909 sobria.
759 2852 882 2906 Haec
909 2851 1052 2906 enim
1077 2859 1161 2906 est
1186 2865 1306 2919 quae
1335 2848 1474 2903 illius
1503 2846 1828 2902 vitanestes
1852 2846 1981 2901 texit
2006 2845 2122 2900 ani.

533 2961 656 3009 mar,
688 2946 802 3000 hare
829 2959 958 3014 qua:
986 2957 1214 2998 coronas
1245 2940 1411 2996 nectit
1439 2954 1452 2994 :
1483 2955 1601 3009 quae
1629 2939 1730 2993 nisi
1757 2939 1966 2992 virtutis
1995 2936 2118 2992 offi-

536 3037 635 3090 ciis
663 3035 821 3090 fuerit
848 3043 1126 3096 exornata,
1151 3031 1277 3086 nulli
1305 3030 1421 3085 usui
1445 3030 1547 3085 erit
1573 3029 1688 3084 auri
1715 3043 1906 3098 magna
1931 3027 2116 3097 copia:

530 3127 670 3182 sicut
699 3143 730 3182 e
753 3126 966 3182 diverso
997 3139 1097 3182 nec
1135 3123 1333 3178 damno
1361 3123 1467 3177 erit
1497 3130 1804 3191 paupertas,
1833 3120 1876 3174 si
1903 3118 2116 3174 divitias

530 3220 676 3274 intus
707 3217 896 3272 habeat
927 3215 1210 3286 repositas.
1246 3213 1394 3268 Hanc
1419 3212 1784 3268 celebritatem
1812 3226 1917 3264 non
1959 3208 2118 3263 modo

521 3309 752 3365 niasculi
792 3310 966 3374 liberi,
1001 3307 1094 3365 sed
1133 3318 1186 3363 et
1220 3307 1341 3361 filize
1385 3305 1540 3361 nobis
1567 3304 1843 3360 celebrent
1889 3321 1904 3357 :
1945 3316 2118 3372 neque

522 3404 692 3468 enim,
722 3401 1172 3472 quemadmodum
1213 3400 1266 3455 in
1295 3409 1516 3455 externa
1543 3397 2006 3454 administratione
2033 3395 2115 3449 vi-

527 3496 601 3550 ris
645 3505 846 3551 tantum
888 3498 1208 3564 imperatum
1243 3503 1323 3550 est
1354 3493 1455 3548 hoc
1489 3492 1684 3548 fesmm
1717 3507 1895 3564 agere,
1928 3504 2114 3545 verum

525 3598 578 3641 et
607 3587 832 3641 feminas
876 3587 1005 3641 illud
1033 3585 1221 3655 recipit
1247 3585 1512 3640 theatrum
1535 3624 1552 3650 ,
1576 3594 1630 3640 et
1652 3599 1812 3640 senes
1835 3625 1850 3651 ,
1884 3593 1939 3639 et
1957 3583 2112 3652 jure-

527 3691 642 3742 nes,
672 3687 725 3732 et
750 3692 935 3733 servos
957 3685 1011 3730 et
1040 3678 1318 3747 ingenuos.
1345 3676 1448 3731 Ubi
1471 3677 1615 3732 enim
1642 3676 1806 3730 animi
1827 3684 2110 3745 spectacu-

528 3772 636 3825 lum
663 3779 746 3825 est
769 3813 782 3836 ,
814 3771 882 3824 ibi
913 3785 1018 3824 non
1048 3785 1228 3833 sexus,
1261 3784 1364 3822 non
1387 3780 1537 3834 mtas,
1571 3783 1674 3824 non
1697 3768 1928 3839 dignitas
1953 3767 2113 3836 hujus

524 3862 726 3929 smculi,
757 3876 864 3916 nou
897 3861 1038 3916 aliud
1071 3860 1362 3931 quidquam
1393 3859 1652 3929 impedire
1698 3867 1890 3928 potest.
1929 3857 2112 3926 quue

522 3969 617 4009 vos
647 3969 833 4009 omnes
858 3954 1147 4021 exhortor,
1179 3961 1237 4007 ut
1277 3968 1304 4005 a
1336 3954 1532 4007 teneris
1571 3951 1751 4005 statim
1783 3951 1940 4005 annis
1972 3958 2026 4002 et
2053 3950 2111 4002 li-

521 4047 622 4100 lius
651 4056 706 4100 et
737 4047 872 4101 ﬁlias
911 4044 1213 4113 hujusmodi
1260 4044 1620 4100 functionibus
1646 4041 1873 4109 dedatis,
1905 4051 1960 4097 et
1990 4041 2111 4097 huic

523 4137 642 4190 vita:
683 4137 924 4190 instituto
969 4145 1329 4206 congruentes
1368 4135 1582 4190 divitias
1623 4135 1702 4190 eis
1744 4133 1977 4199 addatis,
2003 4149 2107 4188 non

521 4241 710 4280 aurum
742 4226 1097 4292 defodieutes,
1136 4242 1242 4280 non
1271 4235 1546 4296 argentum
1573 4235 1978 4296 congregantes.
2013 4224 2107 4280 sed

522 4317 860 4385 umdestia'm,
902 4319 1269 4384 sobrietatem,
1305 4333 1368 4373 ac
1403 4318 1704 4388 pudicitiam
1728 4358 1743 4382 ,
1773 4317 2109 4387 reliquasque

519 4410 741 4464 virtutes
753 4425 942 4464 omnes
967 4409 1018 4462 in
1038 4408 1230 4464 animis
1251 4423 1436 4464 eorum
1463 4419 1807 4477 reponentes.
1834 4408 1945 4464 llos
1965 4409 2106 4463 enim

516 4512 762 4573 sumptus
783 4502 948 4573 exigit
979 4501 1066 4555 illa
1099 4501 1315 4555 functio.
1343 4499 1398 4556 Si
1429 4500 1567 4555 hanc
1593 4500 1750 4576 igitur
1775 4500 2103 4570 opulentiam

518 4602 630 4647 tum
661 4592 838 4656 nobis,
868 4603 980 4646 tum
1008 4592 1129 4647 llliis
1152 4591 1550 4661 collegerimus,
1573 4600 1629 4644 et
1658 4591 1707 4644 iu
1729 4591 1980 4660 prteseuti
2003 4589 2105 4644 vita

518 4685 745 4737 multum
779 4683 1081 4752 splendoris
1128 4697 1540 4754 consequemur,
1573 4691 1629 4737 et
1675 4683 1728 4736 in
1775 4682 1948 4736 futura
2001 4684 2104 4736 vita

521 4773 730 4826 beatam
772 4773 914 4827 illam
968 4788 1154 4829 vocem
1195 4774 1494 4838 audiemus,
1543 4787 1640 4842 per
1664 4787 1822 4843 quam
1859 4771 2108 4828 Christus

521 4877 710 4916 erunes
738 4864 826 4933 qui
865 4863 1036 4931 ipsum
1072 4864 1303 4919 confessi
1343 4863 1562 4928 fuerint,
1603 4877 1702 4918 suo
1719 4874 2108 4934 ornatpraeco-

524 4952 631 5007 nio.
655 4952 937 5008 Confessio
952 4962 1127 5008 autem
1153 4971 1257 5010 non
1277 4964 1478 5009 tantum
1499 4955 1558 5008 fit
1577 4970 1672 5024 per
1689 4954 1871 5021 fidem,
1917 4971 2104 5011 verum

520 5048 681 5101 etiam
728 5060 824 5116 per
869 5059 1032 5116 opera
1057 5087 1072 5110 ,
1103 5045 1238 5102 adeo
1266 5055 1326 5101 ut
1351 5046 1398 5101 si
1427 5047 1541 5102 haec
1571 5047 1783 5113 absint,
1831 5051 2105 5104 veniamus

516 5139 566 5192 iu
595 5137 888 5207 periculum
911 5179 927 5204 ,
961 5151 1029 5192 ne
1055 5152 1176 5192 cum
1217 5136 1601 5207 abnegantihus
1642 5153 1826 5207 poenas
1873 5139 2100 5194 luamus.

512 5229 693 5301 Neque
719 5229 862 5285 enim
895 5243 1032 5285 unus
1056 5238 1140 5284 est
1163 5229 1459 5300 abnegaudi
1487 5229 1676 5284 modus
1700 5272 1715 5296 ,
1745 5231 1838 5285 sed
1869 5231 2020 5284 multi
2049 5239 2104 5285 et

509 5323 664 5389 varii,
712 5337 848 5392 quos
891 5321 1085 5377 Paulus
1129 5322 1284 5378 nobis
1315 5322 1646 5389 describens,
1698 5324 1768 5377 ita
1817 5323 2097 5392 loquitur:

517 5417 828 5483 l’rcﬁtentur
869 5431 924 5470 se
962 5432 1109 5471 nosse
1161 5415 1342 5478 Deum,
1369 5415 1458 5469 sed
1496 5416 1642 5484 factis
1684 5425 1868 5485 negant
1899 5412 2020 5484 (Tit.
2047 5416 2098 5470 l.

513 5509 624 5578 lli);
654 5515 709 5561 et
741 5523 948 5571 rursus,
983 5508 1044 5562 Si
1067 5509 1181 5575 quis
1209 5525 1438 5573 suorum,
1478 5519 1526 5564 et
1554 5509 1773 5562 maxime
1800 5508 2102 5562 domestico-

512 5613 623 5649 rum
652 5614 828 5651 curam
872 5614 973 5651 non
1013 5599 1176 5662 habet,
1219 5601 1371 5668 ﬁdem
1415 5601 1700 5670 abnegavit,
1731 5609 1872 5654 etest
1901 5599 2099 5668 inﬁdeli

511 5690 726 5743 deterior
752 5690 832 5755 (l.
877 5688 1008 5742 Tim.
1054 5691 1106 5745 5.
1139 5689 1218 5758 2).
1247 5690 1316 5744 Et
1340 5691 1553 5756 iterum,
1586 5689 1770 5762 Fugite
1808 5693 2094 5757 avaritiam,

511 5793 626 5844 (μίαν
674 5788 743 5832 est
772 5780 1022 5830 idolorum
1051 5781 1215 5834 cultus
1238 5780 1450 5849 (Coloss.
1477 5783 1531 5836 5.
1561 5782 1636 5852 εἰ).
1668 5783 1800 5838 Cum
1832 5783 1989 5853 igitur
2019 5789 2096 5837 tot

1211 351 1268 402 S.
1310 347 1587 404 JOANNIS
1613 342 2080 402 CHRYSOSTOMI
2123 341 2440 399 AllClllEP.
2480 345 3011 403 CONSTANTINOP.

3728 354 3834 408 660

2240 453 2348 509 sint
2391 456 2690 527 abnegandi
2729 458 2874 514 modi
2901 501 2917 526 ,
2945 456 3287 515 manifestum
3325 467 3408 516 est
3439 461 3669 517 totidem
3711 478 3834 518 esse

2233 547 2544 617 confitendi,
2575 565 2639 606 ac
2681 550 2851 607 multo
2884 551 3045 607 etiam
3078 552 3298 622 plures;
3349 554 3548 624 quibus
3579 557 3834 614 omnibus

2232 639 2474 695 confiteri
2505 640 2835 709 studeamus,
2857 652 2916 697 ut
2943 654 2996 699 et
3025 644 3124 714 ipsi
3155 645 3208 700 in
3235 645 3385 701 caelis
3411 645 3680 704 honorem
3701 663 3837 704 con-

2231 744 2558 799 sequamur,
2605 733 2775 803 gratia
2828 742 2883 789 et
2925 733 3166 792 bonitate
3215 735 3430 792 Domini
3485 741 3658 794 nostri
3703 739 3834 796 Jesu

2230 812 2451 890 Christi,
2483 840 2578 894 per
2603 841 2761 896 quem
2783 835 2837 881 et
2865 842 2986 882 cum
3012 843 3118 898 quo
3139 828 3283 884 Patri
3308 829 3500 900 gloria,
3530 831 3689 888 simul
3708 848 3835 889 eun

2231 927 2416 970 sancto
2439 917 2662 987 Spiritu,
2691 933 2836 976 nunc
2863 928 2918 976 et
2947 934 3183 991 semper,
3214 931 3268 978 et
3296 921 3351 978 in
3377 923 3574 980 mula
3603 925 3838 983 saeculo-

2229 1023 2367 1063 rum.
2401 1010 2595 1066 Amen.

2847 1145 3080 1203 SERMO
3115 1146 3205 1204 IV.

2229 1258 2310 1312 Ad
2346 1274 2430 1312 eos
2473 1259 2559 1327 qui
2604 1259 2812 1314 collecta
2856 1261 3033 1315 relicta
3077 1261 3148 1315 ad
3189 1262 3384 1317 theatra
3423 1265 3708 1318 ascendunt
3735 1281 3758 1318 :
3789 1275 3839 1319 et

2299 1351 2435 1420 quod
2461 1369 2562 1407 non
2588 1353 2753 1407 solum
2792 1354 2968 1408 utilius
2997 1355 3062 1408 sit
3091 1355 3143 1408 in
3179 1355 3390 1410 ecclesia
3419 1359 3609 1412 uersari
3631 1401 3645 1422 ,
3673 1376 3839 1429 quam

2296 1445 2354 1499 in
2376 1443 2604 1511 theatris,
2632 1445 2722 1499 sed
2754 1445 2904 1499 etiam
2919 1445 3200 1517 jucundius
3223 1463 3242 1499 .'
3269 1455 3318 1500 et
3344 1448 3408 1501 de
3431 1450 3652 1502 secunda
3679 1463 3841 1518 parte

2300 1541 2604 1610 precationis
2628 1542 2791 1597 Anna:
2816 1559 2835 1598 :
2861 1543 3092 1615 quodque
3127 1543 3466 1599 indesinenter
3506 1555 3551 1598 et
3593 1545 3645 1597 in
3683 1545 3840 1597 omni

2298 1633 2409 1686 loco
2435 1633 2632 1703 precari
2659 1643 2917 1704 oporteat,
2951 1635 3027 1689 vel
3058 1636 3112 1690 in
3140 1637 3274 1706 foro,
3305 1637 3381 1691 uel
3414 1637 3466 1690 in
3495 1637 3574 1689 via
3603 1679 3616 1700 ,
3659 1637 3746 1690 vel
3783 1637 3840 1688 in

2300 1723 2449 1779 lecto.

2303 1835 2352 1892 ι.
2394 1835 2547 1892 Haud
2586 1837 2733 1903 scio,
2777 1837 2971 1908 quibus
3014 1837 3192 1894 verbis
3239 1839 3464 1895 debeam
3514 1840 3588 1894 uti
3636 1839 3838 1896 hodie.

2229 1926 2362 1982 Cum
2393 1928 2535 1982 enim
2563 1927 2770 1982 rideam
2799 1929 3055 1984 collectas
3084 1945 3272 2002 parum
3316 1929 3662 2000 frequentari,
3693 1946 3842 2001 pro-

2230 2017 2420 2089 phetas
2448 2018 2587 2074 afﬁci
2633 2021 2955 2075 contumelia
2981 2062 2996 2088 ,
3041 2021 3314 2092 apostolos
3357 2022 3598 2094 despici,
3642 2035 3841 2094 patres

2227 2111 2519 2178 contemni,
2557 2125 2785 2181 eamque
2808 2112 3188 2168 contumeliam
3207 2153 3224 2180 ,
3257 2128 3360 2184 qua
3385 2114 3524 2169 servi
3553 2124 3839 2185 appetun-

2231 2211 2354 2268 tur,
2386 2201 2454 2256 ad
2502 2201 2675 2273 ipsum
2718 2217 2905 2258 eorum
2953 2202 3236 2258 Dominum
3281 2204 3645 2273 pertransire,
3691 2205 3844 2260 libet

2228 2294 2442 2364 quidem
2471 2309 2747 2361 accusare,
2777 2294 2875 2350 sed
2903 2309 2996 2350 eos
3021 2296 3112 2366 qui
3138 2295 3530 2352 accusationem
3559 2295 3700 2353 hanc
3731 2313 3842 2352 au-

2230 2385 2350 2442 dire
2379 2386 2641 2442 deberent
2668 2401 2774 2442 non
2804 2387 2893 2442 hic
2917 2386 3074 2443 video
3104 2405 3118 2443 :
3143 2402 3238 2444 vos
3261 2387 3362 2443 soli
3382 2387 3600 2453 adestis,
3627 2389 3842 2458 quibus

2227 2479 2329 2536 hac
2357 2478 2721 2537 admonitione
2763 2479 2897 2535 nihil
2935 2495 3068 2552 opus
3101 2490 3202 2536 est.
3236 2480 3617 2537 Verumtamen
3650 2497 3722 2537 ne
3750 2483 3840 2537 sic

2224 2571 2443 2643 quidem
2474 2571 2738 2627 silendum
2767 2583 2850 2628 est
2879 2572 3032 2629 nobis
3068 2589 3082 2626 :
3121 2588 3248 2628 nam
3278 2582 3333 2629 et
3376 2573 3836 2644 indignationem,

2225 2678 2386 2733 quam
2429 2663 2585 2718 nobis
2630 2675 2957 2730 moverunt,
3001 2664 3403 2736 mitigabimus,
3444 2681 3655 2736 unaque
3698 2682 3836 2722 eum

2226 2755 2402 2810 verbis
2431 2755 2706 2824 ejiciemus
2733 2772 2747 2810 :
2779 2765 2835 2812 et
2873 2755 2994 2811 illos
3033 2756 3179 2826 ipsos
3203 2755 3270 2811 ad
3300 2756 3552 2812 ruborem
3576 2771 3641 2810 ac
3668 2773 3838 2812 verc-

2224 2845 2473 2902 cundiam
2501 2847 2916 2917 eompellemus,
2947 2857 3025 2902 tot
3063 2847 3116 2902 iu
3155 2861 3252 2903 eos
3289 2848 3689 2916 accusatoribus
3725 2851 3837 2904 im-

2223 2939 2422 3003 missis,
2446 2947 2576 3008 quot
2596 2953 2739 2993 nunc
2775 2937 3048 2994 auditores
3085 2938 3236 2994 estis.
3265 2937 3323 2994 Si
3352 2939 3496 2994 enim
3523 2940 3832 3005 venissent,

2223 3039 2435 3086 nostras
2460 3030 2634 3086 solum
2659 3029 3059 3101 obiurgationes
3088 3030 3334 3086 audirent
3363 3048 3377 3084 :
3409 3045 3550 3085 nunc
3581 3029 3831 3101 fugitan-

2223 3131 2305 3178 tes
2331 3129 2572 3178 nostram
2600 3121 3042 3191 iucrepationem,
3081 3121 3270 3177 eadem
3297 3122 3413 3177 haec
3437 3136 3466 3176 a
3492 3122 3643 3176 vobis
3667 3123 3836 3178 audi-

2222 3215 2326 3270 turi
2353 3223 2480 3270 sunt
2507 3214 2706 3268 omnia.
2734 3212 2824 3270 Sic
2849 3222 2904 3268 et
2930 3213 3086 3269 amici
3123 3213 3328 3270 faciunt
3353 3233 3368 3268 :
3401 3201 3683 3285 postquam
3711 3231 3830 3272 non

2225 3306 2546 3362 invenerunt
2571 3305 2888 3376 quibuscum
2937 3306 3279 3376 expostulare
3303 3306 3573 3372 volebant,
3604 3306 3827 3362 illorum

2223 3397 2426 3452 amicos
2451 3395 2647 3451 adeunt
2671 3437 2687 3464 ,
2715 3395 2807 3466 qui
2835 3395 2975 3452 dicta
3004 3410 3098 3450 sua
3126 3395 3193 3451 ad
3222 3395 3341 3452 illos
3383 3395 3636 3452 referant.
3671 3397 3826 3452 Idem

2219 3488 2381 3543 etiam
2409 3488 2550 3543 Deus
2575 3486 2702 3544 fecit
2727 3504 2740 3540 :
2769 3486 2983 3543 omissis
3029 3487 3093 3543 iis
3139 3487 3230 3558 qui
3275 3487 3326 3542 in
3358 3503 3418 3542 se
3443 3500 3823 3557 peccaverant,

2220 3585 2486 3640 insontem
2525 3583 2812 3640 Jeremiam
2861 3582 3131 3653 appellat,
3171 3583 3357 3637 dicens
3403 3599 3418 3636 :
3464 3581 3644 3636 Viden‘
3682 3583 3815 3652 quid

2218 3679 2344 3732 mihi
2371 3678 2545 3748 fecerit
2569 3677 2812 3747 insipiens
2841 3677 2952 3745 ﬁlia
2975 3675 3117 3730 Iuda
3149 3674 3295 3746 (Jer.
3325 3675 3379 3730 5.
3409 3674 3473 3746 6)
3499 3675 3522 3728 ?
3549 3674 3660 3731 Hac
3683 3691 3825 3732 sane

2216 3768 2284 3824 de
2307 3783 2465 3824 causa
2490 3783 2588 3824 nos
2621 3783 2833 3838 quoque
2855 3768 2975 3822 illos
2997 3768 3320 3833 accusando,
3344 3783 3440 3823 vos
3463 3767 3820 3838 alloquimur.

2218 3871 2275 3916 ut
2319 3862 2446 3917 hinc
2492 3859 2714 3931 profecti
2756 3875 2851 3915 eos
2889 3861 3191 3932 corrigatis.
3241 3861 3375 3929 Quis
3420 3861 3564 3916 enim
3609 3871 3820 3916 tantum

2216 3956 2515 4025 neglectum
2536 3952 2713 4008 ferat?
2742 3952 2919 4008 Semel
2941 3953 2994 4007 in
3025 3951 3356 4008 hebdomada
3380 3953 3467 4008 hic
3485 3953 3814 4024 colligimur,

2215 4056 2270 4102 et
2313 4061 2382 4100 ne
2425 4045 2524 4101 hac
2565 4045 2781 4117 quidem
2821 4045 2908 4100 die
2951 4046 3237 4101 saeculares
3284 4061 3442 4100 curas
3485 4047 3817 4116 posthabere

2213 4139 2519 4194 sustinent:
2548 4146 2604 4193 et
2630 4138 2674 4192 si
2720 4138 2841 4209 quis
2886 4137 2939 4192 id
2968 4138 3185 4208 objiciat
3208 4180 3224 4206 ,
3267 4138 3411 4193 illico
3440 4149 3815 4210 paupertatem

2213 4237 2535 4298 praetexunt,
2563 4243 2626 4284 ac
2651 4229 2822 4284 victus
2849 4229 3065 4299 parandi
3102 4231 3497 4299 necessitatem,
3528 4241 3815 4301 urgentes-

2211 4337 2317 4391 que
2369 4323 2749 4392 occupationes
2779 4362 2795 4385 ,
2845 4321 3210 4378 defensionem
3275 4322 3580 4380 adferentes
3624 4327 3815 4395 quavis

2211 4415 2551 4469 accusatione
2579 4415 2904 4484 graviorem.
2946 4413 3083 4480 Quid
3111 4414 3251 4468 cnim
3296 4414 3398 4470 hoc
3439 4416 3557 4486 ipso
3585 4418 3813 4474 crimine

2213 4507 2365 4577 pejus
2392 4521 2514 4563 esse
2535 4516 2730 4576 potest,
2763 4521 2884 4562 cum
2915 4506 3115 4576 aliquid
3144 4507 3288 4562 aliud
3317 4523 3476 4578 quam
3503 4508 3688 4564 divina
3721 4526 3813 4565 ne-

2209 4599 2354 4669 gotia
2384 4598 2552 4668 magis
2585 4613 2781 4668 urgens
2807 4598 2962 4654 nobis
2988 4598 3219 4666 videtur,
3249 4600 3524 4671 magisque
3554 4616 3807 4658 necessa-

2211 4690 2393 4745 rium?
2432 4689 2572 4745 Sane
2598 4690 2808 4744 etiamsi
2847 4689 3078 4743 maxime
3117 4705 3300 4745 verum
3342 4691 3445 4745 hoc
3481 4703 3662 4756 esset,
3697 4692 3808 4747 hare

2212 4783 2323 4852 ipsa
2349 4781 2592 4837 defensio
2617 4790 2762 4836 esset
2785 4781 3078 4848 accusatio,
3109 4791 3165 4836 ut
3191 4781 3300 4835 dixi
3332 4800 3345 4836 :
3379 4789 3437 4836 ut
3464 4794 3646 4837 autem
3678 4785 3808 4838 scia-

2211 4876 2277 4930 tis
2299 4875 2454 4930 istam
2481 4875 2843 4930 causationem
2866 4889 2987 4930 esse
3006 4889 3069 4931 ac
3091 4884 3404 4946 prmtextum
3431 4875 3496 4930 ad
3524 4879 3807 4946 segnitiem

2213 4966 2527 5038 tegendam,
2557 4966 2644 5021 vel
2680 4981 2766 5021 me
2797 4975 3007 5020 tacente
3037 4967 3226 5021 tertius
3252 4965 3447 5021 abhinc
3472 4967 3591 5022 dies
3621 4983 3810 5022 omnes

2213 5061 2333 5115 talia
2381 5058 2732 5115 obtendentes
2783 5057 3106 5128 redarguet,
3155 5073 3278 5112 cum
3323 5058 3513 5112 civitas
3559 5059 3807 5114 universa

2210 5153 2520 5225 migraverit
2546 5152 2612 5206 ad
2639 5151 2872 5216 Circum,
2909 5159 2964 5206 et
2993 5149 3187 5205 domus
3212 5165 3275 5207 ac
3302 5150 3418 5206 fora
3445 5150 3637 5206 nefarii
3666 5149 3806 5204 illius

2209 5245 2499 5318 spectaculi
2524 5244 2695 5315 gratia
2717 5251 2970 5300 evacuata
2997 5240 3216 5297 fuerint.
3242 5243 3305 5296 Et
3331 5240 3417 5295 hic
3437 5253 3506 5295 ne
3533 5242 3803 5310 praecipua

2209 5339 2424 5412 quidem
2469 5335 2710 5392 ecclesia:
2752 5336 2867 5390 loca
2911 5332 2984 5404 (a)
3013 5333 3269 5402 compleri
3297 5329 3539 5386 videmus
3571 5341 3668 5387 :at
3701 5333 3804 5386 illic

2210 5445 2314 5486 non
2345 5427 2506 5484 modo
2527 5427 2740 5489 Circus,
2763 5423 2858 5479 sed
2879 5431 2934 5479 et
2955 5422 3232 5479 coenaeula
3259 5429 3312 5475 et
3340 5419 3535 5475 domus
3561 5430 3617 5476 et
3644 5430 3799 5488 tecta,

2207 5529 2262 5574 et
2285 5521 2507 5589 abrupta
2537 5517 2655 5572 loca
2687 5516 2939 5586 pleraque
2967 5521 3296 5582 occupantur
3328 5528 3342 5564 :
3373 5520 3428 5565 at
3456 5525 3634 5582 neque
3669 5527 3798 5582 pau-

2209 5622 2419 5683 pertas,
2462 5624 2636 5680 neque
2675 5607 2952 5678 occupatio
2977 5646 2994 5672 ,
3037 5619 3209 5674 neque
3245 5602 3498 5660 debilitas
3535 5604 3797 5674 corporis,

2268 5727 2344 5800 (a)
2378 5723 2633 5787 Principua
2679 5720 2785 5773 loca
2822 5717 3040 5772 ecclesia
3079 5723 3218 5769 vocat
3259 5723 3428 5778 partes
3463 5709 3799 5765 sacerdotibus

2210 5800 2469 5854 proximas.
