4064 6448
522 502 745 556 δάνουσι
774 503 999 567 τόπουςο
1031 503 1125 559 καὶ
1152 504 1275 560 οὔτε
1307 505 1465 560 πενία
1488 546 1503 568 ,
1534 504 1659 559 οὔτε
1689 506 1937 577 ἀσχολία,
1973 507 2097 562 οὔτε

521 585 781 640 ἀσθένεια
839 585 1109 656 σώματος,
1160 589 1223 642 οὑ
1274 589 1451 642 ποδῶν
1497 589 1799 662 ἀρρωστία.
1841 592 1943 645 οὑκ
1973 592 2100 647 ἀλλο

522 668 677 723 οὑδέν
702 667 811 721 τῶν
844 668 1099 726 τοιούτων
1149 670 1337 741 ἐπέχει
1378 673 1477 742 τὴν
1510 673 1813 727 ἀκάθεκτον
1866 674 2063 745 μανίαν
2082 690 2098 707 ε

522 751 937 825 ἀλλ’ἀνθρωποι
970 754 1342 825 γεγηρακότες
1388 756 1528 810 νέων
1570 757 1934 829 ἀκμαζόντων
1969 776 2100 828 0:90-

520 836 771 906 δρότερον
804 836 922 888 ἐκεῖ
967 834 1239 907 τρέχουσι,
1272 836 1372 909 τὴν
1398 839 1587 894 πολιὰν
1623 841 2100 912 καταισχύνοντες.

520 917 619 989 τήν
665 916 883 989 ἠλικίαν
930 920 1519 990 παραδειγματίζοντες
1547 963 1561 980 .
1628 924 1690 977 τὸ
1742 925 1918 997 γῆρας
1968 925 2101 979 αὑτὸ

520 1002 932 1071 καταγέλαστον
952 1003 1253 1068 ποιοῦντες.
1284 1006 1394 1059 Καὶ
1414 1005 1647 1060 ἐνταῦθα
1686 1007 1785 1078 μὲν
1817 1008 2097 1072 εἰσιόντες,

521 1085 845 1150 ναυτιῶντες
882 1085 1072 1159 ῶσπερ
1102 1089 1198 1142 καὶ
1252 1088 1586 1159 ἐνοχλεῖσθαι
1643 1091 1945 1161 νομίζουσι,
2006 1092 2101 1146 καὶ

520 1170 982 1229 ἀναπεπτώκασιν
1031 1173 1091 1225 ἐν
1122 1175 1191 1244 τῇ
1217 1173 1329 1226 τῶν
1356 1172 1517 1226 θείων
1553 1174 1730 1242 λόγων
1752 1186 1779 1217 ι
1812 1176 2096 1245 ἀκροάσει,

522 1255 907 1326 στενοχωρίαν,
949 1256 1045 1309 καλ⁵
1091 1256 1347 1326 πνιγμδν,
1386 1257 1480 1310 καὶ
1502 1256 1574 1309 τά
1601 1256 1830 1312 τοιαῦτα
1860 1258 2100 1330 προϐαλ-

519 1337 767 1408 λόμενοι·
826 1339 944 1391 ἐκεῖ
973 1338 1031 1392 δέ
1060 1339 1156 1393 καὶ
1194 1340 1346 1411 ήλιον
1384 1342 1567 1411 γυμνῇ
1597 1340 1876 1411 δεχόμενοι
1902 1346 1969 1414 τῇ
2004 1359 2098 1395 κε-

520 1420 688 1491 φαλῇ,
740 1421 837 1475 καὶ
888 1421 1241 1493 πατούμενοι,
1299 1423 1396 1478 καὶ
1439 1423 1759 1495 ὠθούμενοι,
1813 1426 1910 1479 καὶ
1960 1426 2102 1496 μετά

522 1503 724 1575 πολλῆς
749 1506 1060 1577 πιεζόμενοι
1088 1508 1186 1577 τῆς
1208 1506 1586 1578 σφοδρότητος,
1611 1509 1707 1561 καὶ
1738 1508 1908 1581 μυρία
1936 1510 2101 1581 ἔτερα

521 1587 823 1659 πάσχοντες
872 1588 1040 1654 δεινά,
1093 1589 1345 1657 καθάπερ
1394 1591 1453 1643 ἐν
1484 1589 1710 1661 λειμῶνι
1762 1590 2097 1662 τρυφῶντες,

521 1669 664 1724 οὑτω
713 1670 1029 1725 διάκεινται.
1060 1672 1159 1726 Διά
1207 1670 1363 1725 τοῦτο
1396 1674 1526 1745 ήμῖν
1549 1672 1607 1726 αἱ
1642 1672 1822 1738 πόλεις
1854 1674 1961 1728 εἰσὶ
2021 1674 2101 1727 δι-

520 1753 861 1826 εφθαρμέναι
896 1753 1070 1827 [75η.
1104 1755 1184 1809 ὅτι
1222 1757 1449 1827 πονηροὶ
1479 1755 1579 1825 τῆς
1601 1756 1849 1827 νεότητός
1887 1759 1992 1811 εἰσι
2023 1757 2100 1813 δι-

518 1836 801 1892 δάσκαλοι.
834 1835 956 1901 Πῶς
986 1838 1094 1907 γάρ
1116 1838 1323 1911 δυνήσῃ
1348 1839 1440 1891 τὸν
1465 1837 1583 1891 νέον
1597 1839 1835 1909 ἄκοσμον
1855 1840 1983 1894 ὄντα
2006 1841 2100 1894 καὶ

516 1919 908 1987 ἀσελγαίνοντα
960 1920 1313 1990 σωφρονίσαι,
1361 1920 1524 1985 αὑτὸς
1575 1923 1635 1974 ἐν
1672 1923 1833 1994 πολιᾷ
1869 1924 2100 1977 τοιαῦτα

520 2002 869 2074 μετεωρίζων
889 2042 904 2065 ,
944 2002 1105 2067 αὑτὸς
1142 2003 1281 2073 μετά
1306 2003 1562 2059 τοσοῦτον
1587 2005 1777 2078 χρόνον
1810 2006 1971 2077 κόρον
2022 2006 2101 2077 μὴ

518 2084 698 2153 λαϐὼν
722 2086 822 2157 τῆς
853 2088 1267 2159 άτερπεστάτης
1301 2087 1427 2151 θέας
1472 2089 1723 2160 ἐκείνηςς
1756 2088 1873 2152 πῶς
1890 2089 2102 2161 δυνήσῃ

520 2169 786 2240 ῥυθμίσαι
823 2170 915 2223 τὸν
945 2169 1082 2236 υἱον,
1126 2169 1243 2236 πῶς
1282 2169 1510 2225 κολάσαι
1554 2170 1644 2225 τον
1671 2172 1890 2242 οἰκέτην
1921 2173 2102 2244 ἀμαρ-

518 2252 773 2317 τάνοντα,
816 2253 936 2318 πῶς
969 2253 1141 2325 ἑτέρῳ
1193 2252 1596 2321 συμϐουλεῦσαι
1623 2253 1695 2307 τά
1725 2254 1915 2310 δέοντα
1958 2258 2100 2326 ἀμε-

518 2335 720 2398 λοῦντι,
747 2335 972 2391 τοιαῦτα
1004 2335 1166 2400 αὑτὸς
1195 2338 1253 2390 ἐν
1299 2337 1511 2407 ἐσχάτῳ
1543 2338 1692 2410 γήρα
1724 2339 2050 2409 ἀσχημονῶν
2083 2356 2098 2405 ;

519 2418 639 2478 Κᾶν
676 2418 777 2490 μὲν
804 2419 1005 2494 ὑϐρίσῃ
1042 2419 1161 2485 νέος
1191 2419 1283 2473 τὸν
1317 2420 1670 2493 γεγηρακότα
1691 2459 1707 2485 ,
1754 2422 1854 2493 τὴν
1882 2421 2100 2494 ἠλικίαν

517 2500 721 2567 εὑθέως
760 2504 1146 2575 προὸάλλεται,
1196 2504 1289 2558 καὶ
1328 2504 1556 2575 μυρίους
1588 2503 1703 2575 ἔχει
1750 2522 2100 2575 συναγανακ⁸

515 2584 747 2650 τοῦντας
761 2604 774 2617 ·
798 2588 928 2641 ὅταν
952 2587 1009 2641 δὲ
1028 2588 1383 2661 σωφρονίζειν
1396 2589 1493 2662 δέῃ
1517 2589 1607 2644 τὸν
1625 2590 1765 2652 νέον,
1789 2591 1883 2644 καὶ
1902 2592 2103 2644 κανόνα

515 2667 643 2722 τινὰ
680 2668 883 2740 ἀρετῆς
934 2670 1098 2723 αὑτὸν
1131 2671 1411 2740 γίνεσθαι,
1446 2671 1688 2743 οὐδαμοῦ
1731 2675 1833 2745 τῆς
1882 2673 2103 2745 ήλικίας

516 2749 701 2814 αὑτοῖς
732 2750 910 2820 λόγος,
941 2752 1056 2806 ἀλλ’
1081 2754 1108 2794 1³
1140 2753 1321 2807 αὑτῶν
1350 2755 1577 2809 ἐκείνων
1600 2755 1975 2828 μανικώτερον
2008 2758 2102 2811 ἐπὶ

527 2832 617 2903 ,ὴν
663 2834 980 2906 παράνομον
1022 2836 1298 2906 βαδίζουσι
1341 2839 1593 2912 θεωρίαν.
1630 2839 1819 2895 Ταῦτα
1847 2841 1904 2895 δὲ
1936 2840 2101 2911 λέγω,

517 2918 615 2972 καὶ
642 2917 750 2972 τῶν
774 2921 1166 2991 γεγηρακότων
1203 2922 1595 2994 καθάπτομαι,
1633 2925 1756 2995 οὑχὶ
1788 2927 1917 2991 τοὺς
1950 2925 2104 2991 νέους

515 3002 876 3057 ἀπαλλάττων
895 3003 1227 3075 κατηγορίας
1250 3007 1344 3059 καὶ
1358 3006 1632 3079 διαϐολῆς,
1648 3008 1785 3063 ἀλλά
1798 3010 1868 3063 δι’
1880 3010 2105 3064 ἐκείνων

400 3142 403 3145 Α
517 3086 744 3150 ⁴τούτους
787 3087 1237 3160 ἀσφαλιζόμενος.
1286 3088 1351 3144 Εἰ
1396 3090 1503 3162 γάρ
1536 3092 1629 3147 τὸν
1662 3095 2014 3164 γεγηρακότα
2041 3096 2102 3148 οὑ

517 3169 621 3237 δεῖ,
649 3169 831 3242 πολλῷ
875 3171 1079 3243 μᾶλλον
1110 3171 1203 3227 τὸν
1227 3172 1368 3229 νέον.
1419 3175 1566 3229 Ἐκεῖ
1603 3177 1704 3248 μέν
1729 3178 1841 3250 γὰρ
1885 3181 2051 3244 πολὺς
2076 3181 2105 3233 ό

518 3255 715 3324 γέλως,
761 3257 855 3310 καὶ⁵
895 3256 1100 3327 μείζων
1129 3259 1161 3329 ή
1193 3258 1552 3332 ἀσχημοσύνη
1575 3275 1588 3291 ’
1628 3262 1866 3318 ἐνταῦθα
1903 3265 1962 3319 δέ
2005 3283 2106 3335 χα-

518 3336 829 3411 λεπώτερος
862 3340 890 3393 ό
927 3339 1171 3411 ὄλεθρος,
1215 3340 1352 3412 βαθὺ
1387 3342 1449 3396 τὸ
1501 3342 1806 3417 βάραθρον,
1853 3347 1966 3418 ὅσῳ
2011 3349 2106 3403 καὶ

517 3421 866 3495 ἀκμαιότερα
892 3422 1097 3494 μᾶλλον
1122 3424 1193 3479 τά
1224 3424 1326 3496 τῆς
1359 3425 1660 3498 ἐπιθυμίας
1688 3431 1801 3492 τοῖς
1831 3422 1993 3494 νέοις,
2009 3432 2107 3486 καὶ

523 3506 862 3580 σφοδροτέρα
899 3509 1085 3573 αὑτοῖς
1124 3511 1157 3581 ἡ
1200 3510 1353 3578 φλὸξ,
1391 3509 1494 3565 κᾶν
1537 3514 1743 3582 μικρᾶς
1776 3514 2107 3587 ἐπιλάόηται

523 3588 687 3659 μόνον
730 3589 932 3657 ἔξωθεν
980 3590 1135 3662 ὑλης,
1175 3593 1243 3646 τά
1278 3593 1456 3647 πάντα
1485 3594 1819 3668 ἐμπίπρησι.
1850 3599 1958 3651 Καὶ
1997 3598 2107 3672 γὰρ

520 3672 660 3753 πρὸς
688 3672 860 3741 θυμὸν
892 3675 1145 3745 καὶπρὸς
1180 3674 1480 3745 ἐπιθυμίας
1513 3675 1867 3747 εὑέμπτωτος
1904 3681 2106 3751 μᾶλλόν

520 3757 671 3837 ἐστιν
695 3757 724 3810 ὁ
747 3755 868 3820 νέος
893 3771 909 3786 ⁸
960 3756 1041 3810 διὸ
1076 3757 1171 3810 καί
1218 3757 1465 3825 πλείονος
1503 3759 1678 3816 δεῖται
1708 3762 1808 3832 τῆς
1835 3763 2106 3835 φυλακῆς,

525 3840 886 3914 σφοδροτέρου
937 3841 1032 3895 τοῦ
1063 3841 1307 3913 χαλινοῦ,
1338 3843 1750 3918 ἀσφαλεστέρου
1779 3846 1874 3900 τοῦ
1900 3849 2106 3920 τειχίου

520 3927 617 4000 καί
640 3924 735 3979 τοῦ
765 3924 1109 3996 κωλύματος.

595 4044 662 4114 β’.
688 4046 781 4115 Μὴ
821 4046 931 4117 γάρ
962 4062 1055 4115 μοι
1086 4043 1246 4099 τοῦτο
1279 4045 1458 4118 εἴπῃς,
1486 4045 1764 4118 ἄνθρωπε,
1798 4048 1882 4102 ὄτι
1908 4048 2109 4120 ἡδονὴν

524 4129 639 4198 ἔχει
672 4130 708 4200 ή
734 4129 967 4199 θεωρία·
991 4129 1106 4183 ἀλλ’
1144 4131 1194 4182 εἱ
1228 4131 1303 4200 μὴ
1337 4130 1479 4201 μετά
1501 4130 1603 4201 τῆς
1633 4130 1828 4201 ἡδονῆς
1858 4132 1955 4186 καὶ
1986 4131 2110 4201 βλά-

523 4211 626 4284 ϐην
675 4211 809 4284 εχει,
845 4211 1002 4265 τοῦτό
1044 4229 1110 4282 με
1140 4212 1369 4276 δίδαξον.
1424 4212 1538 4266 Καὶ
1569 4212 1622 4265 τί
1669 4211 1815 4281 λέγω
1857 4211 2105 4285 βλάδην;

524 4298 653 4361 Ὅτι
676 4297 785 4368 γὰρ
808 4296 932 4351 οὑδὲ
963 4295 1156 4367 ἡδονὴν
1178 4295 1239 4348 τὸ
1265 4297 1499 4367 πρᾶγμα
1524 4294 1659 4366 ἔχει,
1702 4295 1955 4350 ἐντεῦθεν
1985 4298 2109 4373 εῖσῃ

523 4380 733 4450 σαφῶς.
807 4379 905 4435 Ἐκ
956 4381 1055 4450 τῆς
1096 4378 1460 4451 ἱπποδρομίας
1515 4378 1816 4450 ἀναχωρῶν
1869 4380 2107 4452 ἐκείνης,

521 4460 836 4536 ἀπάντησον
874 4466 989 4526 τοῖς
1026 4464 1089 4516 ἐκ
1130 4461 1231 4533 τῆς
1280 4461 1576 4532 ἐκκλησίας
1604 4461 1969 4532 ἀναχωροῦσι,
2013 4465 2108 4517 καὶ

521 4548 810 4619 κατάμαθε
845 4546 986 4619 μετὰ
1008 4546 1316 4619 ἀκριϐείας,
1351 4545 1436 4610 τίς
1468 4547 1618 4598 ἐστιν
1638 4546 1697 4597 ἐν
1730 4544 1891 4617 ἡδονῇ
1921 4546 2109 4617 μείζο-

520 4629 595 4693 νι,
624 4626 676 4685 “ό
724 4629 1022 4702 προφητῶν
1056 4629 1333 4693 ἀκούσας,
1384 4630 1482 4682 καὶ
1518 4627 1804 4699 μετασχὼν
1835 4629 2104 4699 εὐλογίας,

523 4713 617 4769 καὶ
644 4715 998 4779 διδασκαλίας
1022 4713 1361 4779 ἀπολαύσας,
1393 4712 1604 4766 καὶτὸν
1629 4711 1762 4765 Θεὸν
1793 4713 2109 4783 παρακαλέ-

526 4814 624 4860 σας
658 4797 799 4869 ὑπὲρ
820 4797 927 4851 τῶν
955 4798 1175 4851 οἰκείων
1196 4797 1633 4869 ἁμαρτημάτων,
1654 4796 1751 4849 καὶ
1781 4796 2110 4867 κουφότερον

525 4883 760 4952 ποιήσας
793 4882 855 4935 τὸ
888 4881 1143 4946 συνειδὸς,
1182 4885 1279 4936 καὶ
1311 4882 1478 4953 μηδὲν
1523 4878 1705 4951 ἐαυτῷ
1746 4880 2112 4947 κατεγνωκὼς

525 4962 738 5018 τοιοῦτο
755 4964 820 5035 ’ἢ
847 4964 913 5017 σὺ
936 4966 966 5017 ὁ
982 4963 1296 5020 καταλιπὼν
1311 4966 1411 5035 τὴν
1441 4963 1674 5034 μητέρα,
1695 4961 1789 5016 καὶ
1822 4964 1951 5026 τοὺς
1976 4980 2113 5033 προ-

527 5052 707 5122 φήτας
734 5044 1031 5120 ἀτιμάσας,
1063 5049 1159 5101 καὶ
1209 5050 1289 5112 εἰς
1340 5049 1432 5101 τὸν
1485 5047 1617 5100 Θεὸν
1668 5046 1980 5119 ἐξυϐρίσας.
2017 5048 2111 5101 καὶ

529 5133 670 5204 μετά
723 5130 819 5185 τοῦ
875 5130 1123 5186 διαὸόλου
1175 5130 1464 5202 χορεύσας,
1514 5131 1613 5185 καὶ
1645 5129 2113 5203 βλασφημούντων

523 5215 766 5280 ἀκούσας
796 5212 891 5271 καὶ
909 5212 1362 5285 λοιδορουμένων,
1383 5214 1477 5266 καὶ
1505 5212 1597 5267 τὸν
1617 5214 1810 5286 καιρὸν
1826 5214 2113 5277 ἀναλώσας

527 5300 650 5372 εἰκῆ
691 5302 786 5355 καὶ
828 5300 1029 5373 μάτην,
1057 5299 1151 5353 καὶ
1186 5296 1352 5371 μηδὲν
1395 5297 1578 5352 οἴκαδε
1600 5298 1739 5369 έχων
1766 5299 2112 5365 ἀπενεγκεῖν,

531 5386 666 5457 μήτε
692 5384 1024 5455 σωματικὸν,
1063 5385 1201 5456 μήτε
1250 5380 1619 5453 πνευματικὸν
1647 5381 1840 5451 κέρδος
1882 5381 2110 5434 ἐκεῖθεν.

527 5465 693 5520 Ὥστε
730 5466 925 5538 ἡδονῆς
951 5467 1143 5520 ἕνεκεν
1167 5467 1406 5537 μάλιστα
1448 5463 1688 5520 ἐνταῦθα
1715 5463 1964 5534 ἀπαντᾷν
1985 5464 2112 5535 χρή.

539 5546 689 5604 Ἐκεῖ
720 5550 819 5619 μὲν
849 5549 959 5619 γὰρ
985 5550 1190 5613 εὐθέως
1229 5551 1579 5619 κατάγνωσις
1600 5588 1614 5606 ,
1662 5547 1967 5617 κατηγορία
2020 5546 2115 5600 τοῦ

595 5792 622 5858 ξ
651 5792 835 5858 κομι,
847 5795 945 5841 τῶν
967 5793 1103 5858 θείων
1125 5795 1335 5858 Γραφῶν.

592 5849 624 5934 ξ
645 5852 781 5902 Colb.
806 5854 905 5902 duo
938 5861 987 5902 et
1008 5854 1131 5917 Reg.
1161 5849 1344 5911 ἧὶικίας
1369 5858 1399 5903 ὁ
1417 5856 1572 5917 ὄγκος,
1596 5856 1717 5924 ἀλλ’.

1195 391 1252 447 S.
1294 390 1578 457 JOANNIS
1614 390 2107 450 CIIRYSOSTOMI
2143 397 2469 455 ARCHIEP.
2508 399 3059 457 CONSTANTINOP.

3693 399 3812 455 662

2205 514 2527 580 συνειδότος,
2556 516 2813 587 μετάνοια
2832 515 2925 568 ἐπὶ
2960 515 3073 576 τοῖς
3093 509 3504 581 γεγενημένοις,
3534 513 3809 588 αἰσχύνη,

2202 610 2298 664 καὶ
2316 610 2538 676 ὄνειδος,
2570 614 2663 667 καὶ
2682 611 2744 665 τὺ
2765 608 3247 683 ἀπαρρησιάστους
3276 605 3424 678 ἔχειν
3449 609 3578 673 τοὺς
3600 610 3807 681 ὀφθαλ-

2205 708 2367 778 μούς·
2400 709 2636 765 ἐνταῦθα
2661 709 2720 764 δέ
2740 706 3046 763 τούναντίον
3073 706 3240 770 ἀπαν,
3264 705 3572 777 παρρησία,
3605 708 3709 761 καὶ
3746 708 3811 761 τὺ

2204 804 2703 878 ἐλευθεροστομεῖν,
2740 804 2838 858 καὶ
2858 803 2922 858 τὸ
2955 802 3096 874 μετὰ
3120 801 3305 865 ἀδείας
3335 801 3512 856 ἀπασι
3538 801 3810 871 διαλέγε-

2204 901 2331 957 σθαι
2357 921 2424 957 πε
2434 905 2487 974 ρὶ
2516 903 2626 957 τῶν
2659 902 2892 957 ἐνταῦθα
2921 900 3287 971 ἀκουσμάτων
3307 901 3586 956 ἀπάντων.
3618 900 3813 956 ὀταν

2202 999 2384 1053 τοίνυν
2414 1002 2496 1063 είς
2522 1001 2729 1071 ἀγορὰν
2756 998 3023 1070 ἐμϐάλῃς,
3060 998 3158 1052 καὶ
3183 998 3394 1063 πάντας
3421 998 3536 1072 ἴδῃς
3564 1001 3661 1053 ἐπὶ
3691 999 3814 1071 τὴν

2203 1094 2357 1170 [752]
2389 1095 2623 1167 θεωρίαν
2657 1097 2950 1167 τρέχοντας
2992 1094 3232 1167 ἐκείνην,
3263 1097 3547 1166 κατάφυγε
3591 1098 3658 1151 σὺ
3699 1099 3810 1151 ἐπὶ

2203 1193 2300 1264 τὴν
2322 1194 2618 1265 ἐκκλησίαν
2640 1193 2862 1258 εὐθέως,
2878 1192 2972 1247 καὶ
2992 1191 3187 1263 μικρὸν
3204 1194 3551 1266 καρτερήσας
3565 1195 3810 1266 χρόνον,

2204 1291 2385 1363 τρύφα
2432 1291 2697 1362 διηνεκῶς
2736 1291 2845 1343 τῶν
2882 1289 3046 1343 θείων
3077 1289 3360 1360 ῥημάτων.
3393 1292 3492 1346 Ἂν
3525 1293 3629 1363 μὲν
3675 1292 3810 1364 γάρ

2204 1387 2542 1459 παρασυρεὶς
2576 1386 2714 1458 μετά
2747 1385 2857 1439 τῶν
2888 1385 3101 1439 πολλῶν
3151 1386 3393 1460 ἀπέλθῃς
3423 1389 3553 1447 ἐκεῖ,
3587 1388 3814 1458 μικρὸν

2202 1482 2643 1553 ψυχαγωγηθεὶς,
2672 1481 2760 1535 διὰ
2787 1482 2967 1552 πάσης
2990 1483 3090 1553 τῆς
3114 1483 3330 1555 ἡμέρας
3365 1482 3650 1555 ἀλγήσεις·
3687 1484 3810 1555 τῆς

2202 1596 2261 1632 τε
2315 1578 2599 1649 ἐπιούσης,
2650 1578 2747 1631 κει.)⁵
2792 1577 3007 1631 πολλῶν
3052 1578 3255 1650 ἐτέρων
3279 1621 3295 1644 ,
3357 1578 3811 1647 καταγινώσκων

2205 1673 2405 1730 σαυτοῦ
2424 1692 2439 1706 ·
2472 1674 2539 1729 ἂν
2565 1673 2622 1727 δὲ
2651 1673 2847 1745 μικρὸν
2877 1672 3111 1745 ἐπίσχῃς
3133 1674 3351 1737 σαυτδν,
3377 1674 3463 1728 διὰ
3483 1676 3668 1747 πάσης
3687 1675 3807 1746 τῆς

2203 1772 2420 1845 ἡμέρας
2438 1771 2578 1836 ἔξεις
2606 1773 2841 1843 τρυφᾷν.
2861 1771 2936 1825 Οὑ
2955 1773 3064 1845 γὰρ
3084 1774 3180 1827 ἐπὶ
3213 1772 3406 1827 τούτου
3440 1774 3624 1845 μόνον,
3647 1773 3807 1827 ἀλλά

2205 1868 2301 1923 καὶ
2325 1868 2419 1921 ἐπὶ
2438 1866 2548 1921 τῶν
2568 1866 2741 1921 ἀλλων
2771 1866 3027 1921 ἀπάντων
3055 1866 3200 1920 οὓτω
3228 1867 3542 1933 συμϐαίνειν
3562 1866 3802 1921 εἴωθεν.

2215 1965 2280 2019 Ἢ
2322 1965 2421 2035 μὲν
2453 1964 2562 2035 γὰρ
2591 1964 2756 2017 κακία
2786 1963 3123 2035 πρόσκαιρόν
3148 1979 3272 2018 τινα
3296 1963 3409 2034 εχει
3434 1963 3533 2034 τὴν
3563 1963 3804 2034 ἡδονὴν,

2202 2060 2426 2133 διηνεκῆ
2459 2060 2517 2114 δέ
2550 2060 2650 2133 τὴν
2683 2059 2906 2130 ὀδύνην·
2938 2061 2971 2130 ὴ
3012 2059 3069 2113 δὲ
3101 2059 3293 2131 ἀρετὴ,
3324 2060 3531 2131 βραχὺν
3560 2060 3665 2129 μὲν
3700 2061 3806 2113 τὸν

2204 2158 2386 2224 πόνον,
2425 2155 2673 2227 διηνεκὲς
2700 2156 2757 2209 δὲ
2784 2155 2845 2208 τὸ
2877 2156 3072 2228 κέρδος
3109 2154 3249 2226 μετὰ
3290 2156 3390 2226 τῆς
3422 2154 3800 2228 εὐφροσύνης.

2204 2250 2368 2321 Οἴον,
2411 2252 2612 2325 ηὑξατό
2643 2269 2731 2318 τις
2775 2252 2911 2322 πρὸς
2951 2251 3116 2319 Θεὸν,
3165 2252 3492 2325 ἐδάκρυσεν,
3546 2252 3806 2324 ἤλγησεν

2204 2353 2384 2421 ὀλίγον
2404 2350 2598 2423 χρόνον
2630 2347 2777 2403 κατά
2802 2348 2899 2418 τὴν
2923 2349 3091 2420 εὑχήν
3109 2365 3123 2379 ·
3155 2349 3344 2424 ἔτερος
3367 2347 3458 2403 διὰ
3479 2350 3666 2420 πάσης
3691 2348 3805 2419 τῆς

2205 2450 2421 2521 ήμέρας
2458 2445 2690 2519 ἐτρύφα,
2718 2439 2839 2499 εἶτα
2864 2444 3240 2516 ἐλεημοσύνην
3271 2445 3496 2510 ἔδωκεν,
3527 2447 3803 2516 ἐνήστευεε

2207 2562 2320 2609 σεν,
2350 2543 2478 2599 ἀλλο
2498 2561 2553 2596 τι
2577 2543 2686 2597 τῶν
2709 2542 2931 2611 ἀγαθῶν
2960 2543 3279 2620 εἰργάσατο,
3317 2541 3350 2613 ἦ
3380 2541 3667 2613 ὑϐρισθεὶς
3691 2542 3803 2593 οὑκ

2204 2640 2646 2713 ἀντελοιδόρησεν
2660 2658 2674 2671 ο
2695 2641 2753 2694 ἐν
2773 2643 2873 2714 μιᾷ
2888 2640 3018 2710 γοῦν
3041 2638 3238 2713 καιροῦ
3272 2641 3414 2711 ῥοπῇ
3440 2641 3805 2711 καρτερήσας

2205 2739 2300 2794 καὶ
2328 2736 2617 2808 κατασχὼν
2646 2737 2739 2791 τὸν
2767 2737 2957 2809 θυμὸν,
2987 2736 3076 2794 διά
3110 2735 3311 2799 παντὸς
3384 2736 3651 2805 γάννυται
3700 2735 3801 2789 καὶ

2206 2838 2575 2911 εὐφραίνεται,
2598 2837 2709 2892 τῶν
2738 2835 3181 2909 κατορθωμάτων
3210 2834 3650 2906 ἀναμιμνήσκων
3672 2835 3804 2887 Eam-

2204 2935 2297 2990 τὸν
2324 2934 2570 2990 ἐκείνων.
2602 2933 2727 2988 Ἐπὶ
2750 2933 2808 2986 δέ
2839 2933 2941 3003 τῆς
2979 2932 3175 2995 κακίας
3202 2931 3518 2984 τούναντίον
3542 2947 3556 2959 ·
3600 2930 3804 3000 ὑδριεὲ

2205 3049 2309 3098 τις,
2368 3031 2781 3104 ἀντελοιδόρησε
2800 3048 2815 3062 ·
2862 3029 3001 3102 μετά
3053 3028 3231 3083 ταῦτα
3284 3027 3424 3091 οἷκοι
3476 3027 3805 3097 γενόμενος,

2207 3130 2400 3185 ἐαυτὸν
2428 3129 2728 3195 κατεσθίει,
2758 3128 2829 3184 τά
2849 3130 3070 3202 ῥήματα
3102 3124 3583 3197 ἀναλογιζόμενος,
3607 3124 3647 3179 ἃ
3669 3124 3804 3178 πολ-

2206 3228 2365 3292 λάκις
2401 3226 2601 3299 πολλὴν
2640 3228 2840 3298 ῆνεγκε
2876 3225 3102 3297 βλάϐην.
3131 3224 3294 3279 Ὥστε
3330 3223 3379 3277 εί
3415 3222 3638 3279 διώκεις
3674 3221 3805 3293 ἡδο-

2207 3324 2326 3396 νὴν,
2344 3324 2531 3396 Φεῦγε
2547 3325 2653 3392 τὰς
2668 3322 3019 3392 νεωτερικὰς
3039 3321 3375 3390 ἐπιθυμίας,
3396 3322 3490 3374 καὶ
3515 3319 3805 3391 σωφροσύ-

2208 3439 2306 3494 νης
2336 3421 2633 3494 ἐπιμελοῦ,
2679 3422 2776 3476 καὶ
2821 3420 3082 3491 ἀκροάσει
3120 3418 3283 3473 θείων
3310 3417 3548 3489 πρόσεχε
3576 3416 3802 3485 λογίων.

2207 3517 2395 3573 Ταῦτα
2415 3516 2553 3590 πρὸς
2581 3517 2725 3588 ὑμᾶς
2753 3515 3006 3587 λέγομεν,
3059 3514 3149 3568 ἵνα
3188 3513 3349 3585 ὑμεῖς
3381 3513 3519 3581 πρὸς
3555 3512 3802 3574 ἐκείνοκ

2208 3616 2479 3686 λέγοντες,
2508 3615 2604 3669 καὶ
2637 3612 2877 3684 συνεχῶς
2901 3612 3111 3676 τούτοις
3158 3610 3360 3674 αὑτοὺς
3404 3607 3805 3670 ἐπαντλοῦντες

2210 3718 2323 3779 τοῖς
2372 3714 2634 3785 ῥήμασιν,
2662 3712 2938 3782 ἀφέλκητε
2970 3712 3151 3781 πάσης
3199 3710 3447 3783 πονηρᾶς
3483 3707 3803 3778 συνηθείας.

2209 3812 2304 3867 καὶ
2335 3810 2559 3882 πείθητε
2583 3807 2833 3879 λογισμῷ
2868 3806 3046 3861 πάντα
3103 3809 3281 3861 ποιεῖν
3324 3803 3404 3877 τῷ
3443 3804 3801 3876 προσήκοντι.

2210 3907 2332 3963 Τῶν
2359 3905 2469 3976 γάρ
2499 3903 2753 3963 τοιούτων
2791 3904 2886 3957 καὶ
2938 3902 3124 3967 ἁπλῶς
3169 3901 3265 3955 καὶ
3311 3901 3436 3973 είκῆ
3479 3898 3804 3971 φερομένων

2210 4005 2332 4063 οὑδὲ
2357 4002 2457 4073 τὴν
2492 4000 2723 4072 σπουδὴν
2749 3998 3038 4071 ἐπαινετὴν
3066 3999 3221 4071 εὖροι
3268 4015 3353 4063 τις
3381 3996 3449 4051 ἂν
3475 3992 3676 4052 οὖσαν·
3709 3996 3806 4049 καὶ

2209 4101 2369 4157 τοῦτο
2392 4098 2502 4153 ἀπὸ
2541 4097 2640 4168 τῆς
2669 4094 2933 4165 ἐπιούσης
2983 4092 3258 4160 συνάξεως
3285 4093 3445 4165 δῆλον
3473 4088 3805 4163 καθίστημι.

2212 4195 2326 4267 Τῆς
2348 4194 2457 4264 γὰρ
2475 4192 2637 4261 ἁγίας
2670 4193 2804 4263 ἡμῖν
2822 4190 3158 4262 τελουμένης
3178 4188 3587 4259 Πεντηκοστῆς,
3610 4186 3804 4257 ποσοῦ-

2211 4309 2301 4347 τον
2343 4291 2631 4363 δραμεῖται
2680 4286 2907 4359 πλῆθος,
2939 4286 3017 4351 ὡς
3048 4287 3268 4341 ἅπαντα
3300 4287 3434 4357 ἡμῖν
3470 4286 3542 4340 τὰ
3567 4285 3809 4338 ἐνταῦθα

2216 4383 2686 4457 στενοχωρεῖσθαι.
2724 4382 2863 4436 Ἀλλ’
2892 4383 3042 4452 ὅμως
3076 4382 3198 4435 οὑδέ
3227 4381 3433 4451 ταύτην
3465 4381 3808 4452 ἀποδέχομαι

2212 4483 2311 4555 τὴν
2346 4480 2642 4551 συλλογήν·
2669 4478 2959 4551 συνηθείας
3002 4479 3111 4550 γάρ
3146 4479 3317 4543 ἐστιν,
3358 4477 3459 4535 οὑκ
3489 4476 3805 4538 εὐλαϐείας.

2212 4579 2280 4633 Τί
2311 4579 2491 4632 τοίνυν
2520 4575 2719 4646 γένοιτ’
2743 4576 2808 4631 ἂν
2838 4576 3062 4628 ἐκείνων
3091 4574 3441 4645 ἀθλιώτερον,
3470 4575 3603 4629 ὅταν
3641 4575 3739 4628 καὶ
3772 4576 3811 4644 ή

2216 4674 2457 4746 ῥᾳθυμία
2487 4672 2666 4727 αὑτῶν
2711 4671 2982 4726 τοσούτων
3028 4671 3393 4743 ἐγκλημάτων
3437 4671 3612 4745 γέμῃ,
3643 4672 3741 4725 καὶ
3770 4674 3809 4741 ἡ

2213 4770 2447 4826 δοκοῦσα
2494 4765 2636 4824 εἶναι
2672 4769 2879 4839 σπουδὴ
2921 4767 3216 4838 ἐγκωμίων
3298 4767 3544 4839 ἔρημος
3567 4768 3678 4821 Τὸν
3701 4768 3813 4839 γὰρ

2214 4866 2362 4939 ζήλῳ
2388 4867 2486 4922 καὶ
2505 4864 2656 4937 πόθῳ
2672 4865 2769 4919 καὶ
2787 4864 3027 4935 σώφρονι
3045 4864 3294 4935 λογισμῷ
3318 4864 3413 4917 τοῦ
3441 4863 3591 4917 θείου
3614 4865 3814 4917 τούτου

2216 4967 2514 5037 μετέχοντα
2576 4963 2858 5032 συλλόγου,
2913 4961 3181 5032 διηνεκῶς
3233 4960 3404 5017 ταῦτα
3455 4963 3637 5015 ποιεῖν
3684 4960 3812 5032 χρὴ.

2215 5061 2330 5115 ἀλλ’
2354 5061 2475 5132 οὑχί
2508 5061 2649 5131 μετά
2676 5059 2784 5113 τῶν
2818 5061 2877 5113 ἐν
2903 5060 3064 5129 ἑορτῇ
3093 5059 3254 5129 μόνον
3284 5057 3655 5128 φαινομένων,
3692 5057 3816 5128 μετ’

2217 5158 2441 5213 ἐκείνων
2467 5156 2799 5228 ἀφίστασθαι
2837 5154 3018 5219 πάλιν,
3054 5154 3390 5227 θρεμμάτων
3437 5153 3600 5224 δίκην
3626 5152 3818 5215 ἀτελῶς

2216 5242 2504 5311 ἀγόμενον.

2288 5353 2358 5416 γ’.
2378 5344 2687 5417 Ἡδυνάμην
2707 5343 2807 5415 μὲν
2823 5338 2914 5397 οὖν
2931 5342 3026 5397 καὶ
3045 5342 3178 5413 πρὸς
3201 5341 3362 5394 πλέον
3378 5340 3552 5412 μῆκος
3571 5341 3817 5395 ἐκτεῖναι

2216 5430 2279 5484 τὸ
2310 5428 2593 5499 προοίμιον
2619 5427 2715 5481 τοῦ
2743 5427 2904 5495 λόγου
2926 5444 2938 5456 ’
2964 5425 3079 5479 ἀλλ’
3111 5425 3303 5496 ἐπειδὴ
3331 5420 3448 5476 οἴδα
3482 5422 3701 5490 σαφῶς,
3730 5424 3817 5476 ὅτι

2219 5514 2313 5567 καί¹
2362 5511 2470 5584 πρὸ
2502 5511 2601 5581 τῆς
2639 5510 2916 5581 ἡμετέρας
2959 5507 3333 5579 παραινέσεως
3363 5506 3434 5559 τά
3462 5507 3815 5576 προσήκοντα

2220 5598 2348 5667 ὑμῖν
2392 5596 2576 5658 αὑτοῖς
2605 5593 2908 5658 ποιοῦντες,
2952 5593 3046 5645 καὶ
3094 5592 3313 5645 πλείονα
3357 5589 3467 5643 τῶν
3500 5591 3817 5662 εἰρημένων

2222 5681 2418 5750 ἐρεῖτε,
2453 5677 2595 5733 ὥστε
2629 5678 2705 5748 μὴ
2734 5676 2884 5741 δόξαι
2907 5675 3263 5745 παρενοχλεῖν
3286 5676 3345 5727 ἐν
3373 5675 3495 5737 ταῖς
3524 5676 3646 5727 κατ’
3665 5673 3811 5726 ἐκεί-

2223 5780 2328 5816 νων
2355 5763 2730 5833 ἐπιτιμήσεσι,
2770 5761 2838 5815 τὰ
2877 5760 3173 5830 λειπόμενα
3214 5758 3432 5813 ἃπαντα
3463 5758 3600 5827 ὑμῖν
3625 5756 3808 5826 ἀφεὶς,

2228 5846 2321 5916 τῆς
2350 5844 2604 5913 εἰωθυίας
2655 5843 2863 5914 ἄξομαι
2895 5842 3264 5908 διδασκαλίας,
3304 5843 3398 5898 ἐπὶ
3426 5841 3526 5915 τὴν
3547 5841 3650 5914 τῆς
3680 5834 3807 5913 Ἅνέ
