4064 6464
384 428 484 484 661

374 556 491 594 non
521 539 711 611 pedum
741 535 1037 599 infirmitas,
1063 551 1167 590 non
1193 533 1332 588 aliud
1357 533 1640 603 quidquam
1667 530 1768 584 tale
1796 543 1965 582 remo-

380 643 535 688 ratur
572 632 861 695 insaniam,
895 630 1037 685 nulla
1068 627 1358 684 retinacula
1387 642 1491 679 non
1519 624 1962 692 abrumpentem:

382 722 480 779 sed
508 722 756 778 homines
782 724 933 776 senio
958 719 1185 775 confecti
1210 758 1226 787 ,
1254 716 1541 787 juvenibus
1582 729 1645 769 ac
1672 713 1968 782 vigentibus

381 814 593 868 avidius
614 813 739 867 illuc
757 821 1101 876 concurrunt,
1118 810 1367 864 canitiem
1388 822 1537 861 suam
1554 805 1962 860 dedecorantes:

380 916 597 960 :rtatem
636 914 942 975 provectam
976 903 1346 964 traducentes,
1379 910 1434 955 et
1466 907 1794 954 senectutem
1828 912 1967 966 prte-

378 998 575 1055 ‘beutes
602 998 972 1054 deridendam.
1015 998 1080 1051 Et
1120 996 1221 1050 huc
1246 995 1458 1065 quidem
1496 994 1803 1057 venientes,
1842 1006 1967 1046 cum

384 1090 600 1146 fastidio
629 1106 692 1145 ac
734 1091 976 1145 molestia
1008 1104 1286 1143 sermones
1315 1087 1523 1142 divinos
1549 1088 1565 1118 ¹
1597 1086 1834 1151 audiunt,
1868 1101 1966 1139 an—

380 1181 587 1252 gustias
607 1223 620 1244 ,
651 1191 872 1244 testam,
904 1191 957 1236 et
982 1180 1384 1236 suﬂ’ocationem
1425 1178 1720 1246 similiaque
1746 1193 1969 1232 causan-

376 1283 469 1329 tes
498 1292 512 1329 :
539 1283 593 1329 at
635 1274 743 1329 illic
768 1274 893 1329 dum
921 1282 975 1329 et
1012 1273 1178 1327 solem
1218 1273 1359 1327 nudo
1383 1263 1557 1339 capite
1582 1270 1872 1340 excipiunt,
1914 1278 1970 1324 et

374 1364 787 1433 «proculcantur,
808 1363 1214 1434 protruduntur,
1238 1378 1423 1432 magna
1448 1362 1496 1416 vi
1514 1361 1967 1430 comprimuntur,

380 1464 442 1509 et
468 1454 666 1509 infinita
688 1455 789 1510 alia
818 1454 1086 1523 patiuntur
1107 1454 1459 1517 incommoda,
1490 1468 1594 1508 non
1622 1468 1776 1509 secus
1804 1468 1963 1523 quam

375 1547 442 1599 in
474 1560 685 1601 anueno
730 1555 883 1614 prato
905 1544 1153 1602 deliciari
1188 1546 1286 1598 sibi
1335 1543 1600 1599 videntur.
1646 1544 1772 1599 Ideo
1817 1544 1969 1600 nobis

383 1638 631 1691 civitates
655 1645 921 1704 corrupta:
949 1645 1109 1701 sunt,
1138 1637 1261 1706 quia
1305 1635 1531 1705 improbi
1558 1635 1849 1705 juventutis
1874 1637 1968 1691 do-

376 1740 588 1784 ctores.
620 1731 735 1796 Quo
760 1729 900 1783 enim
931 1737 1085 1797 pacto
1111 1729 1311 1798 poteris
1339 1729 1750 1793 adolescentem,
1777 1729 1971 1784 lascive

385 1839 455 1877 ac
481 1831 673 1891 przeter
695 1822 946 1877 decorum
980 1835 1039 1875 se
1075 1828 1367 1890 gerentem,
1396 1819 1461 1874 ad
1486 1820 1804 1875 modestiam
1842 1827 1972 1881 red-

384 1915 569 1982 igere,
614 1928 735 1968 cum
777 1914 887 1982 ipse
926 1914 977 1966 in
1000 1911 1191 1966 canitie
1214 1919 1326 1965 tam
1367 1911 1670 1979 juveniliter
1698 1919 1749 1966 te
1774 1925 1967 1982 geras;

378 2019 514 2059 cum
542 2005 653 2073 ipse
682 2013 803 2073 post
842 2012 926 2059 tot
957 2013 1256 2072 temporum
1291 2002 1559 2056 curricula
1605 2001 1850 2056 satietate
1886 2002 1970 2055 itt-

378 2095 686 2150 suavissimi
730 2094 869 2149 illius
908 2093 1192 2163 spectaculi
1238 2093 1472 2146 nondum
1521 2093 1791 2161 capiaris?
1834 2107 1971 2161 quo-

379 2188 553 2244 modo
597 2190 795 2257 poteris
828 2188 918 2241 filii
950 2202 1125 2242 mores
1153 2202 1496 2256 componere,
1545 2187 1813 2255 quomodo
1855 2202 1967 2241 ser-

380 2296 514 2333 vum
557 2288 860 2347 peccantem
906 2279 1185 2348 castigare,
1231 2277 1498 2346 quomodo
1541 2278 1765 2330 alterum
1810 2275 1975 2346 negli-

386 2380 601 2439 gentem
631 2386 852 2425 monere
873 2411 885 2433 ,
914 2384 1031 2423 cum
1064 2370 1177 2438 ipse
1220 2370 1297 2423 sic
1338 2370 1388 2422 in
1420 2377 1656 2422 extrema
1697 2377 1974 2423 senectute

387 2462 662 2530 ineptias?
711 2462 775 2515 Et
801 2461 844 2515 si
874 2461 1090 2530 quidem
1121 2476 1148 2512 τι
1172 2459 1368 2529 juvene
1394 2475 1557 2514 senex
1597 2459 1970 2513 contumeliam

380 2554 638 2622 patiatur,
672 2552 815 2607 illico
842 2560 1054 2606 :etatem
1080 2551 1127 2605 ei
1166 2551 1367 2620 objicit,
1395 2560 1448 2605 et
1474 2561 1754 2605 sexcentos
1777 2550 1974 2616 reperit

378 2645 482 2715 qui
509 2659 609 2697 una
634 2642 1073 2697 stomachentur:
1106 2652 1159 2697 at
1184 2643 1397 2712 quando
1434 2656 1574 2710 opus
1602 2651 1682 2696 est
1718 2641 1970 2711 juvenem

376 2736 460 2791 ad
487 2735 800 2806 probitatem
829 2736 1115 2802 reducere,
1145 2750 1307 2805 seque
1329 2735 1409 2789 illi
1436 2735 1645 2790 virtutis
1681 2750 1779 2790 ceu
1820 2750 1976 2805 regu-

382 2829 497 2882 lam
536 2827 830 2891 exhibere,
877 2835 987 2881 tum
1034 2826 1172 2880 nulla
1214 2826 1385 2881 aetatis
1424 2826 1559 2880 ratio
1583 2868 1598 2891 ,
1638 2825 1731 2881 sed
1773 2826 1974 2894 majore

387 2934 548 2987 quam
576 2919 673 2988 ipsi
703 2919 905 2972 insania
929 2917 994 2972 ad
1037 2918 1215 2972 illicita
1258 2917 1346 2971 ilia
1373 2918 1670 2987 spectacula
1712 2916 1969 2971 feruntur.

388 3009 519 3065 Hazc
545 3019 720 3065 autem
749 3010 888 3073 dico,
918 3025 1184 3078 senesque
1210 3020 1388 3079 tango,
1420 3024 1524 3063 non
1560 3008 1701 3079 quod
1734 3009 1973 3079 juniores

376 3116 421 3155 θ
460 3116 597 3155 noxa
638 3099 909 3154 absolvam
951 3110 1003 3155 et
1043 3101 1266 3155 crimine
1291 3140 1305 3161 ,
1349 3099 1443 3155 sed
1486 3110 1542 3154 ut
1579 3100 1680 3155 hos
1716 3116 1816 3169 per
1855 3101 1972 3155 illos

385 3192 747 3245 commonitos
789 3190 1030 3245 habeam.
1071 3190 1203 3245 Nam
1245 3191 1289 3246 si
1330 3206 1485 3245 senes
1525 3192 1624 3246 hoc
1664 3192 1839 3246 facere
1866 3207 1970 3245 non

374 3282 606 3348 debent,
635 3282 804 3335 multo
840 3283 1006 3351 magis
1047 3297 1114 3337 ne
1147 3282 1374 3351 juvenes
1410 3282 1647 3353 quidem.
1679 3283 1789 3337 Illic
1829 3283 1969 3337 enim

385 3372 561 3440 major
588 3372 787 3427 derisio
813 3387 876 3427 ac
914 3371 1184 3441 turpitudo
1210 3389 1223 3437 ;
1267 3374 1351 3427 hic
1385 3383 1560 3428 autem
1591 3383 1738 3427 tanto
1760 3375 1975 3444 gravior

386 3465 677 3534 pernicies,
704 3464 1121 3534 profundiusque
1153 3466 1522 3535 praecipitium,
1550 3477 1748 3536 quanto
1778 3482 1973 3521 concu-

380 3557 663 3625 piscentim
696 3557 866 3623 major
893 3557 972 3610 vis
998 3557 1049 3610 in
1084 3556 1365 3624 juvenibus
1384 3598 1397 3621 ,
1431 3567 1733 3628 quantoque
1760 3558 1969 3613 ﬂamma

387 3650 531 3702 inest
559 3649 946 3714 vehementior,
976 3663 1094 3715 qua:
1138 3649 1371 3704 incendit
1399 3650 1594 3717 onniia,
1626 3652 1670 3704 si
1702 3652 1783 3706 vel
1816 3652 1971 3705 mini-

388 3755 535 3792 mum
565 3740 630 3793 sit
665 3748 815 3794 nacta
842 3738 1103 3795 fomitem.
1144 3741 1443 3795 Proelivior
1481 3742 1622 3795 enim
1664 3741 1731 3796 ad
1770 3757 1969 3795 concu-

376 3831 676 3902 yiscentias
703 3841 785 3888 est
815 3834 1087 3903 juventus,
1111 3835 1293 3903 eisque
1317 3835 1470 3905 longe
1494 3834 1707 3888 lucilius
1728 3835 1965 3903 capitur;

380 3925 509 3979 ideo
535 3925 735 3995 majore
763 3941 897 3996 Opus
942 3926 1100 3980 habet
1137 3927 1395 3993 custodia,
1440 3928 1647 3982 acriore
1682 3926 1853 3991 freno,
1884 3936 1968 3980 tu-

385 4016 525 4071 tiore
551 4016 844 4072 munitione
872 4027 1031 4087 atque
1058 4017 1353 4072 obstaculo.

455 4109 508 4161 2.
556 4108 918 4164 Detrimentum
962 4110 1099 4177 quod
1142 4126 1169 4164 e
1210 4112 1506 4181 spectaculis
1551 4113 1711 4165 oritur
1755 4114 1969 4166 multum

380 4203 575 4256 excedit
617 4204 924 4273 voluptatem
976 4205 1095 4258 inde
1135 4215 1409 4275 acceptam.
1460 4206 1626 4273 Quam
1669 4208 1862 4261 diversa
1905 4209 1967 4260 sit

376 4294 588 4347 uirtutis
618 4304 663 4348 et
687 4295 792 4348 vitii
814 4296 1063 4364 voluptas.
1085 4326 1154 4336 --
1180 4296 1287 4351 Nec
1315 4297 1446 4351 mihi
1489 4298 1612 4352 illud
1648 4299 1892 4366 obiicias,
1935 4314 1968 4353 0

376 4388 545 4453 bene,
583 4385 722 4456 quod
749 4387 1071 4455 voluptatem
1101 4388 1292 4443 habeat
1319 4389 1417 4443 hoc
1445 4390 1804 4457 spectaculum
1830 4408 1843 4454 ;
1874 4389 1965 4444 sed

376 4476 490 4530 huc
532 4479 703 4545 potius
736 4476 891 4542 doce,
934 4493 999 4531 an
1034 4478 1237 4532 nullum
1281 4478 1394 4531 htec
1429 4479 1674 4548 voluptas
1715 4480 1965 4534 damnum

370 4566 589 4620 afferat.
638 4566 788 4635 Quod
829 4568 970 4623 enim
1013 4583 1079 4623 ne
1123 4584 1243 4623 cum
1282 4568 1552 4637 voluptate
1593 4570 1805 4638 quidem
1856 4573 1968 4626 hare

373 4670 472 4709 res
509 4658 789 4725 conjuncta
819 4658 906 4720 sit,
952 4657 1074 4713 hinc
1100 4659 1191 4712 tibi
1236 4660 1568 4729 perspicuum
1608 4676 1727 4715 esse
1767 4670 1962 4729 potest.

370 4750 515 4803 Cum
546 4766 573 4803 a
602 4750 930 4805 circensibus
970 4752 1285 4817 reverteris,
1313 4767 1530 4807 occurre
1561 4754 1637 4807 eis
1667 4754 1754 4823 qui
1780 4754 1847 4808 ab
1870 4768 1965 4809 cc-

375 4841 542 4895 clesia
570 4841 815 4906 redeunt,
850 4851 903 4896 et
938 4843 1215 4898 considera
1256 4843 1570 4913 diligenter,
1606 4857 1725 4899 utor
1750 4844 1963 4899 tandem

373 4932 584 5001 majore
620 4933 889 5001 voluptate
930 4933 1268 5001 perfruatur:
1299 4935 1413 4988 isne
1438 4935 1526 5005 qui
1568 4936 1840 5005 prophetis
1870 4952 1965 4990 au-

374 5024 527 5091 ditis,
572 5033 624 5078 et
655 5025 1025 5080 benedictione
1050 5068 1063 5090 ,
1106 5041 1167 5080 ac
1206 5026 1460 5080 doctrinze
1488 5027 1660 5081 fructu
1690 5038 1961 5097 percepto,

377 5118 645 5184 simulque
672 5117 837 5171 Deum
868 5133 962 5186 pro
986 5118 1096 5171 suis
1120 5120 1350 5188 peccatis
1387 5117 1723 5187 deprecatus,
1761 5129 1813 5175 et
1834 5134 1965 5173 cou-

377 5211 600 5264 scientia
631 5211 955 5280 aliquantum
986 5221 1277 5267 exonerata
1301 5251 1315 5275 ,
1364 5225 1463 5264 nec
1487 5211 1640 5280 culpa
1671 5211 1776 5264 ulla
1803 5210 1962 5265 simili

378 5301 482 5354 sibi
505 5302 752 5356 conscius
776 5317 789 5352 :
814 5317 879 5355 an
905 5311 959 5356 tu
981 5302 1069 5372 qui
1097 5312 1320 5357 matrem
1342 5302 1646 5367 deseruisti,
1672 5304 1961 5372 prophetas

375 5392 772 5463 contempsisti,
800 5392 963 5447 Deum
992 5392 1213 5448 afl‘ecisti
1239 5394 1581 5457 contumelia,
1605 5410 1725 5448 cum
1751 5395 1961 5450 diabolo

375 5482 605 5537 choreas
646 5484 877 5548 duxisti,
920 5483 1361 5539 maledicentibus
1404 5485 1542 5539 inter
1579 5498 1639 5539 se
1682 5501 1744 5539 ac
1777 5487 1962 5540 convi-

373 5573 642 5628 ciautibus
666 5588 823 5628 aures
850 5574 1143 5643 praebuisti,
1168 5574 1426 5644 temporis
1448 5574 1678 5645 denique
1701 5576 1958 5646 jacturam

371 5665 591 5731 fecisti;
636 5682 733 5721 nec
777 5668 1049 5736 Spirituale
1097 5670 1177 5723 vel
1222 5668 1475 5723 sarculare
1532 5670 1694 5725 ullum
1754 5671 1958 5727 lucrum

436 5846 458 5881 ⁸
493 5846 566 5895 sic
586 5845 716 5895 Coll).
744 5857 898 5908 unus;
925 5845 1085 5896 Morel.
1114 5852 1292 5907 autem,
1318 5843 1505 5898 divinas
1527 5845 1816 5910 Scripturas.

1632 415 1721 471 DE
1761 412 1943 469 ANNA
1984 409 2217 467 SERM’O
2257 411 2344 466 Ν.

3553 419 3658 472 662

2078 529 2200 585 inde
2250 528 2461 584 domum
2502 540 2762 600 reportes.
2814 532 3001 605 Itaque
3036 534 3124 590 ve‘l
3162 533 3448 605 voluptatis
3488 538 3655 606 gratia

2077 622 2163 675 hic
2183 622 2372 676 adesse
2397 631 2629 690 Oportet.
2664 622 2775 678 Illic
2814 626 2956 679 enim
3005 626 3256 680 continuo
3297 626 3536 695 sequitur
3566 629 3660 681 da-

2075 715 2274 767 mnatio
2298 714 2439 778 facti,
2471 715 2796 771 conscientia
2819 717 3139 783 accusatrix,
3172 719 3479 787 poenitentia
3502 720 3573 773 ob
3594 736 3656 775 ea

2076 823 2195 877 qua:
2220 809 2574 877 contigerunt,
2611 808 2841 864 dedecus
2862 818 2915 865 et
2939 810 3306 880 opprobrium,
3344 821 3400 867 ut
3420 813 3503 867 vix
3529 829 3659 869 ocu-

2077 905 2157 959 los
2181 906 2423 960 attollere
2465 908 2665 961 audeas
2693 925 2706 961 :
2744 906 2837 961 hic
2866 906 2981 962 vice
3007 922 3157 961 versa
3184 908 3360 961 omnia
3389 910 3659 962 contrario

2070 997 2235 1052 modo
2274 1013 2333 1052 se
2367 999 2581 1062 habent,
2611 998 2799 1054 ﬁducia
2821 1008 2875 1054 et
2903 1000 3011 1055 oris
3039 1000 3279 1065 libertas,
3319 1009 3372 1055 et
3399 1016 3520 1055 cum
3544 1018 3660 1055 om-

2077 1089 2233 1144 nibus
2260 1091 2503 1160 loquendi
2549 1092 2767 1146 facultas
2805 1091 2875 1146 de
2910 1092 3156 1148 omnibus
3194 1108 3314 1163 qute
3354 1092 3438 1147 hic
3479 1093 3658 1146 audita

2076 1191 2219 1235 sunt.
2249 1182 2472 1248 Quando
2504 1183 2661 1252 igitur
2685 1184 2737 1237 in
2765 1183 2936 1237 forum
2964 1194 3013 1238 te
3043 1184 3352 1247 contuleris,
3380 1191 3435 1239 et
3460 1183 3659 1238 videris

2077 1288 2265 1328 omnes
2285 1273 2351 1327 ad
2375 1274 2721 1341 Spectandum
2753 1289 3092 1341 concurrere,
3121 1284 3177 1328 tu
3200 1273 3265 1328 ad
3301 1273 3578 1329 ecclesiam
3605 1283 3658 1327 te

2075 1367 2358 1423 confestim
2396 1368 2640 1439 recipito,
2682 1375 2740 1422 et
2780 1369 2832 1422 in
2873 1382 2937 1423 ea
2977 1367 3243 1437 paulisper
3268 1376 3655 1431 commoratus,

2073 1466 2332 1529 perpetua
2359 1458 2522 1514 divini
2545 1458 2688 1512 verbi
2716 1457 2987 1528 voluptate
3012 1456 3208 1512 fruere.
3239 1456 3295 1512 Si
3318 1456 3459 1512 enim
3487 1454 3659 1510 turba:

2079 1554 2279 1625 impetu
2328 1553 2629 1609 abstractus
2672 1554 2800 1607 illuc
2846 1552 3153 1621 perveneris
3197 1548 3345 1604 brevi
3394 1548 3660 1616 voluptate

2078 1648 2330 1703 delinitus
2353 1688 2368 1712 ,
2414 1646 2554 1700 male
2582 1643 2804 1700 habebis
2846 1659 2943 1713 per
2988 1652 3151 1696 totam
3180 1647 3489 1710 sequentem
3516 1637 3658 1693 diem

2078 1750 2238 1810 atque
2265 1740 2425 1793 etiam
2454 1737 2632 1806 plures
2652 1738 2925 1804 deinceps,
2957 1745 3101 1790 tuum
3137 1734 3300 1803 ipsius
3337 1734 3531 1787 factum
3559 1730 3659 1783 da-

2082 1846 2308 1885 mnans:
2340 1829 2481 1899 quod
2506 1828 2550 1884 si
2584 1829 2850 1898 paulisper
2891 1836 2941 1880 te
2968 1826 3290 1887 cohibueris,
3322 1825 3577 1892 integram
3606 1831 3661 1875 et

2078 1940 2317 1981 securam
2370 1924 2425 1977 in
2472 1922 2731 1989 reliquum
2790 1919 2896 1973 diei
2943 1920 3266 1986 voluptatem
3316 1914 3553 1969 habebis.
3603 1912 3658 1966 Ill

2079 2019 2221 2072 enim
2250 2031 2354 2069 non
2381 2014 2466 2067 hic
2512 2022 2736 2074 tantum,
2777 2011 2868 2066 sed
2909 2011 3069 2065 etiam
3111 2012 3163 2064 in
3203 2008 3321 2061 aliis
3363 2006 3521 2060 rebus
3562 2018 3659 2057 usu

2082 2110 2263 2162 venire
2301 2107 2479 2159 solet:
2510 2102 2694 2157 vitium
2733 2102 2874 2155 enim
2914 2108 3338 2153 momentaneam
3383 2096 3541 2149 habet
3568 2110 3661 2143 vo-

2082 2202 2373 2270 Ittplztlcm,
2416 2198 2657 2252 dolorem
2700 2210 2827 2249 vero
2869 2202 3222 2262 perpetuum;
3268 2195 3436 2243 virtus
3475 2196 3659 2240 contra

2082 2294 2315 2348 laborem
2348 2291 2585 2353 brevem,
2620 2287 2849 2341 fructum
2872 2298 3001 2339 vero
3036 2298 3160 2338 cum
3201 2280 3468 2335 hilaritate
3508 2277 3661 2332 inde-

2080 2388 2360 2441 sinentem.
2393 2383 2551 2438 Verbi
2582 2384 2749 2452 gratia
2773 2422 2785 2445 ,
2829 2388 3073 2449 precatus
3112 2386 3196 2432 est
3237 2375 3429 2445 aliquis
3471 2373 3660 2437 Deum,

2080 2481 2345 2551 lacrymas
2383 2476 2540 2542 fudit,
2572 2475 2783 2530 modico
2822 2482 3060 2541 tempore
3101 2472 3238 2524 inter
3276 2467 3533 2522 orandum
3561 2465 3661 2520 do-

2082 2573 2213 2636 luit;
2244 2570 2380 2625 alius
2403 2577 2510 2623 tota
2533 2567 2619 2622 die
2646 2582 2705 2621 se
2726 2565 3029 2625 oblectavit,
3055 2561 3244 2617 deinde
3265 2560 3658 2628 eleemosyuam

2079 2663 2246 2730 dedit,
2274 2662 2554 2732 jejunavit,
2583 2658 2725 2712 aliud
2766 2656 2961 2727 aliquid
3003 2655 3125 2710 boui
3164 2652 3309 2717 fecit,
3351 2659 3441 2703 aut
3471 2658 3661 2701 contu-

2084 2758 2296 2812 meliam
2338 2768 2525 2824 passus
2566 2768 2669 2807 non
2708 2750 2932 2821 regessit
2971 2746 3208 2801 convicia
3249 2761 3260 2795 :
3297 2744 3340 2796 is
3382 2751 3659 2811 postquam

2082 2850 2240 2905 unico
2279 2848 2534 2917 tetnporis
2580 2852 2851 2900 momento
2890 2839 3197 2911 perduravit
3245 2845 3300 2892 et
3338 2836 3468 2889 iram
3512 2848 3659 2887 COlll-

2002 2990 2008 2999 κ
2082 2942 2297 3010 pressit,
2340 2939 2595 2994 memoria
2636 2944 2783 2992 recte
2820 2934 3078 2990 factorum
3121 2928 3333 2983 assidue
3368 2925 3564 2996 guttch
3600 2938 3673 2976 ac.

2083 3035 2310 3088 laetatur.
2343 3032 2412 3086 At
2445 3033 2495 3086 in
2521 3029 2661 3084 vitiis
2696 3026 3022 3083 contrarium
3050 3022 3276 3078 accidit:
3302 3018 3477 3074 intulit
3513 3017 3661 3083 quis-

2084 3128 2223 3197 piam
2252 3124 2498 3193 injuriam
2535 3129 2626 3177 aut
2666 3119 2849 3175 retulit
2882 3136 2893 3170 :
2936 3115 3129 3172 deinde
3169 3114 3385 3169 domum
3415 3123 3661 3163 reversus

2079 3220 2283 3276 arrodit
2316 3234 2409 3273 cor
2431 3232 2610 3281 suum,
2634 3216 2760 3270 dum
2787 3212 2945 3267 verba
2985 3226 3078 3265 sua
3104 3215 3333 3277 reputat,
3362 3219 3479 3274 qua:
3507 3202 3662 3256 toties

2079 3330 2240 3385 grave
2281 3312 2507 3366 attulere
2545 3308 2819 3362 damnum.
2876 3306 3211 3371 Quapropter
3250 3300 3291 3351 si
3338 3297 3660 3365 voluptatem

2081 3406 2337 3471 sectaris,
2380 3403 2568 3474 Fugite
2609 3400 2860 3473 juveniles
2910 3393 3338 3462 concupiscentia:
3381 3392 3480 3460 (Ξ.
3527 3390 3657 3441 Tim.

2079 3501 2134 3554 2.
2176 3498 2283 3569 22)
2310 3541 2324 3564 ,
2362 3507 2419 3553 et
2464 3494 2885 3566 temperantiam
2916 3499 3163 3545 exerccto
3188 3530 3202 3553 ,
3245 3485 3438 3540 divinis
3485 3482 3662 3536 verbis

2080 3602 2313 3648 attentus
2334 3600 2470 3646 esto.
2514 3589 2639 3643 lltec
2666 3587 2785 3641 ideo
2808 3585 2956 3638 vobis
2980 3580 3239 3642 'dicimus,
3266 3587 3323 3633 ut
3344 3592 3437 3630 vos
3471 3574 3657 3629 eadem

2082 3686 2184 3739 illis
2221 3682 2469 3747 dicendo,
2512 3690 2566 3736 et
2608 3680 2798 3735 talibus
2837 3676 3012 3731 verbis
3051 3670 3409 3734 obtundendo,
3450 3668 3627 3722 absu-a

2079 3777 2219 3832 hatis
2253 3790 2345 3831 eos
2382 3775 2452 3830 ab
2489 3773 2634 3828 omni
2673 3770 2811 3826 mala
2849 3766 3250 3829 consuetudine,
3299 3772 3460 3832 utque
3486 3760 3659 3815 omnia

2079 3870 2303 3924 rationis
2345 3868 2520 3936 potius
2558 3866 2721 3919 ductu
2750 3872 2907 3933 agant
2946 3855 3329 3929 persuadentis.
3375 3854 3657 3908 Hominum

2079 3966 2222 4017 enim
2267 3960 2355 4029 qui
2401 3968 2601 4012 temere
2640 3965 2694 4009 et
2736 3956 2852 4007 sine
2896 3952 3103 4005 ratione
3148 3948 3391 4003 feruntur
3432 3961 3499 3998 ne
3536 3944 3659 3997 dili-

2077 4056 2255 4126 gentia
2282 4050 2496 4124 quidem
2525 4047 2796 4120 probanda
2822 4054 2902 4100 est
2938 4063 2950 4099 :
2996 4043 3045 4097 id
3077 4042 3217 4111 quod
3249 4041 3330 4093 vel
3358 4056 3423 4094 ex
3454 4056 3514 4094 ea
3542 4054 3661 4107 qn:e

2081 4152 2242 4206 instat
2287 4147 2508 4203 collecta
2552 4144 2681 4197 satis
2726 4138 3020 4210 apparebit.
3072 4137 3203 4191 Dum
3244 4135 3384 4189 enim
3423 4142 3658 4189 sanctam

2080 4248 2423 4304 Pentecostes
2462 4238 2823 4294 celebritatem
2880 4245 3132 4303 agemus,
3176 4238 3321 4284 tanta
3381 4237 3663 4283 concurret

2080 4339 2381 4401 multitudo,
2407 4346 2463 4392 ut
2484 4348 2672 4405 magna
2710 4331 2796 4386 hic
2834 4331 3070 4384 locorum
3093 4325 3333 4396 angustia
3366 4324 3657 4378 laboretur.

2079 4432 2187 4488 Nec
2237 4442 2412 4486 tamen
2459 4428 2598 4481 hunc
2646 4430 2965 4479 conventum
3012 4416 3189 4487 magni
3235 4415 3390 4477 facio,
3424 4413 3661 4481 quando-

2078 4524 2295 4595 quidem
2343 4521 2509 4590 magis
2559 4533 2622 4572 cx
2668 4532 2818 4569 more
2868 4514 2959 4579 fit,
2991 4527 3151 4581 quam
3196 4509 3470 4576 religionis
3510 4520 3656 4573 ergo.

2080 4615 2217 4683 Quid
2250 4614 2408 4684 igitur
2438 4611 2543 4664 illis
2571 4607 2819 4662 miserius
2842 4645 2857 4672 ,
2891 4619 3114 4674 quorum
3144 4611 3198 4657 et
3225 4598 3544 4669 negligentia
3580 4606 3657 4651 tot

2077 4708 2273 4763 referta
2318 4714 2400 4759 est
2440 4702 2787 4763 criminibus,
2833 4705 2887 4752 et
2913 4696 3183 4765 diligentia
3216 4694 3415 4748 nullam
3448 4691 3657 4745 laudem

2077 4796 2452 4871 promeretur?
2499 4791 2749 4862 Quisquis
2795 4789 2935 4845 enim
2979 4788 3093 4840 zelo
3149 4784 3359 4853 pietatis
3404 4782 3471 4835 ad
3522 4784 3661 4835 hunc

2075 4903 2273 4949 emtum
2313 4884 2490 4944 sobrie
2524 4885 2818 4955 cupideque
2856 4880 3082 4949 accedit,
3116 4880 3231 4934 sine
3259 4875 3654 4932 intermissione

2076 4986 2177 5042 hoc
2210 4985 2383 5039 facere
2426 4981 2605 5047 debet,
2637 4989 2691 5035 et
2720 4994 2826 5033 non
2858 4993 2980 5035 cum
3010 4976 3136 5041 illis,
3170 4974 3258 5043 qui
3304 4972 3355 5025 in
3387 4970 3520 5024 festo
3554 4978 3661 5020 tau-

2077 5089 2186 5134 tum
2220 5077 2525 5140 confluunt,
2571 5072 2826 5129 accedere
2850 5112 2863 5135 ,
2894 5078 2947 5127 et
2984 5085 3103 5124 cum
3151 5066 3253 5121 illis
3282 5063 3530 5119 recedere
3554 5102 3566 5125 ,
3602 5068 3661 5114 ut

2074 5171 2161 5242 qui
2196 5182 2396 5224 temere
2430 5165 2648 5235 pecudis
2681 5165 2734 5219 in
2766 5178 2970 5217 morem
3002 5159 3312 5213 abducetur.

2140 5264 2200 5319 3.
2244 5262 2504 5332 Equidem
2540 5267 2775 5330 poteram
2807 5256 2907 5311 hoc
2935 5252 3210 5309 exordium
3252 5248 3514 5304 sermonis
3542 5247 3658 5301 diu-

2074 5356 2179 5411 tius
2218 5354 2546 5419 extendere;
2587 5366 2769 5406 vernm
2800 5347 3047 5417 quoniam
3086 5345 3197 5399 scio
3244 5357 3339 5396 vos
3379 5341 3509 5394 citra
3555 5355 3655 5394 no-

2072 5458 2238 5505 stram
2284 5447 2654 5509 monitionem,
2700 5450 2758 5496 ut
2799 5440 2950 5493 vobis
2996 5436 3209 5506 dignum
3258 5443 3334 5488 est
3382 5432 3653 5495 facientes,

2072 5542 2224 5611 plura
2251 5540 2413 5596 etiam
2441 5538 2710 5599 dicturos,
2746 5547 2902 5602 quam
2933 5532 3073 5587 dicta
3101 5540 3247 5597 sunt,
3292 5542 3359 5583 ne
3402 5526 3656 5581 molestus

2071 5633 2170 5688 sim
2198 5632 2405 5689 illorum
2426 5623 2879 5693 objurgationibus
2904 5621 3254 5685 immorando,
3280 5619 3477 5689 reliqua
3504 5617 3657 5672 vobis

2070 5726 2247 5779 omnia
2265 5719 2717 5785 committens,ad
2737 5716 2947 5771 solitam
2978 5715 3273 5771 doctrinam
3305 5722 3359 5766 et
3386 5711 3449 5765 ad
3484 5711 3651 5764 histo-

2076 5818 2206 5870 riam
2237 5816 2303 5869 de
2326 5815 2477 5867 Anna
2506 5819 2763 5866 revertor.
2792 5808 2977 5880 Neque
3004 5807 3290 5872 miremini,
3315 5804 3451 5875 quod
3477 5803 3650 5858 adhuc
