4064 6446
421 417 528 474 663

401 529 459 584 in
500 529 692 585 eodem
719 532 1033 598 argumento
1062 522 1376 577 haireamus.
1426 515 1544 570 Non
1583 512 1725 568 enim
1771 520 1987 578 possum

406 622 685 676 mulierem
717 619 853 672 hanc
881 632 942 670 ex
975 614 1155 669 animo
1179 625 1300 664 meo
1343 608 1602 668 eximere,
1649 617 1817 671 usque
1856 598 1992 652 adeo

407 715 634 767 formam
656 709 847 765 anima:
872 708 986 777 ejus
1012 720 1074 760 ae
1099 699 1546 774 pulchritudinem
1571 694 1826 748 admiror.
1853 691 1992 744 Amo

402 805 548 860 enim
578 801 762 857 oculos
807 811 1094 868 numquam
1127 809 1233 848 non
1279 793 1419 846 inter
1460 784 1782 857 precandum
1812 781 1988 851 lacry-

411 907 639 962 tuantes,
670 903 723 949 et
748 907 810 947 os
835 892 1077 960 labiaque
1107 903 1210 942 non
1238 882 1508 940 accersitis
1538 879 1671 934 fucis
1701 873 1991 936 rubricata,

407 988 502 1044 sed
530 987 716 1058 gratiis
748 987 860 1041 Deo
887 982 1110 1054 agendis
1137 989 1320 1035 ornata
1341 1020 1358 1044 ,
1389 975 1562 1048 qualia
1592 981 1743 1028 erant
1771 968 1994 1039 hujusce

407 1078 652 1134 mulieris
682 1118 699 1142 ,
747 1076 900 1145 cujus
947 1070 1342 1144 philosophiam
1391 1076 1666 1135 tantopere
1709 1061 1990 1116 admiror:

405 1170 646 1226 admiror
672 1179 848 1223 autem
887 1166 1056 1236 magis
1079 1205 1094 1228 ,
1135 1161 1278 1233 quod
1310 1161 1500 1215 mulier
1542 1171 1662 1211 cum
1705 1161 1886 1216 esset,
1925 1148 1993 1204 ad

409 1265 551 1318 hunc
578 1261 796 1318 modum
826 1258 1199 1331 philosophata
1225 1264 1308 1310 est
1330 1272 1345 1317 ;
1378 1251 1590 1314 mulier,
1613 1250 1850 1319 inquam,
1876 1258 1996 1315 qua

409 1354 632 1409 multum
679 1361 735 1408 et
781 1367 810 1405 a
854 1350 1035 1405 multis
1078 1347 1217 1403 male
1254 1344 1422 1400 audit.
1453 1344 1496 1396 Α
1522 1339 1761 1404 muliere,
1804 1336 1994 1406 inquit,

408 1445 612 1499 initium
656 1443 847 1513 precati
867 1482 883 1504 ,
915 1458 1006 1513 per
1044 1457 1157 1495 eam
1196 1454 1368 1492 omnes
1405 1435 1555 1490 morti
1584 1432 1786 1488 obnoxii
1821 1444 1998 1483 sum

418 1537 602 1608 (Eccli.
627 1536 719 1592 25.
745 1535 839 1607 '55)
868 1554 882 1591 :
909 1545 961 1590 et
992 1536 1180 1588 iterum
1205 1550 1219 1586 :
1247 1531 1415 1586 Parua
1436 1539 1508 1584 est
1531 1526 1758 1598 quaelibet
1781 1523 1996 1586 tnulitia,

411 1629 458 1681 si
485 1627 554 1680 ad
583 1627 805 1680 mulieris
833 1625 1079 1678 malitiam
1118 1627 1408 1694 conferatur
1445 1618 1622 1692 (Ibid.
1652 1635 1699 1672 υ.
1754 1613 1826 1670 26
1847 1614 1891 1685 ).
1930 1612 2000 1667 Et

414 1720 611 1776 Paulus
635 1719 784 1783 dicit,
815 1719 980 1771 Adam
1008 1717 1141 1772 enim
1169 1733 1269 1769 non
1295 1725 1368 1769 est
1393 1715 1648 1784 deceptus,
1691 1710 1873 1764 mulier
1897 1723 1997 1761 au-

416 1821 516 1864 tem
542 1810 752 1876 decepta
790 1809 1060 1862 constituta
1099 1815 1174 1861 est
1208 1806 1262 1859 in
1306 1803 1719 1875 prevaricatione
1745 1799 1764 1872 (
1786 1801 1838 1854 1.
1864 1797 1999 1852 Tim.

413 1901 470 1954 2.
500 1902 614 1973 ll).
644 1900 755 1955 Hoc
773 1908 857 1955 est
877 1914 973 1954 cur
998 1899 1142 1953 illam
1167 1895 1398 1952 maxime
1417 1893 1671 1957 admirer,
1695 1890 1834 1963 quod
1863 1889 2001 1944 hanc

417 1991 846 2052 criminationem
874 1990 1123 2053 diluerit,
1151 1987 1294 2060 quod
1325 1987 1462 2042 hanc
1485 1983 1878 2042 accusationem
1909 1994 2002 2035 re-

414 2082 629 2152 jecerit,
657 2082 800 2153 quod
828 2097 951 2136 eum
989 2090 1135 2136 esset
1159 2095 1230 2135 ex
1257 2079 1506 2135 incusato
1535 2091 1688 2141 sexu,
1718 2071 2002 2144 opprobria

417 2173 519 2236 ista
545 2173 726 2227 omnia
761 2172 1098 2237 discusserit,
1125 2185 1298 2241 reque
1315 2169 1431 2238 ipsa
1458 2167 1722 2228 docuerit,
1752 2165 1870 2219 illas
1896 2177 2004 2217 non

418 2261 556 2318 tales
579 2270 765 2317 natura
793 2262 978 2327 fuisse,
1001 2262 1094 2316 sed
1117 2261 1386 2316 voluntate
1412 2257 1728 2328 propriaque
1753 2255 2001 2327 segnitie,

419 2359 477 2407 et
507 2351 630 2408 huic
656 2367 870 2424 quoque
896 2353 1046 2408 sexui
1075 2350 1144 2406 ad
1165 2350 1374 2405 virtutis
1400 2347 1664 2418 fastigium
1692 2347 1856 2400 licere
1884 2359 2005 2414 per-

421 2446 648 2515 tingere.
681 2445 1084 2501 Coutentiosum
1128 2442 1272 2498 enim
1302 2450 1384 2496 est
1427 2439 1530 2494 hoc
1566 2438 1764 2493 animal
1791 2446 1847 2492 et
1874 2450 2004 2506 pro-

422 2547 627 2596 tervtun
647 2575 665 2600 ,
691 2545 746 2590 et
771 2535 816 2590 si
847 2534 912 2589 ad
939 2533 1194 2589 malitiam
1225 2530 1489 2593 declinet,
1521 2543 1712 2599 magna
1742 2527 1878 2582 mala
1912 2541 2006 2597 pa-

421 2635 568 2693 trat;
612 2628 656 2681 si
683 2626 751 2682 ad
782 2627 1030 2682 virtutem
1074 2641 1134 2680 se
1175 2624 1441 2695 applicet,
1473 2621 1648 2676 anima
1689 2621 1847 2676 citius
1884 2633 2007 2675 eam

419 2717 710 2784 destituat,
741 2732 903 2787 quam
934 2715 1264 2785 propositum
1290 2721 1479 2771 mutet.

492 2806 782 2879 Exponitur
819 2807 980 2861 Amice
1018 2807 1200 2861 oratio.
1222 2805 1386 2860 —lta
1426 2805 1584 2875 igitur
1633 2805 1748 2858 haec
1791 2818 2003 2874 quoque

421 2905 666 2964 naturam
707 2912 860 2951 suam
901 2895 1191 2966 superavit,
1233 2895 1604 2950 necessitatem
1653 2895 1912 2964 pervicit,
1952 2903 2008 2950 et

421 2988 735 3044 assiduitate
775 2987 1024 3058 precandi
1068 2988 1239 3044 vulva:
1267 2989 1435 3043 sterili
1479 2988 1645 3043 lilium
1681 2988 2002 3058 impetravit.

423 3080 762 3149 Quapropter
797 3092 1008 3140 rursum
1053 3079 1120 3134 ad
1161 3093 1350 3149 preces
1389 3077 1666 3148 confugit,
1697 3080 1856 3133 etiam
1887 3085 2010 3148 post

427 3173 770 3242 impetratam
797 3173 1022 3242 gratiam
1052 3173 1118 3228 ad
1153 3173 1296 3228 hunc
1336 3171 1550 3227 modum
1582 3172 1804 3242 loquens
1831 3189 1844 3225 :
1868 3171 2006 3227 Con-

425 3265 685 3330 ﬁrmatum
708 3273 782 3317 est
805 3280 894 3318 cor
918 3281 1083 3318 mcum
1111 3265 1163 3318 in
1187 3263 1427 3332 Domino,
1449 3265 1723 3318 exaltatum
1750 3273 1824 3319 est
1850 3279 2010 3317 cornu

424 3371 593 3418 meum
617 3355 673 3418 in
703 3354 811 3410 Deo
837 3372 966 3410 meo.
1010 3356 1152 3424 Quid
1187 3356 1484 3426 significent
1508 3356 1624 3411 haec
1653 3356 1810 3411 verba
1831 3397 1845 3420 ,
1871 3355 2008 3410 Con-

429 3447 686 3515 ﬁrmamm
731 3455 803 3501 est
843 3463 930 3500 cor
965 3463 1130 3501 nicum
1168 3447 1221 3500 in
1255 3445 1496 3510 Domino,
1537 3462 1708 3516 nuper
1745 3463 1833 3502 me
1869 3446 2010 3518 apud

426 3536 703 3592 caritatem
726 3547 956 3594 vestram
979 3537 1294 3593 disseruisse
1320 3539 1468 3592 scitis
1487 3536 1588 3607 (a):
1606 3549 1848 3609 superest
1870 3552 2014 3594 nunc

428 3635 490 3678 nt
514 3641 576 3679 ea
602 3642 720 3696 qua:
756 3626 1012 3696 deinceps
1045 3639 1373 3697 sequuntur,
1418 3629 1849 3698 interpretemur.
1877 3631 2013 3685 Cum

429 3716 571 3770 enim
600 3717 852 3780 dixisset,
892 3717 1256 3785 Conﬁrmata»:
1283 3729 1356 3772 est
1383 3735 1470 3772 cor
1494 3736 1656 3777 meum
1681 3721 1733 3774 in
1757 3717 2012 3788 Domino,

433 3823 555 3860 mox
586 3807 857 3875 subjunxit
881 3827 892 3861 :
917 3807 1213 3864 Exaltatum
1232 3820 1304 3864 est
1329 3826 1484 3863 cornu
1504 3827 1667 3864 meum
1684 3811 1738 3864 in
1759 3809 1863 3865 Deo
1904 3824 2017 3865 meo

437 3900 511 3962 (l.
555 3899 681 3970 Reg.
715 3899 768 3953 2.
805 3901 874 3970 1).
905 3900 1038 3969 Quid
1068 3913 1172 3967 εει,
1203 3902 1371 3956 Cornu
1399 3902 1602 3956 meum?
1630 3902 1837 3957 Etenim
1866 3902 2015 3958 Scri-

436 3999 584 4058 ptura
618 3991 716 4043 hac
745 3990 980 4046 dictione
1005 4007 1146 4062 szepe
1173 3991 1246 4046 uti
1274 3993 1444 4056 solet;
1479 3993 1614 4046 sicut
1635 3994 1847 4063 quando
1866 3993 2014 4060 dicit,

440 4079 733 4155 l'Ixaltatum
761 4091 834 4134 est
858 4098 1017 4135 cornu
1035 4069 1436 4154 ejus(l’sal.74.
1468 4085 1576 4153 11),
1603 4095 1656 4138 et
1681 4103 1693 4138 :
1721 4085 2016 4138 Exultatum

438 4181 512 4244 est
541 4187 698 4224 cornu
726 4173 900 4224 cltristi
931 4173 1040 4241 ejus
1071 4174 1144 4243 (l.
1177 4175 1300 4244 Reg.
1328 4175 1384 4227 2.
1417 4175 1526 4242 10).
1555 4176 1689 4244 Quid
1718 4177 1876 4245 igitur
1903 4186 2020 4232 tan-

437 4265 560 4345 dem
587 4279 754 4337 cornu
785 4266 1059 4320 nominat?
1085 4267 1404 4334 Potentiam,
1426 4269 1668 4339 gloriam,
1698 4269 2018 4338 claritatem,

437 4371 466 4408 a
519 4356 688 4425 brutis
731 4353 1090 4430 animantibus
1129 4353 1268 4412 hanc
1305 4357 1668 4428 metaphoram
1711 4368 2019 4416 mutuatus:

440 4462 562 4500 nam
589 4447 730 4521 Deus
758 4448 1056 4506 ornamenti
1086 4463 1150 4504 ac
1175 4448 1265 4505 teli
1298 4450 1412 4504 vice
1435 4464 1633 4506 cornua
1663 4451 1767 4506 illis
1795 4451 2021 4521 addidit,

439 4539 636 4616 quibus.
673 4540 884 4609 amissis
918 4541 1239 4616 praecipuam
1271 4542 1460 4596 virium
1501 4551 1707 4613 partem
1734 4545 2020 4599 amittunt:

441 4640 496 4684 et
524 4633 663 4712 sicut
692 4633 911 4703 inermis
939 4633 1093 4703 miles
1112 4676 1126 4698 ,
1159 4635 1230 4692 ita
1258 4643 1312 4690 et
1343 4644 1526 4690 taurus
1552 4635 1750 4706 absque
1774 4637 2025 4693 cornibus

447 4722 695 4796 perfacile
719 4724 945 4804 capitur.
980 4723 1120 4799 Nihil
1150 4724 1308 4804 igitur
1334 4724 1477 4780 aliud
1503 4726 1632 4780 dicit
1659 4725 1775 4780 haec
1802 4728 2024 4795 mulier,

444 4829 623 4888 quam,
653 4814 889 4891 Exaltata
913 4823 994 4883 est
1011 4815 1178 4885 gloria
1210 4831 1346 4872 mea.
1371 4815 1439 4870 Et
1463 4817 1730 4886 quomodo
1754 4819 1984 4873 exaltata
2003 4817 2030 4868 Τ

452 4905 514 4984 In
547 4905 656 4966 Deo
685 4921 791 4982 mea
810 4946 824 4970 ,
869 4905 1058 4980 inquit.
1093 4907 1214 4983 Ideo
1258 4908 1310 4986 in
1341 4915 1452 4962 tuto
1477 4917 1559 4963 est
1590 4908 1704 4964 hazc
1732 4909 1993 4964 celsitudo
2012 4949 2028 4974 ,

448 5009 504 5076 ut
529 5013 648 5079 quite
699 4997 905 5079 lit-tuam
950 5006 1108 5077 atque
1155 4999 1483 5078 immobilem
1529 4998 1764 5056 radicem
1815 5000 2029 5057 habeat.

447 5074 632 5144 Gloria
671 5074 819 5144 enim
854 5104 975 5160 qua:
1019 5075 1104 5144 est
1143 5075 1213 5144 ab
1253 5088 1578 5156 hominibus,
1624 5090 2032 5162 glorificantium

449 5181 702 5252 vilitatem
736 5163 972 5261 imitatur
993 5220 1010 5254 η
1032 5166 1196 5262 unde
1227 5179 1286 5235 fit
1315 5191 1372 5237 ut
1393 5168 1554 5238 facile
1577 5169 1948 5248 ’subvertatur;
1979 5193 2036 5241 at

452 5289 556 5350 non
579 5273 656 5348 sic
680 5272 770 5332 Dei
788 5257 1091 5354 'gl'oria,sed
1113 5257 1402 5335 immobilis
1422 5283 1603 5354 manet
1624 5276 1674 5330 in
1696 5287 2034 5346 perpetuum.

455 5347 626 5433 atque
656 5363 771 5423 haec
802 5347 1024 5433 utraque
1071 5351 1331 5436 propheta
1375 5347 1692 5433 declarans,
1743 5375 1850 5421 tam
1897 5367 2038 5424 illius

455 5438 1017 5538 debilitatem‘,‘quam
1066 5439 1221 5526 liujns
1267 5441 1596 5538 firmitatem,
1643 5457 1722 5512 sic
1768 5457 2035 5528 loquitur:

461 5544 636 5600 amnis
662 5530 996 5618 caro‘faeimm
1019 5586 1034 5609 ,
1075 5557 1120 5599 et
1149 5535 1503 5616 omnis-gloria
1533 5530 1748 5601 hominis
1782 5557 2040 5615 tamquam

459 5627 555 5713 ﬂos
581 5619 719 5710 fani.
989 5620 1196 5703 fremuit,
1230 5644 1275 5686 et
1300 5635 1396 5703 ﬂos
1424 5635 1536 5705 ejus
1558 5635 1742 5688 decidit
1771 5635 1922 5705 (lsai.
1946 5636 2036 5692 40.

522 5765 894 5834 (a)_sermo_ille
929 5768 978 5815 iu
1015 5779 1112 5829 quo
1150 5766 1252 5816 hac
1296 5765 1679 5830 explicabantnr,
1718 5766 1802 5833 qui
1845 5776 2044 5834 quartus

462 5827 885 5888 erat,intercid_it.~
944 5847 966 5856 ε·
1163 5833 1203 5851 ··
1580 5838 1582 5844 τ
1634 5827 1674 5847 -ν
1735 5827 1750 5833 -
1799 5841 1808 5848 -
1861 5827 1878 5834 -
1955 5835 2022 5854 ι...

1145 407 1202 464 S.
1242 400 1516 461 JOANNIS
1541 386 2012 455 CHRYSOSTOMI
2051 385 2368 444 ARCHIEP.
2405 387 2938 447 CONS'I‘ANTINOP.

3577 387 3688 448 ω

2096 501 2255 573 6.7).
2287 503 2365 560 De
2409 503 2502 558 Dei
2549 511 2728 559 autem
2769 503 2937 573 gloria
2979 515 3089 557 non
3139 500 3238 568 sic,
3279 509 3335 555 at
3367 503 3689 572 quomodo?

2107 593 2319 650 Verbum
2336 604 2501 649 autem
2522 593 2618 649 Dei
2642 597 2694 648 in
2713 605 2955 649 internum
2979 602 3146 647 manet
3161 591 3212 666 (l
3219 594 3318 647 sai.
3363 593 3458 649 ιο.
3491 594 3574 664 8).
3623 592 3696 647 Id

2094 687 2235 758 quod
2253 688 2337 744 vel
2363 689 2416 743 in
2439 688 2538 744 hac
2557 688 2780 743 muliere
2810 696 2977 758 patet.
3008 686 3182 757 Reges
3199 685 3343 741 enim
3364 696 3418 742 et
3437 686 3601 742 duca
3627 696 3692 741 ει

2095 781 2356 852 dynastae,
2378 780 2468 850 qui
2497 779 2630 834 nihil
2654 794 2759 834 non
2786 787 3079 845 tentarunt,
3103 787 3162 834 ut
3182 778 3540 833 immortalem
3563 790 3693 847 post

2095 886 2155 926 se
2186 871 2550 938 relinquerent
2595 871 2908 926 memoriam
2932 910 2951 937 ,
2993 869 3240 940 sepulcra
3268 869 3370 924 sibi
3399 868 3696 939 splendida

2096 961 2600 1027 exaedificaverunt,
2655 972 2709 1017 et
2759 970 2962 1016 statuas
3017 971 3177 1032 atque
3227 959 3432 1031 effigies
3485 960 3694 1015 multas

2099 1055 2280 1109 multis
2309 1055 2360 1108 in
2389 1055 2520 1108 locis
2551 1063 2865 1122 posuerunt,
2895 1061 2952 1109 et
2980 1069 3158 1108 rerum
3185 1063 3458 1124 gestarum
3487 1069 3695 1108 monu-

2100 1153 2281 1200 menta
2326 1143 2604 1198 innumera
2651 1143 3022 1211 reliquerunt,
3070 1158 3211 1197 nunc
3259 1150 3501 1198 tacentur
3529 1152 3699 1198 etne

2099 1237 2314 1292 nomine
2337 1237 2550 1305 quidem
2582 1236 2690 1289 noti
2735 1244 2898 1290 sunt:
2924 1235 3038 1290 haec
3063 1247 3240 1292 autem
3269 1238 3459 1292 mulier
3486 1237 3701 1308 ubique

2097 1330 2333 1400 gentium
2359 1344 2497 1383 nunc
2521 1328 2849 1394 celebratur;
2877 1340 2932 1384 et
2959 1329 3072 1384 sive
3120 1331 3172 1384 in
3215 1327 3485 1401 Scythiam
3517 1329 3698 1399 profi-

2098 1423 2320 1478 ciscaris
2343 1462 2358 1485 ,
2387 1423 2502 1476 sive
2529 1422 2581 1476 in
2612 1420 2902 1492 Egyptum
2927 1462 2944 1489 ,
2991 1423 3105 1478 sive
3133 1423 3186 1477 in
3213 1422 3439 1488 Indiam,
3469 1423 3586 1477 sive
3614 1421 3699 1475 ad

2101 1512 2248 1582 ipsos
2272 1511 2420 1565 orbis
2443 1510 2722 1576 terminos,
2739 1525 2928 1566 omnes
2955 1510 3140 1566 audies
3163 1520 3310 1582 gesta
3337 1511 3452 1580 ejus
3478 1510 3697 1565 decan-

2102 1612 2275 1660 tantes
2299 1621 2313 1658 :
2334 1604 2564 1674 denique
2591 1614 2848 1674 quantum
2875 1613 3134 1658 terrarum
3161 1619 3191 1658 a
3217 1604 3333 1659 sole
3361 1605 3696 1670 illustratur,

2103 1705 2272 1752 totum
2321 1695 2423 1749 hoc
2467 1696 2620 1750 Anna
2649 1709 2742 1750 sua
2771 1694 2937 1765 gloria
2967 1703 3214 1764 occupat.
3242 1695 3352 1750 Nec
3379 1695 3478 1749 hoc
3503 1695 3702 1748 solum

2102 1787 2454 1842 admiratione
2479 1786 2698 1857 dignum
2723 1796 2805 1842 est
2824 1827 2841 1852 ,
2878 1786 3020 1857 quod
3052 1788 3250 1857 ubique
3280 1797 3539 1842 terrarum
3567 1785 3701 1842 hac

2103 1879 2302 1934 mulier
2325 1878 2568 1943 canitur;
2617 1877 2711 1932 sed
2753 1877 2896 1947 quod
2929 1877 3241 1946 sapientiam
3269 1878 3386 1947 ejus
3407 1891 3470 1930 ac
3497 1877 3705 1947 longa-

2105 1969 2400 2022 nimitatem
2431 1975 2486 2022 et
2511 1966 2843 2022 tolerantiam
2874 1981 3064 2022 omnes
3093 1975 3323 2026 norunt.
3355 1967 3407 2020 in
3433 1967 3645 2036 oppidis
3669 2005 3700 2029 ,

2105 2059 2157 2114 in
2181 2059 2350 2130 agris,
2380 2060 2430 2113 in
2457 2059 2725 2126 domibus,
2753 2059 2806 2114 in
2834 2060 3045 2123 castris,
3074 2059 3126 2113 in
3158 2060 3400 2122 navibus,
3429 2060 3480 2113 in
3504 2057 3698 2113 ofﬁcio

2105 2150 2209 2216 nis,
2237 2150 2466 2220 denique
2510 2164 2767 2220 nusquam
2811 2165 2921 2204 non
2949 2150 3136 2206 laudes
3159 2151 3276 2218 ejus
3304 2149 3502 2204 audies.
3532 2149 3700 2218 Quo-

2107 2243 2205 2297 ties
2241 2244 2386 2296 enim
2428 2243 2630 2297 clarum
2680 2241 2908 2312 aliquem
2958 2242 3184 2299 reddere
3233 2243 3341 2297 Dio
3389 2244 3702 2312 placuerit,

2107 2334 2316 2389 etiamsi
2362 2348 2507 2388 mors
2557 2334 2894 2400 interveniat,
2916 2343 3009 2388 aut
3054 2334 3326 2404 longitudo
3362 2344 3700 2401 temporum.

2106 2437 2198 2483 aut
2221 2427 2430 2498 quidvis
2456 2425 2598 2480 aliud
2623 2467 2638 2490 ,
2669 2434 2846 2480 manet
2871 2433 3046 2481 tamen
3073 2427 3239 2496 gloria
3266 2425 3406 2480 illius
3429 2433 3707 2496 perpetuo

2107 2518 2306 2574 ﬂorens
2331 2559 2346 2583 ,
2391 2528 2446 2574 et
2491 2518 2786 2573 claritatem
2812 2517 2930 2588 ejus
2969 2518 3255 2573 obscurare
3285 2519 3476 2588 poterit
3503 2533 3700 2572 nemo.

2109 2611 2258 2666 lianc
2280 2611 2350 2667 ob
2371 2627 2484 2666 rem
2513 2620 2568 2666 et
2596 2611 2708 2680 ipsa
2733 2609 2987 2665 erudiens
3012 2609 3303 2676 auditores,
3326 2609 3463 2679 quod
3487 2623 3597 2665 non
3625 2610 3704 2663 sit

2107 2704 2517 2776 confugiendum
2557 2705 2623 2758 ad
2652 2703 2767 2758 haec
2802 2701 2941 2757 lluxa
2961 2742 2978 2769 ,
3023 2703 3116 2757 sed
3143 2702 3209 2757 ad
3235 2718 3359 2758 eum
3383 2718 3413 2753 a
3439 2716 3546 2772 quo
3573 2716 3699 2757 cer-

2111 2798 2314 2852 tissima
2347 2797 2483 2852 bona
2510 2809 2820 2864 speramus,
2849 2803 3123 2849 auctorem
3154 2793 3314 2862 hujus
3340 2792 3523 2864 gloriae
3554 2791 3708 2846 indi-

2109 2898 2218 2945 cat.
2247 2887 2380 2944 Cum
2419 2888 2561 2942 enim
2593 2887 2843 2950 dixisset,
2875 2885 3239 2954 Conﬁrmatttm
3273 2893 3347 2938 est
3398 2899 3484 2936 cor
3524 2898 3706 2935 meum

2109 2981 2163 3035 in
2190 2978 2443 3041 Domino,
2475 2977 2784 3046 subjuuxit,
2818 2975 3110 3029 Exaltatum
3136 2984 3206 3028 est
3230 2990 3389 3028 cornu
3427 2988 3602 3026 meum
3639 2975 3705 3028 in

2111 3073 2222 3128 Deo
2250 3071 2631 3141 meo:duplicia
2663 3068 2819 3124 nobis
2848 3067 2932 3123 his
2957 3066 3133 3123 verbis
3161 3065 3508 3120 subindicans
3529 3063 3705 3126 bona,

2111 3183 2232 3237 qua:
2257 3182 2361 3221 non
2393 3175 2596 3220 temere
2622 3161 2780 3218 simul
2811 3161 2904 3216 uni
2931 3160 3262 3229 contingunt.
3292 3157 3424 3212 Nam
3450 3163 3506 3211 et
3528 3169 3558 3208 a
3594 3154 3707 3208 flu-

2113 3257 2367 3322 minibus,
2401 3255 2606 3326 inquit,
2638 3254 2860 3309 liberata
2887 3267 3030 3317 sum,
3062 3249 3405 3321 ignominiam
3433 3247 3668 3317 deposui
3687 3287 3710 3312 ,

2113 3351 2459 3407 securitatem
2510 3356 2670 3417 atque
2714 3345 2974 3400 honorem
3019 3350 3346 3410 consequuta
3389 3353 3525 3393 sum.
3570 3336 3710 3391 "me

2114 3449 2292 3496 autem
2316 3447 2544 3509 utraqtte
2563 3453 2670 3493 non
2697 3435 2850 3491 facile
2871 3433 3110 3488 invenias
3125 3431 3177 3486 in
3199 3445 3364 3485 unum
3384 3427 3706 3484 convenire.

2116 3532 2263 3587 Multi
2295 3531 2437 3587 enim
2467 3545 2496 3584 a
2524 3527 2779 3598 periculis
2821 3525 3140 3589 liberantur,
3186 3523 3471 3592 gloriosam
3519 3529 3712 3572 tamen

2117 3623 2280 3677 vitam
2309 3635 2414 3675 non
2461 3620 2658 3675 habent
2685 3634 2700 3671 :
2725 3616 2816 3671 alii
2861 3623 3047 3670 contra
3073 3613 3239 3684 gloria
3264 3609 3480 3682 quidem
3505 3618 3560 3664 et
3587 3609 3712 3670 cla-

2117 3714 2276 3768 ritate
2303 3710 2571 3773 fruuntur,
2603 3709 2850 3779 periculis
2875 3716 3054 3763 tamen
3079 3705 3150 3760 ob
3179 3707 3316 3758 hanc
3341 3701 3564 3772 gloriam
3595 3714 3710 3753 non

2117 3814 2322 3862 carent.
2349 3803 2508 3858 Verbi
2535 3801 2727 3872 gratia,
2751 3800 2902 3854 multi
2922 3813 3065 3869 saepe
3082 3798 3133 3852 in
3153 3809 3425 3851 carcerem
3445 3792 3712 3860 coniecti,

2119 3895 2378 3960 adulteri,
2407 3895 2624 3949 venefici
2644 3935 2660 3958 ,
2688 3893 3050 3962 sepulcrorum
3077 3888 3442 3960 perfossorcs,
3475 3885 3711 3954 aliisque

2121 3987 2384 4042 similibus
2417 3985 2727 4040 criminibus
2767 3983 3018 4048 obnoxii,
3056 3982 3249 4036 deinde
3290 3979 3512 4049 iubente
3558 3975 3712 4046 regia

2121 4079 2402 4134 clementia
2429 4078 2632 4132 dimissi
2662 4085 2786 4132 sunt
2815 4075 2974 4130 inde:
3001 4075 3052 4128 hi
3080 4089 3109 4128 a
3137 4088 3292 4145 poena
3321 4071 3535 4142 quidem
3565 4069 3713 4123 libe-

2122 4172 2220 4224 rati
2247 4180 2367 4223 sunt
2390 4210 2406 4231 ,
2435 4179 2684 4223 czeterum
2734 4167 2924 4237 probra
2963 4183 3055 4220 sua
3095 4181 3201 4219 non
3230 4165 3614 4226 aboleverunt,
3656 4171 3714 4215 et

2123 4260 2358 4316 dedecus
2378 4273 2474 4315 eos
2499 4273 2786 4328 numquam
2813 4273 2920 4314 non
2951 4257 3312 4328 consequitur.
3343 4255 3447 4309 Alii
3478 4254 3576 4307 viri
3608 4253 3715 4307 mi.

2125 4351 2308 4407 litares
2355 4366 2422 4407 ac
2472 4349 2759 4420 generosi,
2814 4350 3155 4420 conspicuam
3207 4357 3366 4416 atque
3416 4344 3716 4415 gloriosam

2125 4443 2335 4500 vivendi
2363 4443 2623 4498 rationem
2648 4441 2898 4510 amplexi,
2919 4441 3120 4497 bellicis
3147 4437 3395 4508 periculis
3424 4449 3543 4490 sese
3567 4433 3716 4503 objiv

2125 4537 2362 4600 cientes,
2401 4535 2562 4587 multa
2606 4547 2749 4602 saepe
2777 4533 2994 4586 vulnera
3023 4529 3326 4598 accipiunt,
3357 4535 3413 4581 et
3439 4535 3720 4596 posuemo

2129 4627 2409 4680 immatura
2463 4633 2634 4679 morte
2673 4622 3025 4676 absumuntur
3047 4638 3063 4675 :
3086 4631 3243 4689 atque
3273 4618 3324 4671 hi
3372 4631 3478 4685 pne
3523 4614 3715 4685 gloria:

2128 4731 2312 4772 amore
2338 4716 2623 4772 securitate
2652 4730 2712 4770 se
2741 4714 2837 4785 ipsi
2873 4715 3164 4783 privarunt.

2201 4813 2256 4866 4.
2286 4809 2423 4865 Huic
2450 4822 2576 4862 vero
2621 4807 2827 4862 mulieri
2874 4806 2988 4858 haec
3015 4814 3238 4872 utraque
3265 4799 3628 4868 contigerunt,
3663 4803 3722 4850 ut

2133 4918 2250 4971 quae
2275 4910 2330 4954 et
2357 4898 2640 4954 securitate
2675 4897 2830 4952 simul
2877 4905 2932 4951 et
2959 4895 3124 4964 gloria
3159 4895 3318 4962 potita
3349 4901 3449 4945 est.
3481 4889 3626 4943 Idem
3668 4897 3722 4939 et

2137 4993 2306 5047 tribus
2335 4991 2439 5045 illis
2460 4989 2638 5060 pueris
2663 4988 2854 5043 accidit
2876 4985 3036 5056 (Dan.
3068 4985 3126 5053 5)
3159 5005 3174 5038 :
3202 4999 3322 5036 nam
3347 4991 3402 5036 et
3423 4979 3720 5048 periculum

2136 5094 2421 5142 evaserunt
2449 5099 2480 5139 e
2503 5098 2631 5154 rogo
2658 5081 2888 5145 liberati,
2916 5088 2971 5134 et
2998 5079 3228 5132 illustres
3256 5081 3380 5130 sunt
3405 5073 3552 5138 lacti,
3580 5070 3724 5141 quod

2137 5175 2525 5248 superuaturali
2548 5173 2706 5228 modo
2733 5173 2888 5242 hujus
2914 5169 3163 5226 elementi
3195 5166 3482 5236 potentiam
3501 5177 3725 5234 supera-

2139 5273 2360 5326 vissent.
2381 5269 2460 5323 Ad
2483 5268 2624 5323 hunc
2639 5260 2770 5334 sane
2793 5266 3008 5321 modum
3027 5265 3117 5319 Dei
3135 5261 3389 5318 beneficia
3409 5274 3469 5314 se
3490 5257 3717 5312 habent:

2142 5363 2298 5416 simul
2329 5362 2469 5416 enim
2497 5370 2551 5415 et
2573 5368 2735 5414 tutam
2760 5369 2815 5412 et
2842 5358 3102 5412 illustrem
3132 5355 3353 5425 largitur
3377 5353 3566 5416 vitam,
3586 5347 3722 5418 quod

2143 5453 2355 5522 quidem
2382 5460 2669 5519 utrumque
2699 5449 2812 5502 lucc
2834 5449 2946 5516 ipsa
2986 5447 3213 5500 innuens
3239 5443 3449 5499 dicebat
3481 5459 3496 5495 :
3521 5439 3727 5507 Conﬁr-

2146 5555 2338 5598 matum
2365 5553 2439 5597 est
2467 5559 2555 5596 cor
2596 5557 2763 5594 meum
2788 5541 2841 5593 in
2869 5537 3110 5596 Domino.
3153 5538 3434 5590 exaltatum
3470 5543 3543 5586 est
3565 5549 3725 5588 cornu

2147 5652 2312 5691 meum
2354 5634 2405 5687 in
2433 5632 2540 5688 Deo
2566 5648 2694 5686 meo.
2723 5631 2831 5686 Nec
2855 5630 3166 5698 simpliciter
3193 5626 3346 5685 dixit,
3370 5620 3440 5676 In
3468 5621 3594 5683 Deo,
3622 5619 3733 5676 sed.

2151 5726 2218 5781 In
2245 5725 2351 5779 Deo
2380 5741 2508 5788 meo,
2559 5723 2658 5776 sibi
2705 5721 2804 5790 ipsi
2835 5735 3097 5789 usurpans
3140 5734 3284 5783 eum,
3329 5717 3418 5786 qui
3477 5715 3572 5770 toti
3615 5711 3727 5766 orbi

2149 5828 2417 5884 terrarum
2459 5813 2757 5882 communis
2803 5820 2903 5874 est.
2937 5811 3050 5876 lloc
3086 5817 3264 5870 autem
3309 5805 3439 5874 focit
3463 5821 3570 5860 non
3592 5800 3735 5856 illius
