4064 6472
359 428 472 485 063

359 563 461 618 νης
496 543 738 615 ἱστορίαν
775 544 1139 614 ἐπαναγαγὼν
1169 546 1258 599 τὸν
1281 545 1460 615 λόγον.
1496 543 1605 599 Καὶ
1637 541 1711 615 μὴ
1736 541 1947 612 θαυμά-

359 647 518 701 σ-ητε,
550 630 600 681 εί
637 626 862 698 μηδέπω
905 629 1005 698 τῆς
1029 629 1341 693 ὑποθέσεως
1385 629 1588 700 ταύτης
1624 627 1946 698 ἀπηλλάγη-

361 731 487 784 μεν.
523 713 634 766 Καὶ
671 712 781 783 γὰρ
813 712 873 765 οὑ
917 711 1152 784 δύναμαι
1200 714 1300 785 τὴν
1331 716 1568 782 γυναῖκα
1595 712 1802 780 ταύτην
1832 712 1942 766 ἀπὸ

356 797 461 866 τῆς
475 795 711 858 διανοίας
730 796 977 850 ἐκϐαλεῖν
992 797 1092 866 τῆς
1108 796 1248 867 ἐμῆς
1262 813 1276 827 °
1295 796 1468 861 οὕτως
1488 797 1656 867 αὐτῆς
1678 795 1780 849 θαυ
1789 795 1944 866 μάξω

355 879 462 949 τὴν
488 879 792 948 εὐμορφίαν
809 880 906 948 τῆς
919 880 1117 950 ψυχῆς,
1133 881 1227 934 καὶ
1246 880 1308 933 τὸ
1331 880 1524 944 κάλλος
1552 880 1652 950 τῆς
1679 879 1942 943 διανοίας.

358 960 512 1034 [735]
536 962 679 1016 Φιλῶ
703 962 811 1033 γὰρ
832 962 1144 1032 ὀφθαλμοὺς
1169 962 1504 1034 δακρύοντας
1528 964 1588 1016 ἐν
1618 964 1825 1034 εὐχαῖς,
1853 963 1944 1018 διά

355 1047 562 1110 παντὸς
587 1046 947 1116 μελετῶντας.
967 1047 1059 1100 καὶ
1079 1046 1252 1120 χείλη,
1267 1048 1362 1101 καὶ⁵
1380 1048 1552 1117 στόμα
1567 1049 1667 1101 οὑκ
1683 1047 1868 1117 ἐπιτρί
1875 1065 1943 1117 μ-

360 1129 498 1198 μασί
525 1147 666 1183 τισιν
696 1130 1168 1202 ἐρυθραινόμενον,
1198 1131 1312 1184 ἀλλ’
1353 1130 1671 1202 εὐχαριστίᾳ
1706 1133 1774 1201 τῇ
1805 1129 1942 1200 πρὸς

354 1216 452 1268 τὸν
501 1215 634 1268 Θεὸν
677 1213 1184 1286 καλλωπιζόμενον,
1235 1211 1346 1268 οἷον
1394 1210 1462 1287 ἦν
1508 1216 1567 1268 τὸ
1599 1215 1837 1286 ταύτης·
1873 1216 1941 1287 ἢν

357 1297 628 1368 θαυμάζω
660 1299 756 1368 μὲν
771 1299 852 1350 ὅτι
869 1297 1249 1367 ἐφιλοσόφησε,
1277 1297 1543 1369 θαυμάξω
1572 1298 1630 1352 δέ
1655 1298 1940 1370 μειζόνως,

355 1382 444 1436 ὅτι
462 1381 597 1452 γυνὴ
619 1376 754 1434 οὖσα
775 1380 1157 1452 ἐφιλοσόφησε,
1177 1381 1336 1452 γυνὴ,
1357 1377 1426 1454 ἦς
1461 1381 1644 1436 πολλοί
1679 1382 1941 1446 πολλάκις

355 1464 766 1536 κατηγόρησαν.
787 1464 920 1517 Ἀπὸ
943 1464 1051 1534 γάρ
1070 1465 1374 1533 γυναικὸς,
1388 1464 1573 1536 φησὶν,
1587 1465 1744 1534 ἀρχὴ
1765 1465 1946 1534 ἁμαρο

354 1548 510 1612 τίας,
535 1547 634 1600 καί
652 1546 726 1599 δι’
747 1545 943 1614 αὐτὴν
961 1546 1428 1617 ἀποθνήσκομεν
1445 1547 1664 1615 πάντες
1681 1565 1696 1580 ·
1722 1549 1816 1603 καὶ
1836 1551 1944 1606 πά-

351 1630 443 1684 λιν
463 1647 477 1662 ·
513 1630 704 1699 Μικρὰ
720 1629 888 1685 πᾶσα
906 1631 1086 1686 κακία
1105 1630 1256 1700 πρὸς
1274 1632 1492 1686 κακίαν
1509 1633 1794 1702 γυναικός
1811 1651 1826 1665 ·
1847 1633 1942 1688 καὶ

351 1718 384 1772 ὁ
408 1715 644 1779 Παῦλοςο
681 1714 854 1784 Ἀδὰμ
873 1713 984 1784 γὰρ
1005 1715 1116 1768 οὐκ
1135 1714 1434 1783 ἠπατήθη,
1468 1717 1507 1784 ἡ
1527 1716 1595 1769 δὲ
1613 1716 1768 1786 γυνὴ
1789 1718 1943 1772 ἀπα-

349 1801 605 1868 τηθεῖσα
639 1800 711 1854 ἐν
744 1798 1076 1868 παραϐάσει
1110 1797 1337 1868 γέγονε.
1377 1800 1476 1854 Διά
1512 1799 1669 1854 τοῦτο
1706 1801 1943 1872 μάλιστα

349 1883 524 1955 αὐτὴν
546 1880 829 1954 θαυμάζω,
850 1883 930 1935 ὅτι
954 1882 1022 1936 τὰ
1042 1881 1360 1954 ἐγκλήματα
1377 1881 1550 1937 ταῦτα
1566 1883 1939 1955 διεκρούσατο,

346 1967 554 2040 sum
575 1965 909 2037 κατηγορίαν
931 1964 1183 2027 ἀπέθετο,
1203 1966 1284 2018 ὅτι
1304 1965 1395 2018 τοῦ
1417 1966 1834 2040 διαϐαλλομένου
1857 1970 1944 2039 γέ-

343 2036 476 2113 νοιῖς
510 2036 644 2102 οὖσα
680 2049 774 2102 καὶ
811 2048 1310 2120 κατηγορουμένου,
1331 2049 1400 2102 τά
1419 2049 1593 2121 ὀνείδη
1619 2036 1797 2105 πάντα
1834 2036 1942 2108 ἀπ-

343 2131 628 2202 ετρίψατο,
650 2131 738 2187 διὰ
771 2131 881 2184 τῶν
921 2131 1097 2205 έργων
1135 2131 1486 2198 παιδεύουσα,
1509 2133 1591 2186 ὅτι
1611 2135 1859 2188 κάκεῖναι
1878 2136 1938 2188 οὑ

342 2216 504 2286 παρά
539 2215 640 2287 τὴν
678 2215 841 2286 φύσιν
878 2215 1123 2269 τοιαῦται
1161 2215 1628 2284 γεγόνασιν,ἀλλά
1669 2219 1821 2289 παρὰ
1840 2220 1940 2294 τὴν

341 2300 670 2370 προαίρεσιν
706 2300 800 2354 καὶ
833 2299 933 2370 τὴν
971 2298 1176 2354 οἰκείαν
1213 2300 1524 2370 ὀλιγωρίαν,
1545 2303 1638 2356 καὶ
1657 2303 1738 2355 ὅτι
1771 2304 1829 2356 ἐν
1859 2302 1940 2374 τῷ

341 2382 497 2449 γένει
518 2381 691 2453 τούτῳ
711 2382 933 2436 δυνατὸν
953 2381 1024 2435 ἀκ
1033 2400 1131 2452 ρας
1150 2383 1350 2454 ἀρετῆς
1370 2383 1743 2440 ἐπιλαϐέσθαι.
1783 2386 1940 2442 Φιλό-

341 2483 528 2520 νεικον
548 2467 658 2538 γάρ
679 2467 794 2520 ἐστι
816 2467 876 2520 τὸ
897 2467 1035 2532 ζῶον
1054 2467 1212 2520 τοῦτο
1232 2467 1326 2521 καὶ
1345 2467 1581 2531 εὔτονον,
1605 2469 1706 2524 κᾶν
1741 2473 1821 2534 εἰς
1841 2488 1940 2524 πο-

341 2549 543 2620 νηρίαν
579 2550 866 2624 ἀποκλίνῃ,
893 2549 1104 2620 μεγάλα
1142 2549 1434 2620 ἐργάζεται
1469 2552 1646 2605 κακά·
1670 2553 1774 2606 κᾶν
1807 2554 1938 2625 ἀρε-

339 2632 486 2693 ’τῆςΙΙ
524 2631 871 2703 ἐπιλάϐηται,
892 2633 993 2704 τὴν
1028 2632 1205 2704 ψυχὴν
1248 2635 1542 2706 προήσεται
1580 2636 1864 2711 πρότερον,
1902 2636 1935 2707 ἧ

337 2715 446 2785 τῆς
468 2714 780 2786 προθέσεως
800 2716 1184 2786 ἀποστήσεται.

420 2796 576 2850 Οὕτω
611 2797 742 2864 γοῦν
778 2799 874 2850 καὶ
909 2796 1049 2870 αῦτη
1089 2799 1187 2870 τὴν
1225 2797 1388 2868 φύσιν
1423 2799 1664 2873 ἐνίκησε,
1705 2803 1803 2857 καὶ
1837 2803 1937 2876 τὴν

339 2879 596 2949 ἀνάγκην
634 2879 913 2942 ἐϐιάσατο,
936 2880 1030 2932 καὶ
1070 2883 1134 2950 τῇ
1175 2881 1472 2953 προσεδρίᾳ
1507 2886 1609 2954 τῆς
1642 2885 1808 2957 εὐχῆς
1829 2888 1938 2941 ἀπὸ

343 2963 567 3033 μήτρας
581 2980 728 3033 πεπη
739 2962 986 3035 ρωμένης
1001 2963 1190 3016 τέκνον
1211 2963 1510 3036 βλαστῆσαι
1531 2970 1934 3039 παρεσκεύασε,

335 3047 447 3100 Διά
479 3047 637 3101 τοῦτο
676 3048 836 3101 πάλιν
873 3048 967 3101 ἐπὶ
995 3048 1093 3118 τὴν
1113 3048 1277 3119 εὐχὴν
1297 3049 1655 3119 καταφεύγει,
1679 3053 1774 3106 καὶ
1798 3055 1938 3125 μετά

335 3131 407 3182 τὸ
446 3129 629 3184 λαϐεῖν
661 3129 804 3184 οὕτω
840 3130 1105 3199 λέγουσα·
1142 3131 1499 3201 Ἐστερεώθη
1520 3133 1558 3199 ἡ
1581 3135 1792 3202 καρδία
1815 3156 1935 3206 μου

333 3215 416 3267 ἐν
450 3217 661 3282 Κυρίῳ.
682 3215 893 3284 ὑψώθη
931 3213 1108 3282 κέρας
1138 3231 1256 3282 μου
1291 3214 1362 3267 ἐν
1396 3213 1516 3280 Θεῷ
1541 3218 1812 3286 μου.”οτι
1835 3222 1934 3292 μὲν

334 3292 460 3362 οὖν,
481 3298 534 3350 τί
555 3299 733 3365 ἐστιν,
770 3296 1124 3364 Ἑστερεώθη
1159 3299 1196 3366 ἡ
1233 3297 1443 3366 καρδία
1473 3317 1593 3368 μου
1627 3301 1931 3372 ὲνΚυρίῳ,

337 3379 537 3452 πρώην
556 3377 711 3435 εἷπον
733 3381 872 3453 πρὸς
892 3381 991 3451 τὴν
1013 3381 1284 3452 ὑμετέραν
1312 3382 1554 3453 ἀγάπην,
1578 3383 1733 3456 δῆλον
1771 3389 1800 3440 ὑ
1809 3392 1900 3458 μῖν
1914 3407 1928 3421 ·

332 3467 461 3521 νυνὶ
477 3465 535 3519 δέ
554 3467 850 3534 ἀναγκαῖον
869 3465 968 3536 τὴν
989 3463 1118 3533 ἑξῆς
1137 3465 1473 3536 ἑρμηνεῦσαι
1495 3468 1674 3538 ῥῆσιν.
1690 3473 1933 3529 Εἰποῦσα

339 3549 484 3621 γάρ·
521 3546 885 3618 Ἐστερεώθη
921 3549 961 3615 ἠ
1000 3548 1214 3617 καρδία
1244 3550 1692 3622 μουένΚυρίῳ·
1722 3557 1933 3630 ἐπήγα-

340 3646 438 3697 τεν
455 3648 466 3662 ο
504 3630 742 3702 ’Υψώθη
764 3633 941 3702 κέρας
957 3651 1076 3702 μου
1092 3633 1163 3686 ἐν
1185 3631 1306 3698 Θεῷ
1319 3651 1459 3703 μου.
1483 3635 1548 3687 Τί
1584 3638 1720 3701 ἐστι,
1743 3641 1934 3709 Κέρας

327 3734 489 3788 μου;
527 3718 639 3771 Καὶ
672 3716 782 3789 γὰρ
820 3716 1056 3787 συνεχῶς
1095 3716 1267 3790 ταύτῃ
1311 3716 1577 3789 κέχρηται
1612 3724 1677 3792 τῇ
1714 3721 1856 3788 λέξει
1895 3727 1929 3798 ή

333 3803 554 3874 Γραφὴ,
593 3803 670 3866 ὡς
704 3804 834 3856 ὅταν
869 3801 1004 3875 λέγῃ
1023 3817 1038 3830 ·
1074 3801 1310 3869 ’Υψώθη
1351 3801 1531 3870 κέρας
1563 3805 1770 3869 αὐτοῦ,
1813 3809 1931 3878 καὶ,

348 3885 592 3955 ’Υψώθη
612 3885 791 3954 κέρας
807 3887 1062 3954 χριστοῦ
1083 3886 1291 3942 αὐτοῦ.
1315 3886 1380 3938 Τί
1402 3888 1519 3939 ποτ’
1541 3884 1635 3941 οὖν
1655 3888 1804 3956 λέγει
1823 3891 1930 3944 κέ-

336 3987 479 4042 pag;
522 3971 634 4040 Τὴν
672 3970 924 4040 δύναμιν,
945 3969 1042 4041 τὴν
1080 3969 1260 4034 δόξαν,
1282 3969 1380 4039 τὴν
1421 3972 1800 4040 περιφάνειαν,
1821 3974 1929 4028 ἀπὸ

335 4054 656 4124 μεταφορᾶς
691 4052 800 4105 τῶν
835 4053 1046 4120 ἀλόγων
1084 4050 1238 4117 ζώων
1270 4052 1404 4106 αὐτὸ
1438 4053 1606 4116 τιθείς
1626 4055 1652 4093 b
1671 4070 1682 4082 '
1705 4057 1927 4130 καὶγὰρ

331 4137 569 4200 ἐκείνοις
604 4137 726 4190 ἀντί¹
747 4137 903 4208 δόξης
923 4137 1016 4189 καὶ
1035 4137 1198 4190 ὅπλου
1221 4136 1280 4189 τὸ
1301 4136 1467 4206 κέρας
1492 4137 1652 4207 μόνον
1671 4139 1928 4210 ἐνέθηκεν

330 4221 364 4274 ὁ
388 4221 542 4287 Θεὸς,
563 4221 668 4275 κᾶν
688 4221 1001 4276 ἀποϐάλωσι
1021 4219 1200 4287 τοῦτο,
1223 4221 1284 4274 τὸ
1321 4221 1484 4274 πλέον
1523 4222 1794 4277 ἀπέϐαλον
1828 4226 1928 4296 τῆς

331 4305 618 4377 δυνάμεως
637 4322 652 4337 ο
689 4305 781 4358 καὶ
801 4304 1051 4376 καθάπερ
1070 4304 1269 4366 ἄοπλος
1290 4303 1651 4376 στρατιώτης,
1672 4305 1814 4359 οὑτω
1833 4310 1927 4362 καὶ

330 4388 537 4461 ταῦρος
572 4391 742 4461 χωρὶς
779 4389 1027 4460 κεράτων
1066 4388 1264 4459 ῥᾳδίως
1300 4387 1602 4443 ἁλίσκεται.
1635 4390 1800 4444 Οὐδὲν
1833 4389 1927 4448 οὖν

327 4470 427 4525 διὰ
440 4472 630 4526 τούτου
650 4471 778 4527 ἄλλο
799 4473 962 4542 φησὶν
984 4473 1016 4541 ή
1037 4471 1196 4540 γυνὴ,
1219 4469 1334 4523 ἀλλ’
1352 4469 1408 4540 ἢ,
1429 4466 1780 4541 ὅτιὙψώθηή
1798 4475 1925 4540 δόξα

336 4573 462 4625 μου.
487 4557 596 4609 Καὶ
617 4567 640 4594 ε
667 4554 784 4618 πῶς
804 4553 1025 4624 ὑψώθη;
1061 4555 1155 4606 Ἑν
1178 4551 1299 4618 Θεῷ
1312 4571 1453 4623 μου,
1476 4554 1628 4624 φησί.
1653 4556 1752 4610 Διά
1769 4558 1927 4614 τοῦτο

331 4642 433 4694 καὶ¹
469 4640 710 4709 ἀσφαλὲς
744 4637 805 4692 τὸ
843 4637 974 4707 ὕψος
1002 4639 1140 4699 ἐστὶ,
1166 4637 1388 4706 βεϐαίαν
1412 4638 1506 4690 καὶ
1525 4639 1781 4710 ἀκίνητον
1799 4641 1924 4712 ἔχον

329 4725 433 4795 τὴν
454 4725 627 4795 ῥίζαν.
644 4727 710 4778 Ἦ
751 4725 847 4796 μὲν
883 4723 990 4794 γάρ
1030 4723 1177 4794 παρά
1194 4722 1302 4777 τῶν
1321 4721 1418 4775 ἀνθ
1428 4721 1624 4795 ρώπων
1646 4723 1793 4792 δόξα,
1816 4726 1923 4781 τῶν

326 4808 665 4872 δοξαζόντων
703 4810 951 4880 μιμεῖται
987 4806 1085 4878 τὴν
1121 4805 1416 4869 εὐτέλειαν,
1439 4805 1560 4859 ὅθεν
1581 4809 1674 4859 καὶ
1696 4809 1924 4879 μεταπί-

329 4910 458 4946 πτει
481 4892 677 4964 ῥᾳδίως
698 4911 710 4922 ο
735 4893 767 4963 ή
807 4891 862 4945 δέ
897 4890 989 4944 τοῦ
1019 4889 1154 4943 Θεοῦ
1177 4890 1276 4960 οὐχ
1293 4888 1484 4952 οῦτως,
1510 4890 1645 4944 ἀλλά
1665 4893 1920 4964 ἀκίνητος

331 4976 488 5047 μένει
523 4976 613 5030 διά
648 4976 865 5039 παντός.
889 4974 999 5027 Καὶ
1025 4973 1198 5026 ταῦτα
1217 4971 1502 5044 ἀμφότερα
1539 4973 1715 5043 δηλῶν
1735 4978 1763 5028 ό
1783 4993 1919 5048 προ-

325 5061 527 5132 φήτης,
553 5060 812 5130 κάκείνης
829 5059 891 5112 τὸ
909 5058 1350 5128 εὑμετάπτωτον,
1371 5057 1466 5110 καὶ
1486 5057 1690 5131 ταύτης
1728 5059 1790 5113 τὸ
1825 5063 1921 5132 μό-

321 5161 508 5214 νιμον,
529 5143 704 5207 οὑτως
735 5142 886 5210 ἔλεγε
907 5157 919 5169 ·
948 5140 1123 5194 Πᾶσα
1160 5138 1318 5207 σὰρξ
1357 5141 1591 5209 χόρτος,
1614 5143 1714 5196 καὶ
1750 5143 1920 5200 πᾶσα

326 5227 481 5301 [754]
493 5227 642 5292 δόξα
653 5226 968 5294 ἀνθρώπου
983 5226 1064 5290 ὡς
1079 5224 1261 5289 ἄνθος
1280 5225 1520 5291 χόρτου.
1539 5226 1866 5297 Ἐξηρὰνθη
1884 5231 1918 5283 ὁ

323 5311 562 5380 χόρτος,
584 5310 681 5363 καὶ
703 5309 770 5362 τὸ
789 5308 971 5373 ἄνθος
998 5306 1270 5371 ἐξέπεσε.
1313 5307 1449 5378 Περὶ
1469 5307 1526 5360 δέ
1545 5308 1643 5379 τῆς
1660 5308 1755 5362 τοῦ
1780 5310 1915 5364 Θεοῦ

319 5396 427 5466 οὐχ
458 5395 649 5459 οὑτως,
673 5392 809 5448 ἀλλά
830 5392 980 5458 πῶς;
1015 5391 1088 5446 Τὸ
1105 5389 1175 5445 δὲ
1184 5389 1351 5460 ῥῆμα
1389 5391 1498 5444 τοῦ
1528 5393 1676 5448 Θεοῦ
1699 5396 1787 5460 είς
1810 5396 1919 5449 τὸν

316 5481 512 5535 αἰῶνα
523 5479 712 5550 μένει.
737 5478 847 5531 Καὶ
863 5477 1022 5546 δῆλον
1041 5475 1198 5528 τοῦτο
1218 5476 1310 5528 καὶ
1331 5476 1439 5528 ἀπὸ
1458 5475 1660 5546 ταύτης
1689 5481 1788 5549 τῆς
1819 5495 1913 5546 γυο

315 5565 530 5631 ναικός.
562 5565 806 5626 Βασιλεῖς
838 5563 937 5634 μὲν
961 5562 1070 5633 γάρ
1089 5562 1183 5616 καί¹
1203 5563 1499 5633 στρατηγοὶ
1517 5563 1610 5616 καὶ
1632 5563 1910 5626 δυνάσται,

383 5780 411 5840 9
433 5778 570 5830 Colb.
598 5782 651 5825 el
675 5777 1016 5840 Reg._&pztﬁv.

388 5833 416 5872 λ’
433 5841 574 5891 Εοίιι.
603 5840 702 5900 duo
722 5833 777 5885 ei
801 5833 921 5900 Rég.
947 5837 1220 5900 μετατιθείς.

393 5853 416 5872 ⁵⁷
433 5853 574 5891 L'om.
603 5853 702 5888 auo
722 5853 776 5885 el.
801 5853 870 5885 ne
910 5875 921 5886 .
947 5853 1220 5900 μετατιθείς.

393 5906 412 5936 ι
436 5903 520 5970 δίο
537 5899 676 5970 0οη),
699 5900 797 5950 duo
817 5853 1014 5965 elﬁKeg.
1038 5899 1156 5950 Haec
1189 5896 1356 5951 vitiata
1377 5903 1518 5948 erant
1557 5898 1607 5948 in
1643 5897 1806 5947 Edita.

1623 419 1710 478 DE
1748 419 1937 476 ANNA
1977 417 2214 477 SERMO
2252 419 2345 476 IV.

3514 431 3622 492 664

2051 537 2222 593 πολλά
2264 540 2824 612 πραγματευσάμενοι
2847 541 3127 610 πολλάκις,
3146 543 3288 600 ὥστε
3306 546 3490 602 αὐτῶν
3508 549 3644 622 ἀλη-

2053 637 2178 675 στον
2195 622 2451 690 γενέσθαι
2469 625 2569 695 τὴν
2592 627 2837 697 μνήμην,
2859 627 2953 679 καὶ⁵
2972 626 3177 696 τάφους
3197 628 3482 702 λαμπροὺς
3501 635 3644 687 οἰκο-

2049 705 2439 777 δομησάμενοι,
2461 708 2556 762 καὶ
2575 710 2898 780 ἀνδριάντας
2933 713 3361 784 ἀναστήσαντες,
3384 717 3477 770 καί
3496 719 3644 772 εἰκό-

2051 807 2148 852 νας
2167 790 2367 854 πολλὰς
2387 791 2680 863 πολλαχοῦ,
2693 795 2787 847 καὶ
2806 793 3250 865 κατορθωμάτων
3270 798 3645 872 ὑπομνήματα

2053 872 2226 943 μυρία
2244 873 2655 941 καταλιπόντες,
2681 877 3018 946 σεσίγηνται,
3043 881 3137 932 καὶ
3175 881 3295 935 οὑδέ
3331 882 3441 936 ἀπὸ
3478 884 3644 955 ψιλῆς

2057 957 2430 1028 προσηγορίας
2450 959 2557 1012 εἰσί
2581 976 2686 1013 τινι
2713 960 2998 1032 γνώριμοιο
3027 962 3165 1034 αῦτη
3193 965 3250 1017 δέ
3274 967 3306 1036 ή
3333 966 3471 1038 γυνὴ
3497 984 3642 1021 παν-

2049 1040 2216 1110 ταχοῦ
2258 1042 2358 1110 τῆς
2405 1043 2730 1114 οἰκουμένης
2781 1044 2965 1116 ᾄδεται
3001 1046 3116 1099 νῦν’
3155 1047 3258 1101 κᾶν
3296 1051 3376 1112 εἰς
3404 1050 3642 1105 Σκυθίαν

2050 1125 2316 1196 ἀπέλθῃς,
2344 1125 2448 1179 κάν
2471 1127 2552 1191 εἰς
2585 1128 2882 1196 Αἴγυπτον,
2924 1128 3026 1183 κᾶν
3054 1131 3134 1193 εἰς
3185 1132 3396 1196 Ἰνδοὺς.
3427 1133 3529 1187 κᾶν
3559 1137 3640 1196 εἰς

2051 1207 2191 1260 αὐτά
2215 1208 2284 1290 τά
2308 1208 2521 1279 πέρατα
2547 1211 2645 1281 τῆς
2691 1212 3038 1284 οἰκουμένης,
3071 1214 3289 1268 πάντων
3322 1215 3532 1290 ἀκούσῃ
3569 1217 3640 1270 τά

2049 1289 2452 1362 κατορθώματα
2478 1293 2576 1363 τῆς
2592 1295 2852 1362 γυναικὸς
2889 1295 3094 1367 ταύτης
3126 1296 3382 1368 ᾀδόντων,
3413 1289 3512 1353 καῖ
3529 1302 3638 1354 πᾶ-

2051 1389 2151 1427 σαν
2185 1373 2392 1438 ἁπλῶς,
2413 1375 2547 1446 ὅσην
2585 1376 2735 1447 ἥλιος
2765 1379 2937 1449 ἐφορᾷ
2953 1378 3078 1450 γῆν,
3103 1382 3136 1452 ή
3167 1379 3293 1444 δόξα
3314 1383 3413 1452 τῆς
3438 1383 3640 1455 Ἀννης

2047 1457 2475 1528 καταλαμϐάνει.
2498 1459 2608 1513 Καὶ
2623 1461 2683 1512 οὑ
2715 1460 2871 1514 τοῦτο
2895 1461 3056 1532 μόνον
3075 1462 3194 1515 ἐστὶ
3219 1463 3282 1516 τὸ
3300 1463 3634 1534 θαυμαστὸν,

2048 1539 2132 1593 ὅτι
2163 1541 2441 1612 πανταχοῦ
2470 1544 2571 1613 τῆς
2603 1544 2928 1616 οἰκουμένης
2944 1543 3128 1615 ᾄδεται
3158 1548 3191 1616 ή
3220 1547 3380 1618 γυνὴ,
3409 1548 3524 1601 ἀλλ’
3556 1549 3640 1602 ὃτι

2046 1623 2304 1678 τοσούτου
2338 1625 2703 1697 παρελθόντος
2731 1627 2946 1698 χρόνου,
2982 1629 3044 1681 οὑ
3082 1629 3242 1700 μόνον
3267 1631 3366 1682 οὐκ
3403 1630 3636 1702 ἐσϐέσθη

2045 1707 2114 1759 τά
2151 1707 2252 1777 τῆς
2283 1708 2560 1779 εὐφημίας
2590 1711 2781 1780 αὐτῆς,
2815 1710 2953 1763 ἀλλά
2984 1711 3078 1765 καὶ
3110 1710 3333 1775 αὔξεται
3381 1714 3477 1767 καὶ⁵
3519 1714 3640 1768 ἐπιο

2045 1789 2282 1843 τείνεται
2323 1791 2501 1863 πολλῷ
2526 1793 2708 1856 πλέον,
2741 1795 2834 1847 καὶ
2873 1795 2974 1866 τὴν
2996 1795 3311 1865 φιλοσοφίαν
3348 1797 3518 1868 αὐτῆς
3541 1799 3637 1851 καὶ

2044 1873 2144 1943 τὴν
2167 1873 2444 1947 ὑπομονὴν
2470 1877 2562 1929 καὶ
2575 1879 2675 1948 τὴν
2693 1877 2986 1949 καρτερίαν
3005 1877 3244 1944 ἅπαντες
3273 1881 3439 1944 ῐσασι,
3464 1881 3558 1934 καὶ
3577 1883 3637 1934 ἐν

2046 1955 2234 2009 πόλεσι
2266 1958 2360 2010 καὶ
2389 1959 2448 2012 ἐν
2478 1960 2692 2032 ἀγροῖς,
2718 1961 2814 2014 καὶ
2857 1962 2914 2014 ἐν
2943 1961 3160 2025 οἰκίαις,
3187 1962 3282 2016 καί
3312 1965 3371 2017 ἐν
3406 1981 3634 2035 στρατο-

2046 2039 2246 2104 πέδοις,
2277 2041 2370 2095 καὶ
2405 2044 2462 2096 ἐν
2497 2042 2722 2107 πλοίοις,
2751 2044 2846 2097 καὶ
2874 2045 2932 2098 ἐν
2962 2045 3365 2117 ἐργαστηρίοις,
3389 2049 3484 2100 καὶ
3502 2066 3638 2100 παν‹⁸

2045 2123 2212 2193 ταχοῦ
2244 2125 2345 2195 τῆς
2373 2126 2631 2194 γυναικὸς
2660 2128 3150 2200 ἐγκωμιαζομένης
3175 2130 3385 2203 ἀκούσῃ
3408 2131 3634 2202 ταύτης.

2049 2207 2217 2260 Ὅταν
2245 2209 2354 2280 γὰρ
2383 2209 2559 2275 όΘεός
2588 2227 2712 2263 τινα
2728 2209 2949 2274 δοξάσαι
2982 2210 3238 2284 βουληθῇ,
3272 2213 3377 2266 κᾶν
3408 2212 3638 2278 θάνατος

2045 2292 2389 2362 ἐπιγένηται,
2425 2292 2529 2346 κᾶν
2557 2292 2751 2364 χρόνου
2775 2293 3001 2364 πλῆθος,
3033 2294 3134 2348 κᾶν
3163 2295 3292 2349 ἄλλο
3313 2295 3516 2358 ὁτιοῦν,
3541 2298 3638 2368 μέ-

2044 2392 2123 2428 νει
2154 2375 2222 2432 τά
2257 2375 2356 2444 τῆς
2373 2375 2534 2447 δόξης
2567 2374 2784 2446 ἐκείνης
2812 2375 3079 2430 ἀνθοῦντα
3104 2378 3392 2448 διηνεκῶς,
3415 2381 3512 2433 καὶ
3545 2381 3638 2434 οὑ-

2042 2457 2154 2521 δεὶς
2178 2457 2540 2528 ἐπισκοτῆσαι
2589 2457 2618 2495 ολ
2660 2461 2726 2529 τῇ
2767 2460 3096 2531 περιφανεία
3123 2461 3294 2532 ταύτῃ
3325 2461 3632 2534 δυνήσεται.

2043 2541 2141 2596 Διά
2168 2541 2328 2595 τοῦτο
2355 2541 2451 2595 καὶ
2471 2541 2611 2614 αὑτὴ
2638 2543 2970 2596 παιδεύουσα
2998 2545 3124 2608 τοὺς
3145 2545 3442 2609 ἀκούοντας
3464 2547 3637 2601 ἀπαν-

2042 2642 2159 2689 τας,
2209 2624 2377 2679 ὅτιού
2425 2625 2531 2697 χρὴ
2593 2625 2960 2695 καταφεύγειν
2991 2630 3102 2691 τοῖς
3150 2630 3457 2701 ἐπικήροις,
3515 2632 3633 2686 ἀλλ’

2041 2708 2163 2763 ὅθεν
2195 2709 2389 2780 βέϐαια
2417 2710 2514 2763 καὶ
2541 2709 2774 2780 ἀκίνητα
2799 2711 2931 2781 ήμῖν
2967 2712 3120 2780 μένει
3157 2712 3226 2766 τὰ
3279 2715 3481 2782 ἀγαθὰ,
3510 2711 3632 2769 εἷπε

2040 2793 2131 2845 τὸν
2157 2793 2259 2862 τῆς
2297 2792 2458 2864 δόξης
2483 2793 2675 2847 αἴτιον.
2707 2792 2951 2860 Εἰποῦσα
3002 2794 3127 2866 γὰρ,
3157 2795 3238 2848 ὅτι
3279 2797 3631 2868 Ἐστερεώθη

2041 2877 2080 2944 ἡ
2106 2875 2318 2943 καρδία
2337 2894 2457 2944 μου
2495 2877 2565 2929 ἐν
2595 2875 2642 2929 Κ
2647 2878 2814 2946 ιιρίφ,
2852 2879 3152 2949 ἐπήγαγεν,
3193 2879 3431 2949 ’Υψιώθη
3454 2885 3634 2951 κέρας

2036 2977 2156 3029 μου
2183 2959 2254 3013 ἐν
2278 2960 2400 3024 Θεῷ
2437 2976 2572 3027 μου,
2605 2959 2784 3024 ιδιπλᾶ
2830 2961 3062 3015 ἐνταῦθα
3115 2963 3248 3034 ἡμῖν
3289 2966 3633 3036 αἰνιττομένη

2040 3042 2108 3096 τὰ
2122 3042 2325 3110 ἀγαθὰ,
2348 3043 2495 3114 ἇπερ
2521 3041 2778 3096 δύσκολον
2796 3043 3117 3115 συμϐαίνειν
3140 3047 3369 3116 ταχέως.
3399 3050 3507 3102 Καὶ
3525 3049 3634 3118 γὰρ

2039 3125 2133 3179 τοῦ
2158 3127 2345 3194 σάλου,
2364 3127 2549 3197 φησὶν,
2573 3127 2918 3200 ἀπηλλάγην,
2935 3129 3030 3182 καὶ
3062 3129 3163 3200 τὴν
3189 3131 3413 3202 ἀτιμίαν
3433 3132 3634 3186 ἀπεθέ-

2043 3227 2170 3279 μην,
2203 3211 2299 3263 καὶ
2348 3209 2649 3279 ἀσφαλείας
2693 3210 2998 3274 ἀπέλαυσα,
3036 3213 3130 3265 καὶ
3159 3212 3318 3284 δόξης
3347 3216 3630 3286 μετέσχον.

2039 3292 2226 3346 Ταῦτα
2251 3292 2310 3346 δὲ
2351 3294 2640 3366 ἀμφότερα
2669 3296 2771 3348 οὑκ
2802 3294 2867 3348 ἀν
2904 3311 2988 3359 τις
3018 3296 3118 3349 ίδοι
3145 3298 3348 3368 ῥᾳδίως
3383 3299 3633 3370 ἀλλήλοις

2039 3376 2419 3447 συντρέχοντα.
2447 3377 2639 3430 Πολλοὶ
2656 3378 2764 3449 γὰρ
2780 3377 3041 3433 κινδύνων
3059 3378 3159 3449 μὲν
3174 3379 3630 3448 ἀπαλλάττονται,

2038 3459 2282 3524 ἐπίδοξον
2314 3461 2371 3515 δὲ
2398 3462 2498 3514 οὐκ
2528 3461 2712 3532 έχουσι
2761 3460 2896 3531 βίον·
2928 3461 3106 3533 ἕτεροι
3153 3461 3314 3517 πάλιν
3343 3463 3498 3536 δόξης
3530 3467 3630 3536 μὲν

2035 3544 2369 3598 ἀπολαύουσι
2399 3545 2496 3599 καὶ
2519 3545 2902 3616 περιφανείας,
2941 3545 3275 3600 κινδυνεύειν
3305 3546 3361 3599 δὲ
3389 3549 3631 3616 ἀναγκά-

2035 3629 2218 3695 ζονται
2246 3630 2336 3684 διὰ
2367 3629 2466 3701 τὴν
2511 3630 2667 3696 δόξαν
2720 3629 2944 3700 ταύτην.
2978 3623 3103 3683 υἷόν
3139 3647 3192 3682 τι
3245 3629 3406 3699 λέγω·
3443 3633 3630 3688 πολλοὶ

2035 3714 2296 3777 πολλάκις
2311 3714 2371 3766 τὸ
2399 3714 2770 3785 δεσμωτήριον
2798 3715 3140 3784 οἰκήσαντες,
3170 3715 3348 3784 μοιχοὶ
3378 3716 3471 3769 καὶ
3495 3717 3629 3788 γόη-

2032 3815 2124 3862 τες
2141 3798 2235 3852 καὶ
2250 3796 2624 3868 τυμϐωρύχοι,
2656 3798 2751 3850 καὶ
2779 3799 2826 3850 οἰ
2853 3797 3016 3868 ἐτερά
3042 3814 3163 3850 τινα
3188 3798 3412 3852 τοιαῦτα
3447 3800 3626 3872 ήμαρο

2032 3881 2286 3951 τηκότες,
2338 3875 2458 3932 εἶτα
2507 3880 2614 3932 ἀπό
2678 3897 2825 3944 τινος
2877 3880 3289 3951 φιλανθρωπίας
3329 3879 3627 3952 ’βασιλικῆς

2031 3963 2315 4033 ἀφέθησαν
2369 3961 2463 4015 τοῦ
2513 3965 2835 4033 οἰκήματοςο
2886 3955 3034 4016 οὗτοι
3076 3963 3177 4034 τῆς
3209 3964 3485 4028 κολάσεως
3525 3965 3626 4034 μὲν

2032 4047 2453 4118 ἀπηλλάγησαν,
2484 4045 2554 4098 τὰ
2580 4046 2638 4098 δὲ
2688 4046 2866 4114 ὀνείδη
2917 4047 3018 4100 οὐκ
3065 4048 3458 4119 ἀπετρίψαντο,
3506 4050 3624 4104 ἀλλ’

2032 4130 2213 4200 ἔχουσι
2247 4130 2344 4201 τὴν
2374 4127 2637 4200 αἰσχύνην
2681 4131 2958 4202 ἐπομένην
3007 4131 3212 4195 αὐτοῖς.
3247 4131 3428 4185 Ἀλλοι
3456 4149 3626 4203 στρα-

2030 4212 2221 4267 τιῶται
2247 4215 2484 4281 γενναῖοι
2519 4213 2609 4265 τὸν
2636 4212 2882 4278 ἐπίδοξον
2921 4213 3018 4267 καὶ
3047 4216 3318 4287 περιφανῆ
3357 4215 3470 4286 βίον
3495 4216 3624 4270 διώ-

2031 4313 2220 4360 κοντες
2260 4307 2306 4358 θ,
2339 4296 2728 4367 ῥιψοκινδύνως
2753 4298 2980 4360 ἑαυτοὺς
3007 4300 3122 4361 τοῖς
3150 4298 3429 4370 πολεμίοις
3443 4299 3624 4354 ἐνδόν-

2030 4398 2141 4444 τες,
2179 4381 2350 4434 πολλὰ
2400 4380 2659 4445 πολλάκις
2704 4380 2897 4435 ἔλαϐον
2929 4381 3242 4452 τραύματα,
3272 4383 3367 4434 καὶ⁵
3393 4383 3624 4452 ἔσχατον

2030 4464 2207 4533 ἄωρον
2238 4463 2552 4533 ὑπέστησαν
2586 4463 2848 4516 θάνατον’
2878 4458 3023 4517 οὗτοι
3052 4463 3210 4536 δόξης
3239 4463 3620 4535 ἐπιθυμήσαν-

2029 4563 2138 4610 τες,
2166 4547 2463 4615 ἀσφαλείας
2495 4545 2769 4610 ἐξέπεσον.

2096 4629 2160 4685 δ’.
2179 4632 2301 4684 Ἐπὶ
2315 4631 2370 4683 δὲ
2391 4631 2488 4700 τῆς
2505 4630 2764 4698 γυναικὸς
2780 4629 3066 4702 ἀμφότερα
3085 4628 3258 4684 ταῦτα
3287 4630 3504 4703 συνέϐη,
3525 4633 3619 4688 καὶ

2027 4712 2327 4781 ἀσφαλείας
2356 4713 2631 4766 ἀπέλαυσε
2663 4715 2756 4766 καὶ
2800 4713 2959 4784 δόξης
3007 4713 3286 4784 ἐπέτυχεν.
3317 4713 3476 4768 Οῦτω
3526 4718 3619 4771 καὶ

2027 4796 2246 4849 ἐπὶτῶν
2262 4796 2429 4868 τριῶν
2451 4795 2659 4850 παίδων
2685 4795 2920 4863 ἐγένετοο
2942 4795 3157 4869 καὶγὰρ
3186 4796 3448 4852 κινδύνων
3465 4797 3620 4873 Ῐ755]

2025 4879 2421 4950 ἀπηλλάγησαν
2466 4879 2819 4949 διαφυγόντες
2870 4880 2932 4932 τὸ
2965 4878 3098 4950 πῦρ,
3157 4881 3252 4934 καὶ
3299 4885 3618 4954 περιφανεῖς

2025 4963 2292 5030 ἐγένοντο,
2329 4963 2468 5035 ὑπὲρ
2503 4962 2664 5032 φύσιν
2713 4964 2808 5017 τοῦ
2841 4963 3105 5034 στοιχείου
3149 4966 3472 5037 νικήσαντες
3516 4967 3618 5039 τὴν

2023 5046 2274 5118 δύναμιν.
2319 5048 2557 5101 Τοιαῦτα
2604 5047 2699 5100 τοῦ
2752 5047 2889 5102 Θεοῦ
2922 5048 2993 5101 τά
3028 5047 3445 5119 κατορθώματα·
3477 5048 3615 5119 όμοῦ

2022 5131 2131 5202 γὰρ
2157 5130 2408 5201 λαμπρὸν
2437 5133 2532 5185 καὶ
2564 5131 2786 5203 ἀσφαλῆ
2838 5130 3122 5203 χαρίζεται
3147 5132 3283 5200 βίον.
3313 5132 3494 5202 "Am-1p
3521 5128 3615 5185 οῦν

2021 5213 2306 5284 ἀμφότερα
2333 5216 2428 5269 καὶ
2459 5215 2598 5287 αὐτη
2629 5215 2973 5286 αἰνιττομένη
3000 5214 3204 5281 ἔλεγεν.
3252 5215 3612 5284 Ἐστερεώθη

2022 5298 2060 5365 ἡ
2094 5299 2310 5368 καρδία
2332 5319 2453 5369 μου
2475 5301 2545 5354 ὲν
2568 5301 2782 5368 Κυρίῳ,
2802 5298 3014 5365 ὑψώθη
3043 5296 3222 5362 κέρας
3239 5315 3358 5365 μου
3394 5297 3465 5349 ἐν
3489 5297 3613 5363 Θεῷ

2015 5398 2156 5449 μου.
2194 5384 2304 5454 Οὐχ
2333 5383 2519 5447 ἁπλῶς
2546 5379 2840 5446 εἷπεν,Ἐν
2871 5377 3015 5443 Θεῷ,
3044 5379 3180 5443 ἀλλ’,
3198 5380 3294 5432 Ἐν
3323 5378 3445 5444 Θεῷ
3466 5397 3608 5447 μου,

2018 5464 2110 5516 τὸν
2133 5466 2312 5518 κοινὸν
2340 5467 2440 5535 τῆς
2466 5466 2789 5534 οἰκουμένης
2825 5464 3102 5533 Δεσπότην
3128 5463 3448 5533 ἀρπάζουσα
3474 5462 3608 5533 πρὸς

2019 5547 2237 5609 ἑαυτήν.
2264 5549 2435 5603 Τοῦτο
2473 5549 2528 5602 δὲ
2561 5549 2837 5617 ἐποίησεν.
2858 5548 2959 5600 οὑκ
2979 5546 3285 5602 ἐλαττοῦσα
3315 5545 3479 5600 αὑτοῦ
3507 5547 3608 5617 τὴν

2079 5825 2105 5863 ά
2134 5829 2254 5890 Reg.
2283 5826 2602 5890 ἐπισκοτίσαι.

2085 5899 2106 5927 ε
2133 5884 2254 5952 Rei.
2279 5889 2378 5957 βίον
2410 5888 2678 5954 αἰδούμενοι
2702 5886 2848 5950 (forte
2871 5884 3161 5949 αἰτούμενοιλ
3194 5888 3292 5952 ῥιιιο.
