4064 6450
502 397 614 454 68ἶί

501 509 844 572 δεσποτείαν,
880 507 1018 562 ἀλλά
1050 506 1145 562 τὸν
1181 510 1381 563 οἰκεῖον
1410 507 1590 579 ἔρωτα
1617 503 2007 574 ἐνδεικνυμένη
2031 519 2091 556 τε

500 598 595 650 καὶ
617 592 1104 666 παραμυθουμένη.
1135 590 1388 645 Τοιοῦτον
1427 591 1537 662 γὰρ
1568 589 1679 642 τῶν
1706 587 2005 657 φιλούντων
2035 586 2096 640 τὸ

494 680 639 745 ἔθος·
662 679 760 734 οὐκ
795 676 1078 747 ἀνέχονται
1098 676 1236 746 μετά
1270 674 1481 730 πολλῶν
1512 674 1710 744 φιλεῖν,
1734 672 1850 726 ἀλλ’
1878 671 2094 743 ἐξαιρέ-

494 783 607 828 τως
644 765 736 819 καὶ
760 760 1069 827 ἰδιαζόντως
1086 761 1368 831 βούλονται
1399 759 1582 814 αὐτῶν
1612 755 1989 813 ἐνδείκνυσθαι
2034 754 2096 810 τὸ

496 849 739 917 φίλτρον.
766 846 926 901 Οὕτω
956 848 1051 900 καὶ
1072 849 1101 900 6
1128 844 1293 900 Δαυῒδ
1321 849 1464 900 ποιεῖ
1496 845 1670 914 λέγων
1705 854 1751 876 ⁸·
1787 844 1839 896 '0
1868 842 2036 907 Θεὸς,
2057 844 2092 896 ό

496 936 643 1001 Θεός
670 952 811 1002 μου,
836 934 990 1002 πρὸς
1022 933 1098 987 σὲ
1124 932 1382 1002 ὀρθρίζω.
1415 931 1600 986 Εἰπὼν
1636 931 1749 1002 γάρ
1775 932 1874 1003 τὴν
1905 928 2092 998 κοινὴν

496 1017 664 1073 αὑτοῦ
698 1018 1042 1075 δεσποτείαν.
1076 1013 1197 1070 εἶπε
1231 1017 1326 1070 καί
1366 1016 1465 1088 τὴν
1501 1014 1812 1079 ἰδιάζουσαν
1846 1014 1947 1085 τήν
2000 1014 2092 1066 ἐπὶ

492 1103 609 1156 τῶν
663 1103 855 1172 ἁγίων.
898 1103 1011 1156 Kal
1077 1102 1262 1168 πάλιν,
1313 1101 1376 1155 '0
1442 1100 1613 1171 Θεὸς,
1661 1104 1694 1154 ό
1748 1101 1895 1167 Θεός
1947 1117 2089 1168 μου,

488 1186 766 1256 ,πρόσχες
810 1203 934 1256 μοι’
965 1186 1066 1239 ἵνα
1093 1185 1151 1239 τί
1193 1183 1585 1254 ἐγκατέλιπές
1615 1201 1729 1253 ys;
1754 1183 1863 1237 Kal
1908 1183 2089 1237 πάλιν·

511 1269 650 1336 Ἐρῶ
679 1267 761 1334 τῷ
789 1267 939 1335 Θεῷ·
963 1266 1358 1336 Ἀντιλήπτωρ
1381 1285 1501 1337 μου
1522 1263 1596 1321 εἶ·
1611 1266 1791 1336 ψυχῆς
1813 1265 1922 1337 γάρ
1948 1265 2095 1331 ζεού-

496 1370 600 1422 σης
617 1353 713 1405 xal
729 1353 940 1425 θερμῆς
959 1352 1055 1406 καὶ
1070 1351 1459 1422 διακαιομένης
1482 1352 1588 1405 ὑπὸ
1617 1350 1711 1404 τοῦ
1730 1351 1895 1405 πόθου
1917 1350 2092 1405 ταῦτα

494 1437 565 1489 τα
600 1438 842 1507 ῥήματα.
886 1435 1044 1490 Οῦτω
1074 1437 1170 1489 καὶ
1198 1437 1232 1507 ἡ
1263 1435 1405 1505 γυνὴ
1433 1432 1573 1506 αῦτη
1609 1434 1889 1506 ἐποίησεν.
1924 1434 2089 1489 Ἀλλά

493 1518 557 1571 τὸ
590 1519 690 1589 μὲν
740 1518 1061 1590 ἀνθρώπους
1109 1518 1269 1572 τοῦτο
1322 1519 1521 1580 ποιεῖν,
1570 1518 1885 1589 θαυμαστὸν
1915 1518 2086 1573 οὐδέν·

493 1604 627 1657 ὅταν
647 1604 704 1657 δὲ
734 1604 849 1674 ἴδῃς
869 1604 962 1657 τὸν
991 1603 1126 1657 Θεὸν
1140 1603 1300 1657 τοῦτο
1319 1601 1595 1667 ποιοῦντα,
1620 1603 1742 1656 τότε
1757 1603 2085 1674 ἐκπλάγηθι.

497 1686 768 1757 Καθάπερ
794 1687 907 1757 γὰρ
943 1679 1090 1739 οὗτοι
1117 1686 1178 1739 οὐ
1207 1688 1360 1757 κοινῇ
1386 1686 1526 1756 μετά
1552 1685 1661 1739 τῶν
1687 1686 1899 1740 πολλῶν
1925 1687 2089 1742 αὐτὸν

496 1768 774 1831 καλοῦσιν,
792 1770 930 1823 ἀλλά
951 1771 1046 1824 καὶ
1066 1769 1376 1834 ἰδιαζόντως
1398 1769 1606 1823 ἑαυτῶν
1628 1770 1792 1824 αὐτὸν
1807 1771 2088 1841 βούλονται

494 1852 636 1908 εἶναι
659 1854 810 1908 Θεόν·
848 1852 990 1907 οὕτω
1011 1854 1109 1908 xal
1128 1853 1309 1917 αὐτὸς,
1340 1853 1402 1907 οὐ
1435 1855 1588 1924 κοινῇ
1626 1855 1762 1923 μετά
1786 1854 1897 1908 τῶν
1913 1854 2089 1909 ἄλλων

494 1941 660 2011 φησὶν
683 1938 864 1992 αὐτῶν
900 1932 1041 1992 εἶναι
1087 1936 1220 1991 Θεὸν
1267 1938 1450 2008 μόνον.
1493 1938 1629 1992 ἀλλά
1658 1939 1753 1993 καί¹
1778 1939 2090 2004 ἰδιαζόντως

494 2024 697 2078 αὐτῶν.
727 2023 828 2078 Διά
850 2022 1010 2076 τοῦτο
1030 2022 1202 2091 λέγει,
1244 2021 1385 2092 Ἐγώ
1416 2024 1536 2092 εἰμι
1580 2026 1616 2077 ὁ
1646 2024 1793 2088 Θεὸς
1833 2024 2089 2093 Ἀϐραὰμ

494 2117 593 2173 καί
632 2116 840 2170 Ἰσαὰκ
862 2114 965 2168 καί
994 2113 1224 2176 Ἰακὼϐ,
1256 2114 1319 2167 οὐ
1342 2114 1650 2168 συστέλλων
1684 2113 1853 2169 αὐτοῦ
1873 2116 1974 2185 τὴν
2000 2115 2088 2169 δε-

496 2199 771 2260 σποτείαν,
799 2197 915 2251 ἀλλ’
943 2197 1201 2251 ἐκτείνων
1234 2196 1458 2268 μᾶλλον·
1482 2198 1546 2250 οὐ
1575 2198 1685 2268 γὰρ
1704 2198 1848 2251 οὕτω
1867 2197 1928 2250 1:6
1953 2198 2089 2268 πλῆ-

495 2283 589 2345 θος
622 2280 732 2335 τῶν
754 2281 1095 2353 ἀρχομένων,
1123 2278 1200 2334 ὡς
1247 2282 1280 2350 ἡ
1322 2279 1493 2351 ἀρετὴ
1520 2279 1629 2334 τῶν
1657 2281 2089 2351 βασιλευομένων

491 2365 764 2419 δείκνυσιν
780 2362 949 2417 αὐτοῦ
978 2362 1078 2435 τὴν
1122 2364 1316 2434 ἀρχήν·
1347 2363 1468 2417 οὐδὲ
1503 2362 1651 2418 οὕτω
1678 2364 1858 2435 χαίρει
1888 2364 2086 2417 καλού-

496 2466 657 2519 μενος
680 2448 815 2512 Θεὸς
844 2446 1074 2518 οὐρανοῦ
1109 2447 1202 2501 καὶ
1218 2447 1347 2517 γῆς.
1380 2448 1475 2501 καί⁵
1521 2446 1814 2517 θαλάττης,
1852 2448 1948 2502 καὶ
1977 2447 2088 2502 τῶν

494 2534 553 2584 ἐν
589 2531 816 2595 τούτοις,
850 2531 927 2595 ὡς
950 2530 1132 2602 χαίρει
1170 2530 1506 2601 καλούμενος
1530 2531 1666 2596 Θεδς
1709 2531 1963 2603 ’Δϐραάμ
1993 2533 2088 2585 καὶ

507 2616 693 2669 Ίταάκ
724 2616 820 2669 καὶ
845 2614 1062 2669 Ἰακώϐ.
1092 2614 1203 2667 Kal
1227 2614 1365 2687 ὅπερ
1397 2614 1486 2668 ἐπ’
1517 2614 1821 2686 ἀνθρώπων
1850 2614 1913 2669 οὐ
1942 2615 2082 2682 γίνε-

492 2717 607 2761 ται,
642 2698 802 2753 τοῦτο
830 2697 926 2751 ἐπὶ
953 2696 1048 2750 τοῦ
1090 2695 1228 2750 Θεοῦ
1280 2696 1578 2767 συμϐαῖνον
1609 2693 1755 2751 ἔστιν
1782 2698 1930 2751 ἰδεῖν.
1963 2692 2087 2750 υἷόν

490 2800 546 2837 τι
573 2783 737 2851 λέγω
789 2780 882 2835 ἐπὶ
927 2779 1036 2833 τῶν
1075 2778 1378 2851 ἀνθρώπων
1424 2780 1534 2834 ἀπὸ
1581 2780 1690 2833 τῶν
1734 2781 2014 2834 δεσποτῶν
2038 2783 2087 2834 οί

491 2865 668 2919 δοῦλοι
697 2862 1011 2925 καλοῦνται,
1029 2864 1124 2916 καὶ
1148 2862 1320 2926 οὕτως
1340 2863 1460 2927 ἔθος
1483 2862 2088 2933 ἀπασιλέγειν,Ὀδεῖνα

494 2951 790 3022 ἐπίτροπος
813 2948 906 3001 τοῦ
965 2947 1158 3011 δεῖνος,
1180 2950 1210 3001 6
1246 2947 1395 3002 δεῖνα
1430 2948 1714 3020 οἰκονόμος
1756 2949 1850 3003 τοῦ
1896 2950 2086 3013 δεῖνος,

498 3031 807 3105 στρατηγοῦ
836 3031 929 3085 καὶ
982 3030 1251 3101 ὑπάρχου·
1287 3030 1464 3094 οὐδεὶς
1506 3029 1563 3083 δέ
1600 3047 1786 3100 φησιν.
1814 3026 2031 3085 ὀδεῖνα
2060 3033 2090 3085 6

497 3115 743 3187 ὕπαρχος
769 3113 924 3168 τοῦδε
956 3114 1051 3166 τοῦ
1106 3113 1427 3183 ἐπιτρόπου,
1461 3114 1600 3168 ἀλλὰ
1629 3114 1758 3179 τοὺς
1796 3114 2089 3180 ἐλάττονας

498 3198 607 3252 ἀπο
633 3198 742 3251 τῶν
800 3196 1065 3269 μειζόνων
1119 3196 1209 3250 ἀεὶ
1271 3196 1454 3249 καλεῖν
1506 3196 1795 3267 εἰώθαμεν.
1859 3200 1981 3252 Ἐπὶ
2030 3200 2089 3254 δὲ

492 3280 591 3335 τοῦ
634 3280 769 3334 Θεοῦ
804 3279 1114 3335 τούναντίον
1135 3279 1379 3348 γέγονεν’
1410 3281 1472 3333 οὐ
1501 3279 1610 3351 γὰρ
1644 3280 1803 3351 μόνον
1838 3281 2091 3353 Ἀϐραὰμ

489 3367 590 3421 τοῦ
615 3367 752 3421 Θεοῦ
773 3366 1012 3435 λέγεται.
1045 3366 1183 3420 ἀλλά
1212 3367 1307 3421 καὶ
1333 3368 1362 3420 6
1386 3364 1524 3429 Θεὸς
1551 3366 1645 3419 τοῦ
1688 3366 1962 3438 Ἀϐραὰμ,
1995 3370 2089 3422 καὶ

486 3453 524 3506 6
547 3451 824 3523 Δεσπότης
843 3452 951 3505 ἀπὸ
973 3449 1068 3504 τοῦ
1100 3450 1288 3505 δούλου
1322 3450 1589 3505 καλεῖται.
1607 3449 1779 3504 Τοῦτο
1800 3452 1930 3520 γοῦν
1957 3453 2089 3506 αὐτὸ

492 3537 588 3589 καί
607 3537 635 3589 6
651 3535 861 3599 Παῦλος
877 3535 1314 3607 ἐκπληττόμενος
1337 3535 1510 3603 ἐλεγεο
1541 3537 1622 3588 Δι’
1651 3533 1732 3603 ἢν
1756 3538 1955 3590 αἰτίαν
1976 3540 2089 3591 οὐκ

495 3618 925 3687 ἐπαισχύνεται
947 3620 980 3671 ό
1000 3619 1167 3683 Θεὸς,
1200 3616 1348 3684 Θεὸς
1393 3618 1707 3675 καλεῖσθαι
1733 3617 1951 3673 αὐτῶν.
1975 3622 2090 3674 Οὐκ

494 3702 904 3770 ἐπαισχύνεται,
959 3702 1146 3769 φησὶν,
1198 3702 1229 3753 6
1261 3701 1539 3771 Δεσπότης
1592 3701 1701 3754 ἀπὸ
1750 3702 1857 3755 τῶν
1886 3702 2090 3759 δούλων

492 3782 799 3836 καλεῖσθαι.
841 3781 942 3835 Διὰ
973 3782 1025 3835 τί
1045 3785 1147 3836 οὐκ
1168 3782 1584 3853 ἐπαισχύνεται;
1610 3784 1732 3836 εἰπὲ
1759 3784 1858 3855 τὴν
1883 3787 2084 3842 αἰτίαν.

432 3906 435 3909 -
499 3866 618 3920 Ἵνα
652 3866 1021 3937 μιμησώμεθα
1051 3866 1146 3919 καὶ
1166 3868 1346 3937 ἡμεῖς.
1378 3866 1532 3920 Ἀλλ’
1545 3866 1763 3921 ἐκεῖνοι
1787 3868 1952 3932 ξένοι
1986 3871 2086 3925 καί

445 3963 455 3975 ·
495 3949 894 4019 πιιρεπίδημοι
926 3948 1112 4017 ἦσαν,
1143 3951 1308 4020 φησίν
1336 3949 1386 4005 ³.
1423 3950 1532 4003 Kal
1565 3949 1671 4021 μὴν
1695 3953 1791 4005 καὶ
1818 3951 1908 4006 διὰ
1929 3954 2088 4008 τοῦτο

494 4031 918 4104 ἐπαισχύνεσθαι
953 4033 1052 4086 δεῖ·
1082 4036 1111 4087 6
1163 4034 1266 4104 γὰρ
1299 4031 1446 4099 ξένος
1480 4035 1702 4106 εὐτελής
1726 4037 1821 4089 καὶ
1848 4038 2087 4092 εὐκατα-

493 4113 924 4187 φρόνητοςεῖναι
949 4116 1115 4169 δοκεῖ.
1153 4115 1293 4170 Ἀλλ’
1321 4119 1518 4171 ἐκεῖνοι
1545 4119 1597 4171 οἰ
1627 4118 1774 4187 ἀγιοι
1806 4121 1867 4173 οὐ
1897 4121 2086 4175 τοῦτον

489 4196 638 4268 ἦσαν
671 4199 813 4264 ξένοι
835 4198 930 4251 τὸν
947 4198 1169 4268 τρόπον,
1210 4198 1269 4251 δν
1295 4202 1458 4270 ἡμεῖς
1474 4202 1791 4272 νομίζομεν,
1822 4203 1938 4257 ἀλλ’
1967 4205 2086 4258 ἓτε..

491 4282 591 4353 ρόν
623 4279 775 4355 [736]
798 4298 918 4334 τινα
945 4281 1037 4335 καὶ
1070 4282 1392 4353 παράδοξον.
1422 4285 1616 4355 Ἡμεῖς
1643 4286 1741 4355 μὲν
1762 4288 1873 4358 γὰρ
1900 4288 2086 4355 ξένους

493 4366 739 4429 ἐκείνους
759 4364 1034 4437 καλοῦμεν
1056 4366 1183 4429 τοὺς
1209 4365 1307 4436 τὴν
1329 4366 1510 4420 αὐτῶν
1538 4369 1774 4439 πατρίδα
1823 4371 2083 4440 ἀφέντας,

488 4454 591 4504 καὶ
630 4452 710 4516 εἰς
754 4452 945 4523 ἑτέραν
985 4451 1090 4522 γῆν
1139 4451 1412 4516 ἐλθόντας·
1468 4453 1667 4507 ἐκεῖνοι
1706 4454 1886 4526 δέούχ
1910 4456 2086 4522 οὕτως

490 4532 637 4607 ἦσαν
675 4537 839 4604 ξένοι,
865 4535 1001 4590 ἀλλὰ
1016 4538 1114 4607 τῆς
1128 4535 1456 4607 οἰκουμένης
1476 4536 1697 4609 ἀπάσης
1714 4539 2083 4611 ύπεριδόντες,

491 4621 590 4672 καὶ
624 4619 827 4691 μικρὰν
861 4615 998 4674 εἷναι
1033 4619 1356 4689 νομίσαντες
1388 4620 1488 4691 τὴν
1546 4620 1673 4689 γῆν,
1727 4624 1863 4694 πρὸς
1895 4624 1997 4694 τὴν
2025 4627 2083 4678 ὲν

491 4705 607 4765 τοῖς
632 4702 882 4774 οὐρανοῖς
924 4701 1077 4755 πόλιν
1101 4701 1347 4763 ἔϐλεπον,
1376 4703 1443 4756 οὐ
1481 4703 1547 4755 δι’
1574 4704 1912 4773 ἀλαζονείαν,
1947 4707 2084 4761 ἀλλά

486 4784 584 4838 διὰ
623 4784 1047 4855 μεγαλοψυχίαν,
1079 4785 1140 4838 οὐ
1175 4785 1242 4839 δι’
1267 4787 1546 4849 ἀπόνοιαν,
1583 4787 1717 4841 ἀλλά
1745 4787 1832 4842 διά
1864 4789 2083 4857 φιλοσο-

496 4867 647 4934 φίαν.
691 4868 909 4937 Ἐπειδὴ
950 4869 1059 4939 γὰρ
1106 4868 1407 4939 ἐσκέψαντο
1441 4871 1509 4923 τά
1565 4873 1659 4924 ἐπὶ
1702 4872 1807 4941 ﬁ;
1841 4873 2081 4938 ἅπαντα,

489 4950 592 5005 καὶ
625 4946 765 5003 εἶδον
802 4951 885 5002 ὃτι
925 4954 1009 5020 ῥεῖ
1056 4954 1150 5005 καὶ
1177 4954 1496 5016 ἀπόλλυται,
1524 4956 1619 5008 καὶ
1658 4957 1809 5009 οὐδὲν
1848 4958 2084 5012 ἐνταῦθα

498 5033 716 5104 βέϐαιον
760 5034 856 5086 καὶ
906 5033 1184 5106 ἀκίνητον,
1230 5037 1289 5089 οὐ
1348 5038 1597 5102 πλοῦτος,
1648 5041 1711 5092 οὐ
1772 5041 2080 5106 δυναστεία,

492 5119 555 5171 οὐ
591 5117 739 5183 δόξα,
790 5118 890 5171 οὐκ
920 5118 1058 5189 αὐτὴ
1110 5120 1143 5190 ἡ
1175 5119 1310 5191 ζωὴ,
1359 5121 1474 5175 ἀλλ’
1512 5120 1742 5175 ἕκαστον
1776 5123 1887 5194 ἔχει
1908 5126 2083 5191 τέλος,

492 5201 592 5255 καὶ
624 5202 760 5274 πρὸς
800 5202 861 5254 τδ
893 5204 1090 5256 οἰκεῖον
1127 5203 1404 5272 ἐπείγεται
1437 5204 1644 5274 πέρας,
1681 5206 1753 5259 τά
1790 5208 1847 5260 δὲ
1885 5211 1942 5261 ἐν
1970 5212 2083 5273 τοῖς

495 5284 747 5353 οὐρανοῖς
768 5286 830 5338 οὐ
861 5285 1108 5351 τοιαῦτα,
1135 5284 1275 5340 ἀλλά
1310 5286 1648 5359 ἀτελεύτητα
1672 5289 1768 5342 καὶ
1817 5289 2079 5355 ἀθάνατα,

492 5367 699 5422 εἴλοντο
727 5368 865 5433 ξένοι
893 5371 1002 5425 τῶν
1033 5371 1265 5441 ῥεόντων
1315 5372 1410 5425 καὶ
1442 5373 1900 5446 παρατρεχόντων
1929 5378 2083 5443 γενέ-

496 5450 641 5513 σθαι,
692 5452 756 5504 ἵν’
786 5454 1010 5507 ἐκείνων
1037 5454 1146 5508 τῶν
1182 5456 1451 5527 μενόντων
1502 5456 1890 5511 ἐπιλάϐωνται.
1929 5459 2081 5515 Ξένοι

493 5533 675 5587 τοίνυν
696 5531 936 5606 ἦσαν,ού
963 5537 1044 5607 τῷ
1069 5538 1144 5608 μὴ
1172 5538 1319 5609 ἔχειν
1343 5539 1600 5610 πατρίδα,
1630 5539 1768 5593 ἀλλὰ
1783 5540 1863 5611 τῷ
1888 5544 2081 5611 πατρία

490 5611 584 5679 δος
615 5617 861 5686 ἐφίεσθαι
885 5620 983 5689 τῆς
1016 5620 1106 5672 ἀεὶ
1140 5621 1427 5692 μενούσης.
1463 5623 1640 5694 Ὅπερ
1672 5619 1765 5678 οῦν
1790 5625 1886 5679 καὶ
1918 5627 2080 5692 αὐτὸς

557 5787 855 5864 ξορτωλιαὶ
876 5796 902 5842 ι
925 5796 1355 5864 προφήτης-ἐποίει
1391 5798 1540 5864 λέγων
1579 5796 1850 5864 Cojbgrlini
1876 5806 1932 5850 ει
1951 5800 2073 5864 Reg.

561 5849 589 5890 δ
611 5850 727 5899 ’Ὅτι
750 5853 865 5905 ξένοι
890 5849 975 5904 καῖ
1008 5849 1329 5919 παρεπίδημοί
1372 5849 1464 5906 εἰσί
1492 5876 1606 5920 φησι
1628 5849 1847 5911 ColberL
1872 5849 1927 5911 ἐι

1207 396 1272 451 S.
1309 392 1598 451 JOANNIS
1633 386 2128 449 CHRYSOS‘I'OII
2168 387 2489 447 ABCIHEP.
2533 393 3079 456 CONSTANTINOP.

3689 402 3805 459 €66

2201 504 2528 577 παραδηλῶν
2579 508 2789 579 ἐλεγεψ
2819 515 2888 566 οι
2911 512 2982 566 δὲ
3007 512 3194 568 ταῦτα
3240 513 3553 583 λέγοντες.
3578 515 3805 584 ἐμφαιο

2196 608 2416 647 νουσιν
2441 594 2531 648 ὅτι
2552 592 2809 663 πατρίδα
2844 595 3108 664 ζητοῦσι.
3139 599 3328 660 Ποίαν,
3352 599 3497 663 εἰπὲ,
3531 600 3802 670 πατρίδας

2194 671 2306 747 ἆρα
2335 678 2435 750 τὴν
2458 677 2752 751 προτέραν,
2781 679 2849 752 ήν
2881 681 3178 747 ἀπέλιπον;
3200 683 3360 753 Οὐχὶ,
3398 684 3555 754 φησί’
3580 686 3655 737 Εἰ
3684 685 3807 753 γὰρ

2193 760 2433 827 ἐκείνης
2458 761 2813 831 ἐμέμνηντο,
2850 758 3021 833 εἶχον
3048 763 3126 818 ἂν
3154 766 3367 833 καιρὸν
3404 765 3801 835 ἀνακάμψαι·

2193 846 2313 901 νῦν
2338 846 2409 901 δὲ
2429 848 2771 915 κρείττονος
2802 846 3131 918 ὀρέγονται,
3174 848 3511 913 τουτέστιν,
3534 849 3808 918 ἐπουραο

2193 931 2351 993 νίου,
2403 925 2480 1000 ἧς
2524 931 2803 999 τεχνίτης
2853 931 2953 985 καί
3001 931 3367 1004 δημιωρπύς
3402 936 3437 987 ὁ
3486 934 3655 999 Θεός.
3693 932 3808 986 Διὰ

2195 1013 2373 1067 τοῦτο
2399 1016 2513 1067 οὐκ
2532 1014 2969 1085 ἐπαισχύνεται
2996 1018 3030 1070 ό
3064 1016 3204 1083 Θεὸς
3235 1015 3558 1071 καλεῖσθαι
3589 1015 3807 1070 αὐτῶν

2194 1098 2359 1163 Θεός.

2183 1251 2187 1256 ν
2264 1228 2325 1276 ε’.
2353 1222 2741 1297 Μιμησὼμεθα
2764 1223 2830 1297 δὴ
2863 1224 2960 1279 καὶ
2986 1224 3148 1296 ἡμεῖς
3177 1226 3422 1290 τούτους,
3456 1220 3800 1294 παρακαλῶ·

2195 1305 2539 1378 ὑπερίδωμεν
2580 1308 2690 1362 τῶν
2718 1308 3027 1380 παρόντων,
3066 1306 3498 1380 ἐπιθυμήσωμεν
3520 1306 3633 1360 τῶν
3660 1305 3808 1376 μελ-

2192 1390 2413 1454 λόντων,
2431 1390 2687 1461 λάϐωμεν
2713 1390 2813 1464 τὴν
2837 1394 3071 1460 γυναῖκα
3096 1391 3300 1447 ταύτην
3323 1390 3674 1453 διδάσκαλον,
3697 1390 3807 1443 καὶ

2194 1473 2331 1543 πρὸς
2360 1475 2451 1530 τὸν
2495 1472 2631 1529 Θεὸν
2667 1476 2755 1529 ἀεὶ
2783 1475 3242 1546 καταφεύγωμεν,
3274 1476 3370 1529 καὶ
3416 1476 3547 1546 παρ’
3571 1473 3807 1528 ἐκείνω

2194 1560 2372 1615 πάντα
2406 1560 2668 1633 αἰτῶμεν.
2707 1560 2875 1615 Οὐδὲν
2910 1560 3019 1635 γάρ
3052 1559 3217 1633 εὐχῆς
3261 1562 3394 1615 ἴσον·
3426 1562 3519 1615 καὶ
3547 1561 3662 1631 γάρ
3726 1562 3805 1615 τά

2191 1644 2431 1699 ἀδύνατα
2460 1644 2601 1716 αῦτη
2642 1647 2786 1699 ποιεῖ
2833 1645 3053 1710 δυνατά,
3092 1647 3190 1701 καὶ
3212 1645 3279 1698 τά
3320 1644 3552 1699 δύσκολα
3598 1643 3802 1716 ῥᾴδια,

2192 1728 2286 1782 καὶ
2310 1728 2379 1782 τά
2413 1727 2649 1802 δυσχερῆ
2700 1728 2863 1782 εὐθέα
2889 1728 3201 1801 καθίστησι.
3244 1728 3462 1801 Ταύτην
3488 1729 3583 1781 καὶ
3612 1730 3643 1781 6
3685 1744 3805 1798 μαι

2191 1813 2381 1884 κάριος
2434 1814 2597 1868 Δαυῒδ
2647 1813 2952 1887 κατώρθουο
2990 1813 3072 1867 6:6
3108 1813 3203 1868 καὶ
3248 1812 3454 1881 ἔλεγεν⁹
3496 1810 3805 1879 Ἑπτάκις

2190 1896 2303 1966 τῆς
2332 1895 2559 1968 ἡμέρας
2589 1898 2794 1968 ᾔνησὰ
2818 1914 2893 1953 σε
2919 1898 3017 1952 ἐπί
3040 1900 3114 1952 τὰ
3152 1898 3404 1967 κρίματα
3428 1894 3538 1963 τῆς
3555 1895 3804 1949 δικαιο-

2190 1982 2390 2050 σύνης
2412 1995 2549 2037 σου.
2572 1983 2635 2036 Εἰ
2668 1983 2723 2037 δὲ
2755 1981 3004 2055 βασιλεὺς
3031 1980 3172 2053 ἀνὴρ
3204 1981 3424 2053 μυρίαις
3450 1978 3803 2049 βαπτιζόμε-

2189 2082 2280 2129 νος
2302 2067 2572 2137 φροντίσι,
2600 2066 2695 2119 καί
2733 2065 3070 2137 πανταχόθεν
3113 2063 3551 2136 περιελκόμενος,
3593 2079 3808 2116 τοσαυ-

2189 2148 2347 2213 τάκις
2375 2148 2474 2220 τῆς
2501 2149 2714 2220 ἡμέρας
2752 2148 3054 2220 παρεκάλει
3077 2148 3168 2202 τον
3207 2147 3362 2210 Θεὸν,
3398 2145 3518 2199 τινὰ
3549 2146 3617 2200 ἂν
3644 2145 3807 2217 ἔχοι-

2192 2250 2293 2305 μεν
2319 2234 2613 2304 ἀπολογίαν
2652 2234 2686 2306 ἢ
2716 2233 3046 2305 συγγνώμην
3078 2234 3259 2304 ἡμεῖς,
3293 2231 3559 2303 τοσαύτην
3584 2231 3806 2303 σχολὴν

2190 2318 2436 2388 ἄγοντες,
2486 2319 2581 2373 καὶ
2640 2317 2717 2391 μὴ
2767 2316 3009 2389 συνεχῶς
3055 2317 3219 2372 αὐτὸν
3284 2316 3639 2380 ἱκετεύοντες.
3692 2316 3804 2370 καὶ

2189 2401 2365 2457 ταῦτα
2393 2401 2645 2456 τοσοῦτον
2678 2401 2960 2474 μέλλοντες
2989 2399 3331 2472 καρποῦσθαι
3352 2399 3572 2473 κέρδος;
3610 2400 3802 2471 19d;-

2190 2501 2352 2557 χανον
2373 2486 2501 2557 γάρ,
2517 2485 2819 2557 ἀμήχανον,
2832 2483 3115 2555 ἄνθρωπον
3135 2484 3274 2555 μετὰ
3286 2485 3385 2556 τῆς
3398 2482 3676 2555 προσηκού
3686 2502 3802 2555 σης

2192 2566 2503 2639 προθυμίας
2541 2567 2853 2639 εὐχόμενον,
2896 2568 2989 2621 καὶ
3023 2566 3445 2639 παρακαλοῦντα
3499 2566 3592 2619 τὸν
3644 2566 3802 2620 Θεὸν

2191 2651 2451 2721 συνεχῶς,
2482 2652 2746 2723 ἀμαρτεῖν
2793 2667 2943 2705 ποτε.
2999 2651 3110 2705 Kal
3152 2649 3293 2715 πῶς,
3350 2649 3460 2718 ἐγὼ
3497 2650 3663 2717 λέγω.
3734 2652 3800 2702 Ὅ

2188 2734 2560 2807 διαθερμάνας
2594 2733 2759 2790 αὐτοῦ
2779 2735 2876 2806 τήν
2906 2734 3165 2800 διάνοιαν,
3189 2736 3285 2788 καὶ
3308 2736 3406 2807 τὴν
3438 2732 3616 2806 ψυχὴν
3650 2737 3801 2789 ἀνα-

2193 2826 2419 2896 στήσας,
2448 2825 2542 2879 xal
2571 2824 2710 2896 πρὸς
2728 2824 2821 2878 τὸν
2845 2825 3074 2896 οὐρανὸν
3096 2824 3292 2879 ἑαυτὸν
3334 2825 3673 2895 μετοικίσας,
3689 2826 3802 2879 καὶ

2189 2911 2333 2965 οὕτω
2383 2912 2475 2966 τὸν
2516 2913 2793 2984 Δεσπότην
2837 2913 2929 2968 τὸν
2973 2912 3167 2969 ἑαυτοῦ
3220 2913 3479 2978 καλέσας,
3531 2913 3628 2967 καὶ
3672 2916 3801 2970 τῶν

2191 3000 2604 3071 ἁμαρτημάτων
2631 3001 3020 3073 ἀναμνησθεὶς,
3051 3000 3146 3056 καὶ
3188 3001 3318 3072 περὶ
3365 3002 3464 3073 τῆς
3492 3005 3799 3075 συγχωρή-

2192 3107 2330 3154 σεως
2354 3089 2562 3145 τούτων
2582 3090 2731 3161 αὐτῷ
2753 3090 3074 3162 διαλεχθεὶς,
3088 3094 3184 3148 καὶ
3214 3092 3612 3164 παρακαλέσας
3622 3092 3797 3145 ἵλεων

2189 3174 2445 3244 γενέσθαι
2481 3172 2575 3228 καὶ
2606 3175 2836 3246 ἥμερον,
2868 3176 2978 3230 ἀπὸ
3009 3177 3108 3248 τῆς
3141 3179 3199 3231 ὲν
3224 3180 3338 3241 τοῖς
3359 3176 3540 3245 λόγοις
3568 3175 3796 3242 τούτοις

2189 3258 2474 3331 διατριϐῆς
2506 3259 2686 3313 πᾶσαν
2715 3259 3031 3314 ἀποτίθεται
3070 3260 3332 3333 βιωτικὴν
3375 3260 3654 3333 φροντίδα,
3687 3264 3798 3315 καὶ

2191 3346 2508 3415 πτεροῦται,
2550 3346 2645 3401 καὶ
2675 3346 2784 3401 τῶν
2822 3346 3180 3419 ἀνθρωπίνων
3222 3348 3412 3402 παθῶν
3450 3347 3795 3420 ὑψηλότερος

2191 3436 2420 3503 γίνεται*
2462 3434 2567 3489 κᾶν
2594 3434 2789 3506 ἐχθρὸν
2824 3434 2909 3509 ἴδῃ
2950 3436 3092 3506 μετά
3116 3435 3217 3508 τὴν
3247 3435 3436 3508 εὐχὴν,
3460 3436 3562 3490 οὐκ
3595 3435 3679 3489 ἔτι
3708 3437 3794 3500 ('0;

2190 3522 2384 3595 ἐχθρὸν
2413 3522 2626 3594 ὄψεται·
2674 3521 2777 3578 κᾶν
2804 3526 3043 3592 γυναῖκα
3071 3523 3371 3597 εὔμορφον,
3410 3526 3473 3578 ού
3502 3524 3794 3579 κατακλα-

2190 3610 2451 3681 σθήσεται
2487 3609 2625 3681 πρὸς
2649 3610 2749 3682 τὴν
2776 3610 2922 3681 ὄψιν,
2947 3610 3044 3666 τοῦ
3066 3612 3237 3684 πυρὸς
3266 3612 3361 3666 τοῦ
3392 3613 3534 3668 κατά
3563 3614 3668 3683 τὴν
3688 3615 3790 3665 εὐ-

2189 3698 2291 3770 χὴν
2323 3696 2474 3752 ἐνδον
2495 3696 2768 3767 μένοντος,
2802 3699 2897 3751 καὶ
2923 3698 3106 3753 πάντα
3150 3698 3351 3753 ἀτοπον
3387 3698 3651 3769 λογισμὸν
3700 3700 3791 3753 δι-

2186 3785 2522 3855 ωθουμένου.
2538 3785 2676 3838 Ἀλλ’
2697 3787 2821 3839 ἐπεὶ
2838 3784 3161 3856 ἀνθρώπους
3174 3785 3328 3859 [7571
3347 3787 3508 3850 ὄντας
3522 3788 3673 3853 εἰκὸς
3690 3790 3791 3841 καὶ

2189 3872 2272 3934 εἰς
2300 3869 2570 3941 ρᾳθυμίαν
2593 3870 2874 3939 ἐμπεσεῖν,
2893 3869 3116 3924 ἐπειδὰν
3137 3871 3383 3943 παρέλθῃ
3407 3872 3506 3941 μία
3535 3872 3636 3925 καὶ
3657 3873 3789 3927 δευο

2188 3958 2322 4032 τέρα
2335 3958 2455 4028 ῶρα
2472 3958 2567 4012 καὶ
2589 3958 2750 4029 τρίτη
2771 3956 2910 4028 μετά
2923 3956 3022 4030 τὴν
3044 3957 3233 4029 εὐχήν,
3256 3961 3352 4013 καί
3373 3959 3491 4031 ἴδῃς
3505 3958 3606 4030 τήν
3629 3977 3789 4026 γενο-

2191 4045 2360 4118 μένην
2376 4061 2460 4100 σοι
2475 4044 2788 4117 θερμότητα
2803 4044 2944 4100 κατά
2968 4046 3162 4116 μικρὸν
3174 4046 3433 4119 ὑπορρεῖν
3452 4046 3784 4116 μέλλουσαν,

2187 4133 2363 4205 δράμε
2379 4133 2591 4203 ταχέως
2614 4133 2778 4187 πάλιν
2799 4135 2890 4187 ἐπὶ
2910 4133 3012 4204 τήν
3033 4133 3220 4205 εὐχὴν,
3243 4136 3338 4186 καὶ
3367 4133 3786 4203 καταψυγεῦάν

2188 4238 2284 4275 σου
2310 4220 2409 4292 τὴν
2432 4220 2671 4275 διάνοιαν
2694 4220 2986 4291 θέρμανον.
3023 4222 3146 4276 Κᾶν
3168 4221 3325 4275 τοῦτο
3349 4224 3504 4293 ποιῇς
3537 4221 3628 4276 διά
3672 4224 3784 4277 πά-

2189 4325 2288 4381 σης
2315 4307 2412 4381 τῆς
2438 4308 2675 4379 ἡμέρας,
2690 4308 2757 4362 τὰ
2782 4309 2985 4380 μεταξύ
3007 4308 3371 4380 διαλείμματα
3392 4312 3457 4381 τῇ
3477 4312 3781 4380 πυκνότητι

2184 4392 2295 4446 τῶν
2360 4392 2534 4463 εὐχῶν
2581 4391 3004 4465 διαθερμαίνων,
3050 4395 3113 4447 οὐ
3162 4394 3355 4459 δώσεις
3411 4394 3488 4465 τῷ
3545 4395 3780 4467 διαϐόλῳ

2185 4474 2443 4546 ἀφορμὴν
2488 4477 2582 4530 καὶ
2616 4477 2820 4530 εἴσοδον
2849 4476 2991 4530 κατὰ
3029 4476 3138 4530 τῶν
3169 4477 3278 4531 σῶν
3309 4478 3611 4550 λογισμῶν.
3668 4482 3779 4535 Kal

2185 4562 2322 4635 ὅπερ
2359 4562 2865 4633 ἀριστοποιούμενοι
2918 4564 3015 4618 καὶ
3046 4564 3221 4617 πίνειν
3253 4566 3541 4636 μέλλοντες
3593 4569 3778 4622 ποιοῦ-

2189 4667 2311 4720 μεν,
2353 4650 2572 4704 ἐπειδὰν
2606 4651 2804 4721 ἴδωμεν
2834 4652 2895 4707 τδ
2939 4652 3245 4725 θερμανθὲν
3265 4655 3410 4727 ὔδωρ
3436 4658 3776 4727 καταψυγὲν,

2186 4738 2277 4791 ἐπὶ
2323 4739 2421 4809 τῆς
2469 4739 2708 4809 ἐσχάρας
2739 4739 2871 4793 αὐτὸ
2902 4739 3125 4809 τίθεμεν
3157 4742 3339 4805 πάλιν,
3387 4741 3530 4796 ὥστε
3565 4743 3778 4817 διαθερ-

2190 4826 2459 4897 μανθῆναι
2486 4827 2715 4897 ταχέως·
2766 4828 2925 4882 τοῦτο
2963 4830 3060 4883 καὶ
3099 4830 3338 4885 ἐνταῦθα
3367 4831 3637 4903 ποιῶμεν,
3682 4834 3777 4887 καὶ

2185 4913 2437 4984 καθάπερ
2466 4914 2552 4966 ἐπ’
2575 4913 2884 4985 ἀνθράκων,
2917 4916 3017 4987 τῆς
3047 4916 3233 4987 εὐχῆς,
3254 4917 3495 4983 τιθέντες
3530 4920 3690 4990 ήμῶν
3718 4920 3778 4973 τὸ

2187 5001 2381 5071 στόμα,
2404 5000 2546 5056 οὕτω
2579 5002 2741 5057 πάλιν
2770 5001 3101 5075 ἀνάπτωμεν
3134 5005 3290 5076 ἡμῶν
3304 5006 3403 5075 τὴν
3431 5007 3674 5061 διάνοιαν
3698 5010 3778 5072 εἰς

2183 5084 2492 5147 εὐλάϐειαν,
2547 5087 2641 5140 καὶ
2677 5085 2975 5157 μιμώμεθα
3014 5090 3138 5153 τοὺς
3170 5089 3503 5160 οἰκοδόμους.
3533 5092 3643 5145 Kal
3668 5092 3775 5163 γὰρ

2182 5171 2382 5226 ἐκεῖνοι
2415 5171 2667 5237 πλίνθους
2718 5173 3010 5243 μέλλοντες
3061 5176 3386 5246 οἰκοδομεῖν.
3423 5177 3514 5231 διὰ
3573 5179 3633 5231 τὸ
3676 5178 3774 5249 τῆς

2185 5259 2316 5331 ῦλης
2341 5259 2540 5332 σαθρὸν
2571 5259 2745 5326 ξύλοις
2782 5266 3014 5333 μακροῖς
3045 5264 3450 5333 ἀποσφίγγουσι
3485 5266 3587 5338 τήν
3623 5268 3771 5320 οἰκο·

2182 5348 2377 5420 δομὴν,
2405 5348 2500 5402 καὶ
2529 5349 2653 5403 οὐδὲ
2676 5348 2764 5405 διά
2818 5350 3015 5405 πολλοῦ
3069 5350 3229 5406 τοῦτο
3278 5352 3493 5406 ποιοῦσι
3520 5354 3615 5408 τοῦ
3658 5355 3773 5408 δια-

2186 5437 2484 5507 στήματος,
2545 5437 2682 5491 ἀλλά
2724 5437 2792 5491 δι’
2822 5438 3027 5507 ὀλίγου,
3071 5440 3162 5495 ῐνα
3201 5442 3266 5510 τῇ
3311 5442 3609 5512 πυκνότητι
3665 5442 3772 5497 τῶν

2184 5522 2357 5591 ξύλων
2374 5523 2579 5579 τούτων
2604 5525 3015 5597 ἀσφαλεστέραν
3046 5527 3143 5599 τὴν
3173 5527 3449 5600 συνθήκην
3476 5528 3588 5583 τῶν
3619 5530 3770 5583 πλίν-

2183 5606 2290 5661 θων
2325 5606 2685 5677 ἐργάσωνται.
2710 5608 2882 5664 Τοῦτο
2907 5612 3001 5666 καί
3030 5612 3094 5665 σὺ
3135 5613 3381 5683 ποίησον,
3405 5614 3619 5677 καὶτὰς
3643 5613 3771 5683 βιω-
