4064 6466
407 413 518 474 005

404 528 703 586 dominium
751 539 1017 590 minuens,
1049 522 1142 578 sed
1185 537 1338 576 suum
1385 535 1624 576 amorem
1655 520 1893 575 indicans
1927 535 1990 574 ac

408 626 614 680 fovens.
641 621 731 677 Sic
774 621 918 672 enim
957 627 1220 671 amatores
1265 615 1437 670 solent
1467 633 1481 668 :
1517 629 1620 668 non
1670 612 1843 668 ferunt
1889 627 1992 666 una

407 731 528 772 cum
561 713 742 768 multis
772 725 972 775 amare,
1018 708 1110 762 sed
1137 707 1388 762 eximium
1429 705 1708 775 quemdam
1737 719 1800 758 ac
1828 719 1994 772 pecu-

407 809 593 862 liarem
642 819 879 857 amorem
927 817 1036 871 pra:
1079 815 1137 855 se
1179 799 1321 854 ferre
1348 798 1550 854 volunt.
1599 795 1690 852 Sic
1730 804 1785 850 et
1828 795 1988 850 David

405 901 634 964 dicebat,
667 899 824 959 Deus,
855 895 990 949 Dens
1020 910 1178 957 meus,
1205 893 1273 944 ad
1297 903 1342 944 te
1365 908 1509 944 ntane
1527 889 1677 960 vigilo
1703 887 1868 959 (Psal.
1898 887 1986 940 62.

407 993 483 1062 1).
517 990 799 1045 Nominata
827 986 970 1042 enim
997 983 1263 1039 communi
1293 982 1409 1052 ejus
1428 981 1810 1042 dominatione,
1839 978 1988 1032 addi-

401 1085 479 1140 dit
505 1097 623 1136 eam
661 1095 765 1150 qua
812 1076 1150 1147 peculiariter
1175 1084 1480 1127 sanctorum
1512 1071 1764 1124 Dominus
1794 1078 1891 1124 est.
1924 1069 1989 1122 Et

403 1190 636 1236 rursum,
673 1171 804 1226 Deus
831 1186 991 1228 meus.
1038 1167 1237 1221 intende
1265 1167 1318 1220 in
1345 1181 1455 1228 me;
1484 1179 1641 1232 quare
1682 1161 1988 1232 dereliquisti

401 1285 484 1320 me
505 1265 676 1336 (Psal.
707 1263 798 1318 Ἡ.
839 1261 935 1334 I)?
965 1262 1031 1315 Et
1057 1275 1288 1322 rursum,
1319 1256 1498 1310 Dicam
1544 1254 1668 1316 Deo,
1724 1254 1988 1306 Prolector

400 1373 542 1410 meus
564 1373 616 1408 es
645 1352 816 1424 (I’sal.
842 1351 930 1407 90.
950 1350 1008 1420 2)
1035 1372 1046 1406 :
1071 1353 1260 1404 animm
1281 1349 1423 1402 enim
1453 1347 1702 1400 ferventis
1722 1359 1986 1398 accensa:-

399 1465 505 1519 que
551 1445 816 1501 desiderio
844 1451 966 1497 sunt
1011 1442 1125 1496 Ittee
1171 1441 1352 1494 verba.
1387 1438 1529 1493 Idem
1558 1447 1611 1491 et
1654 1436 1766 1490 hzrc
1797 1437 1986 1490 mulier

400 1538 524 1593 fecit
573 1534 836 1589 Caeterum
866 1533 1106 1586 homines
1138 1531 1205 1584 ita
1237 1531 1407 1583 facere
1440 1528 1568 1584 nihil
1598 1529 1822 1582 mirum:
1848 1524 1982 1580 'eum

400 1645 529 1683 vero
571 1629 736 1681 Deum
784 1626 884 1679 hoc
934 1626 1104 1693 ipsum
1155 1622 1326 1676 facere
1378 1621 1591 1683 videris,
1646 1631 1753 1672 tum
1795 1618 1984 1671 merito

399 1717 743 1786 olistupelias.
776 1713 1234 1784 Quemadmodum
1258 1714 1397 1765 enim
1422 1710 1473 1764 hi
1503 1726 1606 1764 non
1631 1715 1679 1762 in
1701 1725 1984 1765 eommune

397 1809 546 1863 illum
595 1807 865 1871 invocant,
910 1805 1180 1874 prOprium
1241 1802 1500 1865 iaciendo,
1533 1818 1687 1855 suum
1714 1817 1835 1854 eum
1863 1815 1983 1855 esse

398 1904 583 1957 volunt
618 1923 631 1958 :
665 1902 732 1954 ita
761 1910 815 1954 et
863 1901 972 1969 ipse
1016 1913 1118 1952 non
1147 1897 1320 1952 solum
1347 1896 1700 1950 communiter
1729 1911 1827 1947 una
1860 1909 1978 1949 cum

395 1994 518 2047 aliis
542 2007 726 2046 eorum
771 1990 931 2044 etiam
981 1989 1152 2042 Deum
1177 2003 1232 2041 se
1276 1986 1571 2054 profitetur,
1612 1985 1705 2038 sed
1736 1985 1981 2053 privatim

395 2086 652 2154 ipsorum.
683 2083 1015 2152 Quapropter
1043 2081 1272 2142 dicebat,
1300 2078 1410 2150 Ego
1435 2095 1544 2131 sum
1567 2077 1702 2131 Deus
1728 2077 1982 2132 Abraham

395 2189 445 2233 et
479 2177 628 2232 Isaac
649 2187 694 2230 et
723 2176 882 2230 Ιαεοὺ
915 2175 1105 2243 (Exod.
1129 2175 1181 2227 5.
1211 2171 1264 2244 6)
1299 2191 1311 2226 :
1345 2188 1449 2226 non
1481 2171 1800 2226 contrahens
1826 2187 1982 2227 suum

397 2270 706 2339 imperium,
739 2267 830 2321 sed
859 2267 1150 2320 extendens
1179 2265 1387 2334 potius;
1419 2279 1525 2318 non
1553 2265 1693 2316 enim
1717 2273 1821 2317 tam
1840 2265 1982 2317 mul-

394 2361 624 2416 titudine
669 2358 1024 2423 subditorum,
1063 2372 1218 2426 quam
1264 2371 1447 2410 eorum
1479 2357 1672 2409 virtute
1721 2363 1982 2409 monstrat

396 2454 678 2522 imperium
722 2469 916 2516 suum;
967 2466 1138 2521 neque
1179 2460 1376 2504 tantum
1427 2448 1563 2503 Deus
1605 2447 1741 2508 emli,
1785 2456 1978 2512 terrai,

394 2545 560 2602 maris
585 2554 639 2599 et
678 2560 863 2599 eorum
893 2560 1011 2612 quae
1054 2544 1103 2596 in
1153 2541 1231 2595 eis
1275 2549 1396 2593 sunt
1444 2537 1696 2607 appellari
1743 2536 1977 2607 gaudet,

394 2645 648 2705 quantum
679 2635 724 2688 si
747 2635 888 2688 Deus
915 2634 1181 2688 Abraham
1214 2644 1266 2685 et
1296 2631 1438 2684 Isaac
1470 2640 1522 2685 et
1549 2629 1712 2683 Jaeob
1740 2639 1974 2683 vocetur.

393 2727 464 2785 Et
492 2726 631 2796 quod
673 2726 724 2780 in
755 2724 1059 2780 hominibus
1098 2738 1202 2777 non
1246 2722 1503 2788 solemus,
1551 2720 1602 2774 in
1646 2721 1754 2774 Deo
1798 2720 1979 2775 videre

393 2818 544 2872 licet.
580 2817 816 2887 Exempli
847 2832 1006 2871 causa
1039 2837 1051 2871 :
1083 2815 1218 2885 apud
1250 2813 1492 2868 homines
1516 2829 1543 2866 a
1575 2813 1805 2867 dominis
1839 2813 1976 2866 servi

391 2909 810 2979 appellationem
836 2917 1072 2972 sumunt,
1122 2917 1176 2962 ct
1203 2907 1271 2959 ita
1302 2920 1489 2960 omnes
1537 2921 1600 2958 ex
1628 2919 1776 2958 more
1803 2904 1977 2972 loqui-

392 3016 516 3056 mur
549 3021 561 3055 :
596 2999 686 3053 Ille
717 2999 801 3054 vel
847 3000 932 3055 ille
975 3008 1286 3069 procurator
1315 3005 1407 3051 aut
1435 2996 1770 3063 dispensator
1801 2995 1974 3062 illius,

393 3091 479 3143 vel
511 3089 648 3144 illius
675 3089 826 3143 ducis
845 3099 898 3143 et
925 3088 1158 3158 prinfecti
1189 3101 1202 3136 :
1238 3102 1394 3140 nemo
1419 3095 1596 3139 autem
1621 3085 1696 3138 sic
1723 3085 1973 3154 loquitur,

395 3183 491 3237 Ille
522 3182 602 3235 vel
627 3183 716 3235 ille
733 3181 1021 3252 praefectus
1042 3183 1186 3238 illius
1206 3181 1561 3249 procuratoris
1589 3187 1677 3232 aut
1698 3178 1977 3246 dispensa-

394 3274 526 3327 toris
558 3294 570 3328 :
598 3273 690 3327 sed
721 3273 958 3326 minores
1001 3289 1030 3324 a
1060 3272 1351 3340 majoribus
1381 3285 1594 3338 semper
1629 3269 1974 3324 denominare

390 3365 787 3418 consuevimus.
821 3363 898 3416 De
938 3363 1045 3417 Deo
1072 3371 1249 3416 autem
1289 3371 1470 3415 contra
1519 3359 1574 3413 fit
1609 3381 1621 3414 :
1651 3374 1759 3412 non
1803 3358 1973 3411 solum

390 3456 539 3511 enim
570 3455 836 3510 Abraham
881 3456 973 3510 Dei
1004 3471 1143 3517 esse,
1191 3455 1285 3509 sed
1315 3455 1455 3507 Deus
1499 3453 1656 3506 etiam
1689 3449 1974 3504 Abrahami

390 3547 617 3612 dicitur,
650 3555 808 3617 atque
840 3549 906 3601 ita
947 3548 1200 3601 Dominus
1239 3562 1266 3599 a
1312 3559 1467 3600 servo
1512 3544 1829 3598 nominatur.
1866 3543 1976 3597 Iloe

390 3639 535 3694 idem
580 3638 738 3710 igitur
783 3649 839 3693 et
881 3640 1074 3694 Paulus
1120 3654 1238 3693 cum
1284 3637 1668 3699 admiraretur,
1717 3635 1971 3690 dicebat:

391 3733 730 3798 Quamobrem
768 3749 870 3786 non
920 3733 1162 3786 erubescit
1215 3730 1352 3785 Deus
1395 3731 1560 3785 vocari
1587 3729 1722 3782 Deus
1751 3730 1975 3798 ipsorum

391 3825 579 3897 (Hebr.
627 3827 712 3880 11.
760 3823 869 3896 16).
920 3825 1035 3879 Non
1081 3825 1365 3888 erubescit,
1415 3821 1601 3892 inquit,
1657 3821 1905 3874 Dominus
1944 3834 1974 3872 a

388 3917 564 3973 servis
590 3918 1002 3988 appellationem
1034 3932 1265 3970 sumere.
1311 3914 1485 3980 Quare
1534 3928 1638 3966 non
1669 3910 1976 3965 erubescit?

388 4008 478 4062 die
505 4008 787 4063 rationem.
819 4008 1076 4061 Nimirum
1105 4015 1162 4060 ut
1187 4015 1240 4059 et
1265 4019 1359 4058 nos
1387 4019 1509 4057 eum
1532 4003 1813 4057 imitemur.
1843 4001 1976 4068 Quia

390 4098 612 4165 hospites
636 4107 797 4161 erant,
833 4097 1019 4167 inquit,
1051 4107 1096 4150 et
1139 4098 1343 4149 advena:
1371 4094 1528 4166 (Ibid.
1563 4111 1608 4148 υ.
1662 4095 1773 4164 15).
1818 4092 1974 4163 Atqui

389 4189 474 4242 vel
504 4189 574 4242 ob
597 4191 699 4244 hoc
722 4190 891 4258 ipsum
917 4190 1236 4244 erubescere
1262 4188 1539 4256 Oportebat
1573 4206 1585 4240 :
1617 4187 1807 4255 hospes
1833 4185 1973 4240 enim

391 4281 513 4335 vilis
541 4291 595 4336 et
619 4283 1044 4336 contemnendus
1073 4297 1192 4336 esse
1224 4281 1448 4335 videtur.
1470 4282 1538 4334 At
1566 4280 1642 4334 illi
1673 4278 1837 4333 sancti
1868 4293 1970 4330 non

390 4386 460 4426 eo
484 4372 643 4426 modo
693 4371 932 4440 hospites
959 4383 1131 4437 erant,
1160 4387 1265 4442 quo
1314 4387 1411 4425 nos
1452 4380 1718 4442 putamus,
1748 4370 1840 4423 sed
1873 4369 1976 4422 alio

390 4461 623 4531 quodam
669 4463 886 4515 minime
916 4464 1136 4532 vulgari.
1169 4463 1274 4517 Nos
1317 4463 1553 4531 ImSpites
1581 4477 1673 4516 eos
1707 4461 1976 4529 appellare

392 4551 652 4616 solemus,
686 4554 773 4621 qui
803 4553 990 4606 relicta
1021 4568 1112 4606 sua
1144 4554 1308 4622 patria
1343 4551 1393 4605 in
1439 4552 1665 4606 alienam
1707 4551 1976 4620 regionem

393 4645 713 4712 perveniunt
737 4666 748 4699 ;
776 4645 847 4698 illi
873 4661 1000 4699 vero
1029 4661 1133 4700 non
1165 4647 1231 4698 ita
1258 4655 1411 4700 erant
1439 4645 1692 4714 hospites,
1721 4643 1814 4696 sed
1837 4642 1977 4714 quod

391 4733 577 4788 orbem
624 4735 934 4788 univcrsutn
978 4736 1338 4804 deSpiecrent,
1383 4745 1436 4790 et
1483 4750 1699 4804 parvam
1733 4740 1980 4803 putarent

391 4839 512 4878 esse
541 4833 759 4887 terram,
783 4825 848 4878 ad
864 4826 1132 4881 malestem
1155 4827 1295 4881 illam
1315 4827 1580 4884 civitatem
1601 4827 1975 4894 respiciebant,

391 4927 498 4968 non
527 4919 851 4985 arrogantia,
893 4918 988 4973 sed
1015 4919 1448 4988 magnanimitate
1474 4935 1488 4984 ;
1517 4934 1621 4973 non
1656 4918 1936 4973 insolentia
1959 4959 1974 4985 ,

391 5010 488 5060 sed
527 5020 746 5078 propter
772 5011 1046 5079 sapientia:
1071 5011 1326 5066 studium.
1357 5012 1642 5081 Postquam
1676 5012 1814 5066 enim
1847 5027 1978 5065 con-

395 5099 632 5169 templati
661 5110 786 5155 sunt
830 5111 1037 5157 terrena
1069 5104 1348 5171 universa,
1391 5113 1446 5158 et
1487 5105 1978 5159 animadverterunt

394 5188 538 5245 fluxa
564 5208 683 5247 esse
708 5202 763 5247 et
789 5195 1055 5259 mortalia,
1085 5211 1186 5250 nec
1211 5196 1497 5266 quidquam
1531 5196 1615 5251 hic
1643 5198 1848 5251 firmum
1889 5205 1981 5251 aut

393 5284 606 5349 stabile,
652 5300 757 5338 non
801 5286 1042 5353 divitias,
1074 5303 1178 5342 non
1221 5289 1548 5357 potentiam,
1579 5305 1683 5343 non
1713 5290 1975 5358 gloriam,

397 5391 503 5427 non
535 5375 694 5428 vitam
742 5377 929 5444 ipsam,
956 5379 1048 5432 sed
1092 5379 1296 5448 singula
1347 5381 1503 5432 finem
1556 5381 1772 5442 habere,
1817 5391 1869 5433 et
1911 5381 1976 5435 ad

394 5481 550 5519 suum
592 5467 840 5536 quodque
881 5484 1165 5536 properare
1211 5471 1493 5524 terminum
1532 5473 1804 5527 :cmlestia
1852 5488 1979 5526 vero

394 5571 504 5613 non
525 5559 668 5625 talia,
689 5559 781 5614 sed
807 5559 1006 5614 inﬁnita
1031 5563 1469 5632 immortaliaque,
1487 5565 1789 5619 maluerunt
1809 5565 1979 5632 hospi-

391 5655 482 5706 tes
506 5662 626 5703 esse
669 5649 722 5702 in
752 5651 915 5705 rebus
943 5651 1096 5706 ﬂuxis
1127 5661 1181 5706 et
1220 5653 1740 5721 prteterlabentibus,
1772 5665 1828 5709 ut
1858 5672 1978 5725 per-

397 5747 676 5795 manentes
701 5741 820 5796 illas
850 5744 1060 5813 assequi
1083 5753 1319 5813 possent.
1350 5743 1598 5813 HOSpites
1626 5747 1783 5815 igitur
1803 5756 1976 5812 erant,

309 5875 322 5883 .
396 5843 507 5902 non
543 5829 684 5902 quod
711 5831 932 5915 patriam
962 5849 1064 5890 non
1095 5834 1374 5903 haberent,
1405 5833 1498 5891 sed
1525 5835 1666 5906 quod
1691 5839 1974 5909 sempiter-

1690 407 1778 462 DE
1815 404 2000 462 ANNA
2028 405 2256 465 SERMO
2295 409 2378 466 IV.

3582 431 3685 488 666

2101 539 2227 619 nam
2245 525 2398 619 illam,
2415 530 2637 598 patriam
2659 531 3046 592 desiderarent.
3075 537 3228 607 Quod
3249 542 3464 613 quidem
3487 557 3540 602 et
3569 553 3683 619 ipse

2097 615 2442 709 significando
2483 621 2691 678 dicebat
2723 642 2736 680 ε
2773 625 2874 692 Qui
2908 638 3072 683 autem
3113 631 3238 686 (alia
3264 635 3555 704 loquuntur,
3587 615 3678 709 pa-

2100 705 2248 758 triam
2274 724 2327 760 se
2349 713 2600 780 requirere
2623 717 2886 770 ostendunt
2920 717 3100 788 (Hebr.
3136 723 3223 777 11.
3273 726 3483 798 H-IG).
3511 705 3676 795 Quam

2101 799 2344 865 patriam,
2371 801 2640 858 obsecro?
2669 822 2792 861 num
2833 810 3060 876 priorem
3089 813 3230 869 illam
3261 833 3418 887 quam
3453 821 3684 892 relique-

2101 901 2221 992 runt
2243 893 2266 943 ?
2291 893 2523 961 Minime,
2553 898 2721 968 inquit
2751 921 2763 956 :
2797 902 2858 956 Si
2901 906 3031 957 enim
3076 907 3213 962 illius
3247 913 3673 979 recordabantur,

2098 987 2348 1051 integrant
2374 987 2443 1039 eis
2469 999 2574 1040 erat
2603 991 2691 1042 illo
2716 993 2878 1046 redire
2905 1009 2927 1048 .'
2953 1011 3085 1049 nunc
3113 1008 3278 1053 autem
3305 1003 3556 1056 meliorem
3585 1006 3676 1058 de-

2094 1071 2337 1138 siderant,
2366 1075 2460 1128 hoc
2484 1088 2554 1130 est
2578 1080 2836 1146 rwlestem,
2864 1087 3008 1156 Cujus
3031 1089 3203 1158 opifex
3231 1100 3277 1144 et
3306 1104 3500 1145 creator
3536 1091 3677 1148 Deus

2095 1175 2186 1218 est.
2219 1165 2340 1219 Ideo
2365 1185 2463 1221 non
2484 1172 2721 1226 erubescit
2742 1172 2880 1229 Deus
2900 1180 3066 1233 vocari
3098 1179 3237 1235 Deus
3263 1183 3487 1252 ipsorum
3511 1183 3672 1255 (Ibid.

2095 1271 2142 1310 υ.
2177 1257 2287 1326 10).

2166 1350 2220 1405 5.
2251 1351 2462 1407 Assidue
2487 1356 2684 1424 precari
2721 1357 2970 1426 debemus,
2997 1370 3043 1414 et
3080 1345 3329 1420 oraiiones
3354 1368 3551 1422 crebras
3581 1387 3670 1422 ne-

2091 1443 2238 1512 gofiis
2287 1444 2599 1516 interponere
2620 1465 2640 1502 :
2664 1451 2759 1504 hoc
2798 1454 3126 1519 conﬁrmatur
3166 1460 3404 1528 exemptis
3446 1470 3490 1512 et
3539 1478 3678 1514 cont-

2095 1537 2439 1604 parationibus
2483 1556 2596 1592 cum
2637 1557 2699 1596 ex
2725 1544 2940 1610 prandio
2983 1555 3086 1599 tum
3115 1564 3142 1599 e
3169 1547 3427 1614 fabrorum
3456 1553 3673 1618 artificio

2094 1626 2363 1690 deductis;
2424 1629 2636 1696 affectus
2685 1635 2942 1704 pra'ciptm
3001 1654 3120 1704 pars
3169 1640 3424 1696 orationis.
3455 1669 3527 1682 —-
3567 1641 3674 1697 llos

2093 1719 2252 1788 igitur
2309 1737 2405 1775 nos
2475 1738 2685 1794 quoque
2759 1726 3062 1794 imitemur;
3114 1730 3470 1800 despiciamus
3533 1749 3672 1802 prae-

2093 1813 2285 1877 sentia,
2332 1817 2771 1883 concupiscamus
2810 1818 2985 1873 futura
3017 1841 3029 1876 :
3062 1831 3271 1876 utamur
3317 1823 3418 1878 hac
3454 1825 3674 1884 muliere

2093 1903 2361 1972 magistra,
2395 1916 2446 1958 et
2476 1905 2541 1960 ad
2575 1906 2740 1962 Deum
2782 1923 2993 1977 semper
3029 1910 3416 1980 confugiamus,
3465 1915 3532 1968 ab
3559 1915 3672 1968 illo-

2091 2011 2194 2062 que
2216 1996 2391 2049 omnia
2417 1998 2784 2067 dcposcamus.
2809 2001 2944 2055 Nihil
2968 2004 3109 2057 enim
3131 2007 3421 2073 precationi
3445 2007 3669 2074 mqnale:

2093 2103 2153 2142 ea
2185 2091 2381 2158 quippe
2412 2101 2496 2146 est
2522 2107 2642 2160 quae
2687 2110 2753 2149 ex
2784 2095 3196 2163 impossibilihus
3230 2099 3497 2166 possibilia
3527 2099 3672 2164 facit,

2098 2196 2163 2235 ex
2189 2180 2494 2237 difficilibus
2522 2185 2714 2249 facilia,
2744 2196 2795 2238 et
2818 2203 2882 2239 ex
2915 2188 3165 2242 ttzrluosis
3193 2197 3356 2242 recta.
3383 2189 3527 2243 Ilane
3549 2191 3674 2243 hea-

2096 2281 2178 2326 Ius
2207 2288 2418 2342 quoque
2460 2274 2625 2330 David
2657 2277 2942 2333 adhibebat
2972 2296 2990 2343 ;
3023 2280 3244 2348 ideoque
3272 2281 3480 2336 dicebat
3520 2300 3534 2335 :
3576 2283 3674 2335 Se-

2093 2365 2216 2434 pties
2240 2367 2290 2418 in
2312 2367 2395 2419 die
2417 2367 2620 2422 laudari
2641 2378 2687 2421 te
2707 2379 2910 2439 propter
2918 2371 3118 2438 judicia
3131 2372 3345 2440 justitia:
3369 2381 3469 2426 tute
3501 2376 3516 2437 (
3527 2371 3671 2426 Psal.

2095 2456 2213 2510 IIS.
2260 2457 2404 2527 164).
2447 2459 2597 2526 Quod
2625 2462 2668 2514 si
2701 2475 2816 2525 rex,
2861 2461 3080 2515 infinitis
3105 2464 3247 2516 curis
3288 2463 3587 2530 immersus,
3619 2475 3673 2519 et

2091 2549 2144 2604 in
2175 2558 2281 2604 tam
2303 2553 2443 2604 varia
2458 2553 2760 2616 distraetus,
2781 2553 2936 2607 toties
2963 2553 3012 2605 in
3034 2554 3123 2608 die
3137 2555 3448 2622 precabatur
3471 2556 3666 2610 Deum:

2092 2656 2251 2710 quam
2278 2641 2643 2698 defensionem
2671 2654 2764 2698 aut
2790 2645 2996 2698 veniam
3022 2645 3218 2700 habere
3243 2647 3532 2714 poterimus
3550 2662 3666 2711 nos,

2090 2733 2178 2802 qui
2231 2732 2280 2786 in
2312 2741 2458 2787 tanto
2497 2735 2608 2788 otio
2644 2734 2906 2805 degimus,
2935 2750 3034 2790 nec
3064 2745 3235 2791 tamen
3269 2737 3416 2791 illum
3459 2738 3670 2792 assidue

2088 2839 2325 2889 oramus,
2358 2825 2515 2894 idque
2539 2841 2663 2879 cum
2692 2826 2816 2880 inde
2847 2836 3023 2881 tantus
3054 2827 3255 2881 fruetus
3277 2828 3342 2881 sit
3371 2828 3522 2882 nobis
3546 2843 3670 2897 pro-

2091 2916 2387 2969 venturus?
2413 2916 2742 2984 lmpossihile
2762 2917 2924 2983 enim,
2954 2916 3280 2985 impossibile
3305 2927 3406 2982 est,
3432 2917 3665 2987 inquam,

2091 3005 2361 3061 hominem
2390 3023 2490 3078 qua
2519 3008 2671 3062 decet
2697 3009 2970 3062 alacritate
3003 3017 3328 3078 precantem,
3361 3018 3416 3063 et
3454 3008 3668 3062 assidue

2091 3099 2257 3152 Deum
2301 3108 2565 3164 orantem,
2600 3115 2846 3169 umquam
2897 3101 2945 3152 in
2994 3107 3266 3169 peccatum
3317 3099 3568 3153 incidere.
3612 3097 3666 3151 Id

2087 3206 2188 3258 qua
2218 3190 2422 3244 ratione
2448 3190 2554 3251 ﬁat,
2580 3190 2691 3259 jam
2711 3191 2948 3245 dicturus
2975 3207 3113 3246 sum.
3137 3192 3234 3256 Qui
3261 3201 3494 3245 mentem
3515 3205 3664 3242 suam

2086 3281 2348 3347 accendit,
2371 3291 2428 3336 et
2451 3284 2684 3336 animam
2707 3284 2878 3338 erexit
2901 3293 3059 3352 atque
3082 3283 3148 3337 ad
3177 3282 3408 3336 eatlestia
3435 3291 3666 3336 transtu-

2089 3374 2166 3437 lit,
2201 3383 2254 3428 et
2295 3375 2363 3428 ita
2394 3375 2680 3429 Dominum
2721 3390 2877 3429 suum
2915 3375 3198 3439 invocavit,
3233 3375 3569 3444 peccatisque
3609 3373 3663 3428 in

2086 3471 2400 3522 memoriam
2425 3468 2676 3533 reductis,
2722 3467 2790 3523 de
2831 3484 3018 3522 eorum
3060 3468 3372 3522 remissioite
3413 3481 3533 3520 cum
3574 3466 3664 3518 illo

2087 3560 2422 3628 colloquatus
2446 3568 2548 3621 est,
2588 3561 2876 3615 obsecrans
2921 3571 2976 3614 ut
3024 3560 3261 3628 placatus
3303 3574 3366 3612 ac
3404 3557 3664 3628 propitius

2086 3653 2184 3706 sibi
2209 3667 2328 3707 esse
2353 3652 2618 3723 dignetur,
2645 3653 2689 3706 is
2711 3661 2830 3723 post
2859 3653 2990 3706 tales
3005 3653 3273 3706 orationes
3295 3666 3508 3706 omnem
3530 3665 3665 3718 pra:-

2089 3745 2254 3798 sentis
2285 3745 2405 3798 VIltD
2431 3760 2612 3799 curam
2641 3746 2841 3811 abjicit,
2868 3761 2962 3814 spe
3002 3744 3239 3813 erigitur,
3265 3758 3327 3796 ae
3357 3757 3515 3810 supra
3539 3757 3660 3795 om-

2088 3852 2182 3890 nes
2221 3835 2478 3890 Iunnanas
2503 3837 2809 3893 ali'eetiones
2836 3837 3105 3892 extollitur
3128 3853 3142 3901 ;
3169 3845 3221 3890 et
3251 3835 3362 3889 sive
3394 3833 3662 3888 inimicum

2087 3940 2208 3999 post
2239 3932 2596 3998 precationem
2642 3930 2851 3993 viderit,
2892 3930 2999 3997 jam
3041 3945 3146 3983 non
3177 3940 3442 3996 tamquam
3490 3927 3665 3981 inimi-

2087 4036 2205 4074 cum
2235 4021 2456 4089 aspiciet
2488 4043 2500 4077 :
2533 4022 2644 4075 sive
2671 4021 2946 4075 mulierem
2972 4020 3278 4085 formosam,
3307 4020 3424 4088 ejus
3447 4031 3665 4088 aspectu

2087 4127 2195 4166 non
2227 4111 2514 4182 frangetur,
2543 4113 2766 4164 durante
2809 4110 2982 4163 adhuc
3027 4111 3144 4180 igne
3184 4126 3280 4180 per
3307 4110 3664 4180 precationem

2088 4206 2231 4261 intus
2260 4220 2488 4259 accenso
2523 4213 2574 4258 et
2596 4219 2812 4259 omnem
2841 4202 3127 4257 absurdam
3166 4203 3539 4273 cogitationem
3567 4201 3664 4256 de-

2087 4301 2339 4370 pellente.
2373 4300 2477 4355 Sed
2505 4301 2752 4370 quoniam
2782 4300 3025 4357 homines
3051 4315 3175 4356 eum
3204 4300 3388 4359 simus,
3423 4296 3574 4351 facile
3599 4295 3665 4349 ad

2089 4393 2364 4462 segnitiem
2397 4392 2701 4456 relahimur,
2751 4400 2934 4446 exacta
2985 4407 3085 4443 una
3118 4390 3349 4444 alterave
3377 4396 3466 4440 aut
3511 4387 3664 4440 tertia

2090 4495 2210 4554 pust
2238 4485 2598 4552 precationem
2635 4483 2783 4546 hora,
2818 4483 2903 4536 ubi
2934 4481 3164 4534 senseris
3195 4479 3472 4546 pristinum
3523 4477 3666 4530 ἱΙΙιιιιι

2090 4575 2354 4630 fervorem
2401 4574 2650 4642 paulatim
2680 4574 2984 4642 frigescere,
3021 4587 3232 4624 recurre
3257 4568 3571 4639 quantocius
3600 4567 3665 4621 ad

2089 4685 2296 4736 pri-crs,
2332 4667 2808 4736 frigescenlemque
2846 4673 3076 4717 mentem
3112 4676 3295 4715 rursus
3328 4658 3579 4713 arcendo.
3613 4657 3666 4711 Id

2087 4764 2132 4817 si
2168 4777 2260 4830 per
2289 4769 2449 4813 totam
2485 4759 2623 4812 diem
2653 4758 2864 4815 feceris.
2892 4771 2988 4825 per
3013 4753 3282 4812 intervalla
3315 4752 3517 4807 crebris
3545 4766 3664 4820 pre-

2088 4855 2385 4911 cationibus
2415 4863 2464 4906 te
2487 4852 2659 4921 ipsum
2687 4849 3003 4912 accendens,
3029 4863 3133 4902 non
3161 4847 3310 4901 dabis
3333 4846 3666 4901 occasionem

2087 4946 2300 5001 diabolo
2341 4953 2435 4998 aut
2478 4943 2641 4996 ullum
2673 4941 2738 4995 ad
2791 4948 2908 4995 tuas
2951 4940 3302 5009 cogitationes
3349 4938 3569 4992 aditum.
3602 4935 3671 4989 Et

2087 5034 2534 5106 quemadmodum
2561 5034 2611 5086 in
2634 5031 2942 5102 apparando
2964 5029 3209 5100 prandio,
3231 5044 3352 5084 eum
3379 5036 3505 5098 potu
3527 5042 3661 5095 opus

2085 5137 2191 5195 est,
2217 5130 2262 5184 si
2288 5143 2422 5198 aqua
2454 5125 2625 5181 calida
2674 5125 2944 5194 frigescat,
2977 5121 3042 5177 ad
3072 5120 3246 5176 focum
3271 5118 3541 5174 admotam
3581 5131 3666 5170 ea~

2089 5223 2364 5279 lefae'tmus
2388 5222 2467 5290 (α)
2490 5241 2502 5276 :
2523 5221 2594 5276 ita
2613 5229 2668 5274 et
2699 5219 2783 5272 hic
2811 5214 3105 5271 faciendum
3129 5222 3231 5278 est,
3267 5221 3402 5266 etes
3429 5219 3668 5264 nostrum

2087 5315 2151 5370 ad
2185 5314 2520 5384 precationes
2548 5310 2697 5379 quasi
2727 5309 2791 5362 ad
2817 5321 3010 5376 prunas
3041 5302 3452 5366 admovendum,
3481 5309 3538 5354 ut
3567 5298 3668 5353 hoe

2089 5415 2244 5476 pacto
2275 5420 2427 5459 mens
2467 5402 2532 5456 ad
2567 5401 2815 5470 pietatem
2848 5409 3055 5450 rursum
3104 5391 3438 5448 accendatur.
3491 5389 3668 5444 Imite-

2089 5515 2207 5552 mur
2253 5497 2412 5551 etiam
2461 5492 2639 5546 fabros
2685 5486 3054 5543 carmentarios
3103 5501 3116 5537 :
3169 5482 3220 5536 hi
3269 5481 3410 5537 enim
3460 5477 3669 5547 quoties

2088 5587 2351 5643 lateritius
2399 5583 2572 5653 paries
2613 5577 3024 5634 exzedifieandus
3067 5583 3172 5640 est,
3214 5573 3285 5627 ob
3332 5569 3670 5639 fragilitatem

2150 5721 2222 5783 (α)
2255 5727 2323 5767 De
2366 5723 2480 5783 potu
2521 5725 2663 5783 aqua;
2689 5708 2859 5783 calidae
2894 5710 2944 5758 in
2974 5707 3187 5783 sabbato
3218 5697 3675 5783 metttiiinftn__fatf:it

2085 5763 2320 5836 Jusii'nu—s'
2344 5763 2464 5827 Dial.
2498 5763 2608 5825 cuin
2643 5770 2894 5836 't‘ryphtme
2921 5785 2967 5834 p.
2992 5771 3116 5830 246;
3143 5769 3220 5818 hic
3240 5774 3402 5816 autem
3423 5763 3488 5812 de
3505 5763 3672 5826 quoti-

2088 5847 2228 5897 diano
2247 5855 2334 5891 usu
2360 5841 2532 5902 agitur.
