4064 6444
449 406 556 464 667

447 516 690 574 materiae
731 531 856 572 eum
886 511 1057 584 longis
1091 511 1247 582 lignis
1277 511 1564 580 stringunt,
1601 507 1760 578 idque
1789 521 1893 560 non
1940 519 2037 573 per

446 609 605 678 longa
633 605 933 668 interstitia,
965 601 1056 657 sed
1085 617 1182 672 per
1224 597 1452 665 modica,
1484 607 1540 652 ut
1579 610 1862 666 compages
1901 595 2034 648 late-

448 715 572 754 rum
617 696 781 753 tutior
809 696 880 750 sit
918 693 990 749 ob
1027 694 1291 764 lignorum
1338 689 1714 760 frequentiam.
1745 686 1886 740 Idem
1919 687 2033 754 ipse

445 804 659 861 quoque
689 787 868 852 facito,
899 793 954 840 et
981 785 1118 840 sicut
1140 784 1213 838 illi
1239 781 1580 852 ligaminibus
1606 778 1798 849 ligneis
1827 777 1926 850 (a),
1961 777 2030 830 ita

445 895 501 938 tu
531 880 877 936 saecularibus
917 877 1146 948 negotiis
1173 875 1509 947 precationes
1533 873 1752 928 crebras
1789 870 2032 940 interpo-

446 987 601 1039 nens,
628 973 792 1026 vitant
825 980 971 1026 tuam
995 969 1096 1024 hoc
1125 977 1284 1038 pacto
1311 966 1540 1020 munias.
1565 962 1718 1031 Quod
1749 962 1792 1016 si
1814 960 2028 1024 feceris,

442 1065 653 1122 etiamsi
680 1065 924 1136 plurima:
958 1061 1206 1132 procellae
1233 1060 1503 1129 ingruant,
1531 1057 1646 1112 sive
1674 1054 1990 1110 tentationes
2009 1093 2025 1118 ,

451 1163 566 1216 sive
587 1159 877 1221 maestitiae,
905 1157 1020 1212 sive
1040 1153 1388 1225 cogitationes
1407 1150 1672 1215 molestae,
1693 1149 1806 1205 sive
1823 1145 2032 1216 quidvis

444 1251 612 1316 aliud,
643 1249 773 1306 nihil
801 1248 1035 1318 dejicere
1080 1247 1274 1317 poterit
1299 1243 1514 1299 domum
1544 1250 1650 1296 tam
1677 1238 1878 1294 crebris
1907 1251 2030 1306 pre-

446 1345 754 1400 cationibus
797 1342 1014 1411 ligatam
1044 1349 1202 1407 atque
1237 1335 1516 1390 munitam.
1565 1332 1739 1396 Dices,
1769 1329 1869 1396 Qui
1914 1327 2030 1383 ﬁeri

442 1444 619 1507 potest
648 1443 708 1488 ut
735 1433 897 1488 homo
921 1429 1214 1494 saecularis,
1243 1426 1542 1481 forensibus
1563 1422 1789 1494 negotiis
1813 1417 2025 1485 afﬁxus,

442 1527 614 1582 tribus
643 1525 791 1580 horis
815 1524 922 1579 diei
970 1529 1240 1592 precetur,
1280 1527 1338 1574 et
1379 1517 1446 1572 ad
1489 1515 1770 1572 ecclesiam
1813 1513 2030 1569 currat?

449 1619 652 1684 Potest,
683 1626 738 1672 et
766 1616 921 1670 facile
947 1623 1032 1670 est
1061 1631 1077 1680 ;
1105 1614 1227 1668 licet
1246 1614 1390 1667 enim
1412 1611 1478 1665 ad
1499 1609 1783 1665 ecclesiam
1811 1622 2030 1662 currere

445 1725 554 1764 non
585 1709 652 1764 sit
693 1707 1060 1772 commodum,
1110 1713 1282 1774 potest
1330 1702 1455 1757 inihi
1505 1702 1556 1756 in
1604 1699 1720 1754 foro
1762 1699 2030 1767 curiaequc

443 1801 711 1857 vestibqu
759 1799 968 1854 haerens
999 1795 1344 1852 nihilominus
1372 1795 1576 1862 precari
1608 1812 1619 1848 :
1648 1790 1714 1845 ad
1759 1789 1861 1845 hoc
1886 1789 2026 1844 enim

441 1902 622 1950 mente
651 1893 818 1964 magis
845 1905 980 1962 opus
1006 1899 1088 1946 est
1114 1904 1272 1960 quam
1304 1901 1454 1951 voce,
1477 1883 1640 1940 aniiui
1684 1881 2028 1938 contentione

441 1986 610 2057 magis
652 2000 810 2056 quam
857 1996 1110 2038 manuum
1155 1979 1514 2036 extensione:
1561 1990 1662 2031 nec
1713 1984 1820 2029 tam
1866 1973 2029 2028 refert

442 2093 550 2147 quo
575 2075 815 2146 corporis
840 2073 1023 2129 habitu
1054 2071 1107 2128 id
1135 2069 1330 2144 facias,
1346 2083 1506 2139 quam
1547 2081 1654 2138 quo
1677 2065 1870 2120 anima:
1894 2063 2027 2118 affe-

439 2179 530 2224 ctu
564 2185 579 2220 :
609 2165 1038 2236 quandoquidem
1079 2171 1134 2219 et
1177 2162 1290 2232 ipsa
1336 2163 1488 2216 Anna
1519 2174 1625 2214 non
1655 2157 1726 2212 ob
1761 2157 2025 2211 intensam

441 2261 902 2322 vociferationem,
947 2257 1042 2314 sed
1087 2257 1158 2312 ob
1202 2256 1472 2310 internum
1519 2251 1696 2308 cordis
1738 2249 2025 2304 clamorem

440 2351 685 2407 exaudita
715 2359 815 2406 cst.
851 2349 988 2404 Dicit
1013 2347 1156 2404 enim
1186 2345 1479 2414 Scriptura,
1532 2341 1643 2397 Vox
1665 2342 1774 2412 ejus
1807 2356 1906 2394 non
1933 2355 2026 2393 au-

440 2442 689 2504 diebatur,
731 2450 779 2495 et
808 2438 1062 2494 Dominus
1099 2435 1354 2492 exaudivit
1404 2450 1517 2488 eam
1562 2433 1640 2502 (l.
1683 2429 1811 2502 Reg.
1847 2431 1898 2485 l.
1933 2429 2022 2484 l5.

439 2533 566 2603 l9).
619 2532 730 2586 lloc
757 2538 812 2587 et
860 2529 952 2584 alii
1001 2527 1154 2584 multi
1200 2541 1346 2596 saepe
1390 2526 1648 2587 fecerunt,
1676 2531 1732 2576 et
1758 2521 2024 2576 clamante

437 2626 581 2679 intus
611 2623 944 2694 magistratu,
990 2621 1248 2684 minante,
1279 2624 1617 2686 exasperato,
1649 2613 1875 2679 furente,
1922 2610 2020 2680 ipsi

435 2731 534 2787 pro
564 2715 764 2770 foribus
807 2714 970 2770 curia:
1011 2719 1236 2774 stantes,
1269 2715 1551 2779 postquam
1579 2721 1639 2762 se
1681 2718 1836 2760 sacro
1862 2703 2018 2773 signo

442 2809 761 2870 munissent,
792 2813 848 2860 et
875 2817 1041 2873 pauca
1081 2801 1133 2856 in
1163 2801 1342 2854 animo
1369 2797 1590 2868 precati,
1620 2796 1928 2865 introgressi
1953 2793 2020 2848 ad

436 2914 559 2953 cum
592 2905 927 2952 mutaverunt
955 2894 1250 2958 hominem,
1281 2907 1344 2946 ac
1367 2890 1760 2960 mitigaverunt,
1786 2897 1840 2942 et
1874 2900 2022 2940 man-

436 3000 648 3046 suetum
675 3005 739 3044 ex
770 3003 961 3058 aspero
989 2984 1336 3041 reddiderunt
1365 2999 1379 3036 :
1406 2997 1580 3052 neque
1605 2981 1708 3036 illis
1733 2989 1824 3033 aut
1849 2979 2017 3046 locus,

436 3089 527 3135 aut
553 3089 783 3150 tempus,
810 3087 901 3133 aut
923 3077 1193 3133 silentium
1223 3073 1290 3130 ad
1325 3070 1644 3144 precandum
1672 3069 1764 3124 fuit
1795 3068 2018 3138 impedi-

437 3183 640 3229 mento.

506 3266 558 3318 6.
592 3265 704 3319 lloc
731 3264 890 3318 etiam
923 3272 977 3317 tu
1025 3261 1185 3316 facito
1215 3283 1227 3317 :
1258 3258 1544 3331 ingemisce
1584 3272 1786 3322 amare,
1817 3255 1870 3310 in
1900 3269 2016 3311 me-

434 3356 656 3412 moriam
709 3370 900 3410 revoca
949 3364 1034 3409 tua
1066 3361 1301 3424 peccata,
1347 3351 1559 3421 suspice
1607 3350 1660 3404 in
1689 3348 1903 3416 caelum,
1932 3346 2020 3403 dic

433 3447 490 3502 in
516 3455 716 3510 mente,
749 3445 993 3500 Miserere
1024 3445 1141 3509 mei,
1180 3443 1338 3507 Deus,
1369 3451 1424 3498 et
1451 3442 1723 3497 absolvisti
1753 3439 2016 3510 precatio-

432 3551 577 3592 nem.
605 3537 706 3604 Qui
731 3536 874 3591 enim
895 3535 1046 3602 dicit,
1075 3534 1336 3598 Miserere,
1362 3533 1748 3588 confessionem
1770 3531 1943 3596 offert,
1965 3540 2020 3585 et

436 3637 713 3697 peccatum
741 3643 895 3682 suum
926 3627 1164 3696 agnoscit
1198 3647 1211 3680 :
1244 3625 1510 3695 lapsorum
1535 3623 1677 3680 enim
1705 3631 1789 3678 est
1810 3622 2020 3676 miseri-

431 3717 668 3774 cordiam
699 3719 991 3788 requirere.
1022 3717 1123 3785 Qui
1149 3717 1298 3780 dicit,
1335 3716 1577 3771 Miserere
1597 3717 1715 3782 mei,
1738 3715 2014 3770 remissio-

437 3823 560 3864 nem
605 3807 918 3864 delictorum
965 3808 1173 3879 accepit
1219 3829 1232 3864 :
1276 3809 1364 3878 qui
1413 3807 1556 3863 enim
1600 3806 2016 3862 misericordiam

431 3911 792 3973 consequutus
813 3911 915 3968 est,
945 3918 1053 3958 non
1079 3903 1314 3972 punitur.
1341 3901 1441 3969 Qui
1462 3899 1608 3966 dicit,
1636 3900 1877 3955 Miserere
1896 3899 2015 3966 mei,

431 4010 653 4066 regnum
699 3995 952 4051 caelorum
1003 3996 1232 4051 obtinuit
1264 4016 1276 4051 :
1306 4009 1468 4066 quem
1497 3994 1638 4049 enim
1685 3994 1822 4048 Deus
1851 3993 2016 4049 mise-

432 4098 604 4153 ratur,
624 4103 729 4144 non
757 4103 788 4142 a
816 4103 971 4158 paena
991 4089 1162 4144 solum
1188 4089 1390 4155 liberat,
1420 4087 1514 4143 sed
1540 4087 1835 4142 futurorum
1855 4087 2016 4142 etiam

437 4178 697 4233 bonorum
724 4179 1062 4248 possessione
1089 4178 1356 4249 dignatur.

506 4267 696 4323 Procul
717 4286 750 4322 a
777 4269 962 4337 templo
989 4268 1214 4322 habitare
1240 4287 1304 4323 an
1333 4277 1529 4322 excuset
1559 4285 1658 4322 non
1684 4267 2013 4332 accedentes;

432 4362 620 4432 ubique
643 4376 792 4414 orare
813 4375 1097 4430 possumus.
1112 4389 1183 4399 —
1197 4359 1274 4414 Ne
1297 4359 1455 4429 igitur
1475 4359 1844 4414 excusationes
1866 4373 2018 4428 qua!-

435 4466 619 4507 ramns
663 4450 890 4506 dicendo
944 4467 1048 4504 non
1102 4465 1223 4506 esse
1291 4451 1641 4520 propinquam
1697 4448 2019 4519 precationis

432 4542 602 4598 aedem
634 4564 646 4598 :
675 4557 774 4598 nos
817 4544 958 4599 enim
1005 4543 1170 4614 ipsos,
1209 4544 1254 4597 si
1295 4543 1458 4598 sobrii
1506 4543 1782 4607 fuerimus,
1822 4543 2016 4612 templa

434 4633 529 4688 Dei
577 4633 704 4688 facit
752 4635 920 4704 gratia
963 4633 1212 4705 Spiritus,
1243 4643 1300 4688 ut
1350 4648 1539 4703 tnagna
1587 4633 1816 4703 undique
1866 4634 2020 4688 nobis

435 4726 688 4796 precandi
717 4724 938 4782 facultas
986 4727 1142 4782 adsit.
1185 4726 1368 4797 Neque
1415 4727 1556 4780 enim
1589 4726 1709 4780 talis
1747 4735 1832 4781 est
1875 4724 2018 4796 apud

437 4831 536 4870 nos
563 4815 776 4871 divinus
799 4817 996 4884 cultus,
1022 4819 1194 4888 qualis
1219 4817 1488 4888 quondam
1511 4817 1652 4889 apud
1671 4817 1884 4874 Judatos
1904 4827 2020 4874 erat

436 4910 663 4964 inultum
691 4907 892 4963 habens
921 4910 1250 4965 sensibilium
1277 4910 1719 4976 ceremoniarum,
1751 4909 2020 4980 multaque

433 5001 747 5070 operatione
794 4998 1056 5070 indigens.
1102 5000 1215 5056 lllic
1247 5013 1583 5071 precaturum
1634 5001 1912 5071 oportebat
1951 5000 2018 5057 ad

433 5092 688 5162 templum
713 5091 1024 5159 ascendere,
1056 5098 1315 5148 turturem
1345 5108 1547 5158 emere,
1578 5094 1717 5164 ligna
1760 5102 1814 5148 et
1843 5093 2017 5163 ignem

434 5182 500 5236 ad
529 5198 718 5238 manus
747 5182 962 5249 habere,
992 5193 1206 5254 arrepto
1226 5183 1400 5238 cultro
1419 5183 1572 5237 altari
1593 5184 1862 5248 assistere,
1891 5183 2021 5238 alia-

430 5291 537 5346 que
574 5279 738 5332 multa
784 5286 1048 5348 praecepta
1102 5277 1358 5348 perﬁcere
1391 5295 1404 5332 :
1435 5276 1520 5333 hic
1566 5276 1695 5331 nihil
1741 5277 1864 5339 tale,
1913 5276 2009 5331 sed

435 5368 762 5439 ubicumque
791 5368 976 5438 fueris,
1009 5380 1204 5441 praesto
1229 5368 1324 5424 tibi
1343 5379 1423 5424 est
1449 5377 1504 5424 et
1532 5369 1718 5434 altare,
1747 5377 1802 5422 et
1827 5367 2016 5433 culter,

497 5543 570 5608 (ᾳ)
603 5551 718 5608 Quae
749 5545 847 5594 sint
877 5545 958 5594 illa
994 5543 1238 5608 ligamina,
1265 5545 1430 5608 multis
1452 5543 1834 5608 esplanavimus,
1857 5549 1908 5590 et
1925 5555 2021 5608 non

435 5606 716 5668 testimonio
751 5612 935 5654 tantum
962 5604 1250 5668 Hieronymi,
1283 5607 1370 5655 sed
1396 5604 1543 5655 etiam
1562 5604 1789 5668 extemplo
1813 5605 2019 5668 quodam

437 5676 499 5712 es
524 5666 782 5716 uidet-ibus
799 5669 952 5728 petito
972 5665 1356 5728 conﬁrmavimus
1379 5670 1424 5717 in
1451 5668 1571 5715 libro
1595 5665 1906 5728 Antiquitatis
1929 5677 2019 5713 ex-

436 5728 646 5790 planata;
692 5739 750 5790 ct.
799 5727 1133 5790 schematibus
1153 5727 1418 5788 inusti-aue,
1442 5735 1573 5778 Tom.
1600 5727 1648 5786 3,
1685 5741 1731 5790 p.
1756 5727 1867 5785 540,
1890 5739 2019 5789 (με.

439 5786 489 5841 tti
511 5786 672 5846 fallor,
689 5789 816 5837 lectu
830 5789 978 5851 digna
995 5798 1123 5836 sunt.

1231 396 1288 452 S.
1326 391 1604 451 JOANNIS
1639 383 2117 447 CI‘IRYSOSTOM
2155 385 2470 444 ARClilEP.
2513 388 3043 449 CONSTANTINOP.

3633 393 3738 452 6‘38

2150 513 2204 559 et
2232 505 2442 560 victima
2476 524 2491 559 :
2524 517 2577 562 tu
2610 507 2724 577 ipse
2751 517 2806 564 et
2845 509 3033 577 altare,
3061 517 3115 565 ct
3140 508 3412 573 sacerdos.
3437 518 3495 566 et
3520 512 3736 568 victima

2143 615 2222 654 cs.
2256 598 2586 670 Ubicumque
2614 603 2754 657 enim
2786 601 2972 668 fueris,
3021 611 3173 673 potes
3217 603 3425 675 erigere
3465 603 3658 670 altare,
3689 605 3738 662 si

2141 692 2376 747 sobriam
2421 693 2582 748 modo
2623 693 2947 748 voluntatem
2996 693 3211 760 afferas,
3238 709 3339 750 nec
3365 705 3418 750 te
3463 706 3557 751 aut
3585 697 3740 752 locus

2141 795 2233 840 aut
2262 792 2476 856 tempus
2519 786 2760 856 impedit,
2803 786 2896 842 sed
2924 786 3134 842 etiamsi
3162 802 3261 842 nec
3303 803 3478 859 genua
3505 788 3691 844 ﬂectas
3716 832 3734 854 ,

2142 893 2241 932 nec
2284 886 2469 948 pectus
2499 879 2712 946 tundas,
2749 894 2850 935 nec
2877 893 3069 934 manus
3108 879 3176 934 ad
3205 880 3395 935 ctelum
3444 881 3654 949 tendas,
3687 883 3739 935 si

2137 979 2372 1026 mentem
2413 970 2586 1026 solum
2615 971 2814 1026 afferas
2857 972 3133 1033 fervidam,
3165 971 3296 1026 nihil
3324 972 3416 1027 tibi
3443 973 3509 1027 ad
3539 988 3734 1042 prcca-

2141 1064 2337 1118 tionem
2365 1061 2556 1118 deerit.
2604 1063 2753 1118 Licet
2782 1064 2941 1118 etiam
2973 1063 3180 1118 mulieri
3206 1064 3380 1119 colum
3407 1065 3608 1119 tenenti
3634 1075 3735 1118 aut

2136 1153 2296 1208 telam
2327 1154 2524 1208 tcxenti
2568 1162 2750 1209 mente
2791 1155 3064 1223 suspicere
3094 1153 3146 1208 in
3195 1155 3406 1221 aulum,
3433 1165 3489 1210 et
3515 1154 3733 1209 ardenti

2135 1251 2352 1314 pectore
2379 1243 2547 1299 Deum
2577 1244 2826 1300 invocare
2857 1262 2872 1300 :
2904 1244 3026 1300 licet
3052 1244 3212 1300 etiam
3243 1245 3357 1300 viro
3383 1245 3436 1300 in
3465 1245 3580 1300 foro
3604 1261 3737 1301 ver-

2134 1336 2273 1390 santi
2310 1344 2402 1390 aut
2445 1337 2546 1392 iter
2575 1335 2788 1392 facienti
2828 1343 3030 1391 attente
3056 1336 3262 1407 precari
3294 1352 3309 1390 :
3337 1337 3495 1392 alteri
3537 1337 3732 1392 itidem

2137 1426 2187 1480 in
2214 1426 2424 1481 officina
2453 1425 2658 1482 sedenti
2702 1441 2767 1482 ac
2790 1426 2934 1481 coria
2978 1427 3153 1483 suenti
3182 1427 3414 1482 animam
3441 1427 3507 1482 ad
3533 1428 3730 1482 Domi-

2133 1535 2261 1575 num
2293 1521 2498 1591 erigere
2527 1536 2540 1573 :
2571 1520 2694 1574 licet
2721 1533 2878 1574 servo
2903 1519 3204 1583 obsonanti,
3235 1535 3299 1575 ac
3323 1535 3532 1576 sursum
3563 1520 3734 1576 deor-

2132 1630 2252 1670 sum
2285 1613 2585 1678 cursitanti,
2613 1613 2696 1666 vel
2726 1612 2780 1667 in
2809 1613 2984 1667 culina
3008 1612 3351 1679 ministranti,
3381 1613 3425 1667 si
3455 1628 3559 1667 non
3593 1613 3730 1669 licet

2131 1705 2279 1760 adire
2303 1703 2607 1770 ecclesiam,
2629 1703 2991 1774 precationem
3014 1703 3268 1759 intentam
3289 1719 3350 1760 ex
3375 1705 3480 1758 imo
3502 1713 3733 1774 pectore

2131 1798 2292 1853 ciere.
2337 1796 2450 1852 Non
2501 1795 2664 1866 pudet
2711 1795 2810 1852 loci
2853 1797 3020 1852 Deum
3050 1812 3064 1850 :
3094 1811 3256 1852 unum
3288 1797 3536 1866 postulat,
3565 1813 3732 1852 men-

2133 1898 2237 1944 tem
2267 1887 2558 1943 ferventem
2578 1885 2917 1958 animamqne
2940 1885 3254 1942 modestam.
3285 1887 3350 1942 Et
3370 1897 3429 1942 ut
3448 1889 3587 1944 scias
3609 1905 3731 1944 non

2135 1979 2316 2034 habitu
2346 1986 2440 2033 aut
2481 1977 2718 2032 locorum
2765 1985 3134 2047 temporumve
3177 1979 3566 2046 Opportunilate
3595 1994 3732 2035 esse

2130 2085 2284 2140 opus,
2318 2067 2411 2124 sed
2456 2069 2636 2123 animo
2685 2068 2854 2138 probo
2891 2083 2954 2122 ac
2986 2069 3148 2138 vigili,
3195 2069 3389 2124 Paulus
3415 2070 3637 2139 supinus
3665 2072 3728 2126 in

2128 2177 2344 2218 carcere
2367 2162 2571 2232 jacens,
2599 2176 2703 2215 non
2733 2170 2946 2216 erectus
2971 2171 3122 2216 stans
3149 2160 3170 2230 (
3195 2176 3367 2230 neque
3390 2162 3529 2216 enim
3559 2178 3725 2216 com-

2129 2270 2222 2326 pes
2266 2255 2439 2324 lignea
2484 2251 2870 2323 permittebat),
2914 2252 3162 2321 quoniam
3209 2267 3397 2324 magna
3445 2253 3729 2310 alacritate

2127 2344 2442 2415 precabatur
2465 2342 2669 2413 jacens,
2700 2356 2970 2397 carcerem
3013 2343 3297 2406 concussit,
3341 2341 3557 2412 ejusque
3593 2341 3726 2398 fun-

2126 2437 2372 2493 damenta
2402 2434 2708 2500 commovit,
2739 2443 2794 2491 et
2835 2434 3107 2490 custodem
3153 2435 3359 2499 terruit,
3388 2449 3450 2490 ac
3477 2451 3604 2490 mox
3633 2437 3726 2489 in-

2127 2532 2334 2586 itiatum
2362 2529 2428 2586 ad
2455 2530 2707 2602 mysteria
2733 2543 2882 2584 sacra
2909 2527 3154 2600 perduxit
3176 2528 3310 2600 (Aet.
3341 2529 3452 2598 l6).
3481 2527 3725 2583 Rursum

2127 2622 2383 2677 Ezechias
2409 2623 2498 2677 ille
2521 2637 2626 2676 non
2655 2630 2867 2676 erectus
2893 2630 3042 2675 stans
3068 2635 3239 2690 neque
3264 2619 3487 2689 genibus
3514 2619 3676 2675 flexis
3704 2662 3722 2684 ,

2128 2715 2225 2771 sed
2254 2714 2477 2784 supinus
2507 2715 2558 2768 in
2586 2714 2722 2768 lecto
2741 2711 2941 2768 cubans
2961 2711 3031 2766 ob
3060 2711 3442 2775 inﬁrmitatem,
3467 2726 3625 2766 versa
3652 2711 3724 2766 ad

2123 2809 2381 2879 parietem
2405 2806 2556 2871 facie,
2577 2807 2824 2876 quoniam
2855 2803 3105 2859 ardenter
3122 2813 3176 2857 et
3193 2801 3506 2871 temperanti
3529 2803 3724 2857 animo

2123 2901 2288 2956 Deum
2317 2900 2599 2964 invocavit,
2632 2898 2951 2954 sententiam
2981 2895 3239 2950 adversus
3268 2909 3330 2948 se
3359 2893 3520 2948 latam
3547 2909 3722 2949 revo-

2123 2993 2283 3060 cavit,
2309 3007 2551 3061 magnam
2573 2990 2672 3045 sibi
2693 2989 2917 3060 gratiam
2938 2986 3258 3050 conciliavit,
3284 2996 3339 3040 et
3363 2987 3414 3040 in
3431 2985 3721 3055 pristinam

2122 3083 2398 3139 restitutus
2423 3090 2505 3136 cst
2530 3081 2809 3135 sanitatem
2836 3080 2914 3150 (4.
2965 3077 3090 3147 Reg.
3127 3077 3242 3146 20).
3269 3077 3378 3132 Nec
3397 3076 3563 3131 solum
3595 3092 3721 3129 ma-

2122 3174 2240 3246 gnis
2275 3183 2328 3228 et
2369 3171 2566 3226 sanctis
2604 3170 2732 3225 viris
2759 3169 2861 3224 hoc
2885 3167 3170 3238 contigisse
3195 3166 3407 3231 videas,
3435 3165 3526 3221 sed
3553 3166 3722 3220 malis

2122 3267 2303 3324 etiam.
2331 3264 2463 3320 Nam
2492 3273 2545 3318 et
2589 3263 2722 3317 latro
2751 3261 2860 3327 ille,
2911 3276 3016 3316 non
3060 3269 3210 3315 stans
3237 3260 3290 3314 in
3333 3259 3587 3324 oratorio,
3623 3270 3723 3315 aut

2120 3372 2291 3428 genua
2320 3356 2558 3420 flectens,
2587 3353 2680 3408 sed
2712 3352 2763 3406 in
2806 3366 2965 3405 cruce
2991 3351 3282 3416 dislensus,
3329 3348 3507 3418 paucis
3531 3347 3722 3404 verbis

2127 3465 2350 3521 regnum
2377 3447 2629 3502 caelorum
2662 3444 2967 3513 impetravit
2996 3441 3145 3511 (Luc.
3173 3441 3264 3497 23.
3303 3439 3394 3495 42.
3421 3437 3512 3510 l5)
3536 3457 3548 3492 :
3569 3441 3720 3494 alius

2122 3544 2175 3598 in
2207 3543 2378 3596 lacum
2405 3552 2678 3594 caenosum
2724 3535 3019 3603 coniectus,
3047 3533 3182 3587 alius
3209 3532 3262 3586 in
3294 3529 3497 3584 foveam
3524 3528 3720 3584 bestiis

2121 3634 2401 3704 ohjcctus,
2450 3632 2586 3685 alius
2635 3629 2736 3683 ceti
2785 3627 2906 3681 alvo
2956 3626 3261 3690 conclusus,
3313 3625 3556 3678 invocato
3601 3621 3720 3677 Deo

2121 3728 2259 3782 mala
2294 3725 2540 3779 instantia
2589 3721 2972 3785 discusserunt,
3018 3717 3359 3786 divinamque
3386 3716 3486 3772 sibi
3527 3716 3720 3770 conci-

2122 3821 2318 3876 liarunt
2343 3816 2788 3874 benevolentiam.
2825 3814 2938 3868 Hoc
2967 3827 3214 3867 sermone
3242 3811 3430 3866 hortor
3455 3819 3512 3865 ut
3533 3811 3717 3865 conti-

2121 3929 2225 3968 nue
2248 3908 2596 3978 frequentetis
2619 3905 2894 3971 ecclesias,
2917 3914 2968 3960 et
2996 3903 3140 3958 domi
3169 3917 3290 3957 cum
3313 3916 3504 3972 magna
3530 3901 3720 3970 quiete

2123 3999 2411 4071 precemini
2442 4015 2535 4069 per
2562 3998 2750 4062 Otium,
2779 4011 2947 4066 genua
2975 3993 3270 4058 flectentes,
3300 4005 3594 4060 manusque
3624 4000 3721 4046 at-

2123 4095 2402 4149 tollentes:
2424 4089 2566 4162 quod
2589 4089 2632 4144 si
2657 4078 2865 4156 tempus
2891 4093 2981 4140 aut
3004 4085 3157 4139 locus
3176 4097 3276 4138 nos
3304 4083 3355 4136 in
3374 4080 3718 4136 multitudine

2123 4183 2395 4240 hominum
2441 4177 2839 4249 deprehendat,
2872 4191 2976 4230 non
3025 4183 3109 4230 est
3137 4172 3207 4228 ob
3242 4173 3344 4228 hoc
3369 4188 3397 4226 a
3437 4172 3717 4226 consuetis

2121 4275 2456 4333 orationibus
2483 4270 2822 4335 cessandum,
2852 4269 2944 4324 sed
2976 4267 3046 4322 ita
3077 4277 3134 4322 ut
3161 4276 3390 4322 vestram
3429 4266 3712 4320 caritatem

2121 4365 2327 4427 monui,
2350 4362 2638 4434 precamini
2658 4371 2710 4418 et
2733 4362 2975 4415 invocate
2999 4359 3188 4423 Deum,
3209 4357 3342 4412 certi
3365 4356 3716 4410 nihilominus

2125 4460 2213 4514 tali
2244 4458 2552 4530 precatione
2572 4463 2748 4525 optata
2776 4466 2870 4506 vos
2892 4452 3287 4520 impetraturos.
3315 4447 3428 4502 Non
3452 4447 3568 4502 hcce
3588 4447 3716 4501 ideo

2125 4553 2232 4608 dixi
2262 4561 2320 4606 ut
2343 4547 2675 4620 applaudatis
2703 4553 2754 4601 et
2797 4541 3042 4604 laudetis,
3070 4539 3164 4595 sed
3207 4548 3256 4592 ct
3286 4553 3447 4608 opere
3475 4553 3537 4592 ea
3571 4553 3712 4606 pne-

2127 4644 2299 4712 stetis,
2329 4650 2495 4711 utque
2523 4648 2629 4694 tant
2659 4644 2976 4692 nocturnum
3005 4646 3162 4702 quam
3201 4629 3447 4684 diurnum
3496 4638 3554 4683 et
3578 4641 3712 4696 ope-

2125 4735 2272 4790 randi
2303 4744 2512 4801 tempus
2540 4729 2678 4784 votis
2707 4742 2771 4781 ac
2812 4722 3208 4795 precationibus
3232 4720 3525 4789 occupetis.
3557 4716 3710 4783 Quod

2122 4825 2166 4879 si
2199 4839 2286 4879 res
2313 4832 2523 4877 nostras
2549 4820 2628 4873 sic
2654 4815 3096 4886 disposuerimus,
3125 4820 3180 4867 et
3203 4819 3520 4882 praesentem
3549 4809 3711 4861 vitam

2125 4925 2236 4970 tnto
2265 4913 2618 4982 trausigemns
2641 4948 2656 4972 ,
2703 4916 2757 4962 et
2797 4905 3011 4963 caeleste
3055 4916 3277 4972 regnum
3315 4912 3663 4967 assequemur
3693 4912 3708 4949 :

2123 5021 2230 5078 quo
2278 5005 2430 5060 nobis
2459 4999 2704 5056 omnibus
2737 4995 3014 5067 pervenire
3043 4993 3216 5058 detur,
3260 4989 3426 5059 gratia
3471 4996 3527 5042 et
3560 4987 3715 5043 beni-

2125 5100 2323 5168 gnitate
2349 5093 2556 5150 Domini
2601 5088 2769 5145 nostri
2799 5088 2923 5144 Jesu
2949 5084 3169 5150 Christi,
3204 5099 3298 5153 per
3321 5096 3482 5151 quem
3511 5087 3566 5133 et
3587 5097 3714 5134 cum

2123 5204 2230 5261 quo
2261 5187 2400 5243 Patri
2430 5185 2620 5256 gloria,
2649 5179 2803 5236 simul
2847 5192 2968 5232 cum
3010 5184 3198 5230 sancto
3240 5172 3462 5242 Spiritu,
3490 5185 3638 5228 nunc
3653 5177 3716 5226 et

2126 5294 2359 5350 semper,
2381 5285 2436 5333 et
2461 5275 2514 5330 in
2540 5273 2730 5330 sarcula
2761 5268 3100 5326 saeculorum.
3129 5265 3320 5320 Amen.
