4064 6460
415 353 523 408 667

411 476 575 539 τικάς
621 474 847 547 πράξεις
903 475 1143 539 ἁπάσας,
1190 475 1441 548 καθάπερ
1502 476 1833 547 ίμαντὼσεσί
1892 491 2004 528 τισι

414 562 609 629 ξύλων,
635 566 701 635 τῇ
734 564 984 636 συνεχείᾳ
1028 564 1137 618 τῶν
1169 565 1343 635 εὐχῶν
1372 566 1777 636 διαλαμϐάνων,
1814 566 2003 618 πάντο-

412 658 507 711 θέν
534 674 628 710 σου
658 658 999 729 περίφραξον
1025 656 1123 728 τὴν
1154 657 1317 729 ζωήν.
1342 660 1439 713 Ἂν
1465 658 1644 711 τοίνυν
1661 659 1802 711 οὕτω
1822 661 2002 728 ποιῇς,

410 751 519 804 κᾶν
556 751 739 822 μυρίοι
758 749 1063 804 πνεύσωσιν
1093 750 1284 822 ἄνεμοι
1310 752 1516 813 λοιπὸν,
1549 751 1650 806 κάν
1680 752 1993 821 πειρασμοὶ,

409 842 516 895 κᾶν
550 842 798 913 ἀθυμίαι,
827 842 929 896 κᾶν
964 843 1213 914 λογισμοί
1254 861 1398 907 τινες
1444 844 1647 914 ἀηδεῖς,
1682 843 1786 897 κᾶν
1820 844 2001 897 ὁτιοῦν

407 933 611 1004 ἐπέλθῃ
670 932 861 995 δεινὸν,
894 933 953 985 οὐ
987 934 1275 1003 δυνήσεται
1324 934 1651 987 καταϐαλεῖν
1679 933 1777 1005 τὴν
1823 934 1999 988 οίκίαν

407 1025 625 1096 ἐκείνην
642 1026 874 1087 πυκναῖς
901 1024 1073 1088 οὕτως
1097 1025 1284 1095 εὐχαῖς
1308 1024 1715 1095 συνδεδεμένην.
1748 1024 1849 1078 Καὶ
1882 1026 1997 1091 πῶς

405 1116 655 1183 δυνατὸν,
724 1116 908 1187 φησὶν,
970 1116 1256 1189 ἄνθρωπον
1321 1117 1610 1186 βιωτικὸν,
1661 1117 1997 1190 δικαστηρίῳ

406 1208 851 1279 προσηλοψένυν,
873 1208 1014 1262 κατὰ
1028 1210 1175 1280 τρεῖς
1195 1209 1341 1280 ὥρας
1368 1208 1622 1280 εὔχεσθαι
1636 1209 1734 1280 τῆς
1760 1211 1992 1281 ἡμέρας,

404 1301 503 1353 καὶ
544 1300 624 1363 εἰς
654 1299 948 1370 ἐκκλησίαν
988 1300 1301 1372 ἐκτρέχειν;
1350 1299 1608 1366 Δυνατὸν,
1658 1300 1753 1353 καὶ
1788 1300 1994 1371 σφόδρα

403 1392 649 1445 εὐκολοψ
692 1393 797 1446 κᾶν
828 1392 937 1463 γάρ
971 1393 1052 1454 εἰς
1081 1392 1377 1459 ἐκκλησίαν
1423 1392 1650 1463 δραμεῖν
1680 1392 1754 1464 μὴ
1789 1392 1989 1463 ῥᾴδιον,

403 1485 619 1539 ἐστῶτα
663 1486 777 1537 ἐκεῖ
820 1483 925 1555 πρὸ
975 1482 1083 1535 τῶν
1131 1482 1332 1554 θυρῶν,
1382 1485 1474 1536 καὶ
1524 1483 1601 1554 τῷ
1657 1482 1991 1554 δικαστηρίῳ

403 1575 829 1648 προσηλωμένον
859 1574 1119 1641 εὔξασθαι
1135 1575 1379 1629 δυνατόν·
1410 1576 1529 1629 οὐδέ
1564 1575 1674 1646 7&9
1704 1574 1846 1629 οὕτω
1875 1593 1989 1645 φω-

401 1676 501 1741 νῆς
558 1673 738 1742 χρεία,
773 1670 848 1734 ὡς
876 1668 1134 1732 διανοίας,
1180 1670 1298 1722 οὐδέ
1342 1669 1616 1731 ἐκτάσεως
1660 1668 1878 1739 χειρῶν,
1914 1668 1989 1732 ῶς

402 1762 807 1832 συντεταμένης
836 1761 1036 1831 ψυχῆς,
1062 1760 1182 1813 οὐδέ
1220 1761 1518 1830 σχήματος,
1551 1758 1687 1812 ἀλλά
1709 1760 1988 1829 φρονήμα-

400 1875 511 1919 τος·
546 1855 667 1908 ἐπεὶ
701 1855 793 1907 καὶ
824 1856 857 1925 ἡ
890 1855 1056 1905 ’Δννα
1082 1850 1242 1922 αῦτη,
1267 1852 1367 1904 οὐκ
1401 1850 1588 1921 ἐπειδὴ
1614 1849 1871 1922 λαμπρὰν
1893 1847 1987 1901 καὶ

402 1947 647 2016 μεγάλην
694 1944 878 2014 ἀφῆκε
929 1942 1113 2014 φωνὴν
1144 1954 1191 2005 ι,
1247 1943 1335 1995 διά
1391 1941 1549 1996 τοῦτο
1588 1942 1837 2012 ἠκούετο,
1870 1940 1985 1995 ἀλλ’

399 2039 586 2110 ἐπειδὴ
612 2038 826 2108 μεγάλα
856 2036 1003 2090 ἔνδον
1029 2034 1170 2090 κατά
1196 2035 1296 2106 τὴν
1324 2035 1552 2106 καρδίαν
1583 2034 1731 2088 ἐϐόα.
1778 2034 1840 2087 Ἠ
1868 2050 1984 2103 φω-

396 2132 475 2199 νὴ
506 2132 615 2199 γὰρ
647 2128 837 2197 αὐτῆς
866 2130 978 2182 οὐκ
1018 2127 1290 2193 ἠκούετο,
1325 2126 1477 2197 φησὶ,
1524 2125 1622 2179 καὶ
1660 2125 1985 2193 είσήκουεν

395 2221 589 2289 αὐτῆς
639 2224 672 2275 ό
722 2219 887 2285 Θεός.
934 2217 1105 2271 Τοῦτο
1161 2218 1256 2271 καὶ
1302 2216 1455 2271 ἄλλοι
1505 2216 1689 2269 πολλοὶ
1726 2215 1984 2281 πολλάκις

397 2316 682 2383 ἐποίησαν,
714 2312 808 2365 καὶ
857 2310 1088 2380 βοῶντος
1129 2310 1223 2362 τοῦ
1260 2309 1517 2379 ἄρχοντος
1567 2307 1797 2371 ἔνδοθεν,
1826 2309 1983 2362 ἀπει-

394 2405 633 2469 λοῦντος,
676 2400 1099 2471 διατεινομένου,
1140 2398 1499 2469 μαινομένου,
1527 2399 1633 2469 πρὸ
1650 2396 1757 2451 τῶν
1800 2398 1982 2471 Θυρῶν

392 2498 629 2560 ἑστῶτες
695 2492 1154 2566 σφραγισάμενοι,
1206 2491 1301 2546 καὶ
1348 2490 1505 2559 όλίγα
1571 2493 1793 2562 ῥήματα
1837 2491 1981 2546 κατά

391 2590 631 2645 διάνοιαν
660 2586 969 2656 εὐξάμενοι,
1002 2583 1335 2647 εἰσελθόντες
1360 2583 1657 2655 μετέϐαλον
1689 2583 1854 2637 αὐτὸν
1886 2583 1979 2637 καὶ

392 2682 692 2752 ἐπράῦναν,
725 2678 818 2732 καὶ
839 2677 1048 2747 ἥμερον
1074 2675 1133 2742 ἐξ
1159 2675 1350 2746 ἀγρίου
1375 2674 1737 2746 κατέστησανο
1770 2677 1857 2729 καὶ
1888 2677 1979 2729 σύ-

388 2777 482 2827 δὲν
507 2772 629 2825 οὐτε
676 2769 784 2824 ἀπὸ
822 2769 916 2822 τοῦ
950 2768 1138 2831 τόπου,
1185 2766 1309 2820 οὔτε
1342 2768 1450 2822 ἀπὸ
1477 2767 1572 2821 τοῦ
1612 2767 1830 2839 καιροῦ,
1854 2767 1977 2823 οὔτε

392 2866 499 2919 ἀπὸ
520 2864 618 2935 τῆς
647 2862 805 2931 σιγῆς
832 2860 967 2932 πρὸς
994 2859 1091 2931 τὴν
1112 2860 1278 2929 εὐχὴν
1298 2858 1502 2928 ταύτην
1532 2860 1975 2931 ἐνεποδίσθησαν.

442 2964 483 3013 ς
492 2955 711 3013 ’.Τοῦτο
740 2954 803 3026 δὴ
825 2954 917 3007 καὶ
941 2954 1003 3006 σὺ
1028 2951 1271 3022 ποίησον’
1304 2951 1556 3017 στέναξον
1580 2953 1812 3023 πικρῶς,
1844 2954 1976 3008 ἀνα-

391 3047 663 3120 μνήσθητι
685 3043 795 3098 τῶν
821 3042 1233 3113 ἁμαρτημάτων
1252 3042 1360 3095 τῶν
1384 3041 1511 3106 σῶν,
1557 3042 1856 3113 ἀνάϐλεψον
1898 3046 1975 3108 εἰς

383 3141 481 3194 τὸν
496 3140 555 3191 οὐ
566 3136 744 3208 ρανδν,
770 3134 887 3188 εἱπέ
904 3131 1045 3188 κατά
1065 3132 1321 3186 διάνοιαν·
1340 3131 1630 3198 Ἐλέησόν
1638 3150 1737 3201 με.
1754 3136 1787 3187 ό
1809 3134 1973 3201 Θεὸς,

386 3231 485 3286 καὶ
516 3225 848 3300 ἀπήρτισταί
874 3242 963 3278 σου
989 3226 1021 3294 ἡ
1058 3224 1210 3293 εὐχή.
1230 3223 1289 3274 Ὀ
1315 3222 1422 3292 γάρ
1449 3221 1638 3286 εἰπὼν,
1656 3223 1972 3291 Ἐλέησον,

385 3321 777 3393 ἐξομολόγησιν
795 3314 1128 3380 ἐπεδείξατο,
1154 3315 1247 3367 καὶ
1268 3313 1373 3367 τῶν
1398 3314 1612 3368 οίκείων
1637 3315 1975 3387 ἁμαρτημά-

381 3434 495 3471 των
539 3410 692 3482 Ῐ758]
728 3410 941 3478 ἐπέγνω
963 3407 1013 3447 ἲν
1060 3405 1168 3459 τῶν
1200 3405 1309 3478 7&9
1347 3406 1749 3477 ἡμαρτηκότων
1772 3409 1886 3460 ἐστὶ
1914 3409 1975 3461 τὸ

382 3505 751 3564 ἐλεεῖσθαι.⁹0
786 3501 976 3565 εἰπὼν,
1020 3500 1315 3566 Ἐλέησόν
1324 3516 1421 3567 με,
1453 3499 1800 3570 συγχώρησιν
1816 3500 1973 3554 ἔλασε

381 3600 494 3654 τῶν
532 3592 1101 3667 πεπλημμελημένων·
1126 3589 1276 3661 ὁγὰρ
1310 3589 1552 3660 ἐλεηθεὶς
1580 3591 1639 3642 οὐ
1662 3590 1968 3655 κολάζεται.

393 3693 455 3743 '0
493 3688 682 3751 εἰπὼν,
720 3685 1006 3751 Ἐλέησόν
1034 3700 1129 3751 με,
1186 3681 1458 3752 βασιλείας
1492 3681 1681 3752 ἔτυχεν
1706 3683 1969 3754 οὐρανῶν·

379 3784 441 3836 ὃν
473 3782 579 3850 γὰρ
608 3781 636 3833 ό
660 3777 790 3839 Θεὸς
831 3774 1064 3844 ἐλεήσει,
1104 3772 1164 3825 οὐ
1204 3771 1479 3847 κολάσεως
1520 3773 1849 3827 ἀπαλλάττει
1878 3772 1973 3843 μό.

381 3892 495 3937 νον,
524 3870 660 3925 ἀλλά
688 3869 781 3922 καὶ
805 3866 915 3919 τῶν
945 3864 1246 3937 μελλόντων
1278 3862 1498 3932 ἀγαθῶν
1525 3861 1684 3928 ἀξιοῖ.

455 3976 546 4047 Μὴ
578 3974 756 4027 τοίνυν
784 3967 1251 4040 προφασιζιῖψεθα
1302 3966 1570 4035 λέγοντες,
1593 3967 1669 4030 ὠς
1713 3969 1811 4021 οὐκ
1855 3968 1969 4023 ἔστι

379 4068 609 4139 πλησίον
630 4065 914 4134 εὐκτήριος
946 4056 1111 4121 οἷκοςσ
1132 4061 1278 4129 ἡμᾶς
1302 4058 1409 4128 γὰρ
1432 4058 1647 4121 αὐτοὺς,
1675 4058 1770 4112 ἐάν
1790 4060 1969 4131 νήφω-

384 4181 506 4233 μεν,
544 4159 705 4219 ναοὺς
728 4154 950 4224 ἐποίησε
980 4151 1073 4205 τοῦ
1096 4150 1232 4203 Θεοῦ
1260 4148 1352 4203 τοῦ
1377 4148 1694 4221 Πνεύματος
1723 4152 1756 4221 ἠ
1786 4153 1965 4224 χάρις,

378 4257 522 4310 ὥστε
558 4250 725 4321 πολλὴ
773 4247 1037 4302 πάντοθεν
1080 4248 1210 4317 ἡμῖν
1246 4248 1279 4317 η
1332 4244 1573 4300 εὐκολία.
1616 4247 1725 4300 Καὶ
1768 4248 1878 4318 γάρ
1906 4249 1965 4301 οὐ

377 4344 605 4412 τοιαύτη
635 4339 791 4413 ἡμῶν
820 4340 853 4409 ἠ
882 4335 1128 4408 λατρεία,
1161 4336 1247 4388 οἶα
1280 4335 1431 4405 παρὰ
1446 4336 1720 4401 Ἰουδαίοις
1747 4338 1806 4390 τὸ
1836 4339 1969 4409 πρό-

378 4453 539 4507 τερον
558 4429 648 4505 ἦν,
666 4430 799 4484 πολὺ
822 4428 883 4482 τὸ
904 4426 1160 4496 αἰσθητὸν
1176 4425 1393 4496 ἔχουσα,
1412 4426 1505 4478 καὶ⁸
1520 4427 1720 4496 πολλῆς
1736 4428 1966 4499 δεομένη

380 4523 783 4599 πραγματείας.
810 4521 958 4573 Ἐκεῖ
988 4519 1086 4588 μέν
1110 4517 1217 4587 γάρ
1248 4516 1339 4570 τὸν
1365 4516 1658 4587 εὐχόμενον
1684 4520 1777 4572 καὶ
1802 4522 1882 4583 είς
1906 4520 1967 4573 τὸ

379 4618 527 4687 ἱερὸν
552 4613 819 4683 ἀναϐῆναι
849 4611 975 4673 ἔδει,
1002 4610 1095 4663 καὶ
1128 4608 1366 4680 τρυγόνα
1396 4607 1681 4678 πρίασθαι,
1709 4609 1803 4663 καὶ
1835 4610 1966 4675 ξύλα

382 4711 479 4764 καὶ
510 4706 621 4778 πῦρ
648 4704 1046 4775 μεταχειρίσαι,
1084 4701 1178 4753 καὶ
1217 4700 1495 4769 μάχαιραν
1532 4700 1742 4765 λαϐεῖν,
1768 4701 1864 4755 καὶ
1887 4702 1965 4773 τῷ

381 4800 551 4873 βωμῷ
579 4796 948 4869 παραστῆναι,
982 4795 1075 4847 καὶ
1106 4792 1276 4846 πολλά
1312 4792 1475 4864 ἕτερα
1502 4793 1752 4848 διανύσαι
1785 4796 1967 4849 ἐπιτά-

374 4909 581 4963 γματα·
610 4886 842 4943 ἐνταῦθα
872 4885 928 4938 δὲ
958 4885 1113 4938 οὐδὲν
1152 4881 1416 4945 τοιοῦτον,
1448 4882 1563 4937 ἀλλ’
1597 4885 1843 4957 ὅπουπερ
1897 4887 1965 4940 ἂν

373 4986 441 5061 ἧς
459 5029 473 5051 .
500 4986 561 5039 τὸ
600 4982 985 5050 θυσιαστήριον
1017 4978 1159 5050 ἔχεις
1200 4977 1338 5048 μετὰ
1366 4978 1584 5041 σαυτοῦ,
1615 4978 1709 5031 καὶ
1731 4978 1830 5051 τὴν
1863 4980 1965 5049 μά-

374 5093 593 5149 χαιραν,
627 5074 723 5127 καὶ
761 5071 822 5124 τὸ
860 5071 1075 5142 ἱερεῖον,
1106 5068 1270 5129 αὐτὸς
1300 5066 1375 5120 ὢν
1411 5069 1475 5121 σὺ
1507 5068 1601 5121 καὶ
1631 5068 1834 5141 ἱερεὺς,
1868 5071 1963 5125 καὶ

374 5168 781 5237 θυσιαστήριον,
809 5163 903 5215 καὶ
944 5163 1159 5231 ἱερεῖον.
1190 5160 1365 5211 ’Ὅπου
1388 5160 1498 5231 γὰρ
1526 5160 1593 5213 ἂν
1620 5158 1706 5232 ᾖς,
1735 5161 1963 5217 δύνασαι

375 5264 570 5331 στῆσαι
596 5258 687 5310 τδν
713 5255 915 5325 βωμὸν,
948 5252 1266 5324 προαίρεσιν
1304 5253 1580 5321 νήφουσαν
1621 5252 1965 5321 ἐπιδειξάμε-

371 5372 461 5415 νος
498 5352 692 5423 μόνον,
729 5347 824 5400 καὶ
856 5344 1007 5398 οὐδὲν
1040 5343 1242 5397 κωλύει
1282 5344 1475 5406 τόπος,
1517 5344 1639 5396 οὐδέ
1680 5343 1962 5413 ἐμποδίζει

372 5443 584 5513 καιρὸς,
620 5438 758 5494 ἀλλὰ
786 5437 892 5490 κᾶν
924 5436 1131 5503 γόνατα
1174 5434 1249 5503 μὴ
1281 5434 1489 5505 κλίνης,
1524 5434 1629 5487 κᾶν
1660 5434 1735 5505 μὴ
1766 5433 1963 5502 στῆθος

370 5536 535 5607 τύψῃ,
564 5533 658 5587 καὶ
700 5530 795 5593 τὰς
820 5531 1010 5599 χεῖρας
1032 5528 1111 5589 εἰς
1142 5526 1232 5577 τὸν
1254 5525 1480 5597 οὐρανὸν
1508 5527 1818 5597 ἀνατείνῃς,
1847 5525 1963 5578 διά-

432 5778 458 5807 ⁸
493 5769 763 5822 Γοιὴρτιίιιῑ
790 5773 841 5815 et
861 5766 985 5827 πρε.
1011 5763 1217 5827 μεγάλην
1236 5762 1336 5827 εἶχε
1370 5764 1545 5827 φωνήν.

434 5839 460 5880 κ
492 5839 619 5898 Reg,
641 5845 785 5887 unus,
813 5826 957 5877 (’olb.’
979 5839 1103 5874 unu:
1126 5826 1353 5885 κατέγνω,

1690 358 1774 414 [ης
1816 356 2003 410 ΑΝΝΑ
2038 356 2273 418 sumo
2312 362 2397 422 Iv.

3600 384 3703 439 £65

2115 480 2540 574 veta-609mm;
2568 490 2839 565 ἐπιδείξῃς
2879 492 3111 565 θερμὴν,
3152 493 3212 545 τὸ
3242 495 3349 546 πᾶν
3393 495 3701 566 ἀπήρτισας

2112 567 2210 633 τῆς
2239 567 2424 641 εὐχῆς.
2465 574 2683 642 Ἔξεστι
2725 582 2817 633 καὶ
2848 584 3084 648 γυναῖκα
3121 580 3404 652 ἠλακάτην
3436 583 3698 653 κατέχου-
3740 592 3745 615 ’

2114 668 2235 743 σαν,
2269 658 2363 711 καὶ⁹
2398 662 2791 736 ίστουργοῦσαν
2815 667 3121 738 ἀναϐλέψαι
3145 671 3226 733 είς
3253 670 3345 723 τὸν
3373 670 3603 742 οὐρανὸν
3629 676 3698 743 τῇ

2110 740 2337 817 διανοίᾳ,
2372 750 2469 803 καὶ
2496 753 2720 809 καλέσαι
2752 756 2891 827 μετὰ
2920 757 3256 829 θερμότητος
3287 758 3382 812 τὸν
3418 740 3583 814 Θεόψ
3614 740 3700 826 ἐξζ

2110 846 2226 885 εστι
2246 835 2340 887 καὶ
2372 837 2661 909 ἄνθρωπον
2691 845 2772 907 είς
2812 844 3023 916 ἀγορὰν
3055 846 3415 916 ἐμϐάλλοντα,
3449 848 3544 900 καὶ
3574 847 3699 902 καθ’

2110 917 2298 976 ἐαυτὸν
2317 922 2599 993 βαδίζοντα
2620 929 2785 1000 εὐχὰς
2808 932 3077 987 ποιεῖσθαι
3101 936 3339 998 ἐκτενεῖς
3355 952 3368 964 ’
3399 938 3492 989 καὶ
3509 936 3696 1006 ἕτερον

2106 1011 2194 1063 ἐπ’
2237 1013 2603 1090 ἐργαστηρίου
2638 1023 2946 1094 καθήμενον
2983 1026 3079 1078 καὶ
3117 1025 3362 1097 δέρματα
3395 1028 3690 1096 ράπτοντα,

2104 1103 2204 1175 τὴν
2229 1106 2405 1180 ψυχὴν
2434 1112 2713 1168 ἀναθεῖναι
2745 1116 2883 1188 πρὸς
2913 1116 3006 1169 τὸν
3039 1117 3345 1188 Δεσπότην·
3384 1118 3593 1184 ἔξεστιν
3617 1122 3691 1173 0i-

2103 1197 2260 1269 κέτῃ,
2297 1204 2390 1255 καὶ
2420 1204 2732 1278 ὠνουμένῳ,
2771 1210 2863 1263 καλ⁹
2905 1209 3252 1264 ἀναϐαίνοντι
3291 1212 3386 1265 καὶ
3425 1212 3688 1266 καταϐαί-

2102 1306 2267 1355 νοντι,
2293 1295 2384 1346 καὶ
2414 1299 2713 1370 μαγειρείῳ
2744 1302 3079 1371 παρεστῶτι,
3104 1303 3231 1355 ὅταν
3263 1303 3338 1375 μὴ
3365 1303 3587 1357 δυνατὸν
3609 1306 3688 1366 είς

2102 1383 2400 1453 ἐκκλησίαν
2431 1388 2626 1453 ἐλθεῖν,
2662 1391 2827 1462 εὐχὴν
2863 1393 3133 1446 ποιεῖσθαι
3161 1395 3354 1464 ἐκτενῆ
3381 1394 3475 1447 καὶ
3503 1394 3688 1464 διεγη-

2099 1478 2397 1549 γερμένην.
2426 1481 2538 1534 Οὐκ
2578 1484 2967 1555 ἐπαισχύνεται
2996 1485 3161 1539 τόπον
3189 1486 3217 1537 ὁ
3245 1486 3378 1549 Θεός
3398 1503 3411 1516 ο
3441 1484 3498 1538 ἐν
3533 1485 3687 1556 ζητεῖ

2102 1569 2264 1638 μόνον
2289 1612 2303 1636 ,
2344 1571 2584 1627 διάνοιαν
2626 1574 2872 1647 θερμὴν,
2922 1577 3016 1630 καὶ
3063 1576 3241 1648 ψυχὴν
3277 1577 3682 1648 σωφρονοῦσαν.

2098 1656 2203 1711 Καὶ
2254 1661 2339 1713 ἵνα
2386 1662 2586 1734 μάθῃς,
2627 1665 2708 1717 ὅτι
2748 1667 2811 1718 οὐ
2843 1667 3124 1737 σχήματος
3159 1667 3319 1738 χρεία
3373 1669 3467 1721 καὶ
3504 1669 3685 1721 τόπων

2096 1751 2315 1815 πάντως
2357 1755 2449 1806 καὶ
2485 1755 2713 1825 καιρῶν,
2754 1756 2890 1811 ἀλλά
2914 1759 3263 1829 φρονήματος
3300 1760 3549 1827 γενναίου
3588 1764 3683 1813 καὶ

2094 1842 2538 1916 διεγηγερμένου,
2561 1848 2815 1912 όΠαῦλος
2845 1849 3033 1913 ὖπτιος
3061 1852 3153 1904 ἐπὶ
3185 1851 3278 1905 τοῦ
3307 1853 3680 1924 δεσμωτηρίου

2095 1937 2370 2006 κείμενος,
2390 1940 2484 1990 καὶ
2506 1940 2603 1993 οὐκ
2629 1940 2787 2009 ὀρθὸς
2814 1941 2982 2005 ἐστὼς
3007 1943 3091 2011 (οὐ
3115 1944 3222 2014 γὰρ
3243 1943 3392 2013 ἠφίει
3415 1944 3478 1995 τὸ
3502 1944 3680 2010 ξύλον,

2093 2021 2138 2097 ᾧ
2174 2032 2300 2094 τοὺς
2339 2032 2507 2096 πόδας
2540 2034 2801 2104 ἐδέδετο),
2843 2035 3031 2107 ἐπειδὴ
3064 2034 3205 2106 μετά
3240 2036 3550 2107 προθυμίας
3581 2037 3681 2106 ηὔ-

2095 2121 2223 2187 ξατο
2256 2125 2529 2195 κείμενος,
2564 2124 2626 2179 τὸ
2658 2125 3033 2198 δεσμωτήριον
3068 2127 3270 2193 ἔσεισε,
3300 2128 3393 2181 καὶ
3422 2128 3491 2181 τά
3525 2127 3681 2198 θεμέ-

2091 2215 2179 2269 λια
2214 2216 2530 2270 διεσάλευσε
2569 2229 2618 2282 ε,
2652 2219 2745 2272 καὶ
2777 2218 2869 2271 τὸν
2914 2217 3302 2288 δεσμοφύλακα
3348 2219 3537 2289 ἔδησε,
3585 2220 3680 2271 καὶ

2092 2307 2229 2377 πρὸς
2254 2308 2353 2377 τὴν
2391 2308 2543 2378 ἱεράν
2576 2310 2715 2379 μετά
2760 2309 2934 2363 ταῦτα
2963 2309 3355 2379 μυσταγωγίαν
3388 2309 3680 2381 ἐχειραγώ-

2089 2418 2244 2469 γησε.
2276 2402 2442 2455 Πάλιν
2468 2405 2495 2455 ό
2523 2405 2771 2469 Ἐζεκίας
2790 2406 2890 2458 οὐκ
2919 2405 3079 2476 ὀρθὸς
3111 2404 3303 2469 ἐστὼς,
3336 2405 3455 2459 οὐδέ
3476 2405 3678 2472 γόνατα

2090 2492 2294 2555 κλίνας,
2324 2494 2438 2546 ἀλλ’
2476 2494 2667 2559 ὕπτιος
2704 2497 2798 2548 ἐπὶ
2824 2498 2920 2567 τῆς
2955 2499 3145 2567 κλίνης
3176 2498 3431 2566 κείμενος
3450 2498 3538 2550 διὰ
3576 2499 3677 2569 τὴν

2088 2583 2401 2653 ἀρρωστίαν
2421 2627 2435 2649 ,
2469 2585 2707 2656 στρέψας
2738 2587 2929 2640 ἐαυτὸν
2970 2588 3063 2642 ἐπὶ
3096 2588 3186 2640 τὸν
3219 2591 3433 2658 τοῖχον,
3485 2589 3674 2660 ἐπειδὴ

2087 2675 2178 2727 τὸν
2213 2674 2344 2728 Θεὸν
2379 2675 2597 2747 θερμῶς
2646 2676 2873 2729 ἐκάλεσε
2924 2679 3019 2730 καὶ
3057 2676 3197 2747 μετὰ
3238 2677 3417 2748 ψυχῆς
3461 2695 3674 2749 σωφρο-

2088 2766 2305 2836 νούσης,
2333 2768 2425 2821 xu}.
2457 2769 2730 2837 ἀπόφασιν
2762 2768 3134 2840 ἐξενεχθεῖσαν
3162 2770 3546 2835 ἀνεκαλέσατο,
3580 2772 3674 2825 καὶ

2088 2857 2292 2928 πολλὴν
2329 2860 2680 2913 ἐπεσπάσατο
2712 2860 2814 2929 τὴν
2844 2859 3081 2926 εὔνοιαν,
3120 2863 3216 2916 καὶ
3246 2862 3381 2933 πρὸς
3415 2862 3511 2935 τὴν
3537 2881 3671 2933 προ-

2084 2954 2250 3022 τέραν
2276 2952 2545 3023 ἐπανῆλθε
2579 2952 2789 3020 ὑγείαν.
2833 2954 2944 3007 Οὐκ
2972 2955 3057 3006 ἐπ’
3075 2954 3285 3026 ἀνδρῶν
3306 2956 3362 3008 δὲ
3378 2956 3551 3024 ἁγίων
3578 2957 3672 3009 καὶ

2089 3046 2341 3115 μεγάλων
2374 3046 2556 3113 μόνον,
2586 3044 2723 3097 ἀλλά
2757 3046 2851 3099 καὶ
2881 3048 2972 3099 ἐπὶ
3004 3047 3258 3117 πονηρῶν
3283 3048 3443 3101 τοῦτο
3462 3049 3561 3102 ἴδοι
3587 3068 3673 3113 τις

2086 3138 2151 3192 ἂν
2191 3138 2508 3207 συμϐαῖνον.
2538 3139 2649 3192 Καὶ
2676 3140 2785 3209 γὰρ
2814 3142 2843 3192 ὁ
2876 3139 3111 3213 λῃστὴς,
3152 3140 3252 3193 οὐκ
3281 3141 3338 3193 ἐν
3377 3142 3509 3211 οἴκῳ
3538 3146 3670 3206 στάς

2084 3231 2379 3302 εὐκτηρίῳ,
2420 3231 2541 3285 οὐδὲ
2572 3230 2775 3299 γόνατα
2803 3231 3010 3296 κλίνας,
3041 3231 3153 3284 ἀλλ’
3177 3232 3270 3284 ἐπὶ
3306 3232 3397 3285 τοῦ
3434 3234 3668 3305 σταυροῦ

2083 3322 2395 3392 τεταμένος,
2431 3323 2538 3376 ἀπὸ
2581 3324 2841 3395 ῥημάτων
2885 3323 3081 3390 ὀλίγων
3113 3323 3216 3393 τῆς
3253 3324 3532 3395 βασιλείας
3560 3328 3672 3381 τῶν

2081 3416 2326 3487 οὐρανῶν
2366 3417 2661 3486 ἐπέτυχεν·
2700 3417 2856 3479 ἄλλος
2905 3417 2962 3469 ἐν
3012 3416 3257 3489 βορϐόρῳ
3306 3420 3397 3472 καὶ
3444 3419 3666 3491 λάκκῳ,

2082 3509 2238 3573 ἀλλος
2269 3507 2418 3581 [739]
2447 3510 2503 3561 ἐν
2535 3508 2723 3577 λάκκῳ
2746 3510 2840 3560 καὶ
2866 3507 2931 3579 θη
2942 3508 3297 3579 ρίοις,ἐτερος
3319 3510 3376 3561 ἐν
3408 3510 3544 3581 αὐτῇ
3571 3511 3665 3565 τοῦ

2082 3604 2279 3670 κήτους
2300 3601 2366 3670 τῆ
2389 3598 2561 3669 νηδύϊ,
2589 3599 2678 3651 τὸν
2696 3598 2827 3650 Θεὸν
2850 3599 3349 3669 παρακαλέσαντες,
3371 3599 3440 3653 τὰ
3460 3601 3668 3654 ἐπικεί-

2085 3712 2223 3765 μενα
2254 3694 2469 3747 ᾶπαντα
2506 3690 2779 3754 διέλυσαν,
2810 3693 2904 3744 καὶ
2941 3691 3038 3761 τὴν
3077 3692 3283 3746 ἄνωθεν
3317 3691 3531 3746 εὔνοιαν
3568 3696 3664 3746 ἐπ-

2081 3784 2543 3839 εσπάσαντο.Καὶ
2568 3783 2739 3837 ταῦτα
2777 3784 2875 3854 μὲν
2914 3782 3103 3851 λέγων,
3142 3784 3394 3853 παραινῶ
3428 3784 3664 3854 συνεχῶς

2080 3879 2199 3938 ταῖς
2246 3874 2563 3944 ἐκκλησίαις
2611 3872 3034 3945 ἐπιχωριάζειν,
3080 3875 3174 3927 καὶ
3222 3875 3279 3926 ἐν
3324 3874 3471 3945 οίκίᾳ
3525 3874 3665 3944 μετά

2079 3968 2281 4035 πολλῆς
2321 3966 2555 4036 ἡσυχίας
2592 3964 2872 4035 εὓχεσθαι,
2904 3966 2999 4018 καὶ
3048 3964 3189 4018 κατὰ
3237 3964 3433 4035 σχολὴν
3461 3965 3665 4033 γόνατα

2077 4054 2383 4118 κλίνοντας,
2416 4056 2511 4107 καὶ
2546 4053 2644 4117 τὰς
2676 4057 2866 4125 χεῖρας
2902 4053 3283 4116 ἀνατείνοντας
3304 4072 3317 4085 ο
3344 4056 3392 4107 εί
3425 4055 3480 4108 δὲ
3509 4056 3541 4125 ἢ
3575 4056 3663 4111 διὰ

2078 4146 2290 4218 καιρὸν,
2322 4146 2354 4217 ἢ
2396 4146 2485 4199 διὰ
2516 4146 2681 4199 τόπον
2723 4145 3174 4217 ἀποληφθείημεν
3215 4146 3419 4216 μεταξὺ
3449 4148 3661 4201 πολλῶν

2078 4234 2298 4305 ἐτέρων,
2334 4234 2407 4305 μὴ
2436 4234 2525 4287 διὰ
2552 4234 2712 4287 τοῦτο
2740 4235 2836 4298 τὰς
2869 4236 3120 4306 συνήθεις
3146 4236 3549 4307 ἀπολιμπάνειν
3573 4240 3663 4292 εύ-

2075 4325 2196 4395 χάς,
2226 4325 2361 4380 ἀλλὰ
2393 4325 2583 4380 τοῦτον
2619 4326 2712 4379 τὸν
2744 4328 2967 4398 τρόπον,
2996 4328 3165 4399 ὅνπερ
3204 4324 3358 4381 εἷπον
3388 4330 3524 4399 πρὸς
3560 4331 3660 4399 τὴν

2076 4416 2350 4486 ὑμετέραν
2367 4418 2612 4487 ἀγάπην,
2637 4417 2861 4489 εὔχεσθε
2887 4419 2979 4472 καὶ
3004 4419 3368 4490 παρακαλεῖτε
3388 4420 3477 4473 τὸν
3503 4421 3656 4484 Θεὸν,

2073 4506 2149 4569 ῶς
2185 4506 2339 4559 οὐδὲν
2380 4507 2602 4560 ἔλαττον
2640 4507 2793 4577 παρά
2825 4508 3030 4578 ταύτην
3070 4509 3284 4572 ἕξοντες
3331 4510 3430 4581 τὴν
3472 4510 3656 4581 εὐχήν.

2076 4597 2262 4651 Ταῦτα
2294 4595 2480 4659 εἶπον,
2536 4599 2634 4668 οὐχ
2666 4599 2752 4651 ἵνα
2808 4600 3112 4669 κροτήσητε
3158 4600 3251 4652 καὶ
3304 4599 3656 4671 θαυμάσητε,

2074 4690 2301 4745 ἀλλ’ἵνα
2341 4690 2430 4744 διὰ
2474 4691 2580 4744 τῶν
2624 4691 2799 4762 ἔργων
2844 4691 2983 4744 αὐτά
3027 4690 3387 4762 ἐπιδείξησθε,
3428 4694 3521 4746 καὶ
3568 4694 3659 4747 τὸν

2074 4782 2266 4853 καιρὸν
2292 4783 2383 4837 τὸν
2406 4786 2506 4855 τῆς
2540 4784 2731 4847 νυκτὸς
2768 4784 2860 4837 καὶ
2900 4784 2991 4836 τὸν
3020 4784 3119 4851 τῆς
3147 4783 3388 4855 ἡμέρας,
3431 4786 3525 4838 καὶ
3569 4785 3659 4838 τὸν

2072 4877 2172 4946 τῆς
2206 4876 2470 4948 ἐργασίας
2487 4878 2512 4915 ἀ
2536 4876 2725 4947 καιρὸν
2749 4878 2805 4929 ἐν
2831 4877 3020 4947 εὐχαῖς
3055 4877 3151 4931 καὶ
3183 4877 3399 4949 δεήσεσι
3426 4880 3656 4949 διαλαμ-

2074 4968 2345 5032 ϐάνοντες.
2365 4969 2463 5022 Ἂν
2486 4967 2629 5022 οὕτω
2654 4969 2723 5023 τὰ
2747 4970 2869 5023 καθ’
2899 4970 3126 5035 ἑαυτοὺς
3153 4971 3542 5042 οίκονομῶμεν,
3566 4973 3658 5024 καὶ

2072 5061 2163 5113 τὸν
2199 5062 2442 5128 παρόντα
2478 5060 2615 5131 μετὰ
2669 5062 2971 5131 ἀσφαλείας
3007 5062 3331 5132 διανύσομεν
3376 5062 3520 5130 βίον,
3562 5062 3657 5115 καὶ

2072 5160 2172 5231 τῆς
2197 5159 2476 5231 βασιλείας
2500 5159 2609 5211 τῶν
2632 5159 2877 5228 οὐρανῶν
2903 5156 3298 5225 ἐπιτευξόμεθα
3317 5173 3330 5186 ·
3358 5151 3425 5224 ἧς
3448 5156 3658 5221 γένοιτο

2074 5251 2282 5314 πάντας
2310 5251 2456 5320 ἡμᾶς
2486 5250 2783 5319 ἐπιτυχεῖν,
2816 5248 2997 5317 χάριτι
3031 5247 3126 5298 καὶ
3154 5244 3532 5315 φιλανθρωπίᾳ
3561 5242 3655 5297 τοῦ

2074 5343 2279 5414 Κυρίου
2321 5343 2477 5412 ἡμῶν
2514 5339 2689 5411 Ἰησοῦ
2720 5338 2976 5410 Χριστοῦ,
3009 5337 3074 5390 δι’
3106 5328 3166 5389 οῦ
3198 5337 3292 5389 καὶ
3323 5334 3443 5406 μεθ’
3472 5331 3534 5389 οὐ
3579 5336 3657 5406 τῷ

2074 5433 2252 5504 Πατρὶ
2288 5434 2320 5502 ὴ
2354 5431 2499 5497 δόξα,
2532 5432 2647 5501 ἅμα
2674 5430 2752 5499 τῷ
2777 5429 2915 5499 ἁγίῳ
2943 5428 3243 5499 Πνεύματι,
3277 5426 3383 5480 νῦν
3409 5427 3501 5479 καὶ
3546 5426 3654 5489 ἀεὶ,

2074 5525 2169 5579 καὶ
2190 5526 2270 5588 είς
2298 5524 2425 5586 τοὺς
2458 5523 2661 5585 αίῶνας
2678 5520 2786 5574 τῶν
2816 5519 3045 5573 αἰώνων,
3085 5520 3280 5589 Ἀμήν.

2139 5761 2161 5788 ί·
2184 5758 2305 5818 Reg.
2331 5756 2577 5818 ἐσάλευσε.

2140 5818 2165 5858 ἀ
2190 5816 2312 5881 Βθᾷ.
2337 5823 2391 5865 et
2421 5816 2558 5866 ιῑριδ.
2589 5830 2717 5865 unus
2738 5818 2917 5877 ἡμέρας
2934 5817 3085 5865 ποιεῖν
3121 5816 3354 5877 ἐργασίας.
