4064 6484
300 408 407 461 06ξῖ

943 506 1171 564 διεῖΙῖΜΟ
1215 505 1276 557 ν.

300 636 555 686 Adwrms
593 642 675 679 eos
700 624 784 695 qui
802 631 1003 675 tantum
1042 620 1097 671 in
1127 618 1262 689 festis
1293 614 1611 676 conveniunt,
1641 622 1687 665 et
1734 609 1887 681 quid-

381 739 498 776 nam
526 721 587 773 sit
615 721 652 789 [ι
665 728 830 778 stum;
860 715 977 767 item
1000 711 1241 765 adversus
1267 725 1349 762 eos
1376 708 1462 778 qui
1499 706 1731 759 incusant
1759 703 1889 756 diri-

381 830 498 866 nam
524 808 926 876 providentiam,
968 821 1024 857 eo
1066 804 1201 873 quod
1229 803 1281 855 in
1311 800 1405 853 hac
1434 800 1533 853 vita
1558 798 1762 866 quidam
1791 796 1891 850 sint

378 904 574 964 diuites,
608 901 811 969 quidam
843 910 1132 965 pauperes:
1164 891 1298 961 quod
1327 898 1597 959 paupertas
1624 887 1890 939 utilissima

375 995 460 1057 sit,
489 1002 534 1045 et
565 991 701 1058 quod
730 996 1004 1059 paupertas
1032 985 1145 1053 plus
1190 982 1461 1051 voluptatis
1507 996 1566 1032 ae
1610 978 1893 1032 securitatis

377 1086 559 1153 ubique
587 1082 797 1147 habeat,
825 1096 978 1149 quam
1008 1077 1194 1131 divitia:
1211 1092 1229 1140 ,'
1259 1077 1477 1143 itemque
1514 1074 1575 1126 de
1615 1072 1780 1126 Anna.

382 1225 435 1277 l.
459 1221 702 1283 Frustra,
724 1225 785 1271 ut
807 1216 1034 1277 videtur,
1056 1229 1149 1268 cos
1163 1212 1253 1281 qui
1273 1207 1592 1281 praecedenti
1612 1205 1893 1261 adfuerunt

302 1314 546 1367 eolleetze
564 1351 583 1375 ,
611 1309 804 1364 hortati
828 1320 1011 1362 sumus
1031 1346 1046 1371 ,
1076 1312 1134 1358 ut
1167 1304 1218 1357 in
1243 1309 1463 1373 paterna
1486 1299 1645 1354 domo
1681 1312 1895 1368 perma-

306 1410 520 1465 nerent,
543 1409 597 1454 et
623 1415 727 1453 non
759 1412 859 1452 una
888 1410 1009 1450 cum
1055 1395 1118 1448 iis
1139 1436 1153 1459 ,
1200 1393 1289 1461 qui
1318 1390 1469 1445 festis
1507 1388 1694 1444 diebus
1721 1388 1892 1441 solum

312 1495 404 1547 hie
428 1507 487 1547 se
511 1492 725 1554 sistunt,
756 1487 1074 1543 accederent
1100 1484 1167 1538 ad
1198 1498 1326 1547 nos,
1354 1496 1417 1536 ac
1436 1494 1644 1535 rursum
1666 1477 1894 1532 decede~

307 1592 430 1638 rent
457 1601 471 1635 :
504 1583 612 1637 imo
635 1594 763 1635 vero
804 1593 907 1632 non
941 1577 1155 1631 frustra.
1197 1572 1332 1627 Nam
1374 1571 1471 1625 etsi
1500 1567 1697 1624 nemini
1724 1582 1791 1622 ex
1816 1566 1894 1621 eis

309 1689 625 1748 persuasum
649 1680 793 1728 esset
812 1669 1051 1725 oratione
1074 1676 1253 1722 nostra
1271 1708 1290 1732 ,
1308 1664 1462 1718 nobis
1484 1670 1662 1716 tamen
1684 1672 1893 1713 merces

307 1771 514 1838 integra
555 1772 766 1829 manet,
794 1762 1111 1834 plenamque
1153 1757 1407 1813 habemus
1435 1753 1575 1822 apud
1604 1751 1769 1806 Deum
1795 1749 1893 1804 de-

307 1860 628 1914 fensionem.
647 1853 1005 1923 Quamobrem
1025 1858 1231 1920 oportet
1243 1847 1695 1905 concinnatorem,
1709 1842 1896 1897 etiarn-

308 1952 357 2007 si
402 1966 561 2005 nemo
589 1948 829 2004 attendat
848 1987 868 2014 ,
899 1945 1104 2000 semina
1126 1944 1327 2012 jacere,
1354 1947 1409 1994 et
1436 1937 1710 2008 pecuniam
1730 1935 1895 2003 depo-

310 2059 442 2100 nere
466 2085 480 2109 ,
522 2051 578 2097 ut
609 2048 794 2112 postea
837 2040 978 2094 Deus
1008 2052 1113 2090 non
1140 2035 1208 2089 ab
1239 2034 1354 2098 illo,
1388 2030 1483 2086 sed
1522 2045 1553 2083 a
1587 2027 1896 2085 numulariis

310 2135 572 2190 rationem
616 2138 880 2203 reposcat.
925 2127 1077 2194 Quod
1123 2139 1253 2180 sane
1291 2123 1450 2178 etiam
1496 2135 1594 2174 nos
1636 2118 1892 2181 fecimus,

309 2225 608 2298 arguendo,
640 2219 967 2291 increpando
990 2259 1004 2282 ,
1032 2214 1385 2278 obsecrando,
1430 2207 1792 2265 admonendo.
1838 2208 1895 2260 lu

311 2319 419 2372 hoe
443 2316 584 2371 enim
616 2307 1325 2369 vobiscommemoravimus
1350 2303 1512 2356 filium
1540 2301 1690 2355 illum
1720 2307 1899 2368 pater-

310 2424 502 2462 narum
521 2405 824 2459 facultatum
840 2402 1262 2470 absumptorem,
1284 2394 1492 2449 tandem
1522 2390 1590 2447 ad
1623 2398 1895 2459 paternam

309 2501 534 2555 detnum
582 2494 909 2566 postliminio
957 2504 1273 2550 reversum,
1324 2484 1734 2551 universamque
1783 2480 1898 2547 ejus

310 2589 607 2649 miseriam,
639 2585 859 2649 famem,
896 2582 1147 2644 dedecus,
1193 2574 1475 2646 opprobria
1504 2614 1520 2638 ,
1565 2580 1618 2627 et
1642 2568 1896 2640 quidquid

308 2680 453 2753 apud
476 2690 687 2735 exteros
714 2676 950 2746 pertulit,
980 2671 1298 2726 adduximus
1324 2668 1381 2721 in-
1408 2665 1668 2729 medium,
1696 2672 1755 2715 ut
1797 2661 1899 2753 huc

308 2752 561 2841 citcmplo
582 2769 648 2824 ad
684 2767 1030 2823 sobrietatem
1058 2777 1154 2818 vos
1181 2760 1546 2830 redigeremus
1573 2772 1587 2810 τ
1618 2768 1789 2824 neque
1816 2752 1903 2806 bic

310 2876 619 2919 sermonem
655 2858 942 2920 finivimus,
970 2868 1151 2910 verum
1172 2852 1331 2906 etiam
1357 2856 1630 2919 paternam
1656 2859 1778 2914 erga
1809 2857 1903 2897 eos

313 2956 568 3025 pietatem
597 2950 958 3011 exhibuimus,
983 2960 1089 3000 non
1122 2941 1457 3014 negligentiae
1480 2952 1663 3008 poenas
1687 2937 1903 3006 exigen-

313 3058 418 3110 tes,
449 3045 542 3100 sed
573 3043 775 3113 supinis
801 3040 1046 3097 manibus
1075 3052 1169 3093 eos
1195 3034 1553 3102 excipientes,
1567 3029 1778 3085 veniam
1806 3028 1895 3083 de-

312 3140 563 3195 lictorum
605 3132 983 3197 concedentes,
1031 3137 1212 3199 aperta
1250 3126 1411 3181 domo
1451 3138 1690 3178 mensam
1735 3136 1905 3189 appo-

314 3238 527 3291 neutcs,
558 3225 815 3282 doctrina:
836 3222 1034 3277 amictu
1058 3235 1152 3274 eos
1177 3218 1516 3280 amicieutes,
1549 3222 1905 3280 caateramque

313 3334 533 3373 omnem
577 3331 758 3371 curam
809 3313 940 3383 ipsis
983 3310 1319 3366 adhibentes.
1374 3308 1453 3363 Illi
1504 3314 1681 3358 autem
1738 3301 1904 3361 filium

315 3412 467 3465 illum
500 3424 604 3462 nou
651 3414 775 3459 sunt
816 3403 1041 3469 imitati,
1074 3416 1173 3456 nec
1206 3414 1301 3456 eos
1329 3398 1497 3453 relicti
1539 3405 1708 3452 cattus
1737 3394 1909 3463 pinni-

316 3502 445 3567 tuit,
486 3514 657 3570 neque
697 3498 749 3552 in
783 3506 1003 3565 paterna
1040 3494 1199 3548 domo
1230 3497 1561 3551 manserunt,
1610 3485 1707 3541 sed
1733 3485 1909 3539 denuo

317 3594 716 3645 abscesserunt.
740 3588 982 3641 Vestrum
1012 3585 1169 3654 igitur
1196 3591 1359 3645 esset,
1383 3589 1640 3645 vestrum,
1671 3578 1911 3646 inquam,

318 3683 412 3753 qui
441 3696 653 3749 semper
679 3678 954 3731 nobiscum
971 3676 1119 3739 estis,
1155 3673 1411 3728 reducere
1435 3671 1598 3741 ipsos,
1622 3667 1911 3738 persuade-

320 3790 491 3844 rcque
520 3783 577 3827 ut
606 3772 886 3826 nobiscum
927 3785 1021 3838 per
1053 3768 1290 3837 singulas
1317 3766 1569 3820 collectas
1597 3762 1763 3817 velint
1790 3761 1908 3815 festi

319 3884 445 3924 esse
470 3867 771 3938 participes.
819 3862 1072 3931 Quamvis
1100 3861 1245 3916 enim
1288 3858 1605 3913 Pentecoste
1633 3853 1907 3923 praeteriit,

320 3962 516 4015 festum
557 3968 732 4013 tamen
764 3972 868 4010 non
915 3953 1201 4025 praeteriit;
1229 3950 1403 4005 omnis
1432 3950 1575 4003 enim
1615 3957 1911 4003 conventus

322 4053 518 4107 festum
550 4060 649 4105 est.
698 4048 850 4105 Unde
879 4049 979 4101 hoc
1000 4045 1177 4114 patet?
1208 4046 1281 4099 Ex
1315 4042 1443 4113 ipsis
1486 4039 1681 4096 Christi
1713 4040 1911 4104 verbis,

322 4144 553 4197 dicentis
578 4160 590 4195 :
626 4141 933 4211 Ubicumque
957 4124 1142 4207 fuerint
1172 4136 1272 4190 duo
1304 4136 1380 4188 vel
1409 4144 1507 4188 tres
1531 4133 1822 4203 congregati
1859 4133 1914 4184 in

321 4250 438 4287 meo
465 4236 683 4295 nomine,
715 4231 783 4284 ibi
804 4247 913 4285 sum
947 4231 999 4282 in
1038 4229 1203 4281 medio
1230 4242 1404 4281 eorum
1429 4224 1637 4289 (Matth.
1670 4224 1757 4279 18.
1792 4224 1908 4293 20).

323 4324 544 4391 Quoties
573 4332 749 4379 autem
765 4320 1008 4376 Christus
1033 4320 1253 4375 interest
1282 4319 1336 4372 in
1358 4316 1535 4373 medio
1555 4325 1747 4381 coetus,
1771 4314 1913 4386 quod

325 4416 503 4486 majus
526 4415 721 4485 quaeris
753 4412 869 4469 festi
891 4410 1298 4483 argumentum?

406 4548 670 4602 Festorum
706 4557 924 4602 ‘ornattts
973 4547 1186 4599 veri.—
1215 4543 1312 4599 Ubi
1364 4558 1519 4596 sacra
1565 4541 1805 4595 doctrina
1860 4551 1914 4596 et

327 4655 537 4710 preces,
570 4640 658 4693 ubi
682 4650 890 4706 patrum
923 4636 1320 4690 benedictiones
1342 4645 1395 4687 et
1424 4633 1617 4685 divime
1646 4631 1777 4702 legis
1817 4647 1914 4684 au-

327 4733 605 4798 ditorium,
628 4732 716 4785 ubi
745 4737 1036 4783 Conventus
1064 4729 1308 4793 fratrum,
1326 4740 1696 4796 germanteque
1719 4724 1915 4779 carita-

330 4826 403 4879 lis
445 4824 735 4887 vinculum,
768 4822 854 4877 ubi
901 4838 1019 4876 cum
1053 4823 1164 4875 Deo
1202 4821 1545 4889 colloquium,
1576 4830 1629 4872 et
1661 4818 1751 4872 Dei
1794 4833 1914 4871 cum

334 4916 644 4969 hominibus
675 4928 873 4974 sermo,
909 4914 996 4984 qui
1026 4913 1135 4967 ﬁeri
1166 4919 1339 4981 potest
1365 4920 1421 4963 ut
1448 4910 1518 4964 ibi
1561 4925 1665 4964 non
1697 4911 1764 4963 sit
1788 4909 1917 4963 festa

327 5005 647 5059 celebritas?
686 5004 842 5058 Festa
872 5005 1011 5058 enim
1040 5018 1144 5057 non
1176 5000 1458 5055 multitudo
1488 5001 1915 5055 convenientium

331 5097 510 5151 facere
534 5097 688 5161 solet,
718 5095 813 5149 sed
840 5096 1040 5158 virtus;
1070 5110 1175 5148 non
1193 5101 1536 5162 sumptuosus
1560 5093 1802 5155 vestitus,
1824 5092 1919 5146 scd

332 5190 545 5257 pictatis
563 5198 815 5250 ornatus;
849 5204 950 5243 non
985 5202 1183 5243 mensa:
1202 5187 1424 5252 lautitia,
1443 5186 1535 5240 sed
1559 5201 1682 5240 cura
1705 5187 1917 5241 anima).

332 5278 625 5333 Maximum
656 5280 798 5334 enim
833 5277 1022 5332 festum
1049 5287 1130 5332 est
1154 5277 1475 5331 conscientia
1507 5277 1662 5331 bona.
1702 5278 1767 5331 Et
1788 5280 1922 5333 sicut

332 5373 390 5426 in
430 5373 665 5425 externis
704 5371 1102 5426 celebritatihus
1133 5372 1174 5423 is
1215 5371 1303 5440 qui
1348 5386 1446 5424 nec
1478 5380 1677 5424 vestem
1722 5371 1919 5438 habet,

332 5480 440 5534 qua
471 5464 740 5528 induatur,
769 5463 1124 5534 splendidam,
1153 5479 1251 5517 nec
1278 5478 1537 5525 mensam,
1566 5478 1665 5532 qua
1695 5462 1920 5529 fruatur,

333 5558 555 5620 lautam,
590 5557 683 5609 sed
727 5557 853 5608 vivit
885 5557 934 5608 in
980 5564 1323 5624 paupertate,
1372 5552 1530 5618 fame,
1583 5564 1925 5625 extremaque

335 5648 595 5714 miseria,
628 5663 733 5701 non
778 5648 1010 5701 afficitur
1040 5648 1173 5701 festo
1218 5646 1325 5710 die,
1372 5647 1578 5701 etiamsi
1624 5648 1923 5701 universam

335 5741 524 5795 urbem
549 5742 776 5796 choreas
804 5756 962 5811 agere
994 5741 1189 5805 videat,
1222 5742 1314 5796 sed
1342 5757 1408 5796 eo
1437 5742 1601 5810 magis
1628 5742 1838 5810 angitur
1862 5759 1925 5798 ac

334 5831 484 5887 tle-let
509 5831 651 5903 quod
678 5832 809 5885 alios
840 5832 891 5886 in
921 5831 1126 5887 deliciis
1143 5831 1339 5900 videat,
1368 5832 1492 5886 dum
1526 5831 1641 5899 ipse
1670 5832 1918 5887 oumilnts

1526 388 1610 442 ιιε
1651 384 1832 440 ΑΝΝΑ
1873 358 2103 434 διεκιιο
2138 377 2200 434 v.

3478 374 3587 427 670

1999 497 2152 555 eget;
2186 487 2332 541 dives
2355 502 2480 541 vero
2510 486 2787 549 delicatus,
2822 487 3118 541 mutatoriis
3148 486 3381 541 vestibus
3410 489 3579 540 aliun-

1996 577 2157 641 dans,
2188 587 2242 631 ct
2282 578 2331 630 in
2364 593 2569 631 summa
2600 580 2949 648 prosperitate
2990 578 3206 645 vivens,
3238 578 3396 632 etiam
3431 587 3581 633 extra

1998 667 2127 722 festa
2158 678 2396 737 tempora
2424 669 2609 722 festum
2637 684 2792 739 agere
2813 669 2911 722 sibi
2940 668 3149 724 videtur
3178 686 3189 720 :
3221 669 3288 722 ita
3315 669 3441 723 etin
3463 670 3587 739 spi-

1999 759 2277 813 ritualibus
2301 760 2461 813 rebus
2493 761 2773 814 usuvenit:
2810 758 2899 828 qui
2928 759 3055 813 vivit
3080 760 3131 812 in
3154 759 3356 829 justitia
3378 768 3430 814 et
3451 774 3582 829 ope-

1998 850 2146 903 ribus
2176 850 2347 915 bonis,
2384 851 2466 904 vel
2493 851 2703 919 absque
2734 850 2868 904 festo
2898 849 3091 904 festum
3130 850 3238 919 agit
3261 891 3275 915 ,
3318 850 3589 905 sinceram

1998 942 2321 1011 voluptatem
2350 958 2412 996 ex
2440 942 2575 996 bona
2598 942 2925 996 conscientia
2953 942 3250 1011 percipiens
3283 957 3297 994 :
3339 942 3426 1010 qui
3456 957 3583 996 vero

1999 1031 2053 1085 in
2088 1042 2303 1100 peccato
2343 1041 2393 1085 et
2421 1032 2617 1086 malitia
2665 1031 2843 1101 degit,
2876 1031 3163 1085 multarunt
3192 1032 3450 1084 malorum
3482 1030 3588 1083 sibi-

1998 1124 2267 1189 coi:scius,
2298 1123 2455 1177 etiam
2487 1140 2604 1177 cum
2633 1123 2821 1179 festum
2844 1132 2946 1191 est,
2972 1134 3075 1177 tam
3100 1124 3237 1179 festo
3257 1133 3403 1178 caret
3426 1139 3582 1193 quam

1999 1218 2085 1286 qui
2114 1219 2359 1271 maxime.
2393 1218 2725 1287 Quapropter
2760 1219 2881 1272 licet
2909 1218 3062 1272 nobis
3083 1259 3097 1282 ,
3129 1217 3173 1271 si
3198 1217 3444 1281 velimus,
3486 1232 3579 1285 per

2002 1309 2241 1378 singulos
2268 1311 2380 1363 dies
2403 1308 2594 1363 festum
2623 1310 2838 1374 habere,
2863 1311 2905 1363 si
2936 1310 3185 1363 virtutem
3214 1324 3579 1372 exerceamus,

2000 1412 2054 1455 et
2082 1403 2463 1456 conscientiam
2510 1401 2867 1473 purificemus.
2910 1401 3021 1468 Qua
3047 1403 3191 1455 enim
3232 1417 3289 1456 re
3320 1401 3589 1470 przeterita

2000 1491 2224 1545 collecta
2256 1492 2355 1545 hac
2386 1493 2632 1560 prmscnti
2664 1498 2745 1546 est
2774 1491 2984 1561 potior?
3009 1505 3187 1546 annon
3217 1491 3439 1544 tumultu
3469 1499 3587 1542 tau-

2006 1590 2116 1635 tum
2167 1592 2221 1636 et
2269 1584 2521 1651 strepitu,
2571 1583 2820 1651 nullaque
2864 1598 2920 1637 re
2951 1583 3091 1636 alia?
3119 1582 3339 1649 Quando
3364 1581 3506 1637 enim
3535 1589 3592 1633 et

2000 1683 2306 1726 sanctorum
2336 1674 2714 1744 mysteriorum
2740 1675 3033 1743 perceptio,
3080 1682 3136 1728 et
3179 1675 3405 1728 aliarum
3432 1674 3585 1741 Spiri-

2003 1764 2224 1816 tualium
2256 1779 2435 1817 rerum
2466 1764 2771 1818 communio
2792 1804 2811 1830 ,
2858 1774 2982 1834 puta
3031 1766 3428 1834 precationum,
3456 1778 3586 1818 cou-

2001 1856 2192 1920 eiouis,
2227 1856 2689 1922 benedictionum,
2722 1857 2993 1923 caritatis,
3026 1866 3447 1926 eaeterorumque
3476 1871 3589 1908 om-

2001 1948 2148 2001 nium
2178 1948 2362 2003 eadem
2391 1959 2472 2002 est
2502 1949 2663 2001 etiam
2707 1947 2885 2011 hodie,
2934 1948 3075 2001 nulla
3123 1948 3174 2001 in
3218 1962 3277 2001 re
3319 1947 3431 2000 hme
3473 1946 3595 2000 dies

2001 2050 2280 2109 superatur
2319 2040 2386 2093 ab
2440 2040 2525 2093 illa
2550 2080 2569 2104 ,
2600 2048 2856 2109 quantum
2888 2040 2970 2093 vel
3015 2038 3079 2092 ad
3122 2054 3219 2093 vos
3269 2038 3355 2091 vel
3407 2036 3473 2092 ad
3504 2054 3590 2090 me

2002 2134 2409 2187 eoneionantem
2439 2134 2649 2185 attinet.
2686 2130 2820 2185 Nam
2844 2133 2933 2199 qui
2973 2141 3097 2184 tunc
3129 2146 3225 2184 nos
3265 2129 3595 2195 audiebant,

2005 2221 2056 2275 hi
2086 2237 2224 2276 nunc
2248 2237 2460 2292 quoque
2490 2223 2716 2275 audituri
2741 2231 2900 2287 sunt;
2930 2230 2983 2277 et
3011 2222 3097 2292 qui
3126 2236 3266 2275 nunc
3290 2222 3500 2286 absunt,
3528 2238 3599 2273 ne

2005 2322 2130 2370 tunc
2166 2316 2380 2385 quidem
2406 2315 2629 2368 aderant
2657 2356 2671 2380 ,
2722 2313 2931 2368 etiamsi
2962 2328 3186 2383 carpore
3231 2312 3420 2368 adesse
3452 2312 3594 2366 vide-

2004 2415 2191 2461 rentur
2210 2427 2220 2459 ;
2240 2423 2343 2460 non
2365 2407 2588 2460 audiunt
2609 2421 2749 2459 nunc
2768 2423 2782 2470 ;
2804 2407 2909 2459 imo
2931 2413 3055 2459 tunc
3076 2405 3250 2460 minus
3274 2406 3556 2459 audiebant
3579 2423 3591 2467 ;

2008 2513 2109 2554 nec
2138 2498 2308 2551 solum
2338 2512 2445 2552 non
2473 2498 2793 2560 audiebant,
2822 2496 2914 2550 sed
2941 2498 3102 2551 etiam
3132 2493 3467 2551 audientibus
3494 2496 3594 2549 ob-

2006 2588 2295 2657 strepcndo
2323 2588 2536 2643 molesti
2566 2596 2742 2641 erant.
2774 2587 3112 2656 Quapropter
3137 2597 3191 2640 et
3217 2594 3341 2641 tunc
3379 2595 3432 2640 et
3457 2602 3596 2639 nunc

2005 2680 2210 2750 aequale
2236 2680 2364 2733 mihi
2398 2689 2479 2732 est
2514 2679 2816 2740 theatrum,
2851 2677 3100 2747 idemque
3132 2677 3436 2732 auditorum
3463 2692 3592 2731 con-

2011 2782 2226 2838 ventus,
2256 2788 2356 2826 nec
2383 2771 2490 2825 uila
2521 2772 2572 2824 in
2602 2787 2659 2825 re
2687 2772 2855 2824 altero
2880 2771 2963 2824 hic
2993 2768 3229 2825 inferior.
3266 2768 3397 2834 lmo,
3431 2771 3471 2824 si
3494 2771 3601 2823 mi-

2009 2880 2127 2918 rum
2144 2864 2341 2933 aliquid
2369 2864 2548 2918 dicere
2572 2862 2900 2933 permittitis,
2923 2863 3006 2915 hic
3029 2862 3121 2916 illo
3142 2869 3223 2916 est
3244 2865 3595 2931 praestantior;

2008 2956 2149 3025 quod
2177 2956 2296 3010 sine
2325 2956 2545 3025 strepitu:
2578 2955 2644 3009 sit
2664 2969 2861 3017 sermo,
2882 2955 3066 3009 etsine
3085 2955 3309 3008 tumultu
3338 2955 3596 3017 doctrina,

2009 3057 2064 3101 et
2100 3061 2224 3101 cum
2252 3047 2462 3116 majore
2513 3046 2788 3101 intellectu
2818 3046 3133 3100 auscultatio
3153 3087 3168 3113 ,
3201 3045 3345 3101 nullo
3376 3046 3606 3100 tumultu

2016 3140 2254 3193 auditum
2284 3148 2525 3191 nostrum
2547 3138 2987 3206 interrumpente.

2083 3232 2135 3285 2.
2186 3231 2433 3285 Paucitas
2458 3232 2747 3284 auditorum
2776 3247 2837 3283 ne
2862 3231 3138 3284 contristet.
3167 3260 3239 3270 -—
3263 3229 3388 3284 Haec
3423 3237 3596 3283 autem

2013 3323 2154 3388 dico,
2184 3340 2287 3377 non
2315 3323 2454 3392 quod
2502 3332 2841 3377 contemnam
2881 3322 3274 3377 multitudinem
3304 3322 3446 3378 illius
3469 3338 3603 3379 con-

2012 3424 2221 3478 ventus,
2279 3413 2371 3467 sed
2411 3422 2471 3467 ut
2512 3413 2663 3466 vobis
2689 3412 3038 3481 persuadeam
3071 3428 3136 3467 ne
3163 3412 3386 3467 dolentis
3410 3453 3424 3480 ,
3469 3430 3602 3468 neve

2012 3506 2397 3561 contristemini
2429 3506 2498 3560 ob
2530 3506 2850 3575 paucitatem
2896 3520 3083 3559 eorum
3108 3547 3122 3571 ,
3175 3504 3265 3574 qui
3316 3519 3457 3559 nunc
3499 3504 3601 3557 huc

2016 3607 2405 3652 convenerunt.
2456 3596 2571 3651 Non
2620 3600 2760 3651 enim
2802 3611 3084 3665 corporum
3111 3639 3124 3663 ,
3170 3596 3261 3653 sed
3303 3598 3602 3652 auditorum

2018 3688 2413 3743 multitudinem
2440 3689 2491 3742 in
2522 3688 2746 3742 ecclesia
2776 3688 3116 3757 requirimus.
3164 3689 3610 3761 Quandoquidem

2017 3782 2177 3853 igitur
2220 3781 2381 3836 iidem
2425 3781 2661 3835 conviva:
2704 3782 2795 3851 qui
2846 3792 3007 3847 tunc,
3057 3781 3216 3835 etiam
3264 3798 3405 3838 nunc
3452 3786 3612 3839 nobis

2015 3875 2228 3938 adsunt,
2270 3876 2379 3943 pari
2407 3873 2679 3943 alacritate
2709 3873 2866 3927 hodie
2895 3887 3105 3943 quoque
3129 3876 3429 3929 convivium
3457 3877 3609 3930 vobis

2016 3964 2300 4029 exhibebo,
2333 3963 2398 4018 ad
2427 3974 2801 4033 argumentum
2834 3979 3101 4027 reversus,
3136 3966 3276 4034 quod
3326 3967 3480 4022 nobis
3523 3966 3598 4021 fec

2017 4054 2263 4109 stivitatis
2291 4064 2500 4124 tempus
2536 4053 2838 4122 interrupit.
2875 4052 3334 4119 Quemadmodum
3377 4057 3522 4110 enim
3552 4058 3603 4109 in

2018 4147 2365 4203 Pentecoste’
2388 4146 2816 4215 intempestivum
2846 4155 2979 4213 erat,
3006 4146 3202 4200 omissa
3230 4146 3614 4203 beneficiorum

2018 4254 2115 4310 per
2145 4237 2195 4292 id
2230 4246 2441 4308 tempus
2485 4238 2537 4291 in
2582 4252 2681 4291 nos
2716 4237 3031 4292 collatorqu
3061 4240 3569 4293 commemoratione
3590 4280 3612 4302 ν

2020 4329 2291 4399 inceptum
2330 4336 2490 4383 antea
2544 4336 2851 4382 contextum
2877 4329 3190 4383 continuare
3215 4346 3227 4381 :
3261 4329 3328 4382 ita
3351 4344 3497 4385 nunc
3517 4344 3610 4383 eu—

2021 4431 2138 4477 acta
2154 4420 2492 4488 Pentecoste,
2512 4430 2811 4491 Opportune
2828 4420 3103 4474 historiam
3128 4419 3179 4473 in
3203 4434 3390 4473 manus
3406 4435 3613 4473 resum-

2023 4524 2164 4584 ptam
2194 4528 2610 4584 prosequemur,
2646 4513 2927 4582 pristinum
2954 4511 3021 4564 de
3056 4512 3207 4565 Anna
3238 4519 3613 4580 argumentum

2025 4604 2319 4659 tractaturi.
2368 4603 2481 4657 Non
2530 4604 2672 4656 enim
2718 4601 3062 4671 spectandum
3106 4616 3260 4672 quam
3296 4603 3459 4657 multa
3498 4602 3616 4670 jam

2024 4694 2163 4749 dicta
2191 4694 2315 4757 sint,
2346 4692 2438 4746 sed
2467 4700 2640 4746 utrum
2670 4691 2734 4745 ad
2759 4690 2916 4745 tinem
2950 4691 3107 4760 hujus
3151 4693 3448 4761 argumenti
3499 4710 3607 4762 νειμ

2024 4783 2351 4839 venerimus.
2380 4781 2512 4836 Nam
2546 4790 2600 4835 et
2628 4782 2716 4851 qui
2744 4780 3053 4835 thesaurum
3087 4782 3406 4837 invenerunt
3430 4826 3453 4851 ,ν
3486 4785 3611 4839 licet

2024 4877 2283 4947 plurimas
2326 4874 2449 4928 inde
2491 4873 2706 4942 capiant
2749 4872 2963 4927 divitias
2994 4915 3009 4940 ,
3038 4888 3143 4926 non
3174 4875 3317 4943 prius
3353 4873 3619 4930 absistunt

2026 4984 2183 5039 quam
2205 4975 2372 5021 totum
2397 4965 2763 5029 exhauserint,
2792 4973 2851 5018 ut
2874 4980 3007 5034 quos
3031 4974 3257 5020 nontam
3282 4964 3429 5035 juvat
3448 4968 3613 5021 multa

2026 5060 2330 5129 accepisse,
2368 5072 2525 5127 quam
2555 5054 2690 5111 nihil
2734 5055 2999 5126 reliquum
3034 5053 3243 5111 fecisse.
3291 5055 3441 5123 Quod
3491 5058 3531 5110 si
3580 5059 3612 5111 ii

2093 5173 2109 5203 ι
2131 5170 2259 5219 Colb.
2278 5168 2374 5219 duo
2385 5177 2435 5218 et
2454 5175 2590 5233 tteg.,
2611 5172 2897 5233 pentecostc.
2914 5168 2983 5233 sic
3000 5165 3121 5215 infra
3147 5167 3289 5233 etiam
3306 5165 3506 5233 legitur.
3520 5174 3612 5233 ato-

2026 5233 2143 5291 rel.,
2177 5227 2586 5295 Mesopentecosie,
2621 5230 2671 5278 in
2703 5239 2929 5295 utroque
2953 5227 3075 5275 loco.
3116 5235 3214 5295 oua
3235 5227 3615 5295 ductiomnjum

2028 5285 2141 5343 Mss:
2162 5285 2449 5343 auctoi'itate
2472 5285 2732 5341 lectionem
2754 5285 3059 5346 muiavimus,
3083 5288 3322 5337 suadente
3346 5290 3489 5338 etiam
3509 5285 3617 5337 loco

2028 5353 2112 5405 illo
2122 5368 2264 5417 supra
2284 5352 2424 5415 paulo
2449 5360 2555 5414 post
2589 5353 2793 5417 initium,
2819 5346 3037 5417 Quamvis
3059 5346 3187 5417 enirn
3209 5354 3617 5417 Pentecosteprw-

2029 5410 2299 5477 teriit,'quo'
2337 5410 2552 5463 iunu'itur
2596 5414 2674 5461 hic
2706 5411 2970 5472 legendum
3005 5411 3195 5458 essein
3231 5410 3442 5477 secundo
3480 5410 3613 5469 loco,

2029 5484 2204 5528 exacta
2219 5472 2514 5525 'ttcntecoste.
2539 5479 2952 5535 MesOpenteeoste
2975 5480 3139 5535 autem
3165 5479 3272 5521 erat
3294 5472 3416 5520 feria
3446 5481 3615 5533 quarta

2030 5537 2346 5587 hebdomadis
2389 5543 2574 5598 quarta:
2614 5533 2719 5598 post
2750 5533 2946 5598 Pascha;
2980 5533 3050 5581 sic
3081 5533 3235 5592 dicta,
3263 5536 3379 5596 quia.
3406 5535 3617 5598 medium

2031 5602 2235 5658 Spatium
2271 5593 2535 5658 occupabat
2578 5593 2751 5644 Pascha
2795 5594 2925 5642 inter
2954 5603 3003 5658 et
3048 5593 3490 5658 Pentecostennne
3537 5593 3617 5642 illa

2032 5652 2169 5722 plura
2191 5652 2406 5722 Cangius'
2426 5658 2477 5705 in
2501 5658 2737 5722 Glossario
2772 5661 2951 5722 graeco.
2986 5652 3206 5722 Inferiori
3243 5668 3347 5722 tero
3389 5654 3617 5722 frequen.

2035 5714 2219 5771 iissime
2244 5714 2347 5767 hiis
2371 5732 2459 5765 vox
2488 5719 2706 5766 occurrit.
2738 5715 2915 5777 Aliquis
2955 5729 3074 5777 ergo
3105 5717 3363 5777 imperitus
3396 5714 3623 5777 librarius

2034 5784 2114 5831 hic
2137 5786 2584 5841 Mesopenteeosten
2608 5785 2799 5826 temere
2826 5776 3031 5825 induxit.
3058 5776 3185 5827 Adde
3208 5789 3317 5839 quae
3338 5776 3551 5826 diximus
3571 5778 3619 5824 ln

2038 5843 2171 5893 t‘rzef.
2197 5840 2333 5890 Toiui
2350 5841 2513 5910 hujus,
2535 5840 2561 5904 ἐ
2583 5853 2675 5889 inn.
