4064 6440
494 329 590 384 671

489 442 580 512 qui
604 457 657 496 tn
681 439 930 510 pecunias
951 436 1393 496 insaniunt.tanto
1409 449 1586 490 rerum
1605 434 1957 504 periturarum
1977 446 2077 486 nec

492 547 862 587 mansurarum
881 539 1127 585 tenentur
1141 526 1336 586 studio,
1352 527 1519 580 multo
1535 526 1702 596 magis
1713 526 1813 581 hoc
1829 541 1927 580 nos
1943 527 1995 581 in
2008 526 2082 580 di-

491 624 630 677 vinis
647 623 820 676 facere
835 617 1098 674 thesauris
1115 627 1348 686 oportet,
1374 631 1471 670 nec
1485 617 1630 685 prius
1653 616 1910 671 absistere
1921 631 2080 684 quam

493 723 661 768 totum
685 713 788 768 hoc
801 709 940 782 quod
959 709 1030 764 ibi
1047 708 1286 763 videmus
1304 711 1730 762 exhauserimus.
1745 707 1864 761 Dixi
1879 714 2079 770 autem,

492 805 634 878 quod
667 805 737 859 ibi
765 803 1028 866 videmus,
1054 802 1177 871 quia
1209 801 1510 855 universum
1537 800 1820 854 exhaurire
1847 813 1952 854 non
1981 798 2080 853 da-

501 907 606 952 tur.
641 894 784 949 Fons
811 894 954 949 enim
986 903 1068 948 est
1089 891 1394 962 perenniter
1418 905 1640 946 manans
1680 891 1976 945 divinarum
2002 891 2084 945 vis

490 985 878 1040 sententiarum
905 1024 920 1048 ,
970 995 1257 1051 numquam
1297 980 1550 1036 deﬁciens
1573 1021 1590 1047 ,
1629 995 1916 1050 numquam
1957 994 2085 1035 eva-

489 1075 720 1132 cuanda.
769 1075 952 1144 Itaque
972 1089 1041 1129 ne
1065 1072 1459 1142 defatigemur:
1491 1087 1598 1126 non
1629 1074 1772 1126 enim
1803 1071 1870 1126 de
1896 1069 2082 1140 vulga-

490 1167 641 1223 ribus
670 1167 832 1223 rebus
859 1164 1014 1220 nobis
1047 1173 1129 1218 est
1167 1164 1346 1219 oratio
1365 1202 1380 1227 ,
1411 1161 1506 1218 sed
1530 1161 1598 1216 de
1619 1160 1944 1231 precatione,
1987 1174 2084 1229 spe

490 1267 709 1323 nostra;
733 1255 1040 1328 precatione
1071 1269 1165 1324 per
1190 1268 1348 1323 quam
1376 1251 1575 1306 sterilis
1615 1259 1784 1304 mater
1809 1258 1891 1304 est
1919 1248 2080 1315 facta,

488 1359 544 1404 et
569 1362 870 1404 numerosa:
894 1345 1061 1418 prolis
1088 1360 1281 1414 parens
1309 1359 1427 1412 qua:
1459 1342 1581 1395 ﬁliis
1625 1341 1838 1395 carebat
1862 1381 1879 1407 ,
1908 1349 1963 1394 et
2010 1355 2077 1395 ex

493 1451 757 1501 tumente
786 1441 942 1506 laeta;
971 1455 1067 1510 per
1096 1453 1255 1508 quant
1278 1436 1463 1490 vitiosa
1495 1433 1842 1504 reparabatur
1871 1441 2081 1496 natura,

498 1535 788 1604 clausaque
819 1529 1163 1586 reserabatur
1185 1527 1399 1591 matrix,
1431 1535 1485 1580 et
1511 1523 1850 1593 impossibilia
1889 1522 2083 1578 ﬁebant

495 1624 790 1696 possibilia.
810 1624 1150 1693 Quapropter
1175 1620 1350 1674 omnia
1390 1619 1642 1688 paulatim
1665 1625 2078 1686 perserutemur,

493 1718 730 1790 singulas
756 1717 1092 1786 explicantes
1107 1715 1390 1775 dictiones,
1409 1723 1464 1767 ut
1481 1727 1546 1767 ne
1566 1711 1844 1766 minimum
1870 1710 2082 1780 quidem

491 1823 612 1874 nos,
635 1814 896 1878 quantum
918 1806 1031 1860 ﬁeri
1057 1813 1248 1874 potest,
1274 1803 1506 1873 ell‘ugiat.
1531 1802 1803 1872 Siquidem
1833 1810 2081 1872 propter-

489 1915 552 1954 ea
582 1898 714 1954 duas
742 1899 973 1969 integras
997 1896 1397 1952 dissertationes
1442 1895 1495 1950 in
1523 1894 1630 1949 duo
1657 1895 1768 1948 sola
1797 1895 1912 1963 ejus
1942 1893 2082 1949 dicta

497 1990 877 2062 insumpsimus
916 2006 929 2042 :
963 1988 1227 2059 primum,
1275 1986 1644 2056 Con/innatum
1685 1997 1760 2040 est
1798 2001 1883 2040 cor
1919 2003 2086 2039 meum

492 2080 547 2134 in
575 2077 816 2146 Domino,
843 2088 898 2134 et
922 2078 1063 2150 quod
1086 2094 1210 2134 mox
1231 2078 1490 2149 sequitur,
1517 2076 1811 2130 Exaltatum
1837 2086 1908 2130 est
1927 2093 2086 2131 cornu

494 2188 660 2226 meum
701 2172 754 2225 in
784 2171 891 2225 Deo
921 2187 1032 2224 meo
1061 2172 1138 2241 (1.
1170 2169 1294 2240 Reg.
1323 2169 1378 2222 2.
1411 2169 1487 2236 1).
1538 2169 1883 2238 Consequens
1929 2169 2086 2238 igitur

495 2272 578 2315 est
607 2260 765 2317 hodie
789 2260 856 2316 ad
886 2263 1101 2316 tertium
1133 2262 1342 2318 venire.
1366 2259 1518 2327 Quod
1553 2274 1683 2315 vero
1707 2257 1806 2314 hoc
1834 2259 1953 2315 est?
1995 2258 2086 2313 Di-

467 2407 470 2410 .
495 2353 706 2407 fatatum
732 2364 805 2406 est
832 2370 889 2407 os
913 2370 1076 2408 nicum
1104 2369 1255 2419 super
1281 2351 1512 2406 inimicos
1542 2367 1676 2405 meos
1702 2366 1722 2404 :
1762 2352 1934 2405 (alata
1973 2367 2086 2406 sum

493 2448 549 2501 in
585 2449 750 2502 salute
788 2457 894 2502 tua.
943 2446 1360 2502 Antmadvertite
1393 2453 1696 2499 accuratam
1738 2444 2035 2499 orationem
2069 2460 2084 2497 :

497 2555 604 2596 non
649 2539 818 2607 dixit,
863 2540 1155 2594 Exaeutum
1193 2547 1273 2593 est
1317 2552 1378 2592 os
1409 2552 1586 2591 meum
1628 2551 1790 2606 super
1843 2535 2086 2590 inimicos

495 2647 645 2688 meos
672 2649 686 2686 :
720 2647 825 2686 non
856 2631 998 2686 enim
1035 2630 1102 2686 ad
1125 2629 1364 2686 convicia
1391 2637 1445 2684 et
1480 2626 1699 2683 dicteria
1731 2633 2086 2696 praeparatum

493 2737 632 2787 erat,
663 2740 771 2779 non
798 2723 864 2778 ad
895 2724 1179 2793 opprobria
1206 2731 1260 2776 et
1292 2721 1718 2786 accusationem,
1761 2718 1854 2773 sed
1877 2717 1943 2772 ad
1971 2733 2087 2771 mo-

497 2815 754 2870 nitionem
785 2825 839 2868 ct
879 2814 1180 2879 consilium,
1205 2812 1268 2866 ad
1295 2811 1679 2866 correctionem
1701 2818 1756 2864 et
1779 2809 2086 2865 instructio-

500 2921 645 2960 nem.
678 2905 969 2975 Propterea
1012 2919 1122 2958 non
1155 2903 1323 2968 dixit,
1368 2902 1602 2955 Exacuta
1643 2910 1726 2956 est
1765 2900 1940 2969 lingua
1971 2913 2088 2954 mea

498 3012 660 3066 super
689 2996 933 3051 inimicos
960 3009 1127 3060 meos,
1175 2992 1298 3059 sed,
1333 2990 1618 3044 Dilutatum
1655 3001 1726 3044 est
1755 3007 1832 3044 os.
1865 2989 2090 3044 Relaxa-

500 3089 667 3154 tione,
696 3087 885 3157 inquit,
914 3085 1093 3140 fruor:
1129 3083 1296 3139 libere
1314 3083 1454 3152 loqui
1484 3096 1702 3152 possum
1727 3100 1741 3136 :
1756 3081 1864 3151 jam
1889 3079 2090 3151 pudore

499 3181 745 3236 discusso
770 3179 837 3234 ad
868 3179 1168 3234 libertatem
1193 3176 1344 3231 redii.
1379 3178 1455 3231 Ac
1478 3190 1545 3231 ne
1572 3191 1711 3229 nunc
1732 3173 1944 3245 quidem
1967 3189 2090 3229 mu-

502 3271 688 3325 lierem
718 3270 964 3325 :emulam
999 3269 1312 3334 nominavit,
1343 3267 1437 3322 sed
1463 3267 1774 3337 simpliciter
1817 3265 2091 3322 iudeﬁnita

502 3363 934 3433 nuncupatione,
977 3362 1125 3432 quasi
1169 3359 1397 3431 quadam
1437 3359 1611 3423 larva,
1659 3369 1820 3414 tantm
1863 3358 2092 3414 triStitiae

499 3467 716 3509 causam
762 3452 1061 3507 abscondit.
1117 3451 1231 3506 Non
1271 3450 1446 3517 dixit,
1491 3449 1632 3520 quod
1679 3450 1860 3504 multa:
1907 3449 2093 3505 dicunt

501 3543 798 3600 mulieres:
843 3541 1092 3598 Confudit
1119 3558 1238 3599 eam
1267 3542 1438 3609 Deus,
1482 3542 1756 3611 dissipavit
1797 3549 1852 3597 et
1894 3541 2091 3611 dejecit

501 3636 785 3691 scelestam
812 3645 865 3690 et
889 3644 1225 3704 arrogantem
1267 3643 1323 3689 et
1360 3635 1792 3704 magniloquam:
1835 3634 1928 3689 sed
1959 3636 2091 3688 sim-

509 3725 718 3795 pliciter
740 3765 756 3791 ,
788 3722 1073 3778 Dilatatnm
1102 3735 1172 3778 est
1200 3741 1256 3779 os
1283 3740 1448 3778 meum
1473 3741 1625 3796 super
1651 3725 1882 3779 inimicos
1922 3741 2093 3791 meos,-

509 3815 684 3870 laetata
713 3832 823 3870 sum
849 3816 899 3868 in
925 3813 1089 3869 salute
1109 3825 1214 3868 tua.

579 3905 645 3960 In
688 3907 905 3960 salutari
944 3904 1039 3960 Dei
1073 3906 1236 3960 thari
1279 3905 1401 3975 quid
1435 3906 1518 3961 sit.
1552 3937 1618 3950 ν
1649 3906 1783 3962 Vide
1819 3907 2090 3979 quomodo

505 3996 749 4053 eamdem
775 3997 945 4068 legem
979 4013 1073 4067 per
1101 4006 1264 4051 tutam
1296 3997 1655 4067 precationem
1704 4007 1900 4053 servat.
1944 3997 2095 4054 Sicut

507 4091 652 4145 enim
683 4091 736 4143 in
777 4091 1037 4160 principio
1061 4089 1286 4153 diccbat,
1324 4089 1690 4158 Con/innatum
1715 4100 1786 4144 est
1815 4107 1903 4143 cor
1929 4106 2095 4144 meum

508 4180 563 4232 iu
590 4177 828 4245 Domino,
865 4179 1143 4232 exaltatum
1168 4191 1239 4232 est
1260 4193 1418 4233 cornu
1444 4195 1609 4232 meum
1634 4183 1688 4232 in
1716 4178 1825 4234 Deo
1850 4197 1980 4247 meo,
2007 4181 2093 4234 di-

511 4269 726 4320 fatatum
751 4277 824 4321 est
850 4283 906 4320 os
951 4283 1117 4320 meum
1156 4283 1308 4336 super
1335 4268 1565 4322 inimicos
1593 4286 1727 4323 meos
1754 4286 1773 4323 .'
1799 4273 1868 4324 ita
1905 4281 1958 4325 et
1986 4271 2094 4336 hic,

509 4357 706 4412 Ltetata
730 4373 841 4411 sum
875 4357 928 4410 in
956 4355 1121 4411 salute
1145 4367 1251 4410 tua.
1283 4356 1398 4412 Non
1439 4358 1770 4428 simpliciter,
1811 4361 1863 4414 In
1904 4362 2094 4428 salute,

511 4447 630 4515 sed,
663 4447 727 4501 In
765 4447 930 4502 salute
958 4456 1065 4502 tua.
1094 4447 1208 4503 Non
1251 4449 1394 4504 enim
1424 4449 1676 4520 quoniam
1707 4460 1916 4506 servata
1955 4466 2096 4519 sum,

510 4539 606 4596 sed
635 4540 885 4610 quoniam
913 4554 1009 4610 per
1037 4547 1090 4594 te
1112 4549 1320 4596 servata
1361 4555 1501 4607 sum,
1547 4550 1828 4612 propterea
1867 4543 2018 4597 laetor
2044 4552 2099 4598 et

511 4633 742 4688 exsulto.
765 4633 920 4688 Tales
946 4634 1141 4704 quippe
1166 4643 1290 4688 sunt
1313 4643 1618 4689 sanctorum
1641 4636 1866 4703 animae;
1895 4636 1962 4691 de
1992 4637 2100 4691 Deo

515 4727 686 4796 magis
727 4727 976 4782 laetantur
1027 4736 1250 4782 auctore
1296 4743 1596 4794 munerum,
1653 4743 1812 4798 quam
1856 4729 1925 4785 de
1971 4730 2101 4800 ipsis

517 4818 829 4872 muneribus
860 4837 875 4873 :
907 4834 1012 4873 non
1042 4819 1184 4873 enim
1213 4828 1429 4889 propter
1449 4819 1587 4876 dona
1618 4822 1813 4890 ipsum,
1841 4824 1935 4878 sed
1961 4822 2101 4878 dona

517 4915 735 4977 propter
763 4907 910 4962 illum
937 4908 1184 4979 diligunt.
1219 4910 1332 4966 Hoc
1367 4927 1552 4966 servos
1580 4923 1766 4980 gratos
1790 4913 1965 4981 decet,
2000 4914 2101 4970 hoc

518 4998 746 5053 famulos
767 4998 1009 5053 beneficii
1036 5013 1320 5066 memores,
1345 5001 1595 5057 videlicet
1617 5003 1775 5058 rebus
1795 5005 1904 5058 suis
1927 5006 2102 5060 omni-

519 5091 617 5144 bus
648 5104 961 5160 praeponere
991 5088 1292 5143 Dominum.
1335 5089 1423 5145 Sic
1465 5092 1624 5145 etiam
1666 5107 1764 5147 nos
1803 5093 1977 5149 affecti
2023 5097 2101 5150 si-

518 5198 676 5240 mus:
706 5199 828 5240 cum
856 5186 1274 5256 peccaverimus,
1323 5202 1429 5240 non
1464 5186 1743 5243 doleamus
1783 5190 1906 5258 quia
1947 5190 2102 5259 puni-

520 5291 658 5341 mur,
685 5277 780 5333 sed
800 5278 924 5348 quia
947 5280 1230 5334 Dominum
1261 5279 1580 5336 offendimus
1607 5299 1619 5334 :
1652 5292 1705 5337 et
1732 5283 1774 5335 si
1801 5283 1942 5353 quod
1968 5298 2102 5354 opus

521 5367 718 5422 bonum
746 5380 988 5424 nostrum
1029 5379 1133 5437 est,
1180 5385 1287 5425 non
1333 5370 1659 5440 gaudeamus
1693 5383 1910 5440 propter
1938 5389 2100 5443 regna

515 5459 793 5526 ctelorum,
833 5460 927 5515 sed
953 5463 1075 5530 quia
1116 5477 1228 5516 rem
1265 5464 1518 5518 caelorum
1565 5463 1694 5533 Regi
1738 5472 1944 5533 gratam
1971 5464 2094 5521 feci-

519 5562 655 5601 mus.
679 5548 776 5616 Qui
805 5550 946 5604 enim
977 5567 1121 5605 sana:
1156 5555 1351 5608 mentis
1378 5563 1478 5620 est,
1510 5552 1769 5607 offensam
1809 5553 1902 5610 Dei
1933 5556 2100 5625 magis

518 5636 690 5702 timet,
717 5653 876 5706 quam
927 5639 1086 5692 ullam
1117 5640 1433 5709 gehennam,
1469 5653 1524 5697 et
1549 5643 1763 5714 placere
1800 5645 1906 5699 Deo
1936 5645 2099 5714 pluris

520 5728 766 5798 aestimat,
793 5747 952 5802 quam
1001 5733 1164 5787 ullum
1202 5749 1442 5804 regnum.
1476 5733 1586 5792 Nec
1627 5737 1838 5793 mireris
1876 5739 1922 5795 si
1965 5753 2092 5810 erga

1207 325 1263 380 S.
1303 321 1579 379 JOANNIS
1612 317 2085 378 CHRYSOSTOMI
2125 315 2446 375 ARCIIIEP.
2486 317 3019 380 CONS'I'ANTINOP.

3673 329 3778 388 67!

2195 432 2363 486 Deum
2399 448 2520 490 esse
2545 435 2622 490 sic
2657 434 2906 492 allectum
2933 448 3166 508 oportet,
3209 455 3333 496 cum
3360 457 3491 513 erga
3532 444 3779 503 homines

2189 525 2338 579 multi
2367 527 2447 582 sic
2488 527 2664 583 allecti
2694 530 2819 584 sint.
2851 530 3005 600 Saepe
3029 535 3172 588 enim
3203 536 3293 605 qui
3324 551 3618 606 germanos
3646 535 3778 593 libe-

2189 630 2278 670 ros
2325 616 2602 682 habemus,
2645 621 2689 674 si
2728 622 2810 676 vel
2855 623 3002 678 inviti
3039 639 3134 679 eos
3183 626 3504 696 laeserimus,
3550 645 3583 684 a
3629 631 3781 687 nobis

2187 705 2317 776 ipsis
2347 723 2532 776 pmnas
2561 709 2892 780 reposcimus
2921 731 2934 766 :
2964 723 3019 768 et
3052 729 3179 786 erga
3201 718 3404 772 amicos
3429 718 3578 774 idem
3607 720 3782 777 facere

2187 796 2445 852 solemus.
2475 797 2628 866 Quod
2668 801 2712 856 si
2759 802 2962 858 amicos
2990 813 3081 858 aut
3119 804 3258 860 ﬁlios
3299 807 3579 864 offendere
3609 811 3781 865 multo

2186 891 2403 957 gravius
2445 901 2692 960 putamus
2734 907 2894 962 quam
2942 910 3128 964 pinnas
3175 896 3350 964 luere,
3399 899 3574 955 multo
3613 903 3784 972 magis

2185 991 2311 1048 erga
2338 979 2504 1034 Deum
2547 983 2626 1036 sic
2649 981 2786 1038 afﬁci
2815 983 2988 1052 decet,
3019 995 3071 1041 et
3111 989 3256 1043 onmi
3285 988 3530 1060 gehenna
3562 994 3784 1061 gravius

2189 1071 2482 1139 putandum
2529 1083 2633 1140 est,
2678 1076 2877 1146 aliquid
2919 1075 3110 1134 fecisse
3153 1081 3296 1150 quod
3347 1083 3424 1136 illi
3473 1082 3780 1154 displiceat.

2189 1161 2332 1218 Talis
2375 1173 2492 1218 erat
2521 1165 2709 1222 beatus
2747 1167 2944 1223 Paulus
2973 1189 2987 1224 :
3012 1182 3291 1242 propterea
3335 1173 3571 1243 dicebat,
3601 1177 3783 1230 Certus

2186 1271 2298 1309 sum
2327 1257 2462 1325 quod
2489 1275 2651 1327 neque
2690 1263 2879 1332 angeli,
2925 1279 3083 1333 neque
3118 1266 3456 1337 principatus,
3496 1285 3662 1338 neque
3690 1288 3782 1340 po-

2187 1353 2410 1412 testates,
2437 1363 2594 1416 neque
2614 1352 2904 1418 prementia,
2938 1369 3098 1422 neque
3129 1357 3325 1425 futura,
3351 1374 3510 1425 neque
3534 1360 3780 1426 altitudo,

2188 1454 2344 1508 neque
2383 1441 2710 1510 profundum,
2747 1459 2838 1497 nec
2881 1447 2985 1498 alia
3023 1458 3254 1501 creatura
3279 1450 3463 1519 poterit
3492 1467 3586 1505 nos
3622 1469 3783 1521 sepa-

2186 1544 2304 1583 rare
2344 1546 2376 1581 a
2403 1533 2612 1585 caritate
2638 1530 2755 1597 Dei,
2803 1550 2918 1604 quae
2955 1547 3028 1590 est
3056 1537 3111 1590 in
3140 1536 3337 1593 Christo
3383 1539 3510 1594 Iesu
3553 1539 3786 1597 Domino

2186 1629 2357 1673 nostro
2387 1620 2560 1691 (Rom.
2603 1623 2656 1677 8.
2689 1623 2781 1680 39.
2819 1625 2929 1695 10).
2975 1627 3112 1694 Quin
3157 1639 3214 1684 et
3259 1643 3474 1688 sanctos
3513 1644 3787 1706 martyres

2187 1725 2312 1765 cum
2339 1711 2526 1768 beatos
2575 1730 2847 1783 vocamus,
2891 1719 2960 1773 ob
2991 1721 3208 1776 vulnera
3254 1723 3488 1791 primum
3513 1727 3786 1794 pradica.

2189 1817 2328 1870 mus,
2360 1821 2482 1860 mox
2521 1806 2593 1861 ob
2619 1809 2871 1877 prmmia;
2900 1812 3050 1882 prius
3096 1813 3166 1868 ob
3206 1815 3408 1885 plagas,
3453 1827 3508 1872 et
3537 1827 3650 1873 tum
3681 1819 3788 1874 de-

2188 1909 2335 1948 mum
2377 1895 2447 1950 ob
2491 1911 2720 1952 coronas
2772 1900 3056 1968 repositas.
3099 1901 3326 1958 Praemia
3372 1907 3515 1960 enim
3557 1919 3788 1978 propter

2189 1986 2406 2040 vulnera
2443 1988 2776 2058 contingunt,
2818 1998 2873 2044 et
2899 2005 3005 2045 non
3033 1991 3253 2047 vulnera
3283 2004 3506 2064 propter
3533 1999 3784 2066 praemia.

2259 2075 2313 2130 3.
2355 2074 2630 2131 xErumme
2667 2095 2760 2146 pro
2783 2076 2985 2134 Christo
3025 2086 3275 2150 tolerata,
3316 2095 3436 2138 sunt
3478 2089 3665 2157 gratia,
3697 2105 3783 2143 eo.

2189 2182 2336 2232 rana,
2365 2183 2572 2222 merces.
2596 2197 2668 2209 —
2695 2169 2770 2224 Ita
2795 2172 2982 2226 beatus
3011 2187 3226 2243 quoque
3269 2175 3466 2231 Paulus
3509 2193 3619 2233 non
3669 2190 3790 2235 tam

2189 2260 2439 2329 repositis
2463 2261 2565 2316 sibi
2592 2261 2769 2327 bonis,
2791 2279 2950 2333 quam
2977 2266 3237 2322 molestiis
3263 2277 3482 2339 propter
3504 2269 3790 2327 Christum

2189 2352 2519 2421 perferendis
2543 2354 2828 2424 gaudebat,
2851 2356 3217 2429 clamabatque
3241 2359 3451 2427 dicens,
3484 2361 3703 2417 Gaudeo
3731 2365 3789 2419 ia

2191 2445 2506 2512 passionibus
2553 2463 2644 2516 pro
2677 2448 2816 2502 vobis
2865 2448 2998 2519 (Col.
3046 2450 3099 2504 1.
3127 2451 3221 2522 24)
3247 2469 3262 2506 :
3293 2460 3349 2508 et
3386 2454 3600 2521 iterum,
3654 2454 3791 2510 Non

2190 2538 2356 2592 solum
2396 2547 2586 2603 autem,
2643 2556 2817 2594 verum
2866 2551 2913 2595 et
2955 2544 3233 2612 gloriamur
3272 2547 3326 2599 in
3373 2547 3790 2604 tribulationibus

2193 2628 2371 2698 (Rom.
2401 2631 2455 2684 5.
2478 2630 2534 2701 ὅ)
2563 2648 2576 2684 :
2605 2639 2663 2685 et
2688 2646 2920 2699 rursum,
2953 2633 3209 2700 Quoniam
3256 2637 3404 2690 nobis
3432 2637 3679 2691 donatum
3713 2656 3795 2694 est

2191 2734 2224 2771 a
2253 2717 2379 2784 Deo,
2413 2729 2466 2772 ut
2502 2737 2604 2774 non
2631 2722 2796 2776 solum
2823 2722 2878 2776 in
2921 2740 3036 2776 eum
3061 2724 3348 2792 credamus,
3380 2727 3470 2780 sed
3506 2731 3655 2781 etiam
3687 2747 3792 2799 pro

2191 2824 2251 2862 eo
2283 2810 2538 2880 patiamur
2580 2808 2837 2880 (Philipp.
2874 2813 2927 2867 1.
2969 2812 3087 2882 29).
3137 2813 3232 2869 Est
3267 2816 3413 2870 enim
3451 2819 3615 2886 gratia
3661 2827 3805 2870 vere

2192 2901 2445 2968 maxima,
2488 2899 2706 2972 dignum
2755 2904 2966 2960 censeri
3010 2916 3226 2976 propter
3265 2905 3535 2962 Christum
3575 2911 3794 2980 aliquid

2194 2992 2325 3060 pati,
2357 3001 2412 3047 et
2429 3006 2628 3048 corona
2653 3008 2783 3049 vere
2812 2995 3069 3064 perfecta,
3099 3007 3156 3052 et
3178 3013 3385 3054 merces
3411 2998 3585 3055 futura
3617 3005 3794 3058 retri-

2193 3078 2415 3136 butione
2453 3095 2558 3136 non
2602 3083 2820 3138 minor:
2849 3095 2901 3140 et
2955 3084 3056 3142 hoc
3100 3097 3298 3143 norunt
3321 3091 3411 3159 qui
3439 3091 3672 3161 legitime
3721 3108 3795 3149 ac

2193 3170 2464 3227 ferventer
2490 3172 2762 3229 Christum
2781 3175 3007 3248 diligere
3042 3179 3236 3234 sciunt.
3269 3179 3415 3236 Talis
3441 3191 3554 3237 erat
3579 3193 3634 3238 et
3662 3183 3796 3240 haec

2194 3264 2405 3330 mulier,
2443 3266 2873 3323 ardentissimum
2919 3270 3119 3326 habens
3157 3272 3211 3326 in
3241 3273 3406 3329 Deum
3432 3274 3794 3343 desiderium,

2193 3368 2246 3411 et
2277 3358 2497 3426 ignitum
2539 3373 2818 3416 amorem:
2852 3371 3133 3432 propterea
3171 3363 3403 3432 dicebat,
3444 3365 3639 3420 Letum
3665 3384 3793 3422 sum

2194 3445 2248 3500 in
2274 3449 2488 3502 salutari
2535 3459 2641 3503 tuo.
2671 3449 2814 3506 Nihil
2839 3453 2983 3507 enim
3013 3454 3110 3523 ipsi
3156 3453 3254 3509 fuit
3285 3471 3408 3510 cum
3451 3466 3588 3512 terra
3629 3473 3794 3513 com-

2194 3552 2375 3604 mune,
2401 3538 2496 3594 sed
2537 3554 2698 3596 omne
2727 3543 3016 3598 humanum
3055 3547 3310 3601 auxilium
3345 3547 3693 3618 despiciebat,
3732 3563 3796 3607 et

2195 3637 2314 3684 erat
2333 3630 2566 3700 Spiritus
2587 3633 2754 3703 gratia
2777 3635 3040 3701 sublimis,
3071 3637 3124 3692 in
3144 3637 3499 3708 omnibusque
3518 3640 3584 3694 ad
3614 3641 3795 3696 Deum

2199 3721 2540 3792 respiciebat,
2571 3732 2628 3778 et
2658 3725 2726 3780 ab
2755 3727 3066 3796 urgentibus
3090 3730 3348 3785 molestiis
3393 3731 3538 3786 illinc
3564 3731 3794 3788 liberari

2195 3813 2438 3884 rogabat.
2465 3813 2698 3871 Noverat
2724 3817 2890 3885 enim,
2936 3817 3094 3889 plane
3123 3832 3363 3889 noverat,
3405 3822 3637 3878 humana
3666 3825 3799 3895 qui-

2197 3905 2340 3973 dem,
2371 3908 2777 3979 qualiacumque
2813 3910 2943 3979 sint,
2973 3911 3213 3968 dantium
3246 3915 3446 3969 imitari
3487 3927 3742 3974 naturam
3772 3937 3786 3971 :

2199 3999 2353 4054 nobis
2376 4009 2555 4055 autem
2579 3999 2762 4056 divino
2780 4017 2996 4073 semper
3021 4018 3157 4082 opus
3182 4020 3305 4061 esse
3329 4007 3547 4074 auxilio,
3570 4009 3617 4061 si
3650 4009 3788 4063 veli-

2199 4104 2318 4144 mus
2346 4105 2597 4146 ancoram
2638 4093 2691 4146 in
2723 4102 2835 4148 tuto
2876 4093 3113 4150 ﬁrmare.
3143 4096 3480 4167 Quapropter
3510 4098 3578 4153 ad
3612 4099 3794 4156 Deum

2198 4196 2411 4251 semper
2453 4181 2826 4254 confugiebat;
2865 4194 2922 4239 et
2966 4197 3185 4257 accepta
3223 4191 3416 4258 gratia,
3457 4189 3602 4259 quod
3646 4191 3796 4247 Deus

2199 4273 2316 4341 ejus
2347 4283 2534 4328 auctor
2574 4286 2735 4340 esset,
2779 4276 2949 4346 magis
2986 4277 3270 4347 gaudebat,
3300 4288 3356 4334 et
3383 4280 3582 4349 gratias
3619 4295 3796 4351 agens

2199 4361 2410 4416 diccbat
2440 4381 2454 4416 :
2485 4361 2603 4417 Non
2643 4375 2713 4420 est
2739 4375 2965 4434 sanctus,
2998 4376 3052 4420 ut
3092 4378 3166 4422 est
3189 4367 3454 4437 Dominus,
3503 4381 3551 4424 et
3584 4388 3685 4426 non
3713 4389 3777 4426 es

2191 4453 2363 4521 justus
2388 4453 2519 4508 sicut
2554 4453 2694 4510 Deus
2722 4467 2908 4526 noster,
2945 4468 2990 4512 et
3031 4475 3133 4513 non
3172 4470 3245 4514 est
3296 4471 3500 4515 sanctus
3530 4474 3716 4532 praatcr
3745 4476 3797 4517 te

2204 4544 2281 4612 (l.
2306 4542 2433 4614 Reg.
2464 4543 2516 4598 2.
2545 4544 2625 4616 9.).
2653 4545 2863 4602 Etenim
2903 4549 3391 4619 irreprebensibile,
3427 4552 3622 4621 inquit,
3641 4553 3783 4622 judi~

2202 4636 2342 4689 cium
2374 4637 2509 4702 ejus,
2539 4646 2593 4690 et
2627 4636 2933 4708 incorrupta
2976 4638 3376 4711 infallibilisque
3402 4643 3700 4699 sententia.

2276 4726 2430 4781 Ratio
2458 4729 2798 4797 beneﬁcentia:
2836 4747 2867 4783 a
2901 4729 3009 4786 Deo
3041 4750 3141 4786 non
3171 4735 3522 4804 reposcenda;
3564 4752 3796 4806 pauper-

2205 4827 2281 4872 tas
2308 4829 2441 4873 artes
2469 4820 2675 4874 invenit.
2698 4851 2768 4861 —
2793 4821 2984 4877 Vidisti
3029 4837 3194 4894 gratae
3221 4826 3417 4882 anima:
3459 4830 3788 4898 cogitatum.

2203 4909 2318 4962 Non
2348 4909 2482 4964 dixit
2510 4911 2645 4966 intra
2671 4928 2732 4968 se
2756 4931 2768 4967 :
2801 4913 2936 4982 Quid
2966 4931 3239 4986 magnum,
3267 4927 3359 4972 aut
3385 4919 3511 4990 quid
3533 4936 3649 4992 pra:
3675 4921 3797 4977 aliis

2203 5002 2384 5070 accepi
2406 5003 2430 5054 ?
2451 5003 2600 5069 Quod
2629 5005 2836 5059 aemulae
2875 5021 3009 5061 mea:
3043 5009 3154 5076 jam
3180 5008 3382 5064 dudum
3409 5013 3632 5082 copiose
3662 5028 3795 5066 cou-

2207 5093 2345 5164 tigit,
2377 5094 2428 5148 id
2457 5110 2557 5166 ego
2594 5095 2679 5151 vix
2711 5097 2927 5152 tandem
2956 5115 3151 5171 magno
3189 5112 3409 5170 conatu,
3435 5112 3490 5158 et
3519 5104 3793 5176 lacrymis,

2204 5194 2260 5239 et
2289 5185 2557 5254 precibus,
2605 5198 2658 5242 et
2689 5189 3165 5258 supplicationibus
3194 5192 3492 5262 impetravi.
3523 5192 3630 5250 Sed
3658 5211 3795 5266 quo-

2205 5274 2348 5328 niam
2391 5276 2526 5332 bene
2580 5279 2845 5333 sentiebat
2895 5279 2964 5334 de
3009 5281 3100 5336 Dei
3130 5283 3486 5352 providentia,
3530 5286 3796 5342 rationem

2204 5367 2569 5424 beneﬁcentia:
2613 5385 2716 5424 non
2758 5373 2991 5440 reposcit
3013 5388 3042 5426 a
3074 5373 3322 5443 Domino,
3354 5376 3497 5446 quod
3527 5377 3682 5432 multi
3713 5378 3791 5431 fa-

2205 5461 2372 5526 ciunt,
2419 5463 2654 5531 quotidie
2689 5463 2856 5518 Deum
2902 5465 2955 5518 in
3001 5466 3090 5536 jus
3138 5476 3410 5523 vocantes.
3457 5469 3516 5524 Si
3564 5469 3795 5524 viderint

2206 5553 2346 5608 hunc
2375 5553 2614 5622 divitem,
2640 5557 2800 5611 alium
2827 5557 3064 5627 inopem,
3097 5574 3201 5613 non
3227 5559 3483 5615 desinunt
3506 5562 3794 5616 adversum

2205 5645 2322 5714 ejus
2347 5647 2734 5714 providentiam
2771 5648 3009 5719 obloqui.
3037 5650 3174 5718 Quid
3216 5651 3366 5718 facis,
3414 5666 3448 5706 ο
3490 5653 3688 5707 homo?
3717 5652 3795 5707 De

2206 5750 2465 5794 conservo
2492 5747 2543 5795 te
2566 5737 2810 5809 judicare
2841 5756 2947 5797 non
2988 5742 3116 5799 sinit
3151 5743 3347 5802 Paulus
3373 5743 3587 5814 dicens,
3616 5744 3796 5802 Nolite
