4064 6434
249 403 340 456 671

247 523 311 589 τῇ
335 514 555 588 σπουδῇ,
581 520 760 592 πολλῴ
782 523 978 592 μᾶλλον
1011 527 1155 596 ἡμᾶς
1180 527 1272 582 ἐπὶ
1297 530 1404 583 τῶν
1427 531 1586 586 θείων
1613 535 1813 605 θησαυ-

247 603 355 673 ρῶν
380 602 537 653 τοῦτο
570 606 740 656 ποιεῖν
773 606 898 676 χρὴ,
929 607 1024 659 καὶ
1061 609 1133 680 μὴ
1166 613 1426 682 πρότερον
1463 602 1811 684 ἀφίστασθαι,

245 685 345 746 ἕως
379 684 522 735 ἆπαν
551 685 611 737 τὸ
649 688 966 756 φαινόμενον
999 690 1430 764 ἐξαντλήσωμεν.
1457 697 1529 749 Τὸ
1557 699 1816 768 φαινόμε-

244 783 329 818 νοι
376 767 432 818 δὲ
481 763 633 820 εἷπον
658 808 671 831 ,
703 771 888 842 ἐπειδὴ
923 774 1100 826 πάντα
1145 775 1466 847 ἐξαντλῆσαι
1513 781 1811 852 ἀμήχανον.

247 850 396 920 Πηγὴ
425 851 528 920 γάρ
553 852 667 904 ἐστι
694 853 954 922 διηνεκῶς
987 856 1254 925 βλύζουσα
1275 861 1383 914 τῶν
1417 861 1574 916 θείων
1605 850 1812 934 νοημά-

240 950 343 986 των
379 936 412 1005 ἡ
446 934 693 1006 δύναμις,
727 938 979 993 οὐδέποτε
1014 942 1389 1009 ἐπιλείπουσα,
1423 947 1542 998 οὐδὲ
1566 947 1810 1003 δαπανω-

243 1018 398 1086 μένη.
435 1018 521 1090 Μὴ
570 1021 749 1073 τοίνυν
792 1023 1165 1094 ἀποκάμωμεν
1187 1043 1199 1056 ι
1225 1027 1344 1080 οὐδέ
1376 1029 1483 1100 γὰρ
1525 1031 1663 1101 ὑπὲρ
1700 1033 1808 1085 τῶν

238 1102 501 1170 τυχόντων
523 1104 654 1173 ἡμῖν
687 1107 715 1156 ὁ
737 1105 911 1172 λόγος,
947 1107 1081 1159 ἀλλά
1109 1110 1235 1179 περὶ
1260 1110 1446 1180 εὐχῆς,
1474 1112 1573 1182 τῆς
1597 1113 1806 1179 ἐλπίδος

236 1184 329 1251 τῆς
351 1185 621 1254 ἡμετέρας
645 1201 659 1215 ⁸
690 1187 855 1256 εὐχῆς
879 1189 954 1252 δὲ,
983 1189 1047 1242 δι’
1062 1185 1181 1261 ῆςὴ
1209 1195 1394 1264 στεῖρα
1423 1195 1602 1264 μήτηρ
1627 1197 1806 1263 ἐγένε-

235 1283 309 1317 το.
353 1267 446 1318 καὶ
490 1267 754 1332 πολύπαις
780 1272 811 1340 ἡ
844 1271 1030 1334 ἄπαις,
1063 1273 1154 1325 καὶ
1185 1275 1218 1343 ἡ
1250 1274 1546 1339 κατώδυνος
1569 1279 1626 1330 ἐν
1646 1279 1803 1333 εὐθυ-

237 1349 347 1418 μία·
367 1349 433 1399 δι’
456 1351 523 1419 ἣν
550 1353 582 1420 ἡ
607 1354 976 1424 πεπηρωμένη
993 1354 1286 1425 διωρθοῦτο
1305 1356 1484 1426 φύσις,
1503 1361 1595 1412 καὶ
1618 1363 1800 1432 μήτρα

231 1431 700 1505 ἀποκεκλεισμένη
744 1435 1068 1506 ἀνεῴγνυτο,
1107 1439 1199 1490 καὶ
1230 1439 1296 1492 τὰ
1334 1441 1568 1496 ἀδύνατα
1602 1445 1797 1500 δυνατά

233 1513 404 1566 πάντα
460 1517 688 1583 ἐγίνετο.
741 1520 831 1571 Διὸ
861 1520 926 1590 δὴ
969 1521 1111 1573 κατά
1159 1523 1353 1594 μικρὸν
1398 1525 1798 1598 διερευνώμεθα

232 1597 430 1658 πάντα,
466 1599 586 1651 καθ’
635 1599 868 1670 ἑκάστην
916 1603 1072 1672 ῥῆσιν
1121 1605 1604 1677 ἀναπτύξαντεςε,
1654 1597 1794 1668 ὥστε

233 1679 358 1746 μηδὲ
385 1680 446 1731 τὸ
475 1681 798 1751 μικρότατον
830 1685 997 1753 ἡμᾶς,
1032 1685 1108 1749 ώς
1135 1681 1245 1740 οἷόν
1273 1705 1353 1752 τε,
1394 1693 1790 1764 παραδραμεῖν.

227 1763 321 1814 Διὰ
337 1763 398 1833 δὴ
428 1762 587 1816 τοῦτο
613 1764 704 1816 δύο
731 1765 991 1831 διαλέξεις
1023 1769 1347 1841 ὁλοκλήρους
1376 1774 1456 1837 είς
1491 1762 1586 1828 δύο
1608 1762 1792 1847 ρῆσεις

226 1844 574 1917 ἀνηλώσαμεν
601 1847 787 1916 μόνας,
821 1851 900 1912 εἵς
926 1867 984 1902 τε
1014 1851 1109 1922 τὴν
1133 1853 1354 1924 πρώτην
1380 1856 1478 1927 τὴν
1505 1844 1786 1930 λέῄυραν,

237 1930 580 1998 Ἑστερεώθη
598 1933 636 2000 ἡ
654 1932 863 1999 καρδία
873 1951 991 2002 μου
1007 1934 1074 1986 ἐν
1088 1939 1140 1989 Κ
1141 1938 1556 2011 υρίῳ,[742]καὶ
1570 1944 1664 2015 τὴν
1676 1946 1729 1998 δε
1737 1965 1789 1999 υ-

223 2016 377 2085 τέραν
400 2015 500 2085 τὴν
530 2015 646 2085 μετ’
687 2016 923 2086 ἐκείνην,
957 2018 1191 2086 ’Υψώθη
1223 2022 1400 2088 κέρας
1423 2041 1541 2092 μου
1565 2028 1634 2079 ἐν
1667 2029 1787 2095 Θεῷ

218 2113 348 2164 μου.
385 2097 702 2157 Ἀκόλουθον
728 2098 791 2168 δὴ
836 2100 1075 2170 σήμερον
1106 2102 1199 2154 ἐπὶ
1241 2104 1339 2174 τὴν
1376 2107 1565 2178 τρίτην
1590 2109 1780 2167 ἐλθεῖν.

223 2179 310 2242 Τίς
352 2179 407 2232 δέ
457 2182 605 2233 ἐστιν
664 2180 839 2249 αὐτη;
892 2183 1265 2253 Ἐπλατύνθη
1306 2189 1498 2258 στόμα
1537 2209 1656 2260 μου
1692 2196 1785 2248 ἐπ’

219 2262 462 2329 ἐχθρούς
488 2282 630 2332 μου,
668 2263 827 2334 φησίν
847 2281 861 2294 ’
897 2265 1240 2334 εὐφράνθην
1268 2270 1336 2322 ἐν
1359 2276 1617 2343 σωτηρίᾳ
1644 2293 1780 2333 σου.

220 2345 512 2414 Προσέχετε
535 2349 597 2417 τῇ
628 2346 882 2417 ἀκριϐείᾳ
910 2348 1008 2418 τῆς
1038 2347 1251 2413 λέξεως.
1272 2353 1385 2406 Οὐκ
1417 2350 1590 2409 εἶπεν
1626 2359 1782 2414 Ἠκο-

218 2427 339 2495 νήθη
372 2427 550 2497 στόμα
596 2447 698 2498 μου
725 2429 812 2481 ἐπ’
850 2429 1081 2498 ἐχθρούς
1112 2447 1242 2500 μουο
1277 2434 1337 2485 οὐ
1371 2435 1478 2506 γὰρ
1506 2439 1640 2508 πρὸς
1669 2440 1779 2494 λοι-

221 2509 386 2580 οορίας
424 2513 520 2563 καὶ
545 2512 856 2582 σκώμματα
883 2514 1313 2584 παρεσκεύαστο,
1343 2519 1402 2570 οὐ
1439 2521 1572 2591 πρὸς
1602 2523 1775 2596 ὀνείδη

223 2593 310 2645 καὶ
350 2594 722 2664 κατηγορίαν,
758 2595 890 2649 ἀλλὰ
939 2596 1074 2666 πρὸς
1122 2599 1440 2668 παραίνεσιν
1488 2605 1582 2655 καὶ
1640 2593 1778 2676 συμξ

218 2674 430 2746 ϐουλὴν,
492 2676 627 2746 πρὸς
670 2678 952 2748 διόρθωσιν
1001 2680 1093 2730 καὶ
1143 2681 1439 2735 νουθεσίαν.
1477 2685 1575 2738 Διὰ
1621 2674 1776 2742 τοῦτο

213 2759 301 2810 οὐκ
354 2756 550 2843 εἶπεν,
583 2758 850 2830 Ἠκονήθη
904 2762 937 2830 ἡ
987 2760 1206 2828 γλῶσσά
1259 2781 1359 2834 μου
1413 2768 1498 2819 ἐπ’
1549 2771 1775 2843 ἐχθρούς

217 2856 325 2907 μου,
362 2841 502 2904 ἀλλ’,
540 2842 935 2911 Ἐπλατύνθη.
973 2844 1233 2910 Ἀνέσεως
1254 2849 1562 2918 ἀπέλαυσα,
1588 2841 1770 2927 φησὶν,

215 2922 672 2996 ἐλευθεροστομεῖν
724 2925 977 2998 δύναμαι.
1023 2928 1136 2982 Νῦν
1185 2922 1612 3008 ἀπεκρουσάμην
1647 2922 1774 3012 ’τὴν

211 3008 453 3078 αισχύνην
484 3049 499 3070 ,
563 3010 698 3079 πρὸς
760 3013 1072 3083 παρρησίαν
1134 3016 1451 3088 ἐπανῆλθον.
1500 3025 1608 3077 Καὶ
1651 3008 1773 3080 οὐδέ

211 3089 424 3145 ἐνταῦθα
457 3090 614 3145 εἶπεν
647 3095 906 3164 ὀνομαστὶ
942 3097 1041 3166 τὴν
1069 3101 1304 3165 γυναῖκα
1330 3103 1428 3174 τὴν
1463 3108 1766 3180 ἀντίζηλον,

209 3172 331 3226 ἁλλὰ
359 3175 552 3239 ἁπλῶς
579 3177 658 3247 τῷ
681 3178 782 3259 τῆς
804 3181 1172 3252 προσηγορίας
1193 3172 1496 3258 ἀδιορίστῳ,
1521 3172 1769 3266 καθάπερ

208 3260 524 3330 προσωπείῳ
555 3253 867 3332 κατέκρυψε
893 3263 990 3333 τὴν
1023 3266 1258 3320 τοσαῦτα
1286 3269 1619 3342 λυπήσασαν.
1655 3253 1768 3333 Οὐκ

206 3336 358 3404 εἶπεν,
383 3344 409 3395 ὃ
435 3343 632 3396 πολλαὶ
657 3345 873 3412 λέγουσι
900 3351 1153 3416 γυναῖκες
1173 3366 1186 3380 ο
1221 3336 1568 3426 Κατῄσχυνεν
1600 3361 1766 3434 αὐτὴν

203 3423 227 3507 ὸ
250 3422 389 3489 Θεὸς,
416 3426 727 3498 κατέρραξε
754 3430 846 3482 καὶ
873 3432 1136 3484 κατέϐαλε
1157 3433 1254 3505 τὴν
1286 3422 1487 3507 μιαράν
1513 3444 1605 3495 καὶ
1631 3422 1764 3500 ἀλα·

204 3504 317 3567 ζόνα
361 3512 453 3564 καὶ
505 3512 914 3598 μεγαλήῖγορονξ
958 3514 1072 3568 ἀλλ’
1120 3504 1338 3583 ἁπλῶς,
1388 3504 1762 3598 -Ἐπλατύνθη

202 3591 377 3658 στόμα
402 3611 528 3661 μου
565 3595 658 3647 ἐπ’
697 3597 948 3664 ἐχθρούς
979 3616 1128 3668 μου’
1174 3603 1518 3675 εὐφράνθην
1547 3609 1614 3661 ὲν
1640 3591 1761 3661 σωξ

200 3676 354 3742 τηρίᾳ
389 3695 533 3731 σου.

264 3757 393 3828 Ὅρα
417 3759 544 3823 πῶς
572 3759 662 3812 τὸν
693 3761 854 3815 αὐτὸν
883 3762 1130 3835 διατηρεῖ
1160 3768 1322 3839 νόμον
1354 3771 1440 3824 διὰ
1461 3773 1560 3844 τῆς
1593 3777 1762 3848 εὐχῆς

197 3840 416 3914 ἀπάσης.
445 3846 660 3930 ’Ὠσπερ
691 3846 798 3916 γὰρ
834 3850 890 3901 ἐν
916 3849 1058 3920 ἀρχῇ
1091 3851 1292 3920 ἔλεγεν,
1330 3840 1688 3924 Ἐστερεώθῆ

198 3925 393 3992 καρδιά
417 3944 544 3997 μου
583 3927 652 3979 ἐν
701 3931 912 3997 Κυρίῳ,
938 3932 1147 4000 ὑψώθη
1186 3935 1360 4002 κέρας
1380 3957 1496 4007 μου
1527 3941 1596 3993 ἐν
1639 3925 1758 4008 Θεῷ

192 4025 314 4074 μου,
339 4011 686 4077 ἐπλατύνθη
714 4015 908 4081 στόμα
920 4031 1038 4082 μου
1058 4016 1148 4068 ἐπ’
1171 4018 1422 4086 ἐχθρούς
1439 4039 1558 4090 μου
1574 4040 1587 4054 ο
1615 4024 1756 4079 οὕτω

196 4101 278 4142 και
317 4093 584 4158 ἐνταῦθα,
627 4095 988 4179 Εὑφράκθην
1026 4098 1097 4151 ἐν
1142 4104 1407 4169 σωτηρίᾳ
1459 4121 1597 4160 σου.
1645 4109 1754 4179 Οὐχ

195 4173 385 4262 ἀπλῶς,
413 4178 474 4229 ἐν
492 4177 768 4262 ,σωτηρίῃ
794 4178 938 4262 ἀλλ’,
968 4182 1063 4234 Ὲν
1087 4187 1350 4253 σωτηρίᾳ
1377 4204 1513 4241 σου·
1542 4191 1616 4241 Οὐ
1646 4173 1754 4262 γὰρ

193 4254 364 4344 ἐπειδὴ
404 4257 650 4328 ἐσώθην,
683 4261 876 4344 φησιν,
919 4261 1034 4314 ἀλλ’
1063 4264 1248 4338 ἐπειδὴ
1289 4268 1373 4321 διὰ
1405 4270 1496 4322 σοῦ
1521 4254 1750 4344 ἐσώθην,
1793 4332 1799 4338 ,

191 4335 268 4391 διὰ
295 4340 447 4394 τοῦτο
482 4341 657 4412 χαίρω
695 4343 788 4394 καὶ
814 4344 1136 4416 ἀγάλλομαι.
1167 4335 1420 4404 Τοιαῦται
1446 4353 1555 4407 τῶν
1583 4335 1751 4424 ἁγίων

191 4422 240 4471 αἱ
265 4421 460 4492 ψυχαί·
503 4424 612 4507 τῶν
651 4424 839 4496 δώρων
876 4427 1075 4496 μᾶλλον
1108 4430 1389 4501 χαίρουσιν
1422 4435 1513 4487 ἐπὶ
1557 4421 1640 4507 τῷ⁷
1665 4440 1751 4492 δε-

189 4501 369 4587 δωκότι
406 4506 556 4576 Θεῷ·
603 4509 662 4560 οὐ
694 4508 802 4579 γὰρ
841 4511 1003 4563 αὐτὸν
1041 4512 1129 4566 διὰ
1173 4515 1240 4567 τὰ
1283 4516 1448 4584 αὐτοῦ
1482 4501 1746 4587 φιλοῦσιν,

188 4585 292 4638 ἀλλ’
324 4591 508 4643 ἐκεῖνα
549 4590 614 4643 δι’
663 4592 843 4645 αὐτόν.
890 4592 1059 4647 Τοῦτο
1096 4597 1321 4650 οἰκετῶν
1367 4600 1743 4672 εὐγνωμόνων,

187 4668 332 4723 τοῦτο
377 4672 579 4725 δούλων
621 4673 985 4745 εὐχαρίστων,
1025 4679 1240 4732 πάντων
1278 4680 1387 4734 τῶν
1419 4685 1625 4736 ἑαυτῶν
1655 4687 1747 4740 τὸν

187 4753 452 4825 Δεσπότην
483 4755 574 4808 τὸν
607 4756 815 4809 ἑαυτῶν
846 4759 1176 4828 προτιθέναι.
1212 4763 1386 4824 Οὕτω,
1422 4767 1743 4836 παρακαλῶ,

186 4835 270 4885 καὶ
289 4839 444 4907 ἡμεῖς
469 4839 841 4922 διακεώμεθα·
870 4842 972 4895 κᾶν
991 4845 1346 4916 άμάρτωμεν,
1371 4849 1445 4919 μὴ
1469 4835 1742 4922 ἀλγῶμεν,

186 4919 360 4992 ἐπειδὴ
414 4921 775 4993 κολαζόμεθα,
824 4925 939 4978 ἀλλ’
989 4928 1175 5001 ἐπειδὴ
1210 4919 1744 5004 παρωξύναμειίτὸν

183 5002 474 5075 Δεσπότην’
509 5005 613 5058 κᾶν
642 5008 1094 5078 κατορθώσωμεν,
1129 5015 1202 5080 μὴ
1232 5002 1517 5085 χαίρωμεν.
1533 5018 1618 5072 διὰ
1646 5019 1743 5089 τὴν

185 5083 450 5150 βασιλείαν
497 5089 605 5142 τῶν
637 5091 880 5159 οὐρανῶν
906 5132 921 5156 ,
960 5092 1074 5146 ἀλλ’
1106 5095 1290 5166 ἐπειδὴ
1334 5083 1616 5170 νὴρέσαμεν
1664 5102 1743 5172 τῷ

184 5167 381 5234 βασιλεῖ
417 5172 526 5224 τῶν
557 5173 822 5243 οὐρανῶν.
868 5175 958 5246 Τῷ
1003 5175 1111 5249 γὰρ
1158 5178 1279 5233 νοῦν
1305 5179 1480 5252 ἔχοντι
1520 5184 1743 5253 γεέννης

181 5251 388 5323 ἁπάσης
413 5254 783 5327 φοϐερώτερον
801 5257 862 5310 τὸ
886 5259 1257 5330 προσκροῦσαι
1278 5251 1417 5333 Θεῷ,
1442 5265 1627 5338 ὥσπερ
1648 5270 1741 5320 καὶ

181 5330 444 5401 βασιλείας
482 5339 699 5409 ἀπάσης
734 5340 1103 5412 ποθεινότερον
1130 5343 1191 5395 -ὸ
1229 5330 1421 5414 ἀρέσαι
1454 5330 1606 5419 Θεῷ..
1632 5353 1740 5403 Καὶ

178 5416 248 5503 μὴ
272 5416 554 5492 θαυμάσῃς
595 5423 644 5473 εἰ
679 5422 772 5474 ἐπὶ
812 5422 904 5475 τοῦ
932 5423 1066 5476 Θεοῦ
1103 5442 1245 5478 ουτω
1284 5416 1581 5482 διακεῖσθαι
1612 5433 1736 5503 χρὴ,

177 5495 300 5550 ὅπου
339 5518 403 5569 γε
449 5503 540 5555 καὶ
575 5503 661 5556 ἐπ’
695 5503 996 5575 ἀνθρώπων
1019 5506 1158 5560 οὕτω
1203 5509 1386 5564 πολλοὶ
1418 5512 1735 5568 διάκεινται.

177 5573 330 5644 Υἰούς
360 5583 492 5650 γοῦν
527 5585 721 5658 ἔχομεν
754 5573 1012 5651 πολλάκις
1044 5591 1298 5658 γνησίους
1318 5609 1330 5622 ⁸
1370 5594 1474 5648 κᾶν
1515 5595 1738 5660 ἄκοντες

177 5661 363 5729 αὐτοὺς
387 5666 656 5741 διαθῶμέν
685 5688 737 5724 τι
763 5671 951 5737 κακὸν,
977 5672 1619 5748 ἐαυτούςτιμωρούμεθα
1645 5681 1737 5734 καὶ

235 5835 260 5864 ⁸
280 5835 400 5900 Reg.
426 5840 818 5902 ἀναπτύσσοντες,
838 5847 890 5892 et
907 5844 976 5891 sic
997 5844 1146 5893 etiam
1170 5844 1306 5896 Colb.
1342 5859 1489 5898 unus.

491 5949 752 6008 ΡΑτιιοι.
807 5948 921 6009 Gn.
970 5950 1130 6011 LIV.

1481 417 1565 474 DE
1607 420 1789 475 ΑΝΝΛ
1835 421 2065 484 SERth
2106 430 2164 485 ν.

3389 444 3496 498 6Ὶέ

1926 543 2255 616 κολάζομεν·
2294 551 2387 603 καὶ
2420 553 2510 604 ἐπὶ
2558 554 2724 622 φίλων
2755 555 2809 609 δὲ
2842 556 3000 609 τοῦτο
3033 554 3312 625 ποιοῦμεν.
3343 557 3405 609 Εἰ
3439 557 3494 610 δὲ

1922 629 2016 682 ἐπὶ
2047 631 2213 701 φίλων
2238 637 2329 688 καὶ
2356 640 2487 692 υἱῶν
2510 641 2604 693 τοῦ
2642 643 2972 714 κολασθῆναι
3005 642 3066 696 τὸ
3085 643 3328 714 λυπῆσαι
3352 644 3496 696 ἐκεί-

1921 734 2046 781 νους
2098 721 2276 792 πολλῷ
2320 724 2696 798 χαλεπώτερον
2745 725 2883 783 εἶναι
2939 731 3260 800 νομίζομεν,
3313 730 3494 799 πολλῷ

1923 805 2122 874 μᾶλλον
2150 810 2242 863 ἐπὶ
2271 812 2364 864 τοῦ
2395 813 2529 867 Θεοῦ
2559 816 2697 869 οὕτω
2737 817 3038 872 διακεῖσθαι
3069 817 3194 888 χρὴ,
3231 819 3323 870 καὶ
3347 819 3493 885 γεέν-

1918 909 2011 962 νης
2052 895 2270 966 ἁπάσης
2309 901 2685 974 χαλεπώτερον
2727 901 2864 958 εἶναι
2905 905 3144 974 νομίζειν
3181 904 3241 956 τὸ
3269 904 3489 974 ποιῆσαί

1914 997 1968 1032 τι
1994 981 2102 1035 τῶν
2133 984 2208 1055 μὴ
2236 986 2530 1041 δοκούντων
2559 990 2726 1060 αὐτῷ.
2756 990 3008 1054 Τοιοῦτος
3037 987 3103 1061 ἦν
3145 993 3174 1043 ὁ
3219 990 3486 1061 μακάριος

1916 1067 2124 1133 Παῦλος
2146 1088 2159 1101 ·
2194 1072 2280 1126 διὰ
2309 1073 2464 1127 τοῦτο
2491 1076 2641 1142 έλεγε
2663 1095 2674 1105 ·
2711 1078 3039 1146 Πέπεισμαι
3090 1076 3178 1129 ὅτι
3213 1078 3349 1131 οὔτε
3375 1078 3480 1147 ἄγ-

1913 1161 2095 1224 γελοι,
2123 1161 2261 1214 οὔτε
2284 1163 2479 1231 ἀρχαὶ,
2510 1166 2646 1218 οὔτε
2676 1166 2975 1234 δυνάμεις,
3001 1166 3138 1219 οὔτε
3159 1164 3476 1228 ἐνεστῶτα,

1911 1246 2049 1298 οὔτε
2075 1248 2399 1316 μέλλοντα,
2422 1253 2559 1306 οὔτε
2580 1254 2814 1322 ὕψωμα,
2835 1255 2972 1307 οὕτε
2987 1254 3198 1319 βάθος,
3226 1254 3363 1306 οὔτε
3389 1267 3478 1318 τις

1910 1334 2107 1398 κτίσις
2153 1337 2324 1405 ἑτέρα
2364 1339 2688 1405 δυνήσεται
2731 1341 2887 1409 ἡμᾶς
2928 1342 3172 1408 χωρίσαι
3209 1339 3327 1392 ἀπὸ
3369 1337 3477 1404 τῆς

1907 1419 2145 1489 ἀγάπης
2172 1425 2278 1479 τοῦ
2311 1428 2476 1490 Θεοῦ,
2504 1428 2612 1497 τῆς
2625 1430 2693 1482 ἐν
2708 1427 2936 1498 Χριστῷ
2962 1426 3162 1492 Ἰησοῦ
3184 1425 3263 1490 τῷ
3281 1425 3476 1493 Κυρίῳ

1906 1508 2090 1576 ἡμῶν.
2113 1510 2264 1584 [745]
2283 1515 2389 1567 Καὶ
2409 1517 2565 1585 ἡμεῖς
2595 1517 2650 1568 δὲ
2677 1505 2799 1580 τοῦς
2829 1517 3015 1585 ἁγίους
3045 1514 3322 1584 μάρτυρας
3346 1513 3474 1566 ὅταν

1907 1600 2317 1671 μακαρίξωμεν.
2355 1605 2462 1656 ἀπὸ
2494 1604 2602 1657 τῶν
2632 1606 2959 1675 τραυμάτων
3001 1605 3264 1675 πρότερον
3294 1616 3474 1672 μακα-

1905 1682 2145 1755 ρίζομεν,
2171 1690 2262 1741 καὶ
2289 1689 2408 1742 τότε
2446 1691 2553 1744 ἀπὸ
2581 1691 2687 1744 τῶν
2719 1691 3016 1763 βραϐείωνο
3045 1689 3153 1743 ἀπὸ
3198 1689 3305 1741 τῶν
3334 1687 3472 1756 πλη-

1899 1771 2031 1838 γῶν,
2060 1775 2154 1827 καὶ
2183 1777 2302 1830 τότε
2332 1777 2441 1830 ἀπὸ
2469 1778 2576 1832 τῶν
2601 1779 2978 1848 ἀποκειμένων
3007 1778 3303 1845 στεφάνων.
3339 1773 3468 1826 Ἀπὸ

1896 1862 2005 1931 γὰρ
2036 1863 2144 1918 τῶν
2174 1866 2501 1936 τραυμάτων
2537 1866 2607 1920 τὰ
2641 1867 2886 1938 βραϐεῖα,
2919 1867 3018 1920 οὐκ
3056 1867 3162 1918 ἀπὸ
3198 1865 3306 1917 τῶν
3338 1863 3466 1933 βρα-

1897 1949 2058 2002 ϐείων
2109 1951 2178 2006 τὰ
2218 1954 2506 2025 τραύματα
2542 1955 2640 2026 τὴν
2698 1955 2871 2026 ἀρχὴν
2910 1954 3175 2026 λαμϐάνει
3215 1954 3310 2006 καὶ
3365 1951 3464 2022 τὴν

1897 2037 2170 2093 ὑπόθεσιν.

1947 2148 2012 2209 γ’.
2034 2144 2186 2197 Οὕτω
2202 2147 2294 2199 καὶ
2309 2149 2336 2200 ὁ
2352 2147 2616 2218 μακάριος
2631 2147 2838 2211 Παῦλος
2855 2149 2960 2218 πρὸ
2975 2146 3081 2201 τῶν
3090 2148 3280 2200 ἀποκει
3291 2145 3463 2215 μένων

1894 2229 2113 2296 ἀγαθῶν
2140 2233 2230 2285 ἐπὶ
2257 2237 2368 2298 τοῖς
2397 2236 2780 2305 συμϐαίνουσιν
2805 2235 2952 2306 αὐτῷ
2987 2235 3074 2287 διὰ
3108 2234 3198 2286 τὸν
3228 2233 3460 2302 Χριστὸν

1891 2315 2153 2388 λυπηροῖς
2181 2320 2386 2393 ἔχαιρε,
2436 2324 2530 2377 καὶ
2572 2323 2702 2377 ἐϐόα
2739 2323 2947 2391 λέγων,
2997 2322 3189 2389 Χαίρω
3230 2319 3299 2373 ἐν
3334 2318 3460 2384 τοῖς

1889 2405 2238 2475 παθήμασιν
2265 2409 2416 2478 ὑπὲρ
2458 2409 2656 2479 ὑμῶν·
2691 2411 2784 2463 καὶ
2819 2410 3000 2471 πάλιν,
3029 2411 3110 2490 Οὐ
3143 2409 3334 2476 μόνον
3355 2405 3458 2490 δὲ,

1887 2489 2048 2542 ἀλλὰ
2078 2491 2175 2542 καὶ
2209 2492 2559 2562 καυχώμεθα
2584 2493 2654 2546 ἐν
2678 2493 2806 2559 ταῖς
2840 2489 3114 2560 θλίψεσιο
3153 2492 3246 2544 καὶ
3273 2489 3454 2552 πάλιν,

1890 2574 2019 2629 Ὅτι
2070 2577 2212 2646 ἡμῖν
2235 2579 2526 2648 ἐχαρίσθη
2559 2579 2675 2634 ἀπὸ
2706 2580 2809 2633 τοῦ
2854 2579 3018 2639 Θεοῦ,
3060 2579 3131 2631 οὐ
3166 2578 3356 2646 μόνον
3386 2576 3455 2629 τὸ

1885 2665 1974 2728 εἰς
2015 2665 2201 2719 αὐτὸν
2244 2668 2585 2730 πιστεύειν,
2629 2667 2788 2721 ἀλλὰ
2833 2666 2927 2719 καὶ
2973 2665 3038 2718 τὸ
3070 2664 3222 2731 ὑπὲρ
3265 2664 3453 2716 αὐτοῦ

1884 2751 2165 2821 πάσχειν.
2214 2756 2322 2808 Καὶ
2373 2755 2480 2827 γάρ
2511 2757 2676 2818 ὅντως
2711 2755 2867 2826 χάρις
2915 2754 3176 2824 μεγίστη,
3220 2753 3280 2804 τὸ
3323 2769 3452 2804 κατ-

1884 2839 2181 2912 αξιωθῆναι
2224 2842 2309 2896 διὰ
2351 2845 2583 2915 Χριστόν
2630 2861 2682 2896 τι
2722 2843 2932 2905 παθεῖν,
2962 2844 3056 2895 καὶ
3103 2841 3361 2908 στέφανος
3393 2839 3452 2892 δὲ

1883 2929 2310 3002 ἀπηρτισμένος,
2338 2934 2432 2985 καὶ
2463 2931 2662 3002 ἀμοιϐὴ
2691 2932 2788 3002 τῆς
2814 2929 3107 3000 μελλούσης
3135 2928 3451 2989 ἀντιδόσεως

1881 3019 1979 3071 οὐκ
2031 3019 2300 3074 ἐλάττων·
2351 3023 2444 3074 καὶ
2493 3021 2648 3074 τοῦτο
2696 3023 2873 3073 ἴσασιν
2920 3019 3031 3071 ὅσοι
3077 3017 3312 3086 γνησίως
3356 3018 3450 3071 καὶ¹

1881 3107 2100 3178 θερμῶς
2123 3109 2295 3178 φιλεῖν
2318 3111 2460 3162 ἴσασι
2490 3110 2580 3162 τὸν
2614 3108 2864 3180 Χριστόν.
2894 3106 3129 3174 Τοιαύτη
3159 3123 3239 3168 τις
3265 3101 3332 3176 ῆν
3354 3107 3448 3159 καὶ

1877 3197 1908 3265 ἡ
1939 3196 2074 3265 γυνὴ
2120 3195 2255 3266 αὐτη
2279 3235 2293 3258 ,
2339 3196 2538 3266 θερμὸν
2580 3198 2776 3265 ἔχουσα
2809 3196 2936 3266 περὶ
2967 3195 3056 3247 τὸν
3094 3193 3224 3246 Θεὸν
3253 3195 3439 3259 πόθον,

1877 3285 1971 3337 καὶ
1996 3285 2211 3354 φίλτρον
2237 3286 2458 3348 διακαές
2479 3302 2491 3316 ο
2536 3285 2622 3338 διὰ
2651 3285 2808 3338 τοῦτο
2845 3284 3048 3351 ἔλεγεν,
3085 3283 3446 3351 Εὐφράνθην

1873 3372 1943 3424 ἐν
1974 3373 2237 3439 σωτηρίᾳ
2269 3389 2406 3426 σου.
2441 3373 2608 3426 Οὐδὲν
2646 3373 2754 3442 γὰρ
2792 3372 2969 3424 κοινὸν
3001 3372 3135 3440 αὐτῇ
3179 3370 3314 3438 πρὸς
3345 3369 3443 3439 τὴν

1872 3460 1975 3529 γῆν
1998 3456 2084 3530 ῆν.
2109 3461 2220 3512 ἀλλ’
2251 3461 2539 3531 ὑπερεώρα
2569 3460 2908 3530 ἀνθρωπίνης
2932 3459 3180 3527 βοηθείας
3202 3457 3438 3526 ἀπάσης,

1873 3551 1965 3602 καὶ
1997 3550 2272 3620 ὲπτέρωτο
2301 3553 2366 3620 τῇ
2411 3549 2504 3602 τοῦ
2539 3549 2853 3618 Πνεύματος
2885 3547 3090 3618 χάριτι,
3119 3548 3211 3599 καὶ
3242 3547 3441 3616 μετάρ-

1874 3653 1986 3700 σιος
2005 3633 2090 3707 ἦν,
2113 3639 2208 3690 καὶ
2232 3639 2366 3708 πρὸς
2393 3639 2482 3690 τὸν
2505 3637 2636 3689 Θεὸν
2663 3640 2720 3689 ἐν
2741 3637 2940 3690 ἅπασιν
2966 3635 3182 3696 ἔϐλεπε,
3215 3634 3308 3687 καὶ
3333 3633 3440 3686 τῶν

1871 3724 2235 3792 ἐπικειμένων
2281 3725 2468 3778 δεινῶν
2495 3727 2594 3794 τὴν
2627 3724 2778 3778 λύσιν
2811 3723 3018 3775 ἐκεῖθεν
3055 3721 3256 3792 ἐζήτει.
3284 3721 3439 3791 ᾜδει

1868 3810 1996 3880 γὰρ,
2029 3811 2142 3880 ᾔδει
2169 3811 2375 3880 σαφῶς,
2407 3813 2488 3864 ὅτι
2527 3811 2596 3864 τὰ
2645 3811 2743 3880 μὲν
2786 3809 3122 3880 ἀνθρώπινα,
3154 3803 3242 3861 οἷα
3276 3807 3341 3860 ἂν
3378 3803 3435 3879 ᾗ,

1871 3900 2117 3967 μιμεῖται
2141 3896 2240 3968 τὴν
2267 3899 2426 3966 φύσιν
2455 3899 2562 3952 τῶν
2597 3897 2900 3950 δεδωκότων
2922 3912 2934 3924 ·
2963 3896 3044 3948 δεῖ
3078 3895 3134 3946 δὲ
3161 3894 3434 3963 πανταχοῦ

1864 3985 1965 4054 τῆς
1988 3984 2192 4037 ἄνωθεν
2223 3988 2351 4054 ἡμῖν
2375 3985 2570 4056 ῥοπῆς,
2599 3984 2712 4051 εἴγε
2736 3983 3022 4053 μέλλοιμεν
3049 3982 3133 4032 ἐπ’
3159 3979 3436 4049 ἀσφαλοῦς

1864 4073 2051 4141 ὁρμεῖν
2074 4072 2101 4110 b
2130 4073 2226 4142 τῆς
2257 4072 2523 4142 ἀγκύρας.
2557 4072 2653 4125 Διὰ
2683 4070 2841 4124 τοῦτο
2874 4073 2969 4123 καὶ
3011 4070 3146 4138 πρὸς
3188 4066 3348 4120 αὐτὸν
3375 4069 3434 4119 ὲν

1864 4159 2037 4210 ὄιπασι
2087 4159 2426 4228 κατέφευγε,
2459 4159 2550 4211 καὶ
2600 4157 2839 4211 λαϐοῦσα
2870 4157 2967 4228 τὴν
3007 4158 3184 4227 χάριν,
3231 4154 3322 4206 ἐπὶ
3355 4152 3434 4222 τῷ

1861 4245 2112 4299 δεδωκότι
2146 4247 2344 4315 μᾶλλον
2389 4247 2605 4318 ἔχαιρε,
2641 4248 2735 4298 καὶ
2782 4246 3175 4316 εὐχαριστοῦσα
3213 4243 3430 4310 ἔλεγεν⁸

1865 4337 2002 4389 Οὺιὶι
2024 4335 2196 4389 ἐστιν
2231 4337 2414 4406 ἅγιος,
2443 4337 2521 4402 ὡς
2560 4339 2592 4389 ὀ
2620 4337 2852 4403 Κύριος,
2892 4335 2990 4388 καὶ
3026 4336 3136 4387 οὐκ
3166 4333 3299 4385 ἐστι
3347 4331 3433 4384 δί-

1861 4439 2045 4489 καιος.
2069 4425 2149 4490 ῶς
2182 4428 2214 4478 ό
2239 4425 2383 4491 Θεὸς
2411 4424 2598 4493 ἡμῶν,
2624 4424 2723 4476 καὶ
2747 4425 2858 4476 οὐκ
2882 4423 3052 4475 ἔστιν
3076 4420 3238 4489 ἅγιος
3264 4417 3432 4484 πλὴν

1859 4511 2279 4581 σοῦ.”Αληπτος
2303 4513 2412 4583 γὰρ
2438 4515 2470 4583 ἡ
2495 4512 2673 4581 κρίσις
2704 4509 2892 4575 αὐτοῦ,
2916 4510 3070 4580 φησι,
3092 4507 3306 4578 καθαρά
3334 4508 3429 4560 καὶ

1858 4599 2292 4668 ἀπαραλόγιστος
2319 4601 2351 4669 ὴ
2381 4598 2580 4668 ψῆφος.

1927 4715 2077 4780 Εἶδες
2102 4717 2278 4788 ψυχῆς
2306 4715 2644 4786 εὐγνώμονος
2664 4714 2900 4780 έννοιανς
2926 4714 2998 4766 Οὐ
3021 4711 3128 4783 γὰρ
3149 4708 3268 4765 εἷπε
3290 4711 3427 4782 πρὸς

1856 4805 2052 4876 ἑαυτήν
2072 4821 2085 4835 ·
2116 4806 2180 4857 Τί
2203 4806 2309 4876 γάρ
2340 4821 2430 4874 μοι
2479 4804 2621 4873 μέγα
2652 4803 2878 4870 γέγονε;
2931 4801 2983 4853 τί
3011 4801 3069 4853 δὲ
3113 4799 3274 4852 πλέον
3317 4800 3428 4850 τῶν

1852 4893 2060 4958 ἄλλων;
2085 4894 2262 4963 Ὅπερ
2288 4894 2320 4962 ἡ
2350 4890 2631 4962 ἀντίςηλος
2655 4890 2820 4944 πάλαι
2841 4889 2999 4942 ἔλαϐε
3025 4887 3117 4941 καὶ
3143 4889 3280 4959 μετά
3307 4887 3426 4939 πολ·

1853 4981 1950 5050 λῆς
1965 4981 2063 5051 τῆς
2085 4981 2385 5050 δαψιλείας,
2401 4979 2558 5032 τοῦτο
2578 4978 2717 5049 μετά
2743 4978 2906 5033 πολὺν
2930 4975 3118 5048 χρόνον
3139 4975 3267 5045 ἐγὼ,
3287 4975 3424 5044 μετά

1856 5065 2125 5134 καμάτου,
2170 5065 2262 5118 καὶ
2293 5062 2564 5131 δακρύων,
2597 5063 2690 5115 καὶ
2719 5061 3016 5132 ἱκετηρίας,
3049 5061 3140 5112 καὶ
3156 5060 3420 5129 δεήσεως,

1852 5148 1946 5200 καὶ
1975 5149 2135 5200 πόνου
2155 5147 2370 5200 πολλοῦ.
2406 5146 2544 5199 Ἀλλ’
2568 5146 2754 5216 ἐπειδὴ
2785 5145 2966 5208 καλῶς
2980 5143 3266 5196 ἐπέπειστο
3295 5139 3422 5209 περὶ

1849 5235 1946 5303 τῆς
1959 5232 2054 5286 τοῦ
2071 5232 2204 5286 Θεοῦ
2225 5232 2506 5304 προνοίας,
2520 5231 2619 5283 οὐκ
2635 5231 2856 5284 ἀπαιτεῖ
2867 5229 2955 5320 τὸν
2975 5225 3250 5320 Δεσπότην
3269 5224 3423 5320 εὐθύ-

1851 5337 1944 5383 νας
1972 5319 2080 5373 τῶν
2098 5320 2417 5388 γινομένων,
2440 5318 2468 5370 ὃ
2495 5317 2678 5370 πολλοὶ
2709 5316 2816 5368 τῶν
2853 5312 3152 5383 ἀνθρώπων
3183 5312 3416 5373 ποιοῦσι,

1850 5406 1968 5459 καθ’
1999 5406 2235 5476 ἑκάστην
2268 5406 2483 5476 ἡμέραν
2506 5403 2586 5474 τῷ
2619 5402 2737 5472 Θεῷ
2768 5401 3095 5464 δικάζοντες.
3123 5396 3238 5457 Κᾶν
3269 5396 3418 5450 ἴδωσι

1849 5494 1940 5547 τὸν
1974 5495 2072 5565 μὲν
2103 5494 2456 5559 πλουτοῦντα,
2477 5491 2568 5545 τὸν
2597 5491 2654 5542 δὲ
2684 5489 2996 5559 πενόμενον,
3020 5488 3244 5559 μυρίους
3277 5485 3418 5538 κατὰ

1847 5582 1946 5652 τῆς
1981 5581 2235 5652 προνοίας
2287 5579 2451 5634 αὐτοῦ
2485 5578 2694 5632 κινοῦσι
2738 5579 2949 5646 λόγους.
2995 5577 3062 5630 Τί
3103 5580 3292 5640 ποιεῖς,
3323 5574 3418 5628 ἄν⁶

1849 5669 2034 5740 θρωπε
2056 5687 2070 5736 ;
2095 5668 2184 5738 Τῷ
2217 5667 2484 5738 συνδούλῳ
2509 5667 2749 5733 δικάζειν
2789 5685 2846 5720 σε
2874 5669 2974 5721 οὐκ
2999 5667 3176 5739 ἀφῆκε
3209 5665 3416 5728 Παῦλος

1909 5859 1939 5900 Β
1967 5857 2102 5910 Colb.
2129 5864 2177 5909 el
2204 5860 2325 5922 Reg.
2355 5862 2521 5926 όρμᾷν.

3013 5963 3081 6024 19
