4064 6500
551 446 653 499 675

548 560 692 616 οὑτω
722 558 894 627 λέγων
918 575 928 586 ·
956 558 1135 611 Ὥστε
1159 553 1245 623 μὴ
1281 554 1392 620 πρὸ
1414 550 1620 619 καιροῦ
1648 567 1703 603 τι
1728 549 1980 616 κρίνετε,
2010 543 2119 609 ἕως

550 645 628 699 ἂν
643 645 790 709 ἔλθῃ
811 644 843 694 ό
859 642 1071 709 Κύριος
1087 656 1100 669 ·
1133 638 1226 691 καὶ
1253 636 1344 689 τὸν
1369 635 1645 705 Δεσπότην
1671 634 1750 694 εἰς
1777 630 2123 699 δικαστήριον

551 732 752 792 ἕλκεις,
776 727 868 780 καὶ
894 725 1050 793 λόγον
1073 724 1323 784 ἀπαιτεῖς
1343 721 1452 773 τῶν
1474 716 1899 789 πεπραγμένων,
1936 714 2031 766 καί
2062 711 2121 764 οὐ

552 814 815 884 φρίττεις,
837 809 957 863 οὐδὲ
975 808 1216 870 δέδοικας
1236 824 1250 871 ;
1274 805 1384 858 Καὶ
1406 804 1564 867 ποίας
1591 801 1753 873 τεύξῃ
1772 796 2122 868 συγγνώμης,

552 898 708 960 ποίας
745 895 802 948 δὲ
823 892 1140 961 ἀπολογίας,
1162 891 1284 944 εἰπέ
1318 906 1430 959 μοι,
1454 886 1722 949 τοσαύτας
1742 885 1838 956 μὲν
1870 884 1967 952 τῆς
1992 898 2126 952 προ⁸

550 982 698 1043 νοίας
715 977 881 1032 αὑτοῦ
908 976 1033 1029 καθ’
1054 976 1292 1045 ἑκάστην
1319 972 1531 1043 ἡμέραν
1552 971 1645 1024 καὶ
1660 968 1808 1040 ὥραν
1827 965 2126 1030 ἀποδείξεις

550 1062 864 1132 λαμϐάνων,
888 1058 997 1112 ἀπὸ
1026 1058 1084 1111 δέ
1104 1058 1201 1125 τῆς
1227 1056 1367 1109 κατά
1390 1055 1484 1108 τὸν
1512 1053 1740 1106 πλοῦτον
1771 1052 1863 1104 καὶ
1890 1049 1987 1120 τὴν
2026 1066 2125 1101 πε-

549 1145 668 1198 νίαν
681 1142 940 1211 δοκούσης
956 1139 1269 1211 ἀνωμαλίας
1279 1135 1418 1194 εἷναι
1433 1135 1941 1206 καταψηφιζόμενος
1957 1132 2053 1203 τῆς
2067 1132 2123 1184 ὲν

493 1227 501 1237 ’
551 1232 753 1284 ἅπασιν
770 1226 1042 1291 εὐταξίας,
1060 1223 1339 1277 καὶταῦτα
1358 1224 1559 1286 ἀδίκως
1578 1221 1758 1295 ;[744]
1776 1221 1839 1273 Εἰ
1857 1220 1964 1291 γάρ
1987 1217 2123 1288 μετά

551 1316 650 1383 τῆς
672 1308 1053 1380 προσηκούσης
1079 1307 1327 1378 γνώμης,
1361 1308 1453 1360 καὶ
1481 1306 1862 1375 πεπονημένης
1890 1303 2125 1366 διανοίας

552 1394 839 1448 καὶταῦτα
866 1389 1139 1456 ἐξετάζειν
1166 1391 1377 1463 ἤθελες,
1402 1394 1449 1445 εί
1476 1392 1569 1445 καὶ
1592 1390 1756 1461 μηδὲν
1775 1390 1961 1460 ἕτερον
1975 1383 2042 1457 ἦν
2063 1386 2125 1438 τὸ

555 1476 820 1531 συνιστῶν
848 1476 945 1544 τὴν
995 1474 1089 1527 τοῦ
1134 1473 1268 1527 Θεοῦ
1299 1475 1553 1546 πρόνοιαν
1572 1515 1587 1533 ,
1618 1476 1645 1526 ὁ
1677 1472 1904 1534 πλοῦτος
1950 1471 2044 1525 καὶ
2089 1471 2121 1539 ἡ

553 1561 716 1615 πενία
742 1558 947 1627 ταύτην
976 1557 1042 1611 ἂν
1080 1557 1315 1627 μάλιστα
1349 1557 1535 1625 σαφῶς
1564 1554 1860 1620 ἀπέδειξεν.
1889 1555 1987 1606 Ἂν
2014 1553 2125 1624 γὰρ

556 1644 749 1716 ἀνέλῃς
782 1641 877 1712 τὴν
910 1639 1118 1702 πενίαν,
1173 1639 1267 1693 τοῦ
1308 1639 1421 1710 βίου
1464 1638 1562 1711 τὴν
1620 1638 1878 1692 σύστασιν
1917 1637 2126 1698 ἀνεῖλες

556 1729 807 1786 ἃπασαν,
848 1725 940 1777 καὶ
966 1722 1285 1793 διέφθειρας
1322 1723 1477 1794 ἡμῶν
1513 1723 1612 1793 τὴν
1650 1721 1795 1792 ζωήν
1818 1737 1834 1753 ο
1874 1721 1969 1774 καὶ
2002 1719 2126 1773 οὔτε

554 1809 777 1877 ναύτης,
811 1805 932 1860 οῦτε
960 1805 1320 1877 κυϐερνήτης,
1339 1806 1399 1858 οὑ
1421 1804 1686 1877 γεωργὸς,
1704 1806 1804 1858 οὑκ
1825 1803 2123 1875 οἰκοδόμος,

553 1895 651 1963 οὐχ
684 1892 946 1961 ὑφάντης,
971 1890 1069 1959 οὑχ
1101 1889 1651 1960 ὑποδηματορρἀος,
1685 1889 1746 1942 οὑ
1791 1888 2025 1952 τέκτων,
2065 1887 2127 1941 οὐ

554 1975 907 2048 χαλκοτύπος,
922 1973 982 2025 οὑ
1008 1971 1429 2042 σκυτοτόμος,οὑ
1455 1972 1854 2035 σιτοποιὸς,οὑκ
1868 1971 2025 2034 ἀλλος
2044 1987 2130 2033 τις

552 2059 660 2111 τῶν
680 2055 1023 2128 δημιουργῶν
1055 2054 1207 2107 ἔσται
1237 2054 1442 2107 τούτων
1462 2070 1476 2085 ·
1503 2054 1708 2108 τούτων
1730 2055 1787 2107 δὲ
1810 2055 1911 2108 οὑκ
1934 2055 2126 2119 ὄντων,

555 2142 734 2195 πάντα
748 2143 780 2209 ἡ
791 2143 879 2210 μῖν
894 2140 1190 2208 οἰχήσεται.
1210 2137 1327 2191 Νῦν
1347 2138 1444 2207 μὲν
1460 2136 1590 2209 γὰρ,
1609 2138 1859 2209 καθάπερ
1878 2138 2130 2192 διδάσκα-

556 2224 644 2287 λός
669 2241 752 2286 τις
779 2223 997 2293 ἀρίστη,
1012 2220 1227 2290 ἑκάστῳ
1239 2220 1443 2274 τούτων
1464 2220 1842 2292 ἐπικαθημένη
1866 2220 2013 2291 ἡτῆς
2035 2237 2132 2272 πε-

556 2309 675 2370 νίας
700 2306 935 2375 ἀνάγκη,
951 2304 1087 2375 πρὸς
1113 2302 1182 2355 τά
1200 2302 1336 2375 ἔργα
1356 2304 1452 2355 καὶ
1477 2303 1705 2366 ἄκοντας
1726 2303 1982 2356 συνωθεῖ·
2006 2303 2129 2357 εἰδὲ

557 2390 792 2450 ἅπαντες
821 2386 1043 2458 ἔμελλον
1066 2378 1336 2449 πλουτεῖν,
1368 2387 1604 2449 ἅπαντες
1628 2385 1850 2456 ἔμελλον
1880 2389 1937 2439 ἐν
1961 2387 2131 2459 ἀργία

556 2472 654 2544 ζῇν
674 2489 687 2502 ·
715 2471 810 2524 καὶ
838 2469 978 2523 οὕτω
1004 2469 1180 2523 πάντα
1203 2468 1269 2522 ἂν
1294 2468 1543 2522 ἀπώλετο
1570 2470 1666 2521 καὶ¹
1692 2469 1975 2541 διεφθάρη.
2008 2471 2131 2522 Χω-

557 2559 642 2628 ρὶς
667 2556 723 2609 δὲ
751 2555 858 2608 τῶν
887 2553 1193 2626 εἰρημένων
1219 2553 1314 2607 καὶ
1342 2554 1543 2624 ἑτέρως
1579 2554 1776 2615 αὑτοὺς
1804 2554 1901 2606 ἀπ’
1929 2552 2128 2616 αὑτῶν,

555 2635 631 2694 ὧν
654 2636 963 2707 ἐγκαλοῦσι,
995 2636 1157 2690 πάλιν
1190 2637 1539 2706 ἐπιστομίσαι
1576 2635 1774 2707 ῥᾴδιον.
1830 2636 1986 2700 Τίνος
2022 2636 2131 2707 γὰρ

554 2725 762 2788 ἕνεκεν,
802 2721 924 2774 εἰπέ
951 2738 1058 2790 μοι,
1095 2723 1422 2791 κατηγορεῖς
1446 2720 1548 2789 τῆς
1570 2719 1663 2772 τοῦ
1689 2720 1824 2773 Θεοῦ
1846 2720 2130 2792 προνοίαςς

558 2806 746 2877 ἐπειδὴ
763 2807 792 2859 ὁ
816 2806 914 2873 μὲν
952 2805 1144 2869 πλείω,
1169 2806 1198 2858 ὁ
1219 2804 1278 2856 δέ
1306 2805 1515 2858 ἐλάττω
1547 2804 1807 2873 κέκτηται
1837 2805 2092 2875 χρήματα
2116 2821 2131 2869 ;

554 2892 621 2944 Τί
643 2886 734 2945 οῦν
750 2909 765 2956 ;
784 2890 848 2943 ἂν
872 2890 927 2942 ἐν
951 2891 1062 2953 τοῖς
1085 2888 1556 2959 ἀναγκαιοτάτοις,
1572 2888 1667 2939 καὶ
1696 2887 1874 2959 πολλῷ
1900 2888 2131 2955 μείζοσι,

557 2976 651 3029 καλ⁵
683 2973 995 3043 συνέχουσιν
1026 2971 1184 3042 ἡμῶν
1213 2970 1311 3042 τὴν
1338 2970 1503 3040 ζωὴν,
1526 2969 1790 3039 δείξωμεν
1835 2972 2134 3041 ἰσομοιρίαν

555 3054 720 3112 οὖσαν
748 3059 914 3110 πᾶσιν
942 3053 1270 3126 ἀνθρώποις,
1293 3054 1469 3125 ψηφιῇ
1503 3057 1572 3124 τῇ
1603 3053 1697 3106 τοῦ
1723 3054 1857 3107 Θεοῦ
1874 3055 2133 3126 προνοίας

570 3140 807 3210 Ἀνάγκη
846 3140 1013 3192 πᾶσα.
1059 3138 1121 3191 Εἰ
1147 3137 1255 3207 γὰρ
1298 3137 1357 3189 τὸ
1385 3138 1458 3207 μὴ
1487 3137 1695 3199 πάντας
1724 3137 1916 3205 ἐπίσης
1936 3150 1961 3177 α
2002 3139 2135 3191 ἀπο-

556 3221 740 3276 λαύειν
777 3222 896 3285 ένὸς
945 3224 1286 3293 πράγματος.
1320 3220 1622 3291 χρημάτων
1666 3220 1827 3287 λέγω,
1862 3219 2134 3285 ἀπόδειξιν

557 3308 684 3376 ποιῇ
718 3305 810 3358 τοῦ
839 3305 1110 3376 μηδεμίαν
1131 3301 1269 3358 εἶναι
1295 3305 1572 3375 πρόνοιαν,
1595 3304 1659 3356 ἂν
1680 3304 1921 3372 φανῶσιν
1949 3303 2134 3374 ἐξίει-ης

559 3392 799 3453 ᾶπαντες
856 3390 1244 3452 ἀπολαύοντες,
1313 3389 1410 3457 οὐχ
1448 3388 1568 3451 ένὺς
1611 3388 1968 3456 πράγματος,
2017 3387 2135 3440 οὐδὲ

558 3473 731 3535 οὑτως
770 3472 1041 3536 εὐτελοῦς,
1078 3473 1213 3526 ἀλλά
1239 3471 1501 3525 πλειόνων
1544 3472 1638 3525 καὶ
1668 3471 1802 3523 πολὺ
1851 3470 2133 3539 μειζόνων,

557 3555 777 3625 εύδηλον
805 3556 886 3607 ὅτι
915 3557 1007 3607 καὶ
1033 3556 1182 3608 ἀκων
1207 3555 1418 3608 ἐκεῖθεν
1446 3552 1941 3627 συναναγκασθήσῃ
1966 3552 2138 3623 ψηφί-

560 3638 758 3690 σασθαι
777 3640 842 3707 τῇ
877 3637 972 3690 τοῦ
998 3637 1133 3689 Θεοῦ
1160 3637 1407 3708 προνοίᾳ.

616 3721 785 3791 Δεῦρο
801 3717 892 3773 οῦν
911 3722 1004 3772 ἐπὶ
1022 3720 1089 3773 τὰ
1111 3721 1404 3789 συνέχοντα
1421 3720 1520 3791 τὴν
1537 3717 1681 3789 ζωὴν
1697 3717 1854 3789 ἡμῶν
1874 3717 2043 3788 ἴωμεν
2058 3717 2137 3789 τῷ

557 3804 721 3874 λόγῳ,
748 3805 842 3856 καὶ
877 3802 1349 3874 διερευνησώμεθα
1380 3803 1518 3856 αὑτά
1551 3802 1687 3872 μετά
1709 3802 2017 3873 ἀκριϐείας,
2042 3806 2137 3855 καὶ

559 3887 759 3957 ἴδωμεν
771 3888 822 3940 εί
844 3887 1157 3940 πλεονεκτεῖ
1170 3886 1260 3939 τὸν
1276 3885 1483 3957 πένητα
1500 3888 1528 3939 ὁ
1541 3886 1793 3949 πλούσιος
1809 3889 1867 3938 ἐν
1884 3886 2133 3949 ἐκείνοις.

558 3965 705 4034 Οἷον,
732 3973 761 4023 ὁ
790 3968 1043 4034 πλούσιος
1081 3969 1195 4040 ἔχει
1253 3970 1473 4032 Θάσιον,
1513 3971 1606 4024 καὶ
1632 3971 1795 4041 ἕτερα
1825 3969 1995 4024 πολλά
2028 3987 2137 4023 τοι-

557 4053 697 4106 αῦτα
726 4054 944 4124 πόματα
967 4071 1334 4126 πεφαρμακευ
1342 4055 1494 4124 μένα,
1514 4053 1607 4107 καὶ
1628 4054 1766 4125 μετά
1787 4054 1986 4124 πολλῆς
2003 4072 2137 4107 κατ’

559 4137 934 4206 εσκευασμένα
977 4138 1077 4206 τῆς
1123 4138 1451 4207 καρυκείαςο
1500 4137 1615 4192 ἀλλ’
1661 4140 1715 4191 αἱ
1762 4138 1871 4191 τῶν
1925 4138 2134 4191 ὑδάτων

559 4219 734 4287 πηγαὶ
786 4221 941 4289 κοινῇ
979 4206 1113 4273 πᾶσι
1165 4206 1513 4291 πρόκεινται,
1550 4221 1642 4273 καὶ
1689 4221 1992 4284 πλουσίοιςῖ,
2042 4222 2136 4274 καὶ

560 4301 775 4373 πένησι.
809 4301 962 4371 Τάχα
996 4301 1260 4370 ἐγέλασας
1289 4302 1501 4355 ἀκούων
1526 4303 1624 4372 τὴν
1655 4303 1875 4374 ἰσότητα
1904 4304 2131 4374 ταῷην.

559 4384 768 4439 Οὐκοῦν
795 4385 957 4456 μάθε,
993 4385 1143 4453 πόσῳ
1165 4383 1487 4457 τιμιώτερον
1520 4385 1662 4438 οἴνου
1691 4388 1911 4450 παντὸς,
1946 4389 2136 4454 ὑδατος

559 4469 742 4539 φύσις,
766 4471 860 4522 καὶ
887 4467 1309 4538 ἀναγκαιότερον
1325 4468 1419 4520 καὶ
1436 4468 1847 4540 χρησιμώτερον
1865 4486 1880 4501 ·
1902 4472 1996 4524 καὶ
2013 4471 2134 4524 τότε

559 4552 754 4606 σαυτοῦ
776 4551 1126 4626 καταγνώσῃ,
1149 4553 1243 4604 καὶ
1269 4550 1360 4604 τὸν
1383 4551 1559 4622 ἀληθῆ
1586 4552 1695 4606 τῶν
1724 4554 1974 4626 πενήτων
2011 4554 2132 4626 εῐσῃ

558 4633 807 4689 πλοῦτον.
840 4636 997 4690 Οἶνον
1030 4634 1129 4705 μὲᾫ
1160 4634 1268 4705 γὰρ
1293 4634 1691 4706 ἀναιρεθέντος,
1729 4637 1790 4689 οὑ
1846 4637 2018 4709 πολλή
2047 4655 2134 4702 τις

556 4714 624 4769 ἀν
657 4717 867 4784 γένοιτο
897 4717 1073 4788 βλάϐη
1093 4717 1221 4783 τινὶ,
1251 4716 1389 4789 πλὴν
1410 4720 1524 4782 τοῖς
1552 4719 1804 4774 ἀσθενέσι
1834 4720 2043 4791 μόνοις·
2064 4722 2132 4776 ἂν

556 4797 613 4848 δέ
634 4815 717 4862 τις
743 4800 911 4872 σϐέσῃ
933 4801 1034 4862 τὰς
1059 4799 1151 4853 τοῦ
1184 4800 1375 4859 ὓδατος
1404 4800 1587 4872 πηγὰς
1630 4803 1727 4857 καὶ
1758 4803 1819 4856 τὸ
1867 4805 2132 4874 στοιχεῖον

557 4879 741 4950 ἀνέλῃ,
766 4881 856 4933 τὸν
889 4882 1000 4950 βίον
1027 4882 1185 4952 ἡμῶν
1224 4882 1517 4954 ἀνέτρεψεν
1549 4883 1784 4953 ἅπαντα,
1821 4887 1916 4940 καὶ
1951 4887 2133 4952 πάσας

555 4961 655 5025 τὰς
681 4962 874 5033 τέχνας
903 4964 1164 5034 ἠφάνισεο
1192 4966 1288 5019 καὶ
1311 4965 1433 5019 οὔτε
1468 4966 1563 5020 δύο
1594 4968 1936 5039 δυνησόμεθα
1973 4971 2133 5039 μόνον

553 5045 842 5115 διαρκέσαι
871 5047 1104 5117 ἡμέρας,
1126 5048 1242 5102 ἀλλ’
1266 5048 1468 5113 εὐθέως
1490 5050 1914 5124 ἀποθανούμεθα
1932 5053 2133 5129 πάντες

555 5129 784 5183 θὲνατον
815 5130 1048 5184 ἐλεεινόν
1067 5147 1189 5183 τινα
1212 5131 1308 5184 καὶ
1335 5131 1732 5202 χαλεπιὶιτατον.

623 5212 685 5266 δ’.
696 5213 857 5266 ’Ὠστε
878 5216 936 5269 ἐν
953 5216 1065 5278 τοῖς
1079 5215 1528 5283 ἀναγκαιοτάτοις
1543 5217 1639 5271 καὶ
1652 5220 1961 5289 συνέχουσιν
1972 5222 2005 5291 ἡ
2014 5219 2129 5290 μῶν

553 5298 651 5366 τὴν
673 5296 816 5369 ζωὴν
840 5300 868 5353 ὁ
890 5299 1062 5370 πένης
1078 5298 1232 5352 οὐδὲν
1256 5298 1680 5368 πλεονεκτεῖται,
1708 5302 1846 5365 ἀλλ’,
1882 5305 1933 5357 εί
1966 5305 2048 5358 δεῖ
2077 5320 2129 5359 τι

556 5381 648 5432 καὶ
664 5380 978 5450 θαυμαστὸν
994 5385 1187 5446 εἰπεῖν,
1203 5382 1301 5436 καὶ
1315 5383 1627 5438 πλεονεκτεῖ
1640 5384 1732 5437 τοῦ
1751 5386 2124 5451 πλουτοῦντος.

554 5462 844 5526 Πλουσίους
872 5466 969 5534 μὲν
1003 5467 1113 5539 γάρ
1146 5469 1374 5533 πολλοὺς
1407 5468 1554 5522 ἔστιν
1597 5468 1723 5523 ἰδεῖν
1748 5468 1852 5522 ὑπὸ
1899 5469 2000 5540 τῆς
2032 5468 2128 5523 τοῦ

558 5541 808 5614 σώματος
835 5549 1144 5619 ἀρρωστίας
1172 5553 1269 5622 τῆς
1292 5551 1386 5606 διὰ
1405 5551 1504 5622 τὴν
1533 5550 1743 5623 τρυφὴν
1762 5553 2127 5633 ,ἐγγινομένης

555 5633 736 5699 αὑτοῖς
754 5637 821 5690 τὰ
852 5638 1023 5693 πολλά
1051 5640 1377 5711 ὑδροποσίας
1404 5634 1807 5714 ἀπεχομένους*
1824 5646 1853 5697 ὁ
1874 5644 1930 5699 δέ
1959 5644 2127 5717 πένης

619 5820 644 5848 ⁸
666 5820 799 5870 Colb.
824 5827 876 5870 et
900 5823 1018 5885 Bcg.
1043 5825 1088 5879 ἐξ
1105 5825 1228 5881 ἴσης.

1274 436 1329 490 s.
1369 429 1651 489 JOANNIS
1678 420 2171 485 cnnvsos'rom
2212 419 2528 476 ARCHIEP.
2571 421 3121 479 CONSTANTINOP.
3696 425 3805 480 an

2235 539 2323 593 διά
2353 539 2446 593 τοῦ
2487 540 2600 610 βίου
2624 540 2823 604 παντὸς
2858 539 3028 604 ἀδεῶς
3085 534 3346 592 ἀπολαύει
3383 537 3495 590 τῶν
3545 543 3805 610 ναμάτων

2225 623 2448 688 τούτων,
2463 625 2539 687 ὡς
2554 625 2645 678 ἐπὶ
2667 625 2849 694 πηγάς
2863 622 3098 694 μέλιτος,
3114 620 3264 693 [745]
3280 621 3453 685 οὑτως
3470 622 3568 676 ἐπὶ
3586 621 3689 687 τάς
3699 624 3819 683 τῶν,

2227 704 2435 759 ὑδάτων
2486 707 2697 781 τρέχων
2733 706 2938 778 πηγὰς,
2990 707 3085 761 καὶ
3116 705 3384 776 εἰλικρινῆ
3414 705 3513 758 καὶ
3554 705 3806 776 καθαρὰν

2227 789 2438 843 ἐκεῖθεν
2460 791 2839 863 καρπούμενος
2870 790 2967 862 τὴν
2993 790 3207 862 ἡδονήν.
3244 790 3312 842 Τί
3343 789 3403 843 δέ
3434 792 3468 861 ἡ
3510 789 3610 843 τοῦ
3635 791 3805 860 πυρὸς

2229 873 2389 943 φύσις
2406 892 2420 941 ;
2439 877 2559 946 οὑχὶ
2578 875 2791 947 μυρίων
2805 873 3209 944 ἀναγκαιοτέρα
3225 873 3519 946 θησαυρῶν
3533 875 3632 928 καὶ
3654 874 3808 928 πλού·

2226 974 2321 1010 του
2372 960 2573 1023 παντὸς
2615 959 2986 1031 ἀνθρωπίνους
3026 958 3137 1011 Καὶ
3183 951 3339 1021 οὗτος
3383 957 3546 1010 πάλιν
3585 956 3647 1022 ἐξ
3688 956 3805 1026 ῐσης

2227 1041 2467 1113 πλουσίῳ
2490 1043 2583 1096 καὶ
2607 1042 2799 1114 πένητι
2829 1042 3111 1111 πρόκειται
3132 1042 3230 1112 τῆς
3250 1040 3441 1111 χρείας
3461 1042 3494 1092 ὁ
3510 1040 3804 1110 θησαυρός.

2238 1124 2372 1178 Ἦδὲ
2403 1126 2552 1196 παρὰ
2585 1125 2678 1180 τοῦ
2718 1125 2878 1196 ἀέρος
2898 1125 3160 1195 γινομένη
3200 1127 3313 1187 τοῖς
3360 1122 3612 1194 σώμασιν
3649 1123 3805 1194 ἡμῶν

2227 1207 2483 1276 ὠφέλεια,
2518 1209 2610 1262 καὶ
2637 1209 2697 1261 τὸ
2725 1208 2839 1279 φῶς
2861 1209 2959 1280 τῆς
2982 1209 3218 1271 ἀκτῖνος,
3235 1203 3346 1278 ἆρα
3373 1210 3488 1272 τοῖς
3519 1208 3622 1278 μὲν
3648 1209 3806 1263 εὑπόο

2232 1309 2342 1363 ροις
2381 1291 2562 1356 πλέον,
2588 1294 2700 1355 τοῖς
2725 1291 2784 1346 δὲ
2807 1293 3032 1362 πένησιν
3055 1292 3275 1346 ἔλαττον
3298 1292 3687 1362 παραγίνεται,
3712 1295 3808 1346 κά-

2228 1378 2396 1428 κεῖνοι
2435 1375 2536 1446 μὲν
2581 1376 2859 1448 τέτρασιν,
2898 1373 3044 1431 οὑτοι
3071 1377 3128 1430 δὲ
3156 1376 3248 1431 δύο
3300 1378 3461 1448 μόνον
3497 1377 3807 1450 καθορῶσιν

2228 1459 2362 1512 αὑτὸ
2382 1459 2713 1529 ὑφθαλμοῖςς
2745 1460 2883 1513 Ἀλλ’
2910 1461 3031 1514 οὑδὲ
3059 1460 3217 1513 τοῦτο
3245 1460 3311 1515 ἂν
3340 1460 3454 1531 έχοι
3480 1479 3567 1525 τις
3601 1464 3804 1515 εἰπεῖν’

2229 1543 2325 1597 καὶ
2357 1544 2465 1614 γάρ
2495 1546 2588 1597 καὶ
2618 1544 2892 1608 πλουσίοις
2922 1546 3016 1599 καὶ
3037 1546 3266 1617 πένησιν
3298 1548 3414 1600 ἴσον
3433 1547 3534 1617 τῆς
3568 1549 3811 1602 ἀπολαύο

2233 1643 2369 1689 σεως
2405 1627 2633 1698 ὥρισται
2676 1628 2895 1699 μέτρον,
2933 1629 3134 1697 μᾶλλον
3166 1631 3222 1683 δὲ
3262 1632 3356 1684 καὶ
3397 1632 3634 1685 ἐνταῦθα
3685 1634 3811 1696 τοὺς

2231 1710 2467 1781 πένητας
2492 1710 2602 1765 τῶν
2623 1710 2992 1766 πλουτούντων
3016 1713 3468 1777 πλεονεκτοῦντας
3498 1714 3598 1769 ῐδοι
3619 1733 3705 1779 τις
3720 1716 3808 1781 ἂν,

2229 1794 2338 1865 ὅσῳ
2367 1796 2462 1849 καὶ
2490 1797 2815 1869 τρανοτέρας
2851 1798 2949 1863 τάς
2993 1799 3296 1871 αἰσθήσεις,
3331 1802 3424 1855 καὶ
3460 1801 3722 1875 ὀξύτερον
3748 1803 3814 1856 τὸ

2226 1876 2404 1948 δμμα,
2436 1880 2531 1932 καὶ
2560 1880 2955 1952 ἀκριϐεστέρας
2980 1881 3165 1953 έχουσι
3198 1883 3298 1948 τὰς
3327 1885 3646 1957 ἀντιλήψεις
3668 1889 3817 1942 ἀπάε

2235 1979 2354 2026 σας.
2372 1963 2464 2016 Διὸ
2492 1966 2586 2018 καὶ
2603 1966 2972 2036 γνησιωτέραν
2997 1968 3335 2038 καρποῦνται
3348 1970 3448 2040 τὴν
3473 1971 3696 2042 ἡδονὴν,
3720 1975 3819 2026 καὶ

2235 2047 2435 2117 μᾶλλον
2461 2048 2765 2120 ἐντρυφῶσι
2785 2052 2879 2104 καὶ
2898 2051 3225 2106 ἀπολαύουσι
3254 2057 3321 2124 τῇ
3348 2054 3551 2127 θεωρίᾳ
3573 2058 3675 2129 τῆς
3704 2058 3818 2109 κτί-

2233 2149 2388 2194 σεως.
2423 2133 2536 2187 υὺκ
2569 2133 2662 2186 ἐπὶ
2694 2134 2803 2187 τῶν
2833 2136 3109 2206 στοιχείων
3133 2135 3192 2189 δὲ
3224 2138 3383 2207 μόνον
3409 2138 3641 2203 τούτων,
3673 2140 3817 2194 ἀλλά

2231 2218 2326 2270 καὶ
2344 2217 2435 2269 ἐπὶ
2455 2216 2562 2270 τῶν
2600 2217 2774 2272 ἀλλων
2802 2219 2911 2272 τῶν
2937 2220 3087 2291 παρά
3103 2221 3200 2293 τῆς
3226 2222 3442 2291 φύσεως
3470 2225 3818 2295 είσενεχθέν-

2231 2318 2339 2353 των
2376 2303 2527 2372 ἡμῖν,
2565 2300 2766 2372 πολλὴν
2803 2302 2922 2371 ὄψει
2965 2304 3064 2373 τὴν
3108 2304 3353 2374 ίσότητα,
3397 2307 3598 2377 μᾶλλον
3628 2308 3691 2362 δὲ
3716 2311 3822 2379 τὴν

2233 2384 2545 2450 πλεονεξίαν
2574 2384 2726 2455 παρά
2753 2388 2862 2449 τοῖς
2891 2387 3115 2457 πένησιν
3136 2383 3326 2442 οὖσαν.
3352 2387 3454 2442 Καὶ
3485 2390 3595 2461 γὰρ
3622 2390 3821 2455 ὕπνος,

2233 2469 2260 2531 ό
2288 2468 2467 2537 πάσης
2493 2469 2705 2539 τρυφῆς
2730 2469 2893 2539 ἡδίων
2918 2470 3014 2524 καὶ
3034 2470 3474 2543 ἀναγκαιότερος,
3492 2474 3587 2526 καὶ
3607 2475 3825 2544 τροφῆς

2235 2552 2451 2620 ἀπάσης
2477 2553 2910 2625 χρησιμώτερος,
2946 2554 3308 2627 εὑκολώτερος
3336 2558 3453 2619 τοῖς
3486 2557 3746 2627 πένησιν,
3788 2558 3822 2628 ἢ

2233 2638 2345 2698 τοῖς
2377 2636 2653 2700 πλουσίοις
2682 2637 2849 2691 ἐστίν·
2875 2639 2976 2691 οὑκ
3003 2636 3367 2709 εὑκολῶτερος
3385 2639 3441 2692 δὲ
3469 2641 3647 2711 μὸνον,
3672 2643 3827 2695 ἀλλά

2234 2720 2328 2772 καὶ
2354 2719 2825 2791 εἰλικρινέστερος.
2855 2720 3113 2785 Ἐκείνοις
3131 2723 3229 2792 μὲν
3244 2722 3354 2792 γάρ
3371 2724 3404 2792 ἡ
3423 2724 3591 2794 πολλὴ
3608 2726 3823 2796 τρυφὴ,

2234 2802 2328 2855 καὶ
2346 2801 2404 2854 τὸ
2428 2803 2565 2872 μήτε
2587 2802 2885 2865 πεινῶντας
2910 2803 3128 2867 ἐσθίειν,
3160 2806 3296 2874 μήτε
3325 2805 3592 2875 διψῶντας
3612 2808 3825 2867 πίνειν,

2238 2885 2374 2954 μήτε
2414 2884 2695 2938 καθεύδειν
2738 2885 3117 2952 νυστάζοντας,
3153 2889 3250 2957 τὴν
3290 2888 3348 2942 ἐν
3385 2889 3588 2943 ἅπασιν
3617 2890 3827 2962 ἡδονὴν

2234 2966 2446 3020 ἐκλύειν
2473 2967 2694 3021 εἴωθεν*
2729 2968 2787 3021 ού
2809 2969 2915 3041 γὰρ
2947 2968 3120 3033 οὕτως
3148 2972 3179 3041 ἡ
3209 2970 3318 3025 τῶν
3347 2972 3688 3044 πραγμάτων
3721 2976 3829 3043 φύ-

2238 3067 2341 3113 σις,
2365 3050 2440 3113 ὡς
2458 3050 2518 3102 τὸ
2532 3051 2631 3121 τῆς
2650 3052 2837 3121 χρείας
2858 3053 3152 3120 ἀναγκαῖον
3179 3055 3408 3109 ἕκαστον
3443 3060 3576 3128 ἡμῖν
3604 3058 3830 3112 τούτων

2236 3132 2332 3203 ἡδὺ
2368 3134 2705 3205 καθίστησιν.
2742 3135 2853 3204 Οὑχ
2881 3135 3022 3188 οὑτω
3056 3138 3187 3204 γοῦν
3218 3139 3279 3191 τὸ
3307 3140 3479 3193 πίνειν
3509 3136 3651 3194 οἶνον
3684 3143 3829 3213 ἡδὶν

2236 3223 2329 3274 καὶ
2348 3220 2667 3291 ἀνθοσμίαν,
2692 3223 2767 3286 ὡς
2785 3224 2845 3275 τὸ
2861 3223 3131 3293 διψῶντας
3147 3227 3320 3281 πίνειν
3338 3227 3482 3299 ὕδωρ
3501 3230 3828 3300 εὐφραίνειν

2236 3303 2451 3357 εἴωθεν·
2484 3307 2581 3375 οὐχ
2602 3307 2743 3359 οὑτω
2760 3307 2819 3360 τὸ
2840 3307 3175 3374 πλακοῦντας
3196 3312 3225 3351 ιι
3252 3312 3470 3377 ἐσθίειν,
3500 3315 3576 3377 ὼς
3607 3315 3673 3368 τὸ
3700 3334 3829 3370 πειο

2237 3388 2443 3452 νῶντας
2464 3389 2663 3442 ἐσθίειν
2681 3406 2695 3419 ο
2731 3391 2827 3460 οὑχ
2854 3390 2995 3445 οὕτω
3021 3393 3083 3446 τὸ
3105 3392 3387 3450 καθεύδειν
3413 3399 3502 3450 ἐπὶ
3525 3402 3831 3472 στρωμνῆς

2239 3471 2472 3542 ἁπαλῆς,
2499 3473 2576 3535 ὡς
2606 3473 2667 3526 τὸ
2693 3475 3052 3541 νυοτάζοντας
3081 3477 3365 3532 καθεύδειν
3387 3498 3403 3512 ·
3427 3481 3569 3552 ἅπερ
3600 3471 3829 3538 ἅπαντα

2238 3555 2391 3626 παρά
2406 3559 2517 3618 τοῖς
2537 3555 2730 3627 πένησι
2750 3559 2948 3628 μᾶλλόν
2963 3561 3128 3628 ἐστιν,
3150 3563 3183 3633 ἦ
3207 3567 3357 3635 παρὰ
3368 3568 3479 3629 τοῖς
3502 3566 3825 3622 πλουτοῦσι.

2238 3638 2320 3690 Τά
2346 3638 2402 3691 δέ
2416 3639 2516 3708 τῆς
2539 3640 2748 3708 ὑγιείας
2774 3641 2868 3694 τοῦ
2887 3641 3142 3712 σώματος
3179 3647 3275 3699 καὶ
3303 3647 3405 3717 τῆς
3425 3648 3589 3718 ἄλλης
3600 3650 3830 3717 εὐεξίας

2238 3720 2455 3791 ἀπάσης
2482 3723 2541 3775 οὑ
2573 3723 2727 3776 κοινά
2744 3725 2835 3777 καὶ
2854 3724 3128 3791 πλουσίοις
3150 3729 3242 3781 καὶ
3266 3729 3464 3802 πένησι
3492 3732 3826 3803 πρόκειταις

2236 3806 2329 3876 Μὴ
2355 3807 2577 3861 δύναταί
2604 3827 2687 3873 τις
2712 3812 2884 3864 εἰπεῖν
2906 3812 2937 3881 ἢ
2957 3813 3143 3878 δεῖξαι,
3168 3816 3252 3869 ὅτι
3273 3818 3502 3888 πένητες
3518 3820 3620 3889 μὲν
3639 3821 3829 3893 ἀρῤω-

2239 3893 2420 3946 στοῦσι
2460 3895 2638 3965 μόνον,
2673 3897 2993 3951 πλούσιοιδέ
3023 3900 3111 3953 διὰ
3144 3903 3345 3966 παντὸς
3371 3905 3430 3956 ἐν
3458 3904 3672 3978 καθαρᾷ
3704 3909 3831 3963 δια-

2240 3977 2490 4047 μένουσιν
2515 3980 2725 4051 ὑγιείας
2752 3982 3068 4036 Τοὺναντίον
3090 3985 3187 4054 μὲν
3203 3982 3294 4039 οὖν
3310 3986 3454 4040 ἔστιν
3482 3988 3627 4053 ἰδεῖν,
3650 3977 3829 4062 πένη-

2236 4076 2335 4123 τας
2367 4061 2465 4131 μέν
2498 4064 2557 4115 οὑ
2595 4064 2792 4134 ῥᾳδίως
2822 4064 3208 4137 ἁλισκομένους
3242 4072 3354 4133 τοῖς
3384 4071 3628 4137 ἀνιάτοις
3656 4079 3828 4149 voci;-

2240 4161 2391 4211 μασι,
2421 4147 2697 4218 πανταχοῦ
2732 4149 2788 4201 δὲ
2829 4150 2885 4200 έν
2918 4152 3030 4212 τοῖς
3062 4150 3169 4203 τῶν
3195 4151 3565 4208 πλουτούντων
3599 4147 3829 4228 σώμασι

2234 4228 2405 4281 ταῦτα
2434 4228 2815 4298 βλαστάνοντα.
2839 4233 3133 4301 Ποδαλγίαι
3158 4235 3309 4303 γοῦν,
3340 4237 3433 4290 καὶ
3455 4241 3827 4312 καρηδαρίαι,

2235 4312 2330 4364 καὶ
2347 4313 2727 4382 παρέσεις,καὶ
2738 4315 2943 4387 νεύρων
2954 4317 3241 4385 ἀνήκεστοι
3256 4319 3600 4390 διαστροφαὶ,
3616 4325 3716 4377 καὶ
3734 4344 3833 4379 τα)-

2234 4394 2374 4465 νηρά
2402 4395 2498 4448 καὶ⁹
2514 4394 2881 4468 διεφθαρμένα
2912 4399 3158 4469 ῥεύματα
3180 4402 3515 4469 παντοδαπά,
3540 4407 3831 4474 κάκείνοις

2238 4481 2474 4551 μάλιστα
2498 4482 2734 4553 ἐνοχλεῖν
2788 4483 2945 4538 εἴωθε
2996 4489 3108 4549 τοῖς
3162 4489 3426 4558 τρυφῶσι,
3459 4493 3572 4556 τοῖς
3631 4495 3831 4566 μύρων

2233 4568 2468 4631 δζουσιν,
2500 4570 2560 4621 οὑ
2592 4572 2704 4631 τοῖς
2746 4570 2966 4624 πονοῦσι
2999 4573 3093 4626 καὶ
3135 4575 3695 4648 ταλαιπωρουμένοις,
3727 4582 3828 4635 καὶ

2235 4655 2300 4707 ἐκ
2328 4654 2427 4725 τῆς
2452 4655 2575 4707 καθ’
2596 4657 2834 4727 ἑκάστην
2860 4658 3073 4729 ἡμέραν
3100 4661 3361 4733 ἐργασίας
3384 4662 3488 4734 τὴν
3511 4665 3831 4735 ἀναγκαίαν

2234 4739 2441 4808 τροφὴν
2463 4737 2765 4810 πορίζουσι.

2304 4825 2365 4873 ε’.
2399 4820 2499 4874 Διά
2519 4820 2676 4876 τοῦτο
2696 4824 2790 4876 καὶ
2819 4823 2929 4877 τῶν
2958 4827 3267 4896 προσαιτῶν
3282 4830 3331 4882 οἱ
3347 4834 3526 4903 τρυφῇ
3548 4833 3830 4900 συζῶντες

2232 4901 2552 4991 ἀθλιώτεροι
2579 4906 2811 4970 πάντες*
2840 4908 2934 4961 καὶ⁹
2962 4910 3123 4965 τοῦτο
3161 4913 3269 4965 οὐδ’
3309 4901 3566 4970 aiam».
3592 4920 3648 4970 οί
3688 4936 3829 4991 τρυ-

2234 4985 2441 5072 φῶντες
2462 4988 2784 5042 ἀντείποιεν.
2809 4990 3075 5054 Πολλάκις
3089 4994 3221 5061 γοῦν
3244 4996 3497 5061 πλούσιος
3522 5001 3621 5053 ἐπὶ
3646 4985 3832 5072 στρω-

2235 5069 2372 5140 μνῆς
2393 5072 2787 5141 κατακείμενος
2804 5074 3039 5145 ἁπαλῆς,
3057 5078 3284 5131 οἰκετῶν
3303 5081 3397 5133 καὶ
3416 5069 3833 5154 θεραπαινίδων

2230 5153 2533 5239 παρόντων,
2546 5156 2758 5239 πολλῆς
2776 5157 3073 5228 θεραπείας
3089 5162 3376 5217 ἀπολαύων
3399 5153 3552 5239 παρὰ
3577 5170 3831 5236 πάντων,

2234 5237 2462 5308 πένητος
2479 5237 2569 5291 διὰ
2581 5238 2676 5292 τοῦ
2708 5242 2984 5295 στενωποῦ
3006 5244 3245 5308 ἀκούσας
3273 5237 3527 5316 βοῶντος.
3540 5251 3718 5323 ἀρτον
3738 5256 3835 5307 αἱ-

2229 5319 2465 5405 τοῦντος,
2489 5321 2772 5405 ἐδάκρυσε,
2801 5323 2952 5398 [746]
2967 5331 3060 5382 καὶ
3081 5330 3353 5396 ἐστέναξε,
3380 5334 3476 5386 καὶ
3499 5319 3704 5404 ηῦξατο
3730 5355 3837 5405 γε-

2228 5402 2415 5456 νέσθαι
2431 5404 2671 5467 τοιοῦτος
2702 5407 2841 5476 μετά
2870 5408 2969 5478 τῆς
2989 5410 3217 5479 ὑγιείας,
3241 5412 3273 5484 ἢ
3305 5416 3442 5483 μετά
3466 5402 3565 5471 τοῦ
3587 5402 3836 5474 πλούτει)

2229 5484 2867 5575 τῂν-ἀρρωστίανῌέχειν.
2903 5494 3016 5547 Οὐκ
3040 5496 3135 5550 ἐπὶ
3165 5498 3264 5567 τῆς
3294 5499 3507 5566 ὑγιείας
3538 5501 3599 5554 δέ
3635 5504 3834 5575 μόνον,

2227 5567 2363 5654 ἀλλὰ
2381 5570 2486 5654 ⁸καὶ
2515 5573 2609 5623 ἐπὶ
2638 5572 2736 5642 τῆς
2763 5576 3110 5643 παιδοποιίας
3137 5580 3300 5634 πάλιν
3323 5582 3476 5637 οὐδὲν
3512 5567 3705 5654 ὄψεταί
3741 5567 3838 5653 τις

2226 5651 2319 5703 τὸν
2340 5651 2592 5707 πλούσιον
2615 5655 2706 5708 τοῦ
2731 5658 2959 5729 πένητος
2988 5661 3414 5719 πλεονεκτοῦντα
3433 5683 3448 5697 ·
3477 5651 3595 5722 ἀλλ’
3614 5651 3834 5739 ὁμοίως

2229 5733 2325 5786 καὶ
2358 5736 2508 5807 παρά
2534 5737 2765 5805 τούτοις,
2794 5744 2888 5797 κα)⁵
2925 5748 3056 5818 παρ’
3085 5747 3319 5814 ἐκείνοις
3338 5753 3435 5806 καὶ
3465 5753 3837 5812 πολυπαιδίαι

2294 5833 2323 5874 ιι
2351 5835 2471 5899 Reg.
2496 5838 2808 5898 πλακοῦνδας.
