4064 6456
299 460 408 517 673

298 590 422 646 ante
446 588 642 654 tempus
656 584 910 657 judicare,
944 590 1100 645 donec
1122 597 1287 652 veniat
1326 595 1575 656 Dominus
1601 604 1877 672 (1.0οτ.4.

295 672 360 739 5)
389 690 402 724 :
434 681 489 726 et
518 681 574 728 tu
621 675 904 734 Dominum
946 684 998 737 in
1019 685 1282 752 judicium
1313 692 1502 758 trahis,
1535 706 1589 750 et
1617 696 1876 754 factorum

293 764 559 818 rationem
581 766 650 820 ab
673 783 740 823 eo
773 773 965 842 exigis,
997 793 1094 832 nec
1119 781 1382 838 exhorres
1415 796 1504 839 aut
1528 793 1878 857 expavescis?

294 851 361 905 Et
391 867 548 922 quam
589 863 933 930 consequeris
971 868 1202 936 veniam,
1251 872 1497 942 obsecro,
1530 895 1687 946 quam
1715 897 1875 938 excu-

289 943 558 999 sationem
591 946 827 1017 habebis,
847 969 968 1009 cum
996 958 1213 1029 singulis
1238 962 1445 1030 diebus,
1475 969 1582 1024 imo
1611 987 1736 1026 vero
1766 974 1875 1028 sin-

284 1034 426 1100 gulis
457 1035 604 1093 horis
623 1045 1048 1111 experimentum
1074 1055 1421 1121 providentia:
1441 1061 1558 1132 ejus
1577 1067 1783 1135 capias;
1817 1079 1871 1125 et

286 1134 468 1182 tamen
494 1130 566 1185 ob
591 1131 1026 1207 inmqualitatem,
1056 1160 1174 1213 quae
1204 1147 1343 1205 inter
1371 1130 1563 1210 divites
1589 1130 1870 1231 et-paupe-

282 1232 377 1272 res
429 1220 672 1289 videtur,
720 1230 956 1286 omnium
1004 1250 1184 1292 rerum
1231 1241 1426 1299 bonam
1476 1248 1866 1309 ordinationem

277 1308 524 1378 damnes,
554 1314 714 1387 idque
739 1321 969 1390 injuste?
998 1325 1054 1382 Si
1085 1330 1226 1386 enim
1267 1333 1336 1387 ita
1367 1345 1427 1390 ut
1457 1337 1701 1406 decebat,
1739 1358 1860 1400 cum

671 1412 712 1466 is
764 1419 1058 1476 attentione
1112 1423 1226 1480 lucc
1272 1433 1497 1486 scrutari
1550 1435 1852 1508 voluisses,

274 1495 490 1552 etiamsi
530 1501 730 1558 nullum
775 1507 916 1564 aliud
946 1511 1139 1569 divina:
1183 1521 1528 1588 providentize
1572 1542 1856 1598 argumen-

275 1591 392 1639 tum
443 1589 739 1661 habuisses,
771 1609 917 1656 certe
954 1619 1018 1658 ex
1061 1605 1262 1664 divitiis
1302 1621 1354 1666 ct
1395 1629 1709 1686 paupertate
1736 1636 1854 1678 eam

271 1674 685 1744 deprehendere
734 1691 1015 1757 potuisses.
1068 1674 1408 1767 Paupertate.
1439 1674 1580 1764 enim
1625 1713 1850 1778 sublata,

268 1764 397 1820 vita:
441 1771 604 1826 totius
646 1779 957 1836 constitutio
998 1764 1291 1855 tolleretur,
1338 1803 1393 1849 et
1430 1799 1603 1854 omnis
1647 1803 1853 1861 vivendi

267 1861 410 1912 ratio
438 1864 840 1928 perturbaretur
874 1890 886 1926 :
914 1888 1084 1944 neque
1115 1889 1270 1936 nauta
1298 1885 1401 1938 erit
1441 1901 1612 1958 neque
1652 1893 1850 1961 guber-

265 1959 445 2015 nator,
479 1967 584 2008 non
617 1959 870 2026 agricola,
927 1980 1032 2020 non
1075 1976 1470 2043 cmmentarius,
1504 1995 1608 2034 non
1655 1993 1846 2054 textor,

262 2053 374 2094 non
416 2052 587 2111 sutor,
629 2065 731 2104 non
771 2052 938 2120 faber,
983 2074 1087 2114 non
1125 2065 1364 2129 aerarius,
1413 2085 1518 2126 non
1564 2075 1843 2146 coriarius,

260 2129 522 2202 pistorve,
557 2152 656 2192 nec
698 2142 831 2199 alius
862 2148 997 2204 ullus
1028 2153 1203 2220 opifex
1239 2174 1250 2209 :
1279 2158 1467 2226 quibus
1499 2179 1603 2219 non
1635 2178 1847 2225 exstan-

255 2219 427 2290 tibus,
466 2229 642 2284 omnia
673 2244 886 2300 pessut’n
917 2219 1084 2296 ibunt.
1128 2245 1277 2302 Nunc
1306 2253 1466 2319 enim,
1497 2260 1646 2324 quasi
1679 2264 1844 2331 magi-

254 2319 378 2366 stra"
410 2319 651 2384 quaedam
690 2328 906 2396 Optima,
942 2337 1229 2392 necessitas
1261 2349 1579 2413 paupertatis
1608 2353 1843 2424 singulos

255 2401 324 2424 μ,
358 2418 464 2424 ,η
610 2412 624 2424 .
661 2413 672 2424 .
753 2417 764 2424 .

252 2401 324 2455 ad
352 2418 511 2473 Opera
544 2412 626 2466 vel
659 2413 852 2474 invitos
881 2436 1027 2492 urget
1060 2443 1071 2477 :
1101 2430 1241 2497 quod
1267 2433 1310 2487 si
1335 2449 1520 2492 omnes
1546 2401 1729 2498 essen't
1755 2448 1835 2500 di~

253 2496 412 2565 vites,
442 2517 626 2559 omnes
654 2509 811 2564 etiam
859 2513 908 2568 in
947 2518 1056 2573 otio
1083 2521 1337 2593 viverent,
1370 2538 1529 2599 atque
1559 2533 1626 2588 ita
1657 2540 1833 2593 omnia

250 2602 469 2656 pessum
517 2594 672 2664 irent,
723 2611 778 2656 et
827 2606 955 2660 nihil
1003 2625 1104 2664 non
1155 2617 1368 2684 periret.
1417 2621 1678 2680 Prattcrea
1723 2631 1835 2687 suis

247 2677 486 2746 ipsorum
515 2688 684 2744 verbis
705 2697 944 2752 convinci
976 2715 1216 2772 possunt,
1249 2716 1301 2762 ct
1320 2710 1385 2764 ad
1416 2715 1680 2771 silentium
1710 2722 1835 2777 red-

245 2766 342 2837 igi.
390 2770 496 2828 Cur
531 2779 695 2842 enim,
754 2800 970 2855 quaeso,
1014 2793 1102 2847 Dei
1149 2801 1528 2865 providentiam
1578 2814 1833 2868 accusas?

245 2874 442 2930 nempe
467 2869 619 2935 'quod
647 2872 783 2929 alius
807 2877 943 2946 plus,
975 2883 1109 2939 alius
1130 2888 1304 2946 minus
1332 2898 1670 2962 pecuniarum
1702 2919 1826 2972 pos-

245 2949 381 2972 ...ε.ι--
448 2955 488 2972 Α
532 2958 542 2968 ·
567 2958 578 2972 ¹
633 2970 640 2972 Α
755 2965 774 2972 “
850 2969 861 2972 ‘
910 2971 918 2972 '

239 2949 402 3012 Sidet.
446 2955 581 3021 Quid
628 2965 775 3019 lunt?
819 2969 862 3023 si
905 2971 958 3025 itt
999 2977 1287 3046 majoribus
1326 2949 1504 3053 rebus,
1554 2999 1607 3046 ct
1635 2949 1827 3063 quibus

1080 3041 1095 3046 _
1469 3041 1504 3053 ,,
1561 3041 1606 3046 π-
1637 3041 1825 3063 ,_.......

239 3041 348 3096 vita
379 3057 556 3104 nostra
583 3065 809 3124 constat,
845 3075 996 3128 pares
1021 3082 1140 3124 esse
1160 3087 1344 3130 omnes
1376 3076 1620 3137 homines
1646 3095 1825 3142 osten-

233 3133 388 3198 dam,
435 3154 655 3200 necesse
700 3151 803 3204 erit
844 3163 900 3206 ut
929 3172 1024 3224 per
1061 3164 1236 3218 omnia
1280 3166 1509 3226 divinam
1544 3177 1824 3244 previden-

235 3225 368 3286 tiam
400 3236 681 3301 approbes.
707 3239 836 3297 Nam
866 3246 910 3300 si
939 3247 1061 3306 inde
1088 3255 1294 3326 colligis
1324 3262 1518 3318 nullam
1544 3225 1822 3339 esse'pro-

230 3317 544 3389 videntiam,
573 3330 712 3397 quod
740 3349 844 3388 una
871 3337 921 3391 in
945 3355 1002 3395 re
1031 3317 1294 3411 potiorsit
1319 3351 1538 3409 divitum
1562 3317 1815 3428 conditio,

227 3409 479 3468 videlicet
507 3423 775 3490 pecuniis;
807 3427 850 3481 si
876 3444 1202 3500 compertum
1234 3439 1386 3496 fuerit
1415 3459 1601 3504 omnes
1632 3467 1815 3522 aequa-

1555 3502 1595 3504 -_
1635 3502 1781 3522 ,-,-_

225 3502 357 3558 liter
393 3510 570 3575 potiri,
601 3528 704 3569 non
734 3533 834 3573 una
864 3536 943 3588 re,
973 3540 1144 3595 neque
1176 3537 1279 3584 tam
1308 3534 1415 3600 vili,
1453 3539 1546 3593 sed
1575 3543 1814 3610 pluribus

221 3603 283 3648 ct
309 3600 478 3653 multo
514 3605 824 3677 majoribus,
854 3618 1189 3685 perspicuum
1218 3635 1299 3679 cst
1329 3635 1378 3682 te
1409 3629 1530 3686 inde
1562 3635 1644 3689 vel
1676 3637 1811 3691 invi-

224 3696 340 3741 tum
370 3694 484 3760 cogi
511 3693 600 3749 Dei
633 3702 976 3766 providentia:
1005 3709 1335 3782 adstipulari.

297 3781 378 3833 Au
407 3784 521 3850 plus
547 3803 768 3859 paupere
804 3794 938 3852 dives
963 3799 1176 3867 habeat;
1197 3823 1402 3863 somnus
1445 3817 1646 3869 suavior
1673 3836 1807 3886 pau-

215 3872 366 3939 peri;
407 3875 640 3932 valetudo
672 3897 915 3955 prospera
942 3906 1082 3960 teque
1119 3897 1349 3953 divitibus
1390 3913 1436 3956 et
1465 3912 1806 3977 pauperibus;

219 3965 410 4032 funera
453 3967 662 4026 divitum
705 3983 750 4028 et
789 3995 1091 4048 pauperum.
1120 4017 1192 4027 —
1230 3991 1361 4060 Age,
1409 3997 1473 4050 ad
1511 3965 1580 4053 ea.
1613 4003 1804 4070 quibus

212 4064 403 4110 nostra
439 4060 542 4114 vita
591 4075 818 4136 constat,
868 4085 1114 4132 sermone
1165 4085 1585 4156 progrediamur,
1632 4108 1803 4164 caque

209 4147 500 4218 diligenter
542 4153 885 4228 inquiramus,
932 4174 983 4219 et
1030 4167 1303 4228 videamus
1349 4191 1414 4230 an
1457 4178 1508 4232 in
1554 4181 1655 4236 illis
1685 4185 1802 4253 plus

211 4255 452 4308 paupere
480 4244 627 4302 dives
655 4249 862 4307 habeat.
893 4255 1041 4326 Puta,
1069 4261 1218 4319 dives
1250 4267 1406 4324 habet
1427 4244 1796 4350 Tliasiumta),

207 4339 272 4384 ct
301 4331 434 4386 alios
467 4338 662 4394 multos
684 4351 796 4398 arte
819 4349 1090 4406 confectos
1116 4364 1270 4423 potus
1300 4367 1354 4412 et
1378 4361 1444 4415 ad
1471 4365 1794 4435 Voluptatem

204 4423 458 4480 conditos
483 4445 497 4484 :
529 4437 582 4483 at
610 4430 782 4489 fontes
807 4451 1060 4506 aquarum
1081 4447 1326 4503 omnibus
1359 4463 1484 4507 sunt
1509 4460 1789 4528 propositi,

205 4523 321 4570 tam
351 4521 670 4587 pauperibus
697 4540 854 4592 quam
885 4527 1152 4588 divitibus.
1186 4535 1366 4594 Risisti
1401 4521 1542 4599 forte
1571 4521 1792 4605 audiens

202 4603 350 4660 hanc
374 4611 752 4678 mqualitatem.
779 4617 916 4672 Audi
948 4620 1108 4691 igitur
1135 4638 1330 4695 quanto
1360 4639 1698 4700 praestantior
1724 4642 1793 4696 sit

198 4697 400 4766 quovis
445 4701 570 4756 vino
617 4719 769 4773 aquae
810 4720 1020 4780 natura,
1072 4719 1345 4790 magisque
1383 4729 1684 4784 necessaria
1737 4741 1791 4786 ct

195 4789 391 4856 utilis;
421 4802 472 4847 et
505 4797 780 4854 revocabis
806 4809 949 4857 tuam
979 4811 1319 4878 sententiam,
1356 4829 1614 4887 verasque
1656 4835 1788 4890 pau-

195 4895 392 4952 perum
431 4884 643 4942 divitias
669 4888 952 4960 intelliges.
983 4895 1114 4952 Nam
1150 4899 1274 4957 vino
1301 4884 1782 4978 quidem—sublato,

197 4987 314 5028 non
340 4990 590 5046 magnum
611 4979 770 5038 fuerit
789 4982 1160 5044 detrimentum
1189 5003 1538 5066 praeterquam
1562 5000 1784 5058 inlirmis

193 5065 332 5120 solis
356 5084 368 5120 :
389 5069 435 5122 si
464 5072 580 5141 quis
610 5082 788 5130 autem
816 5075 984 5132 fontes
1008 5085 1283 5139 sustulerit
1305 5095 1363 5141 et
1390 5103 1646 5158 aquarum
1673 5094 1783 5148 ele-

192 5171 461 5232 mentum,
486 5167 644 5224 vitam
663 5185 874 5228 omnem
899 5183 1132 5232 nostram
1159 5177 1494 5247 subverterit,
1519 5192 1574 5239 et
1593 5199 1779 5242 omnes

190 5253 491 5322 perdiderit
519 5268 698 5316 artes:
729 5277 793 5320 ac
824 5280 891 5321 ne
918 5267 1131 5323 biduum
1162 5271 1374 5339 quidem
1405 5275 1597 5332 durare
1626 5288 1778 5348 pote-

189 5345 388 5412 rimus,
426 5348 522 5404 sed
570 5353 750 5410 statim
789 5371 974 5412 omnes
1021 5362 1310 5418 moriemur
1344 5376 1516 5424 morte
1544 5369 1770 5438 quadam

189 5439 486 5502 miserabili
512 5453 674 5515 atque
701 5450 1029 5516 gravissima.

263 5533 317 5584 4.
359 5531 415 5587 lu
445 5538 761 5594 necessariis
787 5540 963 5610 itaque
997 5545 1158 5600 rebus
1183 5546 1374 5615 quibus
1404 5551 1509 5606 vita
1538 5563 1766 5622 constat,

179 5636 391 5694 pauper-
417 5641 522 5680 non
550 5637 633 5684 est
675 5629 911 5698 inferior,
943 5633 1070 5701 imo,
1115 5636 1158 5690 si
1191 5639 1384 5695 mirum
1409 5643 1656 5712 quiddam
1686 5647 1769 5702 di-

176 5716 418 5772 cendum
442 5726 548 5788 est,
587 5730 803 5791 superat
829 5724 989 5780 etiam
1029 5726 1266 5784 divitem.
1299 5730 1490 5790 Multos
1519 5737 1660 5792 enim
1682 5738 1763 5796 di-

231 5849 319 5937 Ta.)
352 5852 735 5937 celtiberi-talium
760 5859 1108 5937 eratmjt'hasium
1144 5864 1324 5930 viuum,
1349 5873 1403 5921 ut
1442 5869 1610 5925 videas
1633 5873 1759 5937 apud

171 5913 571 5978 Aristophanem,
597 5919 828 5981 Plautum,
855 5928 905 5971 et
927 5923 1063 5982 alios.

1577 487 1664 542 DE
1703 487 1883 544 ANNA
1923 491 2155 552 SERMO
2194 497 2258 553 γ.

3471 547 3573 606 671

1987 609 2125 666 me“
2178 617 2450 676 cemimus
2504 636 2723 697 Propter
2779 632 2997 696 delicias
3036 646 3467 728 valetudinarios,
3513 670 3575 715 ut

1987 701 2266 728 nl....!.~.-___
2321 725 2366 728 Δί
2585 727 2589 728 ,
2706 723 2717 728 -
2795 727 2801 728 ,

1984 701 2271 769 plurimum
2313 725 2466 782 aqua:
2508 727 2631 786 potu
2671 723 2937 786 abstinere
2970 749 2984 786 :
3014 749 3213 807 pauper
3248 701 3576 825 aute;.per

1984 799 2148 825 Inlun‘
2191 799 2346 825 mh...“
2397 803 2474 825 ιε-
2520 808 2550 825 n
2667 815 2697 825 _.
2759 816 2809 825 ...
2971 822 2984 825 _

1982 799 2148 849 totam
2191 799 2349 855 vitam
2393 803 2476 859 his
2517 808 2729 869 liuentis
2755 816 2922 876 libere
2958 799 3168 893 fruitur,
3202 799 3573 906 tamquamrad

3156 885 3168 893 ,
3206 885 3471 906 --μγ-...

1983 885 2157 939 mellis
2187 888 2382 959 fontes,
2411 897 2477 950 ad
2517 915 2772 969 aquarum
2799 924 3020 970 currens
3045 922 3266 990 rivulos,
3296 928 3566 990 sinceram

1982 974 2107 1030 inde
2149 989 2202 1033 et
2233 997 2416 1050 puram
2451 1003 2798 1062 percepturus
2829 1003 3170 1074 voluptatem.
3202 974 3337 1081 Quid
3380 1032 3557 1078 autem

1979 1066 2114 1136 ignis
2141 1077 2372 1130 natura?
2399 1094 2576 1138 nonne
2608 1085 2868 1146 thesauris
2890 1095 3180 1159 innumeris
3221 1109 3418 1178 utilior,
3451 1113 3552 1174 hu-

1975 1160 2254 1231 manisque
2277 1165 2471 1226 divitiis
2506 1178 2784 1234 omnibus?
2815 1183 2881 1238 Et
2911 1185 2997 1243 hic
3034 1208 3244 1264 quoque
3273 1160 3551 1268 thesaurus

1910 1324 1912 1326 ν
1971 1263 2037 1302 ex
2067 1267 2220 1322 :equo
2245 1256 2392 1313 diviti
2419 1264 2618 1331 pariter
2635 1284 2698 1326 ac
2727 1280 2942 1344 pauperi
2971 1289 3275 1355 propositus
3295 1304 3394 1350 est.
3419 1297 3548 1366 Qua:

2971 1347 2984 1350 -
3068 1347 3082 1355 υ
3306 1347 3316 1350 ν
3363 1347 3388 1348 ν
3427 1347 3546 1366 υηή

1969 1353 2096 1394 vero
2124 1347 2357 1402 nascitur
2385 1353 2453 1407 ab
2488 1370 2613 1412 acre
2657 1367 2968 1432 corporibus
2997 1379 3189 1432 nostris
3235 1383 3448 1452 utilitas,
3493 1398 3546 1450 et

1969 1431 2053 1452 In”
2091 1449 2106 1452 κ
2125 1451 2134 1452 κ
2151 1437 2161 1452 Ι
2232 1439 2243 1449 ⁸
2533 1449 2543 1452 “
2570 1449 2579 1452 ³

2754 1431 2767 1432 ,
3173 1431 3183 1432 ,
3239 1431 3448 1452 Nm",
3494 1431 3542 1450 ν,

1967 1431 2055 1487 lux
2085 1437 2295 1505 solaris,
2326 1449 2580 1516 numquid
2625 1451 2876 1514 divitibus
2917 1466 3086 1536 magis
3111 1484 3267 1538 quam
3296 1484 3542 1547 pauperi-

1967 1522 2062 1547 In-..
2095 1527 2229 1547 Δ..1.ει
2287 1541 2298 1547 -
2647 1544 2714 1547 --η

1963 1522 2064 1578 bus
2089 1527 2390 1599 exhibetur,
2423 1547 2474 1590 et
2504 1554 2619 1596 eam
2644 1544 2717 1599 illi
2748 1522 3073 1618 quatuor,vhi
3106 1522 3310 1620 duobusl
3338 1522 3540 1626 taritum

1965 1615 2132 1671 oculis
2158 1619 2371 1676 vident?
2394 1625 2497 1681 Sed
2518 1646 2688 1702 neque
2709 1615 2810 1692 hoc
2833 1615 3110 1714 quisquam
3133 1651 3313 1710 dicere
3334 1669 3534 1726 potest:

2849 1707 2862 1710 _
2972 1707 2984 1714 _
3261 1707 3264 1708 ν
3288 1707 3308 1710 _
3334 1707 3499 1726 την..
3522 1707 3534 1716 .

1961 1707 2169 1778 utrique
2192 1715 2331 1769 enim
2364 1721 2473 1786 pari
2505 1738 2750 1781 mensura
2773 1746 2833 1786 ea
2858 1737 3200 1814 perfruuntur
3230 1762 3245 1798 :
3275 1749 3380 1804 itno
3407 1766 3537 1810 vero

1955 1807 2012 1852 et
2042 1798 2128 1856 hic
2152 1818 2440 1875 pauperum
2471 1824 2646 1881 partes
2681 1831 2800 1875 sunt
2828 1798 3081 1896 potiores,
3105 1811 3300 1903 quanto
3323 1851 3380 1898 et
3404 1858 3530 1899 sen-

1955 1904 2046 1947 sus
2072 1892 2268 1951 babent
2297 1905 2612 1972 vegetiores,
2663 1920 2716 1965 ct
2745 1918 3036 1975 acutiorem
3065 1892 3297 1998 oculum,
3341 1943 3396 1990 et
3426 1940 3528 1992 vim

1954 1985 2278 2054 percipiendi
2322 2001 2764 2062 praestantiorem.
2808 2007 3141 2082 Quapropter
3179 2030 3234 2074 ct
3267 2026 3524 2084 veriorem

1953 2072 2200 2132 hauriunt
2226 2082 2570 2154 voluptatem,
2615 2101 2667 2146 ct
2694 2105 3056 2158 creaturarum
3085 2116 3528 2184 contemplatione

3265 2165 3524 2184 Tm"..-

1949 2165 2118 2232 magis
2141 2167 2484 2229 delectantur.
2515 2179 2628 2234 Non
2659 2183 2708 2236 in
2740 2189 2866 2244 solis
2901 2204 3077 2251 autem
3103 2200 3402 2273 elementis,
3430 2214 3524 2267 sed

3193 2253 3402 2273 ,-_-_.-...,
3430 2253 3524 2267 ην..

1950 2253 2002 2309 in
2041 2260 2288 2315 omnibus
2325 2265 2442 2320 aliis
2470 2278 2673 2327 natura:
2702 2281 3028 2349 muneribus,
3075 2291 3293 2347 multam
3321 2298 3526 2358 videbis

1946 2351 2328 2420 aequalitatem,
2382 2357 2490 2413 imo
2542 2371 2942 2436 prmrogativam
2994 2378 3152 2434 etiam
3205 2397 3518 2456 pauperum.

1946 2436 1988 2456 ιτ
2039 2455 2066 2456 η
2125 2455 2130 2456 γ
2495 2451 2526 2456 ’⁵
2659 2455 2666 2456 “

3205 2436 3222 2452 ,
3263 2436 3516 2456 νη,--,-....

1942 2436 2074 2493 Nam
2116 2455 2334 2500 somnus
2363 2451 2609 2508 omnibus
2638 2455 2844 2515 deliciis
2871 2465 3084 2522 suavior
3123 2476 3393 2546 magisque
3419 2498 3516 2536 ne-

1941 2535 2226 2602 cessarius,
2272 2540 2526 2611 omnique
2577 2546 2758 2603 utilior
2803 2554 3145 2624 nutrimento,
3196 2571 3516 2635 pauperibus

1939 2631 2020 2674 est
2047 2637 2204 2692 quam
2233 2626 2484 2685 divitibus
2527 2633 2732 2692 facilior
2764 2657 2775 2692 :
2807 2656 2979 2712 neque
3007 2662 3133 2703 vero
3166 2626 3368 2711 facilior
3397 2667 3514 2715 tan-

1941 2720 2072 2778 tum,
2105 2715 2196 2771 sed
2227 2719 2385 2776 etiam
2415 2722 2692 2780 sincerior.
2719 2728 2797 2784 Illi
2832 2734 2994 2800 enim,
3019 2747 3075 2792 ut
3100 2743 3187 2810 qui
3215 2744 3268 2798 in
3307 2747 3510 2808 deliciis

1936 2800 2154 2872 degunt,
2196 2807 2317 2864 cibo
2357 2809 2572 2882 famem,
2615 2826 2743 2886 potu
2786 2823 2948 2892 sitim,
2995 2800 3184 2887 somno
3211 2833 3507 2898 dormiendi

1933 2897 2302 2955 necessitatem
2339 2907 2688 2976 praeveniunt,
2720 2921 2877 2982 atque
2919 2916 2990 2971 ita
3021 2935 3232 2977 omnem
3261 2929 3504 3000 volupta-

1933 2995 2036 3041 tem
2087 2991 2187 3048 sibi
2223 2994 2601 3065 intercipiunt:
2637 3017 2740 3058 non
2786 3007 2926 3062 enim
2970 3012 3190 3079 perinde
3220 3015 3272 3072 in
3317 2991 3502 3082 natura

1931 3077 2176 3147 istorum,
2205 3093 2365 3154 atque
2390 3087 2440 3142 in
2485 3105 2581 3146 usu
2612 3098 2935 3165 necessario,
2970 3102 3211 3173 voluptas
3238 3112 3499 3170 consiSIit.

1924 3167 2041 3223 Non
2075 3170 2146 3226 ita
2171 3173 2402 3231 delectat
2430 3179 2606 3235 vinum
2637 3183 2914 3257 ipsumque
2937 3205 3098 3247 suave
3126 3197 3272 3253 olens
3293 3211 3498 3269 potare,

1924 3269 1984 3316 ut
2025 3263 2288 3321 sitientem
2329 3268 2512 3327 bibere
2537 3288 2762 3344 aquam;
2796 3295 2899 3334 non
2946 3284 3014 3338 ita
3042 3263 3311 3355 placentas
3339 3294 3499 3352 edere

1916 3353 2086 3422 juvat,
2119 3366 2176 3411 ut
2204 3360 2486 3416 esuriendo
2514 3367 2754 3433 quemvis
2783 3369 2957 3430 cibum
2997 3389 3242 3445 sumere;
3271 3398 3378 3439 non
3421 3387 3492 3449 ita

1920 3447 2064 3499 molli
2089 3448 2285 3505 cubare
2307 3461 2492 3517 strato,
2519 3464 2573 3509 ut
2590 3471 2900 3526 oppressum
2927 3478 3114 3523 somno
3133 3470 3314 3537 jacere
3339 3491 3351 3527 :
3373 3491 3492 3545 qua:

1918 3537 2093 3591 omnia
2121 3541 2288 3610 magis
2311 3543 2446 3610 apud
2475 3561 2733 3615 pauperes
2758 3559 2900 3616 sunt,
2931 3569 3087 3622 quam
3113 3560 3250 3629 apud
3273 3537 3487 3622 diviies.

1917 3628 2045 3694 Quae
2095 3645 2220 3685 vero
2272 3633 2540 3701 pertinent
2592 3637 2657 3691 ad
2713 3643 2954 3710 corporis
3006 3628 3377 3721 valetudinem,
3434 3667 3494 3712 et

1913 3731 2126 3773 omnem
2155 3721 2313 3776 aliam
2343 3723 2534 3779 bonam
2565 3725 2950 3803 habitudinem,
2977 3751 3152 3794 nonne
3185 3747 3483 3800 communia

1911 3819 2037 3865 sunt
2064 3811 2315 3870 divitibus
2335 3832 2484 3888 atque
2503 3828 2662 3890 atque
2688 3827 3044 3892 pauperibus?
3065 3832 3144 3884 An
3168 3849 3292 3889 vero
3311 3836 3487 3894 dicere

1911 3905 2168 3974 quispiam
2212 3917 2384 3976 potest
2411 3910 2537 3965 illud
2583 3923 2672 3966 aut
2713 3917 3015 3984 ostendere,
3058 3923 3197 3989 quod
3226 3939 3482 3995 pauperes

1907 4007 2119 4063 semper
2157 4007 2432 4064 aegrotent,
2476 4001 2669 4057 divites
2707 4018 2920 4074 semper
2964 4024 3214 4080 prospera
3267 4024 3481 4073 utantur

1908 4086 2253 4141 valetudine?
2300 4088 2634 4147 Contrarium
2663 4094 2875 4162 quidem
2904 4099 3081 4155 videre
3109 4103 3252 4170 licet,
3293 4123 3480 4179 paupe-

1904 4193 1992 4234 res
2019 4195 2122 4233 non
2153 4180 2308 4237 facile
2339 4183 2722 4241 insanabilibus
2750 4192 2949 4246 morbis
2977 4195 3114 4262 capi,
3138 4198 3231 4252 sed
3265 4203 3478 4259 morbos

1903 4272 2096 4338 passim
2117 4272 2167 4325 in
2186 4271 2406 4327 divitum
2431 4278 2740 4346 corporibus
2760 4285 3008 4350 grassari.
3035 4284 3188 4343 Certe
3210 4293 3476 4363 podagrae,

1899 4362 2234 4430 gravedines,
2262 4364 2639 4423 dissolutiones
2669 4386 2975 4441 nervorum,
3019 4387 3109 4431 aut
3146 4386 3471 4438 contractio-

1898 4467 2011 4515 nes,
2061 4456 2187 4509 varii
2233 4456 2407 4511 fluxus
2443 4458 2612 4512 vitiosi
2657 4476 2720 4516 ac
2755 4467 3009 4534 corrupti;
3053 4467 3309 4528 delicatos
3350 4475 3470 4530 illos

1897 4545 2064 4614 magis
2091 4545 2357 4612 infestant,
2399 4563 2492 4602 eos
2512 4552 2599 4618 qui
2629 4561 2893 4619 unguenta
2929 4554 3093 4619 olent,
3125 4575 3230 4614 non
3257 4576 3350 4616 eos
3377 4569 3465 4634 qui

1894 4635 2136 4689 laborant
2165 4645 2219 4691 et
2259 4648 2591 4705 exercentur,
2634 4651 2689 4695 et
2717 4643 3023 4712 quotidiana
3054 4661 3214 4717 opera
3261 4653 3462 4710 victum

1891 4726 1995 4780 sibi
2022 4736 2227 4796 parant.

1961 4820 2014 4875 5.
2054 4820 2388 4890 Quapropter
2435 4821 2692 4879 mendicis
2748 4826 2907 4879 etiam
2957 4828 3261 4886 miseriores
3305 4840 3463 4897 sunt,

1889 4920 2149 4981 quotquot
2174 4912 2225 4966 in
2251 4913 2452 4968 deliciis
2481 4914 2698 4982 vivunt;
2725 4915 2776 4980 id
2807 4918 2946 4994 quod
2989 4935 3086 4976 nec
3113 4922 3211 4991 ipsi
3239 4923 3466 4980 inficiari

1886 5014 2124 5074 possunt.
2175 5005 2505 5076 Frequenter
2543 5009 2740 5078 quippe
2778 5010 2930 5066 dives
2968 5014 3111 5069 molli
3141 5015 3332 5071 lectulo
3373 5033 3463 5071 cu-

1884 5097 2037 5161 bans,
2063 5098 2201 5153 inter
2225 5097 2528 5153 omnimoda
2579 5115 2855 5156 servorum
2887 5117 2950 5158 ac
2974 5104 3282 5159 ancillarum
3312 5106 3461 5160 obse-

1881 5191 2024 5259 quia,
2054 5190 2233 5245 audito
2272 5191 2518 5246 mendico
2547 5208 2639 5271 per
2676 5195 2848 5248 vicum
2890 5195 3123 5249 clamore
3152 5209 3339 5264 panem
3369 5211 3459 5266 pc-

1883 5292 2025 5337 tente
2052 5282 2328 5352 ingemuit,
2355 5293 2553 5339 etcum
2583 5285 2830 5356 lacrymis
2854 5294 3099 5354 precatus
3125 5293 3226 5350 est,
3251 5295 3305 5340 ut
3339 5287 3456 5340 talis

1879 5375 2050 5442 fieret,
2082 5375 2372 5430 dummodo
2410 5391 2593 5443 sanus,
2620 5378 2798 5446 potius
2838 5390 2996 5445 quam
3028 5377 3079 5430 in
3117 5373 3322 5432 deliciis
3355 5377 3454 5432 ad—

1880 5483 2034 5522 versa
2076 5468 2340 5524 laboraret
2384 5469 2706 5526 valetudine.
2751 5469 2863 5524 Nec
2907 5477 3110 5524 tantum
3144 5471 3450 5528 valetudine

1873 5560 2032 5627 bona,
2064 5559 2157 5616 sed
2183 5560 2348 5631 prolis
2371 5562 2534 5616 etiam
2561 5559 2834 5627 felicitate,
2865 5558 3056 5620 divites
3084 5560 3251 5615 nihilo
3279 5563 3442 5631 potio-

1869 5666 1957 5708 res
1984 5650 2184 5717 videas,
2216 5667 2374 5722 quam
2401 5665 2692 5722 pauperes;
2720 5652 2814 5708 sed
2840 5653 3122 5722 utrubique
3144 5651 3448 5712 indidemn-

1871 5755 1949 5800 ter
1975 5753 2070 5800 aut
2093 5745 2292 5806 nullam
2318 5754 2411 5798 aut
2435 5758 2773 5802 numerosam
2807 5744 3043 5800 sobole
3075 5763 3085 5795 :
3117 5745 3243 5815 quin
3265 5745 3446 5818 potius

1865 5846 1920 5891 et
1952 5835 2051 5891 hac
2082 5845 2234 5906 parte
2260 5835 2479 5890 divitem
2506 5833 2688 5891 videas
2716 5835 3041 5892 inferiorem.
3074 5835 3280 5906 Pauper
3295 5837 3441 5891 enim

1866 5927 1990 5984 licet
2021 5939 2169 5997 pater
2211 5943 2313 5982 non
2359 5925 2469 5998 ﬁat,
2516 5924 2659 5982 haud
2700 5928 2924 5984 multum
2962 5925 3124 5985 sentit
3149 5926 3438 5985 dolorem;
