4064 6434
589 543 648 579 Αἱ)

547 643 696 699 divos
724 644 904 696 autem
933 631 1132 698 quanto
1175 615 1344 685 magis
1375 617 1592 663 auctam
1625 614 1737 656 rem
1759 593 2130 658 *videt,-tanto

549 729 720 801 magis
743 681 971 780 orbitate
1004 713 1234 783 angitur,
1267 681 1377 776 prae
1405 696 1616 754 heredis
1635 686 1904 746 desiderio
1935 681 2135 736 nullam

1207 798 1242 801 ”
1512 789 1523 800 ⁸
1643 783 1671 801 κ’
1695 781 1796 801 '---
1845 771 2113 801 ι-Α-ηιὶῖιειο

549 771 786 877 εεηῖἰθιιε
813 771 1156 879 voluptatein.
1201 771 1283 852 Et
1308 789 1558 865 pauperis
1585 781 1799 855 quidem
1845 771 2134 832 hereditas,

553 914 678 968 licet
703 907 818 962 sine
845 867 1029 956 liberis
1054 889 1302 951 decedat,
1325 898 1444 940 cum
1471 883 1689 950 propter
1716 867 2007 925 exilitatem
2034 874 2140 915 non

553 1005 624 1059 sit
643 997 987 1056 contentione
1015 989 1194 1058 digna,
1226 980 1291 1034 ad
1323 977 1522 1032 amicos
1546 965 1736 1024 transit
1761 972 1919 1030 atque
1947 967 2144 1024 cogna-

557 1107 642 1150 tos
672 1111 687 1146 :
714 1087 898 1145 divitis
939 1045 1139 1144 autem,
1181 1089 1246 1130 eo
1271 1067 1410 1141 quod
1444 1063 1728 1119 multorum
1749 1055 1820 1108 ad
1865 1064 1925 1104 se
1950 1045 2147 1102 alliciat

557 1185 764 1249 oculos,
806 1195 913 1236 non
939 1189 1063 1231 raro
1090 1169 1157 1226 ad
1191 1164 1436 1222 inimicos
1460 1152 1696 1212 defuncti
1719 1144 1936 1204 devenit
1965 1159 1980 1195 :
2005 1135 2149 1210 quod

559 1295 683 1334 cum
711 1275 801 1330 ille
826 1272 1010 1326 vivens
1037 1266 1090 1319 in
1117 1261 1237 1317 aliis
1260 1255 1374 1312 fieri
1398 1251 1597 1313 videat,
1620 1244 1782 1298 vitam
1809 1236 2150 1306 degit-morte

566 1366 959 1427 molestiorem,
988 1358 1044 1412 in
1079 1369 1139 1410 se
1167 1361 1379 1422 quoque
1408 1345 1725 1410 exspectans
1769 1330 1909 1386 idem
1956 1324 2152 1378 factum

567 1461 656 1517 iri.
685 1455 840 1527 Quod
871 1459 1045 1507 autem
1075 1446 1141 1500 ad
1166 1418 1401 1498 mortem
1433 1434 1642 1495 attinet,
1676 1437 1854 1481 nonne
1875 1429 1928 1474 et
1948 1418 2039 1470 hic
2066 1429 2157 1468 ea-

566 1509 1026 1618 dem‘tequalitas?
1049 1551 1234 1596 nonne
1279 1543 1386 1589 tam
1419 1526 1670 1584 divitibus
1708 1531 1875 1590 quam
1902 1509 2155 1584 pauperi-

570 1645 673 1698 bus
715 1641 1014 1694 immaturac
1058 1636 1257 1684 mortes
1297 1615 1582 1676 accidunt?
1626 1622 1784 1680 atque
1831 1606 1990 1660 etiam
2042 1607 2160 1670 post

573 1744 802 1790 mortem
849 1741 956 1782 non
1012 1732 1118 1776 tam
1156 1718 1235 1771 his
1283 1726 1443 1785 quam
1483 1707 1584 1763 illis
1631 1699 1881 1759 omnibus
1917 1691 2163 1748 similiter

575 1836 770 1892 corpus
798 1814 1130 1874 dissolvitur,
1168 1805 1452 1872 favillaque
1483 1798 1539 1852 fit
1564 1805 1634 1850 et-
1648 1791 1841 1863 pulvis,
1873 1795 1927 1841 et
1951 1793 2165 1838 vermes

905 1871 1159 1961 funeralia
1187 1905 1521 1967 nequaquam
1550 1886 1764 1944 similia.
1795 1878 1904 1936 Sed
1926 1890 2044 1947 qua:
2067 1871 2168 1928 uti-

579 1974 736 2066 litas?
750 2004 883 2059 Cum
905 2001 1048 2056 enim
1067 1992 1318 2049 defuncto
1337 1985 1564 2040 multam
1591 1975 1944 2034 substraveris
1965 1974 2166 2022 vestem

581 2100 875 2170 pretiosam
903 2102 958 2148 et
993 2098 1256 2148 auratam,
1287 2079 1416 2135 nihil
1448 2070 1729 2131 alind'nisi
1757 2067 2013 2136 majorem
2043 2057 2171 2114 invi-

1432 2169 1435 2170 ν
1511 2167 1521 2170 _
1751 2159 1763 2170 _
1994 2149 2142 2170 Mm

587 2149 741 2170 μνη
762 2149 802 2152 _,

584 2192 727 2248 diam
757 2196 812 2243 et
851 2178 1279 2239 criminationem
1311 2167 1572 2229 attuleris,
1622 2169 1676 2216 et
1702 2159 1958 2213 adversus
1985 2149 2175 2206 defun-

586 2292 730 2337 ctum
757 2275 996 2332 omnium
1023 2283 1115 2322 ora
1141 2261 1434 2335 aperueris,
1466 2264 1521 2312 et
1549 2255 1854 2309 innumeras
1879 2247 1924 2300 ei
1955 2255 2178 2314 parave-

587 2373 664 2426 ris
717 2362 1135 2422 maledictiones,
1191 2363 1246 2410 et
1289 2349 1524 2406 avaritiae
1568 2339 1989 2400 criminationes,
2048 2331 2174 2386 dum

589 2457 781 2528 singuli
825 2457 1146 2521 rumpuntur
1190 2439 1577 2512 indignatione,
1619 2441 1674 2487 et
1713 2435 1984 2485 mortuum
2025 2435 2179 2478 exse-

589 2517 824 2608 crantur,
851 2517 1034 2614 qui-nc
1054 2545 1176 2610 post
1190 2534 1394 2598 obitum
1423 2526 1638 2598 quidem
1669 2519 1905 2576 insanire
1933 2517 1986 2570 in
2019 2527 2181 2583 pecu-

594 2640 711 2695 nias
739 2604 1015 2691 desiverit.
1048 2604 1160 2683 lluc
1189 2621 1390 2679 accedit
1420 2615 1560 2673 aliud
1591 2612 1808 2676 malum,
1837 2605 1980 2678 quod
2007 2604 2183 2657 furum

596 2729 738 2783 oculi
759 2727 1058 2781 irritantur.
1093 2717 1272 2786 Itaque
1298 2725 1404 2782 quo
1440 2707 1611 2776 major
1638 2711 1721 2756 est
1747 2700 1945 2764 cultus,
1977 2709 2043 2750 eo
2071 2709 2186 2748 ma-

598 2820 731 2891 joris
756 2817 830 2872 illi
864 2814 921 2869 fit
951 2809 1162 2866 occasio
1189 2785 1552 2861 contumeliae.
1583 2792 1845 2863 Pauperis
1864 2788 2007 2844 enim
2029 2785 2190 2840 cada-

601 2927 698 2968 ver
724 2922 882 2964 nemo
907 2903 1142 2975 spoliare
1171 2904 1342 2960 curat,
1388 2893 1502 2961 ipsa
1530 2887 1958 2943 indumentorum
1985 2878 2191 2933 vilitate

608 3011 804 3059 tutum.
837 2974 1142 3052 llieiautem
1172 2989 1356 3044 obices
1389 2992 1444 3038 et
1483 2993 1639 3044 sem,
1669 2977 1810 3029 fores
1833 2981 1996 3040 atque
2023 2974 2194 3022 custo-

607 3093 725 3156 des,
756 3087 933 3145 omnia
983 3085 1252 3139 incassum
1296 3073 1640 3134 adhibentur,
1679 3079 1809 3121 eum
1846 3058 2193 3132 pecuniarum

609 3153 866 3241 aviditate
890 3179 1023 3236 nihil
1055 3193 1158 3232 non
1200 3172 1451 3236 audeant,
1481 3165 1571 3238 qui
1606 3160 1804 3217 talibus
1833 3153 2112 3212 maleficiis
2137 3165 2196 3205 se

612 3277 1029 3333 assuefecerunt.
1059 3269 1239 3339 Itaque
1264 3261 1630 3333 majorbonor
1654 3253 1906 3308 defuncto
1941 3245 2201 3315 majorem

617 3369 780 3426 infert
808 3366 1093 3438 injuriam;
1127 3338 1181 3416 et
1209 3355 1388 3425 is,'cui
1413 3351 1533 3408 vilia
1562 3345 1821 3404 funeralia
1853 3338 2198 3408 contingunt,

1323 495 1381 553 S.
1415 485 1689 548 JOANNIS
1725 469 2103 538 CHRYSOST.
2149 448 3037 524 ARCHIEP.-CONSTANTINOP.

2236 580 2380 650 jacet
2405 572 2662 630 inviolato
2697 565 2931 638 sepulcri
2951 563 3156 617 honore
3182 556 3307 613 :~cui
3333 568 3453 611 vero
3479 553 3690 626 pretiosa,
3719 556 3753 611 is

3673 441 3753 498 676

2241 623 2380 650 rw"-
2477 623 2623 628 ~-'-w
2640 623 2653 625 -
2738 623 2747 624 κ
2764 623 2779 638 .

2241 670 2500 742 spoliatur
2526 674 2580 722 et
2605 663 3027 721 dehonestatur;
3059 662 3150 707 aut
3172 653 3216 707 si
3244 651 3344 706 hoc
3370 623 3628 704 ludibrium
3659 623 3779 703 eva-l

2243 740 2354 829 dat,
2388 777 2456 817 ne
2486 760 2564 814 sic
2605 755 2822 826 quidem
2851 750 3027 822 potior
3054 746 3176 813 erit,
3219 743 3318 798 nisi
3347 741 3481 814 quod
3507 740 3651 810 major
3670 754 3759 796 cor-

2247 856 2424 926 ruptio
2451 853 2564 916 fiet,
2583 851 2888 919 largiusque
2914 840 3082 896 vermi
3111 837 3376 909 pabulum.
3409 833 3629 889 Haeceiue
3649 842 3759 897 sunt,

2248 925 2452 1020 quaso,
2483 944 2553 998 ob
2576 957 2696 1013 qua:
2723 939 2908 994 beatos
2928 928 3320 1003 przedicemns?
3348 925 3413 980 Et
3438 925 3547 996 quis
3569 925 3760 980 estadeo

2251 1041 2433 1104 miser,
2464 1045 2626 1105 atque
2653 1041 3008 1091 aerumnosos,
3040 1032 3101 1078 ut
3124 1021 3191 1077 ob
3215 1020 3328 1074 hzec
3354 1019 3600 1072 hominem
3619 1018 3762 1070 existi-

2255 1143 2364 1188 met
2393 1128 2591 1185 invidia
2637 1121 2894 1194 dignum’?
2925 1118 3121 1172 Verum
3159 1129 3264 1168 non
3293 1111 3403 1164 haec
3429 1109 3603 1168 solum.
3628 1107 3703 1162 sed
3726 1116 3765 1162 et

2255 1226 2357 1281 alia
2399 1219 2606 1290 singula
2648 1219 3050 1287 percurrentes,
3093 1205 3470 1274 diligenterque
3505 1208 3766 1262 scrutantes,

2261 1288 2521 1387 pauperes
2560 1306 2816 1364 divitibus
2847 1291 3643 1373 przeponendos-comperiemus.
3672 1288 3767 1342 llzec

2261 1383 2419 1476 igitur
2462 1403 2740 1472 diligenter
2791 1391 3230 1455 considerantes,
3281 1393 3335 1441 et
3383 1383 3494 1436 aliis
3542 1389 3767 1438 narrantes

2265 1497 2481 1570 (dicitur
2509 1495 2676 1557 enim,
2710 1489 2791 1542 Da
2834 1485 3048 1554 sapienti
3079 1480 3408 1542 occasionem,
3439 1483 3481 1528 et
3503 1475 3586 1528 erit
3607 1473 3773 1542 sapien-

2266 1587 2566 1660 tior.[Prov.
2596 1586 2649 1639 9.
2683 1581 2797 1653 9]),
2831 1589 2883 1633 et
2906 1575 3034 1631 illud
3061 1572 3315 1629 continue
3337 1568 3605 1623 retinentes
3621 1579 3777 1618 memo-

2267 1680 2367 1744 ria,
2395 1677 2735 1747 pecuniarum
2761 1670 2969 1739 copiam
2997 1665 3128 1720 nihil
3155 1662 3384 1731 amplius
3410 1657 3586 1711 aﬂ'erre
3608 1667 3773 1724 posses-

2269 1770 2501 1833 soribus,
2527 1781 2686 1835 quam
2721 1775 2896 1825 curas,
2929 1755 3335 1817 sollicitudines,
3377 1751 3598 1812 timores,
3637 1754 3681 1799 et
3709 1758 3779 1812 pe-

2271 1862 2436 1918 ricula
2470 1878 2482 1914 :
2511 1856 2692 1911 nihilo
2747 1851 3068 1908 deteriorem
3122 1861 3281 1916 quam
3335 1842 3542 1897 divitum
3593 1848 3778 1891 nosuam

2273 1952 2632 2010 conditionem
2676 1953 2944 2017 putemus.
2979 1941 3034 1995 Si
3061 1939 3204 1993 enim
3250 1929 3782 2002 advigilaverinuts.po-

2277 2045 2440 2099 tiores
2465 2041 2626 2096 etiam
2661 2015 2845 2108 partes
2872 2031 3207 2092 habebimus,
3256 2035 3362 2081 tam
3390 2026 3437 2078 in
3458 2022 3612 2090 .hujus
3633 2015 3783 2072 saeculi

2278 2135 2459 2198 rebus,
2491 2145 2648 2202 quam
2678 2130 2728 2182 in
2759 2125 2975 2180 divinis.
3015 2121 3149 2177 Nam
3195 2127 3251 2174 et
3277 2118 3650 2185 voluptatem-et
3671 2122 3784 2163 secu-

2281 2229 2515 2287 ritatem,
2543 2223 2846 2289 bonamque
2873 2216 3070 2270 famam
3113 2225 3177 2267 ac
3215 2207 3576 2267 valetudinem,
3610 2210 3787 2255 tum-re-

2281 2329 2422 2373 ctam
2452 2313 2663 2370 vivendi
2706 2311 2994 2373 rationem,
3039 2318 3192 2375 spem
3240 2302 3448 2364 bonam,
3491 2295 3786 2358 minoremque

2285 2408 2540 2483 peccandi
2584 2405 2924 2461 occasionem
2970 2398 3109 2470 apud
3162 2405 3426 2465 pauperes
3465 2387 3629 2456 magis,
3669 2393 3787 2451 quam

2287 2503 2428 2574 apud
2457 2495 2954 2555 divitesinvenias.
2998 2489 3074 2544 Ne
3104 2488 3267 2558 igitur
3293 2497 3437 2538 more
3475 2489 3707 2534 servorum
3729 2471 3788 2523 in-

2287 2605 2562 2666 gratorum
2607 2597 3023 2648 murmuremus,
3070 2587 3167 2633 aut
3215 2579 3507 2632 incusemus
3541 2567 3788 2624 Dominum,

2289 2687 2385 2741 sed
2415 2700 2512 2756 pro
2539 2680 2786 2736 omnibus
2811 2677 3008 2747 gratias
3034 2684 3277 2741 agamus,
3307 2665 3433 2721 nihil
3460 2662 3633 2717 malum
3653 2655 3794 2709 ducen-

2295 2790 2378 2836 tes
2404 2777 2507 2833 nisi
2549 2745 2848 2846 peccatum,
2881 2769 3012 2824 nihil
3041 2767 3240 2820 bonum
3281 2760 3380 2815 nisi
3404 2754 3652 2828 justitiam.
3673 2746 3718 2801 Si
3738 2745 3796 2797 sic

2295 2871 2649 2934 senserimus,
2683 2882 2789 2922 non
2818 2861 3100 2934 aegritudo,
3133 2872 3252 2911 .non
3293 2854 3483 2921 inopia,
3508 2862 3602 2902 non
3632 2838 3796 2914 ignomio

2298 2967 2408 3028 nia,
2442 2962 2571 3017 nihil
2602 2958 2834 3020 denique
2867 2925 3054 3008 simile
3098 2949 3384 3003 molestum
3430 2939 3567 2996 nobis
3593 2925 3797 2989 erit:sed

2301 3071 2490 3127 puram
2540 3068 2603 3107 ex
2645 3047 2896 3105 omnibus
2944 3043 3104 3098 rebus
3148 3037 3500 3109 percipienles
3526 3028 3796 3096 voluptatem,

2306 3146 2483 3200 futura
2511 3151 2906 3210 consequemur
2931 3133 3092 3196 bona,
3138 3128 3311 3199 gratia
3349 3135 3402 3182 et
3428 3121 3704 3189 benignitate
3726 3113 3800 3165 Do-

2308 3239 2437 3294 mini
2467 3233 2632 3290 nostri
2661 3231 2788 3286 Jesu
2817 3226 3032 3290 Christi,
3061 3238 3183 3278 cum
3219 3234 3326 3292 quo
3347 3215 3483 3272 Patri
3505 3209 3668 3284 gloria,
3692 3199 3802 3258 simul

2307 3341 2363 3388 et
2387 3335 2573 3384 sancto
2599 3320 2843 3395 Spiritui,
2877 3318 2930 3373 iu
2962 3314 3154 3372 saecula
3193 3309 3524 3368 Sit-culorum.
3553 3304 3706 3357 Amen.

641 3815 3813 3934 ξεῖ-β

2102 4103 2457 4174 MONITUM

735 4365 936 4421 Eodem
972 4373 1083 4432 quo
1121 4351 1436 4426 superiores
1468 4345 1762 4400 Sermones
1791 4347 1938 4390 anno
1959 4329 2063 4386 '58?
2101 4327 2528 4396 Cbrysostomus
2553 4317 2654 4372 bas
2683 4314 2750 4370 de
2781 4308 2986 4366 Davide
3012 4313 3067 4362 et
3105 4301 3274 4358 Saule
3308 4289 3547 4352 bomilias
3581 4271 3755 4336 habuit,
3781 4270 3820 4316 ιιι

2637 4429 2651 4432 -
2678 4429 2688 4432 -
2758 4426 2770 4432 -
3272 4423 3420 4432 η-..
3453 4401 3623 4432 ρηηςρερ
3646 4389 3701 4432 de
3721 4377 3820 4432 τιθιιῑ-

736 4389 936 4421 ὖυυειιι
972 4389 1083 4432 ιιυυ
1121 4389 1277 4426 θυίαν.
1292 4389 1436 4408 ιυιυσ
1471 4389 1760 4400 υν.-..-----
1799 4389 1837 4390 η
2216 4389 2233 4396 ν

671 4483 929 4552 colligere
959 4486 1041 4532 est
1068 4490 1134 4530 ex
1164 4467 1405 4526 Humilia
1439 4463 1613 4536 prima
1639 4458 1708 4513 de
1737 4451 1943 4508 Davide
1965 4456 2018 4501 et
2048 4441 2231 4506 Saule,
2258 4448 2490 4492 numero
2521 4433 2575 4496 l,
2600 4429 2692 4484 ubi
2724 4426 2800 4481 ait
2827 4438 2887 4479 se
2912 4433 3088 4490 nuper
3114 4423 3421 4472 sermonem
3453 4401 3625 4458 fecisse
3646 4389 3701 4444 de

2769 4543 2781 4552 ·
2829 4540 2842 4552 ·
2919 4539 2932 4550 ⁸
3026 4549 3092 4552 νμ-
3126 4525 3430 4552 -----,ι..‹ιη
3481 4515 3564 4552 Illo
3591 4515 3701 4552 nillel

667 4609 786 4655 tore
819 4598 1006 4653 decem
1037 4590 1265 4647 millium
1292 4584 1622 4640 talentorum
1654 4579 1709 4629 et
1733 4565 2041 4626 ostendisse
2064 4565 2330 4630 quantum
2361 4551 2566 4606 malum
2597 4553 2743 4600 esset
2769 4539 3097 4611 iniuriarum
3125 4545 3284 4586 recor

671 4713 820 4768 milia
849 4711 917 4766 de
937 4707 1202 4769 debitore,
1233 4710 1365 4764 etc.,
1394 4709 1518 4767 quae
1551 4691 1724 4762 prima
1749 4692 1836 4741 est
1861 4683 1914 4736 in
1943 4678 2116 4733 Tomo
2150 4671 2328 4734 tertio,
2352 4665 2540 4723 eodem
2573 4674 2720 4717 anno
2739 4654 2952 4724 'scripta
2973 4658 3079 4712 est,
3097 4660 3208 4717 quo
3247 4657 3343 4714 per
3365 4646 3522 4692 totam

3721 4377 3822 4437 debi—

3286 4525 3451 4581 datio.
3481 4515 3566 4571 llla
3591 4515 3735 4563 autem
3750 4491 3824 4547 Hoc

3551 4603 3826 4691 Quadragcsi'

675 4729 820 4768 mllla
849 4729 917 4766 OB
937 4729 1202 4769 (tenuere,
1233 4729 1365 4764 cum,
1394 4729 1518 4767 ιμιω
1553 4729 1724 4762 pum.-
1750 4729 1835 4741 ν--
1861 4729 1914 4736 .--
1953 4729 1977 4733 _
1997 4729 2072 4733 --κγ
2100 4729 2103 4730 ν
2317 4729 2325 4734 ,

675 4837 820 4879 mam
842 4821 908 4874 de
925 4815 1148 4872 vitando
1169 4812 1480 4882 iuramento
1497 4810 1700 4871 egerat.
1729 4795 1778 4850 ls
1807 4801 1893 4848 est
1923 4803 2102 4844 annus
2129 4782 2254 4847 “58.7,
2274 4788 2336 4835 ut
2355 4777 2593 4834 diximus
2616 4774 2669 4828 in
2683 4769 2886 4824 Monito
2919 4765 3138 4820 ibidem.
3170 4755 3324 4825 Quod
3342 4755 3516 4818 itaque
3534 4729 3826 4808 argutam!”m

2896 4881 2903 4882 ί
2998 4879 3011 4882 -
3120 4875 3134 4882 -
3455 4880 3480 4882 η
3499 4862 3600 4882 1-...
3627 4844 3826 4882 animiani-

680 4844 820 4879 manu
842 4844 908 4874 ue
930 4844 1148 4872 utauuu
1169 4844 1248 4882 ιω
1264 4844 1480 4864 αιηωην
1498 4844 1700 4871 νον-..--
1729 4844 1776 4850 --
1813 4844 1886 4848 -s,
2243 4844 2249 4847 _

680 4931 736 4987 in
766 4926 998 4988 Homilia
1028 4924 1095 4978 de
1115 4919 1359 4977 debitore
1388 4918 1649 4985 coeperat,
1673 4920 1866 4977 nempe
1893 4903 1962 4960 de
1990 4897 2312 4972 injuriarum
2335 4889 2717 4948 recordatione
2737 4879 3074 4954 depellenda,
3103 4875 3281 4944 deque
3306 4862 3601 4926 earumdem
3625 4844 3829 4906 condom'

3610 4965 3808 4988 μ...-

673 4965 3808 5105 W

1285 5191 1567 5253 IIOMILIA
1595 5187 1646 5243 ἶ.

673 5347 747 5402 De
773 5342 970 5400 Dauide
993 5349 1046 5394 et
1068 5335 1244 5400 Sinite,
1269 5332 1428 5401 deque
1456 5323 1724 5382 tolerantia
1741 5359 1756 5389 ,
1783 5328 1830 5373 et
1873 5313 2012 5388 quod
2034 5315 2260 5382 oporteat

759 5435 978 5493 inimicis
999 5444 1223 5502 parcere,
1254 5440 1345 5480 nec
1365 5423 1428 5477 de
1451 5414 1736 5473 absentibus
1757 5409 1888 5465 male
1912 5406 2046 5475 loqui
2071 5401 2169 5475 (a).

753 5574 803 5628 ι.
831 5566 1050 5642 Quoties
1078 5562 1278 5618 diutina
1323 5555 1586 5627 quzepiam
1632 5562 1696 5604 ac
1732 5545 1863 5601 dura
1912 5539 2116 5596 inflatio
2141 5549 2265 5591 cor-

679 5663 900 5735 poribus
934 5636 1145 5713 inhazsit
1163 5695 1179 5719 ,
1205 5660 1319 5705 tum
1342 5625 1399 5701 et
1420 5647 1581 5713 longo
1603 5649 1866 5708 tempore,
1890 5631 2164 5697 multoque
2189 5625 2270 5678 la-

685 5758 815 5814 bore
838 5795 854 5820 ,
877 5761 932 5807 et
971 5748 1139 5804 multa
1165 5739 1426 5812 sapientia
1454 5738 1506 5791 in
1538 5727 1884 5788 admovendis
1903 5721 2155 5779 remediis
2186 5727 2270 5773 est

687 5862 826 5918 Opus
849 5884 866 5910 ,
892 5851 952 5897 ut
992 5809 1246 5895 collectus
1291 5841 1470 5887 tumor
1508 5828 1708 5896 absque
1734 5823 1857 5875 vitae
1891 5816 2138 5887 periculo
2166 5809 2277 5866 dis-

739 5973 820 6037 (a)
841 5974 1034 6027 Collata
1063 5981 1173 6021 cum
1189 5965 1300 6016 Cod.
1325 5961 1474 6024 Regio
1498 5954 1640 6013 ιεγῑΰ,
1662 5957 1780 6004 item
1799 5963 1908 6002 cum
1933 5947 2070 5999 1963.

2364 5273 2556 5343 aliquis
2579 5269 2824 5326 morbum
2843 5309 2857 5333 ,
2885 5267 2976 5337 qui
2999 5265 3110 5335 jam
3138 5259 3344 5317 radices
3365 5251 3468 5320 egit
3490 5247 3536 5298 in
3564 5247 3726 5343 animai

2366 5307 2556 5343 urquw
2843 5309 2857 5333 ,
2886 5307 2976 5337 ιι...
2999 5307 3110 5335 ,...η
3139 5307 3339 5317 ------η
3396 5307 3424 5320 υ

2366 5378 2528 5438 teque
2546 5373 2788 5432 tempore
2812 5364 3098 5414 concretus
3127 5353 3214 5415 sit,
3244 5344 3487 5404 radicitus
3505 5327 3698 5438 evellere
3717 5307 3844 5438 *Ἓξ

3531 5423 3542 5435 ο
3567 5432 3600 5438 ν-
3663 5415 3762 5438 nanI

2369 5400 2528 5438 ιυιιυῡ
2551 5400 2787 5432 ιυιιιγυιυ
2815 5400 3097 5414 usu-vn"..-
3127 5400 3214 5415 ,η’
3244 5400 3257 5404 _
3275 5400 3299 5402 η

2369 5461 2479 5524 rit,
2504 5471 2610 5511 non
2656 5453 2786 5510 satis
2829 5457 2913 5506 est
2946 5447 3013 5502 ad
3053 5441 3432 5499 correctionem
3462 5423 3602 5482 unius
3630 5400 3844 5524 duorum:

2372 5491 2479 5524 l’u,
2506 5491 2610 5511 ιιυιι
2656 5491 2786 5510 cauo
2829 5491 2913 5506 νυ.
2946 5491 3013 5502 ι...
3056 5491 3300 5499 -...---ηκ

2372 5555 2580 5611 dierum
2636 5545 2928 5604 admonitio
2977 5559 2991 5594 :
3035 5550 3218 5594 verum
3260 5532 3465 5600 oportet
3516 5491 3845 5611 frequentanti:

2375 5581 2580 5611 υιιπυιιι
2636 5581 2928 5604 duutuuuuu
2979 5581 2991 5594 .
3044 5581 3117 5594 εν.
3134 5581 3218 5591 ν.--
3266 5581 3347 5600 ,τη

2375 5647 2565 5706 diebus
2601 5637 2964 5710 compluribus
2995 5632 3130 5685 hanc
3157 5640 3267 5681 rem
3300 5601 3608 5675 tractare:si
3632 5581 3848 5710 modol

3382 5709 3389 5710 ,
3473 5703 3485 5710 _
3518 5699 3538 5710 .
3597 5697 3707 5710 Μ,
3728 5690 3750 5710 ο
3834 5686 3846 5697 .

2379 5671 2565 5706 Olenus
2601 5671 2964 5710 υυιιψιωιυυσ
2995 5671 3130 5685 ......ν
3157 5671 3267 5681 .ν---
3304 5671 3336 5675 ν,

2379 5741 2446 5798 ad
2467 5737 2812 5794 ambitionem
2840 5743 2904 5783 ac
2926 5725 3275 5793 voluptatem,
3305 5709 3398 5768 sed
3427 5703 3488 5760 ad
3516 5671 3846 5798 fructutnﬂel'm:l

2381 5833 2584 5888 lilatem
2614 5837 2810 5882 munus
2835 5820 2939 5874 hoc
2962 5804 3350 5872 coneionatoris
3372 5787 3557 5870 gesturi

2385 5924 2523 5981 sicut
2569 5918 2636 5976 de
2679 5908 2994 5989 juramentis
3037 5904 3289 5966 fecimus,
3339 5885 3508 5949 multis
3543 5893 3572 5935 ο
