4064 6462
308 375 416 436 677

306 484 460 541 vobis
501 481 570 540 de
610 482 802 539 eodem
846 481 1168 536 disserentes
1210 487 1562 547 argumento:
1603 473 1784 528 itidem
1815 472 1882 526 de

304 579 387 630 ira
415 590 554 628 nunc
580 571 852 634 faciamus,
874 571 1175 625 continuam
1203 567 1268 623 de
1295 581 1356 621 ea
1381 580 1757 636 persequamur
1785 579 1880 618 ex-

305 665 664 719 hortationem
705 675 800 731 pro
826 669 1005 716 nostra
1035 659 1247 728 quidem
1287 657 1448 711 virili.
1473 657 1603 711 Nam
1636 655 1720 708 hie
1751 655 1877 708 mihi

302 756 519 809 videtur
544 753 778 822 Optimus
822 767 943 806 esse
983 750 1207 806 docendi
1251 749 1472 814 modus,
1510 750 1553 802 si
1598 761 1702 799 non
1735 747 1880 815 prius

303 845 627 899 desistamus
650 840 977 896 consulendo
995 854 1323 910 quacumque
1346 839 1414 894 de
1439 854 1516 905 re,
1544 852 1700 907 quam
1729 837 1878 890 vide-

304 937 478 989 rimus
522 935 935 988 admonitionem
979 933 1044 986 ad
1103 931 1348 987 effectum
1394 931 1720 999 pervenisse.
1785 930 1876 983 Et-

304 1026 452 1078 cuim
481 1024 568 1092 qui
601 1022 757 1077 hodie
777 1021 846 1077 de
873 1022 1232 1091 electuosyna,
1258 1036 1378 1076 cras
1403 1021 1469 1075 de
1495 1021 1754 1083 oratione,
1789 1035 1879 1088 pe.

307 1113 496 1169 rendie
534 1113 603 1168 de
631 1113 984 1178 humanitate,
1013 1111 1206 1166 deinde
1238 1126 1421 1165 rursus
1458 1110 1526 1165 de
1564 1110 1724 1163 animi
1768 1125 1879 1162 mo-

305 1202 477 1256 dcstia
505 1202 741 1268 disserit,
767 1192 902 1256 nihil.
929 1201 1118 1256 horum
1148 1202 1199 1254 in
1221 1199 1517 1257 auditorum
1548 1201 1737 1254 animis
1760 1216 1880 1270 pcr-

306 1292 474 1346 ficere
500 1300 646 1347 recte
692 1293 885 1362 poterit
907 1331 920 1356 ,
963 1291 1031 1345 ab
1058 1290 1160 1346 hoc
1199 1290 1266 1344 ad
1293 1289 1420 1344 illud
1442 1330 1460 1358 ,
1491 1305 1673 1343 rursus
1693 1290 1760 1342 ab
1789 1290 1877 1342 illo

304 1397 521 1452 semper
547 1382 650 1436 alio
680 1382 981 1437 transiliens
1009 1400 1023 1436 :
1051 1382 1143 1436 sed
1174 1396 1395 1437 necesse
1418 1390 1520 1446 est,
1547 1391 1607 1435 ut
1633 1383 1719 1450 qui
1751 1382 1882 1436 velit

303 1474 603 1527 orationem
645 1473 697 1527 in
725 1473 1023 1527 auditorum
1064 1472 1255 1526 animis
1296 1475 1521 1527 fructum
1559 1472 1875 1526 destinatum

304 1568 540 1636 assequi,
569 1582 673 1621 non
700 1577 824 1622 ante
855 1567 1078 1623 desistat
1099 1567 1284 1622 iisdem
1308 1568 1376 1623 de
1400 1569 1557 1622 rebus
1583 1569 1876 1624 admonens

303 1657 713 1728 consulensque,
741 1673 837 1713 nec
867 1659 1012 1728 prius
1031 1658 1096 1712 ad
1123 1659 1263 1713 aliud
1288 1658 1556 1728 quidpiam
1589 1661 1867 1723 transiliat,

304 1763 466 1816 quam
510 1754 846 1818 conspexerit
889 1751 1219 1818 superiorem
1259 1752 1672 1806 admonitionem
1720 1753 1770 1806 in
1799 1755 1877 1808 eis

305 1838 448 1891 bene
490 1836 642 1890 fixam
692 1854 754 1892 ac
781 1838 1089 1892 radicatam.
1112 1838 1255 1893 Idem
1277 1839 1377 1893 hoc
1402 1840 1572 1895 facere
1598 1841 1770 1895 solent
1797 1843 1876 1896 lu-

301 1927 600 1996 dimagistri
633 1946 646 1981 ε
679 1942 782 1981 non
816 1928 964 1997 prius
990 1928 1055 1982 ad
1095 1929 1321 1999 syllabas
1350 1929 1615 1984 adducunt
1644 1947 1834 2000 pueros
1856 1975 1870 1998 ,

301 2034 466 2088 quam
487 2018 869 2072 elementorum
899 2019 1251 2088 cognitionem
1295 2020 1346 2072 in
1377 2020 1453 2074 eis
1484 2020 1709 2074 viderint
1734 2033 1876 2076 recte

301 2112 692 2165 conlirmatam.
733 2110 912 2179 Nuper
957 2110 1114 2179 igitur
1142 2111 1447 2180 parabolam
1479 2111 1632 2166 vobis
1653 2111 1720 2166 de
1747 2128 1874 2166 cen-

303 2213 418 2259 tum
441 2203 669 2259 denariis
693 2243 706 2266 ,
733 2217 796 2256 ac
823 2203 1007 2256 decem
1035 2203 1267 2258 millibus
1294 2203 1604 2258 talentorum
1628 2219 1878 2258 enarran-

303 2305 389 2349 tcs
416 2294 518 2368 (a),
547 2295 874 2350 ostendimus
893 2303 1146 2365 quantum
1173 2305 1316 2350 esset
1343 2296 1538 2350 malum
1567 2297 1873 2366 injuriarum

299 2389 628 2443 meminisse.
657 2389 821 2455 Quem
851 2389 992 2443 enim
1012 2388 1199 2454 decem
1226 2388 1388 2443 millia
1424 2389 1739 2443 talentorum
1769 2405 1875 2444 non

302 2479 664 2548 perdiderant,
690 2480 826 2534 lnmc
844 2489 1054 2534 centum
1072 2479 1274 2534 denarii
1300 2480 1462 2535 exitio
1485 2480 1871 2546 demerserunt,

299 2572 602 2625 adveniam
624 2585 719 2640 pro
743 2571 934 2625 debitis
959 2585 1266 2625 concessam
1324 2570 1376 2624 in
1408 2571 1611 2625 irritum
1659 2587 1877 2626 revoca-

299 2671 460 2728 runt,
507 2662 800 2731 debitaeque
842 2664 1081 2733 pecunia:
1139 2663 1506 2720 remissionem
1552 2665 1878 2734 dissiparant

299 2753 516 2822 (Matth.
538 2751 649 2824 18),
666 2767 910 2822 eumque,
925 2754 1014 2823 qui
1035 2752 1204 2808 fuerat
1230 2769 1258 2808 a
1279 2755 1586 2809 criminibus
1601 2755 1872 2822 liberatus,

298 2843 356 2896 in
381 2843 630 2911 judicium
661 2852 996 2898 retraxerunt
1021 2884 1036 2908 ,
1065 2844 1292 2914 indeque
1319 2845 1371 2898 in
1399 2860 1666 2900 carcerem
1693 2848 1874 2917 conje-

295 2942 486 2987 ccrunt
505 2975 520 2996 ,
542 2933 767 3002 denique
791 2933 1070 2987 immortali
1101 2934 1356 3002 supplicio
1379 2935 1720 2990 tradiderunt.
1767 2938 1872 2992 Sed

297 3023 460 3077 hodie
488 3024 553 3078 de
577 3023 789 3078 diverso
810 3032 1120 3094 argumento
1145 3025 1324 3079 dicere
1347 3025 1684 3080 tentabimus.
1713 3028 1875 3097 Opor-

299 3115 447 3168 tebat
473 3115 636 3179 enim,
663 3114 707 3167 si
736 3114 884 3168 fieret
904 3115 1040 3184 quod
1064 3131 1270 3185 requum
1301 3125 1434 3182 erat,
1457 3117 1524 3171 de
1549 3118 1871 3174 humanitate

296 3219 366 3257 ac
395 3204 811 3259 mansuetudine
829 3206 986 3258 verba
1015 3206 1290 3260 facientem
1315 3222 1382 3262 ex
1401 3222 1518 3261 sese
1553 3208 1703 3262 istius
1734 3226 1871 3279 prae-

295 3295 460 3348 clarte
488 3294 831 3364 philosophiae
869 3296 1108 3365 exempla
1138 3298 1374 3365 praebere
1398 3339 1410 3360 ,
1434 3307 1589 3368 atque
1620 3301 1688 3352 ita
1713 3301 1870 3358 simul

293 3397 356 3440 et
400 3387 572 3441 verbis
623 3402 740 3441 eam
787 3387 979 3442 docere
1015 3397 1069 3443 et
1114 3390 1263 3443 factis
1308 3391 1372 3444 ad
1409 3407 1526 3444 eam
1575 3393 1867 3448 instituere.

294 3478 559 3544 Quoniam
603 3487 778 3532 autem
823 3493 921 3533 nos
961 3479 1028 3534 ab
1058 3479 1157 3533 hac
1183 3480 1376 3535 virtute
1423 3481 1580 3551 longo
1620 3484 1872 3539 absumus

297 3570 579 3624 intervallo
599 3611 614 3635 ,
643 3587 745 3623 uno
774 3573 1020 3642 quopiam
1041 3587 1071 3626 e
1097 3589 1318 3627 numero
1347 3584 1650 3630 sanctorum
1672 3579 1724 3631 iu
1755 3595 1870 3633 me-

295 3660 447 3713 dium
498 3660 784 3729 producto,
819 3663 1091 3732 oculisque
1122 3665 1315 3718 vestris
1362 3667 1636 3736 subjecto,
1671 3671 1872 3739 perspi-

295 3766 454 3804 cuam
483 3751 764 3820 quamdam
801 3767 864 3806 ac
908 3763 1175 3822 potentem
1220 3755 1586 3811 adhibebimus
1620 3759 1872 3813 exhorta-

297 3827 524 3902 tionem,
557 3849 612 3893 ιιι
639 3841 784 3910 quasi
833 3841 898 3894 ad
943 3843 1217 3912 archetypi
1256 3844 1534 3914 cujusdam
1573 3849 1868 3902 a'ntulatio-

298 3947 426 3986 nam
455 3931 795 3986 adhortemur
823 3941 876 3986 et
901 3947 996 3986 vos
1014 3944 1067 3987 et
1089 3948 1187 3986 nos
1215 3935 1378 4003 ipsos.

378 4021 544 4076 David
573 4024 830 4092 exentplar
850 4024 1200 4078 humanitatis.
1228 4056 1297 4069 —
1321 4027 1448 4092 Quis
1493 4029 1650 4097 igitur
1677 4032 1726 4083 in
1756 4048 1869 4086 nte-

298 4117 448 4170 dium
489 4115 832 4183 proferendus
879 4126 962 4170 est
1003 4116 1068 4172 de
1107 4116 1432 4172 humanitate
1473 4119 1716 4174 dicturo?
1742 4124 1870 4189 Quis

300 4221 433 4260 vero
477 4207 641 4271 alius,
686 4223 841 4277 quam
886 4209 930 4262 is
963 4209 1052 4279 qui
1091 4210 1288 4266 cailesti
1331 4212 1632 4267 testimonio
1672 4215 1875 4271 laudari-

302 4299 530 4362 meruit,
553 4299 621 4352 ob
648 4298 750 4354 hoc
779 4301 948 4368 ipsum
981 4302 1209 4358 maxime
1235 4303 1642 4374 suspiciendas?
1671 4306 1868 4372 Inuera,

303 4389 507 4456 inquit,
535 4389 700 4442 David
725 4391 885 4457 ﬁlium
909 4391 1085 4455 Iesse,
1116 4395 1277 4446 virum
1300 4398 1574 4449 secundum
1601 4415 1687 4451 cor
1709 4417 1888 4454 meum

305 4481 385 4551 (l.
416 4479 540 4551 Reg.
567 4482 654 4536 15.
687 4483 751 4536 14
771 4497 786 4546 ;
807 4481 916 4535 Act.
946 4485 1030 4538 13.
1054 4483 1168 4553 22).
1192 4485 1358 4539 Porro
1379 4497 1716 4556 posteaquam
1739 4492 1884 4546 Deus

304 4571 695 4638 pronuntiavit,
718 4572 856 4624 nulla
883 4573 1274 4627 contradicendi
1300 4575 1498 4644 reliqua
1530 4588 1610 4630 est
1640 4581 1871 4634 occasio.

302 4660 440 4715 Nam
485 4662 625 4717 illius
663 4662 896 4718 calculus
939 4664 1276 4733 incorruptus
1310 4677 1422 4732 est,
1456 4685 1521 4723 eo
1549 4672 1686 4738 quod
1735 4674 1876 4728 Deus

306 4769 408 4805 nec
429 4753 492 4806 ad
520 4754 764 4822 gratiam,
799 4769 895 4809 nec
919 4771 1013 4824 per
1041 4757 1218 4811 odium
1239 4757 1460 4827 judicat,
1485 4763 1576 4816 sed
1607 4779 1704 4832 pro
1730 4781 1872 4822 mera

302 4843 468 4896 animi
499 4845 690 4898 virtute
735 4839 834 4898 fert
875 4845 1203 4916 suil'ragium.
1238 4851 1305 4902 At
1333 4866 1438 4903 non
1469 4852 1538 4905 ob
1585 4854 1636 4907 id
1673 4864 1871 4911 tantum

303 4932 450 4986 hunc
471 4933 524 4985 in
552 4933 781 4988 medium
811 4935 1172 5002 produximus,
1203 4939 1342 5007 quod
1368 4940 1455 4994 Dei
1483 4943 1731 5013 suffragio
1754 4946 1871 5001 fue-

305 5023 380 5075 rit
419 5022 691 5088 laudatus,
717 5037 899 5078 verum
927 5027 1083 5079 etiam
1106 5029 1246 5096 quod
1279 5030 1348 5084 sit
1374 5031 1523 5086 exiis
1542 5034 1629 5102 qui
1659 5035 1756 5089 sub
1785 5053 1876 5092 vc-

307 5113 410 5166 teri
443 5113 556 5182 lege
574 5123 698 5169 sunt
723 5114 948 5170 educati.
977 5116 1244 5186 Siquidem
1269 5120 1498 5191 sublege
1517 5127 1698 5192 gratiae
1724 5128 1875 5180 exsti-

306 5201 439 5254 tisse
465 5205 766 5272 quempiam
795 5205 860 5258 ab
890 5206 962 5258 ira
991 5221 1203 5273 purum,
1232 5217 1284 5262 et
1309 5209 1534 5268 inimicis
1549 5213 1738 5269 delicta
1757 5231 1878 5269 con-

303 5290 592 5346 tionantem
614 5333 630 5356 ,
658 5308 721 5346 ac
747 5302 1047 5362 parcentem
1079 5296 1142 5350 iis
1165 5312 1192 5349 a
1238 5299 1429 5366 quibus
1454 5301 1611 5357 fuerit
1635 5306 1874 5361 molestia

307 5379 545 5444 allectus,
579 5382 711 5436 nihil
739 5397 866 5438 sane
891 5384 1107 5452 mirum,
1127 5387 1379 5444 videlicet
1393 5400 1512 5458 post
1530 5394 1722 5448 Christi
1743 5411 1878 5450 nter-

311 5479 441 5536 tem,
474 5481 749 5541 postquam
789 5473 878 5528 ille
923 5484 1026 5530 tam
1055 5479 1344 5534 clementer
1369 5481 1519 5536 nobis
1545 5486 1720 5538 omnia
1751 5502 1877 5555 pec-

303 5569 431 5614 cata
473 5561 706 5630 remisit,
735 5573 856 5635 post
899 5573 986 5620 tot
1015 5573 1512 5638 praeceptajeferta
1557 5578 1878 5646 evangelicae

375 5732 446 5796 (ιι)
471 5739 665 5789 Humilia
691 5740 754 5791 de
775 5743 999 5794 Dehitore
1023 5745 1195 5795 decem
1223 5745 1420 5796 millium
1447 5751 1754 5802 talentorum.

1335 364 1421 422 DE
1461 364 1712 420 DAVIDE
1751 355 1838 417 ΕΤ
1879 361 2100 417 SAULE
2139 362 2416 418 "OMILIA
2461 363 2497 417 1.

3455 369 3557 428 678

1994 471 2338 541 philosophiae
2366 490 2380 526 :
2413 483 2660 529 caeterum
2681 475 2730 529 in
2757 475 2943 532 Vetere
2971 477 3307 534 Testamento
3321 495 3440 534 cum
3476 485 3556 538 lex

1989 565 2315 634 permitteret
2349 566 2558 621 oculum
2611 583 2708 637 pro
2747 570 2902 623 oculo
2943 569 3208 634 etfodere,
3239 587 3302 626 ac
3343 573 3555 629 dentem

1987 669 2084 724 pro
2121 657 2278 711 dente
2303 659 2594 714 extundere
2622 659 2810 730 (Exod.
2832 661 2920 715 21.
2954 661 3072 732 24),
3101 675 3328 731 cumque
3354 663 3441 731 qui
3470 665 3557 717 Lc-

1988 746 2147 798 sisset
2195 746 2404 800 talionis
2449 763 2602 816 pmna
2644 750 2861 813 ulcisci,
2903 751 3131 820 aliquem
3160 753 3430 806 exstitisse
3468 756 3554 822 qui

1985 844 2367 904 praeceptorum
2419 840 2550 893 lines
2597 841 2938 912 transilieritv,
2989 841 3162 911 adque
3207 844 3554 910 apostolicam

1983 928 2285 993 pervenerit
2305 928 2712 997 philos0phiam,
2743 946 2900 1000 quem
2931 933 3228 987 auditorum
3255 949 3362 987 non
3385 933 3553 987 addu-

1983 1024 2068 1068 cet
2097 1016 2147 1069 in
2182 1019 2668 1088 stuporcm?quem
2702 1020 2746 1074 si
2795 1037 2898 1074 non
2927 1023 3212 1086 imitemur,
3244 1039 3346 1077 non
3382 1025 3554 1092 privet

1984 1106 2127 1159 omni
2156 1108 2331 1173 venia,
2357 1109 2608 1178 omnique
2641 1113 3019 1166 excusatione?
3045 1113 3149 1167 Sed
3179 1123 3236 1168 ut
3253 1115 3549 1170 accuratius

1983 1196 2096 1264 ejus
2135 1197 2382 1252 virtutem
2421 1202 2788 1268 cognocastis,
2833 1203 3111 1258 concedite
3163 1203 3295 1258 mihi
3341 1213 3397 1258 ut
3429 1220 3548 1257 ora-

1985 1289 2180 1342 tionem
2212 1291 2368 1358 paulo
2394 1291 2552 1346 altius
2575 1302 2835 1362 repetam,
2861 1310 2922 1349 ac
2948 1295 3201 1349 beneficia
3224 1310 3550 1350 commemo-

1983 1394 2091 1432 rem
2117 1395 2237 1449 quae
2264 1380 2450 1436 beatus
2482 1383 2568 1438 ille
2592 1384 2672 1438 vir
2701 1384 2752 1439 in
2781 1385 2992 1441 Saﬁlem
3021 1387 3260 1442 contulit.
3284 1387 3415 1442 Nam
3443 1405 3548 1442 non

1982 1471 2160 1524 ulcisci
2179 1471 2444 1526 inimicum
2462 1474 2551 1542 qui
2577 1475 2888 1545 simpliciter
2906 1477 3058 1545 laesit,
3084 1495 3189 1533 non
3213 1480 3403 1533 mirum
3431 1491 3514 1534 est
3532 1499 3544 1532 :

1981 1564 2141 1630 at-qui
2172 1563 2440 1620 hominem
2485 1582 2512 1619 a
2541 1582 2601 1621 se
2643 1569 2820 1624 multis
2861 1569 3106 1626 ali'ectum
3139 1572 3429 1636 beneﬁciis,
3456 1575 3548 1628 sed

1980 1653 2068 1720 qui
2099 1669 2196 1721 pro
2241 1655 2529 1712 benefactis
2572 1658 2868 1714 benelicum
2906 1663 3067 1717 semel
3113 1671 3273 1732 atque
3320 1665 3546 1728 iterum,

1981 1742 2088 1797 imo
2109 1744 2414 1814 frequenter
2436 1747 2734 1804 interficere
2759 1760 2980 1806 conatus
3007 1753 3094 1817 sit,
3123 1764 3464 1824 posteaquam
3495 1756 3548 1809 in

1981 1851 2168 1890 manus
2195 1838 2492 1903 incidisset,
2522 1850 2576 1893 ut
2599 1841 2707 1908 jam
2733 1842 2915 1897 liceret
2941 1843 3207 1910 occidere,
3237 1861 3341 1900 non
3373 1847 3544 1914 ipsum

1979 1925 2181 1981 dimisit
2204 1937 2403 1982 tantum
2425 1971 2438 1993 ,
2471 1946 2654 1984 verum
2682 1934 2840 1986 etiam
2861 1949 2923 1987 ex
2951 1935 3173 1989 aliorum
3204 1937 3407 1992 insidiis
3435 1944 3546 1996 eri-

1980 2019 2122 2085 puit;
2157 2020 2448 2087 praesertim
2491 2035 2610 2076 cum
2640 2023 2800 2077 sciret
2835 2024 2977 2078 illum
3022 2036 3141 2095 post
3181 2029 3364 2085 eadem
3394 2037 3548 2089 moli-

1981 2115 2154 2160 turum
2185 2126 2198 2160 :
2227 2110 2352 2178 quid
2376 2111 2420 2164 is
2446 2111 2702 2180 reliquum
2727 2111 2870 2180 fecit,
2899 2115 3041 2184 quod
3057 2116 3125 2171 ad
3148 2133 3406 2176 summam
3430 2124 3546 2192 phi-

1980 2195 2272 2265 losophiam
2299 2199 2465 2268 possit
2489 2201 2740 2270 adjungi?

2047 2287 2100 2338 2.
2133 2285 2384 2354 Beneﬁcia
2422 2288 2635 2345 Davidis
2677 2293 2730 2345 in
2771 2292 2996 2348 Smilem.
3024 2325 3094 2336 —
3121 2297 3324 2365 Quibus
3371 2315 3545 2359 autem

1980 2374 2252 2430 beneﬁciis
2301 2378 2460 2433 David
2514 2380 2749 2436 all'ecerit
2789 2383 3035 2448 Saﬁlem,
3074 2389 3284 2456 quando
3335 2402 3388 2444 et
3441 2411 3549 2462 quo

1979 2475 2165 2534 pacto,
2199 2469 2379 2536 paucis
2423 2481 2757 2527 enarrantem
2813 2489 2900 2529 me
2947 2479 3222 2535 sustinete.
3271 2482 3402 2536 Cum
3444 2488 3546 2540 ali-

1977 2557 2188 2625 quando
2234 2559 2400 2614 Judaei
2444 2561 2586 2616 bello
2629 2563 2945 2622 difﬁcillimo
2992 2581 3380 2639 premerentur,
3411 2574 3546 2630 adeo

1977 2654 2036 2700 ut
2066 2661 2250 2702 omnes
2288 2664 2481 2718 pavore
2510 2665 2688 2708 essent
2732 2659 3054 2712 consternati
3076 2699 3088 2722 ,
3122 2675 3222 2716 nec
3266 2665 3542 2734 quisquam

1976 2738 2195 2794 auderet
2235 2740 2440 2811 erigere
2479 2753 2635 2813 caput
2657 2785 2672 2812 ,
2695 2747 2786 2801 sed
2817 2749 2868 2802 in
2907 2758 3142 2806 extrema
3164 2754 3544 2824 desperatione

1978 2840 2118 2885 esset
2145 2830 2350 2898 civitas,
2379 2834 2597 2904 singulis
2622 2847 2846 2892 mortem
2875 2855 2985 2908 pne
3007 2843 3176 2897 oculis
3206 2845 3539 2910 habentibus,

1977 2922 2313 2993 quotidieque
2335 2926 2599 2982 interitum
2625 2933 3048 2998 exspectantibus
3069 2936 3293 3001 eunetis,
3312 2947 3365 2990 ut
3383 2940 3540 2994 vitam

1976 3024 2190 3083 agerent
2220 3017 2548 3072 miseriorem
2579 3019 2642 3074 iis
2677 3021 2764 3088 qui
2796 3020 2993 3090 degunt
3031 3024 3081 3076 in
3115 3028 3383 3081 leterrimo
3425 3044 3541 3082 ear-

1976 3117 2098 3158 cere
2117 3144 2130 3168 ,
2162 3104 2249 3158 hic
2280 3107 2348 3160 ab
2385 3109 2570 3164 ovibus
2597 3112 2817 3165 veniens
2858 3113 2922 3167 ad
2948 3115 3235 3170 exercitum
3257 3157 3270 3180 ,
3303 3133 3420 3171 cum
3449 3137 3542 3186 per

1975 3203 2182 3248 aetatem
2211 3210 2308 3250 nec
2333 3206 2497 3252 artem
2519 3200 2744 3256 bellandi
2771 3204 2963 3259 callere
2989 3216 3186 3274 posset,
3216 3223 3277 3262 ac
3305 3209 3540 3265 laborum

1976 3283 2278 3337 militarium
2326 3287 2472 3341 rudis
2515 3297 2655 3344 esset
2674 3331 2688 3351 ,
2715 3292 2826 3361 ipse
2855 3309 2952 3363 pro
2982 3295 3239 3352 universis
3267 3299 3458 3354 bellum
3490 3303 3541 3356 in

1974 3389 2032 3428 se
2056 3377 2294 3444 recepit,
2323 3392 2385 3432 ac
2412 3378 2636 3434 feliciter
2661 3397 2772 3436 rem
2819 3386 3002 3453 gessit,
3035 3402 3191 3456 supra
3212 3405 3368 3458 quant
3399 3393 3542 3459 quis-

1974 3465 2111 3534 piam
2141 3479 2426 3537 Sperasset.
2453 3471 2779 3542 Quamquam
2817 3475 2972 3530 etiam
3006 3477 3051 3530 si
3077 3477 3258 3533 virtuti
3291 3480 3545 3537 defuisset

1975 3568 2214 3624 eventus,
2240 3569 2412 3614 tamen
2434 3563 2502 3616 ob
2531 3563 2696 3617 solam
2718 3564 2879 3619 animi
2908 3569 3371 3637 promptitudinem
3395 3589 3546 3642 egi-c-

1973 3649 2221 3718 giumque
2244 3653 2568 3722 propositum
2609 3655 2942 3711 coronandus
2978 3669 3109 3712 erat.
3152 3661 3266 3714 Jam
3297 3664 3339 3716 si
3367 3665 3482 3730 quis
3514 3682 3544 3718 c

1973 3755 2193 3794 numero
2222 3743 2446 3797 militum
2471 3753 2626 3799 aetate
2646 3745 2826 3814 vigens
2849 3746 3051 3802 facinus
3072 3750 3173 3804 hoc
3192 3751 3540 3822 desigltttsscl,

1973 3831 2100 3883 nihil
2147 3830 2329 3886 fuisset
2376 3834 2601 3900 mirum,
2625 3835 2870 3890 videlicet
2917 3837 2970 3891 id
3001 3841 3293 3907 postulante
3331 3844 3544 3898 militari

1973 3919 2107 3989 lege.
2156 3923 2227 3974 At
2278 3922 2362 3977 hic
2409 3925 2496 3994 qui
2543 3926 2740 3980 nullam
2780 3929 2990 3983 videbat
3035 3934 3399 3987 necessitatem
3441 3935 3549 3990 huc-

1974 4013 2273 4080 adigentem
2299 4053 2312 4076 ,
2367 4030 2428 4069 ac
2453 4016 2645 4070 mullos
2685 4019 2842 4072 etiam
2890 4019 3112 4076 habebat
3156 4022 3494 4086 dehortantcs
3527 4043 3540 4080 :

1976 4119 2098 4156 nam
2127 4113 2180 4158 et
2218 4103 2380 4160 frater
2403 4105 2550 4160 illum
2585 4108 2912 4178 increpavit,
2935 4120 2987 4165 et
3012 4128 3104 4167 rex
3137 4116 3457 4183 perSpiciens
3488 4118 3548 4170 il-

1976 4195 2084 4248 lum
2113 4195 2343 4248 nondum
2373 4205 2528 4252 tetate
2558 4209 2844 4264 maturum,
2865 4216 2925 4256 ac
2946 4205 3191 4270 periculis
3223 4205 3548 4274 perferendis

1977 4285 2262 4340 inhabilem
2304 4286 2578 4354 cohibuit,
2609 4303 2670 4342 ac
2701 4306 2914 4346 manere
2950 4292 3144 4360 jussit,
3173 4294 3352 4350 dicens
3381 4314 3394 4348 :
3428 4295 3549 4350 Non

1978 4376 2163 4443 poteris
2187 4376 2258 4429 ire
2278 4417 2294 4441 ,
2324 4378 2557 4446 quoniam
2600 4395 2724 4445 puer
2751 4396 2802 4432 es
2832 4395 2851 4434 :
2876 4381 2962 4434 ille
2988 4398 3100 4435 vero
3137 4385 3212 4434 uir
3239 4394 3310 4436 est
3341 4383 3548 4438 bellator

1976 4465 2038 4518 ab
2081 4467 2412 4520 adolescentia
2462 4484 2552 4520 sua
2582 4471 2657 4536 (l.
2692 4469 2816 4538 Reg.
2865 4471 2950 4523 l7.
2997 4473 3084 4539 '55)
3120 4491 3132 4526 :
3164 4481 3394 4528 attamen
3421 4491 3542 4529 cum

1978 4558 2120 4610 nulla
2166 4559 2312 4611 illum
2358 4568 2667 4626 provocaret
2689 4561 2919 4627 occasio,
2957 4575 3142 4632 suapte
3166 4576 3355 4633 sponte
3399 4577 3451 4621 et
3480 4586 3542 4621 ex

1977 4663 2098 4702 sese
2132 4648 2310 4702 divino
2350 4663 2608 4702 accensus
2653 4649 2768 4726 zelo
2792 4692 2806 4716 ,
2835 4652 3119 4722 patriaeque
3155 4656 3392 4720 caritate,
3426 4673 3546 4725 per-

1981 4743 2102 4798 inde
2151 4745 2298 4813 quasi
2356 4759 2481 4798 oves
2535 4755 2779 4800 cerneret
2832 4746 3007 4801 verius
3055 4763 3212 4817 quam
3262 4749 3544 4815 homines,

1979 4844 2033 4889 et
2073 4836 2221 4903 quasi
2267 4850 2424 4890 canes
2452 4835 2732 4893 invasurus
2756 4845 2896 4891 esset
2922 4839 3097 4907 potius
3131 4856 3288 4907 quam
3318 4849 3423 4895 tam
3447 4859 3546 4896 nn-

1981 4940 2246 4979 merosutn
2301 4925 2571 4980 hominum
2619 4927 2946 4993 exercitum,
3004 4929 3138 4983 adeo
3181 4930 3436 5000 intrepide
3481 4933 3550 4987 ad

1981 5018 2232 5072 barbaros
2251 5017 2485 5072 cucurrit
2516 5034 2530 5072 :
2561 5018 2715 5088 idque
2761 5021 3011 5089 temporis
3057 5031 3252 5076 tantam
3282 5039 3415 5094 erga
3460 5041 3546 5080 re-

1979 5123 2097 5177 gem
2147 5109 2556 5164 sollicitudinem
2608 5109 2894 5164 declaravit
2917 5151 2931 5175 ,
2964 5121 3020 5166 ut
3058 5113 3201 5166 illuni
3241 5114 3398 5167 etiam
3428 5124 3549 5168 ante

1983 5199 2219 5267 prtulium
2231 5213 2294 5253 ac
2309 5198 2578 5253 victoriam
2598 5201 2647 5254 in
2666 5200 2848 5254 faciem
2865 5211 3186 5270 prostratum
3203 5203 3554 5258 erexerit.Ne-

1981 5309 2086 5361 que
2107 5292 2246 5346 enim
2264 5293 2412 5348 factis
2429 5292 2584 5346 modo
2596 5294 2731 5362 juvit
2748 5294 2912 5357 illum,
2933 5293 3022 5346 sed
3039 5303 3159 5346 ante
3181 5293 3372 5347 factum
3390 5295 3558 5348 etiam

1983 5386 2156 5440 verbis
2183 5386 2420 5440 hortatus
2446 5399 2526 5440 est
2552 5387 2692 5440 bono
2711 5385 2886 5439 animo
2916 5394 2974 5438 ιιι
3003 5394 3166 5449 esset,
3184 5400 3246 5440 ac
3267 5387 3550 5454 persuasit,

1985 5485 2146 5545 utque
2175 5477 2240 5530 de
2279 5486 2473 5531 eventu
2520 5477 2710 5530 bonam
2741 5477 3046 5544 conciperet
3070 5492 3248 5546 spem,
3278 5477 3452 5531 cili-cit
3483 5477 3554 5530 ita

1986 5565 2207 5634 loquens
2239 5581 2252 5616 :
2283 5564 2365 5618 Ne
2388 5565 2616 5618 concidat
2643 5582 2728 5618 cor
2752 5565 2942 5618 domini
2968 5566 3062 5618 mei
3090 5565 3140 5617 in
3166 5566 3295 5633 ipso,
3321 5566 3556 5636 quoniam

1985 5670 2152 5707 servus
2180 5664 2291 5706 tuus
2317 5655 2402 5706 ibit
2424 5693 2436 5719 ,
2469 5655 2801 5723 pugnabilque
2827 5671 2938 5707 cum
2965 5655 3246 5724 alienigena
3270 5655 3360 5707 hoc
3395 5653 3443 5720 (1
3451 5654 3554 5706 bid.

1989 5758 2033 5794 υ.
2061 5743 2175 5812 52).
2209 5744 2398 5809 Qua-so
2425 5784 2439 5810 ,
2470 5758 2596 5797 num
2627 5744 2725 5797 hoc
2774 5758 2991 5812 parvum
3031 5743 3252 5806 videtur,
3285 5743 3421 5799 nuﬂa
3464 5758 3556 5798 no.-
