4064 6448
509 351 615 408 6⁵19

501 467 754 518 cessitate
792 456 1122 526 compulsum
1147 492 1161 516 ,
1192 465 1341 505 suam
1365 450 1530 519 ipsius
1545 447 1712 501 vitam
1741 444 1966 515 prodere
1992 484 2006 506 ,
2038 451 2093 496 et

507 561 563 614 in
600 565 786 606 eorum
815 547 1089 602 utilitatem
1117 558 1147 596 a
1169 543 1360 612 quibus
1388 540 1518 594 nihil
1537 551 1792 607 umquam
1812 543 2092 604 acceperat

507 640 752 697 beneﬁcii
777 680 793 703 ,
824 638 876 690 in
901 636 1104 691 medios
1129 633 1310 688 hostes
1329 630 1572 686 irruere?
1597 631 1788 683 Annon
1820 643 1914 698 par
1941 633 2056 680 erat
2075 663 2090 687 ,

511 732 653 785 hunc
688 736 806 798 post
845 726 948 780 tale
975 723 1177 778 facinus
1203 731 1390 776 ornato
1421 719 1574 774 titulo
1594 717 1796 773 domini
1827 714 2090 771 columnis

515 821 793 889 inscripto,
819 827 875 872 et
904 817 1168 888 publicum
1189 815 1417 869 civitatis
1443 820 1770 868 servatorem
1796 808 2088 880 appellare,

511 915 600 984 qui
638 921 692 968 et
719 910 866 980 regni
915 909 1096 972 decus,
1127 916 1182 962 et
1207 906 1478 961 civitatum
1503 903 1866 966 fundamenta,
1893 907 1948 955 et
1971 915 2093 953 om-

511 1005 656 1058 nium
687 1003 848 1056 vitam
875 999 1164 1070 opitulante
1189 997 1283 1052 Dei
1311 997 1480 1066 gratia
1505 993 1768 1049 servarit?
1795 991 1946 1059 Quod
1975 1004 2094 1045 esse

512 1101 719 1163 poterat
745 1089 886 1145 aliud
937 1088 1251 1144 beneﬁcium
1277 1087 1380 1140 hoc
1409 1084 1619 1154 majus?
1645 1083 1828 1152 Neque
1853 1082 1994 1136 enim
2036 1081 2091 1135 in

513 1183 734 1252 gloriam
763 1191 852 1235 aut
872 1180 1161 1251 potentiam
1183 1219 1200 1247 ,
1231 1176 1325 1233 sed
1353 1179 1402 1230 in
1430 1177 1596 1245 ipsam
1623 1174 1787 1243 ipsius
1814 1173 1975 1226 vitam
2004 1171 2091 1226 ιη.

515 1273 759 1328 nelicium
789 1270 889 1324 hoc
911 1270 1168 1334 contulit,
1203 1267 1342 1323 etab
1373 1266 1502 1336 ipsis
1532 1265 1720 1319 mortis
1746 1263 1912 1334 portis
1934 1276 2092 1317 revo-

512 1365 652 1417 cavit
683 1380 696 1415 :
731 1365 905 1431 itaque
930 1361 976 1416 si
1001 1361 1288 1414 humanum
1310 1359 1522 1428 quidem
1544 1355 1834 1412 subsidium
1860 1363 2091 1424 spectes,

515 1455 654 1508 illius
689 1452 948 1522 beneﬁcio
972 1450 1168 1506 deinde
1195 1449 1322 1503 vixit
1343 1463 1434 1502 rex
1455 1488 1470 1512 ,
1496 1461 1559 1501 ac
1580 1445 1924 1516 principatum
1973 1460 2091 1499 ser-

518 1545 684 1599 vavit.
717 1545 782 1598 Et
811 1553 990 1612 pOstea
1015 1583 1030 1609 ,
1057 1557 1216 1613 quam
1247 1541 1320 1594 illi
1348 1540 1580 1609 reposuit
1603 1537 1862 1609 gratiam?
1897 1536 2027 1591 Nam
2051 1537 2096 1591 si

515 1636 634 1705 quis
681 1632 972 1703 perpendat
1011 1632 1265 1702 prmclare
1303 1639 1574 1700 gestorum
1629 1628 2043 1698 magnitudinem
2074 1668 2092 1692 ,

516 1726 721 1782 etiamsi
749 1741 839 1780 rex
879 1741 907 1778 a
947 1741 1043 1780 suo
1073 1725 1246 1795 capite
1293 1725 1582 1779 detractam
1609 1737 1858 1778 coronam
1887 1720 2097 1774 Davidis

513 1817 673 1887 capiti
712 1816 1081 1885 imposuisset,
1121 1829 1408 1884 numquam
1458 1829 1636 1883 parem
1677 1813 1943 1868 retulisset
1976 1825 2098 1881 gra-

517 1908 664 1970 tiam,
693 1906 786 1960 sed
813 1905 1124 1975 ampliorem
1145 1905 1434 1960 debuisset.
1463 1905 1558 1959 Hic
1596 1905 1736 1960 enim
1773 1913 1830 1958 et
1859 1905 2016 1958 vitam
2043 1911 2099 1957 et

515 2013 739 2067 regnum
779 1995 856 2050 illi
897 1996 1150 2062 donavit,
1183 1995 1270 2050 ille
1311 2010 1438 2050 vero
1481 1993 1604 2048 huic
1647 2010 1864 2064 regnum
1892 2001 2097 2048 tantum

515 2100 632 2145 erat
680 2103 948 2144 cessurus.
987 2086 1366 2143 Verumtamen
1417 2085 1816 2140 consideremus
1879 2083 2097 2138 relatam

521 2198 620 2252 pro
685 2179 976 2236 benefactis
1035 2179 1280 2248 gratiam.
1342 2178 1472 2244 Qua:
1540 2177 1750 2232 tandem
1805 2185 1920 2232 erat
1972 2175 2102 2230 illa?

523 2275 599 2328 De
622 2281 816 2338 caetero
839 2279 893 2326 et
919 2270 989 2325 ab
1026 2270 1114 2324 illo
1139 2269 1226 2324 die
1265 2277 1566 2337 suSpectum
1605 2267 1788 2323 habuit
1823 2266 1982 2322 David
2004 2309 2018 2332 ,
2047 2275 2102 2322 et

521 2365 590 2418 ab
628 2363 717 2417 illo
765 2360 950 2416 metuit
997 2360 1118 2415 sibi.
1154 2359 1262 2413 Cur
1289 2369 1342 2414 et
1377 2373 1532 2428 quam
1575 2357 1645 2412 ob
1691 2358 1940 2413 causam?
1969 2357 2100 2412 Nam

519 2465 576 2510 et
647 2453 970 2523 suspicionis
1029 2465 1186 2506 causa
1249 2450 1711 2505 commemoranda
1767 2459 1867 2506 est.
1921 2448 2104 2520 Neque

515 2545 658 2600 cnim
684 2541 936 2613 quidquid
966 2541 1153 2612 aliquis
1173 2539 1384 2604 dixerit,
1410 2539 1548 2595 idem
1574 2555 1692 2595 esse
1715 2540 1919 2610 justum
1947 2540 2099 2594 afﬁr-

519 2637 702 2692 tnahit.
733 2635 862 2689 Nam
889 2649 1010 2704 erga
1039 2648 1160 2688 eum
1179 2633 1268 2703 qui
1299 2632 1528 2686 animam
1556 2631 1831 2702 impendit,
1855 2642 1908 2686 et
1937 2633 2101 2686 vitam

517 2729 702 2794 dedit,
732 2742 849 2796 qua:
876 2729 1081 2796 poterat
1102 2739 1219 2778 esse
1242 2723 1382 2792 justa
1423 2723 1740 2794 suspicionis
1768 2722 1968 2778 causa?
1998 2723 2102 2778 Sed

519 2831 697 2875 tamen
735 2819 902 2887 ipsam
929 2816 1217 2870 inimicitia:
1243 2829 1460 2869 causam
1491 2814 1832 2882 inspiciamus
1853 2854 1868 2880 ,
1901 2823 1958 2867 ut
2003 2813 2104 2867 ali-

519 2909 648 2979 quid
698 2907 950 2970 discatis,
991 2905 1130 2976 quod
1183 2919 1283 2961 nec
1327 2905 1436 2975 ipsa
1479 2903 1698 2959 victoria
1735 2904 1804 2958 sit
1841 2903 2058 2959 inferius
2086 2919 2107 2958 :

520 2999 767 3070 quodque
797 2997 957 3052 David
997 2997 1071 3052 sit
1097 2997 1299 3051 honore
1323 2995 1514 3066 dignus
1539 2995 1608 3050 ob
1633 3010 1695 3050 ea
1724 2995 1856 3065 ipsa,
1884 3004 2104 3066 propter

520 3109 640 3162 quae
664 3091 915 3160 deinceps
939 3089 1084 3145 venit
1107 3089 1159 3144 in
1185 3089 1540 3159 suspicionem
1567 3130 1582 3155 ,
1613 3088 1819 3144 insidiis
1842 3090 2106 3160 appetitus

521 3193 623 3240 est.
673 3183 803 3251 Qua:
850 3181 1008 3252 igitur
1049 3188 1166 3236 erat
1212 3179 1530 3250 suspicionis
1579 3180 1778 3236 causa?
1821 3179 2105 3250 Postquam

527 3276 738 3330 barbari
770 3275 910 3329 illius
932 3282 1092 3344 caput
1127 3273 1368 3339 abstulit,
1389 3282 1444 3328 et
1471 3273 1638 3343 spolia
1664 3280 1876 3344 gestans
1904 3274 2061 3329 rediit
2089 3290 2104 3333 :

525 3366 814 3430 Exierunt,
846 3364 1046 3436 inquit,
1078 3363 1309 3418 mulieres
1335 3372 1566 3418 cuneata
1589 3380 1648 3418 ac
1687 3363 1903 3419 dicentes
1931 3381 1951 3419 :
1982 3363 2108 3419 Pero

523 3459 676 3514 cussit
704 3458 832 3513 Sail
855 3457 909 3511 in
933 3457 1152 3511 millibus
1201 3456 1335 3524 suis,
1358 3465 1406 3510 et
1423 3455 1590 3510 Dauid
1623 3457 1676 3510 in
1703 3457 1870 3510 decem
1891 3457 2110 3512 millibus

523 3551 648 3602 suis.
678 3547 740 3601 Et
761 3551 920 3602 iratus
941 3556 1011 3601 est
1040 3545 1190 3614 Sail,
1213 3555 1260 3600 et
1277 3555 1562 3617 suspectum
1587 3546 1762 3600 habuit
1785 3547 1949 3601 David
1971 3547 2033 3600 ab
2051 3563 2108 3602 eo

525 3639 608 3691 die
631 3655 691 3692 ac
715 3639 948 3708 deinceps
972 3638 1051 3708 (l.
1085 3637 1212 3708 Reg.
1237 3638 1323 3693 18.
1353 3637 1505 3709 6-9).
1538 3637 1700 3706 Cujus
1745 3639 1970 3695 obsecro
1989 3681 2004 3706 ,
2031 3637 2108 3694 rei

526 3729 721 3798 gratia?
747 3727 968 3783 Etiamsi
1011 3727 1129 3783 haec
1175 3736 1374 3799 praeter
1398 3730 1644 3784 meritum
1677 3730 1906 3787 fuissent
1929 3731 2068 3786 dicta
2090 3773 2106 3798 ,

527 3835 596 3875 ne
624 3821 699 3874 sic
715 3820 926 3890 quidem
948 3820 1224 3889 oportebat
1254 3819 1502 3875 hostilem
1547 3820 1598 3874 in
1642 3820 1892 3875 Davidem
1921 3836 2110 3892 gerere

525 3913 762 3968 animum
793 3931 807 3968 :
833 3911 928 3968 sed
951 3920 1225 3982 postquam
1245 3927 1311 3967 ex
1348 3912 1506 3968 rebus
1543 3912 1705 3982 gestis
1734 3913 1870 3966 illius
1896 3929 2020 3982 erga
2051 3927 2110 3967 se

529 4003 949 4060 benevolentiam
975 4003 1206 4058 habebat
1229 4010 1558 4074 compertam
1579 4043 1594 4070 ,
1625 4005 1820 4074 quippe
1848 4006 1936 4074 qui
1962 4004 2110 4059 nullo

528 4106 751 4166 cogente
792 4105 885 4151 aut
917 4097 1304 4165 compellente,
1343 4104 1532 4166 suapte
1575 4097 1946 4152 benevolentia
1997 4106 2112 4150 tan.

532 4199 645 4244 tm
691 4189 921 4243 subisset
969 4187 1323 4254 discriminis,
1371 4205 1479 4244 non
1531 4188 1810 4258 oportebat
1859 4188 2113 4257 deinceps

531 4279 819 4350 quidquam
865 4279 933 4334 de
973 4278 1066 4333 illo
1111 4279 1367 4349 suspicari
1415 4278 1560 4332 mali.
1589 4277 1739 4333 Nunc
1785 4289 1960 4332 autem
1992 4278 2114 4349 jure

533 4372 718 4428 laudes
749 4369 1195 4442 proferebantur;
1226 4377 1281 4424 et
1306 4368 1351 4424 si
1395 4368 1474 4423 fas
1502 4377 1585 4423 est
1606 4383 1728 4424 vera
1754 4368 2030 4438 proloqui,
2060 4368 2113 4422 in

533 4467 710 4522 Saulis
737 4465 958 4535 gratiam
980 4464 1066 4518 illa
1084 4463 1222 4518 dicta
1249 4470 1372 4517 sunt
1398 4463 1593 4533 potius,
1614 4476 1771 4532 quam
1794 4459 1847 4514 in
1882 4460 2114 4527 Davidis;

536 4559 764 4613 debebat
809 4565 985 4612 autem
1030 4557 1161 4610 satis
1208 4555 1442 4619 habere,
1493 4554 1634 4624 quod
1679 4553 1753 4608 illi
1807 4552 2119 4609 tribuissent

535 4649 704 4703 mille.
737 4646 842 4702 Cur
867 4647 1028 4718 igitur
1053 4647 1354 4716 indignatus
1379 4653 1490 4710 est,
1523 4644 1662 4714 quod
1701 4645 1884 4700 Davidi
1913 4645 2114 4700 tribue-

533 4743 643 4795 rint
670 4741 851 4795 decem
872 4740 1069 4795 millia?
1091 4739 1296 4793 Etenim
1319 4737 1363 4793 si
1393 4752 1484 4792 rex
1505 4737 1570 4790 ad
1600 4736 1795 4791 bellum
1826 4736 2117 4791 ﬁniendum

537 4832 618 4887 vel
648 4832 914 4900 paululum
938 4830 1135 4900 aliquid
1165 4828 1420 4885 momenti
1441 4829 1783 4893 contulisset,
1820 4838 1963 4884 recte
2004 4838 2114 4882 tum

538 4921 736 4977 dictum
762 4921 966 4987 fuisset,
995 4921 1124 4975 Sail
1147 4920 1200 4974 in
1221 4919 1442 4975 millibus
1458 4961 1472 4984 ,
1495 4919 1664 4973 David
1695 4919 1749 4972 in
1769 4919 1940 4974 decem
1965 4919 2119 4973 milli-

537 5015 648 5068 bus.
681 5012 834 5082 Quod
885 5012 929 5066 si
972 5013 1085 5082 ipse
1120 5012 1334 5081 quidem
1367 5012 1587 5082 pavidus
1625 5028 1687 5068 ac
1717 5021 1950 5068 tremens
1973 5013 2120 5068 domi

539 5105 780 5170 desedit,
816 5103 868 5158 in
895 5103 1134 5174 singulos
1159 5100 1272 5157 dies
1293 5111 1517 5156 mortem
1539 5113 1854 5172 exspectans
1870 5145 1883 5166 ,
1915 5104 2000 5159 hic
2019 5118 2117 5158 au—

538 5207 646 5254 tem
668 5207 835 5252 totum
878 5195 1083 5252 facinus
1124 5194 1370 5265 peregit:
1403 5209 1578 5249 annon
1623 5195 1910 5250 absurdum
1961 5203 2078 5251 erat
2102 5236 2117 5258 ,

535 5304 655 5342 eum
671 5289 758 5359 qui
786 5287 919 5342 nihil
945 5287 1009 5341 ad
1029 5285 1340 5356 depellenda
1367 5285 1598 5354 pericula
1619 5286 1950 5354 contulerat,
1973 5287 2043 5341 ob
2064 5287 2118 5340 id

538 5378 820 5449 indignari,
845 5377 986 5446 quod
1013 5393 1116 5432 non
1143 5378 1260 5446 plus
1286 5377 1460 5431 laudis
1490 5377 1737 5432 tulisset?
1758 5376 1889 5432 Nam
1919 5378 1963 5430 si
1989 5377 2118 5431 indi-

537 5468 803 5538 gnandum
824 5476 958 5531 erat,
987 5467 1238 5523 Davidem
1267 5469 1440 5538 potius
1460 5467 1810 5523 conveniebat
1830 5466 2116 5536 indignari,

539 5560 677 5632 quod
725 5573 847 5614 cum
894 5557 1040 5611 solus
1092 5567 1258 5613 totum
1295 5558 1576 5629 gessisset,
1624 5559 1850 5614 alterum
1895 5557 2117 5614 haberet

541 5650 712 5706 laudis
733 5648 1063 5718 participem.

609 5740 663 5793 ὃ.
702 5738 805 5796 Sed
837 5739 1027 5794 horum
1053 5736 1182 5792 nihil
1210 5736 1571 5795 dicozverum
1595 5739 1724 5796 illud
1747 5739 1974 5797 dixerim
2011 5759 2024 5796 :
2060 5751 2117 5797 ut

1264 337 1320 393 S.
1350 334 1626 393 .IOANNIS
1659 326 2134 388 CHRYSOSTOMI
2172 327 2487 385 ARCBIEP.
2516 329 3047 390 CONSTANTINOP.

3675 344 3778 402 680

2201 441 2460 498 donemus
2486 459 2591 499 non
2620 456 2762 500 recte
2783 446 2972 502 fecisse
2992 449 3261 517 mulieres,
3282 466 3484 524 easque
3501 453 3668 512 fuisse
3683 461 3788 512 cri-

2199 533 2329 587 mini
2354 534 2632 600 obnoxias,
2677 546 2731 591 et
2758 539 3095 594 accusatione
3118 540 3327 610 dignas,
3373 544 3502 612 quid
3558 545 3674 602 haec
3719 549 3794 601 ad

2199 623 2486 677 Davidem?
2522 624 2705 695 Neque
2728 628 2870 682 enim
2903 629 3016 698 ipse
3044 642 3419 700 composuerat
3445 639 3746 691 cantionem
3766 674 3787 704 ,

2199 715 2494 784 nequeillis
2512 726 2772 784 suaserat,
2808 727 2866 772 ut
2895 719 3136 775 dicerent
3159 737 3278 791 quae
3307 723 3580 791 dicebant,
3614 742 3786 798 neque

2198 804 2476 858 adurnarat
2510 806 2658 860 illum
2697 808 3016 864 laudationis
3046 811 3283 867 modum.
3311 813 3546 871 Proinde
3573 817 3780 873 etiamsi

2199 895 2577 966 indignandum
2605 907 2741 966 erat,
2767 901 3073 957 mulieribus
3098 906 3335 974 Oportuit
3365 907 3650 977 indignari,
3680 925 3786 965 non

2200 985 2268 1042 de
2297 988 2455 1043 civile
2483 989 2833 1054 benemerito,
2866 1001 2920 1046 et
2961 993 3180 1048 inﬁnitis
3226 995 3390 1066 digno
3417 1001 3658 1052 coronis.
3714 1003 3780 1054 At

2196 1079 2323 1138 Saitl
2351 1083 2563 1137 omissis
2585 1083 2692 1137 illis
2723 1085 2776 1138 in
2804 1085 2966 1140 David
2993 1086 3337 1143 irascebatur.
3363 1089 3481 1144 Jam
3502 1091 3549 1145 si
3575 1107 3638 1146 ea
3668 1093 3782 1147 lau-

2197 1173 2266 1228 de
2293 1173 2536 1229 sublatus
2560 1175 2646 1230 ille
2667 1176 2852 1230 beatus
2879 1176 3155 1232 invidisset
3183 1195 3359 1234 rerum
3379 1183 3620 1250 patienti,
3651 1181 3787 1238 fuis-

2198 1275 2383 1334 setque
2424 1264 2523 1335 ipsi
2548 1267 2986 1331 contumeliosus,
3031 1277 3085 1322 et
3112 1280 3429 1338 aspernatus
3457 1270 3647 1326 fuisset
3671 1272 3785 1342 ejus

2199 1355 2516 1424 imperium,
2566 1356 2788 1410 forsitan
2833 1358 3008 1428 aliqua
3039 1357 3225 1413 fuisset
3271 1361 3535 1415 invidendi
3577 1374 3783 1419 causa:

2197 1452 2253 1499 at
2279 1446 2323 1500 si
2354 1446 2524 1501 factus
2546 1445 2642 1501 fuit
2669 1446 2950 1502 humanior
2974 1464 3038 1504 ac
3063 1449 3354 1505 modestior
3375 1491 3392 1518 ,
3423 1452 3469 1506 si
3501 1454 3552 1506 in
3601 1453 3783 1506 subdi-

2200 1545 2373 1592 torum
2401 1539 2588 1594 ordine
2635 1554 2696 1594 se
2721 1541 3022 1608 continuit,
3077 1557 3196 1611 qua:
3235 1543 3448 1598 tandem
3489 1554 3605 1598 erat
3639 1545 3780 1614 justa

2198 1625 2414 1683 dolendi
2442 1629 2647 1684 causa?
2674 1629 2944 1700 Siquidem
2966 1647 3085 1686 cum
3115 1633 3160 1686 is
3182 1635 3269 1703 qui
3299 1635 3504 1690 honore
3528 1637 3778 1702 afﬁcitur,

2199 1721 2455 1775 attollitur
2470 1722 2724 1778 adversus
2740 1738 2860 1779 eum
2878 1738 2909 1778 a
2924 1739 3030 1796 quo
3051 1735 3330 1796 provectus
3349 1735 3453 1795 est,
3471 1743 3570 1783 nec
3590 1729 3783 1784 desinit

2165 1846 2171 1852 -
2198 1813 2253 1868 in
2269 1813 2406 1868 illius
2425 1822 2783 1884 contemptum
2803 1815 3002 1870 honore
3013 1817 3179 1880 abuti,
3203 1817 3360 1873 habet
3377 1818 3532 1872 dolor
3556 1821 3786 1874 nonnul-

2198 1904 2300 1960 lam
2317 1905 2708 1961 excusationem
2730 1925 2744 1961 :
2765 1915 3014 1962 cmternm
3033 1908 3120 1963 ubi
3144 1909 3376 1978 persistit
3393 1910 3444 1964 in
3470 1911 3790 1967 honorando

2199 1997 2346 2051 illum
2370 2036 2386 2063 ,
2418 2006 2509 2052 aut
2535 1998 2711 2066 potius
2738 1998 2904 2068 magis
2933 1997 3260 2069 obsequitur,
3288 2000 3534 2068 ceditque
3578 2001 3629 2055 in
3665 2017 3782 2055 ont-

2202 2089 2377 2154 nibus,
2403 2105 2558 2160 quem
2584 2099 2762 2159 postea
2787 2098 2960 2159 potest
2975 2089 3172 2145 habere
3198 2101 3519 2161 praetextum
3547 2091 3740 2146 invidia
3764 2093 3792 2145 ?

2272 2179 2394 2234 Non
2422 2178 2628 2246 e/fertur
2645 2179 2812 2234 David
2828 2181 2888 2233 ob
2912 2197 3204 2251 prosperum
3226 2181 3788 2250 successunt.—ltaque

2201 2269 2406 2325 etiamsi
2451 2269 2580 2324 nihil
2606 2270 2749 2325 aliud
2788 2271 3038 2340 pragclare
3061 2279 3268 2341 gestum
3297 2270 3518 2339 fuisset,
3569 2272 3640 2326 ob
3684 2271 3790 2326 hac

2201 2359 2372 2429 ipsum
2407 2370 2580 2418 tamen
2609 2361 2773 2430 magis
2799 2368 2916 2414 erat
2933 2360 3246 2430 diligendus,
3278 2361 3416 2430 quod
3438 2377 3560 2416 cum
3587 2370 3789 2416 Lautam

2202 2461 2390 2505 nactus
2417 2460 2560 2505 esset
2583 2451 2919 2505 occasionem
2949 2450 3242 2520 occupandi
3269 2452 3438 2520 regni,
3493 2451 3791 2520 perstiterit

2203 2543 2255 2597 in
2283 2557 2379 2597 sua
2408 2542 2686 2597 modestia.
2715 2541 2900 2611 Neque
2945 2543 3085 2598 enim
3114 2557 3234 2612 quae
3262 2542 3410 2612 prius
3458 2552 3609 2612 gesta
3656 2554 3789 2597 sunt

2203 2642 2429 2698 tantum,
2455 2648 2638 2688 verum
2669 2648 2768 2689 nec
2790 2648 2854 2689 ea
2880 2649 2998 2704 quae
3024 2644 3346 2704 consequuta
3373 2643 3521 2697 sunt,
3547 2636 3797 2704 superio-

2204 2724 2353 2778 ribus
2374 2723 2477 2779 illis
2501 2724 2670 2779 multo
2696 2724 3049 2793 przeclariora,
3073 2725 3406 2780 sustulerunt
3448 2725 3524 2779 illi
3552 2725 3791 2779 animos.

2204 2813 2331 2882 Quae
2363 2813 2573 2870 tandem
2606 2814 2731 2868 illa?
2756 2813 2905 2882 Erat,
2935 2815 3128 2886 inquit,
3154 2814 3320 2870 Dauid
3341 2816 3561 2885 prudens
3585 2817 3639 2869 in
3677 2833 3795 2869 om-

2205 2903 2349 2958 nibus
2374 2904 2465 2957 viis
2485 2905 2611 2967 suis,
2631 2914 2677 2958 et
2705 2903 2957 2958 Dominus
2969 2906 3281 2974 omnipotens
3299 2915 3406 2959 erat
3431 2922 3545 2958 cunt
3569 2922 3647 2971 eo,
3673 2907 3798 2958 uni-

2206 3013 2476 3066 versusque
2504 2995 2674 3050 Israel
2695 3006 2742 3051 et
2777 2996 2917 3050 Juda
2945 2997 3182 3067 diligebat
3206 2996 3394 3063 David,
3415 2999 3664 3067 quoniam
3682 3001 3798 3067 ipse

2206 3088 2577 3160 ingrediebatur
2617 3097 2664 3142 et
2692 3087 3034 3159 egrediebatur
3073 3098 3189 3141 ante
3225 3098 3540 3157 conspectum
3582 3089 3795 3155 populi.

2207 3179 2277 3234 Et
2295 3181 2347 3234 Μ
2354 3181 2518 3236 elchol
2535 3179 2643 3248 ﬁlia
2662 3179 2810 3246 Saul,
2829 3188 2884 3235 et
2898 3180 3173 3234 universus
3192 3178 3347 3234 Israel
3367 3178 3602 3248 diligebat
3619 3179 3795 3232 illum.

2210 3272 2278 3328 Et
2298 3273 2520 3343 sapiebat
2535 3288 2692 3342 supra
2714 3288 2885 3326 omnes
2902 3287 3068 3326 servos
3091 3271 3243 3334 Saul;
3260 3280 3306 3324 et
3331 3268 3670 3323 honorabatur
3693 3287 3796 3322 no-

2209 3383 2321 3421 men
2343 3367 2480 3421 illius
2503 3364 2744 3436 valde(l.
2761 3365 2885 3434 Reg.
2907 3364 2993 3419 l8.
3015 3364 3196 3419 “.16.
3215 3363 3304 3417 9.0.
3325 3361 3435 3433 30).
3458 3361 3520 3414 Et
3535 3360 3800 3414 Jonathas

2210 3459 2346 3527 ﬁlius
2373 3457 2502 3512 Sail
2529 3456 2766 3527 diligebat
2797 3455 2958 3509 David
2979 3455 3288 3510 vehementer
3314 3455 3395 3523 (l.
3421 3453 3542 3524 Reg.
3578 3452 3664 3508 is.
3701 3453 3794 3520 2).

2211 3549 2586 3604 Verumtamen
2614 3563 2735 3603 cum
2766 3547 3072 3603 universum
3099 3546 3352 3616 populum
3379 3559 3442 3599 ac
3470 3544 3607 3613 regis
3631 3543 3800 3597 fami-

2211 3639 2336 3695 liam
2383 3639 2482 3695 sibi
2516 3639 2848 3695 conciliatam
2878 3638 3118 3705 haberet,
3149 3652 3270 3692 cum
3313 3636 3508 3706 ubique
3541 3639 3594 3688 in
3635 3634 3805 3688 bellis

2211 3735 2468 3800 vinceret,
2495 3747 2591 3787 nec
2615 3747 2862 3802 umquam
2892 3731 3237 3786 frustraretur
3259 3743 3529 3794 successu,
3561 3743 3803 3796 cumque

2214 3839 2310 3896 pro
2354 3827 2491 3882 bene
2514 3825 2678 3894 gestis
2704 3823 2862 3878 rebus
2903 3822 3010 3876 illis
3063 3822 3220 3876 talem
3249 3830 3476 3892 gratiam
3507 3818 3800 3887 reciperet,

2214 3935 2318 3973 non
2345 3919 2515 3973 erexit
2533 3917 2817 3984 cervicem,
2845 3931 2946 3972 nec
2969 3931 3187 3986 regnum
3230 3915 3512 3977 all'ectavit,
3544 3927 3644 3966 nec
3699 3912 3806 3966 ho-

2214 4020 2349 4066 stem
2373 4009 2518 4064 ultus
2546 4017 2648 4076 est,
2690 4009 2784 4064 sed
2811 4008 3180 4076 perseveravit
3205 4007 3257 4060 in
3289 4004 3692 4067 benefaciendo,
3753 4015 3807 4058 ct

2216 4101 2275 4156 in
2301 4100 2454 4155 bellis
2483 4114 2580 4170 pro
2605 4113 2730 4170 rege
2770 4099 2994 4153 feliciter
3018 4099 3285 4169 gerendis.
3309 4098 3438 4164 Quis
3466 4107 3548 4151 est
3576 4107 3681 4149 tam
3721 4096 3808 4152 ef-

2216 4191 2415 4246 feratus
2442 4199 2497 4244 et
2523 4190 2774 4255 crudelis,
2806 4189 2890 4244 cui
2941 4190 3040 4244 ista
3083 4206 3186 4244 non
3219 4189 3414 4243 ΐιιιτὶιιι
3457 4203 3805 4256 persItasut-a,

2217 4291 2277 4336 ut
2303 4281 2634 4336 inimicitiam
2659 4280 2986 4350 deponeret,
3032 4290 3087 4335 et
3131 4280 3385 4334 invidiam
3413 4279 3703 4348 abjiceret?
3739 4282 3811 4332 At

2217 4371 2491 4427 crudelem
2507 4372 2651 4426 illum
2679 4380 2734 4426 et
2759 4371 3104 4426 inhumanum
3133 4371 3258 4425 nihil
3287 4370 3478 4423 horum
3507 4369 3682 4433 ﬁcxit;
3709 4369 3808 4423 scd

2217 4464 2283 4519 ad
2309 4464 2424 4520 lucc
2449 4466 2625 4519 omnia
2654 4479 2851 4531 caecus,
2873 4473 2929 4520 et
2955 4464 3166 4518 invidiae
3191 4463 3420 4528 deditus,
3460 4471 3687 4516 conatus
3726 4469 3812 4515 est

2219 4556 2368 4610 illum
2405 4571 2438 4610 c
2475 4555 2652 4611 medio
2681 4555 2903 4610 tollere:
2936 4565 2991 4610 et
3037 4555 3162 4626 quid
3207 4555 3431 4608 obsecro
3479 4553 3812 4607 facientem?

2221 4645 2240 4718 (
2272 4661 2392 4701 nam
2439 4646 2490 4700 id
2523 4647 2690 4716 majus
2714 4656 2796 4702 est
2823 4661 2888 4702 ac
2912 4647 3287 4716 stupendum,)
3311 4655 3592 4701 canentem
3646 4648 3810 4700 citha-

2219 4755 2300 4803 ra,
2330 4749 2384 4794 et
2410 4739 2575 4809 ipsius
2601 4741 2860 4795 insaniam
2887 4740 3184 4795 sedantem.
3217 4738 3405 4803 David,
3438 4739 3632 4807 inquit,
3664 4740 3810 4809 psal-

2222 4831 2353 4884 lebat
2378 4847 2531 4884 manu
2553 4848 2646 4885 sua
2662 4832 2882 4901 quotidie
2903 4847 2922 4885 :
2942 4841 2988 4884 et
3015 4832 3161 4886 hasta
3184 4832 3234 4884 in
3255 4848 3406 4884 ntanu
3424 4829 3556 4884 Sail
3576 4845 3595 4882 :
3613 4848 3674 4884 ac
3698 4847 3814 4883 sus-

2221 4922 2332 4975 tulit
2380 4921 2512 4975 Saul
2549 4921 2793 4986 lanceam,
2841 4922 3100 4992 dixitque,
3141 4921 3364 4991 Inﬁgam
3412 4922 3465 4974 in
3513 4919 3726 4985 David;
3771 4930 3818 4974 et

2223 5011 2336 5078 ﬁxit
2379 5011 2434 5063 in
2477 5013 2717 5080 parietem
2762 5027 2780 5064 :
2817 5021 2862 5065 et
2910 5012 3175 5066 declinavit
3217 5011 3388 5064 Dauid
3429 5029 3460 5064 a
3516 5012 3649 5080 {acie
3702 5013 3817 5082 ejus

2223 5103 2298 5155 bis
2353 5101 2511 5173 (Ibid.
2558 5118 2603 5156 υ.
2653 5104 2764 5172 ll).
2803 5103 3055 5159 Potestne
3096 5103 3216 5158 huic
3252 5104 3466 5158 malitia:
3516 5104 3818 5174 quidquam

2222 5190 2479 5262 adjnngi?
2528 5191 2621 5246 Illa
2655 5191 2792 5247 forte
2837 5209 2956 5262 quae
3001 5203 3125 5264 post
3168 5194 3492 5262 subsequnta
3532 5206 3676 5247 sunt.
3712 5195 3819 5261 Qui

2226 5297 2394 5351 nuper
2425 5282 2606 5337 hostes
2632 5283 2903 5353 abcgerat,
2936 5299 3033 5352 per
3059 5298 3214 5353 quem
3255 5286 3443 5339 civitas
3483 5286 3584 5340 sibi
3636 5285 3823 5342 fuerat

2223 5373 2453 5437 reddita,
2485 5373 2690 5427 cunctis
2723 5389 2821 5443 pro
2850 5375 3067 5428 victoria
3093 5376 3338 5430 victimas
3366 5376 3780 5432 immolantibus
3808 5396 3822 5431 :

2222 5463 2345 5520 Sail!
2377 5462 2673 5518 beneﬁcum
2722 5471 2779 5517 et
2814 5471 3170 5530 servatorem,
3193 5479 3257 5520 ac
3297 5465 3556 5520 bonorum
3597 5467 3821 5521 illorum

2222 5567 2493 5610 auctorem
2537 5565 2759 5610 conatus
2801 5563 2884 5609 est
2925 5556 3228 5612 interﬁcere
3257 5557 3568 5626 psallentcm
3601 5573 3616 5609 :
3648 5574 3720 5614 ac
3752 5575 3825 5616 ne

2223 5645 2599 5701 beneﬁciorum
2622 5644 2833 5714 quidem
2874 5646 3130 5700 memoria
3161 5645 3423 5701 furentem
3453 5647 3596 5701 illum
3621 5663 3689 5702 ac
3721 5649 3826 5703 de-

2223 5739 2463 5794 lirantcm
2493 5738 2747 5806 coercuit,
2779 5738 2870 5794 sed
2901 5739 3066 5795 semel
3097 5746 3150 5795 et
3170 5739 3250 5796 bis
3279 5741 3432 5797 torsit
3447 5742 3497 5798 itt
3530 5743 3677 5797 illum
3706 5744 3822 5801 lan-
