4064 6426
295 326 404 384 681

306 453 480 504 ceam,
510 435 728 508 cupiens
757 433 1016 489 occidere.
1054 431 1118 486 Et
1138 429 1436 501 hujusmodi
1473 423 1771 482 mercedem
1804 423 1881 477 illi

319 548 412 604 pro
439 529 698 598 susceptis
729 526 970 596 periculis
990 522 1247 594 reposuit.
1300 520 1458 590 idque
1497 519 1620 574 fecit
1647 529 1753 570 non
1783 530 1888 569 uno

316 625 422 688 die,
453 620 545 676 scd
573 621 782 689 saepius.
815 619 883 672 At
924 626 1139 670 sanctus
1184 614 1271 668 ille
1294 622 1412 682 post
1435 611 1548 665 bare
1569 610 1742 665 omnia
1768 624 1886 676 per-

321 711 580 769 scveravit
616 724 803 764 curare
850 707 988 776 regis
1031 705 1260 775 negotia,
1292 717 1489 773 proque
1531 700 1698 756 salute
1747 699 1888 752 illius

321 801 587 871 suscipere
616 799 869 869 pericula,
897 809 949 852 et
979 797 1032 852 in
1063 796 1174 850 acie
1194 803 1336 862 stare
1380 794 1430 847 in
1475 791 1672 861 praeliis
1715 791 1886 844 omni-

321 893 455 957 bus,
503 905 706 960 suoque
733 889 970 958 periculo
1016 900 1230 942 servare
1278 883 1650 938 trucidatorem
1697 896 1886 935 suum:

319 983 547 1051 denique
589 995 686 1034 nec
709 979 884 1043 dictis,
927 993 1026 1033 nec
1061 976 1213 1032 factis
1255 974 1585 1030 contristavit
1635 972 1890 1028 immitem

325 1075 466 1129 illam
515 1071 700 1136 feram,
733 1071 827 1126 sed
875 1070 1139 1125 concessit
1171 1069 1223 1122 in
1253 1067 1498 1122 omnibus
1525 1066 1770 1134 dictoque
1792 1081 1891 1119 au-

324 1166 472 1220 diens
518 1164 614 1217 fuit
643 1180 654 1216 :
687 1177 914 1232 cumque
965 1162 1203 1215 victoriae
1224 1159 1498 1228 pratmium
1528 1171 1630 1210 non
1655 1156 1893 1224 accepis-

327 1262 428 1320 set,
456 1254 550 1309 sed
576 1253 812 1308 omnium
857 1252 1066 1305 illorum
1095 1249 1448 1319 periculorum
1483 1247 1727 1302 mercede
1749 1246 1891 1300 frau-

324 1345 479 1400 datus
504 1351 663 1407 esset,
695 1357 762 1396 ne
805 1341 965 1396 verbo
990 1339 1200 1409 quidem
1240 1338 1587 1409 expostulavit
1623 1352 1890 1406 umquam,

326 1450 431 1489 non
457 1449 575 1489 cum
597 1432 866 1496 militibus,
896 1447 1003 1486 non
1026 1445 1144 1484 cum
1175 1445 1317 1501 rege,
1340 1430 1479 1500 quod
1502 1431 1614 1484 haec
1639 1445 1742 1483 non
1770 1444 1894 1498 ges-

324 1525 486 1580 sisset
525 1539 620 1593 spe
662 1522 959 1589 mercedis,
1004 1537 1286 1591 supernam
1331 1529 1640 1591 exspectans
1669 1519 1898 1575 retribu-

328 1617 541 1670 tionem.
573 1614 679 1668 Nec
709 1613 759 1667 id
807 1615 976 1667 sohnn
1005 1621 1085 1667 est
1107 1611 1453 1666 admiratione
1479 1611 1690 1680 dignum
1712 1651 1728 1675 ,
1754 1608 1894 1678 quod

329 1719 432 1758 non
461 1704 697 1772 poposcit
720 1703 1013 1772 praemium,
1043 1701 1136 1756 sed
1165 1700 1303 1771 quod
1330 1701 1486 1755 etiam
1511 1715 1629 1754 cum
1656 1701 1891 1763 daretur,

327 1794 395 1848 ob
442 1794 686 1848 eximiam
741 1793 900 1846 animi
942 1792 1250 1847 modestiam
1298 1791 1580 1846 recusavit.
1627 1789 1896 1858 Siquidem

329 1894 670 1955 posteaquam
697 1882 844 1949 Saul,
867 1885 1294 1946 omniamolitus,
1312 1880 1626 1937 etomnibus
1651 1879 1893 1947 tentatis,

329 1992 430 2028 non
460 1975 627 2044 potuit
673 1974 816 2028 illum
846 1971 1162 2036 interficere,
1204 1973 1414 2027 consuit
1461 1972 1534 2026 illi
1579 1972 1756 2026 dolum
1807 1987 1901 2040 per

331 2067 560 2136 nuptias,
592 2080 654 2119 ac
696 2079 884 2118 novam
929 2064 1375 2133 quamdamdotis
1419 2078 1481 2118 ac
1509 2063 1760 2117 dotalium
1792 2061 1899 2116 for-

295 2192 299 2196 -
329 2173 468 2211 lnam
499 2149 826 2211 commentus
851 2165 952 2211 est.
984 2154 1103 2208 Non
1132 2155 1272 2209 enim
1299 2155 1454 2224 cupit,
1487 2153 1673 2222 inquit,
1703 2169 1792 2205 rea:
1812 2152 1910 2205 do-'

331 2259 448 2312 tem,
472 2247 559 2301 sed
586 2257 859 2308 ut_centum
883 2250 1135 2317 praeputia
1172 2248 1390 2300 exsolvat
1433 2246 1493 2300 ab
1524 2246 1744 2299 hostibus
1773 2245 1903 2316 regis

331 2343 407 2410 (l.
438 2341 564 2411 Reg.
587 2340 671 2396 l8.
695 2340 810 2409 25).
837 2339 890 2393 ld
922 2348 1004 2394 est
1031 2357 1044 2395 :
1073 2338 1265 2393 Occide
1292 2338 1441 2404 mihi,
1473 2338 1657 2407 inquit,
1690 2346 1902 2392 centum

330 2433 494 2497 viros,
523 2443 680 2502 atque
700 2432 800 2487 hoc
820 2433 919 2486 erit
939 2431 1066 2485 mihi
1089 2429 1228 2485 dotis
1251 2430 1384 2485 vice.
1417 2429 1539 2482 time
1564 2439 1738 2482 autem
1759 2429 1906 2482 dice-

331 2524 438 2590 bat,
471 2525 688 2593 cupiens
706 2524 854 2578 illum
886 2522 1102 2577 obtentu
1129 2520 1356 2590 conjugii
1387 2518 1623 2574 hostibus
1649 2518 1900 2587 objicerc.

397 2616 457 2671 4.
495 2615 672 2670 Nihilo
701 2613 874 2670 secius
899 2613 1064 2668 David
1096 2627 1189 2683 pro
1212 2627 1303 2666 sua
1335 2611 1589 2666 modestia
1640 2625 1726 2664 res
1757 2611 1902 2664 testi-

331 2723 504 2775 mans,
536 2706 799 2763 recusavit
846 2705 1168 2776 conjugium,
1197 2719 1300 2758 non
1329 2703 1610 2757 deterritus
1637 2700 1901 2770 periculis,

330 2810 419 2854 aut
465 2799 696 2854 hostium
727 2806 891 2864 metu,
931 2797 1025 2852 sed
1071 2795 1209 2867 quod
1241 2795 1567 2850 existimaret
1595 2808 1714 2848 sese
1764 2791 1905 2846 indi-

329 2907 492 2963 gnum
516 2890 766 2945 affinitate
795 2890 971 2960 regia;
1000 2897 1159 2958 atque
1199 2886 1280 2942 his
1309 2886 1485 2941 verbis
1526 2884 1797 2955 respondit
1839 2883 1907 2938 ad

329 2997 515 3038 servos
541 2981 682 3036 illius
708 2997 722 3034 :
745 2981 822 3034 An
851 2981 952 3034 leve
977 2989 1048 3034 est
1069 2981 1121 3032 in
1138 2979 1295 3033 oculis
1323 2978 1494 3032 vestris
1519 2993 1596 3030 me
1625 2980 1790 3046 facere
1815 2990 1906 3046 ge-

331 3088 510 3126 nerum
538 3073 687 3142 regis,
716 3087 829 3124 cunt
853 3087 942 3140 ego
969 3072 1064 3123 sint
1090 3069 1165 3123 vir
1189 3069 1392 3122 humilis
1433 3084 1491 3121 ac
1536 3067 1724 3120 nullius
1760 3065 1909 3136 pretii

331 3165 395 3237 (ι
435 3164 564 3235 Reg.
597 3165 682 3220 18.
711 3164 846 3235 25)“ῖ
884 3165 1040 3233 Atqui
1079 3162 1367 3217 debebatur
1407 3160 1508 3215 hoc
1557 3160 1790 3225 honoris,
1845 3173 1908 3212 ac

332 3269 544 3310 merces
574 3265 625 3308 et
670 3255 907 3323 pensatio
938 3253 1177 3307 laborum
1207 3270 1219 3305 :
1255 3267 1436 3307 verum
1466 3265 1632 3320 usque
1658 3251 1788 3305 adeo
1817 3264 1908 3304 cor

332 3344 564 3402 habebat
587 3347 892 3410 contritum,
923 3353 982 3398 ut
1010 3353 1128 3414 pust
1155 3352 1232 3398 tot
1261 3359 1348 3398 res
1376 3359 1494 3398 cum
1518 3342 1673 3397 laude
1697 3351 1903 3412 gestas,

332 3444 457 3505 post
487 3435 620 3490 adeo
647 3435 973 3505 Splendidam
995 3436 1292 3498 victoriam,
1318 3443 1441 3503 post
1459 3448 1762 3502 expressam
1787 3447 1910 3502 pro—

333 3526 668 3591 missionem,
702 3526 970 3596 indignum
1001 3541 1059 3581 se
1083 3527 1362 3596 judicaret,
1392 3527 1478 3595 qui
1506 3525 1735 3579 debitam
1771 3524 1909 3580 reci—

333 3626 491 3688 peret
517 3617 835 3682 mercedem,
869 3618 1022 3688 idque
1059 3635 1180 3672 cum
1207 3618 1378 3673 denuo
1409 3627 1550 3674 esset
1575 3633 1632 3672 se
1663 3618 1912 3688 periculis

332 3705 658 3779 objecturus.
692 3709 1042 3779 Posteaquam
1078 3713 1250 3765 autem
1294 3710 1474 3764 hostes
1503 3711 1803 3775 devicerat,
1850 3725 1914 3764 ac

242 3816 251 3822 ’
334 3798 500 3854 ﬁliam
531 3799 671 3870 regis
697 3809 990 3869 acceperat,
1017 3816 1198 3855 rursus
1223 3800 1476 3855 Psallebat
1498 3801 1682 3867 David,
1702 3811 1746 3855 et
1773 3817 1914 3869 quie-

335 3894 476 3947 rebat
504 3893 636 3947 Sail
664 3910 778 3946 eum
821 3894 996 3947 lancea
1030 3902 1311 3962 percutere,
1357 3903 1403 3946 et
1439 3895 1720 3962 percussit:
1751 3893 1914 3946 David

338 3997 508 4038 autent
538 3983 834 4050 declinavit;
863 3993 905 4037 et
936 3985 1081 4038 hasta
1121 3985 1342 4054 impacta
1377 3993 1446 4037 est
1486 3984 1665 4053 parieti
1694 3985 1712 4052 (
1737 3985 1759 4037 1
1789 3984 1914 4050 Reg.

340 4078 426 4133 i9.
465 4076 517 4132 9.
550 4076 658 4148 10).
685 4076 851 4143 Quem
883 4091 985 4130 non
1019 4077 1116 4130 ista
1148 4075 1233 4130 vel
1264 4076 1501 4144 apprime
1547 4075 1915 4144 philosophum

339 4167 406 4221 ad
442 4167 769 4220 iracundiam
813 4167 1173 4222 excitassent?
1201 4168 1338 4235 quis,
1385 4166 1483 4221 etsi
1510 4166 1651 4220 nulla
1699 4167 1798 4220 alia
1829 4165 1921 4219 ad-

341 4256 535 4312 fuisset
566 4271 746 4321 causa,
775 4258 958 4312 saltem
990 4265 1045 4310 ut
1069 4258 1405 4312 securitatem
1437 4256 1537 4310 sibi
1567 4264 1795 4324 pararet,
1837 4257 1920 4309 in-

337 4348 485 4418 juste
512 4348 847 4401 insidiantem
880 4363 983 4401 non
1009 4348 1332 4405 occidisset?
1360 4347 1541 4416 Neque
1567 4348 1706 4403 enim
1739 4347 1788 4400 id
1822 4347 1920 4401 bo-

344 4439 618 4495 micidium
669 4439 872 4506 fuisset,
929 4439 1022 4494 sed
1065 4439 1280 4493 modum
1325 4454 1354 4492 a
1395 4440 1511 4507 lege
1553 4440 1919 4508 praescriptum

345 4530 753 4586 mansuetudine
777 4537 1100 4599 superasset.
1131 4528 1262 4583 Nam
1294 4529 1380 4581 illa
1411 4527 1619 4582 oculum
1650 4543 1743 4595 pro
1769 4527 1923 4582 oculo

342 4620 503 4691 jussit
528 4619 762 4676 etiodere
787 4620 978 4691 (Exod.
1008 4620 1097 4674 2|.
1128 4618 1217 4688 24)
1251 4637 1264 4671 :
1297 4618 1383 4673 hic
1412 4628 1586 4672 autem
1632 4619 1754 4672 licet
1783 4619 1924 4672 occi-

347 4712 538 4778 disset,
563 4727 657 4782 pro
681 4711 847 4766 tribus
873 4711 1168 4766 homicidiis
1199 4726 1360 4764 unum
1391 4717 1672 4764 exacturus
1701 4709 1922 4772 fuisset,

351 4818 451 4870 pro
480 4802 669 4866 tribus,
717 4802 948 4870 inquam,
984 4801 1301 4867 homicidiis,
1350 4801 1492 4854 nulla
1545 4800 1804 4869 probabili
1858 4801 1925 4854 de

350 4907 516 4946 causa
539 4893 770 4947 tentatis.
804 4893 943 4946 Nihil
970 4904 1144 4948 tamen
1170 4892 1358 4946 horum
1379 4893 1599 4946 tentavit
1621 4893 1804 4953 David,
1833 4892 1926 4946 sed

354 4983 534 5052 potius
578 4984 760 5037 habuit
804 4983 1004 5054 fugere,
1042 4991 1095 5036 et
1140 4998 1166 5034 a
1209 4983 1393 5052 patriis
1432 4982 1631 5037 aedibus
1660 4983 1924 5046 exsulare,

353 5081 515 5141 atque
543 5087 787 5126 erronem
819 5073 1204 5142 profugnmqne
1231 5089 1416 5143 agerc,
1465 5082 1518 5127 et
1547 5073 1600 5125 in
1627 5071 1929 5128 calamitate

315 5210 320 5222 .
353 5164 458 5218 sibi
489 5165 846 5218 necessarium
889 5181 1075 5233 parare
1095 5165 1315 5227 victum,
1347 5181 1500 5233 quam
1532 5165 1637 5235 regi
1658 5165 1814 5219 caedis
1841 5180 1931 5219 oc—

355 5257 624 5309 casionem
647 5255 790 5310 dare.
817 5255 924 5310 Nec
949 5257 1087 5309 enim
1116 5271 1178 5310 eo
1200 5256 1489 5324 spectabat,
1520 5265 1576 5309 ut
1596 5257 1824 5326 seipsum
1854 5258 1932 5311 ul-

360 5344 668 5408 cisceretur,
694 5344 788 5400 sed
817 5355 873 5400 ut
919 5345 1064 5419 illum
1089 5346 1155 5398 ab
1181 5361 1244 5400 eo
1274 5347 1460 5399 ttiorbo
1486 5345 1750 5402 liberaret.
1786 5347 1933 5403 Hanc

364 5436 433 5490 ob
473 5451 686 5491 causam
718 5433 784 5489 ab
810 5436 974 5490 oculis
1024 5437 1221 5512 inimici
1252 5438 1499 5491 Subduxit
1521 5453 1660 5501 sese,
1693 5449 1748 5491 ut
1775 5439 1931 5493 seda-

363 5535 450 5582 ret
471 5537 752 5590 tumorem,
793 5528 1236 5597 contraheretque
1263 5529 1506 5583 ardorem
1540 5530 1731 5584 ulceris
1758 5540 1810 5584 et
1853 5531 1934 5584 in-

363 5617 558 5672 vidiam
581 5620 861 5690 mitigaret.
893 5619 1068 5674 Satius
1094 5629 1195 5687 est,
1226 5620 1411 5690 inquit,
1440 5636 1526 5675 me
1565 5622 1816 5677 miserum
1848 5638 1936 5677 cs-

363 5730 447 5777 se,
479 5712 852 5785 innumeraque
878 5713 984 5784 pati
1005 5714 1210 5781 acerba,
1253 5727 1406 5784 quam
1439 5713 1579 5770 hunc
1603 5715 1739 5786 apud
1771 5716 1930 5770 Deum

1364 313 1452 368 DE
1491 308 1740 366 DAVIDE
1778 307 1864 362 ET
1891 307 2113 365 SAULE
2152 309 2428 368 HOMILIA
2469 310 2520 388 1.,

3454 319 3560 374 632

1992 423 2057 476 de
2084 424 2377 480 innocentis
2401 427 2548 482 cazde
2574 427 2938 486 condemnati.
2967 431 3090 487 llaec
3132 449 3239 489 non
3281 434 3559 490 audiamus

1992 522 2216 577 tantum,
2248 531 2435 571 verum
2463 519 2622 572 etiam
2648 521 2944 587 imitemur,
2980 523 3110 577 nihil
3153 538 3256 576 non
3308 523 3563 578 faciamus

1993 611 2047 656 ct
2072 605 2348 671 patiamur,
2375 615 2431 660 ut
2453 608 2648 663 inimici
2671 609 2991 665 simultatem
3015 628 3136 682 erga
3158 629 3252 668 nos
3273 613 3563 683 deponant,

1995 708 2093 747 nec
2147 694 2274 748 illud
2325 697 2669 766 inquiramus,
2717 710 2896 754 utrum
2941 703 3133 756 merito
3174 717 3243 757 an
3296 703 3566 757 immerito

1995 785 2307 838 malevolum
2335 789 2566 842 animum
2597 805 2718 860 erga
2747 805 2844 846 nos
2873 802 3092 860 gerant,
3123 793 3219 848 sed
3262 793 3364 848 hoc
3392 795 3564 848 solum

1993 885 2294 944 spectemus
2313 916 2326 940 ,
2355 885 2412 929 ut
2432 877 2582 932 nobis
2612 880 2810 935 inimici
2836 897 2954 936 esse
2997 883 3259 938 desinant.
3291 882 3563 953 Siquidem

1997 966 2097 1021 hoc
2120 976 2322 1036 spectat
2347 969 2602 1033 medicus,
2633 981 2689 1025 ut
2717 973 2902 1027 morbo
2923 973 3111 1028 liberet
3147 983 3424 1043 aegrotum,
3459 989 3565 1028 non

1995 1068 2168 1112 utrum
2197 1060 2406 1123 merito,
2439 1076 2505 1114 an
2533 1061 2795 1116 immerito
2821 1061 2921 1116 sibi
2950 1063 3191 1118 morbum
3220 1065 3564 1118 contraxerit.

1996 1151 2074 1206 Tu
2100 1167 2308 1222 quoque
2335 1153 2492 1221 igitur
2519 1153 2756 1208 medicus
2782 1170 2838 1209 es
2860 1154 2974 1224 ejus
3011 1156 3098 1224 qui
3123 1165 3171 1209 te
3195 1155 3329 1209 lmsit
3356 1171 3369 1208 :
3402 1170 3562 1208 unum

1997 1241 2100 1296 hoc
2133 1256 2334 1311 quaere,
2366 1256 2472 1312 quo
2494 1251 2646 1312 pacto
2675 1243 2750 1297 illi
2783 1245 3023 1298 morbum
3052 1245 3277 1298 adimas.
3316 1243 3370 1298 ld
3423 1243 3565 1313 quod

1997 1332 2117 1388 fecit
2136 1335 2219 1387 hic
2231 1333 2433 1399 beatus,
2452 1344 2736 1405 egestatem
2756 1352 2862 1404 pra:
2877 1336 3092 1402 divitiis,
3110 1335 3444 1390 solitudinem
3461 1352 3568 1404 prae

1999 1424 2189 1492 patria,
2214 1424 2422 1479 labores
2451 1424 2790 1494 periculaque
2814 1441 2920 1496 pra:
2940 1425 3146 1480 deliciis
3165 1441 3228 1480 ac
3259 1427 3565 1488 securitate,

1999 1525 2311 1585 perpetuum
2336 1517 2581 1572 exsilium
2627 1533 2736 1588 pra:
2762 1518 2966 1573 (edibus
2987 1518 3176 1588 elegit,
3225 1527 3282 1572 ut
3308 1516 3456 1572 illum
3502 1519 3570 1572 ab

1997 1605 2120 1660 odio
2170 1606 2222 1660 in
2249 1606 2420 1676 ipsum
2460 1608 2935 1678 malevolentiaque
2964 1610 3230 1664 liberaret.
3277 1611 3346 1662 At
3372 1623 3468 1664 nec
3494 1609 3571 1664 sic

1999 1697 2212 1766 quidem
2259 1698 2448 1752 melior
2476 1699 2644 1754 factus
2689 1709 2771 1754 est
2815 1700 2963 1762 Saﬁl,
2997 1700 3089 1755 sed
3118 1700 3530 1769 persequebatur
3556 1740 3571 1766 ,

2001 1787 2092 1841 sed
2124 1788 2320 1858 ubique
2345 1790 2655 1844 circumibat
2680 1805 2920 1860 quaerens
2950 1805 3069 1844 cum
3091 1831 3105 1855 ,
3138 1791 3226 1860 qui
3257 1805 3362 1844 non
3398 1791 3568 1844 solum

2001 1877 2132 1930 nihil
2163 1877 2390 1944 laeserat,
2417 1878 2508 1932 sed
2552 1894 2670 1932 cum
2697 1889 2839 1934 esset
2868 1879 3046 1946 laesus,
3080 1880 3305 1933 maxima
3333 1889 3383 1934 et
3419 1880 3572 1932 innu-

2001 1969 2268 2023 merabilia
2288 1985 2382 2038 pro
2399 1971 2601 2039 injuriis
2613 1971 2747 2024 bona
2766 1971 3099 2040 rependerat.
3133 1972 3198 2024 At
3215 1969 3340 2024 Saﬁl
3369 1969 3570 2038 impru-

1999 2059 2133 2114 dens
2160 2070 2280 2128 post
2305 2061 2487 2114 incidit
2514 2061 2564 2115 in
2597 2063 2725 2116 retia
2750 2061 2980 2115 Davidis.
3016 2061 3140 2114 Erat
3168 2061 3306 2114 enim
3329 2102 3342 2123 ,
3371 2061 3571 2128 inquit,

2003 2150 2070 2203 ibi
2089 2153 2346 2220 spelunca,
2374 2161 2418 2206 et
2443 2153 2692 2223 ingressus
2727 2163 2796 2206 est
2823 2153 2952 2206 Sut‘tl
2977 2162 3028 2204 ut
3057 2161 3346 2205 exoneraret
3384 2151 3569 2204 alvum.

2002 2240 2173 2295 David
2201 2253 2368 2296 autent
2395 2260 2507 2296 cum
2548 2244 2806 2296 comitibus
2833 2244 2936 2296 suis
2965 2243 3016 2295 in
3057 2243 3292 2295 interiore
3325 2242 3576 2310 spelunca:

2003 2345 2146 2402 parte
2170 2333 2386 2386 sedebat.
2414 2333 2758 2403 Dixeruntque
2784 2334 2875 2386 viri
2909 2331 3074 2386 David
3101 2334 3168 2385 ad
3210 2333 3354 2386 illum
3389 2349 3408 2385 :
3446 2331 3577 2384 Ecce

2006 2424 2112 2478 dies
2141 2425 2202 2477 de
2227 2442 2322 2494 quo
2340 2424 2467 2477 dixit
2498 2424 2742 2478 Dominus
2768 2439 2786 2478 :
2817 2424 3036 2477 Tradam
3065 2424 3324 2476 inimicum
3349 2433 3486 2474 tuum
3525 2422 3576 2474 in

2004 2532 2184 2569 manus
2220 2525 2350 2579 tuas,
2375 2516 2626 2584 faciesque
2650 2516 2729 2568 illi
2751 2514 2885 2584 quod
2910 2515 3153 2586 placitum
3195 2515 3284 2567 erit
3319 2514 3373 2566 in
3420 2513 3577 2566 oculis

2008 2605 2122 2658 tuis.
2158 2604 2220 2657 Et
2247 2605 2463 2658 surrexit
2489 2603 2674 2668 David,
2703 2604 3004 2674 sustulilque
3028 2602 3267 2656 laciniam
3294 2601 3578 2670 chlamydis

2009 2695 2182 2750 Sutilis
2222 2695 2527 2749 clanculum.
2570 2693 2630 2746 Et
2674 2694 2892 2763 post/nec
2932 2695 3170 2762 percussit
3221 2691 3463 2745 Davidem
3493 2706 3580 2743 cor

2007 2787 2188 2854 ipsius,
2234 2787 2367 2856 quod
2408 2786 2689 2838 abstulisset
2721 2784 2956 2838 laciniam
3006 2782 3309 2852 chlamydis,
3358 2781 3581 2849 dixitque

2009 2876 2174 2930 David
2197 2878 2263 2929 ad
2289 2877 2416 2929 viros
2456 2893 2573 2929 suos
2603 2891 2620 2929 :
2648 2875 2847 2928 Avertat
2869 2890 2899 2926 a
2925 2889 3000 2925 me
3026 2873 3290 2935 Dominus,
3318 2887 3377 2922 ne
3398 2869 3581 2938 faciam

2007 2970 2208 3024 verbum
2246 2971 2340 3022 hoc
2369 2969 2570 3022 domino
2611 2983 2740 3032 meo,
2783 2967 2967 3019 christo
3008 2963 3244 3028 Domini,
3291 2963 3582 3030 mittamque

2009 3078 2212 3114 manum
2248 3077 2409 3113 meam
2447 3059 2498 3113 in
2527 3059 2701 3122 illum,
2743 3057 2980 3126 quoniam
3016 3055 3230 3107 christus
3262 3051 3467 3105 Domini
3509 3057 3580 3104 est

2013 3150 2084 3220 (l.
2111 3149 2236 3221 Reg.
2260 3150 2349 3204 2t.
2381 3151 2543 3222 4-7).
2571 3148 2752 3203 Vidisti
2789 3158 2934 3202 tensa
2970 3147 3121 3212 retia,
3150 3143 3323 3197 vidisti
3352 3142 3581 3213 praedam

2010 3254 2238 3312 captam,
2284 3241 2460 3294 vidisti
2506 3250 2812 3294 venatorem
2856 3245 3116 3299 erectum,
3166 3234 3342 3288 vidisti
3397 3247 3584 3286 omnes

2009 3335 2376 3392 adhortantes.
2430 3339 2487 3384 ut
2511 3345 2691 3385 ensem
2719 3329 2766 3381 in
2798 3327 2965 3380 hostis
3003 3336 3183 3395 pectus
3213 3321 3585 3392 immergeret?

2011 3423 2160 3478 Nunc
2178 3423 2303 3476 tnihi
2327 3431 2503 3490 specta
2524 3418 2939 3489 philosoiihicam
2963 3416 3122 3469 animi
3145 3414 3584 3477 moderationem,

2013 3526 2192 3585 specta
2244 3517 2458 3580 luetam,
2501 3511 2803 3574 victoriam,
2851 3523 3122 3564 coronam.
3171 3505 3300 3560 Nam
3335 3504 3585 3574 spelunca

2016 3609 2102 3662 illa
2129 3621 2348 3677 campus
2375 3614 2510 3669 erat,
2543 3613 2699 3673 atque
2739 3602 2881 3655 lucta
2925 3598 3164 3668 qumdam
3194 3596 3450 3650 mirabilis
3502 3594 3586 3648 di-

2015 3711 2207 3773 ctuque
2234 3697 2559 3754 incredibilis
2606 3695 2738 3750 facta
2767 3702 2866 3749 est.
2898 3692 3149 3746 Luctatus
3177 3699 3257 3744 est
3277 3687 3462 3754 David,
3488 3702 3586 3755 pn-

2017 3793 2172 3862 gilem
2220 3791 2327 3861 egit
2369 3788 2660 3850 iracundia,
2713 3784 2838 3840 Saitl
2882 3782 3084 3851 positus
3132 3786 3246 3835 erat
3283 3776 3588 3833 certaminis

2019 3883 2273 3945 materia,
2305 3877 2653 3948 agonothetes
2701 3883 2816 3928 erat
2846 3874 2985 3925 Deus
3012 3888 3024 3922 :
3056 3870 3181 3938 quin
3227 3867 3400 3937 potius
3420 3906 3435 3930 ,
3482 3878 3589 3918 non

2020 3971 2119 4041 ipsi
2156 3969 2314 4024 modo
2342 3968 2596 4021 adversus
2624 3966 2886 4032 scipsum,
2917 3962 3288 4029 prepriamque
3328 3954 3590 4024 cupidita-

2024 4074 2128 4118 tem
2157 4071 2270 4116 erat
2309 4061 2584 4129 praelium,
2617 4057 2710 4110 sed
2755 4063 2810 4109 et
2842 4053 3096 4108 adversus
3139 4050 3331 4105 milites
3372 4047 3459 4117 qui
3500 4045 3594 4100 ad~

2021 4163 2193 4210 erant.
2213 4150 2420 4207 Etenim
2448 4149 2491 4202 si
2515 4148 2765 4202 voluisset
2788 4146 2965 4198 animo
2991 4141 3278 4204 moderari,
3299 4155 3360 4194 ac
3373 4149 3594 4210 parcere

2024 4247 2071 4302 ei
2097 4247 2184 4316 qui
2213 4245 2440 4308 lmserat,
2454 4247 2872 4295 consentaneum
2894 4245 3007 4291 erat
3035 4243 3092 4288 ut
3109 4243 3161 4288 et
3178 4233 3295 4289 illos
3313 4239 3592 4294 metueret,

2025 4353 2092 4392 ne
2122 4337 2256 4390 forte
2282 4334 2453 4402 ipsum
2487 4330 2808 4384 trucidarent
2832 4329 2882 4382 in
2913 4327 3180 4396 spelunca,
3211 4335 3475 4392 tamquam
3504 4319 3594 4390 qui

2027 4431 2236 4485 illorum
2271 4425 2495 4479 salutem
2528 4419 2881 4490 prodidisset,
2935 4431 2997 4470 ac
3045 4415 3309 4485 publicum
3361 4415 3593 4481 ipsorum

2028 4520 2235 4574 hostem
2257 4521 2541 4570 servasset.
2573 4509 2854 4565 Probabile
2880 4507 3019 4560 enim
3047 4513 3129 4558 est
3159 4505 3370 4558 illorum
3403 4518 3595 4556 unum-

2030 4622 2291 4680 quemque
2319 4606 2502 4659 dulore
2545 4603 2799 4671 percitum
2831 4600 2944 4652 haec
2973 4599 3106 4650 intra
3137 4611 3194 4650 se
3219 4595 3453 4649 dicturos
3472 4595 3598 4648 fuis-

2032 4718 2118 4758 se:
2141 4701 2368 4754 Errones
2390 4693 2706 4762 exsulesque
2731 4703 2931 4752 sumus,
2955 4687 3134 4752 domo,
3156 4686 3343 4754 patria,
3361 4684 3604 4737 caneris-

2032 4808 2134 4864 que
2176 4788 2420 4845 omnibus
2449 4783 2678 4847 excussi,
2723 4779 3065 4847 omniumque
3088 4775 3453 4830 difﬁcultatum
3485 4781 3601 4824 tua—

2033 4862 2148 4938 rum
2187 4886 2464 4935 consortes
2501 4885 2721 4929 smnus:
2750 4879 2803 4924 et
2833 4878 2887 4922 tu
2913 4883 3053 4932 eum,
3083 4869 3170 4935 qui
3217 4864 3403 4918 horum
3433 4862 3602 4916 malo-

2035 4991 2153 5032 rum
2204 4981 2286 5028 est
2326 4980 2547 5035 auctor,
2601 4965 2655 5017 in
2698 4976 2885 5018 manus
2923 4970 3040 5014 tuas
3084 4958 3328 5012 traditum
3352 4997 3367 5019 ,
3406 4954 3606 5024 cogitas

2035 5069 2322 5129 dimittere,
2355 5079 2423 5117 ne
2459 5061 2612 5115 nobis
2638 5070 2886 5126 umquam
2915 5055 3069 5107 liceat
3094 5051 3160 5104 ab
3184 5051 3267 5103 his
3295 5046 3606 5100 calamitati-

2035 5159 2134 5215 bus
2155 5157 2439 5226 respirare,
2467 5168 2531 5207 ac
2575 5150 2800 5221 proditis
2828 5145 3010 5199 amicis
3040 5144 3241 5195 hostem
3260 5153 3472 5192 servare
3494 5145 3606 5189 stu-

2038 5251 2169 5306 des?
2205 5250 2286 5303 An
2314 5247 2425 5301 haec
2451 5245 2591 5314 justa
2622 5241 2775 5294 sunt?
2809 5237 2938 5290 Nam
2964 5234 3008 5287 si
3031 5241 3170 5285 tuam
3194 5230 3357 5300 ipsius
3385 5227 3607 5282 salutem

2041 5341 2277 5412 negligis,
2308 5343 2504 5392 nostra:
2551 5340 2697 5386 certe
2741 5329 2862 5380 vita:
2910 5336 3112 5391 parcas.
3144 5319 3261 5373 Non
3309 5317 3610 5412 tibide—ient

2040 5407 2302 5493 anteacta,
2331 5439 2506 5493 neque
2530 5434 2736 5476 memor
2764 5429 2822 5469 es
2848 5412 3106 5466 malorum
3133 5421 3252 5478 quae
3278 5407 3344 5461 ab
3372 5407 3458 5460 illo
3489 5420 3608 5473 per-

2041 5535 2228 5592 pessus
2269 5517 2373 5571 es?
2411 5515 2565 5569 Certe
2608 5511 2676 5563 ab
2702 5522 2764 5561 ea
2794 5517 2914 5574 quae
2963 5503 3132 5554 futura
3182 5505 3332 5560 sunt,
3359 5493 3612 5592 tolle-ho-

2044 5585 2200 5677 stem,
2230 5625 2296 5665 ne
2315 5607 2515 5676 majora
2546 5613 2600 5658 et
2627 5600 2900 5656 acerbiora
2923 5593 3282 5664 perpetiantur
3303 5587 3462 5641 mala.
3491 5585 3614 5639 llaec

2047 5715 2105 5760 ut
2148 5703 2326 5759 verbis
2373 5715 2478 5754 non
2523 5698 2628 5752 sint
2659 5687 2976 5763 proloquuti,
3007 5694 3181 5740 tamen
3227 5680 3404 5735 animo
3431 5691 3611 5732 secum
