4064 6442
471 323 576 381 683

468 445 757 502 volvebant
798 459 919 501 cum
960 444 1079 507 ista,
1128 451 1238 497 tum
1270 430 1385 495 istis
1431 440 1598 495 etiam
1624 436 1725 493 alia
1754 437 1975 505 majora.

642 535 832 591 Verum
861 535 987 589 nihil
1033 534 1221 588 horum
1244 531 1419 601 justus
1445 530 1534 585 ille
1562 527 1711 599 apud
1736 545 1795 583 se
1824 540 2054 598 perpen-

468 629 647 689 debat,
673 642 831 682 unum
883 624 1006 680 illud
1056 633 1324 695 spectans,
1376 621 1644 692 quomodo
1695 626 1876 690 posset
1922 616 2055 673 redi-

470 720 590 772 miri
637 718 930 772 tolerantiae
972 730 1187 780 corona,
1218 729 1289 770 ac
1319 728 1508 768 novam
1562 710 1845 782 quamdam
1879 709 2054 765 admi-

467 811 795 881 rabilemque
856 808 1246 879 philosophiam
1321 820 1596 862 exercere.
1627 803 1843 873 ,Neque
1910 802 2052 857 enim

466 901 687 970 perinde
727 902 918 955 mirum
958 909 1106 965 erat,
1138 900 1182 953 si
1221 913 1345 953 cum
1389 903 1533 951 esset
1573 895 1717 966 solus
1763 904 1817 950 et
1853 893 2055 963 absque

464 991 747 1047 cernitibus
769 1034 784 1056 ,
817 991 1142 1061 pepercisset
1176 990 1248 1044 illi
1295 1004 1326 1043 a
1356 1003 1462 1057 quo
1491 988 1661 1042 fuerat
1688 987 1868 1053 la-sus,
1893 994 2054 1056 atque

464 1100 605 1138 nunc
627 1092 730 1149 est,
752 1083 893 1153 quod
916 1082 1016 1137 hoc
1043 1082 1181 1137 idem
1211 1080 1330 1135 aliis
1352 1080 1706 1151 praesentibus
1737 1078 1856 1132 fecit
1888 1095 1900 1131 :
1929 1092 2052 1131 nam

463 1175 690 1229 militum
722 1174 932 1228 illorum
964 1171 1245 1242 praesentia
1271 1171 1542 1241 geminum
1570 1180 1681 1225 erat
1703 1167 2052 1243 phil050phize

462 1268 816 1323 obstaculum.
838 1266 1002 1321 Nobis
1027 1265 1154 1335 ipsis
1176 1264 1483 1334 frequenter
1499 1262 1698 1329 evenit,
1718 1273 1772 1315 ut
1797 1276 1916 1317 cum
1943 1270 2054 1315 sta-

464 1360 725 1415 tuerimus
752 1357 1039 1411 vindictam
1088 1355 1393 1417 remittere,
1426 1362 1479 1409 et
1522 1352 1804 1407 commissa
1847 1350 2051 1405 condo-

463 1466 626 1516 nare;
675 1459 794 1521 post
833 1449 921 1504 ubi
971 1447 1261 1503 viderimus
1303 1445 1509 1515 aliquos
1553 1458 1650 1498 nos
1692 1443 1959 1498 irritantes
1997 1451 2053 1498 et

462 1543 810 1605 concitantes,
830 1549 1097 1594 mutemus
1113 1536 1453 1602 sententiam,
1469 1544 1522 1590 et
1543 1535 1750 1588 illorum
1777 1532 1934 1588 dictis
1953 1532 2053 1589 ob-

463 1643 840 1703 temperemus.
868 1630 1065 1686 Verum
1098 1630 1199 1683 hoc
1228 1643 1333 1683 non
1364 1626 1554 1682 accidit
1580 1626 1703 1680 huic
1728 1625 1884 1680 beato
1905 1667 1920 1688 ,
1952 1623 2050 1681 sed

460 1726 620 1780 etiam
662 1732 784 1795 post
816 1722 1028 1776 illorum
1058 1720 1336 1775 consilium
1371 1727 1426 1773 et
1463 1717 1887 1773 exhortationem
1929 1731 2051 1785 per-

457 1816 721 1872 severavit
745 1815 797 1870 in
833 1814 997 1869 animi
1039 1812 1332 1884 proposito.
1365 1813 1436 1865 At
1464 1826 1533 1865 ne
1560 1810 1661 1864 hoc
1685 1809 1898 1880 quidem
1927 1817 2047 1863 tan-

457 1918 568 1964 tum
616 1917 700 1964 est
734 1906 1089 1962 admiratione
1117 1904 1364 1975 dignum,
1391 1902 1531 1974 quod
1564 1917 1663 1957 nec
1695 1901 1920 1958 aliorum
1947 1900 2047 1955 ad-

456 2000 658 2055 monitu
680 1998 912 2053 dimotus
937 2005 1021 2052 est
1044 2012 1072 2049 a
1096 1996 1390 2065 proposito,
1414 1994 1663 2065 quodque
1693 2003 1901 2048 nonest
1926 1992 2047 2049 illus

453 2093 659 2146 veritus
679 2131 694 2154 ,
722 2088 815 2144 sed
845 2087 986 2159 quod
1027 2086 1278 2157 perfecit,
1302 2093 1361 2140 ut
1409 2094 1464 2140 et
1496 2085 1569 2138 illi
1614 2083 2046 2140 eamdenranimi

454 2179 877 2238 moderationem
922 2185 1213 2232 sumerent.
1259 2176 1503 2246 Magnum
1545 2174 1796 2244 quidem,
1843 2174 1887 2229 si
1928 2173 2047 2245 quis

454 2272 567 2327 suis
609 2268 987 2340 cupiditatibus
1022 2268 1291 2337 imperet:
1333 2265 1427 2320 sed
1464 2266 1631 2319 multo
1668 2264 1838 2335 majus
1877 2274 1959 2319 est
1993 2273 2047 2319 et

452 2363 573 2418 aliis
614 2359 935 2431 persuadere
980 2372 1171 2428 posse,
1205 2366 1262 2412 ut
1291 2365 1345 2412 et
1385 2357 1483 2426 ipsi
1530 2364 1760 2411 mentem
1803 2355 2045 2411 eamdem

454 2452 685 2509 habeant
716 2467 732 2504 :
766 2449 902 2513 aliis,
932 2449 1168 2517 inquam,
1198 2446 1288 2518 qui
1313 2461 1417 2501 nec
1445 2446 1668 2501 modesti
1710 2456 1835 2501 sunt
1863 2446 2043 2501 homi-

451 2558 568 2608 nes,
593 2557 765 2613 neque
796 2548 1174 2610 temperantes,
1202 2538 1296 2594 sed
1324 2538 1539 2604 milites,
1571 2539 1658 2609 qui
1692 2540 1876 2594 multis
1903 2539 2045 2594 diffi-

450 2634 734 2691 cultatibus
754 2633 861 2703 jam
887 2633 941 2687 in
968 2631 1397 2701 desperationem
1422 2643 1574 2685 erant
1597 2630 1830 2697 adducti,
1864 2647 1895 2686 a
1918 2631 2045 2702 qui-

450 2727 549 2781 bus
585 2725 859 2797 paululum
905 2723 1172 2792 respirare
1207 2722 1509 2793 eupiebant,
1540 2723 1680 2777 haud
1725 2723 1891 2794 ignari
1937 2736 2043 2779 non

450 2818 613 2873 modo
642 2827 804 2872 totam
835 2815 1095 2869 malorum
1125 2814 1446 2870 solutionem
1470 2815 1522 2869 in
1542 2814 1709 2870 hostis
1729 2831 1858 2871 nece
1885 2816 2042 2871 sitam

449 2927 601 2979 esse;
646 2925 744 2965 nec
777 2909 937 2964 modo
971 2908 1228 2963 malorum
1259 2907 1575 2963 solutionem
1596 2950 1612 2975 ,
1656 2923 1839 2964 verum
1879 2908 2041 2964 etiam

449 3004 800 3076 plurimorum
843 3000 1107 3055 bonorum
1157 3000 1594 3070 aequisilionem,
1642 3001 1857 3072 quando
1909 3002 2043 3058 nihil

450 3094 729 3160 obstabat,
772 3092 1059 3163 quominus
1108 3092 1200 3147 illo
1230 3091 1492 3148 trucidato
1532 3094 1775 3163 protinus
1821 3109 2041 3165 regnum

449 3186 700 3243 transiret
742 3184 811 3241 ad
850 3184 1122 3240 Davidem.
1156 3184 1402 3239 Attamen
1442 3200 1562 3239 cum
1604 3193 1683 3240 tot
1720 3196 1900 3241 essent
1954 3203 2041 3244 res

445 3292 567 3349 quae
587 3276 784 3332 milites
812 3275 1115 3342 irritabant,
1128 3283 1329 3331 tantum
1349 3276 1513 3330 valuit
1536 3277 1624 3333 ille
1642 3292 1959 3347 generosus,
1986 3288 2043 3336 ut

447 3370 531 3426 his
559 3370 804 3426 omnibus
824 3368 984 3425 fuerit
1008 3370 1272 3441 superior,
1297 3370 1648 3443 suaderctque
1673 3380 1729 3427 ut
1748 3372 1887 3429 hosti
1913 3388 2040 3445 par-

443 3477 623 3523 cerent
632 3507 647 3523 ο

514 3562 739 3616 Consilia
764 3562 979 3615 militum
1001 3561 1069 3613 ad
1092 3559 1280 3614 aedem
1305 3559 1671 3627 impatientiam
1702 3560 1908 3631 negligi!
1934 3558 2042 3615 Da—

444 3651 562 3716 vid;
589 3669 681 3706 cur
720 3650 858 3705 Deus
900 3652 1064 3703 hostes
1107 3650 1249 3703 nobis
1284 3651 1474 3703 tradat.
1499 3650 1780 3717 —0perac
1811 3650 2039 3718 pretium

445 3758 577 3798 vero
604 3752 716 3806 est,
746 3743 906 3797 etiam
949 3742 1185 3812 ipsorum
1224 3740 1452 3794 militum
1491 3742 1675 3796 audire
1715 3741 1992 3797 consilium
2019 3785 2037 3809 ,

444 3836 567 3906 quia
608 3833 814 3889 consilii
852 3833 1112 3888 calliditas
1155 3832 1365 3886 ﬁrmum
1413 3842 1466 3887 et
1495 3832 1722 3887 Solidum
1749 3833 1879 3902 justi
1923 3835 2037 3890 ani-

445 3940 591 3980 mum
619 3922 869 3979 ostendit.
902 3923 1015 3977 Non
1047 3924 1187 3978 enim
1223 3923 1294 3977 ita
1339 3923 1541 3993 loquuti
1584 3932 1709 3977 sunt
1738 3942 1750 3977 :
1783 3924 1922 3980 Ecce
1948 3925 2039 3996 qui

446 4017 610 4071 multa
638 4017 690 4070 in
721 4024 770 4069 te
809 4015 1024 4070 molitus
1052 4023 1137 4071 est
1180 4014 1314 4069 mala
1340 4055 1356 4079 ,
1388 4015 1477 4084 qui
1512 4031 1696 4069 necem
1730 4021 1876 4070 tuam’
1902 4031 2038 4071 con-

444 4107 671 4177 cupivit,
706 4107 793 4177 qui
838 4123 938 4162 nos
985 4104 1460 4160 imn'iedicabilibus
1505 4107 1717 4159 vallavit
1754 4104 2041 4161 difﬁculta-

448 4198 638 4253 tibus:
677 4195 771 4250 sed
815 4196 904 4250 ubi
954 4205 1338 4265 perspexerunt
1380 4194 1493 4249 haec
1539 4196 1717 4249 omnia
1770 4196 2039 4268 negligere

449 4288 700 4344 Davidem
721 4330 736 4353 ,
766 4302 867 4344 nec
903 4301 1147 4357 magnam
1191 4285 1387 4340 habere
1417 4286 1676 4342 rationem
1710 4288 1761 4341 in
1794 4304 1855 4344 se
1892 4305 2041 4344 com-

445 4383 752 4447 missorum,
770 4381 1000 4451 allegant
1026 4378 1097 4433 illi
1115 4378 1349 4434 divinum
1376 4389 1668 4446 auctorem,
1690 4379 1844 4445 Deus,
1869 4381 2036 4450 aiunt,

442 4477 590 4531 illum
635 4474 883 4537 tradidit,
921 4487 1026 4543 quo
1063 4472 1311 4527 videlicet
1347 4470 1607 4541 judicium
1645 4489 1673 4526 a
1708 4473 1816 4528 Deo
1857 4475 2038 4543 profe-

443 4577 587 4622 ctum
619 4568 897 4632 reveritus,
923 4566 1217 4635 promptius
1243 4566 1344 4621 iret
1368 4566 1435 4621 ad
1464 4565 1827 4622 homicidium.
1872 4567 2038 4623 Num-

444 4663 607 4731 quid,
641 4660 926 4731 iuqniunt,
967 4667 1110 4714 tuam
1155 4660 1322 4730 ipsius
1371 4660 1537 4715 vicem
1581 4659 1894 4716 ulcisceris?
1926 4662 2040 4717 Deo

446 4753 617 4807 servis
662 4767 725 4806 ac
772 4751 1083 4817 ministras,
1130 4751 1275 4807 illius
1325 4744 1647 4807 Sententiam
1695 4754 2033 4823 comprobes.

444 4842 551 4897 Sed
582 4856 687 4911 quo
718 4842 885 4912 magis
914 4842 1028 4895 hzec
1054 4841 1302 4898 dicebant
1325 4883 1337 4907 ,
1364 4850 1511 4898 tanto
1537 4845 1704 4915 magis
1731 4845 1816 4900 hic
1844 4861 2037 4916 peper-

442 4938 519 4993 cit
558 4934 730 5003 ,hosti.
775 4933 1104 5002 lntelligebat
1154 4935 1336 5003 enim,
1371 4936 1536 4991 Deum
1587 4936 1708 4992 ideo
1753 4938 2034 4995 tradidisse

443 5043 566 5083 eum
592 5069 607 5093 ,
646 5035 701 5080 ut
748 5024 847 5081 sibi
889 5023 1121 5094 majores
1157 5026 1466 5083 occasiones
1507 5029 1793 5098 probandae
1823 5031 2034 5087 virtutis

442 5118 822 5189 suppeditaret.
860 5115 1090 5171 Proinde
1130 5124 1184 5170 tu
1228 5131 1478 5187 quoque,
1519 5120 1563 5173 si
1606 5121 1817 5190 quando
1865 5123 2033 5180 hostis

441 5219 564 5264 tuus
593 5209 837 5265 inciderit
862 5207 914 5261 in
956 5221 1145 5261 manus
1176 5214 1291 5261 tuas
1313 5247 1329 5273 ,
1359 5222 1487 5263 cave
1509 5219 1662 5278 putes
1700 5227 1820 5268 esse
1853 5212 2032 5268 datam

444 5300 769 5365 ulciscendi,
809 5298 904 5354 sed
942 5299 1187 5355 servandi
1243 5297 1413 5354 hostis
1463 5300 1817 5358 occasionem.
1850 5304 2035 5374 quue

445 5401 556 5447 tum
603 5393 831 5447 maxime
862 5392 1183 5461 parcendum
1214 5401 1297 5448 est
1323 5390 1585 5459 inimicis,
1617 5409 1737 5450 cum
1780 5396 1853 5450 illi
1898 5396 2033 5453 forte

444 5492 705 5537 venerunt
723 5484 776 5536 in
809 5490 1122 5549 potestatem
1154 5495 1410 5539 nostram.
1432 5485 1500 5540 At
1520 5484 1608 5541 hic
1628 5483 1855 5543 fortasse
1882 5488 2035 5544 dixe-

441 5572 510 5624 rit
537 5569 726 5637 aliquis
753 5587 766 5622 :
800 5569 867 5623 Et
885 5571 1009 5639 quid
1031 5587 1301 5642 magnum,
1328 5582 1420 5628 aut
1448 5576 1572 5645 quid
1600 5576 1793 5633 mirum
1814 5593 2031 5648 parcere

444 5661 492 5711 ei
527 5676 686 5728 quem
731 5659 894 5714 habes
927 5661 979 5713 in
1006 5670 1091 5715 tua
1120 5665 1418 5733 potestate?
1445 5666 1760 5738 Complures
1808 5672 1949 5725 enim
1978 5683 2033 5729 et

445 5748 531 5802 alii
560 5761 716 5814 rcges
750 5749 814 5805 ad
858 5751 1207 5821 principatum
1238 5755 1443 5824 evecti,
1472 5771 1594 5813 sese
1627 5750 1898 5832 indignum
1938 5763 2027 5834 ju-

1267 322 1323 379 S.
1363 320 1641 378 JOANNIS
1676 312 2154 376 CIIRYSOSTOMI
2195 313 2509 373 A-RCIllEP.
2538 311 3071 373 CONSTANTINOP.

3646 317 3757 374 084

2164 431 2405 487 dicarunt
2434 430 2487 485 in
2525 435 2675 486 tanto
2698 437 2848 502 regni
2879 433 3087 501 fastigio
3113 431 3182 487 ab
3207 432 3273 487 iis
3300 433 3749 502 pinnas-exigere,

2157 536 2200 578 a-
2216 522 2408 593 quibus
2433 521 2561 577 olim
2588 521 2799 577 fuerant
2816 521 3005 576 offensi
3033 539 3047 576 :
3081 521 3192 592 ipsa
3224 524 3476 591 potentia:
3501 523 3746 578 sublimi-

2160 622 2240 669 tas
2268 628 2484 670 causam
2511 614 2687 668 attulit
2713 614 3180 669 reconciliationis.
3206 615 3404 671 Verum
3433 617 3485 671 in
3521 617 3627 673 hoc
3649 632 3751 673 ne-

2155 706 2300 775 gotio
2340 704 2445 760 tale
2485 704 2617 760 nihil
2654 704 2826 775 possis
2860 705 3061 762 dicere.
3091 705 3274 777 Neque
3310 708 3458 763 enim
3487 707 3657 763 David
3683 710 3749 763 ad

2156 797 2507 868 principatum
2533 807 2771 863 evectus,
2801 813 2974 869 neque
2998 813 3225 872 regnum
3251 800 3496 872 adeptus,
3527 816 3594 857 ac
3615 802 3751 858 Sai-

2156 887 2260 943 lem
2289 889 2341 943 in
2368 888 2610 945 manibus
2639 889 2844 946 habens
2863 932 2879 958 ,
2907 890 2978 945 ita
3009 891 3223 948 demum
3267 894 3339 949 illi
3366 895 3609 965 pepercit
3633 938 3649 961 ,
3681 913 3749 953 ne

2154 981 2273 1051 quis
2300 982 2507 1036 causari
2530 984 2692 1052 possit
2723 984 2871 1053 regni
2903 984 3265 1054 magnitudine
3287 987 3554 1041 sublatam
3586 988 3749 1044 fuisse

2154 1071 2288 1126 iram
2320 1088 2337 1125 :
2367 1073 2461 1128 sed
2486 1087 2606 1127 cum
2636 1073 2797 1129 sciret
2826 1073 2961 1138 fore,
2986 1085 3044 1130 ut
3070 1077 3162 1131 ille
3195 1087 3435 1132 servatus
3465 1095 3652 1134 rursus
3682 1082 3748 1135 ad

2154 1164 2340 1220 eadem
2371 1165 2603 1232 rediret,
2635 1176 2690 1222 et
2720 1167 2835 1237 ipse
2871 1169 2924 1222 in
2969 1170 3211 1239 graviora
3245 1170 3478 1240 pericula
3506 1173 3753 1242 conjice-

2151 1266 2336 1324 retur,
2367 1274 2437 1314 ne
2464 1258 2584 1315 ideo
2607 1258 2821 1330 quidem
2860 1261 3075 1316 occidit.
3119 1261 3196 1317 Ne
3233 1263 3413 1333 utique
3452 1263 3596 1319 hunc
3622 1280 3753 1320 cum

2154 1347 2259 1403 illis
2299 1348 2656 1427 conferamus.
2690 1349 2961 1420 Siquidem
3002 1350 3078 1406 illi
3103 1353 3353 1427 quoniam
3390 1354 3592 1409 habent
3626 1370 3756 1411 cer-

2154 1445 2265 1492 tum
2315 1424 2595 1508 tutumque
2636 1440 2827 1511 pignus
2876 1441 3066 1497 futurae
3115 1424 3369 1515 deinceps
3415 1446 3749 1513 securitatis,

2152 1529 2345 1583 merito
2387 1539 2646 1600 parcunt;
2693 1531 2781 1587 hic
2818 1547 2948 1588 vero
2979 1548 3102 1589 cum
3140 1534 3301 1590 sciret
3336 1550 3395 1590 se
3433 1535 3642 1592 hostem
3696 1538 3753 1593 in

2153 1636 2303 1675 suam
2350 1621 2516 1692 ipsius
2565 1624 2854 1692 perniciem
2903 1624 3202 1692 dimittere,
3234 1642 3298 1683 ac
3336 1629 3563 1685 salutem
3615 1630 3753 1687 dare

2153 1710 2390 1778 inimico,
2423 1711 2574 1768 haud
2594 1722 2771 1770 tamen
2801 1715 2946 1771 illum
2974 1717 3189 1784 occidit,
3228 1718 3388 1790 idque
3412 1734 3535 1775 cum
3576 1721 3751 1775 hahe-

2151 1809 2237 1857 rct
2272 1803 2438 1858 multa
2486 1804 2553 1859 ad
2583 1820 2707 1861 eam
2736 1806 2937 1861 caedem
2973 1807 3321 1878 impellentia.
3364 1810 3573 1866 Etenim
3613 1813 3754 1867 soli-

2152 1892 2281 1948 tudo
2306 1894 2448 1963 regis
2474 1895 2673 1951 auxilio
2712 1897 2917 1965 nudati,
2945 1898 3249 1954 exhortatio
3275 1900 3521 1965 militum,
3547 1916 3753 1973 praue-

2151 1985 2373 2039 ritorum
2405 1988 2683 2054 memoria,
2710 1987 3007 2045 futurorum
3046 1999 3222 2047 metus
3246 2007 3261 2058 ;
3284 1992 3351 2046 ad
3380 1992 3495 2048 haec
3518 1994 3681 2063 quod“
3702 1995 3754 2050 si

2151 2073 2505 2132 interfecisset
2551 2077 2860 2145 inimicum,
2908 2095 3013 2136 non
3053 2091 3235 2152 posset
3270 2081 3512 2140 damnari
3538 2086 3710 2141 ca'dis
3732 2129 3750 2153 ,

2151 2166 2397 2238 quodque
2422 2178 2542 2240 post
2562 2171 2773 2227 caedem-
2792 2182 3062 2242 peractam
3090 2174 3259 2247 legem
3290 2174 3366 2249 (α)
3391 2177 3563 2245 ipsam
3593 2194 3756 2233 man-

2154 2259 2437 2315 suetudine
2456 2277 2710 2333 superare
2732 2264 3021 2332 videretur,
3054 2265 3169 2322 lucc
3196 2277 3249 2322 et
3271 2268 3374 2322 alia
3405 2267 3553 2338 plura
3588 2285 3757 2341 urge-

2153 2347 2282 2404 bant
2332 2352 2831 2427 compellebantque
2882 2358 3057 2428 gladio
3109 2359 3259 2413 illum
3311 2360 3622 2417 confodere.
3675 2366 3756 2420 At

2148 2437 2341 2495 ltorum
2382 2442 2512 2497 nulli
2541 2444 2737 2510 cessit,
2765 2446 2861 2502 scd
2890 2449 3186 2503 adamantis
3227 2449 3415 2506 invicti
3445 2467 3596 2508 more
3625 2468 3756 2522 per-

2148 2531 2299 2595 stitit,
2332 2532 2703 2590 intemeratam
2735 2536 3086 2608 pbilosophire
3131 2539 3307 2611 legem
3351 2557 3590 2597 servans.
3622 2543 3754 2598 Cre-

2150 2629 2321 2677 terum
2350 2638 2418 2679 ne
2442 2624 2588 2681 dicas
2621 2626 2767 2682 illum
2808 2629 2939 2684 nihil
2961 2645 3146 2686 eorum
3174 2632 3409 2690 sensisse
3433 2634 3753 2701 all‘ectuum,

2142 2727 2283 2783 quos
2310 2716 2544 2773 sensisse
2570 2732 2668 2788 par
2689 2727 2824 2785 erat,
2852 2721 2947 2776 sed
2975 2722 3025 2778 id
3052 2722 3194 2795 quod
3221 2725 3412 2781 accidit
3443 2742 3546 2784 non
3578 2728 3756 2785 fuisse

2151 2805 2541 2878 philosophiam
2563 2851 2580 2878 ,
2609 2810 2702 2867 sed
2738 2819 3011 2884 stuporem
3041 2832 3056 2869 :
3087 2818 3366 2873 considera
3396 2836 3551 2888 quam
3578 2822 3755 2877 vehe-

2148 2909 2359 2957 menter
2395 2913 2741 2973 eanperatus
2786 2906 2887 2961 sibi
2926 2910 3253 2977 temperarit.
3303 2910 3577 2982 Siquidem
3629 2916 3751 2969 ira-

2146 2992 2355 3047 cundia:
2384 2991 2578 3049 ﬂuctus
2600 2994 2654 3049 in
2675 2995 2855 3051 animo
2880 2997 3019 3053 illius
3048 3000 3385 3068 intumuisse,
3409 3005 3750 3077 multamque

2147 3085 2525 3156 cogitationum
2557 3089 2844 3158 procellam
2889 3093 3206 3149 concitatam
3238 3094 3402 3151 fuisse
3426 3137 3441 3161 ,
3481 3097 3577 3153 sed
3617 3114 3748 3154 eam

2149 3186 2519 3248 tempestatem
2565 3180 2864 3239 refrenasse
2905 3184 3093 3241 timore
3141 3187 3262 3254 Dei,
3302 3188 3615 3259 animosque
3650 3206 3751 3248 re-

2145 3272 2426 3341 pressisse,
2455 3287 2523 3327 ex
2550 3272 2612 3327 iis
2638 3289 2756 3344 quae
2787 3275 2922 3329 facta
2952 3286 3073 3332 sunt
3098 3279 3401 3348 perspicere
3426 3280 3569 3335 licet.
3606 3281 3751 3337 Sur-

2142 3365 2295 3429 rexit,
2316 3364 2506 3435 inquit,
2534 3375 2581 3421 et
2602 3367 2718 3422 tulit
2740 3383 2880 3423 oratu
2906 3368 3190 3441 chlamydis
3214 3367 3397 3425 Saulis
3416 3372 3768 3425 clanculum..

2147 3456 2308 3513 Vides
2353 3468 2547 3530 quanta
2592 3461 2684 3516 ira:
2713 3469 3003 3531 tempestas
3048 3473 3233 3519 coorta
3271 3464 3463 3520 fuerit?
3515 3466 3587 3522 At
3630 3484 3744 3523 non

2145 3550 2406 3620 processit
2434 3550 2689 3619 ulterius,
2714 3569 2888 3624 neque
2926 3552 3052 3610 fecit
3089 3555 3422 3627 naufragium
3446 3599 3461 3623 ,
3493 3572 3559 3612 eo
3593 3561 3747 3628 quod

2143 3640 2484 3711 gubernatrix
2508 3642 2649 3697 illico
2673 3645 2910 3700 sentiens
2936 3645 3250 3716 periculum,
3277 3645 3522 3703 videlicet
3550 3649 3636 3718 pia
3660 3666 3748 3705 ra-

2146 3732 2220 3787 tio
2242 3773 2256 3798 ,
2290 3741 2658 3803 tempestatem
2698 3736 2856 3791 vertit
2903 3735 2955 3791 in
2988 3737 3441 3808 tranquillitatem.
3475 3736 3746 3795 Percussit
3798 3811 3805 3816 _

2144 3823 2318 3888 enim,
2351 3822 2557 3893 inquit,
2586 3822 2834 3880 Davidem
2879 3843 2967 3882 cor
3012 3828 3206 3898 ipsius,
3234 3844 3298 3885 ac
3344 3831 3491 3885 velut
3537 3845 3751 3901 equum-

2142 3913 2511 3970 subsilientem
2545 3931 2608 3970 ac
2638 3915 3002 3982 ferocientem,
3034 3921 3310 3976 revocavit
3330 3922 3481 3976 iram.

2216 4003 2269 4058 6.
2310 4003 2622 4076 Hujusmodi
2655 4015 2778 4063 sunt
2818 4021 3125 4065 sanetorum
3165 4012 3357 4067 anima:
3382 4028 3397 4065 :
3425 4013 3745 4084 priusquam

2142 4097 2444 4162 concidant,
2475 4111 2780 4170 resurgunt,
2811 4103 3115 4173 priusquam
3142 4103 3209 4159 ad
3241 4114 3513 4174 peccatum
3540 4121 3744 4177 pervc-

2144 4189 2312 4252 niant,
2341 4189 2698 4260 refrenantur,
2730 4209 2796 4250 eo
2820 4196 2960 4266 quod
3004 4197 3199 4253 sobria:
3244 4197 3347 4253 sint
3374 4240 3388 4262 ,
3418 4214 3747 4272 semperque

2143 4279 2381 4349 vigilent.
2433 4281 2498 4335 Et
2538 4287 2716 4337 tamen
2763 4296 3020 4354 quantum
3058 4295 3175 4341 erat
3220 4287 3553 4344 intervallum
3598 4292 3745 4348 inter

2143 4385 2337 4440 corpus
2358 4380 2412 4426 et
2438 4382 2638 4428 vestem
2664 4373 2688 4427 ?
2715 4376 2968 4432 Attamen
2995 4378 3083 4433 ille
3115 4382 3348 4450 seipsum
3377 4383 3642 4449 cohibuit,
3674 4401 3746 4441 ne

2142 4462 2552 4533 pregrederetnr
2596 4464 2817 4522 ulterius
2871 4485 2884 4521 :
2926 4469 3247 4540 insuperque
3287 4472 3358 4526 ob
3406 4472 3507 4528 hoc
3560 4474 3741 4544 ipsum

2140 4553 2375 4623 graviter
2415 4554 2649 4624 seipsum
2694 4558 3089 4614 condemnavit.
3125 4560 3387 4618 Percussit
3427 4567 3600 4627 enim.
3658 4569 3737 4623 in-

2142 4646 2275 4714 quit,
2307 4647 2452 4701 itium
2489 4666 2578 4703 cor
2600 4650 2779 4720 ipsius,
2809 4653 3263 4720 quod'abslulisset
3283 4667 3567 4712 extremum
3593 4660 3745 4715 cltlao

2141 4738 2309 4807 mydis
2332 4776 2348 4804 ,
2376 4739 2603 4810 dixitque
2629 4741 2698 4795 ad
2737 4744 2867 4797 viros
2893 4761 2912 4798 :
2948 4744 3279 4817 Nequaquam
3321 4749 3415 4803 hoc
3445 4751 3572 4805 mihi
3611 4754 3679 4807 sit
3705 4771 3741 4807 α

2140 4827 2362 4884 Domino
2388 4830 2460 4903 (ὁ)
2491 4831 2564 4904 (ι.
2597 4831 2721 4903 Reg.
2743 4833 2833 4888 24.
2858 4834 2934 4905 6).
2956 4837 3092 4904 Quid
3113 4848 3193 4894 est
3217 4839 3366 4907 illud,
3396 4840 3740 4913 Nequaquam

2141 4923 2235 4977 hoc
2262 4926 2326 4978 sit
2355 4925 2479 4978 mihi
2510 4942 2543 4980 a
2566 4925 2786 4982 Domino
2812 4930 2838 4983 .9
2864 4928 3151 4999 Propitius,
3182 4933 3373 5004 inquit,
3406 4935 3476 4989 sit
3514 4937 3667 5002 mihi,
3690 4937 3739 4991 si

2141 5014 2242 5070 hoc
2267 5015 2554 5072 voluissem
2588 5035 2602 5071 :
2634 5035 2700 5074 ue
2738 5021 2999 5076 concedat
3022 5038 3272 5093 umquam
3313 5034 3373 5080 ut
3412 5026 3515 5082 hoc
3545 5027 3739 5083 faciant

2141 5106 2305 5172 Deus,
2329 5124 2500 5179 neque
2525 5111 2793 5179 permittat
2820 5129 2906 5169 me
2927 5114 2992 5168 ad
3021 5102 3225 5169 tantum
3251 5116 3505 5175 devenire
3535 5123 3737 5177 scelus.

2139 5200 2401 5270 Quoniam
2434 5203 2649 5260 videbat
2697 5206 2835 5262 hanc
2869 5207 3261 5279 philosophiam
3299 5227 3558 5282 superare
3597 5230 3737 5284 pene

2202 5400 2284 5472 gn)-
2308 5394 2666 5472 lcgemjpsam
2677 5406 3053 5472 mansuetudine
3069 5416 3355 5472 superasset
3370 5406 3738 5471 David,etiamsi

2137 5462 2327 5535 Saiilem
2351 5462 2629 5535 occidisset,
2647 5464 2863 5535 quiaglex
2888 5462 3203 5533 praecipiebat
3223 5472 3428 5535 dentem
3452 5462 3541 5535 pro
3563 5462 3736 5532 dente,

2138 5524 2329 5596 oculum
2350 5538 2439 5596 pro
2454 5525 2612 5596 oculo,
2628 5524 2711 5596 et,
2724 5533 2780 5577 ut
2800 5524 3112 5596 consemiéns
3130 5539 3259 5596 erat,
3271 5534 3417 5582 vitam
3438 5524 3525 5596 pro
3542 5537 3636 5583 vita
3654 5524 3741 5583 da;

2139 5587 2209 5645 ri;
2236 5586 3053 5658 itautsiSaﬁlemrinterfecisset,
3094 5586 3450 5658 minusettam'
3468 5610 3609 5658 quant
3649 5597 3734 5646 lex

2138 5649 2460 5721 permittebat
2481 5648 2681 5721 fecisset
2703 5651 2847 5721 David
2868 5648 3313 5721 semel’occidendo
3338 5669 3469 5715 eum,
3487 5648 3577 5720 ἰιιιὶ
3598 5671 3731 5721 szrpe

2142 5712 2286 5760 vitam
2312 5710 2401 5772 ipsi
2421 5712 2620 5771 eripere
2641 5719 2843 5766 conatus
2864 5712 3043 5764 fuerat.

2205 5772 2278 5836 (ti)
2314 5774 2386 5822 sic
2409 5779 2523 5836 Reg.
2550 5774 2633 5824 llic
2654 5774 2876 5837 quadam
2898 5778 3072 5826 omissa
3095 5775 3288 5830 fuerant
3311 5781 3359 5829 in
3381 5780 3542 5830 Morel.
