  <div class='ocr_page' id='page_1' title='image "/cluster/home/n/w/nwhite01/storage/ocr_20150623/54:no.4:pt.2/coo.31924054869544/312.png"; bbox 0 0 4064 6444; ppageno 0'>
   <div class='ocr_carea' id='block_1_1' title="bbox 397 409 504 466">
    <p class='ocr_par' dir='ltr' id='par_1_1' title="bbox 397 409 504 466">
     <span class='ocr_line' id='line_1_1' title="bbox 397 409 504 466; baseline 0.019 -2"><span class='ocrx_word' id='word_1_1' title='bbox 397 409 504 466; x_wconf 78' lang='lat'>683</span> 
     </span>
    </p>
   </div>
   <div class='ocr_carea' id='block_1_2' title="bbox 391 521 1958 597">
    <p class='ocr_par' dir='ltr' id='par_1_2' title="bbox 391 521 1958 597">
     <span class='ocr_line' id='line_1_2' title="bbox 391 521 1958 597; baseline -0.001 -18"><span class='ocrx_word' id='word_1_2' title='bbox 391 526 655 597; x_wconf 82' lang='grc' dir='ltr'>μέλλοντα</span> <span class='ocrx_word' id='word_1_3' title='bbox 701 522 878 587; x_wconf 75' lang='grc' dir='ltr'>ἄνελε,</span> <span class='ocrx_word' id='word_1_4' title='bbox 922 522 1007 574; x_wconf 81' lang='grc' dir='ltr'>ἵνα</span> <span class='ocrx_word' id='word_1_5' title='bbox 1065 521 1138 593; x_wconf 80' lang='grc' dir='ltr'>μὴ</span> <span class='ocrx_word' id='word_1_6' title='bbox 1195 522 1412 593; x_wconf 80' lang='grc' dir='ltr'>μείζονα</span> <span class='ocrx_word' id='word_1_7' title='bbox 1466 524 1560 576; x_wconf 75' lang='grc' dir='ltr'>καὶ</span> <span class='ocrx_word' id='word_1_8' title='bbox 1606 522 1958 595; x_wconf 81' lang='grc' dir='ltr'>χαλεπώτερα</span> 
     </span>
    </p>
   </div>
   <div class='ocr_carea' id='block_1_3' title="bbox 389 613 1962 689">
    <p class='ocr_par' dir='ltr' id='par_1_3' title="bbox 389 613 1962 689">
     <span class='ocr_line' id='line_1_3' title="bbox 389 613 1962 689; baseline -0.003 -17"><span class='ocrx_word' id='word_1_9' title='bbox 389 616 714 686; x_wconf 87' lang='grc' dir='ltr'>ὑποστῶμεν</span> <span class='ocrx_word' id='word_1_10' title='bbox 743 615 906 669; x_wconf 88' lang='grc' dir='ltr'>κακά.</span> <span class='ocrx_word' id='word_1_11' title='bbox 934 617 977 668; x_wconf 93' lang='grc' dir='ltr'><strong>Τ</strong></span> <span class='ocrx_word' id='word_1_12' title='bbox 980 613 1117 689; x_wconf 68' lang='grc' dir='ltr'>αῦτᾳ</span> <span class='ocrx_word' id='word_1_13' title='bbox 1137 614 1246 686; x_wconf 84' lang='grc' dir='ltr'>γὰρ</span> <span class='ocrx_word' id='word_1_14' title='bbox 1273 616 1320 667; x_wconf 90' lang='grc' dir='ltr'>εί</span> <span class='ocrx_word' id='word_1_15' title='bbox 1351 615 1442 668; x_wconf 75' lang='grc' dir='ltr'>καὶ</span> <span class='ocrx_word' id='word_1_16' title='bbox 1475 616 1550 686; x_wconf 82' lang='grc' dir='ltr'>μὴ</span> <span class='ocrx_word' id='word_1_17' title='bbox 1577 617 1689 678; x_wconf 89' lang='grc' dir='ltr'>τοῖς</span> <span class='ocrx_word' id='word_1_18' title='bbox 1722 615 1962 685; x_wconf 75' lang='grc' dir='ltr'>ῥήμασιν</span> 
     </span>
    </p>
   </div>
   <div class='ocr_carea' id='block_1_4' title="bbox 386 707 1964 781">
    <p class='ocr_par' dir='ltr' id='par_1_4' title="bbox 386 707 1964 781">
     <span class='ocr_line' id='line_1_4' title="bbox 386 707 1964 781; baseline -0.003 -16"><span class='ocrx_word' id='word_1_19' title='bbox 386 713 573 781; x_wconf 80' lang='grc' dir='ltr'>ἔλεγον</span> <span class='ocrx_word' id='word_1_20' title='bbox 595 751 610 774; x_wconf 93' lang='grc'>,</span> <span class='ocrx_word' id='word_1_21' title='bbox 669 710 784 764; x_wconf 86' lang='grc' dir='ltr'>ἀλλ’</span> <span class='ocrx_word' id='word_1_22' title='bbox 835 711 984 780; x_wconf 83' lang='grc' dir='ltr'>ὅμως</span> <span class='ocrx_word' id='word_1_23' title='bbox 1033 712 1172 762; x_wconf 81' lang='grc' dir='ltr'>κατὰ</span> <span class='ocrx_word' id='word_1_24' title='bbox 1231 709 1466 762; x_wconf 87' lang='grc' dir='ltr'>διάνοιαν</span> <span class='ocrx_word' id='word_1_25' title='bbox 1517 707 1818 778; x_wconf 75' lang='grc' dir='ltr'>ἐλογίζοντο</span> <span class='ocrx_word' id='word_1_26' title='bbox 1868 709 1964 762; x_wconf 78' lang='grc' dir='ltr'>καὶ</span> 
     </span>
    </p>
   </div>
   <div class='ocr_carea' id='block_1_5' title="bbox 385 797 1410 867">
    <p class='ocr_par' dir='ltr' id='par_1_5' title="bbox 385 797 1410 867">
     <span class='ocr_line' id='line_1_5' title="bbox 385 797 1410 867; baseline -0.004 -13"><span class='ocrx_word' id='word_1_27' title='bbox 385 800 581 861; x_wconf 91' lang='grc' dir='ltr'>ταῦτα,</span> <span class='ocrx_word' id='word_1_28' title='bbox 614 797 936 851; x_wconf 78' lang='grc' dir='ltr'>καὶτούτων</span> <span class='ocrx_word' id='word_1_29' title='bbox 977 797 1195 850; x_wconf 90' lang='grc' dir='ltr'>πλείονα</span> <span class='ocrx_word' id='word_1_30' title='bbox 1227 797 1410 867; x_wconf 70' lang='grc' dir='ltr'>ἕτερα.</span> 
     </span>
    </p>
   </div>
   <div class='ocr_carea' id='block_1_6' title="bbox 461 881 1958 952">
    <p class='ocr_par' dir='ltr' id='par_1_6' title="bbox 461 881 1958 952">
     <span class='ocr_line' id='line_1_6' title="bbox 461 881 1958 952; baseline -0.004 -12"><span class='ocrx_word' id='word_1_31' title='bbox 461 895 523 940; x_wconf 87' lang='grc' dir='ltr'>ε’.</span> <span class='ocrx_word' id='word_1_32' title='bbox 541 886 682 939; x_wconf 83' lang='grc' dir='ltr'>Ἀλλ’</span> <span class='ocrx_word' id='word_1_33' title='bbox 710 884 860 937; x_wconf 85' lang='grc' dir='ltr'>οὐδὲν</span> <span class='ocrx_word' id='word_1_34' title='bbox 878 884 1081 937; x_wconf 90' lang='grc' dir='ltr'>τούτων</span> <span class='ocrx_word' id='word_1_35' title='bbox 1101 886 1128 937; x_wconf 94' lang='lat'>6</span> <span class='ocrx_word' id='word_1_36' title='bbox 1153 884 1353 947; x_wconf 86' lang='grc' dir='ltr'>δίκαιος</span> <span class='ocrx_word' id='word_1_37' title='bbox 1375 885 1578 946; x_wconf 90' lang='grc' dir='ltr'>ἐκεῖνος</span> <span class='ocrx_word' id='word_1_38' title='bbox 1594 881 1958 952; x_wconf 81' lang='grc' dir='ltr'>ὑπελογίζετο,</span> 
     </span>
    </p>
   </div>
   <div class='ocr_carea' id='block_1_7' title="bbox 387 982 1963 1053">
    <p class='ocr_par' dir='ltr' id='par_1_7' title="bbox 387 982 1963 1053">
     <span class='ocr_line' id='line_1_7' title="bbox 387 982 1963 1053; baseline -0.003 -13"><span class='ocrx_word' id='word_1_39' title='bbox 387 987 506 1040; x_wconf 81' lang='grc' dir='ltr'>ἀλλ’</span> <span class='ocrx_word' id='word_1_40' title='bbox 545 988 624 1049; x_wconf 85' lang='grc' dir='ltr'>είς</span> <span class='ocrx_word' id='word_1_41' title='bbox 657 985 714 1039; x_wconf 79' lang='grc' dir='ltr'>ἐν</span> <span class='ocrx_word' id='word_1_42' title='bbox 744 983 939 1036; x_wconf 81' lang='grc' dir='ltr'>ἐϐλεπε</span> <span class='ocrx_word' id='word_1_43' title='bbox 978 983 1156 1053; x_wconf 89' lang='grc' dir='ltr'>μόνον,</span> <span class='ocrx_word' id='word_1_44' title='bbox 1199 984 1346 1046; x_wconf 86' lang='grc' dir='ltr'>ὅπως</span> <span class='ocrx_word' id='word_1_45' title='bbox 1372 982 1462 1036; x_wconf 86' lang='grc' dir='ltr'>τὸν</span> <span class='ocrx_word' id='word_1_46' title='bbox 1493 983 1592 1053; x_wconf 88' lang='grc' dir='ltr'>τῆς</span> <span class='ocrx_word' id='word_1_47' title='bbox 1617 982 1963 1048; x_wconf 79' lang='grc' dir='ltr'>ἀνεξικακίας</span> 
     </span>
    </p>
   </div>
   <div class='ocr_carea' id='block_1_8' title="bbox 387 1083 1962 1159">
    <p class='ocr_par' dir='ltr' id='par_1_8' title="bbox 387 1083 1962 1159">
     <span class='ocr_line' id='line_1_8' title="bbox 387 1083 1962 1159; baseline -0.004 -17"><span class='ocrx_word' id='word_1_48' title='bbox 387 1085 759 1159; x_wconf 77' lang='grc' dir='ltr'>ἀναδήσασθαι</span> <span class='ocrx_word' id='word_1_49' title='bbox 790 1083 990 1155; x_wconf 84' lang='grc' dir='ltr'>δυνηθῇ</span> <span class='ocrx_word' id='word_1_50' title='bbox 1032 1083 1313 1153; x_wconf 83' lang='grc' dir='ltr'>στέφανον,</span> <span class='ocrx_word' id='word_1_51' title='bbox 1344 1085 1441 1136; x_wconf 78' lang='grc' dir='ltr'>καὶ</span> <span class='ocrx_word' id='word_1_52' title='bbox 1473 1083 1828 1153; x_wconf 78' lang='grc' dir='ltr'>φιλοσοφῆσαι</span> <span class='ocrx_word' id='word_1_53' title='bbox 1870 1099 1962 1152; x_wconf 84' lang='grc' dir='ltr'>φι-</span> 
     </span>
    </p>
   </div>
   <div class='ocr_carea' id='block_1_9' title="bbox 388 1181 1963 1256">
    <p class='ocr_par' dir='ltr' id='par_1_9' title="bbox 388 1181 1963 1256">
     <span class='ocr_line' id='line_1_9' title="bbox 388 1181 1963 1256; baseline -0.003 -17"><span class='ocrx_word' id='word_1_54' title='bbox 388 1187 645 1256; x_wconf 88' lang='grc' dir='ltr'>λοσοφίαν</span> <span class='ocrx_word' id='word_1_55' title='bbox 680 1185 805 1239; x_wconf 86' lang='grc' dir='ltr'>τινά</span> <span class='ocrx_word' id='word_1_56' title='bbox 837 1185 1153 1254; x_wconf 81' lang='grc' dir='ltr'>καινοτέραν</span> <span class='ocrx_word' id='word_1_57' title='bbox 1195 1185 1290 1237; x_wconf 76' lang='grc' dir='ltr'>καὶ</span> <span class='ocrx_word' id='word_1_58' title='bbox 1326 1181 1643 1255; x_wconf 81' lang='grc' dir='ltr'>παράδοξον.</span> <span class='ocrx_word' id='word_1_59' title='bbox 1684 1181 1822 1239; x_wconf 87' lang='grc' dir='ltr'>Οὑδέ</span> <span class='ocrx_word' id='word_1_60' title='bbox 1854 1183 1963 1253; x_wconf 82' lang='grc' dir='ltr'>γὰρ</span> 
     </span>
    </p>
   </div>
   <div class='ocr_carea' id='block_1_10' title="bbox 386 1281 1963 1357">
    <p class='ocr_par' dir='ltr' id='par_1_10' title="bbox 386 1281 1963 1357">
     <span class='ocr_line' id='line_1_10' title="bbox 386 1281 1963 1357; baseline -0.004 -16"><span class='ocrx_word' id='word_1_61' title='bbox 386 1283 460 1357; x_wconf 80' lang='grc' dir='ltr'>ἦν</span> <span class='ocrx_word' id='word_1_62' title='bbox 497 1286 639 1340; x_wconf 77' lang='grc' dir='ltr'>οὕτω</span> <span class='ocrx_word' id='word_1_63' title='bbox 677 1285 1004 1357; x_wconf 83' lang='grc' dir='ltr'>θαυμαστὸν,</span> <span class='ocrx_word' id='word_1_64' title='bbox 1047 1285 1094 1336; x_wconf 89' lang='grc' dir='ltr'>εί</span> <span class='ocrx_word' id='word_1_65' title='bbox 1143 1284 1300 1354; x_wconf 83' lang='grc' dir='ltr'>μόνος</span> <span class='ocrx_word' id='word_1_66' title='bbox 1348 1281 1422 1337; x_wconf 84' lang='grc' dir='ltr'>ὣν</span> <span class='ocrx_word' id='word_1_67' title='bbox 1470 1283 1565 1336; x_wconf 76' lang='grc' dir='ltr'>καὶ</span> <span class='ocrx_word' id='word_1_68' title='bbox 1604 1283 1724 1336; x_wconf 83' lang='grc' dir='ltr'>καθ’</span> <span class='ocrx_word' id='word_1_69' title='bbox 1773 1282 1963 1336; x_wconf 87' lang='grc' dir='ltr'>ἐαυτὸν</span> 
     </span>
    </p>
   </div>
   <div class='ocr_carea' id='block_1_11' title="bbox 389 1371 1960 1458">
    <p class='ocr_par' dir='ltr' id='par_1_11' title="bbox 389 1371 1960 1458">
     <span class='ocr_line' id='line_1_11' title="bbox 389 1371 1960 1458; baseline -0.003 -17"><span class='ocrx_word' id='word_1_70' title='bbox 389 1371 647 1458; x_wconf 80' lang='grc' dir='ltr'>ἐφείσατο</span> <span class='ocrx_word' id='word_1_71' title='bbox 676 1387 768 1440; x_wconf 91' lang='grc' dir='ltr'>τοῦ</span> <span class='ocrx_word' id='word_1_72' title='bbox 799 1385 1162 1456; x_wconf 86' lang='grc' dir='ltr'>λελυπηκότος</span> <span class='ocrx_word' id='word_1_73' title='bbox 1180 1424 1194 1448; x_wconf 90' lang='grc'>,</span> <span class='ocrx_word' id='word_1_74' title='bbox 1235 1384 1310 1446; x_wconf 89' lang='grc' dir='ltr'>ώς</span> <span class='ocrx_word' id='word_1_75' title='bbox 1335 1383 1430 1436; x_wconf 90' lang='grc' dir='ltr'>νῦν</span> <span class='ocrx_word' id='word_1_76' title='bbox 1459 1383 1759 1455; x_wconf 82' lang='grc' dir='ltr'>παράδοξόν</span> <span class='ocrx_word' id='word_1_77' title='bbox 1793 1383 1960 1449; x_wconf 84' lang='grc' dir='ltr'>ἐστιν,</span> 
     </span>
    </p>
   </div>
   <div class='ocr_carea' id='block_1_12' title="bbox 388 1485 1965 1560">
    <p class='ocr_par' dir='ltr' id='par_1_12' title="bbox 388 1485 1965 1560">
     <span class='ocr_line' id='line_1_12' title="bbox 388 1485 1965 1560; baseline -0.003 -18"><span class='ocrx_word' id='word_1_78' title='bbox 388 1491 473 1542; x_wconf 81' lang='grc' dir='ltr'>ὅτι</span> <span class='ocrx_word' id='word_1_79' title='bbox 515 1488 793 1560; x_wconf 86' lang='grc' dir='ltr'>παρόντων</span> <span class='ocrx_word' id='word_1_80' title='bbox 838 1487 1039 1558; x_wconf 86' lang='grc' dir='ltr'>ἐτέρων</span> <span class='ocrx_word' id='word_1_81' title='bbox 1067 1485 1216 1556; x_wconf 81' lang='grc' dir='ltr'>αὑτῷ</span> <span class='ocrx_word' id='word_1_82' title='bbox 1245 1485 1403 1539; x_wconf 91' lang='grc' dir='ltr'>τοῦτο</span> <span class='ocrx_word' id='word_1_83' title='bbox 1444 1485 1715 1556; x_wconf 86' lang='grc' dir='ltr'>ἐποίησεν.</span> <span class='ocrx_word' id='word_1_84' title='bbox 1750 1485 1816 1537; x_wconf 86' lang='grc' dir='ltr'><strong><em>Ἦ</em></strong></span> <span class='ocrx_word' id='word_1_85' title='bbox 1858 1485 1965 1551; x_wconf 83' lang='grc' dir='ltr'>γὰρ</span> 
     </span>
    </p>
   </div>
   <div class='ocr_carea' id='block_1_13' title="bbox 388 1585 1966 1660">
    <p class='ocr_par' dir='ltr' id='par_1_13' title="bbox 388 1585 1966 1660">
     <span class='ocr_line' id='line_1_13' title="bbox 388 1585 1966 1660; baseline -0.004 -16"><span class='ocrx_word' id='word_1_86' title='bbox 388 1592 501 1644; x_wconf 92' lang='grc' dir='ltr'>τῶν</span> <span class='ocrx_word' id='word_1_87' title='bbox 527 1588 873 1660; x_wconf 84' lang='grc' dir='ltr'>στρατιωτῶν</span> <span class='ocrx_word' id='word_1_88' title='bbox 919 1589 1142 1642; x_wconf 76' lang='grc' dir='ltr'>ἐκείνων</span> <span class='ocrx_word' id='word_1_89' title='bbox 1181 1587 1453 1657; x_wconf 78' lang='grc' dir='ltr'>παρουσία</span> <span class='ocrx_word' id='word_1_90' title='bbox 1495 1585 1712 1640; x_wconf 81' lang='grc' dir='ltr'>διπλοῦν</span> <span class='ocrx_word' id='word_1_91' title='bbox 1759 1585 1966 1653; x_wconf 89' lang='grc' dir='ltr'>ἐγίνετο</span> 
     </span>
    </p>
   </div>
   <div class='ocr_carea' id='block_1_14' title="bbox 388 1685 1963 1762">
    <p class='ocr_par' dir='ltr' id='par_1_14' title="bbox 388 1685 1963 1762">
     <span class='ocr_line' id='line_1_14' title="bbox 388 1685 1963 1762; baseline -0.005 -18"><span class='ocrx_word' id='word_1_92' title='bbox 388 1695 459 1761; x_wconf 81' lang='grc' dir='ltr'>τῇ</span> <span class='ocrx_word' id='word_1_93' title='bbox 495 1692 780 1762; x_wconf 80' lang='grc' dir='ltr'>φιλοσοφίᾳ</span> <span class='ocrx_word' id='word_1_94' title='bbox 807 1695 866 1743; x_wconf 67' lang='grc' dir='ltr'>τὲ</span> <span class='ocrx_word' id='word_1_95' title='bbox 896 1689 1147 1760; x_wconf 84' lang='grc' dir='ltr'>κώλυμα.</span> <span class='ocrx_word' id='word_1_96' title='bbox 1195 1687 1459 1750; x_wconf 82' lang='grc' dir='ltr'>Πολλάκις</span> <span class='ocrx_word' id='word_1_97' title='bbox 1487 1687 1616 1756; x_wconf 91' lang='grc' dir='ltr'>γοῦν</span> <span class='ocrx_word' id='word_1_98' title='bbox 1653 1687 1806 1739; x_wconf 69' lang='grc' dir='ltr'>αὑτοὶ</span> <span class='ocrx_word' id='word_1_99' title='bbox 1841 1685 1963 1756; x_wconf 87' lang='grc' dir='ltr'>κρί-</span> 
     </span>
    </p>
   </div>
   <div class='ocr_carea' id='block_1_15' title="bbox 390 1785 1968 1862">
    <p class='ocr_par' dir='ltr' id='par_1_15' title="bbox 390 1785 1968 1862">
     <span class='ocr_line' id='line_1_15' title="bbox 390 1785 1968 1862; baseline -0.005 -17"><span class='ocrx_word' id='word_1_100' title='bbox 390 1809 585 1854; x_wconf 89' lang='grc' dir='ltr'>ναντες</span> <span class='ocrx_word' id='word_1_101' title='bbox 617 1791 783 1862; x_wconf 81' lang='grc' dir='ltr'>ὀργὴν</span> <span class='ocrx_word' id='word_1_102' title='bbox 811 1790 1056 1859; x_wconf 87' lang='grc' dir='ltr'>ἀφεῖναι,</span> <span class='ocrx_word' id='word_1_103' title='bbox 1101 1789 1195 1842; x_wconf 72' lang='grc' dir='ltr'>καὶ</span> <span class='ocrx_word' id='word_1_104' title='bbox 1236 1791 1586 1859; x_wconf 85' lang='grc' dir='ltr'>συγχωρῆσαι</span> <span class='ocrx_word' id='word_1_105' title='bbox 1618 1788 1685 1840; x_wconf 84' lang='grc' dir='ltr'>τά</span> <span class='ocrx_word' id='word_1_106' title='bbox 1719 1785 1968 1855; x_wconf 85' lang='grc' dir='ltr'>πεπλημ-</span> 
     </span>
    </p>
   </div>
   <div class='ocr_carea' id='block_1_16' title="bbox 395 1887 1966 1965">
    <p class='ocr_par' dir='ltr' id='par_1_16' title="bbox 395 1887 1966 1965">
     <span class='ocr_line' id='line_1_16' title="bbox 395 1887 1966 1965; baseline -0.006 -18"><span class='ocrx_word' id='word_1_107' title='bbox 395 1894 676 1965; x_wconf 83' lang='grc' dir='ltr'>μελημένα</span> <span class='ocrx_word' id='word_1_108' title='bbox 712 1893 839 1954; x_wconf 81' lang='grc' dir='ltr'>τινὶ,</span> <span class='ocrx_word' id='word_1_109' title='bbox 878 1891 1097 1944; x_wconf 82' lang='grc' dir='ltr'>ἐπειδὰν</span> <span class='ocrx_word' id='word_1_110' title='bbox 1133 1890 1328 1960; x_wconf 78' lang='grc' dir='ltr'>ἴδωμέν</span> <span class='ocrx_word' id='word_1_111' title='bbox 1372 1907 1526 1953; x_wconf 90' lang='grc' dir='ltr'>τινας</span> <span class='ocrx_word' id='word_1_112' title='bbox 1569 1887 1966 1960; x_wconf 77' lang='grc' dir='ltr'>παροξύνοντας</span> 
     </span>
    </p>
   </div>
   <div class='ocr_carea' id='block_1_17' title="bbox 390 1988 1964 2064">
    <p class='ocr_par' dir='ltr' id='par_1_17' title="bbox 390 1988 1964 2064">
     <span class='ocr_line' id='line_1_17' title="bbox 390 1988 1964 2064; baseline -0.005 -18"><span class='ocrx_word' id='word_1_113' title='bbox 390 1995 490 2046; x_wconf 73' lang='grc' dir='ltr'>καὶ</span> <span class='ocrx_word' id='word_1_114' title='bbox 516 1993 878 2064; x_wconf 84' lang='grc' dir='ltr'>διεγείροντας</span> <span class='ocrx_word' id='word_1_115' title='bbox 898 2032 913 2058; x_wconf 88' lang='grc'>,</span> <span class='ocrx_word' id='word_1_116' title='bbox 962 1992 1058 2063; x_wconf 82' lang='grc' dir='ltr'>τὴν</span> <span class='ocrx_word' id='word_1_117' title='bbox 1087 1992 1358 2064; x_wconf 79' lang='grc' dir='ltr'>ἡμετέραν</span> <span class='ocrx_word' id='word_1_118' title='bbox 1387 1990 1728 2059; x_wconf 87' lang='grc' dir='ltr'>καταλύομεν</span> <span class='ocrx_word' id='word_1_119' title='bbox 1764 1988 1964 2058; x_wconf 83' lang='grc' dir='ltr'>κρίσιν,</span> 
     </span>
    </p>
   </div>
   <div class='ocr_carea' id='block_1_18' title="bbox 388 2090 1967 2165">
    <p class='ocr_par' dir='ltr' id='par_1_18' title="bbox 388 2090 1967 2165">
     <span class='ocr_line' id='line_1_18' title="bbox 388 2090 1967 2165; baseline -0.005 -17"><span class='ocrx_word' id='word_1_120' title='bbox 388 2099 506 2158; x_wconf 86' lang='grc' dir='ltr'>τοῖς</span> <span class='ocrx_word' id='word_1_121' title='bbox 528 2095 752 2148; x_wconf 86' lang='grc' dir='ltr'>’ἐκείνων</span> <span class='ocrx_word' id='word_1_122' title='bbox 775 2095 1236 2165; x_wconf 85' lang='grc' dir='ltr'>παραπειθόμενοι</span> <span class='ocrx_word' id='word_1_123' title='bbox 1258 2094 1455 2162; x_wconf 78' lang='grc' dir='ltr'>λόγοις.</span> <span class='ocrx_word' id='word_1_124' title='bbox 1476 2091 1614 2145; x_wconf 85' lang='grc' dir='ltr'>Ἀλλ’</span> <span class='ocrx_word' id='word_1_125' title='bbox 1643 2093 1670 2144; x_wconf 97' lang='lat'>6</span> <span class='ocrx_word' id='word_1_126' title='bbox 1699 2090 1967 2161; x_wconf 87' lang='grc' dir='ltr'>μακάριος</span> 
     </span>
    </p>
   </div>
   <div class='ocr_carea' id='block_1_19' title="bbox 390 2193 1968 2264">
    <p class='ocr_par' dir='ltr' id='par_1_19' title="bbox 390 2193 1968 2264">
     <span class='ocr_line' id='line_1_19' title="bbox 390 2193 1968 2264; baseline -0.001 -18"><span class='ocrx_word' id='word_1_127' title='bbox 390 2196 599 2258; x_wconf 89' lang='grc' dir='ltr'>ἐκεῖνος</span> <span class='ocrx_word' id='word_1_128' title='bbox 620 2193 775 2246; x_wconf 91' lang='grc' dir='ltr'>τοῦτο</span> <span class='ocrx_word' id='word_1_129' title='bbox 807 2195 903 2246; x_wconf 87' lang='grc' dir='ltr'>οὑκ</span> <span class='ocrx_word' id='word_1_130' title='bbox 933 2194 1153 2262; x_wconf 83' lang='grc' dir='ltr'>ἔπαθεν,</span> <span class='ocrx_word' id='word_1_131' title='bbox 1183 2194 1318 2248; x_wconf 88' lang='grc' dir='ltr'>ἀλλά</span> <span class='ocrx_word' id='word_1_132' title='bbox 1349 2195 1443 2247; x_wconf 78' lang='grc' dir='ltr'>καὶ</span> <span class='ocrx_word' id='word_1_133' title='bbox 1467 2193 1608 2264; x_wconf 80' lang='grc' dir='ltr'>μετὰ</span> <span class='ocrx_word' id='word_1_134' title='bbox 1641 2195 1736 2263; x_wconf 79' lang='grc' dir='ltr'>τὴν</span> <span class='ocrx_word' id='word_1_135' title='bbox 1765 2193 1968 2262; x_wconf 85' lang='grc' dir='ltr'>παραί-</span> 
     </span>
    </p>
   </div>
   <div class='ocr_carea' id='block_1_20' title="bbox 391 2292 1970 2366">
    <p class='ocr_par' dir='ltr' id='par_1_20' title="bbox 391 2292 1970 2366">
     <span class='ocr_line' id='line_1_20' title="bbox 391 2292 1970 2366; baseline -0.001 -20"><span class='ocrx_word' id='word_1_136' title='bbox 391 2311 541 2347; x_wconf 89' lang='grc' dir='ltr'>νεσιν</span> <span class='ocrx_word' id='word_1_137' title='bbox 571 2293 663 2346; x_wconf 74' lang='grc' dir='ltr'>καὶ</span> <span class='ocrx_word' id='word_1_138' title='bbox 683 2295 781 2365; x_wconf 76' lang='grc' dir='ltr'>τὴν</span> <span class='ocrx_word' id='word_1_139' title='bbox 807 2294 1114 2366; x_wconf 78' lang='grc' dir='ltr'>συμϐουλὴν</span> <span class='ocrx_word' id='word_1_140' title='bbox 1140 2295 1304 2364; x_wconf 77' lang='grc' dir='ltr'>ἔμενε</span> <span class='ocrx_word' id='word_1_141' title='bbox 1331 2293 1428 2365; x_wconf 80' lang='grc' dir='ltr'>τήν</span> <span class='ocrx_word' id='word_1_142' title='bbox 1461 2292 1667 2346; x_wconf 86' lang='grc' dir='ltr'>οἰκείαν</span> <span class='ocrx_word' id='word_1_143' title='bbox 1696 2292 1970 2362; x_wconf 82' lang='grc' dir='ltr'>διατηρῶν</span> 
     </span>
    </p>
   </div>
   <div class='ocr_carea' id='block_1_21' title="bbox 389 2391 1970 2465">
    <p class='ocr_par' dir='ltr' id='par_1_21' title="bbox 389 2391 1970 2465">
     <span class='ocr_line' id='line_1_21' title="bbox 389 2391 1970 2465; baseline -0.003 -16"><span class='ocrx_word' id='word_1_144' title='bbox 389 2396 590 2464; x_wconf 72' lang='grc' dir='ltr'>ψῆφον.</span> <span class='ocrx_word' id='word_1_145' title='bbox 637 2397 744 2449; x_wconf 76' lang='grc' dir='ltr'>Καὶ</span> <span class='ocrx_word' id='word_1_146' title='bbox 787 2397 848 2448; x_wconf 92' lang='grc' dir='ltr'>οὑ</span> <span class='ocrx_word' id='word_1_147' title='bbox 879 2395 1036 2448; x_wconf 84' lang='grc' dir='ltr'>τοῦτο</span> <span class='ocrx_word' id='word_1_148' title='bbox 1072 2395 1230 2465; x_wconf 76' lang='grc' dir='ltr'>μόνον</span> <span class='ocrx_word' id='word_1_149' title='bbox 1267 2395 1385 2448; x_wconf 76' lang='grc' dir='ltr'>ἐστὶ</span> <span class='ocrx_word' id='word_1_150' title='bbox 1425 2394 1484 2446; x_wconf 85' lang='grc' dir='ltr'>τὸ</span> <span class='ocrx_word' id='word_1_151' title='bbox 1520 2391 1848 2463; x_wconf 85' lang='grc' dir='ltr'>θαυμαστὸν,</span> <span class='ocrx_word' id='word_1_152' title='bbox 1888 2393 1970 2445; x_wconf 84' lang='grc' dir='ltr'>ὅτι</span> 
     </span>
    </p>
   </div>
   <div class='ocr_carea' id='block_1_22' title="bbox 390 2494 1969 2569">
    <p class='ocr_par' dir='ltr' id='par_1_22' title="bbox 390 2494 1969 2569">
     <span class='ocr_line' id='line_1_22' title="bbox 390 2494 1969 2569; baseline -0.003 -18"><span class='ocrx_word' id='word_1_153' title='bbox 390 2497 518 2551; x_wconf 74' lang='grc' dir='ltr'>οὔτε</span> <span class='ocrx_word' id='word_1_154' title='bbox 548 2502 667 2562; x_wconf 89' lang='grc' dir='ltr'>ταῖς</span> <span class='ocrx_word' id='word_1_155' title='bbox 694 2500 824 2569; x_wconf 80' lang='grc' dir='ltr'>παρ’</span> <span class='ocrx_word' id='word_1_156' title='bbox 857 2499 1060 2567; x_wconf 87' lang='grc' dir='ltr'>ἐτέρων</span> <span class='ocrx_word' id='word_1_157' title='bbox 1104 2496 1430 2567; x_wconf 82' lang='grc' dir='ltr'>παρετράπη</span> <span class='ocrx_word' id='word_1_158' title='bbox 1475 2495 1822 2566; x_wconf 81' lang='grc' dir='ltr'>συμϐουλαῖς,</span> <span class='ocrx_word' id='word_1_159' title='bbox 1861 2494 1969 2546; x_wconf 80' lang='grc' dir='ltr'>οὐδ’</span> 
     </span>
    </p>
   </div>
   <div class='ocr_carea' id='block_1_23' title="bbox 389 2594 1973 2663">
    <p class='ocr_par' dir='ltr' id='par_1_23' title="bbox 389 2594 1973 2663">
     <span class='ocr_line' id='line_1_23' title="bbox 389 2594 1973 2663; baseline -0.006 -7"><span class='ocrx_word' id='word_1_160' title='bbox 389 2603 476 2656; x_wconf 85' lang='grc' dir='ltr'>ὅτι</span> <span class='ocrx_word' id='word_1_161' title='bbox 502 2600 696 2662; x_wconf 80' lang='grc' dir='ltr'>αὐτοὺς</span> <span class='ocrx_word' id='word_1_162' title='bbox 725 2599 824 2651; x_wconf 86' lang='grc' dir='ltr'>οὑκ</span> <span class='ocrx_word' id='word_1_163' title='bbox 853 2598 1075 2663; x_wconf 78' lang='grc' dir='ltr'>ἔδεισεν,</span> <span class='ocrx_word' id='word_1_164' title='bbox 1098 2598 1211 2651; x_wconf 88' lang='grc' dir='ltr'>ἀλλ’</span> <span class='ocrx_word' id='word_1_165' title='bbox 1241 2599 1321 2651; x_wconf 84' lang='grc' dir='ltr'>ὃτι</span> <span class='ocrx_word' id='word_1_166' title='bbox 1348 2597 1444 2650; x_wconf 75' lang='grc' dir='ltr'>καὶ</span> <span class='ocrx_word' id='word_1_167' title='bbox 1469 2597 1710 2659; x_wconf 81' lang='grc' dir='ltr'>ἐκείνους</span> <span class='ocrx_word' id='word_1_168' title='bbox 1737 2594 1806 2647; x_wconf 86' lang='grc' dir='ltr'>τά</span> <span class='ocrx_word' id='word_1_169' title='bbox 1831 2594 1973 2648; x_wconf 87' lang='grc' dir='ltr'>αὑτά</span> 
     </span>
    </p>
   </div>
   <div class='ocr_carea' id='block_1_24' title="bbox 391 2695 1974 2773">
    <p class='ocr_par' dir='ltr' id='par_1_24' title="bbox 391 2695 1974 2773">
     <span class='ocr_line' id='line_1_24' title="bbox 391 2695 1974 2773; baseline -0.006 -15"><span class='ocrx_word' id='word_1_170' title='bbox 391 2703 544 2773; x_wconf 80' lang='grc' dir='ltr'>αὐτῷ</span> <span class='ocrx_word' id='word_1_171' title='bbox 575 2703 883 2772; x_wconf 76' lang='grc' dir='ltr'>φιλοσοφεῖν</span> <span class='ocrx_word' id='word_1_172' title='bbox 913 2700 1311 2772; x_wconf 88' lang='grc' dir='ltr'>παρεσκεύασε.</span> <span class='ocrx_word' id='word_1_173' title='bbox 1347 2699 1506 2767; x_wconf 84' lang='grc' dir='ltr'>Μέγα</span> <span class='ocrx_word' id='word_1_174' title='bbox 1538 2699 1635 2770; x_wconf 78' lang='grc' dir='ltr'>μὲν</span> <span class='ocrx_word' id='word_1_175' title='bbox 1663 2697 1770 2768; x_wconf 77' lang='grc' dir='ltr'>γάρ</span> <span class='ocrx_word' id='word_1_176' title='bbox 1793 2700 1852 2749; x_wconf 89' lang='grc' dir='ltr'>τὸ</span> <span class='ocrx_word' id='word_1_177' title='bbox 1877 2695 1974 2749; x_wconf 72' lang='grc' dir='ltr'>καὶ</span> 
     </span>
    </p>
   </div>
   <div class='ocr_carea' id='block_1_25' title="bbox 392 2798 1969 2873">
    <p class='ocr_par' dir='ltr' id='par_1_25' title="bbox 392 2798 1969 2873">
     <span class='ocr_line' id='line_1_25' title="bbox 392 2798 1969 2873; baseline -0.004 -15"><span class='ocrx_word' id='word_1_178' title='bbox 392 2806 560 2858; x_wconf 90' lang='grc' dir='ltr'>αὑτόν</span> <span class='ocrx_word' id='word_1_179' title='bbox 589 2821 707 2858; x_wconf 89' lang='grc' dir='ltr'>τινα</span> <span class='ocrx_word' id='word_1_180' title='bbox 747 2805 856 2857; x_wconf 89' lang='grc' dir='ltr'>τῶν</span> <span class='ocrx_word' id='word_1_181' title='bbox 895 2805 1110 2856; x_wconf 76' lang='grc' dir='ltr'>οἰκείων</span> <span class='ocrx_word' id='word_1_182' title='bbox 1159 2801 1540 2873; x_wconf 79' lang='grc' dir='ltr'>περιγενέσθαι</span> <span class='ocrx_word' id='word_1_183' title='bbox 1578 2799 1798 2854; x_wconf 88' lang='grc' dir='ltr'>παθῶν·</span> <span class='ocrx_word' id='word_1_184' title='bbox 1835 2798 1969 2852; x_wconf 90' lang='grc' dir='ltr'>πολὺ</span> 
     </span>
    </p>
   </div>
   <div class='ocr_carea' id='block_1_26' title="bbox 391 2901 1970 2978">
    <p class='ocr_par' dir='ltr' id='par_1_26' title="bbox 391 2901 1970 2978">
     <span class='ocr_line' id='line_1_26' title="bbox 391 2901 1970 2978; baseline -0.006 -15"><span class='ocrx_word' id='word_1_185' title='bbox 391 2909 454 2963; x_wconf 85' lang='grc' dir='ltr'>δὲ</span> <span class='ocrx_word' id='word_1_186' title='bbox 475 2908 657 2978; x_wconf 76' lang='grc' dir='ltr'>μεῖζον</span> <span class='ocrx_word' id='word_1_187' title='bbox 677 2908 735 2961; x_wconf 78' lang='grc' dir='ltr'>τὸ</span> <span class='ocrx_word' id='word_1_188' title='bbox 764 2908 855 2960; x_wconf 72' lang='grc' dir='ltr'>καὶ</span> <span class='ocrx_word' id='word_1_189' title='bbox 881 2907 1100 2977; x_wconf 85' lang='grc' dir='ltr'>ἐτέρους</span> <span class='ocrx_word' id='word_1_190' title='bbox 1128 2905 1422 2976; x_wconf 87' lang='grc' dir='ltr'>δυνηθῆναι</span> <span class='ocrx_word' id='word_1_191' title='bbox 1447 2906 1654 2969; x_wconf 87' lang='grc' dir='ltr'>πεῖσαι,</span> <span class='ocrx_word' id='word_1_192' title='bbox 1682 2904 1779 2972; x_wconf 82' lang='grc' dir='ltr'>τὴν</span> <span class='ocrx_word' id='word_1_193' title='bbox 1800 2901 1970 2972; x_wconf 79' lang='grc' dir='ltr'>αὐτὴν</span> 
     </span>
    </p>
   </div>
   <div class='ocr_carea' id='block_1_27' title="bbox 393 3004 1971 3081">
    <p class='ocr_par' dir='ltr' id='par_1_27' title="bbox 393 3004 1971 3081">
     <span class='ocr_line' id='line_1_27' title="bbox 393 3004 1971 3081; baseline -0.006 -17"><span class='ocrx_word' id='word_1_194' title='bbox 393 3011 546 3081; x_wconf 85' lang='grc' dir='ltr'>αὑτῷ</span> <span class='ocrx_word' id='word_1_195' title='bbox 578 3007 882 3080; x_wconf 81' lang='grc' dir='ltr'>κτήσασθαι</span> <span class='ocrx_word' id='word_1_196' title='bbox 907 3007 1158 3078; x_wconf 82' lang='grc' dir='ltr'>γνώμην·</span> <span class='ocrx_word' id='word_1_197' title='bbox 1191 3008 1284 3059; x_wconf 73' lang='grc' dir='ltr'>καὶ</span> <span class='ocrx_word' id='word_1_198' title='bbox 1313 3005 1549 3076; x_wconf 81' lang='grc' dir='ltr'>ἐτέρους,</span> <span class='ocrx_word' id='word_1_199' title='bbox 1582 3004 1682 3056; x_wconf 89' lang='grc' dir='ltr'>οὑκ</span> <span class='ocrx_word' id='word_1_200' title='bbox 1710 3005 1971 3066; x_wconf 80' lang='grc' dir='ltr'>ἐπιεικεῖς</span> 
     </span>
    </p>
   </div>
   <div class='ocr_carea' id='block_1_28' title="bbox 393 3102 1974 3182">
    <p class='ocr_par' dir='ltr' id='par_1_28' title="bbox 393 3102 1974 3182">
     <span class='ocr_line' id='line_1_28' title="bbox 393 3102 1974 3182; baseline -0.007 -17"><span class='ocrx_word' id='word_1_201' title='bbox 393 3111 717 3182; x_wconf 83' lang='grc' dir='ltr'>ἀνθρώπους</span> <span class='ocrx_word' id='word_1_202' title='bbox 745 3110 839 3163; x_wconf 84' lang='grc' dir='ltr'>καί</span> <span class='ocrx_word' id='word_1_203' title='bbox 870 3109 1143 3180; x_wconf 87' lang='grc' dir='ltr'>μετρίους,</span> <span class='ocrx_word' id='word_1_204' title='bbox 1170 3107 1305 3161; x_wconf 86' lang='grc' dir='ltr'>ἀλλά</span> <span class='ocrx_word' id='word_1_205' title='bbox 1333 3106 1666 3177; x_wconf 86' lang='grc' dir='ltr'>στρατιώτας</span> <span class='ocrx_word' id='word_1_206' title='bbox 1693 3106 1789 3158; x_wconf 73' lang='grc' dir='ltr'>καὶ</span> <span class='ocrx_word' id='word_1_207' title='bbox 1817 3102 1974 3155; x_wconf 89' lang='grc' dir='ltr'>πολε-</span> 
     </span>
    </p>
   </div>
   <div class='ocr_carea' id='block_1_29' title="bbox 398 3207 1973 3287">
    <p class='ocr_par' dir='ltr' id='par_1_29' title="bbox 398 3207 1973 3287">
     <span class='ocr_line' id='line_1_29' title="bbox 398 3207 1973 3287; baseline -0.006 -19"><span class='ocrx_word' id='word_1_208' title='bbox 398 3219 521 3286; x_wconf 87' lang='grc' dir='ltr'>μεῖν</span> <span class='ocrx_word' id='word_1_209' title='bbox 571 3214 957 3287; x_wconf 83' lang='grc' dir='ltr'>μεμαθηκότας</span> <span class='ocrx_word' id='word_1_210' title='bbox 977 3251 992 3276; x_wconf 90' lang='grc'>,</span> <span class='ocrx_word' id='word_1_211' title='bbox 1039 3212 1133 3265; x_wconf 78' lang='grc' dir='ltr'>καὶ</span> <span class='ocrx_word' id='word_1_212' title='bbox 1176 3213 1287 3274; x_wconf 87' lang='grc' dir='ltr'>τοῖς</span> <span class='ocrx_word' id='word_1_213' title='bbox 1339 3209 1550 3273; x_wconf 87' lang='grc' dir='ltr'>πολλοῖς</span> <span class='ocrx_word' id='word_1_214' title='bbox 1583 3207 1973 3277; x_wconf 82' lang='grc' dir='ltr'>ἀπεγνωκότας</span> 
     </span>
    </p>
   </div>
   <div class='ocr_carea' id='block_1_30' title="bbox 395 3309 1972 3385">
    <p class='ocr_par' dir='ltr' id='par_1_30' title="bbox 395 3309 1972 3385">
     <span class='ocr_line' id='line_1_30' title="bbox 395 3309 1972 3385; baseline -0.007 -15"><span class='ocrx_word' id='word_1_215' title='bbox 395 3317 601 3381; x_wconf 87' lang='grc' dir='ltr'>πόνοις,</span> <span class='ocrx_word' id='word_1_216' title='bbox 631 3315 723 3368; x_wconf 76' lang='grc' dir='ltr'>καὶ</span> <span class='ocrx_word' id='word_1_217' title='bbox 753 3314 946 3385; x_wconf 81' lang='grc' dir='ltr'>μικρὸν</span> <span class='ocrx_word' id='word_1_218' title='bbox 974 3311 1310 3366; x_wconf 82' lang='grc' dir='ltr'>ἀναπνεῦσαι</span> <span class='ocrx_word' id='word_1_219' title='bbox 1332 3309 1752 3381; x_wconf 90' lang='grc' dir='ltr'>ἐπιθυμοῦντας,</span> <span class='ocrx_word' id='word_1_220' title='bbox 1775 3309 1870 3362; x_wconf 72' lang='grc' dir='ltr'>καὶ</span> <span class='ocrx_word' id='word_1_221' title='bbox 1895 3309 1972 3360; x_wconf 84' lang='grc' dir='ltr'>εί⁴</span> 
     </span>
    </p>
   </div>
   <div class='ocr_carea' id='block_1_31' title="bbox 393 3412 1974 3486">
    <p class='ocr_par' dir='ltr' id='par_1_31' title="bbox 393 3412 1974 3486">
     <span class='ocr_line' id='line_1_31' title="bbox 393 3412 1974 3486; baseline -0.006 -13"><span class='ocrx_word' id='word_1_222' title='bbox 393 3421 554 3481; x_wconf 85' lang='grc' dir='ltr'>δότας</span> <span class='ocrx_word' id='word_1_223' title='bbox 587 3421 669 3471; x_wconf 85' lang='grc' dir='ltr'>ὅτι</span> <span class='ocrx_word' id='word_1_224' title='bbox 694 3419 801 3470; x_wconf 90' lang='grc' dir='ltr'>τῶν</span> <span class='ocrx_word' id='word_1_225' title='bbox 831 3415 1016 3470; x_wconf 84' lang='grc' dir='ltr'>κακῶν</span> <span class='ocrx_word' id='word_1_226' title='bbox 1049 3417 1082 3486; x_wconf 82' lang='grc' dir='ltr'>ἡ</span> <span class='ocrx_word' id='word_1_227' title='bbox 1115 3415 1268 3477; x_wconf 85' lang='grc' dir='ltr'>λύσις</span> <span class='ocrx_word' id='word_1_228' title='bbox 1293 3415 1442 3468; x_wconf 75' lang='grc' dir='ltr'>πᾶσα</span> <span class='ocrx_word' id='word_1_229' title='bbox 1486 3415 1543 3466; x_wconf 92' lang='grc' dir='ltr'>ἐν</span> <span class='ocrx_word' id='word_1_230' title='bbox 1576 3415 1641 3484; x_wconf 81' lang='grc' dir='ltr'>τῇ</span> <span class='ocrx_word' id='word_1_231' title='bbox 1687 3413 1780 3466; x_wconf 90' lang='grc' dir='ltr'>τοῦ</span> <span class='ocrx_word' id='word_1_232' title='bbox 1814 3412 1974 3465; x_wconf 85' lang='grc' dir='ltr'>πολε-</span> 
     </span>
    </p>
   </div>
   <div class='ocr_carea' id='block_1_32' title="bbox 400 3516 1972 3594">
    <p class='ocr_par' dir='ltr' id='par_1_32' title="bbox 400 3516 1972 3594">
     <span class='ocr_line' id='line_1_32' title="bbox 400 3516 1972 3594; baseline -0.006 -18"><span class='ocrx_word' id='word_1_233' title='bbox 400 3524 528 3594; x_wconf 86' lang='grc' dir='ltr'>μίου</span> <span class='ocrx_word' id='word_1_234' title='bbox 571 3524 752 3592; x_wconf 82' lang='grc' dir='ltr'>σφαγῇ</span> <span class='ocrx_word' id='word_1_235' title='bbox 792 3523 914 3574; x_wconf 89' lang='grc' dir='ltr'>τότε</span> <span class='ocrx_word' id='word_1_236' title='bbox 947 3519 1155 3573; x_wconf 79' lang='grc' dir='ltr'>έκειτο’</span> <span class='ocrx_word' id='word_1_237' title='bbox 1205 3518 1265 3571; x_wconf 89' lang='grc' dir='ltr'>οὑ</span> <span class='ocrx_word' id='word_1_238' title='bbox 1303 3517 1462 3586; x_wconf 88' lang='grc' dir='ltr'>μόνον</span> <span class='ocrx_word' id='word_1_239' title='bbox 1498 3517 1555 3570; x_wconf 86' lang='grc' dir='ltr'>δέ</span> <span class='ocrx_word' id='word_1_240' title='bbox 1584 3516 1736 3580; x_wconf 80' lang='grc' dir='ltr'>λύσις</span> <span class='ocrx_word' id='word_1_241' title='bbox 1763 3516 1972 3586; x_wconf 84' lang='grc' dir='ltr'>κακῶν,</span> 
     </span>
    </p>
   </div>
   <div class='ocr_carea' id='block_1_33' title="bbox 397 3617 1974 3694">
    <p class='ocr_par' dir='ltr' id='par_1_33' title="bbox 397 3617 1974 3694">
     <span class='ocr_line' id='line_1_33' title="bbox 397 3617 1974 3694; baseline -0.005 -15"><span class='ocrx_word' id='word_1_242' title='bbox 397 3624 536 3679; x_wconf 81' lang='grc' dir='ltr'>ἀλλά</span> <span class='ocrx_word' id='word_1_243' title='bbox 559 3623 654 3676; x_wconf 70' lang='grc' dir='ltr'>καὶ</span> <span class='ocrx_word' id='word_1_244' title='bbox 675 3623 884 3694; x_wconf 89' lang='grc' dir='ltr'>μυρίων</span> <span class='ocrx_word' id='word_1_245' title='bbox 914 3622 1106 3692; x_wconf 87' lang='grc' dir='ltr'>κτῆσις</span> <span class='ocrx_word' id='word_1_246' title='bbox 1125 3620 1347 3688; x_wconf 86' lang='grc' dir='ltr'>ἀγαθῶν</span> <span class='ocrx_word' id='word_1_247' title='bbox 1367 3635 1379 3648; x_wconf 90' lang='grc'><strong>·</strong></span> <span class='ocrx_word' id='word_1_248' title='bbox 1406 3620 1557 3673; x_wconf 78' lang='grc' dir='ltr'>οὐδὲν</span> <span class='ocrx_word' id='word_1_249' title='bbox 1578 3619 1686 3688; x_wconf 83' lang='grc' dir='ltr'>γὰρ</span> <span class='ocrx_word' id='word_1_250' title='bbox 1715 3617 1974 3685; x_wconf 88' lang='grc' dir='ltr'>ἐκώλυεν,</span> 
     </span>
    </p>
   </div>
   <div class='ocr_carea' id='block_1_34' title="bbox 397 3719 1978 3793">
    <p class='ocr_par' dir='ltr' id='par_1_34' title="bbox 397 3719 1978 3793">
     <span class='ocr_line' id='line_1_34' title="bbox 397 3719 1978 3793; baseline -0.004 -15"><span class='ocrx_word' id='word_1_251' title='bbox 397 3726 612 3780; x_wconf 79' lang='grc' dir='ltr'>ἐκείνου</span> <span class='ocrx_word' id='word_1_252' title='bbox 647 3724 966 3793; x_wconf 82' lang='grc' dir='ltr'>σφαγέντος,</span> <span class='ocrx_word' id='word_1_253' title='bbox 1014 3724 1107 3777; x_wconf 89' lang='grc' dir='ltr'>ἐπι</span> <span class='ocrx_word' id='word_1_254' title='bbox 1137 3723 1324 3776; x_wconf 90' lang='grc' dir='ltr'>τοῦτον</span> <span class='ocrx_word' id='word_1_255' title='bbox 1358 3721 1558 3784; x_wconf 84' lang='grc' dir='ltr'>εὐθέως</span> <span class='ocrx_word' id='word_1_256' title='bbox 1591 3719 1840 3791; x_wconf 88' lang='grc' dir='ltr'>διαϐῆναι</span> <span class='ocrx_word' id='word_1_257' title='bbox 1879 3719 1978 3789; x_wconf 80' lang='grc' dir='ltr'>τὴν</span> 
     </span>
    </p>
   </div>
   <div class='ocr_carea' id='block_1_35' title="bbox 403 3819 1977 3900">
    <p class='ocr_par' dir='ltr' id='par_1_35' title="bbox 403 3819 1977 3900">
     <span class='ocr_line' id='line_1_35' title="bbox 403 3819 1977 3900; baseline -0.008 -18"><span class='ocrx_word' id='word_1_258' title='bbox 403 3827 698 3900; x_wconf 83' lang='grc' dir='ltr'>βασιλείαν.</span> <span class='ocrx_word' id='word_1_259' title='bbox 739 3826 878 3879; x_wconf 81' lang='grc' dir='ltr'>Ἀλλ’</span> <span class='ocrx_word' id='word_1_260' title='bbox 908 3826 1056 3894; x_wconf 84' lang='grc' dir='ltr'>ὅμως</span> <span class='ocrx_word' id='word_1_261' title='bbox 1100 3824 1370 3877; x_wconf 83' lang='grc' dir='ltr'>τοσούτων</span> <span class='ocrx_word' id='word_1_262' title='bbox 1398 3823 1568 3876; x_wconf 79' lang='grc' dir='ltr'>ὄντων</span> <span class='ocrx_word' id='word_1_263' title='bbox 1598 3822 1706 3873; x_wconf 90' lang='grc' dir='ltr'>τῶν</span> <span class='ocrx_word' id='word_1_264' title='bbox 1737 3819 1977 3887; x_wconf 80' lang='grc' dir='ltr'>παροξυ-</span> 
     </span>
    </p>
   </div>
   <div class='ocr_carea' id='block_1_36' title="bbox 401 3923 1980 3998">
    <p class='ocr_par' dir='ltr' id='par_1_36' title="bbox 401 3923 1980 3998">
     <span class='ocr_line' id='line_1_36' title="bbox 401 3923 1980 3998; baseline -0.008 -13"><span class='ocrx_word' id='word_1_265' title='bbox 401 3931 603 3985; x_wconf 90' lang='grc' dir='ltr'>νόντων</span> <span class='ocrx_word' id='word_1_266' title='bbox 632 3930 756 3992; x_wconf 80' lang='grc' dir='ltr'>τοὺς</span> <span class='ocrx_word' id='word_1_267' title='bbox 791 3924 1148 3998; x_wconf 86' lang='grc' dir='ltr'>στρατιώτας,</span> <span class='ocrx_word' id='word_1_268' title='bbox 1180 3925 1397 3994; x_wconf 74' lang='grc' dir='ltr'>ἴσχυσεν</span> <span class='ocrx_word' id='word_1_269' title='bbox 1443 3925 1471 3976; x_wconf 92' lang='lat'>6</span> <span class='ocrx_word' id='word_1_270' title='bbox 1499 3925 1743 3990; x_wconf 84' lang='grc' dir='ltr'>γενναῖος</span> <span class='ocrx_word' id='word_1_271' title='bbox 1772 3923 1980 3984; x_wconf 87' lang='grc' dir='ltr'>ἐκεῖνος</span> 
     </span>
    </p>
   </div>
   <div class='ocr_carea' id='block_1_37' title="bbox 400 4021 1978 4100">
    <p class='ocr_par' dir='ltr' id='par_1_37' title="bbox 400 4021 1978 4100">
     <span class='ocr_line' id='line_1_37' title="bbox 400 4021 1978 4100; baseline -0.009 -13"><span class='ocrx_word' id='word_1_272' title='bbox 400 4034 622 4088; x_wconf 88' lang='grc' dir='ltr'>πάντων</span> <span class='ocrx_word' id='word_1_273' title='bbox 653 4027 1033 4100; x_wconf 80' lang='grc' dir='ltr'>περιγενέσθαι</span> <span class='ocrx_word' id='word_1_274' title='bbox 1067 4026 1294 4092; x_wconf 88' lang='grc' dir='ltr'>τούτων,</span> <span class='ocrx_word' id='word_1_275' title='bbox 1335 4025 1430 4079; x_wconf 79' lang='grc' dir='ltr'>καὶ</span> <span class='ocrx_word' id='word_1_276' title='bbox 1460 4027 1642 4077; x_wconf 90' lang='grc' dir='ltr'>πεῖσαι</span> <span class='ocrx_word' id='word_1_277' title='bbox 1691 4021 1978 4092; x_wconf 85' lang='grc' dir='ltr'>φείσασθαι</span> 
     </span>
    </p>
   </div>
   <div class='ocr_carea' id='block_1_38' title="bbox 401 4118 817 4190">
    <p class='ocr_par' dir='ltr' id='par_1_38' title="bbox 401 4118 817 4190">
     <span class='ocr_line' id='line_1_38' title="bbox 401 4118 817 4190; baseline -0.014 -15"><span class='ocrx_word' id='word_1_278' title='bbox 401 4122 497 4175; x_wconf 86' lang='grc' dir='ltr'>τοῦ</span> <span class='ocrx_word' id='word_1_279' title='bbox 538 4118 817 4190; x_wconf 87' lang='grc' dir='ltr'>πολεμίου.</span> 
     </span>
    </p>
   </div>
   <div class='ocr_carea' id='block_1_39' title="bbox 480 4217 1982 4296">
    <p class='ocr_par' dir='ltr' id='par_1_39' title="bbox 480 4217 1982 4296">
     <span class='ocr_line' id='line_1_39' title="bbox 480 4217 1982 4296; baseline -0.007 -16"><span class='ocrx_word' id='word_1_280' title='bbox 480 4227 666 4293; x_wconf 82' lang='grc' dir='ltr'>Ἀξιον</span> <span class='ocrx_word' id='word_1_281' title='bbox 687 4225 744 4280; x_wconf 85' lang='grc' dir='ltr'>δὲ</span> <span class='ocrx_word' id='word_1_282' title='bbox 775 4225 869 4278; x_wconf 74' lang='grc' dir='ltr'>καὶ</span> <span class='ocrx_word' id='word_1_283' title='bbox 894 4225 1065 4296; x_wconf 86' lang='grc' dir='ltr'>αὐτῆς</span> <span class='ocrx_word' id='word_1_284' title='bbox 1101 4224 1330 4278; x_wconf 86' lang='grc' dir='ltr'>ἀκοῦσαι</span> <span class='ocrx_word' id='word_1_285' title='bbox 1356 4223 1464 4276; x_wconf 81' lang='grc' dir='ltr'>τῶν</span> <span class='ocrx_word' id='word_1_286' title='bbox 1506 4217 1850 4292; x_wconf 87' lang='grc' dir='ltr'>στρατιωτῶν</span> <span class='ocrx_word' id='word_1_287' title='bbox 1883 4217 1982 4287; x_wconf 88' lang='grc' dir='ltr'>τῆς</span> 
     </span>
    </p>
   </div>
   <div class='ocr_carea' id='block_1_40' title="bbox 406 4305 1982 4386">
    <p class='ocr_par' dir='ltr' id='par_1_40' title="bbox 406 4305 1982 4386">
     <span class='ocr_line' id='line_1_40' title="bbox 406 4305 1982 4386; baseline -0.008 -17"><span class='ocrx_word' id='word_1_288' title='bbox 406 4316 750 4386; x_wconf 81' lang='grc' dir='ltr'>συμϐουλῆς⁸</span> <span class='ocrx_word' id='word_1_289' title='bbox 794 4316 828 4384; x_wconf 86' lang='grc' dir='ltr'>ἡ</span> <span class='ocrx_word' id='word_1_290' title='bbox 882 4314 990 4385; x_wconf 83' lang='grc' dir='ltr'>γὰρ</span> <span class='ocrx_word' id='word_1_291' title='bbox 1028 4312 1333 4382; x_wconf 86' lang='grc' dir='ltr'>κακουργία</span> <span class='ocrx_word' id='word_1_292' title='bbox 1371 4311 1470 4380; x_wconf 90' lang='grc' dir='ltr'>τῆς</span> <span class='ocrx_word' id='word_1_293' title='bbox 1514 4309 1887 4380; x_wconf 84' lang='grc' dir='ltr'>παραινέσεως</span> <span class='ocrx_word' id='word_1_294' title='bbox 1922 4305 1982 4358; x_wconf 86' lang='grc' dir='ltr'>τὸ</span> 
     </span>
    </p>
   </div>
   <div class='ocr_carea' id='block_1_41' title="bbox 407 4395 1983 4476">
    <p class='ocr_par' dir='ltr' id='par_1_41' title="bbox 407 4395 1983 4476">
     <span class='ocr_line' id='line_1_41' title="bbox 407 4395 1983 4476; baseline -0.008 -18"><span class='ocrx_word' id='word_1_295' title='bbox 407 4404 638 4476; x_wconf 76' lang='grc' dir='ltr'>στερρὸν</span> <span class='ocrx_word' id='word_1_296' title='bbox 669 4403 763 4456; x_wconf 77' lang='grc' dir='ltr'>καὶ</span> <span class='ocrx_word' id='word_1_297' title='bbox 801 4401 1198 4472; x_wconf 86' lang='grc' dir='ltr'>ἀπερίτρεπτον</span> <span class='ocrx_word' id='word_1_298' title='bbox 1231 4400 1330 4468; x_wconf 88' lang='grc' dir='ltr'>τῆς</span> <span class='ocrx_word' id='word_1_299' title='bbox 1363 4397 1456 4450; x_wconf 90' lang='grc' dir='ltr'>τοῦ</span> <span class='ocrx_word' id='word_1_300' title='bbox 1501 4397 1710 4449; x_wconf 90' lang='grc' dir='ltr'>δικαίου</span> <span class='ocrx_word' id='word_1_301' title='bbox 1747 4395 1983 4448; x_wconf 88' lang='grc' dir='ltr'>δείκνυσι</span> 
     </span>
    </p>
   </div>
   <div class='ocr_carea' id='block_1_42' title="bbox 405 4481 1984 4562">
    <p class='ocr_par' dir='ltr' id='par_1_42' title="bbox 405 4481 1984 4562">
     <span class='ocr_line' id='line_1_42' title="bbox 405 4481 1984 4562; baseline -0.009 -16"><span class='ocrx_word' id='word_1_302' title='bbox 405 4492 654 4562; x_wconf 84' lang='grc' dir='ltr'>γνώμης.</span> <span class='ocrx_word' id='word_1_303' title='bbox 701 4490 834 4543; x_wconf 77' lang='grc' dir='ltr'>υὺδέ</span> <span class='ocrx_word' id='word_1_304' title='bbox 878 4487 985 4556; x_wconf 84' lang='grc' dir='ltr'>γὰρ</span> <span class='ocrx_word' id='word_1_305' title='bbox 1030 4482 1216 4540; x_wconf 74' lang='grc' dir='ltr'>εἶπονο</span> <span class='ocrx_word' id='word_1_306' title='bbox 1254 4484 1383 4537; x_wconf 85' lang='grc' dir='ltr'>Ἰδοὺ</span> <span class='ocrx_word' id='word_1_307' title='bbox 1417 4486 1445 4536; x_wconf 94' lang='lat'>6</span> <span class='ocrx_word' id='word_1_308' title='bbox 1490 4483 1659 4554; x_wconf 82' lang='grc' dir='ltr'>μυρία</span> <span class='ocrx_word' id='word_1_309' title='bbox 1691 4499 1750 4534; x_wconf 92' lang='grc' dir='ltr'>σε</span> <span class='ocrx_word' id='word_1_310' title='bbox 1781 4481 1984 4543; x_wconf 68' lang='grc' dir='ltr'>διαθεὶς</span> 
     </span>
    </p>
   </div>
   <div class='ocr_carea' id='block_1_43' title="bbox 407 4567 1984 4645">
    <p class='ocr_par' dir='ltr' id='par_1_43' title="bbox 407 4567 1984 4645">
     <span class='ocr_line' id='line_1_43' title="bbox 407 4567 1984 4645; baseline -0.007 -14"><span class='ocrx_word' id='word_1_311' title='bbox 407 4576 556 4631; x_wconf 87' lang='grc' dir='ltr'>κακά</span> <span class='ocrx_word' id='word_1_312' title='bbox 576 4619 590 4640; x_wconf 94' lang='grc'>,</span> <span class='ocrx_word' id='word_1_313' title='bbox 625 4578 653 4628; x_wconf 88' lang='lat'>6</span> <span class='ocrx_word' id='word_1_314' title='bbox 679 4575 778 4645; x_wconf 87' lang='grc' dir='ltr'>τῆς</span> <span class='ocrx_word' id='word_1_315' title='bbox 813 4574 1026 4644; x_wconf 83' lang='grc' dir='ltr'>σφαγῆς</span> <span class='ocrx_word' id='word_1_316' title='bbox 1058 4571 1404 4642; x_wconf 80' lang='grc' dir='ltr'>ἐπιθυμήσας</span> <span class='ocrx_word' id='word_1_317' title='bbox 1431 4571 1528 4640; x_wconf 85' lang='grc' dir='ltr'>τῆς</span> <span class='ocrx_word' id='word_1_318' title='bbox 1557 4569 1676 4640; x_wconf 84' lang='grc' dir='ltr'>σῆς,</span> <span class='ocrx_word' id='word_1_319' title='bbox 1704 4569 1732 4620; x_wconf 89' lang='lat'>6</span> <span class='ocrx_word' id='word_1_320' title='bbox 1757 4567 1984 4638; x_wconf 83' lang='grc' dir='ltr'>περιϐα-</span> 
     </span>
    </p>
   </div>
   <div class='ocr_carea' id='block_1_44' title="bbox 407 4657 1984 4734">
    <p class='ocr_par' dir='ltr' id='par_1_44' title="bbox 407 4657 1984 4734">
     <span class='ocr_line' id='line_1_44' title="bbox 407 4657 1984 4734; baseline -0.008 -16"><span class='ocrx_word' id='word_1_321' title='bbox 407 4665 516 4719; x_wconf 88' lang='grc' dir='ltr'>λὼν</span> <span class='ocrx_word' id='word_1_322' title='bbox 545 4665 690 4734; x_wconf 79' lang='grc' dir='ltr'>ἡμᾶς</span> <span class='ocrx_word' id='word_1_323' title='bbox 734 4664 845 4724; x_wconf 87' lang='grc' dir='ltr'>τοῖς</span> <span class='ocrx_word' id='word_1_324' title='bbox 875 4660 1190 4730; x_wconf 86' lang='grc' dir='ltr'>ἀνηκέστοις</span> <span class='ocrx_word' id='word_1_325' title='bbox 1228 4659 1416 4720; x_wconf 86' lang='grc' dir='ltr'>δεινοῖς</span> <span class='ocrx_word' id='word_1_326' title='bbox 1439 4674 1452 4687; x_wconf 92' lang='grc'><strong>·</strong></span> <span class='ocrx_word' id='word_1_327' title='bbox 1496 4657 1608 4709; x_wconf 84' lang='grc' dir='ltr'>ἀλλ’</span> <span class='ocrx_word' id='word_1_328' title='bbox 1641 4657 1825 4725; x_wconf 81' lang='grc' dir='ltr'>ἐπειδὴ</span> <span class='ocrx_word' id='word_1_329' title='bbox 1857 4672 1984 4707; x_wconf 89' lang='grc' dir='ltr'>συν-</span> 
     </span>
    </p>
   </div>
   <div class='ocr_carea' id='block_1_45' title="bbox 407 4743 1985 4817">
    <p class='ocr_par' dir='ltr' id='par_1_45' title="bbox 407 4743 1985 4817">
     <span class='ocr_line' id='line_1_45' title="bbox 407 4743 1985 4817; baseline -0.007 -12"><span class='ocrx_word' id='word_1_330' title='bbox 407 4753 548 4805; x_wconf 73' lang='grc' dir='ltr'>εῖδον</span> <span class='ocrx_word' id='word_1_331' title='bbox 583 4753 662 4805; x_wconf 78' lang='grc' dir='ltr'>ὅτι</span> <span class='ocrx_word' id='word_1_332' title='bbox 693 4751 907 4805; x_wconf 87' lang='grc' dir='ltr'>πάντων</span> <span class='ocrx_word' id='word_1_333' title='bbox 932 4750 1134 4800; x_wconf 89' lang='grc' dir='ltr'>τούτων</span> <span class='ocrx_word' id='word_1_334' title='bbox 1164 4743 1451 4817; x_wconf 85' lang='grc' dir='ltr'>ὑπερεώρα</span> <span class='ocrx_word' id='word_1_335' title='bbox 1471 4784 1486 4806; x_wconf 85' lang='grc'>,</span> <span class='ocrx_word' id='word_1_336' title='bbox 1530 4745 1623 4796; x_wconf 73' lang='grc' dir='ltr'>καὶ</span> <span class='ocrx_word' id='word_1_337' title='bbox 1653 4743 1758 4796; x_wconf 89' lang='grc' dir='ltr'>τῶν</span> <span class='ocrx_word' id='word_1_338' title='bbox 1784 4745 1861 4805; x_wconf 88' lang='grc' dir='ltr'>εἰς</span> <span class='ocrx_word' id='word_1_339' title='bbox 1889 4744 1985 4795; x_wconf 78' lang='grc' dir='ltr'>αὑ-</span> 
     </span>
    </p>
   </div>
   <div class='ocr_carea' id='block_1_46' title="bbox 408 4831 1985 4910">
    <p class='ocr_par' dir='ltr' id='par_1_46' title="bbox 408 4831 1985 4910">
     <span class='ocr_line' id='line_1_46' title="bbox 408 4831 1985 4910; baseline -0.005 -18"><span class='ocrx_word' id='word_1_340' title='bbox 408 4839 500 4894; x_wconf 80' lang='grc' dir='ltr'>τὸν</span> <span class='ocrx_word' id='word_1_341' title='bbox 545 4836 950 4910; x_wconf 82' lang='grc' dir='ltr'>ἡμαρτημένων</span> <span class='ocrx_word' id='word_1_342' title='bbox 974 4835 1034 4887; x_wconf 87' lang='grc' dir='ltr'>οὑ</span> <span class='ocrx_word' id='word_1_343' title='bbox 1069 4833 1233 4888; x_wconf 82' lang='grc' dir='ltr'>πολὺν</span> <span class='ocrx_word' id='word_1_344' title='bbox 1263 4835 1493 4886; x_wconf 86' lang='grc' dir='ltr'>ἐποιεῖτο</span> <span class='ocrx_word' id='word_1_345' title='bbox 1518 4831 1608 4885; x_wconf 86' lang='grc' dir='ltr'>τὸν</span> <span class='ocrx_word' id='word_1_346' title='bbox 1639 4831 1814 4900; x_wconf 82' lang='grc' dir='ltr'>λόγον,</span> <span class='ocrx_word' id='word_1_347' title='bbox 1843 4831 1985 4884; x_wconf 82' lang='grc' dir='ltr'>ἀνω-</span> 
     </span>
    </p>
   </div>
   <div class='ocr_carea' id='block_1_47' title="bbox 409 4919 1986 4997">
    <p class='ocr_par' dir='ltr' id='par_1_47' title="bbox 409 4919 1986 4997">
     <span class='ocr_line' id='line_1_47' title="bbox 409 4919 1986 4997; baseline -0.005 -17"><span class='ocrx_word' id='word_1_348' title='bbox 409 4927 502 4981; x_wconf 87' lang='grc' dir='ltr'>θεν</span> <span class='ocrx_word' id='word_1_349' title='bbox 530 4926 677 4997; x_wconf 83' lang='grc' dir='ltr'>αὑτῴ</span> <span class='ocrx_word' id='word_1_350' title='bbox 709 4927 806 4996; x_wconf 85' lang='grc' dir='ltr'>τὴν</span> <span class='ocrx_word' id='word_1_351' title='bbox 831 4926 1007 4995; x_wconf 84' lang='grc' dir='ltr'>ψῆφον</span> <span class='ocrx_word' id='word_1_352' title='bbox 1041 4923 1315 4995; x_wconf 89' lang='grc' dir='ltr'>φέρουσιν,</span> <span class='ocrx_word' id='word_1_353' title='bbox 1360 4923 1410 4972; x_wconf 91' lang='lat'>&#39;0</span> <span class='ocrx_word' id='word_1_354' title='bbox 1443 4919 1586 4985; x_wconf 77' lang='grc' dir='ltr'>Θεὸς</span> <span class='ocrx_word' id='word_1_355' title='bbox 1618 4919 1804 4972; x_wconf 79' lang='grc' dir='ltr'>αὐτὸν</span> <span class='ocrx_word' id='word_1_356' title='bbox 1840 4934 1986 4987; x_wconf 84' lang='grc' dir='ltr'>παρ-</span> 
     </span>
    </p>
   </div>
   <div class='ocr_carea' id='block_1_48' title="bbox 409 5007 1985 5084">
    <p class='ocr_par' dir='ltr' id='par_1_48' title="bbox 409 5007 1985 5084">
     <span class='ocr_line' id='line_1_48' title="bbox 409 5007 1985 5084; baseline -0.007 -13"><span class='ocrx_word' id='word_1_357' title='bbox 409 5017 623 5080; x_wconf 85' lang='grc' dir='ltr'>έδωκε,</span> <span class='ocrx_word' id='word_1_358' title='bbox 669 5015 914 5083; x_wconf 87' lang='grc' dir='ltr'>λέγοντες</span> <span class='ocrx_word' id='word_1_359' title='bbox 940 5053 954 5076; x_wconf 97' lang='grc'>,</span> <span class='ocrx_word' id='word_1_360' title='bbox 992 5013 1078 5066; x_wconf 82' lang='grc' dir='ltr'>ἵνα</span> <span class='ocrx_word' id='word_1_361' title='bbox 1111 5012 1206 5084; x_wconf 80' lang='grc' dir='ltr'>τὴν</span> <span class='ocrx_word' id='word_1_362' title='bbox 1241 5010 1448 5062; x_wconf 88' lang='grc' dir='ltr'>ἐκεῖθεν</span> <span class='ocrx_word' id='word_1_363' title='bbox 1497 5007 1761 5071; x_wconf 77' lang='grc' dir='ltr'>αἰδεσθεὶς</span> <span class='ocrx_word' id='word_1_364' title='bbox 1803 5009 1985 5077; x_wconf 90' lang='grc' dir='ltr'>κρίσιν</span> 
     </span>
    </p>
   </div>
   <div class='ocr_carea' id='block_1_49' title="bbox 411 5095 1985 5176">
    <p class='ocr_par' dir='ltr' id='par_1_49' title="bbox 411 5095 1985 5176">
     <span class='ocr_line' id='line_1_49' title="bbox 411 5095 1985 5176; baseline -0.007 -18"><span class='ocrx_word' id='word_1_365' title='bbox 411 5105 753 5176; x_wconf 80' lang='grc' dir='ltr'>ἑτοιμότερον</span> <span class='ocrx_word' id='word_1_366' title='bbox 787 5104 878 5156; x_wconf 74' lang='grc' dir='ltr'>ἐπὶ</span> <span class='ocrx_word' id='word_1_367' title='bbox 913 5103 1010 5172; x_wconf 78' lang='grc' dir='ltr'>τὴν</span> <span class='ocrx_word' id='word_1_368' title='bbox 1045 5100 1255 5171; x_wconf 83' lang='grc' dir='ltr'>σφαγὴν</span> <span class='ocrx_word' id='word_1_369' title='bbox 1302 5099 1448 5170; x_wconf 80' lang='grc' dir='ltr'>ἔλθῃ.</span> <span class='ocrx_word' id='word_1_370' title='bbox 1497 5097 1589 5168; x_wconf 85' lang='grc' dir='ltr'>Μὴ</span> <span class='ocrx_word' id='word_1_371' title='bbox 1635 5095 1742 5167; x_wconf 81' lang='grc' dir='ltr'>γὰρ</span> <span class='ocrx_word' id='word_1_372' title='bbox 1792 5095 1985 5148; x_wconf 72' lang='grc' dir='ltr'>σαυτὸν</span> 
     </span>
    </p>
   </div>
   <div class='ocr_carea' id='block_1_50' title="bbox 411 5186 1986 5263">
    <p class='ocr_par' dir='ltr' id='par_1_50' title="bbox 411 5186 1986 5263">
     <span class='ocr_line' id='line_1_50' title="bbox 411 5186 1986 5263; baseline -0.006 -15"><span class='ocrx_word' id='word_1_373' title='bbox 411 5195 673 5259; x_wconf 53' lang='grc' dir='ltr'>ἐκδικεῖς</span> <span class='ocrx_word' id='word_1_374' title='bbox 702 5192 853 5263; x_wconf 85' lang='grc' dir='ltr'>φησί.</span> <span class='ocrx_word' id='word_1_375' title='bbox 890 5193 980 5262; x_wconf 85' lang='grc' dir='ltr'>Τῴ</span> <span class='ocrx_word' id='word_1_376' title='bbox 1013 5191 1130 5262; x_wconf 84' lang='grc' dir='ltr'>Θεῷ</span> <span class='ocrx_word' id='word_1_377' title='bbox 1157 5191 1373 5259; x_wconf 82' lang='grc' dir='ltr'>διακονῇ</span> <span class='ocrx_word' id='word_1_378' title='bbox 1416 5189 1510 5242; x_wconf 73' lang='grc' dir='ltr'>καὶ</span> <span class='ocrx_word' id='word_1_379' title='bbox 1537 5189 1824 5259; x_wconf 85' lang='grc' dir='ltr'>ὑπηρετεῖς</span> <span class='ocrx_word' id='word_1_380' title='bbox 1844 5225 1858 5249; x_wconf 89' lang='grc'>,</span> <span class='ocrx_word' id='word_1_381' title='bbox 1893 5186 1986 5238; x_wconf 72' lang='grc' dir='ltr'>καὶ</span> 
     </span>
    </p>
   </div>
   <div class='ocr_carea' id='block_1_51' title="bbox 411 5277 1981 5353">
    <p class='ocr_par' dir='ltr' id='par_1_51' title="bbox 411 5277 1981 5353">
     <span class='ocr_line' id='line_1_51' title="bbox 411 5277 1981 5353; baseline -0.007 -15"><span class='ocrx_word' id='word_1_382' title='bbox 411 5285 510 5352; x_wconf 83' lang='grc' dir='ltr'>τὴν</span> <span class='ocrx_word' id='word_1_383' title='bbox 543 5285 753 5338; x_wconf 86' lang='grc' dir='ltr'>ἐκείνου</span> <span class='ocrx_word' id='word_1_384' title='bbox 799 5283 974 5353; x_wconf 81' lang='grc' dir='ltr'>ψῆφον</span> <span class='ocrx_word' id='word_1_385' title='bbox 1007 5283 1212 5353; x_wconf 89' lang='grc' dir='ltr'>κυροῖς.</span> <span class='ocrx_word' id='word_1_386' title='bbox 1255 5280 1393 5332; x_wconf 85' lang='grc' dir='ltr'>Ἀλλ’</span> <span class='ocrx_word' id='word_1_387' title='bbox 1427 5281 1536 5350; x_wconf 85' lang='grc' dir='ltr'>ὃσῳ</span> <span class='ocrx_word' id='word_1_388' title='bbox 1562 5278 1736 5330; x_wconf 86' lang='grc' dir='ltr'>ταῦτα</span> <span class='ocrx_word' id='word_1_389' title='bbox 1780 5277 1981 5344; x_wconf 78' lang='grc' dir='ltr'>ἔλεγον,</span> 
     </span>
    </p>
   </div>
   <div class='ocr_carea' id='block_1_52' title="bbox 412 5365 1988 5444">
    <p class='ocr_par' dir='ltr' id='par_1_52' title="bbox 412 5365 1988 5444">
     <span class='ocr_line' id='line_1_52' title="bbox 412 5365 1988 5444; baseline -0.006 -16"><span class='ocrx_word' id='word_1_390' title='bbox 412 5376 652 5444; x_wconf 82' lang='grc' dir='ltr'>τοσούτῳ</span> <span class='ocrx_word' id='word_1_391' title='bbox 693 5371 890 5443; x_wconf 84' lang='grc' dir='ltr'>μᾶλλον</span> <span class='ocrx_word' id='word_1_392' title='bbox 941 5370 1200 5438; x_wconf 85' lang='grc' dir='ltr'>ἐφείδετο.</span> <span class='ocrx_word' id='word_1_393' title='bbox 1234 5368 1386 5440; x_wconf 81' lang='grc' dir='ltr'>ᾝδει</span> <span class='ocrx_word' id='word_1_394' title='bbox 1441 5366 1548 5436; x_wconf 78' lang='grc' dir='ltr'>γάρ</span> <span class='ocrx_word' id='word_1_395' title='bbox 1598 5365 1784 5429; x_wconf 87' lang='grc' dir='ltr'>τοῦτο,</span> <span class='ocrx_word' id='word_1_396' title='bbox 1833 5365 1914 5418; x_wconf 83' lang='grc' dir='ltr'>ὅτι</span> <span class='ocrx_word' id='word_1_397' title='bbox 1959 5367 1988 5418; x_wconf 94' lang='lat'>6</span> 
     </span>
    </p>
   </div>
   <div class='ocr_carea' id='block_1_53' title="bbox 414 5452 1988 5534">
    <p class='ocr_par' dir='ltr' id='par_1_53' title="bbox 414 5452 1988 5534">
     <span class='ocr_line' id='line_1_53' title="bbox 414 5452 1988 5534; baseline -0.009 -17"><span class='ocrx_word' id='word_1_398' title='bbox 414 5459 569 5534; x_wconf 80' lang='grc'>[756]</span> <span class='ocrx_word' id='word_1_399' title='bbox 597 5461 726 5524; x_wconf 83' lang='grc' dir='ltr'>Θεὸς</span> <span class='ocrx_word' id='word_1_400' title='bbox 758 5459 919 5512; x_wconf 75' lang='grc' dir='ltr'>αὑτὸν</span> <span class='ocrx_word' id='word_1_401' title='bbox 949 5456 1097 5526; x_wconf 87' lang='grc' dir='ltr'>αὑτῷ</span> <span class='ocrx_word' id='word_1_402' title='bbox 1126 5455 1458 5526; x_wconf 86' lang='grc' dir='ltr'>παρέδωκεν,</span> <span class='ocrx_word' id='word_1_403' title='bbox 1495 5454 1580 5506; x_wconf 83' lang='grc' dir='ltr'>ἵνα</span> <span class='ocrx_word' id='word_1_404' title='bbox 1623 5452 1866 5514; x_wconf 87' lang='grc' dir='ltr'>πλείονος</span> <span class='ocrx_word' id='word_1_405' title='bbox 1898 5453 1988 5504; x_wconf 80' lang='grc' dir='ltr'>εὑ·-</span> 
     </span>
    </p>
   </div>
   <div class='ocr_carea' id='block_1_54' title="bbox 413 5539 1983 5620">
    <p class='ocr_par' dir='ltr' id='par_1_54' title="bbox 413 5539 1983 5620">
     <span class='ocr_line' id='line_1_54' title="bbox 413 5539 1983 5620; baseline -0.01 -16"><span class='ocrx_word' id='word_1_406' title='bbox 413 5549 754 5620; x_wconf 79' lang='grc' dir='ltr'>ὁοκιμήσεως</span> <span class='ocrx_word' id='word_1_407' title='bbox 779 5545 926 5616; x_wconf 85' lang='grc' dir='ltr'>αὑτῷ</span> <span class='ocrx_word' id='word_1_408' title='bbox 955 5546 1210 5615; x_wconf 74' lang='grc' dir='ltr'>παράσχῃ</span> <span class='ocrx_word' id='word_1_409' title='bbox 1234 5543 1525 5614; x_wconf 87' lang='grc' dir='ltr'>πρόφασιν.</span> <span class='ocrx_word' id='word_1_410' title='bbox 1545 5541 1654 5595; x_wconf 74' lang='grc' dir='ltr'>Καὶ</span> <span class='ocrx_word' id='word_1_411' title='bbox 1689 5540 1752 5592; x_wconf 79' lang='grc' dir='ltr'>σὺ</span> <span class='ocrx_word' id='word_1_412' title='bbox 1785 5539 1983 5602; x_wconf 90' lang='grc' dir='ltr'>τοίνυν,</span> 
     </span>
    </p>
   </div>
   <div class='ocr_carea' id='block_1_55' title="bbox 413 5625 1987 5704">
    <p class='ocr_par' dir='ltr' id='par_1_55' title="bbox 413 5625 1987 5704">
     <span class='ocr_line' id='line_1_55' title="bbox 413 5625 1987 5704; baseline -0.008 -14"><span class='ocrx_word' id='word_1_413' title='bbox 413 5637 544 5690; x_wconf 80' lang='grc' dir='ltr'>ὅταν</span> <span class='ocrx_word' id='word_1_414' title='bbox 578 5635 691 5704; x_wconf 78' lang='grc' dir='ltr'>ἴδῃς</span> <span class='ocrx_word' id='word_1_415' title='bbox 729 5633 820 5686; x_wconf 79' lang='grc' dir='ltr'>τὸν</span> <span class='ocrx_word' id='word_1_416' title='bbox 867 5631 1058 5702; x_wconf 73' lang='grc' dir='ltr'>ἐχθρὸν</span> <span class='ocrx_word' id='word_1_417' title='bbox 1096 5633 1174 5691; x_wconf 87' lang='grc' dir='ltr'>είς</span> <span class='ocrx_word' id='word_1_418' title='bbox 1204 5633 1300 5692; x_wconf 80' lang='grc' dir='ltr'>τάς</span> <span class='ocrx_word' id='word_1_419' title='bbox 1334 5631 1519 5700; x_wconf 88' lang='grc' dir='ltr'>χεῖρας</span> <span class='ocrx_word' id='word_1_420' title='bbox 1545 5626 1849 5698; x_wconf 79' lang='grc' dir='ltr'>ἐμπεσόντα</span> <span class='ocrx_word' id='word_1_421' title='bbox 1890 5625 1987 5690; x_wconf 78' lang='grc' dir='ltr'>τὰς</span> 
     </span>
    </p>
   </div>
   <div class='ocr_carea' id='block_1_56' title="bbox 416 5709 1986 5795">
    <p class='ocr_par' dir='ltr' id='par_1_56' title="bbox 416 5709 1986 5795">
     <span class='ocr_line' id='line_1_56' title="bbox 416 5709 1986 5795; baseline -0.007 -18"><span class='ocrx_word' id='word_1_422' title='bbox 416 5722 538 5788; x_wconf 85' lang='grc' dir='ltr'>σὰς,</span> <span class='ocrx_word' id='word_1_423' title='bbox 563 5727 636 5795; x_wconf 83' lang='grc' dir='ltr'>μὴ</span> <span class='ocrx_word' id='word_1_424' title='bbox 655 5722 840 5793; x_wconf 73' lang='grc' dir='ltr'>νόμιζε</span> <span class='ocrx_word' id='word_1_425' title='bbox 860 5719 1147 5791; x_wconf 89' lang='grc' dir='ltr'>τιμωρίας,</span> <span class='ocrx_word' id='word_1_426' title='bbox 1162 5717 1297 5772; x_wconf 90' lang='grc' dir='ltr'>ἀλλά</span> <span class='ocrx_word' id='word_1_427' title='bbox 1326 5716 1597 5786; x_wconf 79' lang='grc' dir='ltr'>σωτηρίας</span> <span class='ocrx_word' id='word_1_428' title='bbox 1627 5709 1765 5768; x_wconf 76' lang='grc' dir='ltr'>εἶναι</span> <span class='ocrx_word' id='word_1_429' title='bbox 1797 5715 1986 5784; x_wconf 81' lang='grc' dir='ltr'>καιρὸν</span> 
     </span>
    </p>
   </div>
   <div class='ocr_carea' id='block_1_57' title="bbox 416 5803 1984 5882">
    <p class='ocr_par' dir='ltr' id='par_1_57' title="bbox 416 5803 1984 5882">
     <span class='ocr_line' id='line_1_57' title="bbox 416 5803 1984 5882; baseline -0.009 -11"><span class='ocrx_word' id='word_1_430' title='bbox 416 5816 643 5871; x_wconf 77' lang='grc' dir='ltr'>ἐκεῖνον.</span> <span class='ocrx_word' id='word_1_431' title='bbox 675 5812 773 5867; x_wconf 84' lang='grc' dir='ltr'>Διά</span> <span class='ocrx_word' id='word_1_432' title='bbox 815 5810 969 5866; x_wconf 88' lang='grc' dir='ltr'>τοῦτο</span> <span class='ocrx_word' id='word_1_433' title='bbox 1006 5812 1125 5866; x_wconf 86' lang='grc' dir='ltr'>τότε</span> <span class='ocrx_word' id='word_1_434' title='bbox 1174 5809 1408 5882; x_wconf 86' lang='grc' dir='ltr'>μάλιστα</span> <span class='ocrx_word' id='word_1_435' title='bbox 1441 5806 1715 5878; x_wconf 80' lang='grc' dir='ltr'>φείδεσθαι</span> <span class='ocrx_word' id='word_1_436' title='bbox 1749 5805 1828 5859; x_wconf 87' lang='grc' dir='ltr'>δεῖ</span> <span class='ocrx_word' id='word_1_437' title='bbox 1875 5803 1984 5860; x_wconf 86' lang='grc' dir='ltr'>τῶν</span> 
     </span>
    </p>
   </div>
   <div class='ocr_carea' id='block_1_58' title="bbox 1416 409 2589 473">
    <p class='ocr_par' dir='ltr' id='par_1_58' title="bbox 1416 409 2589 473">
     <span class='ocr_line' id='line_1_58' title="bbox 1416 409 2589 473; baseline 0.009 -10"><span class='ocrx_word' id='word_1_438' title='bbox 1416 411 1503 464; x_wconf 84' lang='lat' dir='ltr'>DE</span> <span class='ocrx_word' id='word_1_439' title='bbox 1543 410 1804 465; x_wconf 75' lang='lat' dir='ltr'>DAVle</span> <span class='ocrx_word' id='word_1_440' title='bbox 1840 410 1928 464; x_wconf 85' lang='grc' dir='ltr'>ΕΤ</span> <span class='ocrx_word' id='word_1_441' title='bbox 1969 409 2194 467; x_wconf 76' lang='lat' dir='ltr'>SAULE</span> <span class='ocrx_word' id='word_1_442' title='bbox 2234 415 2516 472; x_wconf 72' lang='lat' dir='ltr'>HOMILIA</span> <span class='ocrx_word' id='word_1_443' title='bbox 2548 419 2589 473; x_wconf 86' lang='grc' dir='ltr'>ῐ.</span> 
     </span>
    </p>
   </div>
   <div class='ocr_carea' id='block_1_59' title="bbox 3536 426 3637 481">
    <p class='ocr_par' dir='ltr' id='par_1_59' title="bbox 3536 426 3637 481">
     <span class='ocr_line' id='line_1_59' title="bbox 3536 426 3637 481; baseline 0.02 -2"><span class='ocrx_word' id='word_1_444' title='bbox 3536 426 3637 481; x_wconf 65' lang='grc'>684</span> 
     </span>
    </p>
   </div>
   <div class='ocr_carea' id='block_1_60' title="bbox 2069 526 3640 606">
    <p class='ocr_par' dir='ltr' id='par_1_60' title="bbox 2069 526 3640 606">
     <span class='ocr_line' id='line_1_60' title="bbox 2069 526 3640 606; baseline 0.009 -28"><span class='ocrx_word' id='word_1_445' title='bbox 2069 526 2300 598; x_wconf 86' lang='grc' dir='ltr'>ἐχθρῶν,</span> <span class='ocrx_word' id='word_1_446' title='bbox 2347 529 2476 582; x_wconf 82' lang='grc' dir='ltr'>ὅταν</span> <span class='ocrx_word' id='word_1_447' title='bbox 2521 530 2700 584; x_wconf 85' lang='grc' dir='ltr'>αὑτῶν</span> <span class='ocrx_word' id='word_1_448' title='bbox 2748 533 3035 604; x_wconf 86' lang='grc' dir='ltr'>γενώμεθα</span> <span class='ocrx_word' id='word_1_449' title='bbox 3087 534 3286 606; x_wconf 87' lang='grc' dir='ltr'>κύριοι.</span> <span class='ocrx_word' id='word_1_450' title='bbox 3336 535 3475 589; x_wconf 75' lang='grc' dir='ltr'>Ἀλλ’</span> <span class='ocrx_word' id='word_1_451' title='bbox 3512 538 3640 603; x_wconf 75' lang='grc' dir='ltr'>ἴσως</span> 
     </span>
    </p>
   </div>
   <div class='ocr_carea' id='block_1_61' title="bbox 2063 627 3638 708">
    <p class='ocr_par' dir='ltr' id='par_1_61' title="bbox 2063 627 3638 708">
     <span class='ocr_line' id='line_1_61' title="bbox 2063 627 3638 708; baseline 0.007 -29"><span class='ocrx_word' id='word_1_452' title='bbox 2063 627 2206 680; x_wconf 83' lang='grc' dir='ltr'>εῐποι</span> <span class='ocrx_word' id='word_1_453' title='bbox 2238 644 2322 690; x_wconf 88' lang='grc' dir='ltr'>τις</span> <span class='ocrx_word' id='word_1_454' title='bbox 2350 627 2444 680; x_wconf 73' lang='grc' dir='ltr'>ἀν’</span> <span class='ocrx_word' id='word_1_455' title='bbox 2475 631 2585 684; x_wconf 68' lang='grc' dir='ltr'>Καὶ</span> <span class='ocrx_word' id='word_1_456' title='bbox 2611 631 2664 683; x_wconf 92' lang='grc' dir='ltr'>τί</span> <span class='ocrx_word' id='word_1_457' title='bbox 2701 633 2841 702; x_wconf 89' lang='grc' dir='ltr'>μέγα</span> <span class='ocrx_word' id='word_1_458' title='bbox 2883 635 2978 687; x_wconf 79' lang='grc' dir='ltr'>καὶ</span> <span class='ocrx_word' id='word_1_459' title='bbox 3009 634 3320 705; x_wconf 76' lang='grc' dir='ltr'>θαυμαστὸν</span> <span class='ocrx_word' id='word_1_460' title='bbox 3348 639 3638 708; x_wconf 84' lang='grc' dir='ltr'>γενόμενον</span> 
     </span>
    </p>
   </div>
   <div class='ocr_carea' id='block_1_62' title="bbox 2063 725 3640 802">
    <p class='ocr_par' dir='ltr' id='par_1_62' title="bbox 2063 725 3640 802">
     <span class='ocr_line' id='line_1_62' title="bbox 2063 725 3640 802; baseline 0.005 -25"><span class='ocrx_word' id='word_1_461' title='bbox 2063 725 2248 798; x_wconf 90' lang='grc' dir='ltr'>κύριον</span> <span class='ocrx_word' id='word_1_462' title='bbox 2293 728 2612 800; x_wconf 83' lang='grc' dir='ltr'>φείσασθαι;</span> <span class='ocrx_word' id='word_1_463' title='bbox 2650 729 2854 799; x_wconf 44' lang='grc' dir='ltr'>,Πολλοὶ</span> <span class='ocrx_word' id='word_1_464' title='bbox 2902 729 3010 801; x_wconf 78' lang='grc' dir='ltr'>γὰρ</span> <span class='ocrx_word' id='word_1_465' title='bbox 3053 734 3146 786; x_wconf 84' lang='grc' dir='ltr'>καὶ</span> <span class='ocrx_word' id='word_1_466' title='bbox 3209 733 3352 787; x_wconf 73' lang='grc' dir='ltr'>ἄλλοι</span> <span class='ocrx_word' id='word_1_467' title='bbox 3401 732 3640 802; x_wconf 84' lang='grc' dir='ltr'>βασιλεῖς</span> 
     </span>
    </p>
   </div>
   <div class='ocr_carea' id='block_1_63' title="bbox 2067 823 3639 894">
    <p class='ocr_par' dir='ltr' id='par_1_63' title="bbox 2067 823 3639 894">
     <span class='ocr_line' id='line_1_63' title="bbox 2067 823 3639 894; baseline 0.006 -19"><span class='ocrx_word' id='word_1_468' title='bbox 2067 823 2328 888; x_wconf 82' lang='grc' dir='ltr'>πολλάκις</span> <span class='ocrx_word' id='word_1_469' title='bbox 2367 825 2458 878; x_wconf 77' lang='grc' dir='ltr'>ἐπὶ</span> <span class='ocrx_word' id='word_1_470' title='bbox 2491 824 2589 893; x_wconf 86' lang='grc' dir='ltr'>τὴν</span> <span class='ocrx_word' id='word_1_471' title='bbox 2621 825 2795 894; x_wconf 80' lang='grc' dir='ltr'>ἀρχὴν</span> <span class='ocrx_word' id='word_1_472' title='bbox 2825 825 3089 892; x_wconf 87' lang='grc' dir='ltr'>ἐλθόντες,</span> <span class='ocrx_word' id='word_1_473' title='bbox 3128 829 3252 892; x_wconf 83' lang='grc' dir='ltr'>τοὺς</span> <span class='ocrx_word' id='word_1_474' title='bbox 3288 829 3453 882; x_wconf 86' lang='grc' dir='ltr'>πάλαι</span> <span class='ocrx_word' id='word_1_475' title='bbox 3485 831 3639 884; x_wconf 81' lang='grc' dir='ltr'>λελυ-</span> 
     </span>
    </p>
   </div>
   <div class='ocr_carea' id='block_1_64' title="bbox 2064 921 3640 996">
    <p class='ocr_par' dir='ltr' id='par_1_64' title="bbox 2064 921 3640 996">
     <span class='ocr_line' id='line_1_64' title="bbox 2064 921 3640 996; baseline 0.005 -24"><span class='ocrx_word' id='word_1_476' title='bbox 2064 921 2309 990; x_wconf 83' lang='grc' dir='ltr'>πηκότας</span> <span class='ocrx_word' id='word_1_477' title='bbox 2334 921 2610 986; x_wconf 84' lang='grc' dir='ltr'>λαϐόντες,</span> <span class='ocrx_word' id='word_1_478' title='bbox 2643 922 2857 985; x_wconf 82' lang='grc' dir='ltr'>ἀνάξιον</span> <span class='ocrx_word' id='word_1_479' title='bbox 2888 923 3064 976; x_wconf 85' lang='grc' dir='ltr'>αὑτῶν</span> <span class='ocrx_word' id='word_1_480' title='bbox 3109 921 3246 976; x_wconf 80' lang='grc' dir='ltr'>εἶναι</span> <span class='ocrx_word' id='word_1_481' title='bbox 3288 925 3542 996; x_wconf 88' lang='grc' dir='ltr'>ἐνόμισαν</span> <span class='ocrx_word' id='word_1_482' title='bbox 3581 930 3640 980; x_wconf 86' lang='grc' dir='ltr'>ἐν</span> 
     </span>
    </p>
   </div>
   <div class='ocr_carea' id='block_1_65' title="bbox 2064 1016 3640 1090">
    <p class='ocr_par' dir='ltr' id='par_1_65' title="bbox 2064 1016 3640 1090">
     <span class='ocr_line' id='line_1_65' title="bbox 2064 1016 3640 1090; baseline 0.003 -22"><span class='ocrx_word' id='word_1_483' title='bbox 2064 1016 2238 1086; x_wconf 88' lang='grc' dir='ltr'>ἀρχῆς</span> <span class='ocrx_word' id='word_1_484' title='bbox 2275 1017 2422 1087; x_wconf 74' lang='grc' dir='ltr'>ὄγκῳ</span> <span class='ocrx_word' id='word_1_485' title='bbox 2451 1017 2686 1087; x_wconf 90' lang='grc' dir='ltr'>τοσούτῳ</span> <span class='ocrx_word' id='word_1_486' title='bbox 2728 1017 2880 1087; x_wconf 87' lang='grc' dir='ltr'>δίκην</span> <span class='ocrx_word' id='word_1_487' title='bbox 2912 1018 3214 1087; x_wconf 81' lang='grc' dir='ltr'>ἀπαιτῆσαι</span> <span class='ocrx_word' id='word_1_488' title='bbox 3246 1019 3352 1071; x_wconf 89' lang='grc' dir='ltr'>τῶν</span> <span class='ocrx_word' id='word_1_489' title='bbox 3386 1021 3640 1090; x_wconf 84' lang='grc' dir='ltr'>πεπλημ-</span> 
     </span>
    </p>
   </div>
   <div class='ocr_carea' id='block_1_66' title="bbox 2066 1113 3636 1185">
    <p class='ocr_par' dir='ltr' id='par_1_66' title="bbox 2066 1113 3636 1185">
     <span class='ocr_line' id='line_1_66' title="bbox 2066 1113 3636 1185; baseline 0.003 -19"><span class='ocrx_word' id='word_1_490' title='bbox 2066 1113 2408 1184; x_wconf 89' lang='grc' dir='ltr'>μελημένων,</span> <span class='ocrx_word' id='word_1_491' title='bbox 2442 1115 2534 1166; x_wconf 71' lang='grc' dir='ltr'>καὶ</span> <span class='ocrx_word' id='word_1_492' title='bbox 2563 1116 2598 1183; x_wconf 83' lang='grc' dir='ltr'>ἡ</span> <span class='ocrx_word' id='word_1_493' title='bbox 2630 1115 2727 1184; x_wconf 85' lang='grc' dir='ltr'>τῆς</span> <span class='ocrx_word' id='word_1_494' title='bbox 2767 1113 3013 1178; x_wconf 83' lang='grc' dir='ltr'>ἐξουσίας</span> <span class='ocrx_word' id='word_1_495' title='bbox 3048 1116 3338 1185; x_wconf 88' lang='grc' dir='ltr'>περιουσία</span> <span class='ocrx_word' id='word_1_496' title='bbox 3367 1116 3636 1170; x_wconf 87' lang='grc' dir='ltr'>καταλλα-</span> 
     </span>
    </p>
   </div>
   <div class='ocr_carea' id='block_1_67' title="bbox 2061 1208 3640 1277">
    <p class='ocr_par' dir='ltr' id='par_1_67' title="bbox 2061 1208 3640 1277">
     <span class='ocr_line' id='line_1_67' title="bbox 2061 1208 3640 1277; baseline 0 -13"><span class='ocrx_word' id='word_1_497' title='bbox 2061 1208 2166 1277; x_wconf 82' lang='grc' dir='ltr'>γῆς</span> <span class='ocrx_word' id='word_1_498' title='bbox 2197 1208 2452 1272; x_wconf 82' lang='grc' dir='ltr'>ὑπόθεσις</span> <span class='ocrx_word' id='word_1_499' title='bbox 2493 1208 2734 1276; x_wconf 87' lang='grc' dir='ltr'>γέγονεν.</span> <span class='ocrx_word' id='word_1_500' title='bbox 2774 1209 2912 1261; x_wconf 72' lang='grc' dir='ltr'>Ἀλλ’</span> <span class='ocrx_word' id='word_1_501' title='bbox 2955 1210 3187 1264; x_wconf 88' lang='grc' dir='ltr'>ἐνταῦθα</span> <span class='ocrx_word' id='word_1_502' title='bbox 3219 1212 3370 1264; x_wconf 77' lang='grc' dir='ltr'>οὐδὲν</span> <span class='ocrx_word' id='word_1_503' title='bbox 3401 1213 3640 1266; x_wconf 87' lang='grc' dir='ltr'>τοιοῦτον</span> 
     </span>
    </p>
   </div>
   <div class='ocr_carea' id='block_1_68' title="bbox 2063 1303 3633 1377">
    <p class='ocr_par' dir='ltr' id='par_1_68' title="bbox 2063 1303 3633 1377">
     <span class='ocr_line' id='line_1_68' title="bbox 2063 1303 3633 1377; baseline 0.003 -21"><span class='ocrx_word' id='word_1_504' title='bbox 2063 1303 2210 1357; x_wconf 79' lang='grc' dir='ltr'>ἐστιν</span> <span class='ocrx_word' id='word_1_505' title='bbox 2233 1305 2426 1359; x_wconf 78' lang='grc' dir='ltr'>εἰπεῖν.</span> <span class='ocrx_word' id='word_1_506' title='bbox 2453 1306 2525 1358; x_wconf 92' lang='grc' dir='ltr'>Οὑ</span> <span class='ocrx_word' id='word_1_507' title='bbox 2556 1305 2663 1376; x_wconf 82' lang='grc' dir='ltr'>γὰρ</span> <span class='ocrx_word' id='word_1_508' title='bbox 2688 1305 2780 1358; x_wconf 76' lang='grc' dir='ltr'>ἐπὶ</span> <span class='ocrx_word' id='word_1_509' title='bbox 2805 1304 2902 1375; x_wconf 85' lang='grc' dir='ltr'>τὴν</span> <span class='ocrx_word' id='word_1_510' title='bbox 2926 1306 3099 1377; x_wconf 79' lang='grc' dir='ltr'>ἀρχὴν</span> <span class='ocrx_word' id='word_1_511' title='bbox 3132 1307 3368 1361; x_wconf 85' lang='grc' dir='ltr'>ἀνελθὼν</span> <span class='ocrx_word' id='word_1_512' title='bbox 3397 1310 3425 1361; x_wconf 93' lang='lat'>6</span> <span class='ocrx_word' id='word_1_513' title='bbox 3449 1307 3633 1375; x_wconf 74' lang='grc' dir='ltr'>Δαυῒδ,</span> 
     </span>
    </p>
   </div>
   <div class='ocr_carea' id='block_1_69' title="bbox 2063 1401 3640 1473">
    <p class='ocr_par' dir='ltr' id='par_1_69' title="bbox 2063 1401 3640 1473">
     <span class='ocr_line' id='line_1_69' title="bbox 2063 1401 3640 1473; baseline 0.001 -17"><span class='ocrx_word' id='word_1_514' title='bbox 2063 1403 2183 1456; x_wconf 89' lang='grc' dir='ltr'>οὑδέ</span> <span class='ocrx_word' id='word_1_515' title='bbox 2227 1404 2326 1473; x_wconf 86' lang='grc' dir='ltr'>τὴν</span> <span class='ocrx_word' id='word_1_516' title='bbox 2373 1401 2648 1472; x_wconf 88' lang='grc' dir='ltr'>βασιλείαν</span> <span class='ocrx_word' id='word_1_517' title='bbox 2691 1402 3000 1466; x_wconf 72' lang='grc' dir='ltr'>ἀπολαϐὼν,</span> <span class='ocrx_word' id='word_1_518' title='bbox 3049 1405 3142 1457; x_wconf 76' lang='grc' dir='ltr'>καὶ</span> <span class='ocrx_word' id='word_1_519' title='bbox 3190 1405 3278 1458; x_wconf 82' lang='grc' dir='ltr'>τὸν</span> <span class='ocrx_word' id='word_1_520' title='bbox 3321 1406 3490 1459; x_wconf 82' lang='grc' dir='ltr'>Σαοὺλ</span> <span class='ocrx_word' id='word_1_521' title='bbox 3535 1407 3640 1458; x_wconf 77' lang='grc' dir='ltr'>ὑπὸ</span> 
     </span>
    </p>
   </div>
   <div class='ocr_carea' id='block_1_70' title="bbox 2063 1497 3639 1572">
    <p class='ocr_par' dir='ltr' id='par_1_70' title="bbox 2063 1497 3639 1572">
     <span class='ocr_line' id='line_1_70' title="bbox 2063 1497 3639 1572; baseline 0.001 -20"><span class='ocrx_word' id='word_1_522' title='bbox 2063 1502 2252 1570; x_wconf 88' lang='grc' dir='ltr'>χεῖρας</span> <span class='ocrx_word' id='word_1_523' title='bbox 2281 1499 2437 1568; x_wconf 77' lang='grc' dir='ltr'>ἔχων,</span> <span class='ocrx_word' id='word_1_524' title='bbox 2464 1497 2635 1562; x_wconf 76' lang='grc' dir='ltr'>οὕτως</span> <span class='ocrx_word' id='word_1_525' title='bbox 2668 1501 2940 1568; x_wconf 83' lang='grc' dir='ltr'>ἐφείσατο,</span> <span class='ocrx_word' id='word_1_526' title='bbox 2969 1501 3055 1553; x_wconf 86' lang='grc' dir='ltr'>ἵνα</span> <span class='ocrx_word' id='word_1_527' title='bbox 3082 1503 3154 1571; x_wconf 86' lang='grc' dir='ltr'>μή</span> <span class='ocrx_word' id='word_1_528' title='bbox 3182 1519 3264 1565; x_wconf 88' lang='grc' dir='ltr'>τις</span> <span class='ocrx_word' id='word_1_529' title='bbox 3293 1503 3442 1572; x_wconf 75' lang='grc' dir='ltr'>εἴπῃ,</span> <span class='ocrx_word' id='word_1_530' title='bbox 3472 1503 3552 1554; x_wconf 85' lang='grc' dir='ltr'>ὅτι</span> <span class='ocrx_word' id='word_1_531' title='bbox 3576 1502 3639 1554; x_wconf 76' lang='grc' dir='ltr'>τὸ</span> 
     </span>
    </p>
   </div>
   <div class='ocr_carea' id='block_1_71' title="bbox 2061 1595 3640 1667">
    <p class='ocr_par' dir='ltr' id='par_1_71' title="bbox 2061 1595 3640 1667">
     <span class='ocr_line' id='line_1_71' title="bbox 2061 1595 3640 1667; baseline 0.001 -19"><span class='ocrx_word' id='word_1_532' title='bbox 2061 1597 2164 1666; x_wconf 86' lang='grc' dir='ltr'>τῆς</span> <span class='ocrx_word' id='word_1_533' title='bbox 2208 1597 2382 1666; x_wconf 82' lang='grc' dir='ltr'>ἀρχῆς</span> <span class='ocrx_word' id='word_1_534' title='bbox 2415 1595 2643 1666; x_wconf 88' lang='grc' dir='ltr'>μέγεθος</span> <span class='ocrx_word' id='word_1_535' title='bbox 2671 1595 2760 1649; x_wconf 82' lang='grc' dir='ltr'>τὸν</span> <span class='ocrx_word' id='word_1_536' title='bbox 2793 1595 2960 1667; x_wconf 84' lang='grc' dir='ltr'>θυμὸν</span> <span class='ocrx_word' id='word_1_537' title='bbox 3003 1597 3282 1662; x_wconf 83' lang='grc' dir='ltr'>ἐξέλυσεν·</span> <span class='ocrx_word' id='word_1_538' title='bbox 3325 1599 3437 1652; x_wconf 86' lang='grc' dir='ltr'>ἀλλ’</span> <span class='ocrx_word' id='word_1_539' title='bbox 3487 1598 3640 1662; x_wconf 81' lang='grc' dir='ltr'>εἰδὼς</span> 
     </span>
    </p>
   </div>
   <div class='ocr_carea' id='block_1_72' title="bbox 2063 1693 3642 1764">
    <p class='ocr_par' dir='ltr' id='par_1_72' title="bbox 2063 1693 3642 1764">
     <span class='ocr_line' id='line_1_72' title="bbox 2063 1693 3642 1764; baseline 0.001 -18"><span class='ocrx_word' id='word_1_540' title='bbox 2063 1693 2146 1746; x_wconf 80' lang='grc' dir='ltr'>ὅτι</span> <span class='ocrx_word' id='word_1_541' title='bbox 2176 1693 2461 1756; x_wconf 77' lang='grc' dir='ltr'>διασωθεὶς</span> <span class='ocrx_word' id='word_1_542' title='bbox 2493 1696 2604 1756; x_wconf 87' lang='grc' dir='ltr'>τοῖς</span> <span class='ocrx_word' id='word_1_543' title='bbox 2631 1693 2814 1758; x_wconf 86' lang='grc' dir='ltr'>αὑτοῖς</span> <span class='ocrx_word' id='word_1_544' title='bbox 2861 1695 3181 1764; x_wconf 84' lang='grc' dir='ltr'>ἐπιθήσεται</span> <span class='ocrx_word' id='word_1_545' title='bbox 3226 1696 3407 1760; x_wconf 84' lang='grc' dir='ltr'>πάλιν,</span> <span class='ocrx_word' id='word_1_546' title='bbox 3443 1698 3533 1751; x_wconf 70' lang='grc' dir='ltr'>καὶ</span> <span class='ocrx_word' id='word_1_547' title='bbox 3563 1698 3642 1759; x_wconf 82' lang='grc' dir='ltr'>εἰς</span> 
     </span>
    </p>
   </div>
   <div class='ocr_carea' id='block_1_73' title="bbox 2069 1789 3643 1861">
    <p class='ocr_par' dir='ltr' id='par_1_73' title="bbox 2069 1789 3643 1861">
     <span class='ocr_line' id='line_1_73' title="bbox 2069 1789 3643 1861; baseline 0.003 -19"><span class='ocrx_word' id='word_1_548' title='bbox 2069 1789 2318 1861; x_wconf 81' lang='grc' dir='ltr'>μείζονας</span> <span class='ocrx_word' id='word_1_549' title='bbox 2363 1790 2591 1860; x_wconf 83' lang='grc' dir='ltr'>ἐμϐαλεῖ</span> <span class='ocrx_word' id='word_1_550' title='bbox 2623 1791 2748 1854; x_wconf 73' lang='grc' dir='ltr'>τοὺς</span> <span class='ocrx_word' id='word_1_551' title='bbox 2811 1791 3108 1857; x_wconf 86' lang='grc' dir='ltr'>κινδύνους,</span> <span class='ocrx_word' id='word_1_552' title='bbox 3156 1794 3277 1846; x_wconf 86' lang='grc' dir='ltr'>οὑδέ</span> <span class='ocrx_word' id='word_1_553' title='bbox 3308 1793 3479 1856; x_wconf 73' lang='grc' dir='ltr'>οὕτως</span> <span class='ocrx_word' id='word_1_554' title='bbox 3536 1795 3643 1846; x_wconf 87' lang='grc' dir='ltr'>ἁπ-</span> 
     </span>
    </p>
   </div>
   <div class='ocr_carea' id='block_1_74' title="bbox 2066 1885 3644 1960">
    <p class='ocr_par' dir='ltr' id='par_1_74' title="bbox 2066 1885 3644 1960">
     <span class='ocr_line' id='line_1_74' title="bbox 2066 1885 3644 1960; baseline 0.001 -22"><span class='ocrx_word' id='word_1_555' title='bbox 2066 1885 2293 1940; x_wconf 90' lang='grc' dir='ltr'>έκτεινε.</span> <span class='ocrx_word' id='word_1_556' title='bbox 2325 1885 2415 1956; x_wconf 80' lang='grc' dir='ltr'><strong>Μὴ</strong></span> <span class='ocrx_word' id='word_1_557' title='bbox 2431 1886 2494 1956; x_wconf 80' lang='grc' dir='ltr'>δὴ</span> <span class='ocrx_word' id='word_1_558' title='bbox 2519 1885 2705 1938; x_wconf 84' lang='grc' dir='ltr'>τοῦτον</span> <span class='ocrx_word' id='word_1_559' title='bbox 2724 1887 2949 1950; x_wconf 85' lang='grc' dir='ltr'>ἐκείνοις</span> <span class='ocrx_word' id='word_1_560' title='bbox 2963 1889 3386 1960; x_wconf 85' lang='grc' dir='ltr'>παραϐάλωμεν.</span> <span class='ocrx_word' id='word_1_561' title='bbox 3419 1890 3644 1942; x_wconf 88' lang='grc' dir='ltr'>Ἐκεῖνοι</span> 
     </span>
    </p>
   </div>
   <div class='ocr_carea' id='block_1_75' title="bbox 2069 1983 3642 2056">
    <p class='ocr_par' dir='ltr' id='par_1_75' title="bbox 2069 1983 3642 2056">
     <span class='ocr_line' id='line_1_75' title="bbox 2069 1983 3642 2056; baseline 0.001 -21"><span class='ocrx_word' id='word_1_562' title='bbox 2069 1983 2168 2053; x_wconf 86' lang='grc' dir='ltr'>μέν</span> <span class='ocrx_word' id='word_1_563' title='bbox 2227 1983 2334 2050; x_wconf 87' lang='grc' dir='ltr'>γάρ</span> <span class='ocrx_word' id='word_1_564' title='bbox 2389 1983 2628 2052; x_wconf 86' lang='grc' dir='ltr'>ἀσφαλὲς</span> <span class='ocrx_word' id='word_1_565' title='bbox 2674 1983 2734 2035; x_wconf 78' lang='grc' dir='ltr'>τὸ</span> <span class='ocrx_word' id='word_1_566' title='bbox 2785 1984 3040 2055; x_wconf 88' lang='grc' dir='ltr'>ἐνέχυρον</span> <span class='ocrx_word' id='word_1_567' title='bbox 3087 1985 3302 2056; x_wconf 81' lang='grc' dir='ltr'>ἔχοντες</span> <span class='ocrx_word' id='word_1_568' title='bbox 3350 1986 3446 2055; x_wconf 87' lang='grc' dir='ltr'>τῆς</span> <span class='ocrx_word' id='word_1_569' title='bbox 3507 1983 3642 2054; x_wconf 64' lang='grc' dir='ltr'>μετὰ</span> 
     </span>
    </p>
   </div>
   <div class='ocr_carea' id='block_1_76' title="bbox 2066 2074 3644 2148">
    <p class='ocr_par' dir='ltr' id='par_1_76' title="bbox 2066 2074 3644 2148">
     <span class='ocr_line' id='line_1_76' title="bbox 2066 2074 3644 2148; baseline 0 -19"><span class='ocrx_word' id='word_1_570' title='bbox 2066 2078 2237 2129; x_wconf 88' lang='grc' dir='ltr'>ταῦτα</span> <span class='ocrx_word' id='word_1_571' title='bbox 2269 2077 2482 2141; x_wconf 83' lang='grc' dir='ltr'>ἀδείας,</span> <span class='ocrx_word' id='word_1_572' title='bbox 2526 2078 2750 2140; x_wconf 78' lang='grc' dir='ltr'>εἰκότως</span> <span class='ocrx_word' id='word_1_573' title='bbox 2787 2079 3085 2146; x_wconf 84' lang='grc' dir='ltr'>φείδονται·</span> <span class='ocrx_word' id='word_1_574' title='bbox 3137 2074 3290 2142; x_wconf 68' lang='grc' dir='ltr'>οὗτος</span> <span class='ocrx_word' id='word_1_575' title='bbox 3334 2081 3388 2132; x_wconf 84' lang='grc' dir='ltr'>δὲ</span> <span class='ocrx_word' id='word_1_576' title='bbox 3438 2079 3644 2148; x_wconf 81' lang='grc' dir='ltr'>μέλλων</span> 
     </span>
    </p>
   </div>
   <div class='ocr_carea' id='block_1_77' title="bbox 2067 2171 3647 2245">
    <p class='ocr_par' dir='ltr' id='par_1_77' title="bbox 2067 2171 3647 2245">
     <span class='ocr_line' id='line_1_77' title="bbox 2067 2171 3647 2245; baseline -0.001 -21"><span class='ocrx_word' id='word_1_577' title='bbox 2067 2173 2157 2225; x_wconf 79' lang='grc' dir='ltr'>τὸν</span> <span class='ocrx_word' id='word_1_578' title='bbox 2188 2171 2380 2242; x_wconf 68' lang='grc' dir='ltr'>ἐχθρὸν</span> <span class='ocrx_word' id='word_1_579' title='bbox 2415 2173 2534 2226; x_wconf 79' lang='grc' dir='ltr'>καθ’</span> <span class='ocrx_word' id='word_1_580' title='bbox 2565 2172 2755 2225; x_wconf 88' lang='grc' dir='ltr'>ἐαυτοῦ</span> <span class='ocrx_word' id='word_1_581' title='bbox 2782 2174 3021 2242; x_wconf 84' lang='grc' dir='ltr'>ἀφιέναι,</span> <span class='ocrx_word' id='word_1_582' title='bbox 3058 2175 3151 2227; x_wconf 79' lang='grc' dir='ltr'>καὶ</span> <span class='ocrx_word' id='word_1_583' title='bbox 3180 2175 3436 2245; x_wconf 85' lang='grc' dir='ltr'>πολέμιον</span> <span class='ocrx_word' id='word_1_584' title='bbox 3471 2173 3647 2243; x_wconf 80' lang='grc' dir='ltr'>ἐαυτῷ</span> 
     </span>
    </p>
   </div>
   <div class='ocr_carea' id='block_1_78' title="bbox 2069 2267 3647 2340">
    <p class='ocr_par' dir='ltr' id='par_1_78' title="bbox 2069 2267 3647 2340">
     <span class='ocr_line' id='line_1_78' title="bbox 2069 2267 3647 2340; baseline 0.002 -19"><span class='ocrx_word' id='word_1_585' title='bbox 2069 2267 2284 2334; x_wconf 77' lang='grc' dir='ltr'>σώζειν,</span> <span class='ocrx_word' id='word_1_586' title='bbox 2312 2269 2431 2322; x_wconf 83' lang='grc' dir='ltr'>οὑδὲ</span> <span class='ocrx_word' id='word_1_587' title='bbox 2456 2267 2628 2332; x_wconf 77' lang='grc' dir='ltr'>οὑτως</span> <span class='ocrx_word' id='word_1_588' title='bbox 2666 2270 2827 2324; x_wconf 87' lang='grc' dir='ltr'>αὑτὸν</span> <span class='ocrx_word' id='word_1_589' title='bbox 2861 2272 3114 2340; x_wconf 71' lang='grc' dir='ltr'>ἠφάνισε,</span> <span class='ocrx_word' id='word_1_590' title='bbox 3147 2272 3242 2324; x_wconf 73' lang='grc' dir='ltr'>καὶ</span> <span class='ocrx_word' id='word_1_591' title='bbox 3274 2270 3446 2324; x_wconf 86' lang='grc' dir='ltr'>ταῦτα</span> <span class='ocrx_word' id='word_1_592' title='bbox 3477 2271 3647 2324; x_wconf 84' lang='grc' dir='ltr'>πολλά</span> 
     </span>
    </p>
   </div>
   <div class='ocr_carea' id='block_1_79' title="bbox 2069 2366 3645 2438">
    <p class='ocr_par' dir='ltr' id='par_1_79' title="bbox 2069 2366 3645 2438">
     <span class='ocr_line' id='line_1_79' title="bbox 2069 2366 3645 2438; baseline 0.001 -18"><span class='ocrx_word' id='word_1_593' title='bbox 2069 2366 2207 2437; x_wconf 80' lang='grc' dir='ltr'>ἔχων</span> <span class='ocrx_word' id='word_1_594' title='bbox 2260 2367 2328 2418; x_wconf 82' lang='grc' dir='ltr'>τά</span> <span class='ocrx_word' id='word_1_595' title='bbox 2373 2367 2510 2435; x_wconf 86' lang='grc' dir='ltr'>πρὸς</span> <span class='ocrx_word' id='word_1_596' title='bbox 2541 2367 2638 2436; x_wconf 83' lang='grc' dir='ltr'>τὴν</span> <span class='ocrx_word' id='word_1_597' title='bbox 2670 2366 2880 2436; x_wconf 78' lang='grc' dir='ltr'>σφαγὴν</span> <span class='ocrx_word' id='word_1_598' title='bbox 2922 2367 3083 2420; x_wconf 83' lang='grc' dir='ltr'>αὑτὸν</span> <span class='ocrx_word' id='word_1_599' title='bbox 3131 2366 3333 2438; x_wconf 86' lang='grc' dir='ltr'>ταύτην</span> <span class='ocrx_word' id='word_1_600' title='bbox 3381 2366 3645 2422; x_wconf 85' lang='grc' dir='ltr'>ὠθοῦντα.</span> 
     </span>
    </p>
   </div>
   <div class='ocr_carea' id='block_1_80' title="bbox 2069 2461 3645 2533">
    <p class='ocr_par' dir='ltr' id='par_1_80' title="bbox 2069 2461 3645 2533">
     <span class='ocr_line' id='line_1_80' title="bbox 2069 2461 3645 2533; baseline -0.001 -17"><span class='ocrx_word' id='word_1_601' title='bbox 2069 2463 2181 2516; x_wconf 79' lang='grc' dir='ltr'>Καὶ</span> <span class='ocrx_word' id='word_1_602' title='bbox 2220 2462 2328 2532; x_wconf 75' lang='grc' dir='ltr'>γὰρ</span> <span class='ocrx_word' id='word_1_603' title='bbox 2359 2464 2392 2532; x_wconf 80' lang='grc' dir='ltr'>ἡ</span> <span class='ocrx_word' id='word_1_604' title='bbox 2420 2463 2624 2532; x_wconf 89' lang='grc' dir='ltr'>ἐρημία</span> <span class='ocrx_word' id='word_1_605' title='bbox 2657 2461 2762 2514; x_wconf 87' lang='grc' dir='ltr'>τῶν</span> <span class='ocrx_word' id='word_1_606' title='bbox 2792 2462 3128 2532; x_wconf 85' lang='grc' dir='ltr'>βοηθούντων</span> <span class='ocrx_word' id='word_1_607' title='bbox 3160 2462 3236 2532; x_wconf 85' lang='grc' dir='ltr'>τῷ</span> <span class='ocrx_word' id='word_1_608' title='bbox 3264 2462 3454 2527; x_wconf 80' lang='grc' dir='ltr'>Σαοὺλ,</span> <span class='ocrx_word' id='word_1_609' title='bbox 3490 2464 3582 2516; x_wconf 76' lang='grc' dir='ltr'>καὶ</span> <span class='ocrx_word' id='word_1_610' title='bbox 3612 2465 3645 2533; x_wconf 81' lang='grc' dir='ltr'>ή</span> 
     </span>
    </p>
   </div>
   <div class='ocr_carea' id='block_1_81' title="bbox 2071 2557 3648 2630">
    <p class='ocr_par' dir='ltr' id='par_1_81' title="bbox 2071 2557 3648 2630">
     <span class='ocr_line' id='line_1_81' title="bbox 2071 2557 3648 2630; baseline 0.001 -20"><span class='ocrx_word' id='word_1_611' title='bbox 2071 2557 2394 2628; x_wconf 83' lang='grc' dir='ltr'>παραίνεσις</span> <span class='ocrx_word' id='word_1_612' title='bbox 2425 2558 2534 2611; x_wconf 91' lang='grc' dir='ltr'>τῶν</span> <span class='ocrx_word' id='word_1_613' title='bbox 2568 2559 2938 2629; x_wconf 87' lang='grc' dir='ltr'>στρατιωτῶν,</span> <span class='ocrx_word' id='word_1_614' title='bbox 2972 2560 3066 2612; x_wconf 78' lang='grc' dir='ltr'>καὶ</span> <span class='ocrx_word' id='word_1_615' title='bbox 3096 2561 3128 2630; x_wconf 85' lang='grc' dir='ltr'>ἡ</span> <span class='ocrx_word' id='word_1_616' title='bbox 3159 2561 3344 2629; x_wconf 83' lang='grc' dir='ltr'>μνήμη</span> <span class='ocrx_word' id='word_1_617' title='bbox 3373 2559 3479 2611; x_wconf 84' lang='grc' dir='ltr'>τῶν</span> <span class='ocrx_word' id='word_1_618' title='bbox 3503 2576 3648 2630; x_wconf 78' lang='grc' dir='ltr'>παρ-ο</span> 
     </span>
    </p>
   </div>
   <div class='ocr_carea' id='block_1_82' title="bbox 2069 2654 3648 2727">
    <p class='ocr_par' dir='ltr' id='par_1_82' title="bbox 2069 2654 3648 2727">
     <span class='ocr_line' id='line_1_82' title="bbox 2069 2654 3648 2727; baseline 0 -20"><span class='ocrx_word' id='word_1_619' title='bbox 2069 2654 2352 2722; x_wconf 90' lang='grc' dir='ltr'>ελθόντων,</span> <span class='ocrx_word' id='word_1_620' title='bbox 2400 2654 2494 2708; x_wconf 74' lang='grc' dir='ltr'>καὶ</span> <span class='ocrx_word' id='word_1_621' title='bbox 2529 2657 2556 2708; x_wconf 92' lang='lat'>6</span> <span class='ocrx_word' id='word_1_622' title='bbox 2583 2655 2747 2724; x_wconf 88' lang='grc' dir='ltr'>φόϐος</span> <span class='ocrx_word' id='word_1_623' title='bbox 2779 2656 2886 2708; x_wconf 86' lang='grc' dir='ltr'>τῶν</span> <span class='ocrx_word' id='word_1_624' title='bbox 2933 2656 3255 2727; x_wconf 89' lang='grc' dir='ltr'>μελλόντων,</span> <span class='ocrx_word' id='word_1_625' title='bbox 3299 2657 3391 2710; x_wconf 70' lang='grc' dir='ltr'>καὶ</span> <span class='ocrx_word' id='word_1_626' title='bbox 3417 2655 3479 2709; x_wconf 80' lang='grc' dir='ltr'>τὸ</span> <span class='ocrx_word' id='word_1_627' title='bbox 3514 2657 3648 2726; x_wconf 85' lang='grc' dir='ltr'>μηδὲ</span> 
     </span>
    </p>
   </div>
   <div class='ocr_carea' id='block_1_83' title="bbox 2071 2754 3648 2826">
    <p class='ocr_par' dir='ltr' id='par_1_83' title="bbox 2071 2754 3648 2826">
     <span class='ocr_line' id='line_1_83' title="bbox 2071 2754 3648 2826; baseline 0.001 -21"><span class='ocrx_word' id='word_1_628' title='bbox 2071 2754 2284 2824; x_wconf 87' lang='grc' dir='ltr'>σφαγῆς</span> <span class='ocrx_word' id='word_1_629' title='bbox 2328 2754 2610 2825; x_wconf 85' lang='grc' dir='ltr'>κρίνεσθαι</span> <span class='ocrx_word' id='word_1_630' title='bbox 2643 2755 2829 2809; x_wconf 85' lang='grc' dir='ltr'>λοιπὸν</span> <span class='ocrx_word' id='word_1_631' title='bbox 2860 2755 3258 2809; x_wconf 89' lang='grc' dir='ltr'>ἀποκτείναντα</span> <span class='ocrx_word' id='word_1_632' title='bbox 3300 2756 3390 2809; x_wconf 79' lang='grc' dir='ltr'>τὸν</span> <span class='ocrx_word' id='word_1_633' title='bbox 3433 2755 3648 2826; x_wconf 78' lang='grc' dir='ltr'>ἐχθρὸν,</span> 
     </span>
    </p>
   </div>
   <div class='ocr_carea' id='block_1_84' title="bbox 2071 2853 3650 2924">
    <p class='ocr_par' dir='ltr' id='par_1_84' title="bbox 2071 2853 3650 2924">
     <span class='ocr_line' id='line_1_84' title="bbox 2071 2853 3650 2924; baseline -0.002 -15"><span class='ocrx_word' id='word_1_634' title='bbox 2071 2855 2164 2909; x_wconf 74' lang='grc' dir='ltr'>καὶ</span> <span class='ocrx_word' id='word_1_635' title='bbox 2195 2855 2256 2906; x_wconf 82' lang='grc' dir='ltr'>τὸ</span> <span class='ocrx_word' id='word_1_636' title='bbox 2299 2853 2439 2924; x_wconf 89' lang='grc' dir='ltr'>μετά</span> <span class='ocrx_word' id='word_1_637' title='bbox 2482 2855 2572 2907; x_wconf 79' lang='grc' dir='ltr'>τὸν</span> <span class='ocrx_word' id='word_1_638' title='bbox 2625 2856 2784 2924; x_wconf 88' lang='grc' dir='ltr'>φόνον</span> <span class='ocrx_word' id='word_1_639' title='bbox 2827 2855 3015 2910; x_wconf 90' lang='grc' dir='ltr'>τοῦτον</span> <span class='ocrx_word' id='word_1_640' title='bbox 3055 2855 3311 2909; x_wconf 89' lang='grc' dir='ltr'>δύνασθαι</span> <span class='ocrx_word' id='word_1_641' title='bbox 3361 2855 3452 2908; x_wconf 80' lang='grc' dir='ltr'>τὸν</span> <span class='ocrx_word' id='word_1_642' title='bbox 3486 2854 3650 2924; x_wconf 89' lang='grc' dir='ltr'>νόμον</span> 
     </span>
    </p>
   </div>
   <div class='ocr_carea' id='block_1_85' title="bbox 2071 2950 3651 3022">
    <p class='ocr_par' dir='ltr' id='par_1_85' title="bbox 2071 2950 3651 3022">
     <span class='ocr_line' id='line_1_85' title="bbox 2071 2950 3651 3022; baseline 0 -17"><span class='ocrx_word' id='word_1_643' title='bbox 2071 2950 2441 3021; x_wconf 87' lang='grc' dir='ltr'>ὑπερϐαίνειν,</span> <span class='ocrx_word' id='word_1_644' title='bbox 2477 2953 2573 3004; x_wconf 70' lang='grc' dir='ltr'>καὶ</span> <span class='ocrx_word' id='word_1_645' title='bbox 2612 2951 2781 3004; x_wconf 89' lang='grc' dir='ltr'>πολλά</span> <span class='ocrx_word' id='word_1_646' title='bbox 2815 2952 2976 3022; x_wconf 85' lang='grc' dir='ltr'>ἐτερα</span> <span class='ocrx_word' id='word_1_647' title='bbox 3009 2952 3232 3006; x_wconf 86' lang='grc' dir='ltr'>πλείονα</span> <span class='ocrx_word' id='word_1_648' title='bbox 3263 2953 3469 3006; x_wconf 85' lang='grc' dir='ltr'>τούτων</span> <span class='ocrx_word' id='word_1_649' title='bbox 3501 2952 3651 3005; x_wconf 82' lang='grc' dir='ltr'>ἐϐιά-</span> 
     </span>
    </p>
   </div>
   <div class='ocr_carea' id='block_1_86' title="bbox 2074 3045 3650 3116">
    <p class='ocr_par' dir='ltr' id='par_1_86' title="bbox 2074 3045 3650 3116">
     <span class='ocr_line' id='line_1_86' title="bbox 2074 3045 3650 3116; baseline -0.001 -17"><span class='ocrx_word' id='word_1_650' title='bbox 2074 3045 2197 3111; x_wconf 76' lang='grc' dir='ltr'>ζετο</span> <span class='ocrx_word' id='word_1_651' title='bbox 2219 3046 2313 3100; x_wconf 74' lang='grc' dir='ltr'>καὶ</span> <span class='ocrx_word' id='word_1_652' title='bbox 2336 3048 2646 3116; x_wconf 68' lang='grc' dir='ltr'>ἠνάγκαζεν</span> <span class='ocrx_word' id='word_1_653' title='bbox 2672 3047 2885 3116; x_wconf 89' lang='grc' dir='ltr'>ώθῆσαι</span> <span class='ocrx_word' id='word_1_654' title='bbox 2911 3047 2970 3100; x_wconf 84' lang='grc' dir='ltr'>τὸ</span> <span class='ocrx_word' id='word_1_655' title='bbox 2996 3046 3146 3116; x_wconf 84' lang='grc' dir='ltr'>ξίφος</span> <span class='ocrx_word' id='word_1_656' title='bbox 3168 3048 3246 3111; x_wconf 83' lang='grc' dir='ltr'>εἰς</span> <span class='ocrx_word' id='word_1_657' title='bbox 3267 3049 3490 3100; x_wconf 90' lang='grc' dir='ltr'>ἐκεῖνον.</span> <span class='ocrx_word' id='word_1_658' title='bbox 3510 3047 3650 3100; x_wconf 79' lang='grc' dir='ltr'>Ἀλλ’</span> 
     </span>
    </p>
   </div>
   <div class='ocr_carea' id='block_1_87' title="bbox 2069 3141 3648 3216">
    <p class='ocr_par' dir='ltr' id='par_1_87' title="bbox 2069 3141 3648 3216">
     <span class='ocr_line' id='line_1_87' title="bbox 2069 3141 3648 3216; baseline 0.002 -21"><span class='ocrx_word' id='word_1_659' title='bbox 2069 3143 2246 3197; x_wconf 79' lang='grc' dir='ltr'>οὐδενὶ</span> <span class='ocrx_word' id='word_1_660' title='bbox 2272 3144 2477 3197; x_wconf 86' lang='grc' dir='ltr'>τούτων</span> <span class='ocrx_word' id='word_1_661' title='bbox 2509 3141 2670 3209; x_wconf 78' lang='grc' dir='ltr'>εἶξεν,</span> <span class='ocrx_word' id='word_1_662' title='bbox 2722 3145 2836 3198; x_wconf 77' lang='grc' dir='ltr'>ἀλλ’</span> <span class='ocrx_word' id='word_1_663' title='bbox 2866 3145 3056 3214; x_wconf 76' lang='grc' dir='ltr'>ἔμενεν</span> <span class='ocrx_word' id='word_1_664' title='bbox 3086 3144 3275 3216; x_wconf 82' lang='grc' dir='ltr'>ὥσπερ</span> <span class='ocrx_word' id='word_1_665' title='bbox 3304 3161 3387 3207; x_wconf 90' lang='grc' dir='ltr'>τις</span> <span class='ocrx_word' id='word_1_666' title='bbox 3416 3145 3648 3214; x_wconf 83' lang='grc' dir='ltr'>ἀδάμας,</span> 
     </span>
    </p>
   </div>
   <div class='ocr_carea' id='block_1_88' title="bbox 2070 3236 3654 3312">
    <p class='ocr_par' dir='ltr' id='par_1_88' title="bbox 2070 3236 3654 3312">
     <span class='ocr_line' id='line_1_88' title="bbox 2070 3236 3654 3312; baseline 0.001 -21"><span class='ocrx_word' id='word_1_667' title='bbox 2070 3240 2326 3305; x_wconf 83' lang='grc' dir='ltr'>ἀκίνητον</span> <span class='ocrx_word' id='word_1_668' title='bbox 2353 3241 2445 3294; x_wconf 84' lang='grc' dir='ltr'>τὸν</span> <span class='ocrx_word' id='word_1_669' title='bbox 2475 3242 2575 3310; x_wconf 89' lang='grc' dir='ltr'>τῆς</span> <span class='ocrx_word' id='word_1_670' title='bbox 2613 3242 2932 3310; x_wconf 83' lang='grc' dir='ltr'>φιλοσοφίας</span> <span class='ocrx_word' id='word_1_671' title='bbox 2980 3241 3254 3312; x_wconf 81' lang='grc' dir='ltr'>διατηρῶν</span> <span class='ocrx_word' id='word_1_672' title='bbox 3300 3241 3481 3312; x_wconf 88' lang='grc' dir='ltr'>νόμον.</span> <span class='ocrx_word' id='word_1_673' title='bbox 3523 3236 3654 3294; x_wconf 81' lang='grc' dir='ltr'>Εἶτα</span> 
     </span>
    </p>
   </div>
   <div class='ocr_carea' id='block_1_89' title="bbox 2071 3334 3653 3412">
    <p class='ocr_par' dir='ltr' id='par_1_89' title="bbox 2071 3334 3653 3412">
     <span class='ocr_line' id='line_1_89' title="bbox 2071 3334 3653 3412; baseline -0.001 -21"><span class='ocrx_word' id='word_1_674' title='bbox 2071 3339 2158 3392; x_wconf 84' lang='grc' dir='ltr'>ἴνα</span> <span class='ocrx_word' id='word_1_675' title='bbox 2189 3342 2264 3409; x_wconf 84' lang='grc' dir='ltr'>μὴ</span> <span class='ocrx_word' id='word_1_676' title='bbox 2286 3340 2452 3412; x_wconf 79' lang='grc' dir='ltr'>λέγῃς</span> <span class='ocrx_word' id='word_1_677' title='bbox 2480 3342 2560 3392; x_wconf 84' lang='grc' dir='ltr'>ὅτι</span> <span class='ocrx_word' id='word_1_678' title='bbox 2591 3339 2711 3392; x_wconf 87' lang='grc' dir='ltr'>οὑδέ</span> <span class='ocrx_word' id='word_1_679' title='bbox 2756 3339 2925 3393; x_wconf 77' lang='grc' dir='ltr'>ἔπαθέ</span> <span class='ocrx_word' id='word_1_680' title='bbox 2968 3357 3022 3392; x_wconf 89' lang='grc' dir='ltr'>τι</span> <span class='ocrx_word' id='word_1_681' title='bbox 3068 3338 3330 3401; x_wconf 87' lang='grc' dir='ltr'>τοιοῦτον,</span> <span class='ocrx_word' id='word_1_682' title='bbox 3363 3334 3474 3392; x_wconf 75' lang='grc' dir='ltr'>οἷον</span> <span class='ocrx_word' id='word_1_683' title='bbox 3507 3337 3653 3400; x_wconf 77' lang='grc' dir='ltr'>εἰκὸς</span> 
     </span>
    </p>
   </div>
   <div class='ocr_carea' id='block_1_90' title="bbox 2069 3431 3651 3508">
    <p class='ocr_par' dir='ltr' id='par_1_90' title="bbox 2069 3431 3651 3508">
     <span class='ocr_line' id='line_1_90' title="bbox 2069 3431 3651 3508; baseline -0.001 -21"><span class='ocrx_word' id='word_1_684' title='bbox 2069 3432 2160 3508; x_wconf 76' lang='grc' dir='ltr'>ἦν,</span> <span class='ocrx_word' id='word_1_685' title='bbox 2187 3435 2299 3488; x_wconf 88' lang='grc' dir='ltr'>ἀλλ’</span> <span class='ocrx_word' id='word_1_686' title='bbox 2327 3436 2650 3506; x_wconf 90' lang='grc' dir='ltr'>ἀναισθησία</span> <span class='ocrx_word' id='word_1_687' title='bbox 2680 3435 2740 3489; x_wconf 83' lang='grc' dir='ltr'>τὸ</span> <span class='ocrx_word' id='word_1_688' title='bbox 2767 3436 3052 3506; x_wconf 87' lang='grc' dir='ltr'>γινόμενον</span> <span class='ocrx_word' id='word_1_689' title='bbox 3073 3431 3162 3506; x_wconf 82' lang='grc' dir='ltr'>ῆν,</span> <span class='ocrx_word' id='word_1_690' title='bbox 3191 3435 3310 3506; x_wconf 78' lang='grc' dir='ltr'>οὑχὶ</span> <span class='ocrx_word' id='word_1_691' title='bbox 3344 3434 3651 3504; x_wconf 86' lang='grc' dir='ltr'>φιλοσοφία,</span> 
     </span>
    </p>
   </div>
   <div class='ocr_carea' id='block_1_91' title="bbox 2071 3530 3654 3604">
    <p class='ocr_par' dir='ltr' id='par_1_91' title="bbox 2071 3530 3654 3604">
     <span class='ocr_line' id='line_1_91' title="bbox 2071 3530 3654 3604; baseline -0.003 -17"><span class='ocrx_word' id='word_1_692' title='bbox 2071 3535 2172 3604; x_wconf 82' lang='grc' dir='ltr'>ὅρα</span> <span class='ocrx_word' id='word_1_693' title='bbox 2198 3534 2314 3597; x_wconf 88' lang='grc' dir='ltr'>πῶς</span> <span class='ocrx_word' id='word_1_694' title='bbox 2347 3533 2640 3604; x_wconf 88' lang='grc' dir='ltr'>ἀγριωθε“ις</span> <span class='ocrx_word' id='word_1_695' title='bbox 2681 3533 3068 3604; x_wconf 87' lang='grc' dir='ltr'>ἐκαρτέρησεν.</span> <span class='ocrx_word' id='word_1_696' title='bbox 3107 3535 3227 3585; x_wconf 87' lang='grc' dir='ltr'>Ὂτι</span> <span class='ocrx_word' id='word_1_697' title='bbox 3267 3532 3374 3602; x_wconf 82' lang='grc' dir='ltr'>γὰρ</span> <span class='ocrx_word' id='word_1_698' title='bbox 3404 3530 3551 3601; x_wconf 89' lang='grc' dir='ltr'>αὑτῷ</span> <span class='ocrx_word' id='word_1_699' title='bbox 3577 3531 3654 3582; x_wconf 90' lang='grc' dir='ltr'>δι-</span> 
     </span>
    </p>
   </div>
   <div class='ocr_carea' id='block_1_92' title="bbox 2074 3625 3654 3699">
    <p class='ocr_par' dir='ltr' id='par_1_92' title="bbox 2074 3625 3654 3699">
     <span class='ocr_line' id='line_1_92' title="bbox 2074 3625 3654 3699; baseline -0.003 -16"><span class='ocrx_word' id='word_1_700' title='bbox 2074 3629 2270 3699; x_wconf 86' lang='grc' dir='ltr'>ανέστη</span> <span class='ocrx_word' id='word_1_701' title='bbox 2295 3629 2364 3682; x_wconf 88' lang='grc' dir='ltr'>τά</span> <span class='ocrx_word' id='word_1_702' title='bbox 2389 3629 2607 3699; x_wconf 85' lang='grc' dir='ltr'>κύματα</span> <span class='ocrx_word' id='word_1_703' title='bbox 2622 3629 2720 3698; x_wconf 89' lang='grc' dir='ltr'>τῆς</span> <span class='ocrx_word' id='word_1_704' title='bbox 2740 3630 2928 3699; x_wconf 84' lang='grc' dir='ltr'>ὀργῆς,</span> <span class='ocrx_word' id='word_1_705' title='bbox 2959 3631 3050 3681; x_wconf 71' lang='grc' dir='ltr'>καὶ</span> <span class='ocrx_word' id='word_1_706' title='bbox 3073 3627 3237 3698; x_wconf 85' lang='grc' dir='ltr'>πολλὴ</span> <span class='ocrx_word' id='word_1_707' title='bbox 3252 3628 3358 3681; x_wconf 89' lang='grc' dir='ltr'>τῶν</span> <span class='ocrx_word' id='word_1_708' title='bbox 3380 3625 3654 3695; x_wconf 85' lang='grc' dir='ltr'>λογισμῶν</span> 
     </span>
    </p>
   </div>
   <div class='ocr_carea' id='block_1_93' title="bbox 2075 3721 3656 3796">
    <p class='ocr_par' dir='ltr' id='par_1_93' title="bbox 2075 3721 3656 3796">
     <span class='ocr_line' id='line_1_93' title="bbox 2075 3721 3656 3796; baseline -0.002 -20"><span class='ocrx_word' id='word_1_709' title='bbox 2075 3724 2300 3795; x_wconf 84' lang='grc' dir='ltr'>ἐκινήθη</span> <span class='ocrx_word' id='word_1_710' title='bbox 2334 3727 2366 3794; x_wconf 81' lang='grc' dir='ltr'>ἡ</span> <span class='ocrx_word' id='word_1_711' title='bbox 2409 3725 2564 3795; x_wconf 78' lang='grc' dir='ltr'>ζάλη.</span> <span class='ocrx_word' id='word_1_712' title='bbox 2601 3725 2697 3778; x_wconf 74' lang='grc' dir='ltr'>καὶ</span> <span class='ocrx_word' id='word_1_713' title='bbox 2733 3725 2822 3780; x_wconf 81' lang='grc' dir='ltr'>τὸν</span> <span class='ocrx_word' id='word_1_714' title='bbox 2850 3724 3092 3796; x_wconf 88' lang='grc' dir='ltr'>χειμῶνα</span> <span class='ocrx_word' id='word_1_715' title='bbox 3119 3723 3360 3796; x_wconf 87' lang='grc' dir='ltr'>ἐχαλίνου</span> <span class='ocrx_word' id='word_1_716' title='bbox 3399 3721 3476 3794; x_wconf 85' lang='grc' dir='ltr'>τῷ</span> <span class='ocrx_word' id='word_1_717' title='bbox 3506 3722 3656 3792; x_wconf 82' lang='grc' dir='ltr'>φόϐῳ</span> 
     </span>
    </p>
   </div>
   <div class='ocr_carea' id='block_1_94' title="bbox 2074 3818 3656 3892">
    <p class='ocr_par' dir='ltr' id='par_1_94' title="bbox 2074 3818 3656 3892">
     <span class='ocr_line' id='line_1_94' title="bbox 2074 3818 3656 3892; baseline -0.002 -18"><span class='ocrx_word' id='word_1_718' title='bbox 2074 3821 2169 3874; x_wconf 88' lang='grc' dir='ltr'>τοῦ</span> <span class='ocrx_word' id='word_1_719' title='bbox 2208 3821 2363 3884; x_wconf 85' lang='grc' dir='ltr'>Θεοῦ,</span> <span class='ocrx_word' id='word_1_720' title='bbox 2392 3823 2485 3875; x_wconf 76' lang='grc' dir='ltr'>καὶ</span> <span class='ocrx_word' id='word_1_721' title='bbox 2514 3824 2612 3892; x_wconf 82' lang='grc' dir='ltr'>τὴν</span> <span class='ocrx_word' id='word_1_722' title='bbox 2645 3821 2881 3875; x_wconf 81' lang='grc' dir='ltr'>διάνοιαν</span> <span class='ocrx_word' id='word_1_723' title='bbox 2911 3819 3178 3886; x_wconf 76' lang='grc' dir='ltr'>ἐπιέζετο,</span> <span class='ocrx_word' id='word_1_724' title='bbox 3205 3822 3268 3874; x_wconf 85' lang='grc' dir='ltr'>ἐκ</span> <span class='ocrx_word' id='word_1_725' title='bbox 3293 3822 3401 3875; x_wconf 90' lang='grc' dir='ltr'>τῶν</span> <span class='ocrx_word' id='word_1_726' title='bbox 3429 3818 3656 3890; x_wconf 86' lang='grc' dir='ltr'>γενομέ-</span> 
     </span>
    </p>
   </div>
   <div class='ocr_carea' id='block_1_95' title="bbox 2077 3915 3655 3988">
    <p class='ocr_par' dir='ltr' id='par_1_95' title="bbox 2077 3915 3655 3988">
     <span class='ocr_line' id='line_1_95' title="bbox 2077 3915 3655 3988; baseline -0.002 -18"><span class='ocrx_word' id='word_1_727' title='bbox 2077 3934 2183 3970; x_wconf 90' lang='grc' dir='ltr'>νων</span> <span class='ocrx_word' id='word_1_728' title='bbox 2216 3917 2361 3970; x_wconf 82' lang='grc' dir='ltr'>ἕστιν</span> <span class='ocrx_word' id='word_1_729' title='bbox 2393 3917 2538 3970; x_wconf 83' lang='grc' dir='ltr'>ἰδεῖν.</span> <span class='ocrx_word' id='word_1_730' title='bbox 2576 3917 2825 3985; x_wconf 80' lang='grc' dir='ltr'>’Λνέο-τη</span> <span class='ocrx_word' id='word_1_731' title='bbox 2866 3919 2992 3988; x_wconf 80' lang='grc' dir='ltr'>γὰρ,</span> <span class='ocrx_word' id='word_1_732' title='bbox 3030 3919 3183 3988; x_wconf 75' lang='grc' dir='ltr'>φησὶ,</span> <span class='ocrx_word' id='word_1_733' title='bbox 3234 3917 3330 3971; x_wconf 76' lang='grc' dir='ltr'>καὶ</span> <span class='ocrx_word' id='word_1_734' title='bbox 3353 3917 3560 3986; x_wconf 66' lang='grc' dir='ltr'>ἀφεῖλε</span> <span class='ocrx_word' id='word_1_735' title='bbox 3590 3915 3655 3968; x_wconf 80' lang='grc' dir='ltr'>τὸ</span> 
     </span>
    </p>
   </div>
   <div class='ocr_carea' id='block_1_96' title="bbox 2078 4010 3657 4082">
    <p class='ocr_par' dir='ltr' id='par_1_96' title="bbox 2078 4010 3657 4082">
     <span class='ocr_line' id='line_1_96' title="bbox 2078 4010 3657 4082; baseline -0.001 -18"><span class='ocrx_word' id='word_1_736' title='bbox 2078 4015 2394 4082; x_wconf 78' lang='grc' dir='ltr'>πτερύγιον</span> <span class='ocrx_word' id='word_1_737' title='bbox 2408 4013 2513 4081; x_wconf 79' lang='grc' dir='ltr'>τῆς</span> <span class='ocrx_word' id='word_1_738' title='bbox 2526 4014 2834 4080; x_wconf 77' lang='grc' dir='ltr'>διπλοΐδος</span> <span class='ocrx_word' id='word_1_739' title='bbox 2854 4015 3050 4068; x_wconf 75' lang='grc' dir='ltr'>Σαοὺλ</span> <span class='ocrx_word' id='word_1_740' title='bbox 3067 4015 3380 4082; x_wconf 69' lang='grc' dir='ltr'>λαθραίως.</span> <span class='ocrx_word' id='word_1_741' title='bbox 3398 4010 3550 4076; x_wconf 82' lang='grc' dir='ltr'>Εἶδες</span> <span class='ocrx_word' id='word_1_742' title='bbox 3567 4011 3657 4064; x_wconf 84' lang='grc' dir='ltr'>πό-</span> 
     </span>
    </p>
   </div>
   <div class='ocr_carea' id='block_1_97' title="bbox 2081 4110 3657 4182">
    <p class='ocr_par' dir='ltr' id='par_1_97' title="bbox 2081 4110 3657 4182">
     <span class='ocr_line' id='line_1_97' title="bbox 2081 4110 3657 4182; baseline -0.008 -8"><span class='ocrx_word' id='word_1_743' title='bbox 2081 4127 2170 4173; x_wconf 86' lang='grc' dir='ltr'>σος</span> <span class='ocrx_word' id='word_1_744' title='bbox 2187 4110 2394 4181; x_wconf 77' lang='grc' dir='ltr'>ἠγέρθη</span> <span class='ocrx_word' id='word_1_745' title='bbox 2412 4111 2508 4182; x_wconf 74' lang='grc' dir='ltr'>τῆς</span> <span class='ocrx_word' id='word_1_746' title='bbox 2524 4111 2690 4182; x_wconf 76' lang='grc' dir='ltr'>ὀργῆς</span> <span class='ocrx_word' id='word_1_747' title='bbox 2711 4113 2738 4164; x_wconf 89' lang='lat'>6</span> <span class='ocrx_word' id='word_1_748' title='bbox 2759 4111 2965 4181; x_wconf 82' lang='grc' dir='ltr'>χειμών</span> <span class='ocrx_word' id='word_1_749' title='bbox 2986 4130 2999 4179; x_wconf 92' lang='grc'><strong>;</strong></span> <span class='ocrx_word' id='word_1_750' title='bbox 3025 4110 3163 4164; x_wconf 83' lang='grc' dir='ltr'>Ἀλλ’</span> <span class='ocrx_word' id='word_1_751' title='bbox 3193 4111 3251 4164; x_wconf 92' lang='grc' dir='ltr'>οὑ</span> <span class='ocrx_word' id='word_1_752' title='bbox 3279 4110 3518 4182; x_wconf 85' lang='grc' dir='ltr'>προῆλθε</span> <span class='ocrx_word' id='word_1_753' title='bbox 3557 4127 3657 4162; x_wconf 55' lang='grc' dir='ltr'>πε-</span> 
     </span>
    </p>
   </div>
   <div class='ocr_carea' id='block_1_98' title="bbox 2083 4205 3660 4278">
    <p class='ocr_par' dir='ltr' id='par_1_98' title="bbox 2083 4205 3660 4278">
     <span class='ocr_line' id='line_1_98' title="bbox 2083 4205 3660 4278; baseline -0.001 -20"><span class='ocrx_word' id='word_1_754' title='bbox 2083 4207 2349 4278; x_wconf 85' lang='grc' dir='ltr'>ραιτέρω,</span> <span class='ocrx_word' id='word_1_755' title='bbox 2379 4207 2496 4259; x_wconf 78' lang='grc' dir='ltr'>οὑδὲ</span> <span class='ocrx_word' id='word_1_756' title='bbox 2527 4207 2819 4276; x_wconf 84' lang='grc' dir='ltr'>εἰργάσατο</span> <span class='ocrx_word' id='word_1_757' title='bbox 2849 4208 2910 4262; x_wconf 76' lang='grc' dir='ltr'>τὸ</span> <span class='ocrx_word' id='word_1_758' title='bbox 2938 4208 3194 4276; x_wconf 83' lang='grc' dir='ltr'>ναυάγιον</span> <span class='ocrx_word' id='word_1_759' title='bbox 3218 4223 3229 4237; x_wconf 74' lang='grc'><strong>⁸</strong></span> <span class='ocrx_word' id='word_1_760' title='bbox 3261 4209 3289 4260; x_wconf 97' lang='lat'>6</span> <span class='ocrx_word' id='word_1_761' title='bbox 3330 4208 3437 4278; x_wconf 73' lang='grc' dir='ltr'>γὰρ</span> <span class='ocrx_word' id='word_1_762' title='bbox 3465 4205 3660 4275; x_wconf 88' lang='grc' dir='ltr'>κυϐερ-</span> 
     </span>
    </p>
   </div>
   <div class='ocr_carea' id='block_1_99' title="bbox 2081 4293 3658 4365">
    <p class='ocr_par' dir='ltr' id='par_1_99' title="bbox 2081 4293 3658 4365">
     <span class='ocr_line' id='line_1_99' title="bbox 2081 4293 3658 4365; baseline -0.002 -18"><span class='ocrx_word' id='word_1_763' title='bbox 2081 4293 2249 4363; x_wconf 83' lang='grc' dir='ltr'>νήτης</span> <span class='ocrx_word' id='word_1_764' title='bbox 2285 4294 2499 4364; x_wconf 83' lang='grc' dir='ltr'>ταχέως</span> <span class='ocrx_word' id='word_1_765' title='bbox 2529 4295 2866 4365; x_wconf 85' lang='grc' dir='ltr'>αἰσθόμενος,</span> <span class='ocrx_word' id='word_1_766' title='bbox 2920 4297 2948 4348; x_wconf 90' lang='lat'>6</span> <span class='ocrx_word' id='word_1_767' title='bbox 2993 4296 3220 4365; x_wconf 70' lang='grc' dir='ltr'>εὐσεϐὴς</span> <span class='ocrx_word' id='word_1_768' title='bbox 3247 4296 3524 4365; x_wconf 78' lang='grc' dir='ltr'>λογισμὸς,</span> <span class='ocrx_word' id='word_1_769' title='bbox 3559 4309 3658 4360; x_wconf 87' lang='grc' dir='ltr'>γα-</span> 
     </span>
    </p>
   </div>
   <div class='ocr_carea' id='block_1_100' title="bbox 2082 4381 3658 4453">
    <p class='ocr_par' dir='ltr' id='par_1_100' title="bbox 2082 4381 3658 4453">
     <span class='ocr_line' id='line_1_100' title="bbox 2082 4381 3658 4453; baseline -0.001 -20"><span class='ocrx_word' id='word_1_770' title='bbox 2082 4381 2248 4453; x_wconf 87' lang='grc' dir='ltr'>λήνην</span> <span class='ocrx_word' id='word_1_771' title='bbox 2294 4382 2412 4434; x_wconf 72' lang='grc' dir='ltr'>ἀντὶ</span> <span class='ocrx_word' id='word_1_772' title='bbox 2456 4381 2720 4451; x_wconf 88' lang='grc' dir='ltr'>χειμῶνος</span> <span class='ocrx_word' id='word_1_773' title='bbox 2761 4383 3034 4452; x_wconf 85' lang='grc' dir='ltr'>ἐποίησεν.</span> <span class='ocrx_word' id='word_1_774' title='bbox 3083 4382 3374 4445; x_wconf 78' lang='grc' dir='ltr'>Ἐπάταεε</span> <span class='ocrx_word' id='word_1_775' title='bbox 3410 4381 3518 4450; x_wconf 77' lang='grc' dir='ltr'>γὰρ</span> <span class='ocrx_word' id='word_1_776' title='bbox 3549 4383 3658 4432; x_wconf 84' lang='grc' dir='ltr'>αὺ-</span> 
     </span>
    </p>
   </div>
   <div class='ocr_carea' id='block_1_101' title="bbox 2084 4465 3655 4538">
    <p class='ocr_par' dir='ltr' id='par_1_101' title="bbox 2084 4465 3655 4538">
     <span class='ocr_line' id='line_1_101' title="bbox 2084 4465 3655 4538; baseline -0.001 -16"><span class='ocrx_word' id='word_1_777' title='bbox 2084 4473 2209 4533; x_wconf 73' lang='grc' dir='ltr'>τὸν,</span> <span class='ocrx_word' id='word_1_778' title='bbox 2238 4487 2308 4538; x_wconf 75' lang='grc' dir='ltr'>φη</span> <span class='ocrx_word' id='word_1_779' title='bbox 2320 4470 2423 4532; x_wconf 75' lang='grc' dir='ltr'>σὶν.</span> <span class='ocrx_word' id='word_1_780' title='bbox 2443 4472 2479 4534; x_wconf 72' lang='grc' dir='ltr'>ἡ</span> <span class='ocrx_word' id='word_1_781' title='bbox 2505 4469 2716 4536; x_wconf 82' lang='grc' dir='ltr'>καρδία</span> <span class='ocrx_word' id='word_1_782' title='bbox 2739 4471 2945 4532; x_wconf 81' lang='grc' dir='ltr'>αὑτοῦ,</span> <span class='ocrx_word' id='word_1_783' title='bbox 2961 4470 3055 4521; x_wconf 70' lang='grc' dir='ltr'>καὶ</span> <span class='ocrx_word' id='word_1_784' title='bbox 3073 4469 3320 4538; x_wconf 84' lang='grc' dir='ltr'>καθάπερ</span> <span class='ocrx_word' id='word_1_785' title='bbox 3354 4465 3655 4538; x_wconf 73' lang='grc' dir='ltr'>σκιρτῶντα</span> 
     </span>
    </p>
   </div>
   <div class='ocr_carea' id='block_1_102' title="bbox 2085 4555 3444 4627">
    <p class='ocr_par' dir='ltr' id='par_1_102' title="bbox 2085 4555 3444 4627">
     <span class='ocr_line' id='line_1_102' title="bbox 2085 4555 3444 4627; baseline -0.001 -19"><span class='ocrx_word' id='word_1_786' title='bbox 2085 4555 2180 4608; x_wconf 70' lang='grc' dir='ltr'>καὶ</span> <span class='ocrx_word' id='word_1_787' title='bbox 2217 4558 2538 4626; x_wconf 80' lang='grc' dir='ltr'>μαινόμενον</span> <span class='ocrx_word' id='word_1_788' title='bbox 2571 4555 2752 4616; x_wconf 80' lang='grc' dir='ltr'>ἵππον,</span> <span class='ocrx_word' id='word_1_789' title='bbox 2794 4556 2885 4609; x_wconf 86' lang='grc' dir='ltr'>τὸν</span> <span class='ocrx_word' id='word_1_790' title='bbox 2919 4556 3086 4627; x_wconf 73' lang='grc' dir='ltr'>θυμὸν</span> <span class='ocrx_word' id='word_1_791' title='bbox 3118 4555 3444 4625; x_wconf 86' lang='grc' dir='ltr'>ἀνεχαίτισε.</span> 
     </span>
    </p>
   </div>
   <div class='ocr_carea' id='block_1_103' title="bbox 2149 4664 3655 4736">
    <p class='ocr_par' dir='ltr' id='par_1_103' title="bbox 2149 4664 3655 4736">
     <span class='ocr_line' id='line_1_103' title="bbox 2149 4664 3655 4736; baseline -0.001 -19"><span class='ocrx_word' id='word_1_792' title='bbox 2149 4671 2213 4723; x_wconf 86' lang='grc' dir='ltr'>ς’.</span> <span class='ocrx_word' id='word_1_793' title='bbox 2240 4664 2496 4717; x_wconf 89' lang='grc' dir='ltr'>Τοιαῦται</span> <span class='ocrx_word' id='word_1_794' title='bbox 2524 4666 2632 4717; x_wconf 87' lang='grc' dir='ltr'>τῶν</span> <span class='ocrx_word' id='word_1_795' title='bbox 2683 4666 2849 4733; x_wconf 87' lang='grc' dir='ltr'>ἁγίων</span> <span class='ocrx_word' id='word_1_796' title='bbox 2893 4668 2947 4719; x_wconf 89' lang='grc' dir='ltr'>αί</span> <span class='ocrx_word' id='word_1_797' title='bbox 2985 4665 3179 4734; x_wconf 72' lang='grc' dir='ltr'>ψυχαίο</span> <span class='ocrx_word' id='word_1_798' title='bbox 3231 4665 3358 4735; x_wconf 71' lang='grc' dir='ltr'>πρὶν</span> <span class='ocrx_word' id='word_1_799' title='bbox 3387 4665 3418 4736; x_wconf 81' lang='grc' dir='ltr'><strong>ἥ</strong></span> <span class='ocrx_word' id='word_1_800' title='bbox 3453 4665 3655 4728; x_wconf 86' lang='grc' dir='ltr'>πεσεῖν,</span> 
     </span>
    </p>
   </div>
   <div class='ocr_carea' id='block_1_104' title="bbox 2085 4751 3662 4824">
    <p class='ocr_par' dir='ltr' id='par_1_104' title="bbox 2085 4751 3662 4824">
     <span class='ocr_line' id='line_1_104' title="bbox 2085 4751 3662 4824; baseline 0 -20"><span class='ocrx_word' id='word_1_801' title='bbox 2085 4751 2419 4816; x_wconf 83' lang='grc' dir='ltr'>ἀνίστανται,</span> <span class='ocrx_word' id='word_1_802' title='bbox 2445 4752 2573 4822; x_wconf 74' lang='grc' dir='ltr'>πρὶν</span> <span class='ocrx_word' id='word_1_803' title='bbox 2597 4753 2626 4821; x_wconf 87' lang='grc' dir='ltr'>ἢ</span> <span class='ocrx_word' id='word_1_804' title='bbox 2653 4753 2788 4822; x_wconf 76' lang='grc' dir='ltr'>πρὸς</span> <span class='ocrx_word' id='word_1_805' title='bbox 2813 4752 2909 4821; x_wconf 82' lang='grc' dir='ltr'>τὴν</span> <span class='ocrx_word' id='word_1_806' title='bbox 2935 4753 3208 4824; x_wconf 83' lang='grc' dir='ltr'>ἁμαρτίαν</span> <span class='ocrx_word' id='word_1_807' title='bbox 3233 4751 3662 4821; x_wconf 80' lang='grc' dir='ltr'>ἐλθεῖν,άναχαιο</span> 
     </span>
    </p>
   </div>
   <div class='ocr_carea' id='block_1_105' title="bbox 2084 4839 3660 4910">
    <p class='ocr_par' dir='ltr' id='par_1_105' title="bbox 2084 4839 3660 4910">
     <span class='ocr_line' id='line_1_105' title="bbox 2084 4839 3660 4910; baseline -0.001 -19"><span class='ocrx_word' id='word_1_808' title='bbox 2084 4839 2324 4901; x_wconf 75' lang='grc' dir='ltr'>τίζονται</span> <span class='ocrx_word' id='word_1_809' title='bbox 2353 4879 2365 4899; x_wconf 92' lang='grc'>,</span> <span class='ocrx_word' id='word_1_810' title='bbox 2401 4839 2588 4910; x_wconf 73' lang='grc' dir='ltr'>ἐπε-δὴ</span> <span class='ocrx_word' id='word_1_811' title='bbox 2616 4841 2844 4909; x_wconf 89' lang='grc' dir='ltr'>νήφουσι</span> <span class='ocrx_word' id='word_1_812' title='bbox 2874 4841 2968 4894; x_wconf 77' lang='grc' dir='ltr'>καὶ</span> <span class='ocrx_word' id='word_1_813' title='bbox 2997 4840 3286 4902; x_wconf 84' lang='grc' dir='ltr'>διαπαντός</span> <span class='ocrx_word' id='word_1_814' title='bbox 3334 4842 3468 4892; x_wconf 82' lang='grc' dir='ltr'>εἰσιν</span> <span class='ocrx_word' id='word_1_815' title='bbox 3498 4841 3660 4910; x_wconf 85' lang='grc' dir='ltr'>ἐγρη-</span> 
     </span>
    </p>
   </div>
   <div class='ocr_carea' id='block_1_106' title="bbox 2086 4924 3663 4998">
    <p class='ocr_par' dir='ltr' id='par_1_106' title="bbox 2086 4924 3663 4998">
     <span class='ocr_line' id='line_1_106' title="bbox 2086 4924 3663 4998; baseline 0 -19"><span class='ocrx_word' id='word_1_816' title='bbox 2086 4929 2321 4997; x_wconf 87' lang='grc' dir='ltr'>γορυῖαι.</span> <span class='ocrx_word' id='word_1_817' title='bbox 2367 4927 2559 4979; x_wconf 87' lang='grc' dir='ltr'>Καίτοι</span> <span class='ocrx_word' id='word_1_818' title='bbox 2594 4929 2757 4980; x_wconf 90' lang='grc' dir='ltr'>πόσον</span> <span class='ocrx_word' id='word_1_819' title='bbox 2782 4927 2877 4980; x_wconf 90' lang='grc' dir='ltr'>τοῦ</span> <span class='ocrx_word' id='word_1_820' title='bbox 2912 4927 3160 4998; x_wconf 83' lang='grc' dir='ltr'>σώματος</span> <span class='ocrx_word' id='word_1_821' title='bbox 3196 4924 3263 4998; x_wconf 81' lang='grc' dir='ltr'>ἦν</span> <span class='ocrx_word' id='word_1_822' title='bbox 3299 4926 3507 4981; x_wconf 73' lang='grc' dir='ltr'>καὶτοῦ</span> <span class='ocrx_word' id='word_1_823' title='bbox 3538 4929 3663 4996; x_wconf 83' lang='grc' dir='ltr'>ίμα-</span> 
     </span>
    </p>
   </div>
   <div class='ocr_carea' id='block_1_107' title="bbox 2086 5012 3664 5086">
    <p class='ocr_par' dir='ltr' id='par_1_107' title="bbox 2086 5012 3664 5086">
     <span class='ocr_line' id='line_1_107' title="bbox 2086 5012 3664 5086; baseline -0.001 -20"><span class='ocrx_word' id='word_1_824' title='bbox 2086 5014 2201 5066; x_wconf 89' lang='grc' dir='ltr'>τίου</span> <span class='ocrx_word' id='word_1_825' title='bbox 2234 5012 2385 5085; x_wconf 76' lang='grc'>[757]</span> <span class='ocrx_word' id='word_1_826' title='bbox 2417 5014 2476 5066; x_wconf 80' lang='grc' dir='ltr'>τὸ</span> <span class='ocrx_word' id='word_1_827' title='bbox 2509 5014 2671 5085; x_wconf 88' lang='grc' dir='ltr'>μέσον</span> <span class='ocrx_word' id='word_1_828' title='bbox 2692 5033 2706 5080; x_wconf 84' lang='grc'>;</span> <span class='ocrx_word' id='word_1_829' title='bbox 2726 5013 2862 5066; x_wconf 72' lang='grc' dir='ltr'>Ἀλλ’</span> <span class='ocrx_word' id='word_1_830' title='bbox 2889 5015 3035 5084; x_wconf 82' lang='grc' dir='ltr'>ὅμως</span> <span class='ocrx_word' id='word_1_831' title='bbox 3067 5017 3254 5085; x_wconf 75' lang='grc' dir='ltr'>ἴσχυσε</span> <span class='ocrx_word' id='word_1_832' title='bbox 3280 5017 3352 5085; x_wconf 82' lang='grc' dir='ltr'>μὴ</span> <span class='ocrx_word' id='word_1_833' title='bbox 3380 5014 3664 5086; x_wconf 83' lang='grc' dir='ltr'>προελθεῖν</span> 
     </span>
    </p>
   </div>
   <div class='ocr_carea' id='block_1_108' title="bbox 2088 5101 3660 5172">
    <p class='ocr_par' dir='ltr' id='par_1_108' title="bbox 2088 5101 3660 5172">
     <span class='ocr_line' id='line_1_108' title="bbox 2088 5101 3660 5172; baseline 0.001 -20"><span class='ocrx_word' id='word_1_834' title='bbox 2088 5101 2413 5172; x_wconf 89' lang='grc' dir='ltr'>περαιτέρω,</span> <span class='ocrx_word' id='word_1_835' title='bbox 2462 5103 2553 5154; x_wconf 74' lang='grc' dir='ltr'>καὶ</span> <span class='ocrx_word' id='word_1_836' title='bbox 2587 5104 2671 5154; x_wconf 83' lang='grc' dir='ltr'>ἐπ’</span> <span class='ocrx_word' id='word_1_837' title='bbox 2713 5102 2860 5172; x_wconf 87' lang='grc' dir='ltr'>αὑτῷ</span> <span class='ocrx_word' id='word_1_838' title='bbox 2902 5104 2959 5156; x_wconf 83' lang='grc' dir='ltr'>δὲ</span> <span class='ocrx_word' id='word_1_839' title='bbox 2997 5103 3171 5172; x_wconf 85' lang='grc' dir='ltr'>τούτῳ</span> <span class='ocrx_word' id='word_1_840' title='bbox 3216 5103 3419 5172; x_wconf 87' lang='grc' dir='ltr'>σφόδρα</span> <span class='ocrx_word' id='word_1_841' title='bbox 3469 5101 3660 5154; x_wconf 79' lang='grc' dir='ltr'>ἐαυτὸν</span> 
     </span>
    </p>
   </div>
   <div class='ocr_carea' id='block_1_109' title="bbox 2088 5187 3660 5260">
    <p class='ocr_par' dir='ltr' id='par_1_109' title="bbox 2088 5187 3660 5260">
     <span class='ocr_line' id='line_1_109' title="bbox 2088 5187 3660 5260; baseline 0.001 -20"><span class='ocrx_word' id='word_1_842' title='bbox 2088 5188 2459 5242; x_wconf 86' lang='grc' dir='ltr'>κατεδίκασεν.</span> <span class='ocrx_word' id='word_1_843' title='bbox 2495 5188 2782 5253; x_wconf 80' lang='grc' dir='ltr'>Ἐπάταξε</span> <span class='ocrx_word' id='word_1_844' title='bbox 2805 5189 2913 5260; x_wconf 81' lang='grc' dir='ltr'>γάρ</span> <span class='ocrx_word' id='word_1_845' title='bbox 2940 5191 3126 5242; x_wconf 82' lang='grc' dir='ltr'>αὐτὸν</span> <span class='ocrx_word' id='word_1_846' title='bbox 3150 5189 3186 5254; x_wconf 76' lang='grc' dir='ltr'><strong><em>ἠ</em></strong></span> <span class='ocrx_word' id='word_1_847' title='bbox 3219 5189 3429 5256; x_wconf 77' lang='grc' dir='ltr'>καρδία</span> <span class='ocrx_word' id='word_1_848' title='bbox 3451 5187 3660 5251; x_wconf 81' lang='grc' dir='ltr'>αὑτοῦ.</span> 
     </span>
    </p>
   </div>
   <div class='ocr_carea' id='block_1_110' title="bbox 2089 5274 3661 5346">
    <p class='ocr_par' dir='ltr' id='par_1_110' title="bbox 2089 5274 3661 5346">
     <span class='ocr_line' id='line_1_110' title="bbox 2089 5274 3661 5346; baseline 0 -19"><span class='ocrx_word' id='word_1_849' title='bbox 2089 5275 2289 5346; x_wconf 74' lang='grc' dir='ltr'>φησὶν,</span> <span class='ocrx_word' id='word_1_850' title='bbox 2330 5275 2418 5329; x_wconf 84' lang='grc' dir='ltr'>ὅτι</span> <span class='ocrx_word' id='word_1_851' title='bbox 2449 5277 2664 5344; x_wconf 68' lang='grc' dir='ltr'>άφεῆιε</span> <span class='ocrx_word' id='word_1_852' title='bbox 2695 5277 2762 5328; x_wconf 89' lang='grc' dir='ltr'>τὸ</span> <span class='ocrx_word' id='word_1_853' title='bbox 2809 5276 3124 5344; x_wconf 76' lang='grc' dir='ltr'>πτερύγιον</span> <span class='ocrx_word' id='word_1_854' title='bbox 3165 5275 3277 5342; x_wconf 82' lang='grc' dir='ltr'>τῆς</span> <span class='ocrx_word' id='word_1_855' title='bbox 3319 5274 3661 5338; x_wconf 72' lang='grc' dir='ltr'>διπλοΐδος,</span> 
     </span>
    </p>
   </div>
   <div class='ocr_carea' id='block_1_111' title="bbox 2087 5359 3664 5430">
    <p class='ocr_par' dir='ltr' id='par_1_111' title="bbox 2087 5359 3664 5430">
     <span class='ocr_line' id='line_1_111' title="bbox 2087 5359 3664 5430; baseline -0.001 -15"><span class='ocrx_word' id='word_1_856' title='bbox 2087 5362 2188 5415; x_wconf 72' lang='grc' dir='ltr'>καὶ</span> <span class='ocrx_word' id='word_1_857' title='bbox 2209 5359 2339 5416; x_wconf 80' lang='grc' dir='ltr'>εἷπε</span> <span class='ocrx_word' id='word_1_858' title='bbox 2367 5363 2516 5430; x_wconf 83' lang='grc' dir='ltr'>πρὸς</span> <span class='ocrx_word' id='word_1_859' title='bbox 2545 5363 2687 5428; x_wconf 87' lang='grc' dir='ltr'>τοὺς</span> <span class='ocrx_word' id='word_1_860' title='bbox 2716 5361 2937 5429; x_wconf 76' lang='grc' dir='ltr'>ἄνδρας</span> <span class='ocrx_word' id='word_1_861' title='bbox 2955 5378 2968 5391; x_wconf 93' lang='grc'><strong>·</strong></span> <span class='ocrx_word' id='word_1_862' title='bbox 3000 5361 3294 5429; x_wconf 84' lang='grc' dir='ltr'>Μηδαμῶς</span> <span class='ocrx_word' id='word_1_863' title='bbox 3331 5362 3460 5430; x_wconf 77' lang='grc' dir='ltr'>ἐμοὶ</span> <span class='ocrx_word' id='word_1_864' title='bbox 3503 5361 3664 5429; x_wconf 80' lang='grc' dir='ltr'>παρὰ</span> 
     </span>
    </p>
   </div>
   <div class='ocr_carea' id='block_1_112' title="bbox 2087 5447 3691 5519">
    <p class='ocr_par' dir='ltr' id='par_1_112' title="bbox 2087 5447 3691 5519">
     <span class='ocr_line' id='line_1_112' title="bbox 2087 5447 3691 5519; baseline -0.002 -17"><span class='ocrx_word' id='word_1_865' title='bbox 2087 5450 2330 5517; x_wconf 82' lang='grc' dir='ltr'>Κυρίου.</span> <span class='ocrx_word' id='word_1_866' title='bbox 2390 5451 2452 5500; x_wconf 83' lang='grc' dir='ltr'>Τί</span> <span class='ocrx_word' id='word_1_867' title='bbox 2500 5453 2637 5511; x_wconf 84' lang='grc' dir='ltr'>ἐστι,</span> <span class='ocrx_word' id='word_1_868' title='bbox 2681 5447 2976 5516; x_wconf 84' lang='grc' dir='ltr'>Μηδαμῶς</span> <span class='ocrx_word' id='word_1_869' title='bbox 3026 5449 3157 5519; x_wconf 78' lang='grc' dir='ltr'>ἐμοὶ</span> <span class='ocrx_word' id='word_1_870' title='bbox 3198 5449 3358 5517; x_wconf 77' lang='grc' dir='ltr'>παρὰ</span> <span class='ocrx_word' id='word_1_871' title='bbox 3408 5449 3691 5517; x_wconf 75' lang='grc' dir='ltr'>Κυρίου;.</span> 
     </span>
    </p>
   </div>
   <div class='ocr_carea' id='block_1_113' title="bbox 2099 5537 3660 5610">
    <p class='ocr_par' dir='ltr' id='par_1_113' title="bbox 2099 5537 3660 5610">
     <span class='ocr_line' id='line_1_113' title="bbox 2099 5537 3660 5610; baseline 0.002 -21"><span class='ocrx_word' id='word_1_872' title='bbox 2099 5538 2245 5590; x_wconf 73' lang='grc' dir='ltr'>Ἀντὶ</span> <span class='ocrx_word' id='word_1_873' title='bbox 2287 5537 2416 5602; x_wconf 90' lang='grc' dir='ltr'>τοῦ,</span> <span class='ocrx_word' id='word_1_874' title='bbox 2443 5537 2628 5600; x_wconf 84' lang='grc' dir='ltr'>Ἵλεώς</span> <span class='ocrx_word' id='word_1_875' title='bbox 2677 5555 2766 5608; x_wconf 85' lang='grc' dir='ltr'>μοι</span> <span class='ocrx_word' id='word_1_876' title='bbox 2811 5538 3046 5610; x_wconf 88' lang='grc' dir='ltr'>Κύριος,</span> <span class='ocrx_word' id='word_1_877' title='bbox 3093 5541 3258 5609; x_wconf 72' lang='grc' dir='ltr'>φησὶ,</span> <span class='ocrx_word' id='word_1_878' title='bbox 3293 5539 3386 5592; x_wconf 78' lang='grc' dir='ltr'>καὶ</span> <span class='ocrx_word' id='word_1_879' title='bbox 3425 5538 3585 5601; x_wconf 81' lang='grc' dir='ltr'>αὐτὸς</span> <span class='ocrx_word' id='word_1_880' title='bbox 3612 5540 3660 5592; x_wconf 86' lang='grc' dir='ltr'>εί</span> 
     </span>
    </p>
   </div>
   <div class='ocr_carea' id='block_1_114' title="bbox 2092 5620 3685 5697">
    <p class='ocr_par' dir='ltr' id='par_1_114' title="bbox 2092 5620 3685 5697">
     <span class='ocr_line' id='line_1_114' title="bbox 2092 5620 3685 5697; baseline 0.003 -21"><span class='ocrx_word' id='word_1_881' title='bbox 2092 5623 2429 5694; x_wconf 87' lang='grc' dir='ltr'>βουληθείην,</span> <span class='ocrx_word' id='word_1_882' title='bbox 2479 5625 2554 5694; x_wconf 78' lang='grc' dir='ltr'>μὴ</span> <span class='ocrx_word' id='word_1_883' title='bbox 2591 5627 2942 5696; x_wconf 88' lang='grc' dir='ltr'>συγχωρήσαι</span> <span class='ocrx_word' id='word_1_884' title='bbox 2989 5627 3078 5697; x_wconf 90' lang='grc' dir='ltr'>μοί</span> <span class='ocrx_word' id='word_1_885' title='bbox 3125 5644 3254 5680; x_wconf 88' lang='grc' dir='ltr'>ποτε</span> <span class='ocrx_word' id='word_1_886' title='bbox 3300 5626 3460 5680; x_wconf 85' lang='grc' dir='ltr'>τοῦτο</span> <span class='ocrx_word' id='word_1_887' title='bbox 3497 5620 3685 5696; x_wconf 65' lang='grc' dir='ltr'>ὲργάοί</span> 
     </span>
    </p>
   </div>
   <div class='ocr_carea' id='block_1_115' title="bbox 2091 5709 3664 5784">
    <p class='ocr_par' dir='ltr' id='par_1_115' title="bbox 2091 5709 3664 5784">
     <span class='ocr_line' id='line_1_115' title="bbox 2091 5709 3664 5784; baseline 0.003 -22"><span class='ocrx_word' id='word_1_888' title='bbox 2091 5709 2286 5763; x_wconf 88' lang='grc' dir='ltr'>σασθαι</span> <span class='ocrx_word' id='word_1_889' title='bbox 2325 5713 2354 5763; x_wconf 87' lang='lat'>6</span> <span class='ocrx_word' id='word_1_890' title='bbox 2387 5710 2551 5776; x_wconf 81' lang='grc' dir='ltr'>Θεὸς,</span> <span class='ocrx_word' id='word_1_891' title='bbox 2591 5711 2726 5782; x_wconf 87' lang='grc' dir='ltr'>μηδέ</span> <span class='ocrx_word' id='word_1_892' title='bbox 2764 5712 3106 5783; x_wconf 73' lang='grc' dir='ltr'>ἐπιτρέψειεν</span> <span class='ocrx_word' id='word_1_893' title='bbox 3135 5715 3212 5776; x_wconf 87' lang='grc' dir='ltr'>είς</span> <span class='ocrx_word' id='word_1_894' title='bbox 3251 5713 3450 5784; x_wconf 90' lang='grc' dir='ltr'>ταύτην</span> <span class='ocrx_word' id='word_1_895' title='bbox 3489 5713 3664 5766; x_wconf 85' lang='grc' dir='ltr'>ἐλθεῖν</span> 
     </span>
    </p>
   </div>
   <div class='ocr_carea' id='block_1_116' title="bbox 2089 5795 3661 5872">
    <p class='ocr_par' dir='ltr' id='par_1_116' title="bbox 2089 5795 3661 5872">
     <span class='ocr_line' id='line_1_116' title="bbox 2089 5795 3661 5872; baseline 0.001 -21"><span class='ocrx_word' id='word_1_896' title='bbox 2089 5796 2188 5869; x_wconf 84' lang='grc' dir='ltr'>τὴν</span> <span class='ocrx_word' id='word_1_897' title='bbox 2216 5795 2510 5872; x_wconf 86' lang='grc' dir='ltr'>ἁμαρτίαν.</span> <span class='ocrx_word' id='word_1_898' title='bbox 2556 5797 2772 5872; x_wconf 79' lang='grc' dir='ltr'>Ἐπειδὴ</span> <span class='ocrx_word' id='word_1_899' title='bbox 2812 5799 2920 5872; x_wconf 85' lang='grc' dir='ltr'>γὰρ</span> <span class='ocrx_word' id='word_1_900' title='bbox 2954 5795 3064 5854; x_wconf 80' lang='grc' dir='ltr'>οἶδε’</span> <span class='ocrx_word' id='word_1_901' title='bbox 3098 5799 3195 5872; x_wconf 78' lang='grc' dir='ltr'>τὴν</span> <span class='ocrx_word' id='word_1_902' title='bbox 3226 5799 3478 5872; x_wconf 86' lang='grc' dir='ltr'>τοιαύτην</span> <span class='ocrx_word' id='word_1_903' title='bbox 3510 5800 3661 5870; x_wconf 82' lang='grc' dir='ltr'>φιλο-</span> 
     </span>
    </p>
   </div>
   <div class='ocr_carea' id='block_1_117' title="bbox 2959 5947 3002 5986">
    <p class='ocr_par' dir='ltr' id='par_1_117' title="bbox 2959 5947 3002 5986">
     <span class='ocr_line' id='line_1_117' title="bbox 2959 5947 3002 5986; baseline 0 0"><span class='ocrx_word' id='word_1_904' title='bbox 2959 5947 3002 5986; x_wconf 47' lang='grc' dir='ltr'><strong>ἢ</strong></span> 
     </span>
    </p>
   </div>
  </div>
