  <div class='ocr_page' id='page_1' title='image "/cluster/home/n/w/nwhite01/storage/ocr_20150623/54:no.4:pt.2/coo.31924054869544/313.png"; bbox 0 0 4064 6456; ppageno 0'>
   <div class='ocr_carea' id='block_1_1' title="bbox 372 362 563 458">
    <p class='ocr_par' dir='ltr' id='par_1_1' title="bbox 372 362 563 458">
     <span class='ocr_line' id='line_1_1' title="bbox 372 362 563 458; baseline 0.021 -3"><span class='ocrx_word' id='word_1_1' title='bbox 372 362 377 367; x_wconf 50' lang='grc'><em>’</em></span> <span class='ocrx_word' id='word_1_2' title='bbox 456 402 563 458; x_wconf 76' lang='lat'>685</span> 
     </span>
    </p>
   </div>
   <div class='ocr_carea' id='block_1_2' title="bbox 458 521 2026 600">
    <p class='ocr_par' dir='ltr' id='par_1_2' title="bbox 458 521 2026 600">
     <span class='ocr_line' id='line_1_2' title="bbox 458 521 2026 600; baseline 0.005 -22"><span class='ocrx_word' id='word_1_3' title='bbox 458 521 653 590; x_wconf 77' lang='grc' dir='ltr'>σοφίαν</span> <span class='ocrx_word' id='word_1_4' title='bbox 668 524 860 593; x_wconf 74' lang='grc' dir='ltr'>’σχεδὸν</span> <span class='ocrx_word' id='word_1_5' title='bbox 883 524 979 597; x_wconf 70' lang='grc' dir='ltr'>τὴν</span> <span class='ocrx_word' id='word_1_6' title='bbox 1008 524 1351 598; x_wconf 77' lang='grc' dir='ltr'>ἀνθρωπίνην</span> <span class='ocrx_word' id='word_1_7' title='bbox 1386 528 1820 600; x_wconf 78' lang='grc' dir='ltr'>ὑπερδαίνουσαν</span> <span class='ocrx_word' id='word_1_8' title='bbox 1843 531 2026 600; x_wconf 87' lang='grc' dir='ltr'>φύσιν,</span> 
     </span>
    </p>
   </div>
   <div class='ocr_carea' id='block_1_3' title="bbox 434 610 2035 689">
    <p class='ocr_par' dir='ltr' id='par_1_3' title="bbox 434 610 2035 689">
     <span class='ocr_line' id='line_1_3' title="bbox 434 610 2035 689; baseline 0.006 -27"><span class='ocrx_word' id='word_1_9' title='bbox 434 610 556 685; x_wconf 37' lang='grc' dir='ltr'>,καὶ</span> <span class='ocrx_word' id='word_1_10' title='bbox 598 611 698 681; x_wconf 87' lang='grc' dir='ltr'>τῆς</span> <span class='ocrx_word' id='word_1_11' title='bbox 743 611 946 665; x_wconf 78' lang='grc' dir='ltr'>ἀνωθεν</span> <span class='ocrx_word' id='word_1_12' title='bbox 975 612 1235 684; x_wconf 81' lang='grc' dir='ltr'>δεομένην</span> <span class='ocrx_word' id='word_1_13' title='bbox 1268 614 1442 684; x_wconf 83' lang='grc' dir='ltr'>ῥοπῆς</span> <span class='ocrx_word' id='word_1_14' title='bbox 1467 655 1482 679; x_wconf 89' lang='grc'>,</span> <span class='ocrx_word' id='word_1_15' title='bbox 1516 617 1609 669; x_wconf 76' lang='grc' dir='ltr'>καὶ</span> <span class='ocrx_word' id='word_1_16' title='bbox 1645 616 1843 686; x_wconf 81' lang='grc' dir='ltr'><strong>μικροῦ</strong></span> <span class='ocrx_word' id='word_1_17' title='bbox 1877 635 2035 689; x_wconf 90' lang='grc' dir='ltr'>περι-</span> 
     </span>
    </p>
   </div>
   <div class='ocr_carea' id='block_1_4' title="bbox 455 697 2033 773">
    <p class='ocr_par' dir='ltr' id='par_1_4' title="bbox 455 697 2033 773">
     <span class='ocr_line' id='line_1_4' title="bbox 455 697 2033 773; baseline 0.006 -24"><span class='ocrx_word' id='word_1_18' title='bbox 455 697 728 767; x_wconf 82' lang='grc' dir='ltr'>τραπέντα</span> <span class='ocrx_word' id='word_1_19' title='bbox 778 700 913 770; x_wconf 81' lang='grc' dir='ltr'>πρὸς</span> <span class='ocrx_word' id='word_1_20' title='bbox 953 698 1051 771; x_wconf 82' lang='grc' dir='ltr'>τὴν</span> <span class='ocrx_word' id='word_1_21' title='bbox 1097 700 1330 773; x_wconf 80' lang='grc' dir='ltr'>σφαγὴν,</span> <span class='ocrx_word' id='word_1_22' title='bbox 1378 701 1593 772; x_wconf 74' lang='grc' dir='ltr'>εὔχεται</span> <span class='ocrx_word' id='word_1_23' title='bbox 1640 704 1845 771; x_wconf 81' lang='grc' dir='ltr'>λοιπὸν,</span> <span class='ocrx_word' id='word_1_24' title='bbox 1890 704 2033 759; x_wconf 83' lang='grc' dir='ltr'>ὥστε</span> 
     </span>
    </p>
   </div>
   <div class='ocr_carea' id='block_1_5' title="bbox 456 784 2032 863">
    <p class='ocr_par' dir='ltr' id='par_1_5' title="bbox 456 784 2032 863">
     <span class='ocr_line' id='line_1_5' title="bbox 456 784 2032 863; baseline 0.005 -25"><span class='ocrx_word' id='word_1_25' title='bbox 456 784 702 854; x_wconf 74' lang='grc' dir='ltr'>καθαράν</span> <span class='ocrx_word' id='word_1_26' title='bbox 740 784 829 838; x_wconf 87' lang='grc' dir='ltr'>τὸν</span> <span class='ocrx_word' id='word_1_27' title='bbox 869 785 1002 863; x_wconf 57' lang='grc' dir='ltr'>(θεὸν</span> <span class='ocrx_word' id='word_1_28' title='bbox 1052 786 1200 858; x_wconf 85' lang='grc' dir='ltr'>αύτῷ</span> <span class='ocrx_word' id='word_1_29' title='bbox 1245 788 1569 862; x_wconf 84' lang='grc' dir='ltr'>διατηρῆσαι</span> <span class='ocrx_word' id='word_1_30' title='bbox 1610 790 1709 862; x_wconf 81' lang='grc' dir='ltr'>τὴν</span> <span class='ocrx_word' id='word_1_31' title='bbox 1748 794 1926 862; x_wconf 87' lang='grc' dir='ltr'>χεῖρα.</span> <span class='ocrx_word' id='word_1_32' title='bbox 1966 794 2032 846; x_wconf 98' lang='grc' dir='ltr'>Τί</span> 
     </span>
    </p>
   </div>
   <div class='ocr_carea' id='block_1_6' title="bbox 455 872 2033 953">
    <p class='ocr_par' dir='ltr' id='par_1_6' title="bbox 455 872 2033 953">
     <span class='ocr_line' id='line_1_6' title="bbox 455 872 2033 953; baseline 0.009 -31"><span class='ocrx_word' id='word_1_33' title='bbox 455 872 658 941; x_wconf 82' lang='grc' dir='ltr'>ταύτης</span> <span class='ocrx_word' id='word_1_34' title='bbox 690 872 884 939; x_wconf 87' lang='grc' dir='ltr'>γένοιτ’</span> <span class='ocrx_word' id='word_1_35' title='bbox 921 874 988 927; x_wconf 84' lang='grc' dir='ltr'>ἂν</span> <span class='ocrx_word' id='word_1_36' title='bbox 1017 874 1117 945; x_wconf 88' lang='grc' dir='ltr'>τῆς</span> <span class='ocrx_word' id='word_1_37' title='bbox 1152 875 1329 947; x_wconf 87' lang='grc' dir='ltr'>ψυχῆς</span> <span class='ocrx_word' id='word_1_38' title='bbox 1356 875 1739 950; x_wconf 81' lang='grc' dir='ltr'>ἡμερώτερον;</span> <span class='ocrx_word' id='word_1_39' title='bbox 1764 875 1910 953; x_wconf 71' lang='grc' dir='ltr'>Ἀρά</span> <span class='ocrx_word' id='word_1_40' title='bbox 1939 882 2033 936; x_wconf 82' lang='grc' dir='ltr'>ἄν·</span> 
     </span>
    </p>
   </div>
   <div class='ocr_carea' id='block_1_7' title="bbox 454 957 2031 1039">
    <p class='ocr_par' dir='ltr' id='par_1_7' title="bbox 454 957 2031 1039">
     <span class='ocr_line' id='line_1_7' title="bbox 454 957 2031 1039; baseline 0.008 -29"><span class='ocrx_word' id='word_1_41' title='bbox 454 957 669 1029; x_wconf 90' lang='grc' dir='ltr'>θρωπον</span> <span class='ocrx_word' id='word_1_42' title='bbox 703 959 781 1013; x_wconf 80' lang='grc' dir='ltr'>ἔτι</span> <span class='ocrx_word' id='word_1_43' title='bbox 813 960 999 1014; x_wconf 88' lang='grc' dir='ltr'>τοῦτον</span> <span class='ocrx_word' id='word_1_44' title='bbox 1029 961 1282 1034; x_wconf 76' lang='grc' dir='ltr'>ἐροῦμεν,</span> <span class='ocrx_word' id='word_1_45' title='bbox 1311 963 1403 1017; x_wconf 80' lang='grc' dir='ltr'>τὸν</span> <span class='ocrx_word' id='word_1_46' title='bbox 1432 967 1490 1019; x_wconf 80' lang='grc' dir='ltr'>ἐν</span> <span class='ocrx_word' id='word_1_47' title='bbox 1526 966 1839 1039; x_wconf 67' lang='grc' dir='ltr'>ἀνθρωπεία</span> <span class='ocrx_word' id='word_1_48' title='bbox 1873 968 2031 1039; x_wconf 80' lang='grc' dir='ltr'>φύσει</span> 
     </span>
    </p>
   </div>
   <div class='ocr_carea' id='block_1_8' title="bbox 452 1047 2029 1123">
    <p class='ocr_par' dir='ltr' id='par_1_8' title="bbox 452 1047 2029 1123">
     <span class='ocr_line' id='line_1_8' title="bbox 452 1047 2029 1123; baseline 0.008 -25"><span class='ocrx_word' id='word_1_49' title='bbox 452 1047 725 1100; x_wconf 82' lang='grc' dir='ltr'>πολιτείαν</span> <span class='ocrx_word' id='word_1_50' title='bbox 777 1049 1074 1122; x_wconf 77' lang='grc' dir='ltr'>ἀγγελικὴν</span> <span class='ocrx_word' id='word_1_51' title='bbox 1119 1050 1568 1123; x_wconf 79' lang='grc' dir='ltr'>ἐπιδειξάμενον;</span> <span class='ocrx_word' id='word_1_52' title='bbox 1633 1054 1771 1109; x_wconf 82' lang='grc' dir='ltr'>Ἀλλ’</span> <span class='ocrx_word' id='word_1_53' title='bbox 1811 1056 1912 1110; x_wconf 84' lang='grc' dir='ltr'>οὐκ</span> <span class='ocrx_word' id='word_1_54' title='bbox 1962 1056 2029 1111; x_wconf 85' lang='grc' dir='ltr'>ἂν</span> 
     </span>
    </p>
   </div>
   <div class='ocr_carea' id='block_1_9' title="bbox 451 1134 2029 1212">
    <p class='ocr_par' dir='ltr' id='par_1_9' title="bbox 451 1134 2029 1212">
     <span class='ocr_line' id='line_1_9' title="bbox 451 1134 2029 1212; baseline 0.006 -26"><span class='ocrx_word' id='word_1_55' title='bbox 451 1134 769 1204; x_wconf 69' lang='grc' dir='ltr'>ἀνάσχοιντο</span> <span class='ocrx_word' id='word_1_56' title='bbox 797 1138 845 1189; x_wconf 90' lang='grc' dir='ltr'>οί</span> <span class='ocrx_word' id='word_1_57' title='bbox 877 1135 1009 1191; x_wconf 83' lang='grc' dir='ltr'>θείοι</span> <span class='ocrx_word' id='word_1_58' title='bbox 1038 1138 1211 1209; x_wconf 91' lang='grc' dir='ltr'>νόμοι.</span> <span class='ocrx_word' id='word_1_59' title='bbox 1243 1139 1337 1202; x_wconf 86' lang='grc' dir='ltr'>Τίς</span> <span class='ocrx_word' id='word_1_60' title='bbox 1367 1140 1476 1210; x_wconf 79' lang='grc' dir='ltr'>γὰρ</span> <span class='ocrx_word' id='word_1_61' title='bbox 1512 1140 1601 1203; x_wconf 82' lang='grc' dir='ltr'>ἂν,</span> <span class='ocrx_word' id='word_1_62' title='bbox 1633 1141 1755 1195; x_wconf 80' lang='grc' dir='ltr'>εἰπέ</span> <span class='ocrx_word' id='word_1_63' title='bbox 1786 1159 1898 1212; x_wconf 90' lang='grc' dir='ltr'>μοι,</span> <span class='ocrx_word' id='word_1_64' title='bbox 1933 1160 2029 1196; x_wconf 89' lang='grc' dir='ltr'>τα-</span> 
     </span>
    </p>
   </div>
   <div class='ocr_carea' id='block_1_10' title="bbox 451 1220 2027 1300">
    <p class='ocr_par' dir='ltr' id='par_1_10' title="bbox 451 1220 2027 1300">
     <span class='ocr_line' id='line_1_10' title="bbox 451 1220 2027 1300; baseline 0.008 -29"><span class='ocrx_word' id='word_1_65' title='bbox 451 1220 592 1290; x_wconf 86' lang='grc' dir='ltr'>χέως</span> <span class='ocrx_word' id='word_1_66' title='bbox 637 1222 809 1277; x_wconf 71' lang='grc' dir='ltr'>ἕλοιτο</span> <span class='ocrx_word' id='word_1_67' title='bbox 851 1224 1106 1297; x_wconf 81' lang='grc' dir='ltr'>τοιαύτην</span> <span class='ocrx_word' id='word_1_68' title='bbox 1152 1226 1319 1298; x_wconf 79' lang='grc' dir='ltr'>εὐχὴν</span> <span class='ocrx_word' id='word_1_69' title='bbox 1362 1226 1619 1294; x_wconf 76' lang='grc' dir='ltr'>εὔξασθαι</span> <span class='ocrx_word' id='word_1_70' title='bbox 1660 1227 1739 1298; x_wconf 80' lang='grc' dir='ltr'>τῷ</span> <span class='ocrx_word' id='word_1_71' title='bbox 1770 1228 1917 1300; x_wconf 84' lang='grc' dir='ltr'>Θεῷ;</span> <span class='ocrx_word' id='word_1_72' title='bbox 1962 1230 2027 1283; x_wconf 91' lang='grc' dir='ltr'>Τί</span> 
     </span>
    </p>
   </div>
   <div class='ocr_carea' id='block_1_11' title="bbox 451 1307 2026 1387">
    <p class='ocr_par' dir='ltr' id='par_1_11' title="bbox 451 1307 2026 1387">
     <span class='ocr_line' id='line_1_11' title="bbox 451 1307 2026 1387; baseline 0.006 -25"><span class='ocrx_word' id='word_1_73' title='bbox 451 1307 616 1377; x_wconf 81' lang='grc' dir='ltr'>λέγω,</span> <span class='ocrx_word' id='word_1_74' title='bbox 650 1311 939 1382; x_wconf 81' lang='grc' dir='ltr'>τοιαύτην;</span> <span class='ocrx_word' id='word_1_75' title='bbox 964 1314 1059 1384; x_wconf 82' lang='grc' dir='ltr'>Μὴ</span> <span class='ocrx_word' id='word_1_76' title='bbox 1093 1314 1457 1380; x_wconf 75' lang='grc' dir='ltr'>κατεύξασθαι</span> <span class='ocrx_word' id='word_1_77' title='bbox 1489 1316 1588 1387; x_wconf 80' lang='grc' dir='ltr'>μὲν</span> <span class='ocrx_word' id='word_1_78' title='bbox 1619 1312 1713 1372; x_wconf 85' lang='grc' dir='ltr'>οὖν</span> <span class='ocrx_word' id='word_1_79' title='bbox 1741 1317 1835 1371; x_wconf 90' lang='grc' dir='ltr'>τοῦ</span> <span class='ocrx_word' id='word_1_80' title='bbox 1869 1317 2026 1372; x_wconf 83' lang='grc' dir='ltr'>λελυ-</span> 
     </span>
    </p>
   </div>
   <div class='ocr_carea' id='block_1_12' title="bbox 450 1397 2027 1477">
    <p class='ocr_par' dir='ltr' id='par_1_12' title="bbox 450 1397 2027 1477">
     <span class='ocr_line' id='line_1_12' title="bbox 450 1397 2027 1477; baseline 0.008 -29"><span class='ocrx_word' id='word_1_81' title='bbox 450 1397 687 1468; x_wconf 89' lang='grc' dir='ltr'>πηκότος</span> <span class='ocrx_word' id='word_1_82' title='bbox 733 1398 816 1462; x_wconf 92' lang='grc' dir='ltr'>τίς</span> <span class='ocrx_word' id='word_1_83' title='bbox 862 1398 928 1453; x_wconf 81' lang='grc' dir='ltr'>ἂν</span> <span class='ocrx_word' id='word_1_84' title='bbox 973 1400 1170 1471; x_wconf 80' lang='grc' dir='ltr'>ῥάδιως</span> <span class='ocrx_word' id='word_1_85' title='bbox 1223 1402 1571 1473; x_wconf 85' lang='grc' dir='ltr'>ὕπομείνειε;</span> <span class='ocrx_word' id='word_1_86' title='bbox 1634 1406 1743 1459; x_wconf 75' lang='grc' dir='ltr'>Καὶ</span> <span class='ocrx_word' id='word_1_87' title='bbox 1790 1406 1897 1477; x_wconf 84' lang='grc' dir='ltr'>γάρ</span> <span class='ocrx_word' id='word_1_88' title='bbox 1945 1408 2027 1470; x_wconf 87' lang='grc' dir='ltr'>εἰς</span> 
     </span>
    </p>
   </div>
   <div class='ocr_carea' id='block_1_13' title="bbox 449 1488 2024 1566">
    <p class='ocr_par' dir='ltr' id='par_1_13' title="bbox 449 1488 2024 1566">
     <span class='ocr_line' id='line_1_13' title="bbox 449 1488 2024 1566; baseline 0.008 -27"><span class='ocrx_word' id='word_1_89' title='bbox 449 1488 607 1542; x_wconf 89' lang='grc' dir='ltr'>τοῦτο</span> <span class='ocrx_word' id='word_1_90' title='bbox 633 1488 921 1560; x_wconf 85' lang='grc' dir='ltr'>θηριωδίας</span> <span class='ocrx_word' id='word_1_91' title='bbox 935 1491 1264 1563; x_wconf 81' lang='grc' dir='ltr'>ἐληλάκασιν</span> <span class='ocrx_word' id='word_1_92' title='bbox 1288 1495 1338 1546; x_wconf 86' lang='grc' dir='ltr'><strong>οἱ</strong></span> <span class='ocrx_word' id='word_1_93' title='bbox 1356 1494 1539 1549; x_wconf 79' lang='grc' dir='ltr'>πολλοὶ</span> <span class='ocrx_word' id='word_1_94' title='bbox 1564 1494 1674 1548; x_wconf 88' lang='grc' dir='ltr'>τῶν</span> <span class='ocrx_word' id='word_1_95' title='bbox 1701 1496 2024 1566; x_wconf 83' lang='grc' dir='ltr'>ἀνθρώπων,</span> 
     </span>
    </p>
   </div>
   <div class='ocr_carea' id='block_1_14' title="bbox 451 1574 2026 1655">
    <p class='ocr_par' dir='ltr' id='par_1_14' title="bbox 451 1574 2026 1655">
     <span class='ocr_line' id='line_1_14' title="bbox 451 1574 2026 1655; baseline 0.008 -29"><span class='ocrx_word' id='word_1_96' title='bbox 451 1574 550 1637; x_wconf 85' lang='grc' dir='ltr'>ὡς,</span> <span class='ocrx_word' id='word_1_97' title='bbox 587 1577 805 1629; x_wconf 71' lang='grc' dir='ltr'>ἐπειδὰν</span> <span class='ocrx_word' id='word_1_98' title='bbox 848 1579 1205 1649; x_wconf 78' lang='grc' dir='ltr'>ἀσθενήσωσι,</span> <span class='ocrx_word' id='word_1_99' title='bbox 1237 1582 1331 1635; x_wconf 78' lang='grc' dir='ltr'>καὶ</span> <span class='ocrx_word' id='word_1_100' title='bbox 1370 1582 1534 1653; x_wconf 84' lang='grc' dir='ltr'>μηδὲν</span> <span class='ocrx_word' id='word_1_101' title='bbox 1558 1581 1826 1655; x_wconf 79' lang='grc' dir='ltr'>δυνηθῶσι</span> <span class='ocrx_word' id='word_1_102' title='bbox 1857 1583 2026 1640; x_wconf 86' lang='grc' dir='ltr'>κακδν</span> 
     </span>
    </p>
   </div>
   <div class='ocr_carea' id='block_1_15' title="bbox 452 1662 2027 1742">
    <p class='ocr_par' dir='ltr' id='par_1_15' title="bbox 452 1662 2027 1742">
     <span class='ocr_line' id='line_1_15' title="bbox 452 1662 2027 1742; baseline 0.006 -26"><span class='ocrx_word' id='word_1_103' title='bbox 452 1662 672 1732; x_wconf 87' lang='grc' dir='ltr'>ποιῆσαι</span> <span class='ocrx_word' id='word_1_104' title='bbox 705 1664 795 1717; x_wconf 80' lang='grc' dir='ltr'>τὸν</span> <span class='ocrx_word' id='word_1_105' title='bbox 820 1663 1191 1739; x_wconf 84' lang='grc' dir='ltr'>λελυπηκότα,</span> <span class='ocrx_word' id='word_1_106' title='bbox 1225 1668 1390 1723; x_wconf 79' lang='grc' dir='ltr'>αὐτὸν</span> <span class='ocrx_word' id='word_1_107' title='bbox 1428 1670 1521 1722; x_wconf 78' lang='grc' dir='ltr'>ἐπὶ</span> <span class='ocrx_word' id='word_1_108' title='bbox 1550 1671 1651 1741; x_wconf 81' lang='grc' dir='ltr'>τὴν</span> <span class='ocrx_word' id='word_1_109' title='bbox 1679 1671 1893 1742; x_wconf 80' lang='grc' dir='ltr'>ἄμυναν</span> <span class='ocrx_word' id='word_1_110' title='bbox 1925 1689 2027 1725; x_wconf 89' lang='grc' dir='ltr'>κα-</span> 
     </span>
    </p>
   </div>
   <div class='ocr_carea' id='block_1_16' title="bbox 448 1750 2025 1827">
    <p class='ocr_par' dir='ltr' id='par_1_16' title="bbox 448 1750 2025 1827">
     <span class='ocr_line' id='line_1_16' title="bbox 448 1750 2025 1827; baseline 0.009 -26"><span class='ocrx_word' id='word_1_111' title='bbox 448 1750 560 1802; x_wconf 88' lang='grc' dir='ltr'>λεῖν</span> <span class='ocrx_word' id='word_1_112' title='bbox 592 1751 680 1804; x_wconf 84' lang='grc' dir='ltr'>τὸν</span> <span class='ocrx_word' id='word_1_113' title='bbox 707 1751 860 1816; x_wconf 84' lang='grc' dir='ltr'>Θεὸν,</span> <span class='ocrx_word' id='word_1_114' title='bbox 887 1755 981 1807; x_wconf 79' lang='grc' dir='ltr'>καὶ</span> <span class='ocrx_word' id='word_1_115' title='bbox 1010 1757 1350 1827; x_wconf 83' lang='grc' dir='ltr'>παρακαλεῖν</span> <span class='ocrx_word' id='word_1_116' title='bbox 1378 1758 1560 1813; x_wconf 88' lang='grc' dir='ltr'>δοῦναι</span> <span class='ocrx_word' id='word_1_117' title='bbox 1594 1761 1777 1824; x_wconf 80' lang='grc' dir='ltr'>αὐτοῖς</span> <span class='ocrx_word' id='word_1_118' title='bbox 1800 1761 2025 1826; x_wconf 81' lang='grc' dir='ltr'>ἐπεξελ-</span> 
     </span>
    </p>
   </div>
   <div class='ocr_carea' id='block_1_17' title="bbox 447 1836 2023 1919">
    <p class='ocr_par' dir='ltr' id='par_1_17' title="bbox 447 1836 2023 1919">
     <span class='ocr_line' id='line_1_17' title="bbox 447 1836 2023 1919; baseline 0.008 -31"><span class='ocrx_word' id='word_1_119' title='bbox 447 1836 557 1889; x_wconf 89' lang='grc' dir='ltr'>θεῖν</span> <span class='ocrx_word' id='word_1_120' title='bbox 585 1840 696 1902; x_wconf 88' lang='grc' dir='ltr'>τοῖς</span> <span class='ocrx_word' id='word_1_121' title='bbox 724 1840 1060 1913; x_wconf 71' lang='grc' dir='ltr'>ἠδικηκόσιν.</span> <span class='ocrx_word' id='word_1_122' title='bbox 1109 1838 1275 1908; x_wconf 76' lang='grc' dir='ltr'>Οὗτος</span> <span class='ocrx_word' id='word_1_123' title='bbox 1314 1845 1372 1898; x_wconf 80' lang='grc' dir='ltr'>δὲ</span> <span class='ocrx_word' id='word_1_124' title='bbox 1412 1845 1602 1917; x_wconf 81' lang='grc' dir='ltr'>ὥσπερ</span> <span class='ocrx_word' id='word_1_125' title='bbox 1640 1849 1705 1901; x_wconf 85' lang='grc' dir='ltr'>ἐκ</span> <span class='ocrx_word' id='word_1_126' title='bbox 1731 1848 2023 1919; x_wconf 82' lang='grc' dir='ltr'>διαμέτρου</span> 
     </span>
    </p>
   </div>
   <div class='ocr_carea' id='block_1_18' title="bbox 445 1923 2022 2007">
    <p class='ocr_par' dir='ltr' id='par_1_18' title="bbox 445 1923 2022 2007">
     <span class='ocr_line' id='line_1_18' title="bbox 445 1923 2022 2007; baseline 0.015 -33"><span class='ocrx_word' id='word_1_127' title='bbox 445 1923 610 1976; x_wconf 68' lang='grc' dir='ltr'>πᾶσιν</span> <span class='ocrx_word' id='word_1_128' title='bbox 643 1926 869 1991; x_wconf 87' lang='grc' dir='ltr'>ἐκείνοις</span> <span class='ocrx_word' id='word_1_129' title='bbox 900 1930 994 1982; x_wconf 82' lang='grc' dir='ltr'>καί</span> <span class='ocrx_word' id='word_1_130' title='bbox 1013 1931 1340 1996; x_wconf 86' lang='grc' dir='ltr'>ἀπεναντὶας</span> <span class='ocrx_word' id='word_1_131' title='bbox 1359 1934 1678 2005; x_wconf 87' lang='grc' dir='ltr'>ποιούμενος</span> <span class='ocrx_word' id='word_1_132' title='bbox 1707 1936 1804 2006; x_wconf 82' lang='grc' dir='ltr'>τὴν</span> <span class='ocrx_word' id='word_1_133' title='bbox 1836 1937 2022 2007; x_wconf 73' lang='grc' dir='ltr'>εὐχὴν,</span> 
     </span>
    </p>
   </div>
   <div class='ocr_carea' id='block_1_19' title="bbox 442 2011 2020 2092">
    <p class='ocr_par' dir='ltr' id='par_1_19' title="bbox 442 2011 2020 2092">
     <span class='ocr_line' id='line_1_19' title="bbox 442 2011 2020 2092; baseline 0.008 -30"><span class='ocrx_word' id='word_1_134' title='bbox 442 2011 751 2080; x_wconf 82' lang='grc' dir='ltr'>παρακαλεῖ</span> <span class='ocrx_word' id='word_1_135' title='bbox 797 2016 871 2086; x_wconf 82' lang='grc' dir='ltr'>μὴ</span> <span class='ocrx_word' id='word_1_136' title='bbox 906 2016 1088 2070; x_wconf 90' lang='grc' dir='ltr'>δοῦναι</span> <span class='ocrx_word' id='word_1_137' title='bbox 1126 2019 1456 2085; x_wconf 78' lang='grc' dir='ltr'>ἐπεξελθεῖν,</span> <span class='ocrx_word' id='word_1_138' title='bbox 1499 2021 1642 2075; x_wconf 77' lang='grc' dir='ltr'>οὕτω</span> <span class='ocrx_word' id='word_1_139' title='bbox 1686 2022 1890 2091; x_wconf 84' lang='grc' dir='ltr'>λέγων·</span> <span class='ocrx_word' id='word_1_140' title='bbox 1924 2024 2020 2092; x_wconf 79' lang='grc' dir='ltr'>Μή</span> 
     </span>
    </p>
   </div>
   <div class='ocr_carea' id='block_1_20' title="bbox 438 2099 2025 2179">
    <p class='ocr_par' dir='ltr' id='par_1_20' title="bbox 438 2099 2025 2179">
     <span class='ocr_line' id='line_1_20' title="bbox 438 2099 2025 2179; baseline 0.01 -30"><span class='ocrx_word' id='word_1_141' title='bbox 438 2114 539 2165; x_wconf 79' lang='grc' dir='ltr'>μοι</span> <span class='ocrx_word' id='word_1_142' title='bbox 584 2099 811 2167; x_wconf 77' lang='grc' dir='ltr'>γένοιτο</span> <span class='ocrx_word' id='word_1_143' title='bbox 851 2102 1012 2172; x_wconf 81' lang='grc' dir='ltr'>παρὰ</span> <span class='ocrx_word' id='word_1_144' title='bbox 1058 2107 1301 2173; x_wconf 81' lang='grc' dir='ltr'>Κυρίου,</span> <span class='ocrx_word' id='word_1_145' title='bbox 1332 2107 1684 2178; x_wconf 76' lang='grc' dir='ltr'>ἐπενεγκεῖν</span> <span class='ocrx_word' id='word_1_146' title='bbox 1714 2110 1827 2178; x_wconf 84' lang='grc' dir='ltr'>τὴν</span> <span class='ocrx_word' id='word_1_147' title='bbox 1854 2110 2025 2179; x_wconf 77' lang='grc' dir='ltr'>χεῖρά</span> 
     </span>
    </p>
   </div>
   <div class='ocr_carea' id='block_1_21' title="bbox 438 2188 2022 2267">
    <p class='ocr_par' dir='ltr' id='par_1_21' title="bbox 438 2188 2022 2267">
     <span class='ocr_line' id='line_1_21' title="bbox 438 2188 2022 2267; baseline 0.009 -30"><span class='ocrx_word' id='word_1_148' title='bbox 438 2202 558 2254; x_wconf 81' lang='grc' dir='ltr'>μου</span> <span class='ocrx_word' id='word_1_149' title='bbox 582 2188 674 2239; x_wconf 78' lang='grc' dir='ltr'>ἐπ’</span> <span class='ocrx_word' id='word_1_150' title='bbox 713 2189 917 2252; x_wconf 76' lang='grc' dir='ltr'>αὐτὸν,</span> <span class='ocrx_word' id='word_1_151' title='bbox 958 2191 1033 2255; x_wconf 84' lang='grc' dir='ltr'>ὡς</span> <span class='ocrx_word' id='word_1_152' title='bbox 1059 2195 1186 2264; x_wconf 86' lang='grc' dir='ltr'>περὶ</span> <span class='ocrx_word' id='word_1_153' title='bbox 1216 2194 1334 2247; x_wconf 88' lang='grc' dir='ltr'>υἱοῦ</span> <span class='ocrx_word' id='word_1_154' title='bbox 1368 2194 1463 2247; x_wconf 89' lang='grc' dir='ltr'>τοῦ</span> <span class='ocrx_word' id='word_1_155' title='bbox 1491 2196 1747 2267; x_wconf 80' lang='grc' dir='ltr'>πολεμίου</span> <span class='ocrx_word' id='word_1_156' title='bbox 1774 2197 2022 2266; x_wconf 87' lang='grc' dir='ltr'>διαλεγό-</span> 
     </span>
    </p>
   </div>
   <div class='ocr_carea' id='block_1_22' title="bbox 445 2275 1369 2348">
    <p class='ocr_par' dir='ltr' id='par_1_22' title="bbox 445 2275 1369 2348">
     <span class='ocr_line' id='line_1_22' title="bbox 445 2275 1369 2348; baseline 0.013 -22"><span class='ocrx_word' id='word_1_157' title='bbox 445 2291 623 2344; x_wconf 86' lang='grc' dir='ltr'>μενος.</span> <span class='ocrx_word' id='word_1_158' title='bbox 650 2275 728 2339; x_wconf 86' lang='grc' dir='ltr'>ὡς</span> <span class='ocrx_word' id='word_1_159' title='bbox 756 2277 883 2348; x_wconf 87' lang='grc' dir='ltr'>περί</span> <span class='ocrx_word' id='word_1_160' title='bbox 909 2280 1130 2348; x_wconf 82' lang='grc' dir='ltr'>γνησίου</span> <span class='ocrx_word' id='word_1_161' title='bbox 1163 2281 1369 2345; x_wconf 88' lang='grc' dir='ltr'>παιδός.</span> 
     </span>
    </p>
   </div>
   <div class='ocr_carea' id='block_1_23' title="bbox 514 2364 2020 2445">
    <p class='ocr_par' dir='ltr' id='par_1_23' title="bbox 514 2364 2020 2445">
     <span class='ocr_line' id='line_1_23' title="bbox 514 2364 2020 2445; baseline 0.01 -31"><span class='ocrx_word' id='word_1_162' title='bbox 514 2364 622 2415; x_wconf 78' lang='grc' dir='ltr'>Καὶ</span> <span class='ocrx_word' id='word_1_163' title='bbox 659 2364 717 2414; x_wconf 78' lang='grc' dir='ltr'><strong>οὐ</strong></span> <span class='ocrx_word' id='word_1_164' title='bbox 756 2365 915 2430; x_wconf 87' lang='grc' dir='ltr'>μόνον</span> <span class='ocrx_word' id='word_1_165' title='bbox 951 2367 1225 2435; x_wconf 79' lang='grc' dir='ltr'>ἐφείσατο,</span> <span class='ocrx_word' id='word_1_166' title='bbox 1273 2369 1411 2423; x_wconf 85' lang='grc' dir='ltr'>ἀλλά</span> <span class='ocrx_word' id='word_1_167' title='bbox 1461 2369 1555 2424; x_wconf 79' lang='grc' dir='ltr'>καὶ</span> <span class='ocrx_word' id='word_1_168' title='bbox 1595 2371 1888 2441; x_wconf 85' lang='grc' dir='ltr'>ἀπολογίαν</span> <span class='ocrx_word' id='word_1_169' title='bbox 1921 2373 2020 2445; x_wconf 79' lang='grc' dir='ltr'>τὴν</span> 
     </span>
    </p>
   </div>
   <div class='ocr_carea' id='block_1_24' title="bbox 441 2448 2020 2528">
    <p class='ocr_par' dir='ltr' id='par_1_24' title="bbox 441 2448 2020 2528">
     <span class='ocr_line' id='line_1_24' title="bbox 441 2448 2020 2528; baseline 0.008 -26"><span class='ocrx_word' id='word_1_170' title='bbox 441 2448 580 2519; x_wconf 65' lang='grc' dir='ltr'>ὑπὲρ</span> <span class='ocrx_word' id='word_1_171' title='bbox 624 2451 787 2504; x_wconf 79' lang='grc' dir='ltr'>αὐτοῦ</span> <span class='ocrx_word' id='word_1_172' title='bbox 838 2454 1138 2519; x_wconf 86' lang='grc' dir='ltr'>συντίθησι.</span> <span class='ocrx_word' id='word_1_173' title='bbox 1182 2456 1294 2509; x_wconf 80' lang='grc' dir='ltr'>Καὶ</span> <span class='ocrx_word' id='word_1_174' title='bbox 1338 2457 1440 2528; x_wconf 86' lang='grc' dir='ltr'>δρα</span> <span class='ocrx_word' id='word_1_175' title='bbox 1479 2458 1595 2522; x_wconf 86' lang='grc' dir='ltr'>πῶς</span> <span class='ocrx_word' id='word_1_176' title='bbox 1647 2460 1881 2524; x_wconf 83' lang='grc' dir='ltr'>συνετῶς</span> <span class='ocrx_word' id='word_1_177' title='bbox 1924 2461 2020 2514; x_wconf 76' lang='grc' dir='ltr'>καὶ</span> 
     </span>
    </p>
   </div>
   <div class='ocr_carea' id='block_1_25' title="bbox 440 2541 2020 2621">
    <p class='ocr_par' dir='ltr' id='par_1_25' title="bbox 440 2541 2020 2621">
     <span class='ocr_line' id='line_1_25' title="bbox 440 2541 2020 2621; baseline 0.008 -29"><span class='ocrx_word' id='word_1_178' title='bbox 440 2541 638 2606; x_wconf 62' lang='grc' dir='ltr'>σοφῶς.</span> <span class='ocrx_word' id='word_1_179' title='bbox 658 2541 873 2614; x_wconf 79' lang='grc' dir='ltr'>Ἐπειδὴ</span> <span class='ocrx_word' id='word_1_180' title='bbox 901 2542 1010 2614; x_wconf 83' lang='grc' dir='ltr'>γὰρ</span> <span class='ocrx_word' id='word_1_181' title='bbox 1026 2545 1116 2598; x_wconf 85' lang='grc' dir='ltr'>τὸν</span> <span class='ocrx_word' id='word_1_182' title='bbox 1143 2544 1255 2614; x_wconf 86' lang='grc' dir='ltr'>βίον</span> <span class='ocrx_word' id='word_1_183' title='bbox 1281 2546 1443 2601; x_wconf 80' lang='grc' dir='ltr'>αὐτοῦ</span> <span class='ocrx_word' id='word_1_184' title='bbox 1463 2549 1902 2621; x_wconf 82' lang='grc' dir='ltr'>διερευνώμενος,</span> <span class='ocrx_word' id='word_1_185' title='bbox 1927 2552 2020 2604; x_wconf 86' lang='grc' dir='ltr'>ού-</span> 
     </span>
    </p>
   </div>
   <div class='ocr_carea' id='block_1_26' title="bbox 435 2628 2019 2712">
    <p class='ocr_par' dir='ltr' id='par_1_26' title="bbox 435 2628 2019 2712">
     <span class='ocr_line' id='line_1_26' title="bbox 435 2628 2019 2712; baseline 0.009 -32"><span class='ocrx_word' id='word_1_186' title='bbox 435 2628 524 2683; x_wconf 82' lang='grc' dir='ltr'>δὲν</span> <span class='ocrx_word' id='word_1_187' title='bbox 540 2628 790 2702; x_wconf 79' lang='grc' dir='ltr'>εὕρισκεν</span> <span class='ocrx_word' id='word_1_188' title='bbox 819 2633 1037 2701; x_wconf 87' lang='grc' dir='ltr'>ἀγαθὸν,</span> <span class='ocrx_word' id='word_1_189' title='bbox 1066 2636 1185 2687; x_wconf 79' lang='grc' dir='ltr'>οὐδὲ</span> <span class='ocrx_word' id='word_1_190' title='bbox 1209 2630 1354 2706; x_wconf 88' lang='grc' dir='ltr'>εἶχεν</span> <span class='ocrx_word' id='word_1_191' title='bbox 1381 2639 1572 2702; x_wconf 85' lang='grc' dir='ltr'>εἰπεῖν,</span> <span class='ocrx_word' id='word_1_192' title='bbox 1590 2639 1669 2692; x_wconf 83' lang='grc' dir='ltr'>ὅτι</span> <span class='ocrx_word' id='word_1_193' title='bbox 1688 2641 1801 2694; x_wconf 78' lang='grc' dir='ltr'>οὐκ</span> <span class='ocrx_word' id='word_1_194' title='bbox 1827 2640 2019 2712; x_wconf 71' lang='grc' dir='ltr'>ἠδίκη-</span> 
     </span>
    </p>
   </div>
   <div class='ocr_carea' id='block_1_27' title="bbox 442 2720 2018 2799">
    <p class='ocr_par' dir='ltr' id='par_1_27' title="bbox 442 2720 2018 2799">
     <span class='ocr_line' id='line_1_27' title="bbox 442 2720 2018 2799; baseline 0.008 -30"><span class='ocrx_word' id='word_1_195' title='bbox 442 2735 539 2787; x_wconf 87' lang='grc' dir='ltr'>μαι</span> <span class='ocrx_word' id='word_1_196' title='bbox 556 2722 683 2789; x_wconf 79' lang='grc' dir='ltr'>παρ’</span> <span class='ocrx_word' id='word_1_197' title='bbox 708 2720 893 2785; x_wconf 81' lang='grc' dir='ltr'>αὑτοῦ,</span> <span class='ocrx_word' id='word_1_198' title='bbox 911 2721 1033 2775; x_wconf 82' lang='grc' dir='ltr'>οὐδὲ</span> <span class='ocrx_word' id='word_1_199' title='bbox 1050 2723 1249 2777; x_wconf 79' lang='grc' dir='ltr'>ἔπαθον</span> <span class='ocrx_word' id='word_1_200' title='bbox 1266 2726 1452 2789; x_wconf 87' lang='grc' dir='ltr'>κακῶς</span> <span class='ocrx_word' id='word_1_201' title='bbox 1468 2725 1713 2798; x_wconf 77' lang='grc' dir='ltr'>(ἔμελλον</span> <span class='ocrx_word' id='word_1_202' title='bbox 1735 2728 1842 2799; x_wconf 85' lang='grc' dir='ltr'>γάρ</span> <span class='ocrx_word' id='word_1_203' title='bbox 1868 2731 2018 2782; x_wconf 85' lang='grc' dir='ltr'>ἀντι-</span> 
     </span>
    </p>
   </div>
   <div class='ocr_carea' id='block_1_28' title="bbox 439 2806 2015 2885">
    <p class='ocr_par' dir='ltr' id='par_1_28' title="bbox 439 2806 2015 2885">
     <span class='ocr_line' id='line_1_28' title="bbox 439 2806 2015 2885; baseline 0.006 -27"><span class='ocrx_word' id='word_1_204' title='bbox 439 2806 769 2874; x_wconf 74' lang='grc' dir='ltr'>φθέγγεσθαι</span> <span class='ocrx_word' id='word_1_205' title='bbox 786 2808 994 2872; x_wconf 79' lang='grc' dir='ltr'>τούτοις</span> <span class='ocrx_word' id='word_1_206' title='bbox 1009 2811 1057 2861; x_wconf 74' lang='grc' dir='ltr'>οε</span> <span class='ocrx_word' id='word_1_207' title='bbox 1082 2810 1408 2882; x_wconf 89' lang='grc' dir='ltr'>στρατιῶται</span> <span class='ocrx_word' id='word_1_208' title='bbox 1450 2813 1737 2884; x_wconf 82' lang='grc' dir='ltr'>παρόντες,</span> <span class='ocrx_word' id='word_1_209' title='bbox 1752 2816 1879 2885; x_wconf 85' lang='grc' dir='ltr'><strong>οἱτῇ</strong></span> <span class='ocrx_word' id='word_1_210' title='bbox 1895 2815 2015 2868; x_wconf 84' lang='grc' dir='ltr'>πεί-</span> 
     </span>
    </p>
   </div>
   <div class='ocr_carea' id='block_1_29' title="bbox 439 2897 2014 2976">
    <p class='ocr_par' dir='ltr' id='par_1_29' title="bbox 439 2897 2014 2976">
     <span class='ocr_line' id='line_1_29' title="bbox 439 2897 2014 2976; baseline 0.007 -29"><span class='ocrx_word' id='word_1_211' title='bbox 439 2912 510 2965; x_wconf 68' lang='grc' dir='ltr'>ρᾳ</span> <span class='ocrx_word' id='word_1_212' title='bbox 531 2897 787 2965; x_wconf 54' lang='grc' dir='ltr'>μαθόντες</span> <span class='ocrx_word' id='word_1_213' title='bbox 806 2898 969 2951; x_wconf 77' lang='grc' dir='ltr'>αὐτοῦ</span> <span class='ocrx_word' id='word_1_214' title='bbox 984 2900 1083 2970; x_wconf 83' lang='grc' dir='ltr'>τὴν</span> <span class='ocrx_word' id='word_1_215' title='bbox 1104 2901 1414 2972; x_wconf 81' lang='grc' dir='ltr'>πονηρίαν),</span> <span class='ocrx_word' id='word_1_216' title='bbox 1431 2902 1780 2974; x_wconf 81' lang='grc' dir='ltr'>περιέρχεται</span> <span class='ocrx_word' id='word_1_217' title='bbox 1808 2905 2014 2976; x_wconf 86' lang='grc' dir='ltr'>ἐτέρω-</span> 
     </span>
    </p>
   </div>
   <div class='ocr_carea' id='block_1_30' title="bbox 438 2986 2014 3062">
    <p class='ocr_par' dir='ltr' id='par_1_30' title="bbox 438 2986 2014 3062">
     <span class='ocr_line' id='line_1_30' title="bbox 438 2986 2014 3062; baseline 0.006 -25"><span class='ocrx_word' id='word_1_218' title='bbox 438 2987 530 3037; x_wconf 84' lang='grc' dir='ltr'>θεν</span> <span class='ocrx_word' id='word_1_219' title='bbox 562 2986 739 3057; x_wconf 74' lang='grc' dir='ltr'>ζητῶν</span> <span class='ocrx_word' id='word_1_220' title='bbox 774 2987 1066 3056; x_wconf 82' lang='grc' dir='ltr'>ἀπολογίαν</span> <span class='ocrx_word' id='word_1_221' title='bbox 1100 2989 1454 3060; x_wconf 83' lang='grc' dir='ltr'>εὐπρόσωπον</span> <span class='ocrx_word' id='word_1_222' title='bbox 1489 2993 1690 3062; x_wconf 83' lang='grc' dir='ltr'>εὑρεῖν.</span> <span class='ocrx_word' id='word_1_223' title='bbox 1744 2991 1878 3047; x_wconf 83' lang='grc' dir='ltr'>Εἶτα</span> <span class='ocrx_word' id='word_1_224' title='bbox 1914 2995 2014 3048; x_wconf 79' lang='grc' dir='ltr'>οὐκ</span> 
     </span>
    </p>
   </div>
   <div class='ocr_carea' id='block_1_31' title="bbox 436 3072 2011 3152">
    <p class='ocr_par' dir='ltr' id='par_1_31' title="bbox 436 3072 2011 3152">
     <span class='ocr_line' id='line_1_31' title="bbox 436 3072 2011 3152; baseline 0.007 -26"><span class='ocrx_word' id='word_1_225' title='bbox 436 3072 575 3144; x_wconf 74' lang='grc' dir='ltr'>ἔχων</span> <span class='ocrx_word' id='word_1_226' title='bbox 604 3075 711 3129; x_wconf 83' lang='grc' dir='ltr'>ἀπὸ</span> <span class='ocrx_word' id='word_1_227' title='bbox 742 3076 837 3129; x_wconf 89' lang='grc' dir='ltr'>τοῦ</span> <span class='ocrx_word' id='word_1_228' title='bbox 873 3075 1009 3146; x_wconf 83' lang='grc' dir='ltr'>βίου,</span> <span class='ocrx_word' id='word_1_229' title='bbox 1037 3077 1157 3130; x_wconf 83' lang='grc' dir='ltr'>οὐδὲ</span> <span class='ocrx_word' id='word_1_230' title='bbox 1189 3079 1297 3132; x_wconf 83' lang='grc' dir='ltr'>ἀπὸ</span> <span class='ocrx_word' id='word_1_231' title='bbox 1315 3079 1422 3133; x_wconf 89' lang='grc' dir='ltr'>τῶν</span> <span class='ocrx_word' id='word_1_232' title='bbox 1453 3079 1630 3152; x_wconf 76' lang='grc' dir='ltr'>ἔργων</span> <span class='ocrx_word' id='word_1_233' title='bbox 1659 3081 1771 3135; x_wconf 88' lang='grc' dir='ltr'>τῶν</span> <span class='ocrx_word' id='word_1_234' title='bbox 1801 3083 2011 3137; x_wconf 84' lang='grc' dir='ltr'>ἐκείνου</span> 
     </span>
    </p>
   </div>
   <div class='ocr_carea' id='block_1_32' title="bbox 437 3161 2012 3240">
    <p class='ocr_par' dir='ltr' id='par_1_32' title="bbox 437 3161 2012 3240">
     <span class='ocr_line' id='line_1_32' title="bbox 437 3161 2012 3240; baseline 0.008 -27"><span class='ocrx_word' id='word_1_235' title='bbox 437 3161 596 3215; x_wconf 81' lang='grc' dir='ltr'>τοῦτο</span> <span class='ocrx_word' id='word_1_236' title='bbox 629 3164 875 3235; x_wconf 84' lang='grc' dir='ltr'>ποιῆσαι,</span> <span class='ocrx_word' id='word_1_237' title='bbox 900 3165 995 3218; x_wconf 77' lang='grc' dir='ltr'>ἐπί⁵</span> <span class='ocrx_word' id='word_1_238' title='bbox 1013 3166 1113 3235; x_wconf 79' lang='grc' dir='ltr'>τὴν</span> <span class='ocrx_word' id='word_1_239' title='bbox 1135 3167 1299 3238; x_wconf 82' lang='grc' dir='ltr'>τιμὴν</span> <span class='ocrx_word' id='word_1_240' title='bbox 1331 3167 1428 3239; x_wconf 82' lang='grc' dir='ltr'>τὴν</span> <span class='ocrx_word' id='word_1_241' title='bbox 1462 3169 1671 3223; x_wconf 88' lang='grc' dir='ltr'>ἐκείνου</span> <span class='ocrx_word' id='word_1_242' title='bbox 1706 3169 2012 3240; x_wconf 79' lang='grc' dir='ltr'>κατέφυγεν</span> 
     </span>
    </p>
   </div>
   <div class='ocr_carea' id='block_1_33' title="bbox 437 3244 2010 3324">
    <p class='ocr_par' dir='ltr' id='par_1_33' title="bbox 437 3244 2010 3324">
     <span class='ocr_line' id='line_1_33' title="bbox 437 3244 2010 3324; baseline 0.006 -27"><span class='ocrx_word' id='word_1_243' title='bbox 437 3244 631 3308; x_wconf 61' lang='grc' dir='ltr'>εἰπὼν,</span> <span class='ocrx_word' id='word_1_244' title='bbox 656 3247 777 3300; x_wconf 81' lang='grc' dir='ltr'>Ὅτι</span> <span class='ocrx_word' id='word_1_245' title='bbox 795 3247 1042 3316; x_wconf 75' lang='grc' dir='ltr'>χριστὸς</span> <span class='ocrx_word' id='word_1_246' title='bbox 1066 3252 1288 3317; x_wconf 86' lang='grc' dir='ltr'>Κυρίου</span> <span class='ocrx_word' id='word_1_247' title='bbox 1313 3250 1465 3305; x_wconf 83' lang='grc' dir='ltr'>ἐστί.</span> <span class='ocrx_word' id='word_1_248' title='bbox 1495 3252 1561 3305; x_wconf 87' lang='grc' dir='ltr'>Τί</span> <span class='ocrx_word' id='word_1_249' title='bbox 1609 3252 1807 3322; x_wconf 84' lang='grc' dir='ltr'>λέγεις,</span> <span class='ocrx_word' id='word_1_250' title='bbox 1837 3255 1970 3324; x_wconf 85' lang='grc' dir='ltr'>φησί</span> <span class='ocrx_word' id='word_1_251' title='bbox 1993 3273 2010 3323; x_wconf 86' lang='lat'><strong>;</strong></span> 
     </span>
    </p>
   </div>
   <div class='ocr_carea' id='block_1_34' title="bbox 434 3330 2008 3407">
    <p class='ocr_par' dir='ltr' id='par_1_34' title="bbox 434 3330 2008 3407">
     <span class='ocr_line' id='line_1_34' title="bbox 434 3330 2008 3407; baseline 0.005 -25"><span class='ocrx_word' id='word_1_252' title='bbox 434 3330 517 3384; x_wconf 68' lang='grc' dir='ltr'>ὅτι</span> <span class='ocrx_word' id='word_1_253' title='bbox 546 3330 740 3400; x_wconf 73' lang='grc' dir='ltr'>μιαρὸς</span> <span class='ocrx_word' id='word_1_254' title='bbox 767 3332 858 3385; x_wconf 74' lang='grc' dir='ltr'>καὶ</span> <span class='ocrx_word' id='word_1_255' title='bbox 889 3332 1229 3404; x_wconf 79' lang='grc' dir='ltr'>παμμίαρος,</span> <span class='ocrx_word' id='word_1_256' title='bbox 1248 3335 1344 3388; x_wconf 82' lang='grc' dir='ltr'>καὶ</span> <span class='ocrx_word' id='word_1_257' title='bbox 1362 3335 1572 3407; x_wconf 87' lang='grc' dir='ltr'>μυρίων</span> <span class='ocrx_word' id='word_1_258' title='bbox 1590 3336 1774 3407; x_wconf 88' lang='grc' dir='ltr'>γέμων</span> <span class='ocrx_word' id='word_1_259' title='bbox 1801 3339 2008 3403; x_wconf 80' lang='grc' dir='ltr'>κακῶν,</span> 
     </span>
    </p>
   </div>
   <div class='ocr_carea' id='block_1_35' title="bbox 365 3413 2009 3490">
    <p class='ocr_par' dir='ltr' id='par_1_35' title="bbox 365 3413 2009 3490">
     <span class='ocr_line' id='line_1_35' title="bbox 365 3413 2009 3490; baseline 0.008 -29"><span class='ocrx_word' id='word_1_260' title='bbox 365 3454 372 3461; x_wconf 94' lang='grc'>.</span> <span class='ocrx_word' id='word_1_261' title='bbox 437 3413 532 3466; x_wconf 71' lang='grc' dir='ltr'>καὶ</span> <span class='ocrx_word' id='word_1_262' title='bbox 570 3414 636 3466; x_wconf 85' lang='grc' dir='ltr'>τά</span> <span class='ocrx_word' id='word_1_263' title='bbox 658 3413 859 3482; x_wconf 77' lang='grc' dir='ltr'>ἔσχατα</span> <span class='ocrx_word' id='word_1_264' title='bbox 889 3417 1038 3485; x_wconf 63' lang='grc' dir='ltr'>ἡμᾶς</span> <span class='ocrx_word' id='word_1_265' title='bbox 1068 3415 1312 3480; x_wconf 84' lang='grc' dir='ltr'>διαθείς;</span> <span class='ocrx_word' id='word_1_266' title='bbox 1356 3417 1515 3473; x_wconf 84' lang='grc' dir='ltr'>Ἀλλά</span> <span class='ocrx_word' id='word_1_267' title='bbox 1553 3420 1827 3490; x_wconf 79' lang='grc' dir='ltr'>βασιλεὺς,</span> <span class='ocrx_word' id='word_1_268' title='bbox 1872 3421 2009 3475; x_wconf 85' lang='grc' dir='ltr'>ἀλλὰ</span> 
     </span>
    </p>
   </div>
   <div class='ocr_carea' id='block_1_36' title="bbox 434 3496 2008 3575">
    <p class='ocr_par' dir='ltr' id='par_1_36' title="bbox 434 3496 2008 3575">
     <span class='ocr_line' id='line_1_36' title="bbox 434 3496 2008 3575; baseline 0.008 -28"><span class='ocrx_word' id='word_1_269' title='bbox 434 3496 616 3567; x_wconf 83' lang='grc' dir='ltr'>ἅρχων</span> <span class='ocrx_word' id='word_1_270' title='bbox 640 3536 655 3561; x_wconf 92' lang='grc'>,</span> <span class='ocrx_word' id='word_1_271' title='bbox 707 3497 841 3555; x_wconf 83' lang='grc' dir='ltr'>ἀλλὰ</span> <span class='ocrx_word' id='word_1_272' title='bbox 871 3498 969 3569; x_wconf 84' lang='grc' dir='ltr'>τὴν</span> <span class='ocrx_word' id='word_1_273' title='bbox 1004 3501 1338 3570; x_wconf 85' lang='grc' dir='ltr'>προστασίαν</span> <span class='ocrx_word' id='word_1_274' title='bbox 1370 3502 1469 3573; x_wconf 76' lang='grc' dir='ltr'>τὴν</span> <span class='ocrx_word' id='word_1_275' title='bbox 1495 3504 1769 3575; x_wconf 79' lang='grc' dir='ltr'>ἡμετέραν</span> <span class='ocrx_word' id='word_1_276' title='bbox 1802 3507 2008 3575; x_wconf 81' lang='grc' dir='ltr'>ἐνεχει-</span> 
     </span>
    </p>
   </div>
   <div class='ocr_carea' id='block_1_37' title="bbox 435 3579 2010 3657">
    <p class='ocr_par' dir='ltr' id='par_1_37' title="bbox 435 3579 2010 3657">
     <span class='ocr_line' id='line_1_37' title="bbox 435 3579 2010 3657; baseline 0.008 -27"><span class='ocrx_word' id='word_1_277' title='bbox 435 3579 614 3650; x_wconf 86' lang='grc' dir='ltr'>ρίσθη.</span> <span class='ocrx_word' id='word_1_278' title='bbox 635 3582 743 3634; x_wconf 67' lang='grc' dir='ltr'>Καὶ</span> <span class='ocrx_word' id='word_1_279' title='bbox 761 3583 861 3635; x_wconf 82' lang='grc' dir='ltr'>ούκ</span> <span class='ocrx_word' id='word_1_280' title='bbox 880 3581 1020 3646; x_wconf 82' lang='grc' dir='ltr'>εἷπε,</span> <span class='ocrx_word' id='word_1_281' title='bbox 1050 3583 1321 3653; x_wconf 83' lang='grc' dir='ltr'>βασιλεὺς,</span> <span class='ocrx_word' id='word_1_282' title='bbox 1346 3584 1480 3638; x_wconf 85' lang='grc' dir='ltr'>ἀλλὰ</span> <span class='ocrx_word' id='word_1_283' title='bbox 1502 3587 1584 3651; x_wconf 88' lang='grc' dir='ltr'>τί;</span> <span class='ocrx_word' id='word_1_284' title='bbox 1614 3588 1732 3640; x_wconf 82' lang='grc' dir='ltr'>’Ότι</span> <span class='ocrx_word' id='word_1_285' title='bbox 1761 3590 2010 3657; x_wconf 77' lang='grc' dir='ltr'>χριστὸς</span> 
     </span>
    </p>
   </div>
   <div class='ocr_carea' id='block_1_38' title="bbox 432 3665 2006 3741">
    <p class='ocr_par' dir='ltr' id='par_1_38' title="bbox 432 3665 2006 3741">
     <span class='ocr_line' id='line_1_38' title="bbox 432 3665 2006 3741; baseline 0.006 -26"><span class='ocrx_word' id='word_1_286' title='bbox 432 3665 656 3732; x_wconf 84' lang='grc' dir='ltr'>Κυρίου</span> <span class='ocrx_word' id='word_1_287' title='bbox 704 3665 897 3731; x_wconf 80' lang='grc' dir='ltr'>ἐστὶν,</span> <span class='ocrx_word' id='word_1_288' title='bbox 948 3668 1049 3719; x_wconf 77' lang='grc' dir='ltr'>οὐκ</span> <span class='ocrx_word' id='word_1_289' title='bbox 1081 3667 1189 3720; x_wconf 84' lang='grc' dir='ltr'>ἀπὸ</span> <span class='ocrx_word' id='word_1_290' title='bbox 1234 3668 1334 3738; x_wconf 87' lang='grc' dir='ltr'>τῆς</span> <span class='ocrx_word' id='word_1_291' title='bbox 1382 3669 1629 3722; x_wconf 85' lang='grc' dir='ltr'>κάτωθεν</span> <span class='ocrx_word' id='word_1_292' title='bbox 1656 3671 1844 3741; x_wconf 85' lang='grc' dir='ltr'>τιμῆς,</span> <span class='ocrx_word' id='word_1_293' title='bbox 1892 3672 2006 3725; x_wconf 86' lang='grc' dir='ltr'>ἀλλ’</span> 
     </span>
    </p>
   </div>
   <div class='ocr_carea' id='block_1_39' title="bbox 433 3748 2006 3827">
    <p class='ocr_par' dir='ltr' id='par_1_39' title="bbox 433 3748 2006 3827">
     <span class='ocr_line' id='line_1_39' title="bbox 433 3748 2006 3827; baseline 0.004 -28"><span class='ocrx_word' id='word_1_294' title='bbox 433 3748 542 3802; x_wconf 83' lang='grc' dir='ltr'>ἀπὸ</span> <span class='ocrx_word' id='word_1_295' title='bbox 563 3748 662 3817; x_wconf 82' lang='grc' dir='ltr'>τῆς</span> <span class='ocrx_word' id='word_1_296' title='bbox 687 3748 888 3801; x_wconf 82' lang='grc' dir='ltr'>ἀνωθεν</span> <span class='ocrx_word' id='word_1_297' title='bbox 911 3749 1089 3819; x_wconf 83' lang='grc' dir='ltr'>ψήφου</span> <span class='ocrx_word' id='word_1_298' title='bbox 1115 3751 1348 3821; x_wconf 84' lang='grc' dir='ltr'>ποιήσας</span> <span class='ocrx_word' id='word_1_299' title='bbox 1378 3751 1675 3823; x_wconf 77' lang='grc' dir='ltr'>αἰδέσιμον.</span> <span class='ocrx_word' id='word_1_300' title='bbox 1713 3755 2006 3827; x_wconf 83' lang='grc' dir='ltr'>Καταφρο-</span> 
     </span>
    </p>
   </div>
   <div class='ocr_carea' id='block_1_40' title="bbox 434 3834 2001 3911">
    <p class='ocr_par' dir='ltr' id='par_1_40' title="bbox 434 3834 2001 3911">
     <span class='ocr_line' id='line_1_40' title="bbox 434 3834 2001 3911; baseline 0.006 -25"><span class='ocrx_word' id='word_1_301' title='bbox 434 3837 545 3898; x_wconf 84' lang='grc' dir='ltr'>νεῖς</span> <span class='ocrx_word' id='word_1_302' title='bbox 568 3836 661 3887; x_wconf 87' lang='grc' dir='ltr'>τοῦ</span> <span class='ocrx_word' id='word_1_303' title='bbox 690 3834 993 3894; x_wconf 84' lang='grc' dir='ltr'>συνδούλου,</span> <span class='ocrx_word' id='word_1_304' title='bbox 1022 3836 1216 3907; x_wconf 87' lang='grc' dir='ltr'>φησίν;</span> <span class='ocrx_word' id='word_1_305' title='bbox 1266 3836 1550 3907; x_wconf 82' lang='grc' dir='ltr'>Αίδέσθητι</span> <span class='ocrx_word' id='word_1_306' title='bbox 1590 3839 1679 3892; x_wconf 76' lang='grc' dir='ltr'>τὸν</span> <span class='ocrx_word' id='word_1_307' title='bbox 1704 3841 2001 3911; x_wconf 87' lang='grc' dir='ltr'>Δεσπότην.</span> 
     </span>
    </p>
   </div>
   <div class='ocr_carea' id='block_1_41' title="bbox 434 3918 2004 3996">
    <p class='ocr_par' dir='ltr' id='par_1_41' title="bbox 434 3918 2004 3996">
     <span class='ocr_line' id='line_1_41' title="bbox 434 3918 2004 3996; baseline 0.005 -25"><span class='ocrx_word' id='word_1_308' title='bbox 434 3918 723 3984; x_wconf 85' lang='grc' dir='ltr'>Διαπτύεις</span> <span class='ocrx_word' id='word_1_309' title='bbox 748 3919 839 3972; x_wconf 82' lang='grc' dir='ltr'>τὸν</span> <span class='ocrx_word' id='word_1_310' title='bbox 870 3920 1415 3991; x_wconf 87' lang='grc' dir='ltr'>κεχειροτονημένον;</span> <span class='ocrx_word' id='word_1_311' title='bbox 1456 3922 1723 3994; x_wconf 75' lang='grc' dir='ltr'>Φοϐήθητι</span> <span class='ocrx_word' id='word_1_312' title='bbox 1771 3925 1862 3977; x_wconf 82' lang='grc' dir='ltr'>τὸν</span> <span class='ocrx_word' id='word_1_313' title='bbox 1890 3943 2004 3996; x_wconf 85' lang='grc' dir='ltr'>χει-</span> 
     </span>
    </p>
   </div>
   <div class='ocr_carea' id='block_1_42' title="bbox 433 4003 2006 4076">
    <p class='ocr_par' dir='ltr' id='par_1_42' title="bbox 433 4003 2006 4076">
     <span class='ocr_line' id='line_1_42' title="bbox 433 4003 2006 4076; baseline 0.004 -20"><span class='ocrx_word' id='word_1_314' title='bbox 433 4003 815 4076; x_wconf 85' lang='grc' dir='ltr'>ροτονήσαντα.</span> <span class='ocrx_word' id='word_1_315' title='bbox 840 4003 905 4056; x_wconf 86' lang='grc' dir='ltr'>Εἰ</span> <span class='ocrx_word' id='word_1_316' title='bbox 935 4003 1043 4074; x_wconf 81' lang='grc' dir='ltr'>γὰρ</span> <span class='ocrx_word' id='word_1_317' title='bbox 1064 4005 1190 4068; x_wconf 82' lang='grc' dir='ltr'>τοὺς</span> <span class='ocrx_word' id='word_1_318' title='bbox 1218 4007 1484 4076; x_wconf 81' lang='grc' dir='ltr'>ἄρχοντας</span> <span class='ocrx_word' id='word_1_319' title='bbox 1503 4006 1724 4072; x_wconf 87' lang='grc' dir='ltr'>τούτους</span> <span class='ocrx_word' id='word_1_320' title='bbox 1751 4010 1877 4072; x_wconf 81' lang='grc' dir='ltr'>τοὺς</span> <span class='ocrx_word' id='word_1_321' title='bbox 1900 4008 2006 4062; x_wconf 85' lang='grc' dir='ltr'>ὑπὸ</span> 
     </span>
    </p>
   </div>
   <div class='ocr_carea' id='block_1_43' title="bbox 434 4086 2004 4162">
    <p class='ocr_par' dir='ltr' id='par_1_43' title="bbox 434 4086 2004 4162">
     <span class='ocr_line' id='line_1_43' title="bbox 434 4086 2004 4162; baseline 0.003 -22"><span class='ocrx_word' id='word_1_322' title='bbox 434 4086 697 4156; x_wconf 78' lang='grc' dir='ltr'>βασιλέως</span> <span class='ocrx_word' id='word_1_323' title='bbox 724 4090 1254 4158; x_wconf 85' lang='grc' dir='ltr'>χειροτονουμένους,</span> <span class='ocrx_word' id='word_1_324' title='bbox 1298 4087 1399 4142; x_wconf 81' lang='grc' dir='ltr'>κᾶν</span> <span class='ocrx_word' id='word_1_325' title='bbox 1445 4092 1692 4162; x_wconf 71' lang='grc' dir='ltr'>πονηροὶ,</span> <span class='ocrx_word' id='word_1_326' title='bbox 1725 4090 1831 4144; x_wconf 83' lang='grc' dir='ltr'>κᾶν</span> <span class='ocrx_word' id='word_1_327' title='bbox 1880 4092 2004 4145; x_wconf 85' lang='grc' dir='ltr'>κλέ-</span> 
     </span>
    </p>
   </div>
   <div class='ocr_carea' id='block_1_44' title="bbox 432 4168 2002 4247">
    <p class='ocr_par' dir='ltr' id='par_1_44' title="bbox 432 4168 2002 4247">
     <span class='ocr_line' id='line_1_44' title="bbox 432 4168 2002 4247; baseline 0.003 -23"><span class='ocrx_word' id='word_1_328' title='bbox 432 4186 587 4233; x_wconf 80' lang='grc' dir='ltr'>πται,</span> <span class='ocrx_word' id='word_1_329' title='bbox 613 4169 716 4223; x_wconf 82' lang='grc' dir='ltr'>κᾶν</span> <span class='ocrx_word' id='word_1_330' title='bbox 737 4169 1070 4243; x_wconf 71' lang='grc' dir='ltr'>λῃπαί,κᾶν</span> <span class='ocrx_word' id='word_1_331' title='bbox 1087 4171 1281 4234; x_wconf 80' lang='grc' dir='ltr'>ἄδικοι,</span> <span class='ocrx_word' id='word_1_332' title='bbox 1301 4172 1402 4227; x_wconf 81' lang='grc' dir='ltr'>κᾶν</span> <span class='ocrx_word' id='word_1_333' title='bbox 1426 4174 1602 4227; x_wconf 83' lang='grc' dir='ltr'>ὁτιοῦν</span> <span class='ocrx_word' id='word_1_334' title='bbox 1632 4168 1765 4228; x_wconf 81' lang='grc' dir='ltr'>ὦσιν</span> <span class='ocrx_word' id='word_1_335' title='bbox 1793 4176 2002 4247; x_wconf 75' lang='grc' dir='ltr'>ἕτερον,</span> 
     </span>
    </p>
   </div>
   <div class='ocr_carea' id='block_1_45' title="bbox 428 4250 2005 4330">
    <p class='ocr_par' dir='ltr' id='par_1_45' title="bbox 428 4250 2005 4330">
     <span class='ocr_line' id='line_1_45' title="bbox 428 4250 2005 4330; baseline 0.006 -27"><span class='ocrx_word' id='word_1_336' title='bbox 428 4250 748 4321; x_wconf 84' lang='grc' dir='ltr'>δεδοίκαμεν</span> <span class='ocrx_word' id='word_1_337' title='bbox 771 4251 865 4306; x_wconf 73' lang='grc' dir='ltr'>καὶ</span> <span class='ocrx_word' id='word_1_338' title='bbox 887 4252 1254 4323; x_wconf 88' lang='grc' dir='ltr'>πεφρίκαμεν,</span> <span class='ocrx_word' id='word_1_339' title='bbox 1272 4255 1333 4307; x_wconf 86' lang='grc' dir='ltr'>οὐ</span> <span class='ocrx_word' id='word_1_340' title='bbox 1352 4254 1504 4327; x_wconf 79' lang='grc'>[758]</span> <span class='ocrx_word' id='word_1_341' title='bbox 1525 4256 1609 4309; x_wconf 78' lang='grc' dir='ltr'>διὰ</span> <span class='ocrx_word' id='word_1_342' title='bbox 1626 4256 1723 4327; x_wconf 83' lang='grc' dir='ltr'>τὴν</span> <span class='ocrx_word' id='word_1_343' title='bbox 1740 4259 2005 4330; x_wconf 84' lang='grc' dir='ltr'>πονηρίαν</span> 
     </span>
    </p>
   </div>
   <div class='ocr_carea' id='block_1_46' title="bbox 433 4334 2005 4414">
    <p class='ocr_par' dir='ltr' id='par_1_46' title="bbox 433 4334 2005 4414">
     <span class='ocr_line' id='line_1_46' title="bbox 433 4334 2005 4414; baseline 0.006 -26"><span class='ocrx_word' id='word_1_344' title='bbox 433 4334 897 4406; x_wconf 68' lang='grc' dir='ltr'>καταφρονοῦντες</span> <span class='ocrx_word' id='word_1_345' title='bbox 936 4335 1136 4392; x_wconf 87' lang='grc' dir='ltr'>αὐτῶν.</span> <span class='ocrx_word' id='word_1_346' title='bbox 1176 4336 1314 4391; x_wconf 85' lang='grc' dir='ltr'>ἀλλὰ</span> <span class='ocrx_word' id='word_1_347' title='bbox 1337 4338 1427 4392; x_wconf 83' lang='grc' dir='ltr'>διὰ</span> <span class='ocrx_word' id='word_1_348' title='bbox 1451 4340 1548 4410; x_wconf 82' lang='grc' dir='ltr'>τὴν</span> <span class='ocrx_word' id='word_1_349' title='bbox 1577 4340 1731 4407; x_wconf 84' lang='grc' dir='ltr'>ἀξίαν</span> <span class='ocrx_word' id='word_1_350' title='bbox 1760 4342 1854 4395; x_wconf 86' lang='grc' dir='ltr'>τοῦ</span> <span class='ocrx_word' id='word_1_351' title='bbox 1893 4361 2005 4414; x_wconf 87' lang='grc' dir='ltr'>χει-</span> 
     </span>
    </p>
   </div>
   <div class='ocr_carea' id='block_1_47' title="bbox 430 4416 2003 4496">
    <p class='ocr_par' dir='ltr' id='par_1_47' title="bbox 430 4416 2003 4496">
     <span class='ocr_line' id='line_1_47' title="bbox 430 4416 2003 4496; baseline 0.003 -20"><span class='ocrx_word' id='word_1_352' title='bbox 430 4425 817 4494; x_wconf 85' lang='grc' dir='ltr'>ροτονήσαντος</span> <span class='ocrx_word' id='word_1_353' title='bbox 849 4420 1290 4493; x_wconf 84' lang='grc' dir='ltr'>δυσωπούμενοι·</span> <span class='ocrx_word' id='word_1_354' title='bbox 1323 4422 1502 4493; x_wconf 91' lang='grc' dir='ltr'>πολλῷ</span> <span class='ocrx_word' id='word_1_355' title='bbox 1553 4424 1751 4496; x_wconf 84' lang='grc' dir='ltr'>μᾶλλον</span> <span class='ocrx_word' id='word_1_356' title='bbox 1794 4416 1886 4481; x_wconf 71' lang='grc' dir='ltr'>ἐπὶ</span> <span class='ocrx_word' id='word_1_357' title='bbox 1913 4428 2003 4481; x_wconf 88' lang='grc' dir='ltr'>τοῦ</span> 
     </span>
    </p>
   </div>
   <div class='ocr_carea' id='block_1_48' title="bbox 428 4504 2002 4580">
    <p class='ocr_par' dir='ltr' id='par_1_48' title="bbox 428 4504 2002 4580">
     <span class='ocr_line' id='line_1_48' title="bbox 428 4504 2002 4580; baseline 0.003 -22"><span class='ocrx_word' id='word_1_358' title='bbox 428 4506 566 4558; x_wconf 81' lang='grc' dir='ltr'>Θεοῦ</span> <span class='ocrx_word' id='word_1_359' title='bbox 599 4506 703 4577; x_wconf 83' lang='grc' dir='ltr'>χρὴ</span> <span class='ocrx_word' id='word_1_360' title='bbox 719 4505 877 4558; x_wconf 90' lang='grc' dir='ltr'>τοῦτο</span> <span class='ocrx_word' id='word_1_361' title='bbox 901 4509 1098 4560; x_wconf 87' lang='grc' dir='ltr'>ποιεῖν.</span> <span class='ocrx_word' id='word_1_362' title='bbox 1123 4504 1290 4560; x_wconf 80' lang='grc' dir='ltr'>Οΰπω</span> <span class='ocrx_word' id='word_1_363' title='bbox 1306 4506 1609 4577; x_wconf 87' lang='grc' dir='ltr'>παρέλυσεν</span> <span class='ocrx_word' id='word_1_364' title='bbox 1642 4508 1825 4575; x_wconf 78' lang='grc' dir='ltr'>αὐτὸν,</span> <span class='ocrx_word' id='word_1_365' title='bbox 1848 4510 2002 4580; x_wconf 75' lang='grc' dir='ltr'>φησὶ,</span> 
     </span>
    </p>
   </div>
   <div class='ocr_carea' id='block_1_49' title="bbox 427 4586 2006 4664">
    <p class='ocr_par' dir='ltr' id='par_1_49' title="bbox 427 4586 2006 4664">
     <span class='ocr_line' id='line_1_49' title="bbox 427 4586 2006 4664; baseline 0.004 -24"><span class='ocrx_word' id='word_1_366' title='bbox 427 4588 529 4658; x_wconf 85' lang='grc' dir='ltr'>τῆς</span> <span class='ocrx_word' id='word_1_367' title='bbox 551 4588 745 4660; x_wconf 87' lang='grc' dir='ltr'>ἀρχῆς,</span> <span class='ocrx_word' id='word_1_368' title='bbox 774 4587 896 4641; x_wconf 80' lang='grc' dir='ltr'>οὐδὲ</span> <span class='ocrx_word' id='word_1_369' title='bbox 927 4586 1139 4660; x_wconf 80' lang='grc' dir='ltr'>ἰδιώτην</span> <span class='ocrx_word' id='word_1_370' title='bbox 1155 4588 1397 4660; x_wconf 85' lang='grc' dir='ltr'>ἐποίησε.</span> <span class='ocrx_word' id='word_1_371' title='bbox 1413 4590 1505 4661; x_wconf 83' lang='grc' dir='ltr'>Μὴ</span> <span class='ocrx_word' id='word_1_372' title='bbox 1527 4591 1705 4645; x_wconf 88' lang='grc' dir='ltr'>τοίνυν</span> <span class='ocrx_word' id='word_1_373' title='bbox 1734 4592 1831 4664; x_wconf 78' lang='grc' dir='ltr'>τὴν</span> <span class='ocrx_word' id='word_1_374' title='bbox 1854 4594 2006 4660; x_wconf 78' lang='grc' dir='ltr'>τάξιν</span> 
     </span>
    </p>
   </div>
   <div class='ocr_carea' id='block_1_50' title="bbox 429 4669 2005 4746">
    <p class='ocr_par' dir='ltr' id='par_1_50' title="bbox 429 4669 2005 4746">
     <span class='ocr_line' id='line_1_50' title="bbox 429 4669 2005 4746; baseline 0.002 -18"><span class='ocrx_word' id='word_1_375' title='bbox 429 4673 842 4745; x_wconf 81' lang='grc' dir='ltr'>άνατρέπωμεν,</span> <span class='ocrx_word' id='word_1_376' title='bbox 882 4673 1019 4745; x_wconf 81' lang='grc' dir='ltr'>μηδὲ</span> <span class='ocrx_word' id='word_1_377' title='bbox 1040 4673 1118 4743; x_wconf 81' lang='grc' dir='ltr'>τῷ</span> <span class='ocrx_word' id='word_1_378' title='bbox 1154 4672 1273 4744; x_wconf 81' lang='grc' dir='ltr'>Θεῷ</span> <span class='ocrx_word' id='word_1_379' title='bbox 1301 4675 1645 4746; x_wconf 79' lang='grc' dir='ltr'>πολεμῶμεν,</span> <span class='ocrx_word' id='word_1_380' title='bbox 1681 4675 1744 4728; x_wconf 79' lang='grc' dir='ltr'>τὸ</span> <span class='ocrx_word' id='word_1_381' title='bbox 1768 4669 2005 4731; x_wconf 74' lang='grc' dir='ltr'>άποστοῖ-</span> 
     </span>
    </p>
   </div>
   <div class='ocr_carea' id='block_1_51' title="bbox 429 4756 2006 4830">
    <p class='ocr_par' dir='ltr' id='par_1_51' title="bbox 429 4756 2006 4830">
     <span class='ocr_line' id='line_1_51' title="bbox 429 4756 2006 4830; baseline 0.004 -22"><span class='ocrx_word' id='word_1_382' title='bbox 429 4756 578 4811; x_wconf 81' lang='grc' dir='ltr'>λικδν</span> <span class='ocrx_word' id='word_1_383' title='bbox 607 4758 780 4810; x_wconf 85' lang='grc' dir='ltr'>ἐκεῖνο</span> <span class='ocrx_word' id='word_1_384' title='bbox 798 4756 885 4810; x_wconf 71' lang='grc' dir='ltr'>διὰ</span> <span class='ocrx_word' id='word_1_385' title='bbox 911 4757 1021 4810; x_wconf 87' lang='grc' dir='ltr'>τῶν</span> <span class='ocrx_word' id='word_1_386' title='bbox 1050 4757 1227 4828; x_wconf 74' lang='grc' dir='ltr'>ἔργων</span> <span class='ocrx_word' id='word_1_387' title='bbox 1255 4758 1722 4830; x_wconf 63' lang='grc' dir='ltr'>ἐπιδεικνύμενον</span> <span class='ocrx_word' id='word_1_388' title='bbox 1743 4761 1864 4815; x_wconf 82' lang='grc' dir='ltr'>Ὅτι</span> <span class='ocrx_word' id='word_1_389' title='bbox 1886 4759 2006 4827; x_wconf 86' lang='grc' dir='ltr'>πᾶς</span> 
     </span>
    </p>
   </div>
   <div class='ocr_carea' id='block_1_52' title="bbox 430 4840 2005 4912">
    <p class='ocr_par' dir='ltr' id='par_1_52' title="bbox 430 4840 2005 4912">
     <span class='ocr_line' id='line_1_52' title="bbox 430 4840 2005 4912; baseline 0.003 -17"><span class='ocrx_word' id='word_1_390' title='bbox 430 4843 465 4894; x_wconf 86' lang='grc' dir='ltr'><em>ὀ</em></span> <span class='ocrx_word' id='word_1_391' title='bbox 490 4840 1003 4908; x_wconf 76' lang='grc' dir='ltr'>ἀντιτασσόμενος</span> <span class='ocrx_word' id='word_1_392' title='bbox 1032 4840 1107 4909; x_wconf 73' lang='grc' dir='ltr'>τῇ</span> <span class='ocrx_word' id='word_1_393' title='bbox 1152 4842 1526 4912; x_wconf 77' lang='grc' dir='ltr'>ἐξουσίᾳ,τῇ</span> <span class='ocrx_word' id='word_1_394' title='bbox 1565 4844 1671 4898; x_wconf 88' lang='grc' dir='ltr'>τοῦ</span> <span class='ocrx_word' id='word_1_395' title='bbox 1699 4844 1847 4899; x_wconf 83' lang='grc' dir='ltr'>Θεοῦ</span> <span class='ocrx_word' id='word_1_396' title='bbox 1875 4844 2005 4898; x_wconf 84' lang='grc' dir='ltr'>δια-</span> 
     </span>
    </p>
   </div>
   <div class='ocr_carea' id='block_1_53' title="bbox 429 4922 2009 4996">
    <p class='ocr_par' dir='ltr' id='par_1_53' title="bbox 429 4922 2009 4996">
     <span class='ocr_line' id='line_1_53' title="bbox 429 4922 2009 4996; baseline 0.004 -20"><span class='ocrx_word' id='word_1_397' title='bbox 429 4922 583 4992; x_wconf 75' lang='grc' dir='ltr'>σαγῇ</span> <span class='ocrx_word' id='word_1_398' title='bbox 640 4923 1010 4991; x_wconf 72' lang='grc' dir='ltr'>ἀνθέστηκεν</span> <span class='ocrx_word' id='word_1_399' title='bbox 1032 4942 1046 4957; x_wconf 73' lang='grc' dir='ltr'>ο</span> <span class='ocrx_word' id='word_1_400' title='bbox 1081 4928 1135 4979; x_wconf 84' lang='grc' dir='ltr'>οί</span> <span class='ocrx_word' id='word_1_401' title='bbox 1164 4926 1233 4978; x_wconf 84' lang='grc' dir='ltr'>δὲ</span> <span class='ocrx_word' id='word_1_402' title='bbox 1268 4927 1730 4994; x_wconf 79' lang='grc' dir='ltr'>ἀνθεστηκότες,</span> <span class='ocrx_word' id='word_1_403' title='bbox 1772 4929 2009 4996; x_wconf 73' lang='grc' dir='ltr'>ἑαυτοῖς</span> 
     </span>
    </p>
   </div>
   <div class='ocr_carea' id='block_1_54' title="bbox 430 5004 2007 5079">
    <p class='ocr_par' dir='ltr' id='par_1_54' title="bbox 430 5004 2007 5079">
     <span class='ocr_line' id='line_1_54' title="bbox 430 5004 2007 5079; baseline 0.004 -20"><span class='ocrx_word' id='word_1_404' title='bbox 430 5007 608 5077; x_wconf 71' lang='grc' dir='ltr'>κρῖμα</span> <span class='ocrx_word' id='word_1_405' title='bbox 657 5004 979 5074; x_wconf 70' lang='grc' dir='ltr'>λήψονται.</span> <span class='ocrx_word' id='word_1_406' title='bbox 1028 5007 1162 5076; x_wconf 81' lang='grc' dir='ltr'>Οὐχὶ</span> <span class='ocrx_word' id='word_1_407' title='bbox 1215 5010 1431 5079; x_wconf 78' lang='grc' dir='ltr'>χριστὸν</span> <span class='ocrx_word' id='word_1_408' title='bbox 1499 5011 1556 5064; x_wconf 85' lang='grc' dir='ltr'>δὲ</span> <span class='ocrx_word' id='word_1_409' title='bbox 1607 5012 1767 5066; x_wconf 85' lang='grc' dir='ltr'>αὑτὸν</span> <span class='ocrx_word' id='word_1_410' title='bbox 1822 5014 2007 5068; x_wconf 78' lang='grc' dir='ltr'>ἐκάλει</span> 
     </span>
    </p>
   </div>
   <div class='ocr_carea' id='block_1_55' title="bbox 433 5088 2006 5168">
    <p class='ocr_par' dir='ltr' id='par_1_55' title="bbox 433 5088 2006 5168">
     <span class='ocr_line' id='line_1_55' title="bbox 433 5088 2006 5168; baseline 0.005 -26"><span class='ocrx_word' id='word_1_411' title='bbox 433 5094 614 5164; x_wconf 78' lang='grc' dir='ltr'>μόνον,</span> <span class='ocrx_word' id='word_1_412' title='bbox 644 5088 782 5146; x_wconf 81' lang='grc' dir='ltr'>ἀλλὰ</span> <span class='ocrx_word' id='word_1_413' title='bbox 808 5091 903 5145; x_wconf 78' lang='grc' dir='ltr'>καὶ</span> <span class='ocrx_word' id='word_1_414' title='bbox 933 5088 1128 5143; x_wconf 76' lang='grc' dir='ltr'>ἑαυτοῦ</span> <span class='ocrx_word' id='word_1_415' title='bbox 1160 5090 1365 5161; x_wconf 87' lang='grc' dir='ltr'>κύριον.</span> <span class='ocrx_word' id='word_1_416' title='bbox 1400 5094 1475 5148; x_wconf 80' lang='grc' dir='ltr'><strong>Οὐ</strong></span> <span class='ocrx_word' id='word_1_417' title='bbox 1520 5094 1617 5165; x_wconf 87' lang='grc' dir='ltr'>τῆς</span> <span class='ocrx_word' id='word_1_418' title='bbox 1656 5096 1926 5168; x_wconf 87' lang='grc' dir='ltr'>τυχούσης</span> <span class='ocrx_word' id='word_1_419' title='bbox 1949 5096 2006 5150; x_wconf 79' lang='grc' dir='ltr'>δὲ</span> 
     </span>
    </p>
   </div>
   <div class='ocr_carea' id='block_1_56' title="bbox 431 5173 2005 5255">
    <p class='ocr_par' dir='ltr' id='par_1_56' title="bbox 431 5173 2005 5255">
     <span class='ocr_line' id='line_1_56' title="bbox 431 5173 2005 5255; baseline 0.006 -26"><span class='ocrx_word' id='word_1_420' title='bbox 431 5175 750 5246; x_wconf 68' lang='grc' dir='ltr'>φιλοσοφίας</span> <span class='ocrx_word' id='word_1_421' title='bbox 777 5174 914 5239; x_wconf 76' lang='grc' dir='ltr'>ἐστὶ,</span> <span class='ocrx_word' id='word_1_422' title='bbox 957 5173 1021 5233; x_wconf 86' lang='grc' dir='ltr'>τὸ</span> <span class='ocrx_word' id='word_1_423' title='bbox 1062 5175 1154 5233; x_wconf 87' lang='grc' dir='ltr'>τὸν</span> <span class='ocrx_word' id='word_1_424' title='bbox 1189 5176 1383 5248; x_wconf 83' lang='grc' dir='ltr'>ἐχθρὸν</span> <span class='ocrx_word' id='word_1_425' title='bbox 1418 5182 1530 5243; x_wconf 87' lang='grc' dir='ltr'>τοῖς</span> <span class='ocrx_word' id='word_1_426' title='bbox 1570 5183 1668 5252; x_wconf 87' lang='grc' dir='ltr'>τῆς</span> <span class='ocrx_word' id='word_1_427' title='bbox 1699 5184 1865 5255; x_wconf 84' lang='grc' dir='ltr'>τιμῆς</span> <span class='ocrx_word' id='word_1_428' title='bbox 1909 5185 2005 5239; x_wconf 80' lang='grc' dir='ltr'>καὶ</span> 
     </span>
    </p>
   </div>
   <div class='ocr_carea' id='block_1_57' title="bbox 428 5258 2007 5331">
    <p class='ocr_par' dir='ltr' id='par_1_57' title="bbox 428 5258 2007 5331">
     <span class='ocr_line' id='line_1_57' title="bbox 428 5258 2007 5331; baseline 0.008 -21"><span class='ocrx_word' id='word_1_429' title='bbox 428 5260 527 5330; x_wconf 68' lang='grc' dir='ltr'>τῆς</span> <span class='ocrx_word' id='word_1_430' title='bbox 565 5258 863 5329; x_wconf 85' lang='grc' dir='ltr'>θεραπείας</span> <span class='ocrx_word' id='word_1_431' title='bbox 892 5259 1121 5331; x_wconf 82' lang='grc' dir='ltr'>ὀνόμασι</span> <span class='ocrx_word' id='word_1_432' title='bbox 1152 5265 1492 5331; x_wconf 88' lang='grc' dir='ltr'>προσειπεῖν.</span> <span class='ocrx_word' id='word_1_433' title='bbox 1547 5265 1658 5318; x_wconf 81' lang='grc' dir='ltr'>Καὶ</span> <span class='ocrx_word' id='word_1_434' title='bbox 1690 5266 1852 5321; x_wconf 88' lang='grc' dir='ltr'>τοῦτο</span> <span class='ocrx_word' id='word_1_435' title='bbox 1874 5268 2007 5323; x_wconf 80' lang='grc' dir='ltr'>αὐτὸ</span> 
     </span>
    </p>
   </div>
   <div class='ocr_carea' id='block_1_58' title="bbox 431 5337 2007 5422">
    <p class='ocr_par' dir='ltr' id='par_1_58' title="bbox 431 5337 2007 5422">
     <span class='ocr_line' id='line_1_58' title="bbox 431 5337 2007 5422; baseline 0.006 -25"><span class='ocrx_word' id='word_1_436' title='bbox 431 5344 592 5398; x_wconf 85' lang='grc' dir='ltr'>πάλιν</span> <span class='ocrx_word' id='word_1_437' title='bbox 618 5345 711 5413; x_wconf 84' lang='grc' dir='ltr'>ἀφ’</span> <span class='ocrx_word' id='word_1_438' title='bbox 737 5337 815 5401; x_wconf 75' lang='grc' dir='ltr'>ὧν.</span> <span class='ocrx_word' id='word_1_439' title='bbox 868 5343 1049 5417; x_wconf 72' lang='grc' dir='ltr'>ἕτεροι</span> <span class='ocrx_word' id='word_1_440' title='bbox 1102 5346 1404 5417; x_wconf 80' lang='grc' dir='ltr'>πάσχουσιν</span> <span class='ocrx_word' id='word_1_441' title='bbox 1457 5348 1556 5404; x_wconf 80' lang='grc' dir='ltr'>ίδοι</span> <span class='ocrx_word' id='word_1_442' title='bbox 1589 5366 1672 5414; x_wconf 86' lang='grc' dir='ltr'>τις</span> <span class='ocrx_word' id='word_1_443' title='bbox 1702 5349 1769 5405; x_wconf 81' lang='grc' dir='ltr'>ἂν</span> <span class='ocrx_word' id='word_1_444' title='bbox 1820 5353 2007 5422; x_wconf 80' lang='grc' dir='ltr'>ἡλίκον</span> 
     </span>
    </p>
   </div>
   <div class='ocr_carea' id='block_1_59' title="bbox 430 5428 2008 5505">
    <p class='ocr_par' dir='ltr' id='par_1_59' title="bbox 430 5428 2008 5505">
     <span class='ocr_line' id='line_1_59' title="bbox 430 5428 2008 5505; baseline 0.006 -24"><span class='ocrx_word' id='word_1_445' title='bbox 430 5428 564 5491; x_wconf 80' lang='grc' dir='ltr'>ἐστί.</span> <span class='ocrx_word' id='word_1_446' title='bbox 607 5428 803 5482; x_wconf 77' lang='grc' dir='ltr'>Πολλοὶ</span> <span class='ocrx_word' id='word_1_447' title='bbox 848 5428 978 5497; x_wconf 88' lang='grc' dir='ltr'>γοῦν</span> <span class='ocrx_word' id='word_1_448' title='bbox 1021 5431 1148 5494; x_wconf 81' lang='grc' dir='ltr'>τοὺς</span> <span class='ocrx_word' id='word_1_449' title='bbox 1187 5430 1393 5485; x_wconf 76' lang='grc' dir='ltr'>ἑαυτῶν</span> <span class='ocrx_word' id='word_1_450' title='bbox 1452 5432 1681 5505; x_wconf 79' lang='grc' dir='ltr'>ἐχθροὺς</span> <span class='ocrx_word' id='word_1_451' title='bbox 1723 5434 1844 5497; x_wconf 81' lang='grc' dir='ltr'>οὐδὲ</span> <span class='ocrx_word' id='word_1_452' title='bbox 1896 5437 2008 5491; x_wconf 85' lang='grc' dir='ltr'>ἀπὸ</span> 
     </span>
    </p>
   </div>
   <div class='ocr_carea' id='block_1_60' title="bbox 431 5512 2005 5591">
    <p class='ocr_par' dir='ltr' id='par_1_60' title="bbox 431 5512 2005 5591">
     <span class='ocr_line' id='line_1_60' title="bbox 431 5512 2005 5591; baseline 0.004 -24"><span class='ocrx_word' id='word_1_453' title='bbox 431 5512 654 5584; x_wconf 78' lang='grc' dir='ltr'>γυμνῶν</span> <span class='ocrx_word' id='word_1_454' title='bbox 684 5514 777 5567; x_wconf 80' lang='grc' dir='ltr'>καὶ</span> <span class='ocrx_word' id='word_1_455' title='bbox 801 5512 975 5582; x_wconf 80' lang='grc' dir='ltr'>ψιλῶν</span> <span class='ocrx_word' id='word_1_456' title='bbox 1006 5514 1115 5568; x_wconf 84' lang='grc' dir='ltr'>τῶν</span> <span class='ocrx_word' id='word_1_457' title='bbox 1152 5515 1431 5587; x_wconf 85' lang='grc' dir='ltr'>ὀνομάτων</span> <span class='ocrx_word' id='word_1_458' title='bbox 1473 5517 1659 5572; x_wconf 84' lang='grc' dir='ltr'>καλεῖν</span> <span class='ocrx_word' id='word_1_459' title='bbox 1701 5520 2005 5591; x_wconf 85' lang='grc' dir='ltr'>ἀνέχονται,</span> 
     </span>
    </p>
   </div>
   <div class='ocr_carea' id='block_1_61' title="bbox 431 5596 2006 5675">
    <p class='ocr_par' dir='ltr' id='par_1_61' title="bbox 431 5596 2006 5675">
     <span class='ocr_line' id='line_1_61' title="bbox 431 5596 2006 5675; baseline 0.006 -26"><span class='ocrx_word' id='word_1_460' title='bbox 431 5596 545 5655; x_wconf 73' lang='grc' dir='ltr'>ἀλλ’</span> <span class='ocrx_word' id='word_1_461' title='bbox 583 5598 676 5664; x_wconf 71' lang='grc' dir='ltr'>ἀφ’</span> <span class='ocrx_word' id='word_1_462' title='bbox 713 5596 917 5669; x_wconf 83' lang='grc' dir='ltr'>ἐτέρων</span> <span class='ocrx_word' id='word_1_463' title='bbox 971 5598 1170 5671; x_wconf 83' lang='grc' dir='ltr'>πολλὴν</span> <span class='ocrx_word' id='word_1_464' title='bbox 1218 5601 1452 5671; x_wconf 85' lang='grc' dir='ltr'>ἐχόντων</span> <span class='ocrx_word' id='word_1_465' title='bbox 1502 5604 1858 5675; x_wconf 85' lang='grc' dir='ltr'>κατηγορίαν,</span> <span class='ocrx_word' id='word_1_466' title='bbox 1913 5605 2006 5659; x_wconf 84' lang='grc' dir='ltr'>τὸν</span> 
     </span>
    </p>
   </div>
   <div class='ocr_carea' id='block_1_62' title="bbox 433 5679 2005 5756">
    <p class='ocr_par' dir='ltr' id='par_1_62' title="bbox 433 5679 2005 5756">
     <span class='ocr_line' id='line_1_62' title="bbox 433 5679 2005 5756; baseline 0.007 -25"><span class='ocrx_word' id='word_1_467' title='bbox 433 5680 652 5750; x_wconf 78' lang='grc' dir='ltr'>μιαρὸν,</span> <span class='ocrx_word' id='word_1_468' title='bbox 705 5679 794 5733; x_wconf 80' lang='grc' dir='ltr'>τὸν</span> <span class='ocrx_word' id='word_1_469' title='bbox 845 5681 1195 5750; x_wconf 83' lang='grc' dir='ltr'>μαινόμενον,</span> <span class='ocrx_word' id='word_1_470' title='bbox 1244 5685 1336 5738; x_wconf 80' lang='grc' dir='ltr'>τὸν</span> <span class='ocrx_word' id='word_1_471' title='bbox 1381 5684 1733 5756; x_wconf 81' lang='grc' dir='ltr'>ἐξεστηκότα,</span> <span class='ocrx_word' id='word_1_472' title='bbox 1780 5687 1871 5741; x_wconf 81' lang='grc' dir='ltr'>τὸν</span> <span class='ocrx_word' id='word_1_473' title='bbox 1896 5707 2005 5742; x_wconf 78' lang='grc' dir='ltr'>πα-</span> 
     </span>
    </p>
   </div>
   <div class='ocr_carea' id='block_1_63' title="bbox 429 5759 2006 5838">
    <p class='ocr_par' dir='ltr' id='par_1_63' title="bbox 429 5759 2006 5838">
     <span class='ocr_line' id='line_1_63' title="bbox 429 5759 2006 5838; baseline 0.01 -27"><span class='ocrx_word' id='word_1_474' title='bbox 429 5760 753 5831; x_wconf 87' lang='grc' dir='ltr'>ραπαίοντα,</span> <span class='ocrx_word' id='word_1_475' title='bbox 786 5764 884 5819; x_wconf 84' lang='grc' dir='ltr'>τὸν</span> <span class='ocrx_word' id='word_1_476' title='bbox 931 5759 1199 5829; x_wconf 87' lang='grc' dir='ltr'>λυμεῶνα,</span> <span class='ocrx_word' id='word_1_477' title='bbox 1234 5766 1329 5819; x_wconf 78' lang='grc' dir='ltr'>καὶ</span> <span class='ocrx_word' id='word_1_478' title='bbox 1366 5768 1528 5838; x_wconf 71' lang='grc' dir='ltr'>ἕτερα</span> <span class='ocrx_word' id='word_1_479' title='bbox 1563 5769 1735 5823; x_wconf 86' lang='grc' dir='ltr'>πολλά</span> <span class='ocrx_word' id='word_1_480' title='bbox 1779 5772 2006 5827; x_wconf 85' lang='grc' dir='ltr'>τοιαῦτα</span> 
     </span>
    </p>
   </div>
   <div class='ocr_carea' id='block_1_64' title="bbox 422 5839 2004 5925">
    <p class='ocr_par' dir='ltr' id='par_1_64' title="bbox 422 5839 2004 5925">
     <span class='ocr_line' id='line_1_64' title="bbox 422 5839 2004 5925; baseline 0.023 -46"><span class='ocrx_word' id='word_1_481' title='bbox 422 5843 783 5911; x_wconf 70' lang='grc' dir='ltr'>συνείροντες,</span> <span class='ocrx_word' id='word_1_482' title='bbox 815 5839 973 5896; x_wconf 76' lang='grc' dir='ltr'>οὓτω</span> <span class='ocrx_word' id='word_1_483' title='bbox 990 5849 1451 5920; x_wconf 84' lang='grc' dir='ltr'>προσαγορεύουσι</span> <span class='ocrx_word' id='word_1_484' title='bbox 1467 5853 1591 5914; x_wconf 72' lang='grc' dir='ltr'>τοὺς</span> <span class='ocrx_word' id='word_1_485' title='bbox 1619 5851 1867 5925; x_wconf 81' lang='grc' dir='ltr'>ἐχθρούς.</span> <span class='ocrx_word' id='word_1_486' title='bbox 1892 5855 2004 5910; x_wconf 76' lang='grc' dir='ltr'>Καὶ</span> 
     </span>
    </p>
   </div>
   <div class='ocr_carea' id='block_1_65' title="bbox 1168 407 3027 486">
    <p class='ocr_par' dir='ltr' id='par_1_65' title="bbox 1168 407 3027 486">
     <span class='ocr_line' id='line_1_65' title="bbox 1168 407 3027 486; baseline 0.013 -24"><span class='ocrx_word' id='word_1_487' title='bbox 1168 408 1224 463; x_wconf 89' lang='lat' dir='ltr'>S.</span> <span class='ocrx_word' id='word_1_488' title='bbox 1265 407 1550 464; x_wconf 80' lang='lat' dir='ltr'>JOANNIS</span> <span class='ocrx_word' id='word_1_489' title='bbox 1585 408 2073 468; x_wconf 76' lang='lat' dir='ltr'>CHRYSOSTOMI</span> <span class='ocrx_word' id='word_1_490' title='bbox 2107 416 2429 476; x_wconf 81' lang='lat' dir='ltr'>ARCIHEP.</span> <span class='ocrx_word' id='word_1_491' title='bbox 2474 423 3027 486; x_wconf 74' lang='lat' dir='ltr'>CONSTANTINOP.</span> 
     </span>
    </p>
   </div>
   <div class='ocr_carea' id='block_1_66' title="bbox 3610 445 3727 502">
    <p class='ocr_par' dir='ltr' id='par_1_66' title="bbox 3610 445 3727 502">
     <span class='ocr_line' id='line_1_66' title="bbox 3610 445 3727 502; baseline 0.034 -4"><span class='ocrx_word' id='word_1_492' title='bbox 3610 445 3727 502; x_wconf 63' lang='lat'>686‘</span> 
     </span>
    </p>
   </div>
   <div class='ocr_carea' id='block_1_67' title="bbox 2133 536 3716 630">
    <p class='ocr_par' dir='ltr' id='par_1_67' title="bbox 2133 536 3716 630">
     <span class='ocr_line' id='line_1_67' title="bbox 2133 536 3716 630; baseline 0.018 -40"><span class='ocrx_word' id='word_1_493' title='bbox 2133 536 2215 591; x_wconf 84' lang='grc' dir='ltr'>ὅτι</span> <span class='ocrx_word' id='word_1_494' title='bbox 2241 540 2398 593; x_wconf 87' lang='grc' dir='ltr'>τοῦτό</span> <span class='ocrx_word' id='word_1_495' title='bbox 2432 544 2581 630; x_wconf 79' lang='grc' dir='ltr'>ἐστιν</span> <span class='ocrx_word' id='word_1_496' title='bbox 2609 545 2825 614; x_wconf 72' lang='grc' dir='ltr'>ἀληθὲς,</span> <span class='ocrx_word' id='word_1_497' title='bbox 2857 550 2918 602; x_wconf 75' lang='grc' dir='ltr'><strong>οὐ</strong></span> <span class='ocrx_word' id='word_1_498' title='bbox 2964 551 3245 625; x_wconf 73' lang='grc' dir='ltr'>πόρρωθεν</span> <span class='ocrx_word' id='word_1_499' title='bbox 3268 599 3285 624; x_wconf 92' lang='grc'>,</span> <span class='ocrx_word' id='word_1_500' title='bbox 3325 558 3443 613; x_wconf 81' lang='grc' dir='ltr'>ἀλλ’</span> <span class='ocrx_word' id='word_1_501' title='bbox 3482 559 3716 630; x_wconf 72' lang='grc' dir='ltr'>ἐγγύθεν</span> 
     </span>
    </p>
   </div>
   <div class='ocr_carea' id='block_1_68' title="bbox 2132 627 3717 710">
    <p class='ocr_par' dir='ltr' id='par_1_68' title="bbox 2132 627 3717 710">
     <span class='ocr_line' id='line_1_68' title="bbox 2132 627 3717 710; baseline 0.02 -32"><span class='ocrx_word' id='word_1_502' title='bbox 2132 627 2264 680; x_wconf 83' lang='grc' dir='ltr'>οίσω</span> <span class='ocrx_word' id='word_1_503' title='bbox 2287 644 2368 681; x_wconf 91' lang='grc' dir='ltr'>σοι</span> <span class='ocrx_word' id='word_1_504' title='bbox 2396 629 2458 683; x_wconf 79' lang='grc' dir='ltr'>τὸ</span> <span class='ocrx_word' id='word_1_505' title='bbox 2490 634 2840 706; x_wconf 83' lang='grc' dir='ltr'>παράδειγμα</span> <span class='ocrx_word' id='word_1_506' title='bbox 2869 639 2965 691; x_wconf 83' lang='grc' dir='ltr'>ἀπ’</span> <span class='ocrx_word' id='word_1_507' title='bbox 2992 640 3158 695; x_wconf 87' lang='grc' dir='ltr'>αὐτοῦ</span> <span class='ocrx_word' id='word_1_508' title='bbox 3181 646 3371 701; x_wconf 81' lang='grc' dir='ltr'>τούτου</span> <span class='ocrx_word' id='word_1_509' title='bbox 3396 650 3495 705; x_wconf 85' lang='grc' dir='ltr'>τοῦ</span> <span class='ocrx_word' id='word_1_510' title='bbox 3517 627 3717 710; x_wconf 61' lang='grc' dir='ltr'>έαούλ.</span> 
     </span>
    </p>
   </div>
   <div class='ocr_carea' id='block_1_69' title="bbox 2133 718 3718 818">
    <p class='ocr_par' dir='ltr' id='par_1_69' title="bbox 2133 718 3718 818">
     <span class='ocr_line' id='line_1_69' title="bbox 2133 718 3718 818; baseline 0.018 -48"><span class='ocrx_word' id='word_1_511' title='bbox 2133 718 2236 773; x_wconf 83' lang='grc' dir='ltr'>Τὸν</span> <span class='ocrx_word' id='word_1_512' title='bbox 2262 721 2393 789; x_wconf 86' lang='grc' dir='ltr'>γοῦν</span> <span class='ocrx_word' id='word_1_513' title='bbox 2420 722 2573 791; x_wconf 76' lang='grc' dir='ltr'>ἅγιον</span> <span class='ocrx_word' id='word_1_514' title='bbox 2596 726 2782 782; x_wconf 87' lang='grc' dir='ltr'>τοῦτον</span> <span class='ocrx_word' id='word_1_515' title='bbox 2806 728 2896 783; x_wconf 81' lang='grc' dir='ltr'>διὰ</span> <span class='ocrx_word' id='word_1_516' title='bbox 2925 731 3028 804; x_wconf 84' lang='grc' dir='ltr'>τὴν</span> <span class='ocrx_word' id='word_1_517' title='bbox 3061 734 3262 810; x_wconf 81' lang='grc' dir='ltr'>πολλὴν</span> <span class='ocrx_word' id='word_1_518' title='bbox 3294 741 3597 817; x_wconf 87' lang='grc' dir='ltr'>ἀπέχθειαν</span> <span class='ocrx_word' id='word_1_519' title='bbox 3614 746 3718 818; x_wconf 75' lang='grc' dir='ltr'>οὐχ</span> 
     </span>
    </p>
   </div>
   <div class='ocr_carea' id='block_1_70' title="bbox 2133 811 3721 902">
    <p class='ocr_par' dir='ltr' id='par_1_70' title="bbox 2133 811 3721 902">
     <span class='ocr_line' id='line_1_70' title="bbox 2133 811 3721 902; baseline 0.017 -39"><span class='ocrx_word' id='word_1_520' title='bbox 2133 811 2392 883; x_wconf 86' lang='grc' dir='ltr'>ὑπέμεινε</span> <span class='ocrx_word' id='word_1_521' title='bbox 2420 816 2509 870; x_wconf 88' lang='grc' dir='ltr'>διά</span> <span class='ocrx_word' id='word_1_522' title='bbox 2545 818 2639 872; x_wconf 90' lang='grc' dir='ltr'>τοῦ</span> <span class='ocrx_word' id='word_1_523' title='bbox 2674 822 2876 876; x_wconf 86' lang='grc' dir='ltr'>οἱκείου</span> <span class='ocrx_word' id='word_1_524' title='bbox 2903 825 3086 880; x_wconf 88' lang='grc' dir='ltr'>καλεῖν</span> <span class='ocrx_word' id='word_1_525' title='bbox 3109 828 3394 902; x_wconf 78' lang='grc' dir='ltr'>ὀνόματος,</span> <span class='ocrx_word' id='word_1_526' title='bbox 3409 811 3557 888; x_wconf 79' lang='grc' dir='ltr'>άλλά</span> 
     </span>
    </p>
   </div>
   <div class='ocr_carea' id='block_1_71' title="bbox 2132 904 3721 993">
    <p class='ocr_par' dir='ltr' id='par_1_71' title="bbox 2132 904 3721 993">
     <span class='ocr_line' id='line_1_71' title="bbox 2132 904 3721 993; baseline 0.018 -37"><span class='ocrx_word' id='word_1_527' title='bbox 2132 904 2381 975; x_wconf 85' lang='grc' dir='ltr'>ηγύρεώς</span> <span class='ocrx_word' id='word_1_528' title='bbox 2397 923 2526 963; x_wconf 87' lang='grc' dir='ltr'>ποτε</span> <span class='ocrx_word' id='word_1_529' title='bbox 2542 911 2891 986; x_wconf 86' lang='grc' dir='ltr'>τελουμένης,</span> <span class='ocrx_word' id='word_1_530' title='bbox 2908 917 3184 990; x_wconf 79' lang='grc' dir='ltr'>ἐπιζητῶν</span> <span class='ocrx_word' id='word_1_531' title='bbox 3201 921 3373 993; x_wconf 72' lang='grc' dir='ltr'>ἔλεγεο</span> <span class='ocrx_word' id='word_1_532' title='bbox 3393 927 3519 980; x_wconf 88' lang='grc' dir='ltr'>Ποῦ</span> <span class='ocrx_word' id='word_1_533' title='bbox 3539 928 3721 983; x_wconf 78' lang='grc' dir='ltr'>ἐστιν</span> 
     </span>
    </p>
   </div>
   <div class='ocr_carea' id='block_1_72' title="bbox 2130 994 3716 1087">
    <p class='ocr_par' dir='ltr' id='par_1_72' title="bbox 2130 994 3716 1087">
     <span class='ocr_line' id='line_1_72' title="bbox 2130 994 3716 1087; baseline 0.016 -41"><span class='ocrx_word' id='word_1_534' title='bbox 2130 994 2318 1087; x_wconf 61' lang='grc' dir='ltr'>ὀυίὸς</span> <span class='ocrx_word' id='word_1_535' title='bbox 2352 996 2580 1053; x_wconf 86' lang='grc' dir='ltr'>Ἰεσσαί</span> <span class='ocrx_word' id='word_1_536' title='bbox 2589 1019 2613 1066; x_wconf 62' lang='grc' dir='ltr'>,ι</span> <span class='ocrx_word' id='word_1_537' title='bbox 2651 1001 2809 1055; x_wconf 83' lang='grc' dir='ltr'>Οῦτω</span> <span class='ocrx_word' id='word_1_538' title='bbox 2835 1003 2892 1056; x_wconf 79' lang='grc' dir='ltr'>δὲ</span> <span class='ocrx_word' id='word_1_539' title='bbox 2925 1006 3086 1059; x_wconf 74' lang='grc' dir='ltr'>αὐτὸν</span> <span class='ocrx_word' id='word_1_540' title='bbox 3113 1009 3402 1078; x_wconf 83' lang='grc' dir='ltr'>ἐκάλεσεν,</span> <span class='ocrx_word' id='word_1_541' title='bbox 3441 1015 3583 1085; x_wconf 82' lang='grc' dir='ltr'>ὁμοῦ</span> <span class='ocrx_word' id='word_1_542' title='bbox 3609 1018 3716 1087; x_wconf 82' lang='grc' dir='ltr'>μὲν</span> 
     </span>
    </p>
   </div>
   <div class='ocr_carea' id='block_1_73' title="bbox 2129 1080 3717 1173">
    <p class='ocr_par' dir='ltr' id='par_1_73' title="bbox 2129 1080 3717 1173">
     <span class='ocr_line' id='line_1_73' title="bbox 2129 1080 3717 1173; baseline 0.016 -40"><span class='ocrx_word' id='word_1_543' title='bbox 2129 1080 2292 1173; x_wconf 76' lang='grc' dir='ltr'>αύτοῦ</span> <span class='ocrx_word' id='word_1_544' title='bbox 2321 1083 2383 1137; x_wconf 84' lang='grc' dir='ltr'>τὸ</span> <span class='ocrx_word' id='word_1_545' title='bbox 2409 1083 2579 1156; x_wconf 73' lang='grc' dir='ltr'>ὄνομα</span> <span class='ocrx_word' id='word_1_546' title='bbox 2608 1089 2802 1158; x_wconf 87' lang='grc' dir='ltr'>μισῶν,</span> <span class='ocrx_word' id='word_1_547' title='bbox 2833 1092 2969 1163; x_wconf 84' lang='grc' dir='ltr'>ὁμοῦ</span> <span class='ocrx_word' id='word_1_548' title='bbox 3014 1094 3069 1147; x_wconf 85' lang='grc' dir='ltr'>δὲ</span> <span class='ocrx_word' id='word_1_549' title='bbox 3100 1099 3166 1168; x_wconf 79' lang='grc' dir='ltr'>τῇ</span> <span class='ocrx_word' id='word_1_550' title='bbox 3192 1096 3288 1152; x_wconf 86' lang='grc' dir='ltr'>τοῦ</span> <span class='ocrx_word' id='word_1_551' title='bbox 3315 1080 3717 1173; x_wconf 71' lang='grc' dir='ltr'>γεγεννηκότος</span> 
     </span>
    </p>
   </div>
   <div class='ocr_carea' id='block_1_74' title="bbox 2128 1171 3718 1256">
    <p class='ocr_par' dir='ltr' id='par_1_74' title="bbox 2128 1171 3718 1256">
     <span class='ocr_line' id='line_1_74' title="bbox 2128 1171 3718 1256; baseline 0.017 -34"><span class='ocrx_word' id='word_1_552' title='bbox 2128 1171 2371 1256; x_wconf 75' lang='grc' dir='ltr'>εὐτελείᾳ</span> <span class='ocrx_word' id='word_1_553' title='bbox 2401 1176 2715 1245; x_wconf 88' lang='grc' dir='ltr'>προσδοκῶν</span> <span class='ocrx_word' id='word_1_554' title='bbox 2743 1179 3099 1251; x_wconf 88' lang='grc' dir='ltr'>λυμανεῖσθαι</span> <span class='ocrx_word' id='word_1_555' title='bbox 3123 1186 3224 1256; x_wconf 78' lang='grc' dir='ltr'>τὴν</span> <span class='ocrx_word' id='word_1_556' title='bbox 3260 1187 3357 1243; x_wconf 87' lang='grc' dir='ltr'>τοῦ</span> <span class='ocrx_word' id='word_1_557' title='bbox 3383 1171 3599 1245; x_wconf 81' lang='grc' dir='ltr'>δικαίου</span> <span class='ocrx_word' id='word_1_558' title='bbox 3628 1194 3718 1248; x_wconf 76' lang='grc' dir='ltr'>δό-</span> 
     </span>
    </p>
   </div>
   <div class='ocr_carea' id='block_1_75' title="bbox 2129 1254 3716 1346">
    <p class='ocr_par' dir='ltr' id='par_1_75' title="bbox 2129 1254 3716 1346">
     <span class='ocr_line' id='line_1_75' title="bbox 2129 1254 3716 1346; baseline 0.014 -37"><span class='ocrx_word' id='word_1_559' title='bbox 2129 1254 2227 1319; x_wconf 81' lang='grc' dir='ltr'>ξαν</span> <span class='ocrx_word' id='word_1_560' title='bbox 2241 1272 2254 1287; x_wconf 90' lang='grc'><strong>·</strong></span> <span class='ocrx_word' id='word_1_561' title='bbox 2278 1257 2378 1311; x_wconf 75' lang='grc' dir='ltr'>οὐκ</span> <span class='ocrx_word' id='word_1_562' title='bbox 2408 1258 2563 1324; x_wconf 87' lang='grc' dir='ltr'>εἰδὼς</span> <span class='ocrx_word' id='word_1_563' title='bbox 2595 1262 2677 1315; x_wconf 82' lang='grc' dir='ltr'>ὅτι</span> <span class='ocrx_word' id='word_1_564' title='bbox 2710 1262 2962 1338; x_wconf 84' lang='grc' dir='ltr'>λαμπρὸν</span> <span class='ocrx_word' id='word_1_565' title='bbox 2980 1268 3073 1320; x_wconf 71' lang='grc' dir='ltr'>καί⁵</span> <span class='ocrx_word' id='word_1_566' title='bbox 3093 1254 3363 1341; x_wconf 82' lang='grc' dir='ltr'>ἐπίσημον</span> <span class='ocrx_word' id='word_1_567' title='bbox 3383 1275 3446 1327; x_wconf 82' lang='grc' dir='ltr'>ού</span> <span class='ocrx_word' id='word_1_568' title='bbox 3468 1277 3716 1346; x_wconf 73' lang='grc' dir='ltr'>περιφά-</span> 
     </span>
    </p>
   </div>
   <div class='ocr_carea' id='block_1_76' title="bbox 2127 1347 3714 1428">
    <p class='ocr_par' dir='ltr' id='par_1_76' title="bbox 2127 1347 3714 1428">
     <span class='ocr_line' id='line_1_76' title="bbox 2127 1347 3714 1428; baseline 0.016 -32"><span class='ocrx_word' id='word_1_569' title='bbox 2127 1362 2183 1398; x_wconf 89' lang='grc' dir='ltr'>νε</span> <span class='ocrx_word' id='word_1_570' title='bbox 2193 1362 2245 1397; x_wconf 91' lang='grc' dir='ltr'>ια</span> <span class='ocrx_word' id='word_1_571' title='bbox 2262 1347 2563 1417; x_wconf 89' lang='grc' dir='ltr'>προγόνων,</span> <span class='ocrx_word' id='word_1_572' title='bbox 2590 1351 2727 1405; x_wconf 87' lang='grc' dir='ltr'>ἀλλά</span> <span class='ocrx_word' id='word_1_573' title='bbox 2738 1351 2919 1425; x_wconf 85' lang='grc' dir='ltr'>ψυχῆς</span> <span class='ocrx_word' id='word_1_574' title='bbox 2934 1356 3104 1428; x_wconf 81' lang='grc' dir='ltr'>ἀρετὴ</span> <span class='ocrx_word' id='word_1_575' title='bbox 3124 1362 3299 1414; x_wconf 87' lang='grc' dir='ltr'>ποιεῖν</span> <span class='ocrx_word' id='word_1_576' title='bbox 3318 1361 3531 1419; x_wconf 76' lang='grc' dir='ltr'>εῐωθεν.</span> <span class='ocrx_word' id='word_1_577' title='bbox 3563 1366 3714 1420; x_wconf 78' lang='grc' dir='ltr'>Ἀλλ’</span> 
     </span>
    </p>
   </div>
   <div class='ocr_carea' id='block_1_77' title="bbox 2125 1435 3715 1523">
    <p class='ocr_par' dir='ltr' id='par_1_77' title="bbox 2125 1435 3715 1523">
     <span class='ocr_line' id='line_1_77' title="bbox 2125 1435 3715 1523; baseline 0.014 -36"><span class='ocrx_word' id='word_1_578' title='bbox 2125 1435 2269 1505; x_wconf 83' lang='grc' dir='ltr'>ούχό</span> <span class='ocrx_word' id='word_1_579' title='bbox 2296 1438 2565 1511; x_wconf 85' lang='grc' dir='ltr'>μακάριος</span> <span class='ocrx_word' id='word_1_580' title='bbox 2594 1442 2755 1496; x_wconf 79' lang='grc' dir='ltr'>Δαυίδ</span> <span class='ocrx_word' id='word_1_581' title='bbox 2792 1444 2983 1509; x_wconf 74' lang='grc' dir='ltr'>οὕτως.</span> <span class='ocrx_word' id='word_1_582' title='bbox 3017 1447 3153 1501; x_wconf 73' lang='grc' dir='ltr'>Οὔτε</span> <span class='ocrx_word' id='word_1_583' title='bbox 3189 1448 3297 1523; x_wconf 85' lang='grc' dir='ltr'>γάρ</span> <span class='ocrx_word' id='word_1_584' title='bbox 3324 1452 3430 1505; x_wconf 77' lang='grc' dir='ltr'>ἀπὸ</span> <span class='ocrx_word' id='word_1_585' title='bbox 3470 1453 3566 1506; x_wconf 90' lang='grc' dir='ltr'>τοῦ</span> <span class='ocrx_word' id='word_1_586' title='bbox 3597 1473 3715 1510; x_wconf 82' lang='grc' dir='ltr'>πα-</span> 
     </span>
    </p>
   </div>
   <div class='ocr_carea' id='block_1_78' title="bbox 2126 1523 3713 1611">
    <p class='ocr_par' dir='ltr' id='par_1_78' title="bbox 2126 1523 3713 1611">
     <span class='ocr_line' id='line_1_78' title="bbox 2126 1523 3713 1611; baseline 0.013 -36"><span class='ocrx_word' id='word_1_587' title='bbox 2126 1523 2254 1611; x_wconf 66' lang='grc' dir='ltr'>τρὸς</span> <span class='ocrx_word' id='word_1_588' title='bbox 2284 1525 2447 1578; x_wconf 77' lang='grc' dir='ltr'>αὐτὸν</span> <span class='ocrx_word' id='word_1_589' title='bbox 2476 1528 2700 1583; x_wconf 87' lang='grc' dir='ltr'>ἐκάλεσε</span> <span class='ocrx_word' id='word_1_590' title='bbox 2718 1548 2730 1563; x_wconf 76' lang='grc'><strong><em>⁸</em></strong></span> <span class='ocrx_word' id='word_1_591' title='bbox 2760 1531 2933 1586; x_wconf 82' lang='grc' dir='ltr'>καίτοι</span> <span class='ocrx_word' id='word_1_592' title='bbox 2967 1534 3218 1600; x_wconf 86' lang='grc' dir='ltr'>κάκεῖνος</span> <span class='ocrx_word' id='word_1_593' title='bbox 3252 1539 3457 1610; x_wconf 84' lang='grc' dir='ltr'>σφόδρα</span> <span class='ocrx_word' id='word_1_594' title='bbox 3479 1541 3713 1611; x_wconf 71' lang='grc' dir='ltr'>εὐτελὴς</span> 
     </span>
    </p>
   </div>
   <div class='ocr_carea' id='block_1_79' title="bbox 2124 1606 3711 1699">
    <p class='ocr_par' dir='ltr' id='par_1_79' title="bbox 2124 1606 3711 1699">
     <span class='ocr_line' id='line_1_79' title="bbox 2124 1606 3711 1699; baseline 0.013 -35"><span class='ocrx_word' id='word_1_595' title='bbox 2124 1606 2193 1682; x_wconf 78' lang='grc' dir='ltr'>ἦν</span> <span class='ocrx_word' id='word_1_596' title='bbox 2214 1612 2309 1666; x_wconf 70' lang='grc' dir='ltr'>καὶ</span> <span class='ocrx_word' id='word_1_597' title='bbox 2336 1615 2748 1687; x_wconf 79' lang='grc' dir='ltr'>ἀπερριμμένος</span> <span class='ocrx_word' id='word_1_598' title='bbox 2763 1634 2777 1649; x_wconf 84' lang='lat'><strong><em>°</em></strong></span> <span class='ocrx_word' id='word_1_599' title='bbox 2800 1618 2921 1673; x_wconf 75' lang='grc' dir='ltr'>οὔτε</span> <span class='ocrx_word' id='word_1_600' title='bbox 2943 1621 3052 1675; x_wconf 83' lang='grc' dir='ltr'>ἀπὸ</span> <span class='ocrx_word' id='word_1_601' title='bbox 3078 1623 3233 1693; x_wconf 87' lang='grc' dir='ltr'>ψιλοῦ</span> <span class='ocrx_word' id='word_1_602' title='bbox 3259 1606 3353 1680; x_wconf 76' lang='grc' dir='ltr'>καὶ</span> <span class='ocrx_word' id='word_1_603' title='bbox 3373 1606 3584 1699; x_wconf 82' lang='grc' dir='ltr'>μνοῦ</span> <span class='ocrx_word' id='word_1_604' title='bbox 3608 1606 3711 1684; x_wconf 68' lang='grc' dir='ltr'>τοῦ</span> 
     </span>
    </p>
   </div>
   <div class='ocr_carea' id='block_1_80' title="bbox 2123 1699 3710 1787">
    <p class='ocr_par' dir='ltr' id='par_1_80' title="bbox 2123 1699 3710 1787">
     <span class='ocr_line' id='line_1_80' title="bbox 2123 1699 3710 1787; baseline 0.014 -37"><span class='ocrx_word' id='word_1_605' title='bbox 2123 1699 2404 1770; x_wconf 84' lang='grc' dir='ltr'>ὀνόματος,</span> <span class='ocrx_word' id='word_1_606' title='bbox 2434 1703 2550 1756; x_wconf 84' lang='grc' dir='ltr'>ἀλλ’</span> <span class='ocrx_word' id='word_1_607' title='bbox 2578 1705 2686 1758; x_wconf 82' lang='grc' dir='ltr'>ἀπὸ</span> <span class='ocrx_word' id='word_1_608' title='bbox 2719 1705 2812 1760; x_wconf 85' lang='grc' dir='ltr'>τοῦ</span> <span class='ocrx_word' id='word_1_609' title='bbox 2835 1708 2934 1779; x_wconf 87' lang='grc' dir='ltr'>τῆς</span> <span class='ocrx_word' id='word_1_610' title='bbox 2963 1710 3128 1781; x_wconf 88' lang='grc' dir='ltr'>τιμῆς</span> <span class='ocrx_word' id='word_1_611' title='bbox 3148 1751 3164 1776; x_wconf 92' lang='grc'>,</span> <span class='ocrx_word' id='word_1_612' title='bbox 3205 1712 3315 1766; x_wconf 82' lang='grc' dir='ltr'>ἀπὸ</span> <span class='ocrx_word' id='word_1_613' title='bbox 3347 1714 3444 1768; x_wconf 85' lang='grc' dir='ltr'>τοῦ</span> <span class='ocrx_word' id='word_1_614' title='bbox 3476 1717 3580 1787; x_wconf 89' lang='grc' dir='ltr'>τῆς</span> <span class='ocrx_word' id='word_1_615' title='bbox 3606 1718 3710 1771; x_wconf 78' lang='grc' dir='ltr'>δε-</span> 
     </span>
    </p>
   </div>
   <div class='ocr_carea' id='block_1_81' title="bbox 2127 1788 3710 1876">
    <p class='ocr_par' dir='ltr' id='par_1_81' title="bbox 2127 1788 3710 1876">
     <span class='ocr_line' id='line_1_81' title="bbox 2127 1788 3710 1876; baseline 0.016 -39"><span class='ocrx_word' id='word_1_616' title='bbox 2127 1788 2396 1876; x_wconf 82' lang='grc' dir='ltr'>σποτείας.</span> <span class='ocrx_word' id='word_1_617' title='bbox 2428 1789 2585 1844; x_wconf 74' lang='grc' dir='ltr'>Οὕτω</span> <span class='ocrx_word' id='word_1_618' title='bbox 2603 1792 2817 1865; x_wconf 81' lang='grc' dir='ltr'>καθαρά</span> <span class='ocrx_word' id='word_1_619' title='bbox 2852 1795 3033 1868; x_wconf 86' lang='grc' dir='ltr'>πάσης</span> <span class='ocrx_word' id='word_1_620' title='bbox 3067 1797 3363 1869; x_wconf 81' lang='grc' dir='ltr'>ἀπεχθείας</span> <span class='ocrx_word' id='word_1_621' title='bbox 3392 1798 3463 1873; x_wconf 82' lang='grc' dir='ltr'>ἦν</span> <span class='ocrx_word' id='word_1_622' title='bbox 3489 1804 3640 1875; x_wconf 83' lang='grc' dir='ltr'>αὐτῷ</span> <span class='ocrx_word' id='word_1_623' title='bbox 3671 1807 3710 1876; x_wconf 77' lang='grc' dir='ltr'><strong>ὴ</strong></span> 
     </span>
    </p>
   </div>
   <div class='ocr_carea' id='block_1_82' title="bbox 2125 1872 3711 1960">
    <p class='ocr_par' dir='ltr' id='par_1_82' title="bbox 2125 1872 3711 1960">
     <span class='ocr_line' id='line_1_82' title="bbox 2125 1872 3711 1960; baseline 0.013 -33"><span class='ocrx_word' id='word_1_624' title='bbox 2125 1872 2289 1960; x_wconf 81' lang='grc' dir='ltr'>ψυχή.</span> <span class='ocrx_word' id='word_1_625' title='bbox 2322 1877 2433 1931; x_wconf 75' lang='grc' dir='ltr'>Καὶ</span> <span class='ocrx_word' id='word_1_626' title='bbox 2464 1879 2528 1933; x_wconf 81' lang='grc' dir='ltr'>σὺ</span> <span class='ocrx_word' id='word_1_627' title='bbox 2556 1880 2755 1946; x_wconf 85' lang='grc' dir='ltr'>τοίνυν,</span> <span class='ocrx_word' id='word_1_628' title='bbox 2792 1883 3061 1954; x_wconf 79' lang='grc' dir='ltr'>ἀγαπητὲ,</span> <span class='ocrx_word' id='word_1_629' title='bbox 3097 1886 3287 1945; x_wconf 82' lang='grc' dir='ltr'>τοῦτον</span> <span class='ocrx_word' id='word_1_630' title='bbox 3315 1872 3582 1960; x_wconf 69' lang='grc' dir='ltr'>ζηλώσον,</span> <span class='ocrx_word' id='word_1_631' title='bbox 3605 1872 3711 1946; x_wconf 59' lang='grc' dir='ltr'>καί</span> 
     </span>
    </p>
   </div>
   <div class='ocr_carea' id='block_1_83' title="bbox 2123 1959 3713 2049">
    <p class='ocr_par' dir='ltr' id='par_1_83' title="bbox 2123 1959 3713 2049">
     <span class='ocr_line' id='line_1_83' title="bbox 2123 1959 3713 2049; baseline 0.014 -37"><span class='ocrx_word' id='word_1_632' title='bbox 2123 1959 2283 2049; x_wconf 86' lang='grc' dir='ltr'>τοῦτο</span> <span class='ocrx_word' id='word_1_633' title='bbox 2312 1964 2628 2036; x_wconf 86' lang='grc' dir='ltr'>παιδεύθητι</span> <span class='ocrx_word' id='word_1_634' title='bbox 2650 1969 2934 2040; x_wconf 83' lang='grc' dir='ltr'>πρότερον,</span> <span class='ocrx_word' id='word_1_635' title='bbox 2968 1972 3236 2042; x_wconf 81' lang='grc' dir='ltr'>μηδέποτε</span> <span class='ocrx_word' id='word_1_636' title='bbox 3264 1976 3355 2030; x_wconf 75' lang='grc' dir='ltr'>τὸν</span> <span class='ocrx_word' id='word_1_637' title='bbox 3374 1959 3569 2049; x_wconf 73' lang='grc' dir='ltr'>ἐχθρὸν</span> <span class='ocrx_word' id='word_1_638' title='bbox 3594 1979 3713 2034; x_wconf 62' lang='grc' dir='ltr'>ἀπὺ</span> 
     </span>
    </p>
   </div>
   <div class='ocr_carea' id='block_1_84' title="bbox 2124 2048 3711 2135">
    <p class='ocr_par' dir='ltr' id='par_1_84' title="bbox 2124 2048 3711 2135">
     <span class='ocr_line' id='line_1_84' title="bbox 2124 2048 3711 2135; baseline 0.013 -35"><span class='ocrx_word' id='word_1_639' title='bbox 2124 2048 2231 2100; x_wconf 85' lang='grc' dir='ltr'>τῶν</span> <span class='ocrx_word' id='word_1_640' title='bbox 2279 2048 2750 2123; x_wconf 81' lang='grc' dir='ltr'>διαόεὸλημένων,</span> <span class='ocrx_word' id='word_1_641' title='bbox 2794 2056 2909 2110; x_wconf 87' lang='grc' dir='ltr'>ἀλλ’</span> <span class='ocrx_word' id='word_1_642' title='bbox 2943 2059 3053 2111; x_wconf 76' lang='grc' dir='ltr'>ἀπὸ</span> <span class='ocrx_word' id='word_1_643' title='bbox 3095 2060 3205 2112; x_wconf 89' lang='grc' dir='ltr'>τῶν</span> <span class='ocrx_word' id='word_1_644' title='bbox 3247 2048 3483 2135; x_wconf 86' lang='grc' dir='ltr'>ἐντίμων</span> <span class='ocrx_word' id='word_1_645' title='bbox 3514 2067 3711 2120; x_wconf 81' lang='grc' dir='ltr'>καλεῖν</span> 
     </span>
    </p>
   </div>
   <div class='ocr_carea' id='block_1_85' title="bbox 2122 2138 3709 2226">
    <p class='ocr_par' dir='ltr' id='par_1_85' title="bbox 2122 2138 3709 2226">
     <span class='ocr_line' id='line_1_85' title="bbox 2122 2138 3709 2226; baseline 0.012 -36"><span class='ocrx_word' id='word_1_646' title='bbox 2122 2138 2420 2226; x_wconf 81' lang='grc' dir='ltr'>όνομάτων.</span> <span class='ocrx_word' id='word_1_647' title='bbox 2472 2144 2569 2196; x_wconf 73' lang='lat' dir='ltr'>&quot;Av</span> <span class='ocrx_word' id='word_1_648' title='bbox 2601 2143 2707 2214; x_wconf 77' lang='grc' dir='ltr'>γάρ</span> <span class='ocrx_word' id='word_1_649' title='bbox 2751 2145 3024 2220; x_wconf 79' lang='grc' dir='ltr'>μελετήσῃ</span> <span class='ocrx_word' id='word_1_650' title='bbox 3047 2148 3107 2202; x_wconf 81' lang='grc' dir='ltr'>τὸ</span> <span class='ocrx_word' id='word_1_651' title='bbox 3151 2151 3327 2223; x_wconf 83' lang='grc' dir='ltr'>στόμα</span> <span class='ocrx_word' id='word_1_652' title='bbox 3371 2152 3579 2226; x_wconf 77' lang='grc' dir='ltr'>ἐντίμῳ</span> <span class='ocrx_word' id='word_1_653' title='bbox 3607 2157 3709 2209; x_wconf 75' lang='grc' dir='ltr'>καὶ</span> 
     </span>
    </p>
   </div>
   <div class='ocr_carea' id='block_1_86' title="bbox 2124 2224 3710 2311">
    <p class='ocr_par' dir='ltr' id='par_1_86' title="bbox 2124 2224 3710 2311">
     <span class='ocr_line' id='line_1_86' title="bbox 2124 2224 3710 2311; baseline 0.011 -34"><span class='ocrx_word' id='word_1_654' title='bbox 2124 2224 2417 2297; x_wconf 88' lang='grc' dir='ltr'>θεραπείαν</span> <span class='ocrx_word' id='word_1_655' title='bbox 2442 2228 2617 2300; x_wconf 81' lang='grc' dir='ltr'>ἔχοντι</span> <span class='ocrx_word' id='word_1_656' title='bbox 2644 2233 2828 2287; x_wconf 89' lang='grc' dir='ltr'>καλεῖν</span> <span class='ocrx_word' id='word_1_657' title='bbox 2849 2234 2940 2287; x_wconf 79' lang='grc' dir='ltr'>τὸν</span> <span class='ocrx_word' id='word_1_658' title='bbox 2970 2234 3313 2308; x_wconf 87' lang='grc' dir='ltr'>λελυπηκότα</span> <span class='ocrx_word' id='word_1_659' title='bbox 3336 2224 3583 2311; x_wconf 79' lang='grc' dir='ltr'>ὀνόματι,</span> <span class='ocrx_word' id='word_1_660' title='bbox 3606 2246 3710 2295; x_wconf 68' lang='grc' dir='ltr'>καὶ</span> 
     </span>
    </p>
   </div>
   <div class='ocr_carea' id='block_1_87' title="bbox 2121 2313 3703 2402">
    <p class='ocr_par' dir='ltr' id='par_1_87' title="bbox 2121 2313 3703 2402">
     <span class='ocr_line' id='line_1_87' title="bbox 2121 2313 3703 2402; baseline 0.009 -36"><span class='ocrx_word' id='word_1_661' title='bbox 2121 2313 2403 2370; x_wconf 88' lang='grc' dir='ltr'>ἀκούσασα</span> <span class='ocrx_word' id='word_1_662' title='bbox 2435 2319 2467 2389; x_wconf 79' lang='grc' dir='ltr'><strong>ἡ</strong></span> <span class='ocrx_word' id='word_1_663' title='bbox 2506 2319 2652 2389; x_wconf 76' lang='grc' dir='ltr'>ψυχὴ</span> <span class='ocrx_word' id='word_1_664' title='bbox 2695 2320 2847 2391; x_wconf 84' lang='grc' dir='ltr'>παρά</span> <span class='ocrx_word' id='word_1_665' title='bbox 2884 2321 2985 2391; x_wconf 88' lang='grc' dir='ltr'>τῆς</span> <span class='ocrx_word' id='word_1_666' title='bbox 3029 2322 3277 2396; x_wconf 87' lang='grc' dir='ltr'>γλώττης</span> <span class='ocrx_word' id='word_1_667' title='bbox 3333 2327 3703 2402; x_wconf 77' lang='grc' dir='ltr'>παιδευομένη</span> 
     </span>
    </p>
   </div>
   <div class='ocr_carea' id='block_1_88' title="bbox 2121 2404 3710 2484">
    <p class='ocr_par' dir='ltr' id='par_1_88' title="bbox 2121 2404 3710 2484">
     <span class='ocr_line' id='line_1_88' title="bbox 2121 2404 3710 2484; baseline 0.011 -29"><span class='ocrx_word' id='word_1_668' title='bbox 2121 2405 2215 2457; x_wconf 76' lang='grc' dir='ltr'>καὶ</span> <span class='ocrx_word' id='word_1_669' title='bbox 2239 2404 2622 2479; x_wconf 75' lang='grc' dir='ltr'>συνεθιζομένη</span> <span class='ocrx_word' id='word_1_670' title='bbox 2651 2408 3005 2475; x_wconf 82' lang='grc' dir='ltr'>καταδέξεται</span> <span class='ocrx_word' id='word_1_671' title='bbox 3040 2412 3140 2482; x_wconf 80' lang='grc' dir='ltr'>τὴν</span> <span class='ocrx_word' id='word_1_672' title='bbox 3184 2414 3323 2484; x_wconf 77' lang='grc' dir='ltr'>πρὸς</span> <span class='ocrx_word' id='word_1_673' title='bbox 3350 2416 3563 2471; x_wconf 83' lang='grc' dir='ltr'>ἐκεῖνον</span> <span class='ocrx_word' id='word_1_674' title='bbox 3601 2437 3710 2473; x_wconf 81' lang='grc' dir='ltr'>κα-</span> 
     </span>
    </p>
   </div>
   <div class='ocr_carea' id='block_1_89' title="bbox 2119 2491 3710 2578">
    <p class='ocr_par' dir='ltr' id='par_1_89' title="bbox 2119 2491 3710 2578">
     <span class='ocr_line' id='line_1_89' title="bbox 2119 2491 3710 2578; baseline 0.011 -34"><span class='ocrx_word' id='word_1_675' title='bbox 2119 2491 2414 2562; x_wconf 83' lang='grc' dir='ltr'>ταλλαγήν.</span> <span class='ocrx_word' id='word_1_676' title='bbox 2452 2494 2603 2549; x_wconf 75' lang='grc' dir='ltr'>Δύτὰ</span> <span class='ocrx_word' id='word_1_677' title='bbox 2639 2494 2749 2567; x_wconf 80' lang='grc' dir='ltr'>γὰρ</span> <span class='ocrx_word' id='word_1_678' title='bbox 2788 2495 2857 2550; x_wconf 80' lang='grc' dir='ltr'>τὰ</span> <span class='ocrx_word' id='word_1_679' title='bbox 2899 2498 3119 2568; x_wconf 78' lang='grc' dir='ltr'>ῥήματα</span> <span class='ocrx_word' id='word_1_680' title='bbox 3163 2501 3263 2572; x_wconf 87' lang='grc' dir='ltr'>τῆς</span> <span class='ocrx_word' id='word_1_681' title='bbox 3308 2503 3367 2556; x_wconf 83' lang='grc' dir='ltr'>ἐν</span> <span class='ocrx_word' id='word_1_682' title='bbox 3403 2507 3469 2576; x_wconf 78' lang='grc' dir='ltr'>τῇ</span> <span class='ocrx_word' id='word_1_683' title='bbox 3500 2507 3710 2578; x_wconf 67' lang='grc' dir='ltr'>καρδίᾳ⁵</span> 
     </span>
    </p>
   </div>
   <div class='ocr_carea' id='block_1_90' title="bbox 2121 2580 3206 2656">
    <p class='ocr_par' dir='ltr' id='par_1_90' title="bbox 2121 2580 3206 2656">
     <span class='ocr_line' id='line_1_90' title="bbox 2121 2580 3206 2656; baseline 0.007 -25"><span class='ocrx_word' id='word_1_684' title='bbox 2121 2580 2433 2650; x_wconf 71' lang='grc' dir='ltr'>φλεγμονῆς</span> <span class='ocrx_word' id='word_1_685' title='bbox 2455 2581 2609 2635; x_wconf 75' lang='grc' dir='ltr'>ἔσται</span> <span class='ocrx_word' id='word_1_686' title='bbox 2644 2583 2937 2654; x_wconf 85' lang='grc' dir='ltr'>φάρμακον</span> <span class='ocrx_word' id='word_1_687' title='bbox 2966 2584 3206 2656; x_wconf 80' lang='grc' dir='ltr'>ἄριστον.</span> 
     </span>
    </p>
   </div>
   <div class='ocr_carea' id='block_1_91' title="bbox 2189 2665 3704 2748">
    <p class='ocr_par' dir='ltr' id='par_1_91' title="bbox 2189 2665 3704 2748">
     <span class='ocr_line' id='line_1_91' title="bbox 2189 2665 3704 2748; baseline 0.008 -29"><span class='ocrx_word' id='word_1_688' title='bbox 2189 2665 2253 2732; x_wconf 78' lang='grc' dir='ltr'>ζ’.</span> <span class='ocrx_word' id='word_1_689' title='bbox 2273 2668 2456 2721; x_wconf 89' lang='grc' dir='ltr'>Ταῦτα</span> <span class='ocrx_word' id='word_1_690' title='bbox 2494 2669 2691 2740; x_wconf 76' lang='grc' dir='ltr'>εἴρηκα</span> <span class='ocrx_word' id='word_1_691' title='bbox 2716 2668 2832 2735; x_wconf 86' lang='grc' dir='ltr'>νῦν,</span> <span class='ocrx_word' id='word_1_692' title='bbox 2867 2671 2963 2741; x_wconf 82' lang='grc' dir='ltr'>οὺχ</span> <span class='ocrx_word' id='word_1_693' title='bbox 2995 2672 3082 2725; x_wconf 80' lang='grc' dir='ltr'>ἵνα</span> <span class='ocrx_word' id='word_1_694' title='bbox 3104 2672 3480 2745; x_wconf 86' lang='grc' dir='ltr'>ἐπαινέσωμεν</span> <span class='ocrx_word' id='word_1_695' title='bbox 3511 2677 3704 2748; x_wconf 82' lang='grc' dir='ltr'>μόνον,</span> 
     </span>
    </p>
   </div>
   <div class='ocr_carea' id='block_1_92' title="bbox 2118 2753 3706 2838">
    <p class='ocr_par' dir='ltr' id='par_1_92' title="bbox 2118 2753 3706 2838">
     <span class='ocr_line' id='line_1_92' title="bbox 2118 2753 3706 2838; baseline 0.008 -31"><span class='ocrx_word' id='word_1_696' title='bbox 2118 2753 2346 2808; x_wconf 82' lang='grc' dir='ltr'>ἀλλ’ἵνα</span> <span class='ocrx_word' id='word_1_697' title='bbox 2384 2756 2477 2809; x_wconf 70' lang='grc' dir='ltr'>καὶ¹</span> <span class='ocrx_word' id='word_1_698' title='bbox 2528 2756 2885 2828; x_wconf 80' lang='grc' dir='ltr'>ζηλώσωμεν.</span> <span class='ocrx_word' id='word_1_699' title='bbox 2934 2760 3151 2832; x_wconf 88' lang='grc' dir='ltr'>Ταύτην</span> <span class='ocrx_word' id='word_1_700' title='bbox 3183 2757 3278 2815; x_wconf 84' lang='grc' dir='ltr'>οῦν</span> <span class='ocrx_word' id='word_1_701' title='bbox 3323 2763 3557 2828; x_wconf 74' lang='grc' dir='ltr'>ἕκαστος</span> <span class='ocrx_word' id='word_1_702' title='bbox 3598 2768 3706 2838; x_wconf 68' lang='grc' dir='ltr'>τὴν</span> 
     </span>
    </p>
   </div>
   <div class='ocr_carea' id='block_1_93' title="bbox 2119 2841 3703 2922">
    <p class='ocr_par' dir='ltr' id='par_1_93' title="bbox 2119 2841 3703 2922">
     <span class='ocr_line' id='line_1_93' title="bbox 2119 2841 3703 2922; baseline 0.008 -28"><span class='ocrx_word' id='word_1_703' title='bbox 2119 2841 2359 2914; x_wconf 78' lang='grc' dir='ltr'>ἱστορίαν</span> <span class='ocrx_word' id='word_1_704' title='bbox 2404 2844 2499 2896; x_wconf 70' lang='grc' dir='ltr'>ἐπὶ</span> <span class='ocrx_word' id='word_1_705' title='bbox 2535 2844 2635 2915; x_wconf 87' lang='grc' dir='ltr'>τῆς</span> <span class='ocrx_word' id='word_1_706' title='bbox 2677 2844 2906 2915; x_wconf 88' lang='grc' dir='ltr'>καρδίας</span> <span class='ocrx_word' id='word_1_707' title='bbox 2953 2846 3314 2920; x_wconf 73' lang='grc' dir='ltr'>ζωγραφείτω</span> <span class='ocrx_word' id='word_1_708' title='bbox 3338 2853 3438 2922; x_wconf 88' lang='grc' dir='ltr'>τῆς</span> <span class='ocrx_word' id='word_1_709' title='bbox 3464 2853 3703 2921; x_wconf 81' lang='grc' dir='ltr'>ἐαυτοῦ,</span> 
     </span>
    </p>
   </div>
   <div class='ocr_carea' id='block_1_94' title="bbox 2116 2930 3707 3011">
    <p class='ocr_par' dir='ltr' id='par_1_94' title="bbox 2116 2930 3707 3011">
     <span class='ocr_line' id='line_1_94' title="bbox 2116 2930 3707 3011; baseline 0.008 -28"><span class='ocrx_word' id='word_1_710' title='bbox 2116 2930 2370 3004; x_wconf 84' lang='grc' dir='ltr'>καθάπερ</span> <span class='ocrx_word' id='word_1_711' title='bbox 2401 2935 2546 3005; x_wconf 86' lang='grc' dir='ltr'>χειρὶ</span> <span class='ocrx_word' id='word_1_712' title='bbox 2569 2937 2680 2998; x_wconf 84' lang='grc' dir='ltr'>τοῖς</span> <span class='ocrx_word' id='word_1_713' title='bbox 2704 2934 3327 3009; x_wconf 79' lang='grc' dir='ltr'>λογισμοῖςὺπογράφων</span> <span class='ocrx_word' id='word_1_714' title='bbox 3351 2939 3622 3011; x_wconf 81' lang='grc' dir='ltr'>διηνεκῶς</span> <span class='ocrx_word' id='word_1_715' title='bbox 3643 2942 3707 2994; x_wconf 80' lang='grc' dir='ltr'>τὺ</span> 
     </span>
    </p>
   </div>
   <div class='ocr_carea' id='block_1_95' title="bbox 2117 3020 3701 3096">
    <p class='ocr_par' dir='ltr' id='par_1_95' title="bbox 2117 3020 3701 3096">
     <span class='ocr_line' id='line_1_95' title="bbox 2117 3020 3701 3096; baseline 0.009 -25"><span class='ocrx_word' id='word_1_716' title='bbox 2117 3020 2383 3091; x_wconf 79' lang='grc' dir='ltr'>σπήλαιον</span> <span class='ocrx_word' id='word_1_717' title='bbox 2427 3021 2491 3075; x_wconf 86' lang='grc' dir='ltr'>τό</span> <span class='ocrx_word' id='word_1_718' title='bbox 2545 3021 2785 3089; x_wconf 83' lang='grc' dir='ltr'>διπλοῦν,</span> <span class='ocrx_word' id='word_1_719' title='bbox 2821 3024 2917 3077; x_wconf 80' lang='grc' dir='ltr'>τὸν</span> <span class='ocrx_word' id='word_1_720' title='bbox 2943 3024 3110 3079; x_wconf 79' lang='grc' dir='ltr'>Σαοὺλ</span> <span class='ocrx_word' id='word_1_721' title='bbox 3149 3025 3297 3080; x_wconf 67' lang='grc' dir='ltr'>ἔνδον</span> <span class='ocrx_word' id='word_1_722' title='bbox 3340 3027 3701 3096; x_wconf 67' lang='grc' dir='ltr'>καθεύδοντα,</span> 
     </span>
    </p>
   </div>
   <div class='ocr_carea' id='block_1_96' title="bbox 2114 3107 3707 3186">
    <p class='ocr_par' dir='ltr' id='par_1_96' title="bbox 2114 3107 3707 3186">
     <span class='ocr_line' id='line_1_96' title="bbox 2114 3107 3707 3186; baseline 0.007 -26"><span class='ocrx_word' id='word_1_723' title='bbox 2114 3107 2209 3160; x_wconf 75' lang='grc' dir='ltr'>καὶ</span> <span class='ocrx_word' id='word_1_724' title='bbox 2254 3107 2503 3177; x_wconf 81' lang='grc' dir='ltr'>καθάπερ</span> <span class='ocrx_word' id='word_1_725' title='bbox 2542 3110 2729 3165; x_wconf 82' lang='grc' dir='ltr'>ἁλύσει</span> <span class='ocrx_word' id='word_1_726' title='bbox 2782 3112 2888 3165; x_wconf 85' lang='grc' dir='ltr'>τινί</span> <span class='ocrx_word' id='word_1_727' title='bbox 2940 3112 3223 3183; x_wconf 78' lang='grc' dir='ltr'>δεδεμένον</span> <span class='ocrx_word' id='word_1_728' title='bbox 3264 3112 3342 3184; x_wconf 79' lang='grc' dir='ltr'>τῷ</span> <span class='ocrx_word' id='word_1_729' title='bbox 3375 3113 3548 3186; x_wconf 78' lang='grc' dir='ltr'>ὕπνῳ,</span> <span class='ocrx_word' id='word_1_730' title='bbox 3602 3119 3707 3171; x_wconf 80' lang='grc' dir='ltr'>καὶ</span> 
     </span>
    </p>
   </div>
   <div class='ocr_carea' id='block_1_97' title="bbox 2114 3196 3699 3275">
    <p class='ocr_par' dir='ltr' id='par_1_97' title="bbox 2114 3196 3699 3275">
     <span class='ocr_line' id='line_1_97' title="bbox 2114 3196 3699 3275; baseline 0.006 -27"><span class='ocrx_word' id='word_1_731' title='bbox 2114 3196 2470 3268; x_wconf 81' lang='grc' dir='ltr'>ὑποκείμενον</span> <span class='ocrx_word' id='word_1_732' title='bbox 2511 3200 2578 3269; x_wconf 78' lang='grc' dir='ltr'>τῇ</span> <span class='ocrx_word' id='word_1_733' title='bbox 2609 3197 2760 3269; x_wconf 77' lang='grc' dir='ltr'>δεξιᾷ</span> <span class='ocrx_word' id='word_1_734' title='bbox 2802 3199 2896 3252; x_wconf 90' lang='grc' dir='ltr'>τοῦ</span> <span class='ocrx_word' id='word_1_735' title='bbox 2924 3201 2993 3254; x_wconf 76' lang='grc' dir='ltr'>τά</span> <span class='ocrx_word' id='word_1_736' title='bbox 3043 3200 3275 3273; x_wconf 88' lang='grc' dir='ltr'>μέγιστα</span> <span class='ocrx_word' id='word_1_737' title='bbox 3315 3202 3650 3275; x_wconf 78' lang='grc' dir='ltr'>ἠδικημένου</span> <span class='ocrx_word' id='word_1_738' title='bbox 3681 3220 3699 3233; x_wconf 80' lang='grc'><strong><em>⁸</em></strong></span> 
     </span>
    </p>
   </div>
   <div class='ocr_carea' id='block_1_98' title="bbox 2110 3283 3704 3362">
    <p class='ocr_par' dir='ltr' id='par_1_98' title="bbox 2110 3283 3704 3362">
     <span class='ocr_line' id='line_1_98' title="bbox 2110 3283 3704 3362; baseline 0.007 -26"><span class='ocrx_word' id='word_1_739' title='bbox 2110 3283 2201 3339; x_wconf 78' lang='grc' dir='ltr'>τὸν</span> <span class='ocrx_word' id='word_1_740' title='bbox 2241 3284 2405 3340; x_wconf 80' lang='grc' dir='ltr'>Δαυῒδ</span> <span class='ocrx_word' id='word_1_741' title='bbox 2454 3286 2739 3355; x_wconf 76' lang='grc' dir='ltr'>ἐφεστῶτα</span> <span class='ocrx_word' id='word_1_742' title='bbox 2785 3287 3120 3355; x_wconf 88' lang='grc' dir='ltr'>καθεύδοντι,</span> <span class='ocrx_word' id='word_1_743' title='bbox 3177 3290 3304 3354; x_wconf 73' lang='grc' dir='ltr'>τοὺς</span> <span class='ocrx_word' id='word_1_744' title='bbox 3354 3295 3704 3362; x_wconf 84' lang='grc' dir='ltr'>στρατιώτας</span> 
     </span>
    </p>
   </div>
   <div class='ocr_carea' id='block_1_99' title="bbox 2111 3372 3704 3448">
    <p class='ocr_par' dir='ltr' id='par_1_99' title="bbox 2111 3372 3704 3448">
     <span class='ocr_line' id='line_1_99' title="bbox 2111 3372 3704 3448; baseline 0.005 -24"><span class='ocrx_word' id='word_1_745' title='bbox 2111 3372 2407 3444; x_wconf 73' lang='grc' dir='ltr'>παρόντας,</span> <span class='ocrx_word' id='word_1_746' title='bbox 2444 3374 2539 3427; x_wconf 80' lang='grc' dir='ltr'>καὶ</span> <span class='ocrx_word' id='word_1_747' title='bbox 2583 3373 2977 3446; x_wconf 76' lang='grc' dir='ltr'>παροξύνοντας</span> <span class='ocrx_word' id='word_1_748' title='bbox 3005 3374 3142 3446; x_wconf 76' lang='grc' dir='ltr'>πρὸς</span> <span class='ocrx_word' id='word_1_749' title='bbox 3182 3378 3426 3448; x_wconf 76' lang='grc' dir='ltr'>σφαγηνο</span> <span class='ocrx_word' id='word_1_750' title='bbox 3467 3378 3557 3431; x_wconf 82' lang='grc' dir='ltr'>τὸν</span> <span class='ocrx_word' id='word_1_751' title='bbox 3593 3395 3704 3448; x_wconf 82' lang='grc' dir='ltr'>μα-</span> 
     </span>
    </p>
   </div>
   <div class='ocr_carea' id='block_1_100' title="bbox 2111 3460 3707 3532">
    <p class='ocr_par' dir='ltr' id='par_1_100' title="bbox 2111 3460 3707 3532">
     <span class='ocr_line' id='line_1_100' title="bbox 2111 3460 3707 3532; baseline 0.004 -19"><span class='ocrx_word' id='word_1_752' title='bbox 2111 3460 2300 3530; x_wconf 87' lang='grc' dir='ltr'>κάριον</span> <span class='ocrx_word' id='word_1_753' title='bbox 2324 3463 2531 3515; x_wconf 86' lang='grc' dir='ltr'>ἐκεῖνον</span> <span class='ocrx_word' id='word_1_754' title='bbox 2555 3461 2979 3532; x_wconf 80' lang='grc' dir='ltr'>φιλοσοφοῦντα,</span> <span class='ocrx_word' id='word_1_755' title='bbox 3015 3465 3107 3518; x_wconf 78' lang='grc' dir='ltr'>καὶ</span> <span class='ocrx_word' id='word_1_756' title='bbox 3143 3465 3234 3518; x_wconf 74' lang='grc' dir='ltr'>τὸν</span> <span class='ocrx_word' id='word_1_757' title='bbox 3266 3467 3460 3518; x_wconf 86' lang='grc' dir='ltr'>οἰκεῖον</span> <span class='ocrx_word' id='word_1_758' title='bbox 3487 3467 3581 3519; x_wconf 75' lang='grc' dir='ltr'>καὶ</span> <span class='ocrx_word' id='word_1_759' title='bbox 3606 3468 3707 3520; x_wconf 73' lang='grc' dir='ltr'>τὸν</span> 
     </span>
    </p>
   </div>
   <div class='ocr_carea' id='block_1_101' title="bbox 2108 3551 3702 3627">
    <p class='ocr_par' dir='ltr' id='par_1_101' title="bbox 2108 3551 3702 3627">
     <span class='ocr_line' id='line_1_101' title="bbox 2108 3551 3702 3627; baseline 0.006 -25"><span class='ocrx_word' id='word_1_760' title='bbox 2108 3551 2313 3604; x_wconf 87' lang='grc' dir='ltr'>τούτων</span> <span class='ocrx_word' id='word_1_761' title='bbox 2345 3553 2517 3622; x_wconf 84' lang='grc' dir='ltr'>θυμὸν</span> <span class='ocrx_word' id='word_1_762' title='bbox 2552 3552 3006 3617; x_wconf 82' lang='grc' dir='ltr'>καταστέλλοντα,</span> <span class='ocrx_word' id='word_1_763' title='bbox 3028 3556 3123 3608; x_wconf 86' lang='grc' dir='ltr'>κα).</span> <span class='ocrx_word' id='word_1_764' title='bbox 3156 3555 3297 3627; x_wconf 84' lang='grc' dir='ltr'>ὑπὲρ</span> <span class='ocrx_word' id='word_1_765' title='bbox 3332 3555 3426 3609; x_wconf 89' lang='grc' dir='ltr'>τοῦ</span> <span class='ocrx_word' id='word_1_766' title='bbox 3454 3557 3702 3612; x_wconf 80' lang='grc' dir='ltr'>τοσαῦτα</span> 
     </span>
    </p>
   </div>
   <div class='ocr_carea' id='block_1_102' title="bbox 2108 3638 3705 3714">
    <p class='ocr_par' dir='ltr' id='par_1_102' title="bbox 2108 3638 3705 3714">
     <span class='ocr_line' id='line_1_102' title="bbox 2108 3638 3705 3714; baseline 0.004 -23"><span class='ocrx_word' id='word_1_767' title='bbox 2108 3638 2125 3711; x_wconf 75' lang='grc' dir='ltr'><strong>Ῑ</strong></span> <span class='ocrx_word' id='word_1_768' title='bbox 2134 3640 2261 3710; x_wconf 73' lang='grc'>759]</span> <span class='ocrx_word' id='word_1_769' title='bbox 2279 3639 2806 3710; x_wconf 83' lang='grc' dir='ltr'>πεπλημμεληκότος</span> <span class='ocrx_word' id='word_1_770' title='bbox 2834 3640 3288 3711; x_wconf 87' lang='grc' dir='ltr'>ἀπολογούμενον.</span> <span class='ocrx_word' id='word_1_771' title='bbox 3308 3642 3491 3696; x_wconf 87' lang='grc' dir='ltr'>Ταῦτα</span> <span class='ocrx_word' id='word_1_772' title='bbox 3506 3646 3582 3714; x_wconf 83' lang='grc' dir='ltr'>μὴ</span> <span class='ocrx_word' id='word_1_773' title='bbox 3600 3644 3705 3713; x_wconf 83' lang='grc' dir='ltr'>μό-</span> 
     </span>
    </p>
   </div>
   <div class='ocr_carea' id='block_1_103' title="bbox 2108 3727 3703 3801">
    <p class='ocr_par' dir='ltr' id='par_1_103' title="bbox 2108 3727 3703 3801">
     <span class='ocr_line' id='line_1_103' title="bbox 2108 3727 3703 3801; baseline 0.003 -22"><span class='ocrx_word' id='word_1_774' title='bbox 2108 3744 2196 3779; x_wconf 88' lang='grc' dir='ltr'>νον</span> <span class='ocrx_word' id='word_1_775' title='bbox 2219 3728 2311 3780; x_wconf 76' lang='grc' dir='ltr'>ὲπὶ</span> <span class='ocrx_word' id='word_1_776' title='bbox 2329 3727 2426 3797; x_wconf 84' lang='grc' dir='ltr'>τῆς</span> <span class='ocrx_word' id='word_1_777' title='bbox 2440 3727 2678 3793; x_wconf 79' lang='grc' dir='ltr'>διανοίας</span> <span class='ocrx_word' id='word_1_778' title='bbox 2705 3729 3028 3801; x_wconf 83' lang='grc' dir='ltr'>γράφωμεν,</span> <span class='ocrx_word' id='word_1_779' title='bbox 3041 3729 3179 3785; x_wconf 81' lang='grc' dir='ltr'>ἀλλὰ</span> <span class='ocrx_word' id='word_1_780' title='bbox 3204 3730 3299 3783; x_wconf 78' lang='grc' dir='ltr'>καί.</span> <span class='ocrx_word' id='word_1_781' title='bbox 3316 3732 3374 3784; x_wconf 88' lang='grc' dir='ltr'>ὲν</span> <span class='ocrx_word' id='word_1_782' title='bbox 3393 3731 3703 3801; x_wconf 87' lang='grc' dir='ltr'>συνεδρίοις</span> 
     </span>
    </p>
   </div>
   <div class='ocr_carea' id='block_1_104' title="bbox 2106 3815 3703 3889">
    <p class='ocr_par' dir='ltr' id='par_1_104' title="bbox 2106 3815 3703 3889">
     <span class='ocr_line' id='line_1_104' title="bbox 2106 3815 3703 3889; baseline 0.003 -20"><span class='ocrx_word' id='word_1_783' title='bbox 2106 3815 2483 3888; x_wconf 86' lang='grc' dir='ltr'>διαλεγώμεθα</span> <span class='ocrx_word' id='word_1_784' title='bbox 2544 3816 2681 3887; x_wconf 82' lang='grc' dir='ltr'>πρὸς</span> <span class='ocrx_word' id='word_1_785' title='bbox 2718 3817 2978 3888; x_wconf 84' lang='grc' dir='ltr'>ἀλλήλους</span> <span class='ocrx_word' id='word_1_786' title='bbox 3027 3816 3324 3889; x_wconf 84' lang='grc' dir='ltr'>διηνεκῶς·</span> <span class='ocrx_word' id='word_1_787' title='bbox 3376 3818 3550 3872; x_wconf 88' lang='grc' dir='ltr'>ταῦτα</span> <span class='ocrx_word' id='word_1_788' title='bbox 3600 3822 3703 3873; x_wconf 70' lang='grc' dir='ltr'>καὶ</span> 
     </span>
    </p>
   </div>
   <div class='ocr_carea' id='block_1_105' title="bbox 2107 3906 3699 3978">
    <p class='ocr_par' dir='ltr' id='par_1_105' title="bbox 2107 3906 3699 3978">
     <span class='ocr_line' id='line_1_105' title="bbox 2107 3906 3699 3978; baseline 0.003 -20"><span class='ocrx_word' id='word_1_789' title='bbox 2107 3906 2245 3977; x_wconf 76' lang='grc' dir='ltr'>πρὸς</span> <span class='ocrx_word' id='word_1_790' title='bbox 2283 3908 2538 3976; x_wconf 82' lang='grc' dir='ltr'>γυναῖκα,</span> <span class='ocrx_word' id='word_1_791' title='bbox 2569 3906 2664 3959; x_wconf 76' lang='grc' dir='ltr'>καὶ</span> <span class='ocrx_word' id='word_1_792' title='bbox 2701 3907 2838 3978; x_wconf 83' lang='grc' dir='ltr'>πρὸς</span> <span class='ocrx_word' id='word_1_793' title='bbox 2868 3906 3057 3960; x_wconf 89' lang='grc' dir='ltr'>παιδία</span> <span class='ocrx_word' id='word_1_794' title='bbox 3084 3907 3324 3977; x_wconf 87' lang='grc' dir='ltr'>συνεχῶς</span> <span class='ocrx_word' id='word_1_795' title='bbox 3347 3907 3699 3978; x_wconf 83' lang='grc' dir='ltr'>ἀνακινῶμεν</span> 
     </span>
    </p>
   </div>
   <div class='ocr_carea' id='block_1_106' title="bbox 2104 3994 3698 4068">
    <p class='ocr_par' dir='ltr' id='par_1_106' title="bbox 2104 3994 3698 4068">
     <span class='ocr_line' id='line_1_106' title="bbox 2104 3994 3698 4068; baseline -0.001 -19"><span class='ocrx_word' id='word_1_796' title='bbox 2104 3996 2174 4050; x_wconf 74' lang='grc' dir='ltr'>τὰ</span> <span class='ocrx_word' id='word_1_797' title='bbox 2193 3997 2527 4068; x_wconf 74' lang='grc' dir='ltr'>διηγήματα.</span> <span class='ocrx_word' id='word_1_798' title='bbox 2565 3995 2688 4048; x_wconf 75' lang='grc' dir='ltr'>Εἴτε</span> <span class='ocrx_word' id='word_1_799' title='bbox 2727 3996 2835 4067; x_wconf 84' lang='grc' dir='ltr'>γάρ</span> <span class='ocrx_word' id='word_1_800' title='bbox 2868 3995 2996 4067; x_wconf 78' lang='grc' dir='ltr'>περὶ</span> <span class='ocrx_word' id='word_1_801' title='bbox 3049 3994 3313 4064; x_wconf 87' lang='grc' dir='ltr'>βασιλέως</span> <span class='ocrx_word' id='word_1_802' title='bbox 3344 3995 3698 4065; x_wconf 87' lang='grc' dir='ltr'>διαλέγεσθαι</span> 
     </span>
    </p>
   </div>
   <div class='ocr_carea' id='block_1_107' title="bbox 2108 4082 3696 4154">
    <p class='ocr_par' dir='ltr' id='par_1_107' title="bbox 2108 4082 3696 4154">
     <span class='ocr_line' id='line_1_107' title="bbox 2108 4082 3696 4154; baseline 0.001 -19"><span class='ocrx_word' id='word_1_803' title='bbox 2108 4082 2306 4152; x_wconf 83' lang='grc' dir='ltr'>βούλει,</span> <span class='ocrx_word' id='word_1_804' title='bbox 2360 4083 2467 4136; x_wconf 82' lang='grc' dir='ltr'>ἰδοὺ</span> <span class='ocrx_word' id='word_1_805' title='bbox 2514 4082 2800 4154; x_wconf 75' lang='grc' dir='ltr'>βασιλεύς·</span> <span class='ocrx_word' id='word_1_806' title='bbox 2847 4084 2957 4136; x_wconf 78' lang='grc' dir='ltr'>εἴτε</span> <span class='ocrx_word' id='word_1_807' title='bbox 3008 4083 3138 4154; x_wconf 78' lang='grc' dir='ltr'>περὶ</span> <span class='ocrx_word' id='word_1_808' title='bbox 3177 4083 3545 4154; x_wconf 86' lang='grc' dir='ltr'>στρατιωτῶν,</span> <span class='ocrx_word' id='word_1_809' title='bbox 3576 4085 3696 4136; x_wconf 76' lang='grc' dir='ltr'>εἴτε</span> 
     </span>
    </p>
   </div>
   <div class='ocr_carea' id='block_1_108' title="bbox 2108 4170 3698 4244">
    <p class='ocr_par' dir='ltr' id='par_1_108' title="bbox 2108 4170 3698 4244">
     <span class='ocr_line' id='line_1_108' title="bbox 2108 4170 3698 4244; baseline 0.003 -21"><span class='ocrx_word' id='word_1_810' title='bbox 2108 4171 2235 4241; x_wconf 76' lang='grc' dir='ltr'>περὶ</span> <span class='ocrx_word' id='word_1_811' title='bbox 2263 4171 2458 4235; x_wconf 89' lang='grc' dir='ltr'>οἰκίας,</span> <span class='ocrx_word' id='word_1_812' title='bbox 2492 4171 2600 4224; x_wconf 84' lang='grc' dir='ltr'>είτε</span> <span class='ocrx_word' id='word_1_813' title='bbox 2630 4172 2760 4243; x_wconf 78' lang='grc' dir='ltr'>περὶ</span> <span class='ocrx_word' id='word_1_814' title='bbox 2788 4170 3080 4225; x_wconf 87' lang='grc' dir='ltr'>πολιτικῶν</span> <span class='ocrx_word' id='word_1_815' title='bbox 3111 4171 3470 4244; x_wconf 85' lang='grc' dir='ltr'>πραγμάτων,</span> <span class='ocrx_word' id='word_1_816' title='bbox 3486 4170 3698 4242; x_wconf 76' lang='grc' dir='ltr'>πολλὴν</span> 
     </span>
    </p>
   </div>
   <div class='ocr_carea' id='block_1_109' title="bbox 2105 4259 3695 4332">
    <p class='ocr_par' dir='ltr' id='par_1_109' title="bbox 2105 4259 3695 4332">
     <span class='ocr_line' id='line_1_109' title="bbox 2105 4259 3695 4332; baseline 0.002 -20"><span class='ocrx_word' id='word_1_817' title='bbox 2105 4260 2163 4312; x_wconf 87' lang='grc' dir='ltr'>ἐν</span> <span class='ocrx_word' id='word_1_818' title='bbox 2188 4262 2304 4324; x_wconf 85' lang='grc' dir='ltr'>ταῖς</span> <span class='ocrx_word' id='word_1_819' title='bbox 2331 4261 2576 4331; x_wconf 82' lang='grc' dir='ltr'>Γραφαῖς</span> <span class='ocrx_word' id='word_1_820' title='bbox 2614 4260 2734 4331; x_wconf 74' lang='grc' dir='ltr'>ὄψει</span> <span class='ocrx_word' id='word_1_821' title='bbox 2776 4259 2979 4314; x_wconf 83' lang='grc' dir='ltr'>τούτων</span> <span class='ocrx_word' id='word_1_822' title='bbox 3030 4259 3129 4332; x_wconf 80' lang='grc' dir='ltr'>τὴν</span> <span class='ocrx_word' id='word_1_823' title='bbox 3174 4261 3455 4332; x_wconf 73' lang='grc' dir='ltr'>εὐπορίαν.</span> <span class='ocrx_word' id='word_1_824' title='bbox 3501 4260 3695 4315; x_wconf 87' lang='grc' dir='ltr'>Ταῦτα</span> 
     </span>
    </p>
   </div>
   <div class='ocr_carea' id='block_1_110' title="bbox 2109 4347 3698 4421">
    <p class='ocr_par' dir='ltr' id='par_1_110' title="bbox 2109 4347 3698 4421">
     <span class='ocr_line' id='line_1_110' title="bbox 2109 4347 3698 4421; baseline 0.002 -21"><span class='ocrx_word' id='word_1_825' title='bbox 2109 4347 2494 4420; x_wconf 75' lang='grc' dir='ltr'>μεγίστηνέχει</span> <span class='ocrx_word' id='word_1_826' title='bbox 2516 4348 2585 4402; x_wconf 73' lang='grc' dir='ltr'>τὰ</span> <span class='ocrx_word' id='word_1_827' title='bbox 2604 4349 2918 4421; x_wconf 87' lang='grc' dir='ltr'>διηγήματα</span> <span class='ocrx_word' id='word_1_828' title='bbox 2930 4348 3029 4421; x_wconf 82' lang='grc' dir='ltr'>τὴν</span> <span class='ocrx_word' id='word_1_829' title='bbox 3060 4349 3345 4419; x_wconf 82' lang='grc' dir='ltr'>ὠφέλειαν.</span> <span class='ocrx_word' id='word_1_830' title='bbox 3380 4350 3698 4421; x_wconf 80' lang='grc' dir='ltr'>Ἀμήχανον</span> 
     </span>
    </p>
   </div>
   <div class='ocr_carea' id='block_1_111' title="bbox 2106 4436 3696 4510">
    <p class='ocr_par' dir='ltr' id='par_1_111' title="bbox 2106 4436 3696 4510">
     <span class='ocr_line' id='line_1_111' title="bbox 2106 4436 3696 4510; baseline 0 -20"><span class='ocrx_word' id='word_1_831' title='bbox 2106 4436 2235 4506; x_wconf 84' lang='grc' dir='ltr'>γὰρ,</span> <span class='ocrx_word' id='word_1_832' title='bbox 2270 4438 2568 4508; x_wconf 77' lang='grc' dir='ltr'>ἀμήχανον,</span> <span class='ocrx_word' id='word_1_833' title='bbox 2596 4437 2774 4510; x_wconf 76' lang='grc' dir='ltr'>ψυχὴν</span> <span class='ocrx_word' id='word_1_834' title='bbox 2808 4440 2866 4491; x_wconf 85' lang='grc' dir='ltr'>ἐν</span> <span class='ocrx_word' id='word_1_835' title='bbox 2895 4436 3121 4501; x_wconf 89' lang='grc' dir='ltr'>ταύταις</span> <span class='ocrx_word' id='word_1_836' title='bbox 3163 4437 3535 4509; x_wconf 79' lang='grc' dir='ltr'>στρεφομένην</span> <span class='ocrx_word' id='word_1_837' title='bbox 3566 4441 3696 4501; x_wconf 83' lang='grc' dir='ltr'>ταῖς</span> 
     </span>
    </p>
   </div>
   <div class='ocr_carea' id='block_1_112' title="bbox 2108 4524 3695 4599">
    <p class='ocr_par' dir='ltr' id='par_1_112' title="bbox 2108 4524 3695 4599">
     <span class='ocr_line' id='line_1_112' title="bbox 2108 4524 3695 4599; baseline 0.003 -22"><span class='ocrx_word' id='word_1_838' title='bbox 2108 4526 2390 4598; x_wconf 86' lang='grc' dir='ltr'>ἱστορίαις,</span> <span class='ocrx_word' id='word_1_839' title='bbox 2401 4526 2690 4598; x_wconf 87' lang='grc' dir='ltr'>δυνηθῆναί</span> <span class='ocrx_word' id='word_1_840' title='bbox 2704 4543 2832 4580; x_wconf 88' lang='grc' dir='ltr'>ποτε</span> <span class='ocrx_word' id='word_1_841' title='bbox 2848 4526 3187 4599; x_wconf 85' lang='grc' dir='ltr'>κρατηθῆναι</span> <span class='ocrx_word' id='word_1_842' title='bbox 3200 4526 3277 4597; x_wconf 85' lang='grc' dir='ltr'>τῷ</span> <span class='ocrx_word' id='word_1_843' title='bbox 3289 4527 3577 4582; x_wconf 84' lang='grc' dir='ltr'>πάθει.Ἶν’</span> <span class='ocrx_word' id='word_1_844' title='bbox 3592 4524 3695 4582; x_wconf 76' lang='grc' dir='ltr'>οῦν</span> 
     </span>
    </p>
   </div>
   <div class='ocr_carea' id='block_1_113' title="bbox 2110 4610 3691 4685">
    <p class='ocr_par' dir='ltr' id='par_1_113' title="bbox 2110 4610 3691 4685">
     <span class='ocr_line' id='line_1_113' title="bbox 2110 4610 3691 4685; baseline 0.002 -23"><span class='ocrx_word' id='word_1_845' title='bbox 2110 4610 2187 4682; x_wconf 85' lang='grc' dir='ltr'>μὴ</span> <span class='ocrx_word' id='word_1_846' title='bbox 2217 4610 2394 4681; x_wconf 87' lang='grc' dir='ltr'>μάτην</span> <span class='ocrx_word' id='word_1_847' title='bbox 2422 4610 2512 4663; x_wconf 85' lang='grc' dir='ltr'>τὸν</span> <span class='ocrx_word' id='word_1_848' title='bbox 2540 4611 2730 4680; x_wconf 84' lang='grc' dir='ltr'>καιρὸν</span> <span class='ocrx_word' id='word_1_849' title='bbox 2745 4611 3094 4682; x_wconf 89' lang='grc' dir='ltr'>δαπανῶμεν,</span> <span class='ocrx_word' id='word_1_850' title='bbox 3130 4613 3262 4683; x_wconf 81' lang='grc' dir='ltr'>μηδὲ</span> <span class='ocrx_word' id='word_1_851' title='bbox 3280 4614 3401 4684; x_wconf 81' lang='grc' dir='ltr'>εἰκῆ</span> <span class='ocrx_word' id='word_1_852' title='bbox 3424 4612 3523 4683; x_wconf 79' lang='grc' dir='ltr'>τὴν</span> <span class='ocrx_word' id='word_1_853' title='bbox 3542 4613 3691 4685; x_wconf 77' lang='grc' dir='ltr'>ζωὴν</span> 
     </span>
    </p>
   </div>
   <div class='ocr_carea' id='block_1_114' title="bbox 2107 4697 3690 4770">
    <p class='ocr_par' dir='ltr' id='par_1_114' title="bbox 2107 4697 3690 4770">
     <span class='ocr_line' id='line_1_114' title="bbox 2107 4697 3690 4770; baseline 0.003 -21"><span class='ocrx_word' id='word_1_854' title='bbox 2107 4697 2262 4767; x_wconf 83' lang='grc' dir='ltr'>ἡμῶν</span> <span class='ocrx_word' id='word_1_855' title='bbox 2289 4697 2669 4770; x_wconf 89' lang='grc' dir='ltr'>ἀναλίσκωμεν</span> <span class='ocrx_word' id='word_1_856' title='bbox 2702 4700 2784 4762; x_wconf 89' lang='grc' dir='ltr'>εἰς</span> <span class='ocrx_word' id='word_1_857' title='bbox 2816 4698 3083 4770; x_wconf 85' lang='grc' dir='ltr'>φλυαρίας</span> <span class='ocrx_word' id='word_1_858' title='bbox 3104 4699 3365 4770; x_wconf 81' lang='grc' dir='ltr'>ἀκαίρους</span> <span class='ocrx_word' id='word_1_859' title='bbox 3387 4701 3481 4752; x_wconf 78' lang='grc' dir='ltr'>καὶ</span> <span class='ocrx_word' id='word_1_860' title='bbox 3505 4717 3690 4770; x_wconf 82' lang='grc' dir='ltr'>περιτ-</span> 
     </span>
    </p>
   </div>
   <div class='ocr_carea' id='block_1_115' title="bbox 2104 4786 3685 4860">
    <p class='ocr_par' dir='ltr' id='par_1_115' title="bbox 2104 4786 3685 4860">
     <span class='ocr_line' id='line_1_115' title="bbox 2104 4786 3685 4860; baseline 0.003 -23"><span class='ocrx_word' id='word_1_861' title='bbox 2104 4786 2224 4848; x_wconf 83' lang='grc' dir='ltr'>τὰς,</span> <span class='ocrx_word' id='word_1_862' title='bbox 2269 4786 2530 4856; x_wconf 88' lang='grc' dir='ltr'>μαθόντες</span> <span class='ocrx_word' id='word_1_863' title='bbox 2561 4787 2670 4841; x_wconf 89' lang='grc' dir='ltr'>τῶν</span> <span class='ocrx_word' id='word_1_864' title='bbox 2697 4787 2960 4856; x_wconf 86' lang='grc' dir='ltr'>γενναίων</span> <span class='ocrx_word' id='word_1_865' title='bbox 3019 4787 3229 4859; x_wconf 87' lang='grc' dir='ltr'>ἀνδρῶν</span> <span class='ocrx_word' id='word_1_866' title='bbox 3273 4788 3396 4851; x_wconf 78' lang='grc' dir='ltr'>τὰς·</span> <span class='ocrx_word' id='word_1_867' title='bbox 3423 4789 3685 4860; x_wconf 82' lang='grc' dir='ltr'>ἱστορίας,</span> 
     </span>
    </p>
   </div>
   <div class='ocr_carea' id='block_1_116' title="bbox 2106 4874 3689 4947">
    <p class='ocr_par' dir='ltr' id='par_1_116' title="bbox 2106 4874 3689 4947">
     <span class='ocr_line' id='line_1_116' title="bbox 2106 4874 3689 4947; baseline 0.004 -22"><span class='ocrx_word' id='word_1_868' title='bbox 2106 4874 2278 4928; x_wconf 86' lang='grc' dir='ltr'>ταῦτα</span> <span class='ocrx_word' id='word_1_869' title='bbox 2316 4874 2554 4946; x_wconf 83' lang='grc' dir='ltr'>συνεχῶς</span> <span class='ocrx_word' id='word_1_870' title='bbox 2575 4874 2974 4946; x_wconf 87' lang='grc' dir='ltr'>διαλεγώμεθα,</span> <span class='ocrx_word' id='word_1_871' title='bbox 3023 4878 3118 4930; x_wconf 78' lang='grc' dir='ltr'>καὶ</span> <span class='ocrx_word' id='word_1_872' title='bbox 3146 4877 3273 4947; x_wconf 84' lang='grc' dir='ltr'>περὶ</span> <span class='ocrx_word' id='word_1_873' title='bbox 3309 4876 3538 4929; x_wconf 88' lang='grc' dir='ltr'>τούτων.</span> <span class='ocrx_word' id='word_1_874' title='bbox 3568 4877 3689 4931; x_wconf 77' lang='grc' dir='ltr'>Κᾶν</span> 
     </span>
    </p>
   </div>
   <div class='ocr_carea' id='block_1_117' title="bbox 2109 4961 3687 5036">
    <p class='ocr_par' dir='ltr' id='par_1_117' title="bbox 2109 4961 3687 5036">
     <span class='ocr_line' id='line_1_117' title="bbox 2109 4961 3687 5036; baseline -0.001 -18"><span class='ocrx_word' id='word_1_875' title='bbox 2109 4961 2344 5034; x_wconf 78' lang='grc' dir='ltr'>βουληθῇ</span> <span class='ocrx_word' id='word_1_876' title='bbox 2363 4980 2445 5025; x_wconf 88' lang='grc' dir='ltr'>τις</span> <span class='ocrx_word' id='word_1_877' title='bbox 2462 4963 2571 5015; x_wconf 89' lang='grc' dir='ltr'>τῶν</span> <span class='ocrx_word' id='word_1_878' title='bbox 2590 4963 3062 5036; x_wconf 85' lang='grc' dir='ltr'>συνεδρευόντωνῆ</span> <span class='ocrx_word' id='word_1_879' title='bbox 3082 4965 3210 5034; x_wconf 85' lang='grc' dir='ltr'>περὶ</span> <span class='ocrx_word' id='word_1_880' title='bbox 3226 4963 3488 5031; x_wconf 85' lang='grc' dir='ltr'>θεάτρων,</span> <span class='ocrx_word' id='word_1_881' title='bbox 3503 4966 3537 5035; x_wconf 77' lang='grc' dir='ltr'>ἢ</span> <span class='ocrx_word' id='word_1_882' title='bbox 3559 4966 3687 5036; x_wconf 84' lang='grc' dir='ltr'>περὶ</span> 
     </span>
    </p>
   </div>
   <div class='ocr_carea' id='block_1_118' title="bbox 2110 5050 3688 5125">
    <p class='ocr_par' dir='ltr' id='par_1_118' title="bbox 2110 5050 3688 5125">
     <span class='ocr_line' id='line_1_118' title="bbox 2110 5050 3688 5125; baseline 0.002 -24"><span class='ocrx_word' id='word_1_883' title='bbox 2110 5050 2542 5123; x_wconf 78' lang='grc' dir='ltr'>ἱπποδρομίας,ἢ</span> <span class='ocrx_word' id='word_1_884' title='bbox 2575 5053 2704 5124; x_wconf 88' lang='grc' dir='ltr'>περὶ</span> <span class='ocrx_word' id='word_1_885' title='bbox 2729 5052 3068 5124; x_wconf 87' lang='grc' dir='ltr'>πραγμάτων</span> <span class='ocrx_word' id='word_1_886' title='bbox 3095 5053 3246 5107; x_wconf 82' lang='grc' dir='ltr'>οὐδέν</span> <span class='ocrx_word' id='word_1_887' title='bbox 3273 5070 3357 5106; x_wconf 92' lang='grc' dir='ltr'>σοι</span> <span class='ocrx_word' id='word_1_888' title='bbox 3383 5054 3688 5125; x_wconf 55' lang='grc' dir='ltr'>προσηκόντ</span> 
     </span>
    </p>
   </div>
   <div class='ocr_carea' id='block_1_119' title="bbox 2107 5141 3687 5213">
    <p class='ocr_par' dir='ltr' id='par_1_119' title="bbox 2107 5141 3687 5213">
     <span class='ocr_line' id='line_1_119' title="bbox 2107 5141 3687 5213; baseline -0.001 -18"><span class='ocrx_word' id='word_1_889' title='bbox 2107 5159 2214 5196; x_wconf 90' lang='grc' dir='ltr'>των</span> <span class='ocrx_word' id='word_1_890' title='bbox 2240 5143 2565 5213; x_wconf 87' lang='grc' dir='ltr'>ποιήσασθαι</span> <span class='ocrx_word' id='word_1_891' title='bbox 2592 5144 2749 5212; x_wconf 89' lang='grc' dir='ltr'>λόγον</span> <span class='ocrx_word' id='word_1_892' title='bbox 2771 5183 2786 5208; x_wconf 93' lang='grc'>,</span> <span class='ocrx_word' id='word_1_893' title='bbox 2834 5141 3140 5212; x_wconf 85' lang='grc' dir='ltr'>ἀπαγαγὼν</span> <span class='ocrx_word' id='word_1_894' title='bbox 3171 5143 3333 5197; x_wconf 73' lang='grc' dir='ltr'>αὐτὸν</span> <span class='ocrx_word' id='word_1_895' title='bbox 3360 5144 3459 5212; x_wconf 88' lang='grc' dir='ltr'>τῆς</span> <span class='ocrx_word' id='word_1_896' title='bbox 3491 5142 3687 5195; x_wconf 79' lang='grc' dir='ltr'>ὑποθέ-</span> 
     </span>
    </p>
   </div>
   <div class='ocr_carea' id='block_1_120' title="bbox 2109 5228 3685 5302">
    <p class='ocr_par' dir='ltr' id='par_1_120' title="bbox 2109 5228 3685 5302">
     <span class='ocr_line' id='line_1_120' title="bbox 2109 5228 3685 5302; baseline 0 -20"><span class='ocrx_word' id='word_1_897' title='bbox 2109 5247 2246 5294; x_wconf 89' lang='grc' dir='ltr'>σεως</span> <span class='ocrx_word' id='word_1_898' title='bbox 2271 5231 2506 5301; x_wconf 85' lang='grc' dir='ltr'>ἐκείνης,</span> <span class='ocrx_word' id='word_1_899' title='bbox 2536 5232 2617 5294; x_wconf 87' lang='grc' dir='ltr'>εἰς</span> <span class='ocrx_word' id='word_1_900' title='bbox 2664 5230 2866 5302; x_wconf 84' lang='grc' dir='ltr'>ταύτην</span> <span class='ocrx_word' id='word_1_901' title='bbox 2908 5229 3114 5301; x_wconf 75' lang='grc' dir='ltr'>ἔμϐαλε</span> <span class='ocrx_word' id='word_1_902' title='bbox 3152 5230 3251 5300; x_wconf 82' lang='grc' dir='ltr'>τὴν</span> <span class='ocrx_word' id='word_1_903' title='bbox 3290 5228 3564 5301; x_wconf 85' lang='grc' dir='ltr'>διήγησιν,</span> <span class='ocrx_word' id='word_1_904' title='bbox 3598 5229 3685 5282; x_wconf 76' lang='grc' dir='ltr'>ἵνα</span> 
     </span>
    </p>
   </div>
   <div class='ocr_carea' id='block_1_121' title="bbox 2108 5318 3684 5393">
    <p class='ocr_par' dir='ltr' id='par_1_121' title="bbox 2108 5318 3684 5393">
     <span class='ocr_line' id='line_1_121' title="bbox 2108 5318 3684 5393; baseline -0.004 -17"><span class='ocrx_word' id='word_1_905' title='bbox 2108 5322 2203 5376; x_wconf 75' lang='grc' dir='ltr'>καὶ</span> <span class='ocrx_word' id='word_1_906' title='bbox 2227 5319 2326 5391; x_wconf 78' lang='grc' dir='ltr'>τὴν</span> <span class='ocrx_word' id='word_1_907' title='bbox 2345 5320 2523 5392; x_wconf 82' lang='grc' dir='ltr'>ψυχὴν</span> <span class='ocrx_word' id='word_1_908' title='bbox 2548 5320 2975 5393; x_wconf 85' lang='grc' dir='ltr'>ἐκκαθάραντες,</span> <span class='ocrx_word' id='word_1_909' title='bbox 3006 5320 3102 5374; x_wconf 72' lang='grc' dir='ltr'>καὶ</span> <span class='ocrx_word' id='word_1_910' title='bbox 3132 5318 3324 5390; x_wconf 76' lang='grc' dir='ltr'>ἡδονῆς</span> <span class='ocrx_word' id='word_1_911' title='bbox 3348 5318 3489 5391; x_wconf 83' lang='grc' dir='ltr'>μετά</span> <span class='ocrx_word' id='word_1_912' title='bbox 3508 5320 3684 5385; x_wconf 81' lang='grc' dir='ltr'>ἀσφα-</span> 
     </span>
    </p>
   </div>
   <div class='ocr_carea' id='block_1_122' title="bbox 2107 5402 3683 5475">
    <p class='ocr_par' dir='ltr' id='par_1_122' title="bbox 2107 5402 3683 5475">
     <span class='ocr_line' id='line_1_122' title="bbox 2107 5402 3683 5475; baseline -0.003 -17"><span class='ocrx_word' id='word_1_913' title='bbox 2107 5405 2255 5468; x_wconf 84' lang='grc' dir='ltr'>λείας</span> <span class='ocrx_word' id='word_1_914' title='bbox 2291 5405 2718 5471; x_wconf 84' lang='grc' dir='ltr'>ἀπολαύσαντες,</span> <span class='ocrx_word' id='word_1_915' title='bbox 2749 5405 2844 5457; x_wconf 80' lang='grc' dir='ltr'>καὶ</span> <span class='ocrx_word' id='word_1_916' title='bbox 2885 5405 3096 5475; x_wconf 87' lang='grc' dir='ltr'>πράους</span> <span class='ocrx_word' id='word_1_917' title='bbox 3134 5404 3363 5465; x_wconf 74' lang='grc' dir='ltr'>ἑαυτοὺς</span> <span class='ocrx_word' id='word_1_918' title='bbox 3410 5402 3683 5471; x_wconf 77' lang='grc' dir='ltr'>καταστή-</span> 
     </span>
    </p>
   </div>
   <div class='ocr_carea' id='block_1_123' title="bbox 2109 5488 3684 5564">
    <p class='ocr_par' dir='ltr' id='par_1_123' title="bbox 2109 5488 3684 5564">
     <span class='ocr_line' id='line_1_123' title="bbox 2109 5488 3684 5564; baseline -0.004 -19"><span class='ocrx_word' id='word_1_919' title='bbox 2109 5510 2300 5557; x_wconf 90' lang='grc' dir='ltr'>σαντες</span> <span class='ocrx_word' id='word_1_920' title='bbox 2331 5493 2424 5547; x_wconf 80' lang='grc' dir='ltr'>καί</span> <span class='ocrx_word' id='word_1_921' title='bbox 2443 5492 2683 5564; x_wconf 76' lang='grc' dir='ltr'>ἡμέρους</span> <span class='ocrx_word' id='word_1_922' title='bbox 2720 5493 2834 5555; x_wconf 90' lang='grc' dir='ltr'>τοῖς</span> <span class='ocrx_word' id='word_1_923' title='bbox 2857 5489 3218 5561; x_wconf 87' lang='grc' dir='ltr'>λελυπηκόσιν</span> <span class='ocrx_word' id='word_1_924' title='bbox 3249 5488 3470 5552; x_wconf 71' lang='grc' dir='ltr'>ἅπασιν,</span> <span class='ocrx_word' id='word_1_925' title='bbox 3519 5488 3684 5540; x_wconf 83' lang='grc' dir='ltr'>ἀπέλ-</span> 
     </span>
    </p>
   </div>
   <div class='ocr_carea' id='block_1_124' title="bbox 2106 5575 3683 5651">
    <p class='ocr_par' dir='ltr' id='par_1_124' title="bbox 2106 5575 3683 5651">
     <span class='ocr_line' id='line_1_124' title="bbox 2106 5575 3683 5651; baseline -0.005 -18"><span class='ocrx_word' id='word_1_926' title='bbox 2106 5580 2289 5650; x_wconf 88' lang='grc' dir='ltr'>θωμεν</span> <span class='ocrx_word' id='word_1_927' title='bbox 2316 5582 2435 5633; x_wconf 88' lang='grc' dir='ltr'>ἐκεῖ</span> <span class='ocrx_word' id='word_1_928' title='bbox 2466 5579 2673 5651; x_wconf 80' lang='grc' dir='ltr'>μηδένα</span> <span class='ocrx_word' id='word_1_929' title='bbox 2705 5578 2920 5649; x_wconf 73' lang='grc' dir='ltr'>ἔχοντες</span> <span class='ocrx_word' id='word_1_930' title='bbox 2946 5577 3160 5649; x_wconf 80' lang='grc' dir='ltr'>ἐχθρὸν,</span> <span class='ocrx_word' id='word_1_931' title='bbox 3195 5575 3420 5629; x_wconf 76' lang='grc' dir='ltr'>καὶτῶν</span> <span class='ocrx_word' id='word_1_932' title='bbox 3448 5577 3683 5631; x_wconf 77' lang='grc' dir='ltr'>αἰωνίων</span> 
     </span>
    </p>
   </div>
   <div class='ocr_carea' id='block_1_125' title="bbox 2103 5665 3677 5742">
    <p class='ocr_par' dir='ltr' id='par_1_125' title="bbox 2103 5665 3677 5742">
     <span class='ocr_line' id='line_1_125' title="bbox 2103 5665 3677 5742; baseline -0.004 -19"><span class='ocrx_word' id='word_1_933' title='bbox 2103 5670 2327 5739; x_wconf 89' lang='grc' dir='ltr'>ἀγαθῶν</span> <span class='ocrx_word' id='word_1_934' title='bbox 2347 5669 2617 5742; x_wconf 88' lang='grc' dir='ltr'>τύχωμεν,</span> <span class='ocrx_word' id='word_1_935' title='bbox 2637 5670 2820 5741; x_wconf 88' lang='grc' dir='ltr'>χάριτι</span> <span class='ocrx_word' id='word_1_936' title='bbox 2838 5668 2932 5722; x_wconf 72' lang='grc' dir='ltr'>καὶ</span> <span class='ocrx_word' id='word_1_937' title='bbox 2950 5666 3331 5741; x_wconf 71' lang='grc' dir='ltr'>φιλανθρωπία</span> <span class='ocrx_word' id='word_1_938' title='bbox 3357 5666 3454 5720; x_wconf 86' lang='grc' dir='ltr'>τοῦ</span> <span class='ocrx_word' id='word_1_939' title='bbox 3476 5665 3677 5737; x_wconf 79' lang='grc' dir='ltr'>Κυρίου</span> 
     </span>
    </p>
   </div>
   <div class='ocr_carea' id='block_1_126' title="bbox 2104 5750 3671 5830">
    <p class='ocr_par' dir='ltr' id='par_1_126' title="bbox 2104 5750 3671 5830">
     <span class='ocr_line' id='line_1_126' title="bbox 2104 5750 3671 5830; baseline -0.001 -20"><span class='ocrx_word' id='word_1_940' title='bbox 2104 5759 2262 5829; x_wconf 77' lang='grc' dir='ltr'>ἡμῶν</span> <span class='ocrx_word' id='word_1_941' title='bbox 2305 5758 2479 5827; x_wconf 81' lang='grc' dir='ltr'>Ἰησοῦ</span> <span class='ocrx_word' id='word_1_942' title='bbox 2511 5757 2783 5830; x_wconf 86' lang='grc' dir='ltr'>Χριστοῦ,</span> <span class='ocrx_word' id='word_1_943' title='bbox 2828 5750 2873 5825; x_wconf 79' lang='grc' dir='ltr'><strong>ᾧ</strong></span> <span class='ocrx_word' id='word_1_944' title='bbox 2915 5759 2949 5828; x_wconf 78' lang='grc' dir='ltr'>η</span> <span class='ocrx_word' id='word_1_945' title='bbox 2992 5754 3117 5822; x_wconf 80' lang='grc' dir='ltr'>δόξα</span> <span class='ocrx_word' id='word_1_946' title='bbox 3149 5757 3230 5820; x_wconf 82' lang='grc' dir='ltr'>είς</span> <span class='ocrx_word' id='word_1_947' title='bbox 3277 5756 3408 5819; x_wconf 74' lang='grc' dir='ltr'>τοὺς</span> <span class='ocrx_word' id='word_1_948' title='bbox 3453 5752 3671 5817; x_wconf 79' lang='grc' dir='ltr'>αἰῶνας.</span> 
     </span>
    </p>
   </div>
   <div class='ocr_carea' id='block_1_127' title="bbox 2117 5849 2307 5919">
    <p class='ocr_par' dir='ltr' id='par_1_127' title="bbox 2117 5849 2307 5919">
     <span class='ocr_line' id='line_1_127' title="bbox 2117 5849 2307 5919; baseline -0.011 -17"><span class='ocrx_word' id='word_1_949' title='bbox 2117 5849 2307 5919; x_wconf 79' lang='grc' dir='ltr'>Ἀμήν.</span> 
     </span>
    </p>
   </div>
  </div>
