4064 6438
330 386 440 445 685

328 604 497 657 seque
529 600 662 655 pene
704 584 771 639 ad
814 584 1013 637 caulem
1046 583 1385 652 processisse,
1419 591 1685 650 precatur,
1720 587 1777 632 ut
1809 579 1914 632 Do-

331 681 511 734 minus
551 676 651 730 sibi
680 685 961 731 conservct
992 688 1205 727 manum
1252 671 1601 739 impollutam.
1632 669 1767 737 Quid
1816 668 1917 722 hoc

329 772 513 825 animo
552 767 719 837 possit
755 771 872 820 esse
912 764 1132 818 mitius?
1176 766 1256 817 An
1306 763 1445 816 hunc
1471 761 1710 816 dicemus
1740 759 1915 814 homi-

329 877 476 925 nem,
512 859 601 927 qui
629 859 680 911 in
712 865 895 911 natura
928 856 1156 909 humana
1192 854 1351 908 vitam
1382 853 1688 923 prmstiterit
1714 850 1916 921 angeli-

331 968 452 1007 cam
479 951 502 1004 ?
531 950 722 1004 Verum
754 947 804 1002 id
834 962 937 1002 non
967 961 1197 1015 passura:
1224 954 1345 999 sunt
1373 944 1564 998 divina:
1594 943 1757 1013 leges.
1788 942 1917 1008 Quis

332 1041 754 1110 enim,ohsecro,
780 1038 930 1093 facile
960 1054 987 1090 a
1019 1038 1128 1091 Deo
1149 1035 1406 1104 ejusmodi
1432 1051 1541 1089 rem
1571 1034 1754 1104 petat?
1781 1033 1916 1101 Quid

333 1133 482 1197 dixi,
514 1128 854 1199 lntjusmodi?
894 1128 1021 1195 Quis
1066 1128 1389 1191 sustineret,
1421 1140 1524 1178 non
1570 1124 1777 1193 precari
1824 1123 1920 1177 ad—

340 1240 528 1278 versus
556 1238 675 1276 eum
697 1220 783 1289 qui
812 1220 1068 1274 molestus
1093 1218 1317 1271 fuisset?
1348 1215 1476 1269 Nam
1508 1216 1747 1284 plerique
1771 1229 1917 1267 mor-

336 1316 469 1368 tales
495 1328 559 1367 eo
584 1312 803 1365 feritatis
830 1310 1031 1379 abrepti
1055 1317 1198 1371 sunt,
1230 1315 1286 1359 ut
1313 1322 1430 1359 cum
1463 1307 1569 1359 sint
1594 1305 1724 1359 adeo
1756 1303 1920 1357 imbe-

333 1406 482 1457 cilles
508 1445 522 1468 ,
556 1412 613 1455 ut
652 1416 755 1454 non
795 1409 991 1470 queant
1018 1414 1137 1452 eum
1169 1413 1196 1451 a
1227 1411 1332 1466 quo
1372 1396 1601 1449 lacessiti
1644 1403 1767 1448 sunt
1810 1393 1920 1447 ullo

335 1498 478 1549 malo
504 1494 735 1555 afficere,
769 1494 929 1547 Deum
956 1490 1021 1544 ad
1049 1490 1297 1544 ultionem
1328 1490 1591 1552 invocent,
1624 1497 1682 1541 ut
1707 1486 1804 1540 sibi
1831 1487 1921 1541 det

337 1590 639 1643 facultatem
667 1587 889 1641 nocendi
916 1588 999 1650 iis,
1021 1587 1105 1655 qui
1129 1585 1227 1639 sibi
1255 1586 1388 1638 mala
1406 1584 1651 1637 intulere.
1677 1580 1772 1635 Hic
1792 1596 1920 1635 vero

338 1682 442 1734 illis
470 1680 714 1733 omnibus
746 1680 886 1731 velut
914 1694 977 1731 ex
1014 1678 1273 1731 diametro
1314 1677 1577 1730 contraria
1616 1674 1881 1744 precando
1901 1718 1917 1741 ,

337 1780 490 1840 rogat
516 1788 580 1823 ne
610 1770 876 1838 permittat
898 1778 956 1821 ttt
987 1766 1418 1835 manusinjiciat,
1450 1766 1671 1835 loquens
1703 1764 1842 1819 hunc
1868 1766 1919 1819 in

338 1863 555 1916 modum
590 1877 603 1914 :
638 1860 717 1913 Ne
754 1860 876 1912 nti/ti
916 1859 1009 1911 hoc
1038 1859 1232 1911 accidat
1266 1874 1297 1910 a
1322 1856 1541 1911 Domino
1566 1899 1579 1922 ,
1616 1867 1670 1909 ut
1696 1856 1921 1926 injiciam

336 1969 544 2005 manum
573 1968 731 2004 meam
751 1952 806 2003 in
843 1942 985 2002 illum
1021 1948 1092 2019 (1.
1125 1947 1251 2017 Reg.
1279 1948 1366 2002 21.
1406 1948 1459 2017 6)
1488 1966 1499 2000 :
1526 1947 1743 2017 perinde
1772 1947 1918 2017 quasi

337 2045 408 2097 de
442 2045 546 2096 lilio
573 2049 628 2096 ct
651 2041 716 2095 de
745 2041 913 2109 prole,
948 2041 1016 2093 ita
1041 2040 1105 2093 de
1134 2039 1283 2093 hoste
1314 2038 1562 2108 loquitur.

415 2135 573 2203 Reges
600 2133 812 2187 revereri
840 2140 1050 2201 oportet.
1087 2129 1295 2182 Hostem
1331 2128 1496 2181 David
1529 2128 1803 2195 honoriﬁce
1827 2143 1922 2197 ap-

338 2227 514 2294 pellat.
563 2255 631 2263 —
661 2223 840 2292 Neque
873 2221 1106 2291 pepercit
1137 2229 1336 2277 tantum
1363 2258 1378 2283 ,
1413 2235 1593 2273 verum
1624 2231 1677 2273 et
1706 2233 1926 2273 excusa-

325 2321 537 2386 tionem
597 2330 691 2384 pro
738 2328 805 2368 eo
852 2324 1019 2381 parat.
1067 2312 1202 2366 Vide
1252 2326 1379 2367 vero
1426 2327 1582 2381 quam
1637 2310 1925 2379 prudenter

337 2422 604 2477 quamque
631 2406 917 2475 sapienter.
949 2405 1221 2474 Siquidem
1251 2419 1370 2459 cum
1401 2405 1561 2457 vitam
1600 2402 1774 2457 Saulis
1801 2417 1921 2471 per-

339 2508 604 2558 St'rutans,
635 2498 765 2551 nihil
797 2498 1083 2551 invenisset
1116 2496 1260 2562 boni,
1298 2504 1353 2549 ut
1378 2495 1555 2548 dicere
1582 2501 1779 2563 posset,
1807 2492 1922 2547 Non

339 2606 457 2643 sam
487 2589 552 2643 ab
576 2590 665 2641 illo
693 2590 869 2651 lmsus,
904 2603 1000 2642 nec
1030 2588 1137 2641 ullo
1166 2587 1383 2641 affectus
1411 2586 1746 2640 incommodo
1774 2586 1925 2657 (pro-

343 2685 487 2733 tinus
539 2681 681 2735 enim
742 2680 824 2733 his
869 2680 1204 2733 reclamaturi
1252 2686 1403 2732 erant
1450 2678 1641 2731 milites
1686 2679 1775 2747 qui
1829 2676 1924 2730 ad-

339 2773 772 2842 et-ant,rcgisque
816 2771 1069 2824 malitiam
1111 2770 1473 2839 experimento
1519 2770 1920 2840 cognoverant):

339 2864 443 2914 alia
471 2879 535 2916 ex
563 2872 710 2931 parte
735 2862 1069 2923 circumibat,
1096 2861 1314 2915 studens
1338 2860 1661 2929 probabilem
1690 2860 1926 2913 invenire

342 2955 760 3007 excusationem.
794 2952 845 3005 Id
873 2968 991 3006 cum
1030 2966 1133 3005 non
1167 2961 1364 3020 posset,
1399 2967 1495 3005 nec
1521 2951 1586 3003 ab
1626 2952 1770 3004 illius
1799 2952 1923 3017 vita,

344 3062 446 3098 nec
488 3061 514 3097 a
554 3044 727 3109 factis,
772 3045 837 3098 ad
884 3044 1191 3113 dignitatem
1238 3043 1378 3096 illius
1425 3042 1660 3113 cunfugit
1703 3043 1922 3098 dicens:

344 3137 594 3200 Quoniam
646 3136 861 3189 eln'istus
894 3134 1097 3188 Domini
1144 3143 1233 3187 est.
1295 3133 1431 3200 Quid
1476 3135 1589 3200 ais,
1646 3134 1926 3203 inquiunt?

342 3230 485 3299 quod
538 3229 829 3295 scelestus,
878 3228 1017 3297 quod
1067 3227 1356 3281 sceleribus
1406 3237 1642 3296 epertus,
1673 3242 1735 3282 ac
1786 3227 1926 3281 vitiis

342 3323 817 3377 inmtmerabilibns
860 3321 1124 3385 refertus,
1166 3329 1221 3375 et
1272 3321 1322 3374 in
1357 3335 1452 3374 nos
1496 3331 1731 3375 extrema
1779 3321 1925 3390 cogi-

346 3422 502 3470 tans?
538 3415 641 3471 Sed
686 3432 776 3469 rex
800 3424 902 3481 est,
934 3415 1025 3469 sed
1056 3415 1317 3484 princeps,
1347 3414 1439 3467 scd
1475 3414 1825 3483 principatum
1873 3412 1925 3466 in

345 3525 444 3561 nos
479 3508 731 3576 suscepit.
762 3507 938 3575 Neque
961 3515 1134 3560 tamen
1164 3505 1315 3571 dixit,
1356 3506 1466 3559 Rex
1493 3514 1593 3568 est,
1621 3504 1736 3568 sed,
1777 3503 1925 3558 Chri-

344 3611 452 3651 stus
496 3598 695 3651 Domini
722 3608 813 3662 est,
861 3613 963 3651 non
992 3597 1060 3651 ab
1103 3598 1332 3652 humano
1375 3598 1595 3660 honore,
1629 3597 1719 3651 sed
1762 3612 1789 3649 a
1820 3612 1927 3651 cae-

344 3691 462 3746 lesti
504 3691 703 3760 jutlitio
749 3699 958 3759 sumpto
1007 3690 1297 3745 honorifico
1342 3690 1662 3745 testimOnio.
1719 3688 1929 3743 Conte—

346 3785 485 3837 muis
504 3827 517 3845 ,
559 3785 753 3854 inquit,
780 3798 1094 3838 conservum
1133 3784 1318 3836 tuum?
1344 3782 1608 3836 Reverere
1629 3782 1923 3836 dominum.

346 3877 662 3944 Aspernaris
688 3875 956 3929 electum?
986 3874 1157 3929 Metue
1198 3889 1319 3927 eum
1368 3874 1455 3942 qui
1500 3874 1674 3943 elegit.
1716 3872 1927 3927 Etenim

346 3968 388 4020 si
420 3967 660 4037 vulgares
687 3967 816 4020 istos
855 3964 1131 4035 prazfectos
1170 3965 1236 4018 ab
1264 3964 1587 4032 lmpcratore
1625 3964 1927 4033 designatos

346 4062 550 4115 etiamsi
580 4062 685 4115 sint
715 4059 959 4129 improbi,
992 4059 1035 4114 si
1064 4058 1225 4120 fures,
1246 4058 1289 4111 si
1321 4057 1618 4127 praedones,
1648 4057 1691 4110 si
1724 4056 1924 4125 injusti,

346 4152 390 4205 si
422 4150 790 4221 quodcumque
824 4149 965 4203 aliud
1007 4149 1235 4213 fuerint,
1261 4148 1507 4202 timemus
1537 4157 1589 4202 et
1614 4148 1925 4212 horremus,

347 4259 453 4297 non
496 4252 711 4311 propter
741 4242 994 4296 malitiam
1036 4242 1386 4310 deSpicientes
1424 4256 1550 4305 eos,
1592 4240 1684 4295 sed
1716 4249 1930 4310 propter

347 4335 655 4403 dignitatem
688 4332 825 4387 illius
855 4348 883 4386 a
918 4347 1023 4402 quo
1049 4332 1204 4386 electi
1231 4340 1355 4385 sunt
1384 4341 1690 4386 reverentes
1719 4349 1731 4384 :
1763 4331 1931 4384 multo

348 4426 577 4493 amplius
606 4423 656 4477 id
684 4423 857 4479 facere
877 4424 1123 4478 convenit
1152 4439 1273 4492 erga
1303 4438 1394 4477 eos
1420 4438 1551 4492 quos
1581 4424 1737 4492 elegit
1770 4424 1927 4478 Deus.

347 4515 633 4580 Nondum,
663 4516 865 4585 inquit,
914 4517 1054 4571 Deus
1094 4515 1358 4569 abdicavit
1400 4515 1549 4569 illum
1597 4515 1928 4584 principatu,

343 4608 583 4662 nondum
608 4608 728 4661 fecit
751 4623 872 4662 eum
908 4624 969 4662 ex
1002 4623 1125 4677 rege
1148 4608 1429 4676 privatum.
1455 4606 1634 4675 Itaque
1655 4622 1721 4661 ne
1750 4606 1930 4660 inver-

350 4708 528 4753 tamus
553 4698 812 4763 ordinem,
846 4714 1016 4768 neque
1046 4712 1337 4767 pugnemus
1366 4712 1484 4751 eum
1514 4699 1644 4761 Deo,
1676 4698 1930 4767 apostoli-

342 4807 477 4846 cum
497 4790 621 4843 illud
650 4790 847 4844 dictum
872 4789 1022 4844 factis
1049 4798 1361 4860 praestantes
1388 4807 1401 4843 :
1430 4790 1681 4857 Quoniam
1713 4791 1933 4861 quisquis

354 4883 535 4935 resistit
559 4883 809 4951 potestati,
836 4880 932 4935 Dei
952 4882 1257 4935 ordinationi
1275 4883 1494 4945 resistit;
1518 4883 1817 4953 quicumque
1841 4899 1936 4935 au-

352 4986 452 5028 tem
480 4976 748 5039 resistunt,
778 4973 997 5043 sibiipsis
1035 4974 1277 5043 accipient
1316 4974 1688 5026 damnationem
1740 4973 1930 5044 (Rom.

353 5068 444 5120 15.
472 5066 550 5133 2).
574 5065 687 5118 Non
718 5066 885 5118 solum
908 5065 1189 5134 appellavit
1220 5065 1364 5118 illum
1394 5064 1674 5129 christum,
1706 5064 1807 5119 hoc
1832 5074 1932 5130 est,

352 5167 571 5212 unctum
597 5167 648 5211 et
677 5172 891 5226 regem;
935 5172 1116 5211 verum
1148 5158 1305 5210 etiam
1341 5172 1495 5211 suum
1537 5157 1809 5211 dominum
1838 5172 1934 5210 vo-

354 5250 515 5302 cavit.
534 5248 648 5303 Non
680 5258 763 5302 est
792 5249 1073 5303 mediocris
1101 5249 1468 5317 philosophiae,
1488 5249 1691 5303 hostem
1717 5248 1933 5303 honoris

356 5351 413 5393 et
437 5339 675 5409 obsequii
704 5339 972 5393 vocabulis
999 5339 1286 5408 appellare.
1308 5342 1477 5408 Atque
1500 5340 1549 5392 id
1574 5354 1757 5393 rursus
1779 5355 1934 5409 quam

355 5433 429 5486 sit
453 5447 718 5499 ntagnum,
745 5447 808 5485 ex
836 5432 918 5485 his
943 5447 1059 5500 qua:
1089 5431 1295 5485 caneris
1311 5432 1555 5485 accidunt
1573 5443 1727 5501 queat
1747 5433 1937 5502 aliquis

356 5523 679 5592 perspicere.
704 5523 949 5590 Plerique
979 5523 1235 5589 siquidem
1278 5522 1521 5577 inimicos
1544 5539 1670 5577 suos
1697 5538 1763 5577 ne
1787 5526 1938 5579 nudis

354 5613 570 5683 quidem
600 5628 663 5667 ac
683 5613 1007 5681 simplicibus
1034 5613 1335 5666 nominibus
1356 5613 1622 5683 appellare
1652 5616 1936 5682 sustinent,

358 5708 454 5764 Sed
493 5708 608 5761 aliis
647 5707 915 5761 vocabulis
951 5706 1149 5760 odiosis
1190 5720 1286 5760 eos
1329 5707 1604 5760 nominant
1634 5723 1646 5760 :
1682 5708 1938 5776 impium,

360 5786 628 5864 insanum,
662 5807 835 5855 mente
866 5806 1106 5869 captum,
1137 5796 1384 5865 delirum,
1410 5798 1744 5868 pestilentem
1774 5817 1785 5854 :
1814 5801 1939 5857 alia-

1392 376 1479 430 DF.‘
1519 373 1772 429 DAVIDE
1810 372 1900 428 ET
1937 371 2163 429 SAULE
2201 373 2475 431 liOMlLIA
2519 376 2557 430 1.

330 507 574 553 naturam
607 492 911 556 humanam,
953 488 1253 556 caelestique
1301 501 1434 556 opus
1465 487 1661 540 habere
1695 485 1910 546 auxilio,
1952 536 1953 539 η

3505 382 3612 438 686

2021 500 2125 555 que
2149 487 2310 539 multa
2334 494 2657 553 contexunt,
2682 488 2868 559 hisque
2905 489 3043 546 notis
3066 490 3344 562 designant
3375 492 3599 548 hostem.

2022 575 2077 630 ld
2115 591 2235 631 esse
2279 593 2462 632 verum
2485 620 2499 646 ,
2532 582 2783 650 exemplo
2833 598 2936 635 non
2976 584 3184 637 eminus
3218 586 3416 655 petito,
3458 586 3549 640 sed
3580 604 3609 641 e

2022 667 2264 736 proximo
2293 678 2504 739 sumpto
2527 670 2749 738 docebo,
2778 673 3027 727 nimirum
3056 675 3123 729 ab
3147 675 3249 731 hoc
3279 677 3391 746 ipso
3420 676 3603 741 Saule,

2022 761 2108 828 qui
2134 759 2335 829 justum
2364 762 2502 816 hunc
2540 764 2611 818 ob
2649 764 2937 821 vehemens
2986 768 3164 821 odium
3210 784 3315 823 non
3360 772 3611 825 sustinuit

2023 853 2238 920 proprio
2275 868 2468 909 vocare
2513 857 2755 923 nomine,
2786 857 2877 912 sed
2928 874 3048 913 cum
3088 860 3372 930 aliquando
3416 861 3607 917 festum

2022 944 2287 1013 quoddam
2315 946 2697 1013 celebraretur,
2728 951 3010 1020 requirens
3041 967 3192 1017 eum,
3236 954 3475 1021 dicebat,
3511 953 3608 1009 Ubi

2021 1044 2095 1089 est
2120 1037 2257 1103 [ilius
2282 1037 2425 1091 Jesse
2449 1037 2467 1109 (
2492 1040 2541 1093 1.
2569 1039 2696 1110 Reg.
2727 1041 2817 1095 20.
2840 1044 2971 1114 27)?
2996 1042 3084 1099 Sic
3121 1054 3295 1098 autem
3325 1047 3609 1115 appellavit

2023 1142 2143 1182 eum
2175 1129 2366 1197 partim
2406 1130 2529 1184 odio
2569 1134 2764 1202 proprii
2809 1136 3069 1201 nominis,
3115 1140 3303 1206 partim
3349 1142 3605 1208 genitoris

2022 1220 2277 1275 vilitatem
2307 1232 2516 1288 notans,
2549 1238 2769 1292 sperans
2793 1225 2902 1280 fore
2933 1236 2988 1280 ut
3013 1227 3113 1281 hoc
3140 1239 3292 1297 pacto
3315 1230 3441 1299 justi
3472 1232 3607 1285 fama

2023 1310 2513 1365 contaminaretur:
2548 1312 2685 1368 haud
2726 1315 3030 1385 intelligens
3066 1319 3333 1373 hominem
3380 1321 3608 1375 nobilem

2025 1402 2396 1472 illustremque
2435 1404 2585 1459 reddi
2632 1408 2837 1473 solere,
2871 1424 2975 1462 non
3020 1411 3416 1479 progenitorum
3453 1412 3612 1467 clari-

2029 1502 2168 1556 tate,
2200 1494 2291 1548 scd
2340 1496 2501 1550 animi
2534 1499 2745 1553 virtute.
2784 1501 2853 1554 At
2893 1516 2998 1555 non
3046 1503 3226 1557 itidem
3269 1506 3389 1559 fecit
3429 1505 3614 1560 beatus

2030 1585 2214 1639 David.
2246 1585 2428 1656 Neque
2455 1588 2597 1641 enim
2630 1590 2796 1657 patris
2826 1601 3180 1660 cognomento
3206 1595 3411 1649 vocavit
3443 1596 3609 1661 illttm,
3690 1606 3691 1609 ‘

2025 1691 2342 1746 quamquam
2376 1678 2418 1730 is
2446 1694 2655 1749 quoque
2700 1680 2794 1734 fuit
2821 1681 3105 1737 admodum
3151 1683 3367 1740 humilis
3404 1694 3458 1740 et
3484 1702 3612 1741 con-

2028 1777 2257 1837 temptus
2285 1786 2299 1822 :
2328 1784 2501 1839 neque
2532 1771 2673 1824 nudo
2695 1773 3027 1844 simplicique
3053 1777 3269 1831 nomine
3297 1777 3616 1847 designavit,

2026 1861 2117 1915 sed
2141 1862 2409 1931 dignitatis
2438 1871 2491 1916 et
2519 1864 2843 1933 principatus
2867 1867 3035 1920 titulo.
3060 1867 3243 1937 Usque
3263 1869 3397 1923 adeo
3424 1887 3611 1939 purum

2026 1952 2093 2005 ab
2137 1952 2282 2006 omni
2332 1953 2700 2008 malevolentia
2740 1955 2956 2024 gerebat
2999 1957 3254 2011 animum.
3290 1959 3516 2013 Proinde
3560 1972 3612 2013 tu

2027 2058 2259 2113 quoque,
2288 2044 2595 2111 carissime,
2629 2045 2767 2099 hunc
2798 2046 3010 2101 imitans
3035 2090 3049 2113 ,
3080 2050 3207 2103 illud
3240 2051 3289 2103 in
3329 2052 3515 2120 primis
3536 2052 3616 2106 di-

2027 2134 2181 2198 scito,
2218 2150 2284 2187 ne
2324 2150 2573 2203 umquam
2619 2137 2888 2190 inimicum
2929 2139 3129 2193 odiosis
3169 2143 3492 2209 nominibus,
3523 2143 3614 2195 sed

2032 2224 2344 2279 honoriﬁcis
2376 2227 2552 2295 potius
2596 2228 2850 2296 appelles.
2890 2229 3098 2282 Etenim
3142 2231 3186 2283 si
3228 2246 3289 2284 os
3329 2234 3621 2288 assueverit

2028 2331 2151 2371 cum
2181 2316 2268 2387 qui
2302 2316 2439 2371 laesit
2470 2318 2688 2373 honoris
2714 2319 3060 2391 obscqniique
3100 2323 3407 2376 nominibus
3433 2326 3616 2391 appel-

2028 2407 2161 2474 lare,
2185 2408 2393 2460 animus
2422 2407 2536 2461 haec
2561 2409 2779 2463 audiens
2800 2425 2828 2462 a
2856 2411 3031 2479 lingua
3057 2410 3243 2465 doctus
3270 2426 3374 2465 non
3398 2413 3619 2481 refugict

2029 2515 2149 2554 cum
2180 2500 2272 2554 illo
2299 2500 2474 2555 redire
2496 2500 2546 2554 in
2575 2504 2819 2570 gratiam.
2848 2502 2980 2556 Nam
3002 2503 3113 2572 ipsa
3136 2504 3293 2558 verba
3324 2504 3615 2558 remedium

2030 2602 2187 2648 erunt
2216 2593 2470 2661 optimum
2495 2594 2686 2649 ulceris
2717 2597 2768 2648 in
2796 2596 2958 2650 corde
2990 2597 3353 2651 tumescentis.

2104 2685 2156 2737 7.
2197 2683 2365 2739 David
2393 2701 2423 2737 a
2452 2684 2593 2738 nobis
2621 2686 2915 2741 imitandus.
2955 2717 3026 2727 —
3050 2688 3172 2742 llazc
3199 2703 3338 2741 nunc
3369 2688 3617 2757 loquutus

2032 2794 2168 2846 sum,
2202 2796 2310 2833 non
2339 2787 2539 2833 tantum
2572 2788 2630 2832 ut
2654 2780 2931 2833 laudemus
2959 2780 3234 2845 Davidem,
3258 2780 3352 2835 sed
3379 2790 3433 2835 ιη
3453 2797 3617 2835 armu-

2033 2870 2204 2924 lemttr
2232 2885 2460 2939 quoque.
2498 2870 2644 2925 llanc
2682 2871 2840 2939 igitur
2877 2870 3151 2925 historiam
3180 2872 3231 2925 in
3272 2888 3368 2926 suo
3397 2872 3621 2941 quisque

2033 2962 2194 3016 corde
2220 2961 2319 3015 sibi
2350 2960 2633 3031 depingat,
2670 2962 3119 3032 contemplatione
3147 2964 3306 3016 veluti
3338 2979 3497 3017 manu
3535 2979 3620 3015 as-

2033 3053 2183 3108 sidue
2221 3052 2275 3106 in
2306 3060 2482 3107 mente
2509 3052 2784 3107 delineans
2813 3054 3118 3122 speluncam
3150 3054 3288 3107 illam
3328 3054 3613 3121 duplicem,

2034 3147 2206 3215 ipsum
2245 3144 2459 3201 Saiilcm
2492 3145 2631 3199 intus
2656 3145 3009 3199 dormientem
3032 3187 3045 3205 ,
3072 3160 3365 3215 somnoque
3400 3144 3621 3214 perinde

2035 3247 2088 3291 ut
2130 3246 2315 3291 catena
2365 3236 2635 3302 vinctum,
2680 3238 2796 3303 ejus
2841 3252 2997 3305 quem
3050 3236 3363 3305 gravissime
3413 3237 3621 3290 la-serat

2033 3331 2235 3385 dextra:
2280 3329 2617 3396 subjectum;
2669 3328 2833 3381 David
2881 3328 3242 3381 imminentem
3296 3328 3617 3391 dormienti,

2034 3429 2323 3489 prtescntcs
2355 3418 2568 3483 milites,
2599 3425 2654 3472 et
2680 3417 2744 3470 ad
2774 3417 2971 3470 credem
2999 3418 3378 3479 adhortantes;
3408 3420 3617 3471 beatmn

2036 3515 2180 3568 illum
2224 3512 2725 3583 philosophantem,
2756 3509 2859 3565 hoc
2902 3519 3009 3575 est,
3044 3519 3096 3564 et
3135 3525 3284 3563 suam
3325 3520 3378 3564 et
3409 3511 3617 3563 illorum

2036 3607 2166 3660 iram
2190 3604 2549 3662 cohibentem,
2583 3617 2811 3670 eumque
2836 3602 2923 3670 qui
2956 3611 3060 3654 tam
3092 3603 3251 3654 multa
3284 3611 3616 3669 peccaverat,

2035 3704 2397 3751 excusantem.
2429 3693 2553 3747 llzec
2578 3734 2591 3755 ,
2625 3693 2858 3761 inquam,
2889 3709 2993 3745 non
3026 3692 3195 3745 solum
3238 3692 3290 3745 in
3319 3693 3494 3745 animo
3523 3692 3618 3745 de-

2038 3790 2336 3857 pingamus,
2367 3800 2550 3839 verum
2578 3784 2736 3837 etiam
2773 3784 2823 3837 in
2854 3783 3195 3837 consessibns
3221 3782 3360 3836 inter
3391 3796 3489 3835 nos
3532 3796 3621 3834 ιιι-

2035 3879 2185 3933 sidue
2215 3878 2532 3945 loquamur:
2566 3874 2662 3927 has
2696 3874 2833 3943 apud
2862 3889 3100 3938 uxorem,
3136 3874 3230 3927 has
3257 3873 3394 3941 apud
3428 3874 3622 3927 liberos

2036 3971 2341 4040 frequenter
2395 3982 2712 4023 renovemus
2762 3966 3111 4020 narrationes.
3142 3966 3351 4019 Etenim
3396 3966 3509 4019 sive
3556 3966 3625 4018 de

2035 4076 2159 4130 rege
2186 4060 2328 4129 loqui
2360 4058 2529 4123 voles,
2550 4073 2674 4111 ecce
2703 4072 2793 4111 rex
2823 4072 2840 4110 :
2867 4058 2977 4112 sive
3004 4057 3070 4111 dc
3100 4057 3373 4121 militibus,
3403 4058 3514 4111 sive
3554 4058 3622 4111 de

2035 4168 2095 4206 re
2141 4150 2423 4214 familiari,
2449 4149 2560 4203 sive
2600 4148 2667 4202 de
2716 4148 2938 4217 publicis
2968 4148 3315 4217 civilibusque
3362 4148 3619 4217 negotiis,

2040 4244 2244 4298 videbis
2266 4243 2316 4295 in
2342 4242 2630 4309 Seripturis
2651 4240 2840 4295 horum
2865 4241 3099 4294 omnium
3126 4256 3369 4311 magnam
3391 4241 3620 4310 capiam.

2038 4333 2351 4404 Ilujttsmodi
2379 4333 2915 4387 commemorationes
2946 4333 3227 4386 maximam
3256 4332 3485 4384 afferunt
3521 4332 3624 4384 uti—

2038 4429 2262 4483 litatem.
2300 4426 2632 4495 lmpossibile
2656 4434 2735 4480 est
2771 4425 2911 4479 enim
2937 4466 2951 4489 ,
2984 4423 3337 4492 impossibile,
3369 4424 3620 4492 inquam,

2038 4534 2139 4587 est,
2169 4523 2400 4576 animum
2441 4521 2492 4573 in
2525 4518 2825 4585 hujnsmodi
2854 4516 3089 4570 historiis
3115 4524 3436 4579 versantem,
3466 4530 3496 4569 a
3524 4530 3623 4569 cu-

2038 4614 2347 4687 piditatibus
2376 4612 2637 4681 superari.
2666 4609 2807 4679 Ergo
2828 4624 2895 4663 ne
2922 4617 3128 4678 tempus
3153 4609 3407 4662 inutiliter
3432 4623 3625 4661 consu-

2039 4719 2267 4767 mamus,
2292 4717 2426 4756 neve
2452 4701 2614 4754 vitam
2646 4710 2881 4754 nostram
2913 4697 3105 4751 frustra
3134 4706 3367 4751 teramus
3390 4697 3441 4752 in
3468 4701 3629 4769 nugis

2041 4795 2235 4865 ineptis
2264 4808 2326 4846 ac
2360 4790 2799 4861 supervacaneis,
2829 4789 3041 4842 fortium
3081 4788 3316 4842 virorum
3358 4788 3625 4841 discamus

2039 4902 2127 4942 res
2170 4896 2366 4957 gestas,
2400 4899 2462 4938 ac
2503 4884 2571 4938 de
2610 4883 2690 4937 his
2737 4881 2950 4959 assidue
2988 4881 3333 4936 disseramus.
3385 4880 3535 4948 Quod
3584 4881 3626 4933 si

2041 4979 2159 5049 quis
2191 4979 2241 5031 in
2270 4990 2525 5031 consessu
2564 4974 2793 5028 voluerit
2823 4982 2913 5027 aut
2948 4973 3016 5027 de
3060 4972 3377 5041 spectaculis
3397 5014 3410 5037 ,
3440 4983 3527 5025 aut
3563 4972 3629 5025 de

2041 5086 2198 5124 cursu
2228 5081 2509 5138 equorum,
2533 5074 2623 5119 aut
2643 5066 2709 5120 de
2733 5065 2894 5121 rebus
2922 5064 3051 5118 nihil
3075 5065 3139 5117 ad
3167 5072 3218 5117 te
3242 5062 3631 5131 pertinentibus

2042 5161 2200 5215 verba
2230 5158 2427 5223 facere,
2461 5157 2528 5210 ab
2574 5156 2659 5210 illa
2700 5156 2923 5210 materia
2967 5155 3049 5207 fac
3074 5168 3195 5207 eum
3223 5166 3463 5216 revoces,
3493 5160 3548 5206 ct
3577 5153 3627 5205 in

2042 5251 2301 5322 ejusmodi
2330 5251 2688 5306 narrationem
2730 5250 2965 5311 inducas,
2995 5262 3100 5316 quo
3124 5245 3282 5299 simul
3316 5254 3368 5300 et
3394 5247 3632 5314 purgatis

2044 5344 2263 5409 animis,
2294 5351 2349 5397 et
2381 5342 2673 5410 voluptate,
2711 5356 2827 5410 quae
2861 5339 3093 5409 periculo
3121 5347 3331 5403 careat,
3357 5338 3627 5400 delectati,

2043 5436 2275 5505 denique
2316 5434 2415 5502 ipsi
2453 5433 2609 5485 mites
2639 5446 2701 5485 ac
2730 5430 3017 5499 placabiles
3054 5444 3180 5499 erga
3222 5438 3447 5483 cunctos
3492 5429 3632 5481 male

2044 5527 2112 5581 de
2143 5526 2293 5580 nobis
2322 5524 2543 5577 meritos
2574 5522 2715 5586 facti,
2741 5537 2806 5575 ex
2850 5521 2948 5575 hac
2984 5522 3087 5574 vita
3128 5521 3437 5589 migrcmus,
3464 5520 3514 5573 in
3547 5518 3628 5572 l‘u-

2047 5629 2166 5673 turo
2192 5616 2387 5672 saeculo
2420 5615 2623 5669 nullum
2667 5614 2922 5670 habentes
2963 5615 3263 5675 inimicum,
3304 5612 3628 5667 bona-etiam

2047 5721 2245 5763 :eterna
2286 5720 2697 5774 consequamur,
2738 5706 2904 5773 gratia
2933 5713 2987 5759 et
3024 5704 3261 5758 bonitate
3300 5702 3503 5758 Domini
3536 5717 3625 5757 nov

2050 5801 2144 5854 stri
2172 5798 2297 5853 .lcsu
2329 5795 2544 5863 Christi,
2573 5796 2656 5850 cui
2685 5795 2850 5866 gloria
2882 5795 2935 5849 in
2962 5794 3172 5849 saecula.
3198 5795 3390 5849 Amen.
