4064 6436
472 385 577 443 687
606 388 609 391 ’

1070 490 1346 547 IIOMILIA
1386 490 1450 544 Ιί.

470 605 622 675 Quod
640 623 876 679 magnum
896 607 960 661 sit
985 606 1191 669 bonum,
1217 621 1315 659 non
1343 613 1537 659 tantum
1559 620 1786 659 exercere
1807 608 2056 673 virtutem,

539 700 860 753 uerumetiam
897 697 1107 752 laudare
1134 713 1153 751 :
1175 697 1406 768 quodque
1451 696 1617 751 Dauid
1650 691 2057 769 magniﬁcentius

540 790 785 852 tropaeum
826 783 1039 836 eri‘xerit
1078 782 1331 853 parcendo
1379 781 1528 836 Saiili
1550 823 1565 847 ,
1612 798 1764 852 quam
1806 792 2059 854 prostrato

533 870 741 927 Goliam
760 874 1018 944 :quodque
1032 874 1138 927 haec
1153 875 1343 945 faciens
1362 871 1523 943 magis
1539 872 1782 943 profuerit
1797 874 1891 927 sibi
1909 891 2057 945 quant

535 964 686 1021 Sauli
711 982 731 1021 :
756 966 915 1036 deque
933 966 1256 1021 excusatione
1279 967 1439 1037 ipsius
1464 967 1603 1037 apud
1628 966 1855 1022 Sat’tlem.

537 1084 588 1138 ‘I.
617 1082 855 1137 Laudare
879 1082 1058 1136 virtute
1096 1082 1335 1152 praeditos
1365 1080 1586 1151 prodest.
1610 1111 1684 1122 —-
1702 1081 1812 1137 Vos
1841 1082 2055 1152 quidem

467 1189 642 1244 nuper
678 1173 935 1227 laudastis
966 1172 1221 1228 Davidem
1253 1172 1324 1227 ob
1365 1172 1626 1226 malorum
1678 1173 2053 1240 tolerantiam;

461 1281 563 1336 ego
585 1266 819 1320 vicissim
845 1265 1147 1320 admirabar
1187 1275 1419 1320 vestram
1455 1280 1580 1335 erga
1612 1265 1863 1321 Da‘videm
1895 1266 2053 1322 bene-

461 1357 748 1412 volentiam
787 1372 851 1412 ac
892 1357 1132 1412 caritatis
1174 1356 1445 1412 allectum.
1494 1356 1610 1412 Non
1660 1357 1801 1412 enim
1844 1368 2057 1428 Oportet

461 1447 611 1503 adire
659 1449 821 1503 modo
849 1457 904 1503 et
942 1447 1183 1503 mutulari
1224 1448 1512 1513 virtutem,
1561 1449 1912 1505 verumetiam
1960 1464 2055 1506 eos

458 1540 549 1610 qui
578 1540 828 1596 virtutem
858 1541 1257 1610 amplectuntur
1275 1582 1288 1603 ,
1316 1540 1561 1596 laudibus
1589 1542 1822 1597 evehere
1840 1583 1856 1609 ,
1884 1550 1939 1597 et
1960 1543 2054 1599 ad-

460 1630 735 1685 mirandos
764 1631 1055 1701 praedicare
1076 1672 1091 1695 ,
1125 1632 1279 1686 nobis
1308 1631 1538 1686 fructum
1567 1631 1794 1700 aliquem
1822 1646 2055 1702 eumque

460 1721 603 1777 haud
649 1723 923 1793 vulgarem
978 1722 1173 1777 all‘ert:
1215 1722 1666 1793 quemadmodum
1710 1737 1778 1778 ex
1819 1722 2053 1779 adverso

458 1816 778 1885 pravitatem
811 1832 914 1871 non
948 1815 1183 1870 :cmulari
1226 1824 1450 1880 tantum,
1493 1815 1843 1871 verumetiam
1886 1816 1938 1871 in
1986 1831 2050 1872 ea

458 1907 695 1962 viventes
738 1907 992 1972 laudare,
1039 1906 1355 1977 supplicium
1399 1906 1541 1961 haud
1586 1906 1856 1962 mediocre
1899 1906 2052 1962 nobis

456 2007 606 2067 parat
624 2017 638 2054 :
658 2010 711 2054 et
737 2001 779 2054 si
799 1998 876 2054 fas
904 2009 987 2054 est
1010 1999 1259 2066 quiddam
1286 2014 1481 2053 novum
1503 2005 1558 2053 et
1581 1997 1951 2054 admirandum
1972 1998 2053 2055 di—

455 2104 579 2145 cere
598 2131 611 2155 ,
641 2092 852 2161 gravius
880 2090 1200 2161 supplicium
1229 2098 1410 2145 manet
1436 2090 1576 2156 illos,
1609 2105 1767 2161 quam
1794 2090 1938 2160 ipsos
1958 2091 2050 2161 qui

457 2180 597 2234 male
622 2183 822 2235 vivunt.
848 2178 904 2233 ld
927 2180 1208 2234 declarans
1229 2180 1448 2247 Paulus,
1471 2188 1812 2250 posteaquam
1834 2195 2048 2237 omnem

462 2269 677 2327 malitias
719 2256 954 2340 Speciem
984 2281 1391 2338 enumerasset,
1425 2281 1835 2342 accusassetque
1861 2287 2050 2329 omnes

457 2363 546 2433 qui
578 2365 720 2433 leges
749 2364 838 2418 Dei
869 2364 1204 2430 conculcant,
1237 2363 1307 2419 de
1335 2365 1444 2419 illis
1471 2364 1600 2434 ipsis
1656 2365 1908 2435 subjicit:
1942 2364 2047 2431 Qui

459 2469 576 2506 cum
602 2452 699 2508 Dei
708 2452 975 2522 justitiam
993 2464 1215 2522 nossent,
1238 2454 1377 2527 quod
1402 2455 1488 2526 qui
1512 2455 1637 2509 talia
1658 2458 1873 2527 faciunt,
1906 2457 2050 2529 digni

454 2556 572 2600 sunt
602 2556 788 2608 morte.
838 2563 940 2601 non
984 2546 1148 2602 solum
1177 2563 1238 2601 ea
1274 2548 1493 2618 faciunt,
1523 2547 1611 2601 sed
1636 2557 1683 2602 et
1719 2549 2048 2620 comprobant

456 2638 549 2692 illa
575 2639 815 2710 facientes
850 2654 869 2692 :
910 2639 1022 2692 ideo
1050 2638 1407 2693 inexcusabilis
1436 2655 1508 2705 es,
1537 2655 1567 2694 ο
1597 2639 1744 2693 homo
1766 2639 1784 2711 (
1806 2640 1957 2694 Rom.
1989 2642 2043 2695 I.

459 2730 550 2785 32.
578 2740 691 2785 etc.
717 2729 773 2783 2.
807 2746 852 2784 υ.
886 2731 961 2799 1).
993 2730 1153 2785 Vides
1180 2745 1302 2785 eum
1328 2730 1398 2785 ita
1427 2731 1568 2801 loqui
1590 2738 1647 2786 ut
1670 2731 1919 2787 ostendat
1944 2731 2046 2788 hoc

455 2835 578 2877 esse
603 2821 816 2891 gravius
843 2821 954 2875 illo.
987 2820 1118 2874 Nam
1150 2820 1366 2876 laudare
1392 2820 1783 2892 delinquentes,
1810 2823 1956 2894 quod
1978 2823 2045 2879 ad

454 2913 771 2982 supplicium
801 2912 1049 2982 pertinet,
1074 2912 1229 2983 longe
1256 2913 1375 2983 plus
1401 2923 1484 2968 est
1511 2929 1672 2984 quam
1693 2913 2043 2985 delinquere:

456 3005 617 3075 idque
644 3005 766 3076 jure
796 3006 1015 3072 merito,
1044 3006 1166 3076 quia
1204 3005 1307 3061 hoc
1346 3005 1655 3077 suffragium
1696 3007 2048 3078 proﬁciscitur

455 3097 525 3152 ab
552 3098 732 3154 animo
763 3100 916 3169 plane
942 3108 1195 3168 corrupto
1214 3139 1228 3162 ,
1261 3108 1317 3154 et
1356 3098 1636 3154 insanabili
1675 3100 1863 3155 morbo
1892 3099 2045 3157 labo-

454 3197 629 3245 rante.
656 3188 926 3259 Siquidem
952 3191 996 3244 is
1021 3190 1109 3260 qui
1129 3190 1254 3245 dum
1276 3197 1481 3260 peccat,
1510 3189 1830 3247 condemnat
1851 3207 2041 3261 pecca-

460 3293 570 3338 tum
600 3298 755 3338 suum
781 3325 797 3351 ,
826 3283 1024 3353 poterit
1052 3283 1341 3354 aliquando
1378 3283 1637 3354 temporis
1666 3298 1951 3355 progressu
1976 3283 2044 3341 ad

452 3389 512 3430 se
538 3374 741 3440 redire;
769 3375 860 3446 qui
898 3390 1025 3431 vero
1054 3375 1235 3431 laudat
1266 3374 1522 3430 malitiam
1543 3417 1557 3442 ,
1589 3375 1636 3430 is
1661 3376 1896 3446 seipsum
1932 3377 2043 3447 pri-

452 3468 595 3521 vavit
616 3468 911 3533 curatione,
938 3484 1095 3539 quam
1121 3467 1277 3523 all'ert
1305 3467 1638 3539 poenitentia.
1664 3468 1894 3525 Proinde
1925 3485 2042 3526 me-

450 3560 557 3615 rito
581 3558 775 3615 Paulus
811 3560 1173 3629 pronuntiavit
1199 3558 1301 3615 hoc
1328 3559 1422 3616 illo
1447 3573 1568 3615 esse
1595 3560 1828 3631 gravius.
1860 3561 2044 3632 Itaque

451 3651 593 3707 sicut
617 3667 724 3707 non
776 3661 986 3707 tantum
1031 3653 1067 3706 ii
1089 3653 1179 3722 qui
1218 3667 1381 3722 prava
1408 3652 1643 3719 faciunt,
1692 3656 2040 3708 verumetiam

450 3745 542 3815 qui
585 3745 717 3800 tales
755 3744 973 3799 laudant
998 3760 1061 3800 ac
1088 3744 1380 3815 prtedieant
1403 3786 1419 3811 ,
1444 3744 1688 3800 eamdem
1709 3786 1725 3811 ,
1757 3754 1850 3799 aut
1878 3745 2040 3801 etiam

449 3835 748 3906 graviorem
775 3850 985 3907 pinnam
1014 3835 1310 3892 sortiuntur
1341 3852 1356 3889 :
1386 3835 1455 3890 ita
1482 3834 1571 3904 qui
1597 3835 1768 3891 bonos
1795 3835 2040 3891 laudibus

447 3926 650 3981 velumt
691 3942 753 3982 ac
793 3927 1087 3996 praedicant
1123 3968 1140 3994 ,
1181 3940 1499 3981 coronarum
1542 3924 1646 3981 illis
1683 3927 2038 3995 repositorum

449 4018 585 4072 ﬁunt
606 4018 914 4088 participes.
940 4018 1091 4087 Quod
1119 4018 1293 4087 ipsum
1316 4017 1391 4073 ita
1417 4030 1538 4072 esse
1563 4032 1596 4073 e
1615 4016 1889 4088 Scriptura
1912 4016 2041 4072 licet

445 4110 769 4178 perspicere.
809 4110 946 4164 Deus
971 4111 1114 4164 enim
1143 4110 1214 4164 ita
1252 4108 1488 4179 loquitur
1515 4107 1743 4163 Abrahae
1775 4126 1790 4161 :
1824 4107 2041 4163 Benedi-

447 4199 671 4253 centibns
692 4199 778 4252 tibi
803 4200 1111 4266 benedicant,
1134 4209 1180 4253 et
1200 4198 1612 4254 maledicentibus
1633 4199 1721 4254 tibi
1740 4197 2039 4254 maledicunt
2085 4211 2090 4217 ‘

445 4292 463 4361 (
489 4289 617 4346 Gen.
650 4290 737 4345 l2.
769 4290 861 4361 5).
893 4289 1039 4345 Idem
1078 4291 1130 4344 in
1161 4289 1451 4361 Olympicis
1490 4289 1871 4345 certaminibus
1899 4289 2041 4346 acci-

442 4383 569 4440 dere
598 4384 796 4439 videbit
827 4384 1020 4454 quivis.
1054 4382 1236 4453 Neque
1256 4381 1396 4437 enim
1423 4381 1623 4435 athleta
1650 4390 1851 4436 tantum
1873 4396 2033 4437 coro-

442 4490 564 4531 nam
590 4484 825 4547 gestans,
848 4490 1022 4545 neque
1043 4474 1131 4544 qui
1164 4473 1405 4528 laborem
1427 4487 1492 4527 ac
1521 4471 1771 4527 sudorem
1815 4472 2039 4542 pertulit

440 4566 621 4629 modo,
655 4581 838 4622 verum
861 4576 917 4622 et
942 4567 985 4622 is
1009 4565 1096 4636 qui
1124 4564 1303 4620 laudat
1325 4563 1603 4629 victorem,
1635 4578 1742 4618 non
1763 4563 2036 4619 minimam

440 4659 612 4713 laudis
651 4660 794 4713 illius
821 4659 1148 4730 voluptatem
1189 4658 1449 4727 decerpit.
1480 4656 1821 4728 Quapropter
1848 4665 1903 4712 et
1935 4672 2036 4728 ego

439 4764 546 4803 non
571 4750 744 4803 solum
773 4764 1090 4819 generosum
1113 4750 1261 4805 illum
1283 4763 1345 4805 ac
1360 4749 1758 4819 magnanimum
1779 4749 1850 4804 ob
1869 4748 2034 4803 animi

438 4840 828 4910 philosophiam
869 4841 1082 4896 beatum
1109 4840 1344 4911 praedico
1367 4881 1383 4903 ,
1415 4854 1601 4895 verum
1633 4847 1688 4894 et
1717 4852 1812 4894 vos
1837 4839 1908 4894 ob
1933 4840 2033 4895 be-

437 4931 687 4987 nevolum
720 4945 843 4999 erga
873 4930 1023 4984 illum
1048 4932 1305 4986 animum.
1337 4929 1432 4986 Ille
1456 4945 1689 5001 namque
1714 4931 1941 4985 certavit
1968 4944 2033 4985 ac

435 5022 606 5089 vicit,
637 5034 1000 5092 coronamque
1048 5020 1209 5075 tulit:
1250 5035 1345 5075 vos
1373 5028 1549 5076 autem
1590 5021 1713 5092 quia
1755 5021 2034 5076 victoriam

433 5114 707 5180 Iaudastis,
726 5128 831 5168 non
854 5112 1177 5170 mediocrem
1197 5127 1410 5168 corona:
1430 5120 1635 5184 partem
1651 5113 1803 5169 vobis
1820 5114 2032 5170 tulistis.

435 5205 505 5262 Ut
542 5206 700 5276 igitur
742 5206 966 5262 uberior
990 5205 1063 5261 sit
1104 5203 1259 5260 vobis
1304 5205 1402 5260 ista
1432 5204 1676 5275 voluptas
1700 5245 1714 5270 ,
1743 5220 1805 5261 ac
1831 5205 2035 5263 fructus

432 5296 786 5351 abundantior
810 5340 826 5363 ,
855 5298 1082 5369 agedum
1113 5299 1350 5368 reliquas
1373 5313 1585 5368 quoque
1615 5298 1771 5368 hujus
1796 5297 2035 5354 historia:

324 5452 334 5463 ο
433 5397 613 5457 partes
635 5389 783 5444 vobis
804 5389 1191 5457 persolvamus.
1215 5390 1347 5445 Cum
1375 5388 1613 5443 historia:
1640 5390 1868 5457 scriptor
1889 5404 2036 5442 com-

438 5490 796 5534 memorasset
819 5481 982 5535 verba
1003 5521 1020 5546 ,
1047 5481 1241 5551 quibus
1270 5479 1432 5537 David
1463 5480 1665 5536 caedem
1694 5478 1998 5550 reprobat-it
2017 5521 2032 5542 ,

436 5572 699 5638 subjecit:
731 5569 853 5625 Non
882 5574 1108 5640 permisit
1128 5573 1256 5639 illis,
1298 5584 1355 5629 ut
1379 5584 1644 5643 surgerent
1669 5582 1717 5627 et
1743 5573 2033 5628 occiderent

440 5657 572 5714 Sail!
600 5663 687 5729 (1.
719 5661 846 5732 Reg.
881 5662 973 5717 24.
1004 5664 1081 5733 8)
1109 5681 1122 5717 :
1154 5665 1310 5720 simul
1354 5673 1411 5721 et
1457 5664 1668 5719 illorum
1711 5662 1919 5718 animos
1965 5662 2031 5718 ad

438 5750 639 5806 omnem
669 5764 962 5824 promptos,
990 5764 1042 5811 et
1070 5755 1227 5828 hujus
1270 5756 1634 5813 fortitudinem
1658 5755 2032 5813 demonstrare

440 5839 641 5897 volens.
691 5845 761 5900 At
804 5844 954 5902 multi
1014 5862 1143 5908 sane
1189 5849 1282 5917 qui
1327 5847 1574 5907 videntur
1616 5847 1978 5921 philosophari
2007 5891 2025 5922 ,

1256 381 1313 437 S.
1353 379 1631 437 JOANNIS
1667 378 2144 440 CHRYSOSTOMI
2184 381 2502 440 ARCHIEP.
2544 383 3081 446 CONSTANTINOP.

3665 396 3769 457 688

2164 493 2372 551 etiamsi
2407 497 2504 566 ipsi
2537 498 2676 553 inse
2708 514 2810 554 non
2839 501 3100 572 recipiunt
3143 501 3493 562 homicidium
3514 550 3532 576 ,
3576 511 3769 566 nolunt

2166 597 2343 641 tamen
2373 589 2507 644 alios
2545 590 2636 658 qui
2663 591 2863 647 ctedem
2909 604 3097 664 parant
3138 597 3412 654 cohibere.
3440 601 3511 654 At
3541 616 3651 657 non
3694 604 3763 657 ita

2166 676 2350 745 David,
2378 680 2471 734 sed
2497 681 2717 750 perinde
2737 697 2799 737 ac
2820 683 2865 765 si
2886 684 3185 755 depositum
3204 689 3419 760 aliquod
3440 693 3765 763 accepisset,

2165 788 2261 842 pro
2300 789 2406 843 quo
2435 775 2696 831 rationem
2739 777 3043 834 redditurus
3070 791 3256 846 esset,
3302 784 3373 838 ita
3403 800 3514 839 non
3554 794 3760 841 tantum

2164 867 2277 934 ipse
2305 882 2409 921 non
2437 869 2611 938 attigit
2637 870 2930 936 inimicum,
2957 888 3142 929 verum
3163 878 3324 931 etiam
3351 877 3488 932 alios
3515 881 3763 938 occidere

2161 959 2402 1014 volentes
2426 963 2683 1029 coercuit,
2712 964 2928 1021 satelles
2960 968 3195 1036 optimus
3219 979 3275 1024 et
3308 974 3555 1041 corporis
3580 986 3761 1030 custos

2163 1067 2256 1121 pro
2276 1051 2426 1108 hoste
2447 1053 2633 1110 factus.
2658 1056 2840 1127 Itaque
2860 1074 2965 1112 non
2986 1060 3246 1116 abcrrarit
3260 1077 3289 1116 a
3310 1079 3460 1132 vero,
3484 1067 3577 1136 qui
3600 1068 3759 1136 dicat,

2162 1143 2413 1198 Davidem
2446 1145 2497 1200 id
2540 1149 2795 1219 temporis
2824 1149 2875 1203 in
2904 1151 3122 1220 gravius
3152 1153 3400 1211 incidisse
3430 1156 3759 1228 discrimen,

2158 1252 2317 1307 quam
2349 1238 2519 1307 ipsum
2560 1239 2803 1297 Saiilem.
2831 1241 3016 1311 Neque
3044 1245 3188 1299 enim
3222 1247 3338 1302 leve
3365 1259 3642 1306 certamen
3670 1269 3764 1322 pe-

2158 1329 2489 1401 riculumque
2509 1332 2822 1399 sustinebat,
2847 1333 2973 1388 dum
2998 1337 3246 1392 omnibus
3270 1338 3441 1394 modis
3464 1343 3761 1400 conabatur

2157 1420 2302 1475 illum
2342 1423 2411 1477 ab
2453 1422 2658 1480 insidiis
2683 1425 2929 1496 eripere,
2961 1443 3096 1497 quas
3123 1429 3170 1484 ei
3213 1431 3472 1501 parabant
3511 1436 3755 1493 milites:

2156 1527 2328 1583 neque
2352 1514 2574 1584 perinde
2601 1518 2870 1573 metuebat
2886 1534 2953 1575 ne
2975 1522 3088 1590 ipse
3104 1523 3451 1589 occideretur,
3475 1542 3537 1581 ac
3570 1528 3760 1582 fortui-

2156 1603 2314 1659 dabat
2342 1621 2411 1661 ne
2439 1607 2558 1677 quis
2588 1608 2812 1664 militum
2843 1610 2938 1665 ira:
2961 1610 3264 1680 obsequens
3296 1615 3628 1673 interﬁceret
3656 1619 3756 1675 ho-

2155 1695 2352 1750 minem
2384 1714 2397 1751 :
2429 1711 2655 1769 eamque
2685 1699 2754 1755 ob
2783 1715 2996 1757 causam
3019 1705 3285 1771 ejusmodi
3306 1720 3648 1764 commentus
3666 1723 3754 1768 est

2154 1788 2574 1844 excusationem.
2612 1792 2784 1860 Atque
2809 1791 2885 1846 illi
2912 1793 3126 1863 quidem
3162 1798 3505 1863 accusabant,
3533 1815 3757 1858 accusa-

2153 1879 2310 1935 batur
2336 1890 2511 1937 autem
2552 1882 2677 1939 Sainl
2710 1884 2986 1941 dormiens
3013 1926 3028 1950 ,
3060 1888 3156 1943 sed
3174 1888 3423 1946 defendit
3465 1892 3715 1950 inimicus
3739 1939 3756 1963 ,

2157 1971 2299 2027 Deus
2334 1988 2463 2027 vero
2480 1973 2641 2043 judex
2675 1984 2787 2030 erat
2810 2019 2826 2040 ,
2856 1991 2918 2031 ac
2944 1975 3160 2034 Davidis
3187 1983 3513 2037 sententiam
3551 1986 3758 2040 conﬁr-

2153 2065 2335 2119 mavit.
2358 2063 2539 2137 Neque
2560 2066 2700 2121 enim
2727 2069 2929 2138 absque
2954 2068 3047 2125 Dei
3074 2072 3324 2141 prmsidio
3347 2074 3606 2132 valuisset
3634 2079 3762 2135 ἰηυε

2154 2158 2389 2215 furentes
2410 2159 2623 2217 vincere
2649 2178 2660 2215 :
2689 2162 2784 2217 scd
2810 2162 2923 2218 haec
2946 2172 3061 2219 erat
3082 2153 3175 2220 Dei
3197 2168 3363 2237 gratia
3396 2170 3448 2223 in
3477 2170 3763 2241 propheta:

2154 2250 2305 2305 labiis
2333 2251 2574 2307 residens
2592 2293 2607 2317 ,
2634 2270 2754 2322 qua:
2778 2254 2937 2309 veluti
2965 2254 3236 2312 suadelam
3273 2260 3561 2330 quamdam
3591 2262 3761 2320 adde-

2150 2340 2242 2396 bat
2288 2342 2431 2398 illius
2474 2345 2670 2400 verbis.
2713 2345 2945 2403 Tametsi
2984 2362 3089 2404 non
3148 2349 3266 2406 leve
3317 2363 3651 2411 momentum
3699 2366 3759 2413 et

2152 2436 2315 2492 David
2336 2436 2442 2494 huc
2464 2439 2661 2505 attulit,
2684 2440 2773 2509 qui
2796 2441 3046 2511 quoniam
3071 2442 3190 2497 illos
3211 2444 3489 2514 superiore
3511 2455 3760 2519 tempore

2149 2527 2587 2596 sic-instituerat,
2614 2530 2813 2586 idcirco
2839 2534 2891 2586 in
2930 2535 3155 2588 articqu
3183 2537 3499 2592 certaminis
3536 2552 3758 2607 paratos

2149 2617 2269 2673 illos
2294 2633 2358 2673 ac
2400 2620 2694 2690 morigeros
2724 2621 2944 2691 reperit.
2987 2622 3280 2678 Prml‘uerat
3320 2627 3464 2681 enim
3505 2628 3610 2683 illis
3640 2646 3756 2685 non

2149 2717 2209 2764 ut
2232 2709 2354 2765 belli
2381 2709 2487 2765 dux
2518 2711 2772 2766 militibus
2793 2754 2806 2777 ,
2837 2713 2930 2769 sed
2967 2722 3024 2769 ut
3066 2715 3318 2771 sacerdos
3342 2757 3358 2783 ,
3385 2716 3605 2791 jamque
3630 2735 3759 2792 spe-

2150 2800 2305 2856 Iunca
2336 2802 2422 2859 illa
2451 2813 2567 2859 erat
2593 2804 2846 2861 ecclesia.

2221 2894 2545 2965 Sacriﬁcium
2590 2896 2739 2965 offert
2775 2896 2884 2953 Deo
2938 2896 3102 2953 David
3125 2942 3142 2968 ,
3187 2901 3461 2957 immolans
3498 2905 3650 2958 iram.
3681 2936 3760 2950 ——-

2149 2986 2239 3043 Sic
2263 2987 2711 3058 quemadmodum
2745 2988 2937 3061 aliquis
2962 2991 3207 3063 episcopi
3250 2981 3469 3049 sortitus
3506 3010 3704 3051 munus
3731 3040 3751 3064 ,

2148 3080 2215 3137 ad
2246 3081 2366 3136 illos
2389 3082 2700 3137 concionem
2736 3083 2961 3139 habebat
2988 3125 3004 3150 ,
3035 3099 3098 3140 ac
3130 3095 3342 3154 peracta
3372 3090 3635 3144 concione
3660 3107 3756 3144 sa-

2147 3173 2403 3229 criﬁcium
2431 3173 2642 3242 obtulit,
2674 3173 2833 3245 idque
2853 3174 3166 3232 admirabile
3197 3177 3465 3247 quoddam
3494 3179 3756 3251 dictuque

2148 3266 2478 3334 incredibile,
2511 3283 2618 3323 non
2645 3277 2878 3324 mactato
2905 3270 3067 3325 vitulo
3087 3311 3103 3337 ,
3132 3278 3223 3324 aut
3251 3271 3432 3327 occiso
3457 3287 3618 3343 agno,
3647 3275 3751 3329 scd

2146 3360 2289 3430 quod
2322 3359 2405 3415 bis
2435 3366 2551 3415 erat
2592 3360 2760 3415 multo
2785 3359 3248 3428 honoriﬁcentius,
3276 3363 3751 3419 mansuetudinem

2145 3460 2203 3509 et
2249 3452 2631 3508 humanitatem
2692 3450 2927 3508 olferens
2978 3453 3092 3509 Deo
3122 3493 3139 3517 ,
3189 3462 3351 3525 atque
3388 3454 3752 3512 irrationabili

2145 3544 2311 3600 animi
2344 3554 2490 3599 motu
2518 3554 2770 3613 mactato,
2793 3546 3077 3616 occisaque
3122 3545 3415 3613 iracundia,
3445 3556 3500 3602 et
3520 3550 3758 3603 mortiﬁ-

2144 3637 2279 3691 catis
2306 3634 2585 3702 membris,
2611 3651 2730 3706 qua:
2767 3645 2891 3690 sunt
2914 3650 3075 3705 super
3103 3645 3324 3692 terram.
3364 3636 3432 3692 Et
3458 3635 3630 3693 factus
3665 3653 3758 3696 est

2144 3729 2286 3787 idem
2313 3740 2425 3785 tum
2450 3730 2661 3785 victima
2682 3772 2698 3797 ,
2731 3738 2840 3785 tum
2870 3730 3195 3785 sacrilicalus
3217 3771 3233 3796 ,
3261 3739 3370 3785 tum
3394 3731 3560 3787 altare
3591 3732 3611 3801 (
3633 3732 3754 3789 Col.

2145 3823 2197 3879 5.
2229 3822 2265 3880 5
2284 3824 2324 3895 ).
2343 3821 2616 3894 Siquidem
2643 3832 2698 3877 et
2719 3823 2855 3877 ratio
2871 3837 2989 3893 quae
3004 3820 3265 3878 oﬂ'erebat
3282 3821 3755 3881 mansuetudinem

2144 3925 2305 3986 atque
2330 3914 2735 3978 humanitatem,
2755 3923 2809 3968 et
2825 3914 2936 3983 ipsa
2955 3913 3257 3969 humanitas
3276 3928 3339 3969 ac
3356 3916 3744 3983 mansuetudo,

2144 4008 2374 4078 denique
2411 4022 2506 4062 cor
2543 4006 2597 4061 in
2634 4021 2741 4078 quo
2770 4005 2885 4061 haec
2926 4004 3323 4073 oll‘erebantur,
3367 4009 3546 4062 omnia
3590 4022 3758 4065 erant

2143 4097 2383 4169 ejusdem
2415 4096 2666 4153 hominis.

2213 4190 2270 4244 2.
2312 4188 2667 4258 Posteaquam
2711 4188 2872 4259 igitur
2907 4187 3046 4244 hanc
3074 4188 3402 4245 immolasset
3430 4191 3754 4260 prtrclaram

2143 4281 2413 4336 victimam
2437 4322 2454 4348 ,
2489 4291 2615 4336 tunc
2661 4280 2944 4335 victoriam
2980 4282 3197 4348 retulit,
3244 4297 3416 4351 neque
3449 4282 3753 4355 quidquam

2144 4373 2486 4445 pr:etermisit
2508 4372 2650 4443 quod
2671 4372 2735 4433 ad
2766 4383 3022 4443 tropaeum
3053 4382 3339 4443 spectaret,
3365 4376 3602 4429 sum-xit
3625 4386 3752 4430 tan-

2142 4466 2266 4523 dem
2293 4465 2483 4521 horum
2504 4465 2859 4521 certaminum
2888 4464 3109 4519 materia
3135 4463 3282 4529 Saﬁl,
3305 4473 3359 4519 et
3382 4479 3639 4534 egressus
3667 4477 3756 4521 est

2141 4574 2172 4615 e
2194 4558 2466 4629 spelunca,
2489 4560 2703 4629 ignarus
2725 4557 2962 4611 omnium
2986 4572 3105 4627 qua:
3125 4568 3273 4628 gesta
3296 4556 3523 4611 fuerant.
3553 4556 3755 4628 Egres-

2141 4668 2229 4707 sus
2268 4659 2341 4705 est
2380 4660 2549 4702 autem
2590 4659 2704 4717 post
2731 4648 2878 4701 illum
2918 4656 2965 4701 et
3005 4646 3175 4701 David
3199 4648 3218 4719 (
3241 4648 3293 4702 l.
3336 4645 3465 4719 Reg.
3502 4647 3595 4702 2i.
3629 4649 3706 4719 9)
3732 4693 3749 4714 ,

2142 4743 2325 4799 liberis
2360 4741 2615 4811 deinceps
2643 4740 2815 4794 oculis
2856 4740 3047 4794 caelum
3075 4740 3288 4794 intuens
3310 4780 3327 4804 ,
3356 4754 3421 4794 ac
3461 4747 3574 4794 tum
3604 4749 3750 4796 tem-

2143 4834 2285 4907 poris
2312 4836 2477 4904 magis
2505 4833 2761 4905 gaudens,
2779 4848 2936 4904 quam
2963 4847 3085 4887 cum
3104 4830 3315 4888 Golith
3338 4834 3747 4903 prostravissct,

2139 4944 2203 4986 ac
2242 4928 2453 4985 barbari
2481 4936 2640 4998 caput
2668 4935 3017 4997 amputasset.
3048 4924 3320 4995 Siquidem
3350 4923 3464 4979 haec
3505 4925 3592 4979 illa
3624 4941 3749 4980 ma-

2139 5021 2475 5094 gniﬁcentior
2502 5028 2619 5074 erat
2645 5018 2887 5077 victoria.
2919 5016 3036 5072 baac
3061 5016 3519 5086 magniﬁcentiora
3547 5018 3745 5087 spolia,

2142 5115 2258 5172 lnrc
2282 5112 2461 5185 praeda
2502 5111 2790 5177 illustrior,
2821 5110 2926 5165 hoc
2954 5110 3238 5181 gloriosius
3275 5118 3561 5179 tropaeum.
3604 5109 3747 5166 Nam

2139 5210 2247 5266 illic
2271 5216 2327 5263 et
2355 5204 2515 5262 funda
2559 5213 2614 5259 et
2637 5202 2903 5273 lapidibus
2939 5210 2996 5258 et
3032 5202 3148 5257 acie
3177 5201 3409 5256 habebat
3444 5217 3581 5272 opus
3609 5218 3625 5256 :
3654 5201 3749 5259 hic

2138 5316 2268 5357 vero
2286 5307 2477 5354 cuncta
2505 5295 2782 5367 prudentia
2803 5294 3117 5364 rationeque
3140 5300 3351 5363 peracta
3372 5300 3514 5359 sunt,
3539 5308 3602 5348 ac
3621 5295 3748 5350 sine

2137 5391 2301 5447 armis
2339 5388 2561 5457 contigit
2604 5387 2865 5449 victoria,
2897 5393 3056 5456 atque
3105 5385 3441 5440 incruentum
3474 5393 3744 5454 troprcum

2137 5490 2375 5539 erectum
2419 5490 2522 5535 est.
2556 5480 2745 5550 Itaque
2786 5477 2947 5533 rediit
2988 5491 3098 5533 non
3141 5475 3359 5532 barbari
3398 5477 3539 5533 illius
3575 5489 3747 5547 caput

2135 5582 2351 5643 gestans
2376 5612 2392 5636 ,
2420 5570 2514 5626 sed
2534 5569 2696 5624 animi
2719 5567 3132 5624 commotionem
3172 5565 3410 5621 sedatam
3433 5604 3452 5634 ,
3476 5566 3572 5623 sed
3598 5567 3745 5625 iram

2137 5672 2443 5719 enervatam
2474 5678 2492 5717 :
2516 5677 2689 5733 neque
2718 5660 2834 5716 haec
2869 5660 3041 5730 spolia
3081 5658 3322 5729 reposuit
3341 5657 3699 5731 Jerosolynta:
3722 5704 3740 5727 ,

2136 5757 2229 5813 sed
2259 5759 2311 5811 in
2349 5757 2482 5810 caelo
2505 5795 2521 5820 ,
2548 5754 2710 5825 inque
2749 5766 2981 5824 superna
3022 5750 3111 5807 iila
3154 5751 3388 5807 civitate.
3432 5750 3582 5807 Nunc
3620 5767 3741 5808 non

2135 5849 2360 5907 choreas
2388 5857 2606 5920 agentes
2625 5844 2841 5905 obviam
2864 5844 3148 5904 veniebant
3166 5842 3383 5901 femina:
3404 5844 3741 5916 excipientes
