4064 6434
491 367 593 425 889

493 478 655 535 αὑτὸν
683 474 1010 544 δεχόμεναι,
1033 471 1168 526 ἀλλά
1198 470 1306 522 τῶν
1332 467 1578 536 ἀγγέλων
1603 466 1632 518 ὁ
1669 465 1838 534 δῆμος
1859 463 2065 519 ἄνωθεν

494 560 798 631 ἐπεκρότει,
835 557 1104 626 ἀγάμενος
1130 553 1228 624 τὴν
1272 550 1590 620 φιλοσοφίαν
1645 550 1732 602 καί
1772 549 1870 619 τὴν
1894 547 2067 599 ἐπιεί-

496 663 670 701 κειαν.
723 639 980 708 Ἐπανῄει
1012 637 1122 706 γάρ
1159 635 1236 705 τῷ
1273 633 1512 703 πολεμίῳ
1566 632 1733 702 μυρία
1781 631 2071 701 τραύματα

495 730 640 791 δοὺς,
666 727 755 778 τὸν
785 725 882 795 μὲν
912 719 1082 773 Σαοὺλ
1115 716 1406 781 διασώσας,
1430 716 1520 767 τὸν
1550 715 1604 767 δὲ
1637 713 1850 784 άληθῶς
1879 713 2071 781 ἐχθρὸν

497 811 589 862 τὸν
620 807 860 862 διάϐολον
879 803 1096 866 πολλαῖς
1115 800 1524 866 κατακεντήσας
1541 809 1566 836 ⁸
1583 796 1840 867 πληγαῖς.
1863 797 2074 864 ’Ὠσπερ

501 893 610 960 γάρ
637 888 1007 961 ὀργιζομένων
1037 884 1193 954 ἡμῶν
1226 882 1318 935 καὶ
1365 879 1767 940 πυκτευόντων,
1797 878 1895 961 καὶ
1936 877 2074 946 πρὸς

502 960 762 1042 ἀλλήλους
782 967 1253 1038 συγκρουομένων,
1278 965 1460 1034 χαίρει
1484 980 1540 1015 τε
1563 963 1656 1014 καὶ
1679 960 1910 1030 γέγηθεν
1937 961 2075 1011 έκεῖ-

501 1057 652 1120 νοςὶιο
673 1055 844 1117 οὕτως
869 1049 1252 1124 είρηνευόντων
1281 1048 1374 1100 καὶ
1400 1044 1786 1116 ὁμονοούντων,
1821 1043 1914 1094 κα)⁸
1940 1058 2077 1111 κρα-

500 1139 737 1192 τούντων
765 1123 952 1206 ὀργῆς,
994 1130 1342 1186 συστέλλεται
1378 1129 1540 1182 πάλιν
1576 1128 1670 1180 καί
1704 1123 2074 1188 ταπεινοῦται,

506 1220 656 1294 [762]
694 1221 785 1274 ἆτε
820 1217 1011 1287 ἐχθρὸς
1033 1216 1255 1285 εἰρήνης
1283 1211 1379 1275 ῶν,
1405 1213 1497 1264 καὶ
1522 1210 1781 1280 πολέμιος
1805 1206 2075 1294 ὁμονοίας,

505 1289 598 1360 καὶ
631 1289 926 1374 βασκανίας
959 1299 1162 1368 πατήρ.
1209 1296 1384 1366 Ἐξῄει
1413 1295 1589 1347 τοίνυν
1624 1295 1652 1346 ὀ
1695 1291 1874 1352 Δαυῒδ,
1900 1289 2080 1354 δεξιὰν

505 1393 606 1460 τῆς
629 1373 952 1456 οἰκουμένης
983 1383 1310 1452 ἀντίρροπον
1345 1379 1481 1448 ἔχων
1530 1375 1669 1447 μετὰ
1707 1377 1802 1460 τῇς
1837 1373 2081 1460 κεφαλῆς

509 1455 982 1538 ἐστεφανωμένην.
1056 1463 1324 1531 Καθάπερ
1373 1460 1481 1531 γάρ
1544 1461 1636 1512 ἐπὶ
1693 1457 1801 1511 τῶν
1882 1455 2080 1526 ἄριστα

510 1552 906 1613 πυκτευόντων,
935 1548 1040 1618 πρὸ
1066 1547 1164 1616 τῆς
1202 1544 1439 1614 κεφαλῆς
1475 1544 1732 1599 πολλάκις
1761 1542 1808 1594 oi
1846 1540 2085 1610 βασιλεῖς

511 1639 608 1708 τὴν
667 1634 846 1698 δεξιὰν
895 1631 989 1684 τοῦ
1047 1629 1406 1690 πυκτεύοντος
1479 1627 1512 1697 ἢ
1582 1624 2084 1695 παγκρατιάζοντος

513 1707 921 1787 ἐστεφάνωσαν⁶
949 1714 1090 1768 οῦτω
1113 1713 1181 1783 δὴ
1207 1712 1305 1765 καὶ
1335 1711 1430 1782 τὴν
1464 1713 1619 1782 χεῖρα
1662 1710 1876 1778 ἐκείνην
1904 1709 1932 1759 ὀ
1953 1707 2086 1768 Θεὸς

513 1800 828 1868 ἐστεφάνου,
861 1798 894 1867 ἢ
922 1797 983 1849 τὸ
1027 1796 1179 1864 ξίφος
1239 1796 1426 1864 ἴσχυσε
1466 1793 1705 1863 καθαρὸν
1758 1790 2086 1858 ἐξενεγκεῖν,

511 1887 608 1940 καὶ
635 1886 968 1956 ἀναίμακτον
1005 1881 1084 1952 τῷ
1111 1881 1232 1952 Θεῷ
1282 1881 1450 1944 δεῖξαι
1499 1879 1597 1950 τὴν
1645 1879 1938 1949 μάχαιραν,
1995 1876 2088 1928 καὶ

512 1972 650 2042 πρὸς
669 1969 937 2039 τοσαύτην
957 1967 1276 2034 ἀντιστῆναι
1307 1965 1479 2036 θυμοῦ
1507 1963 1840 2034 ρύμην.οί›κ
1866 1959 2088 2030 ἐξῆλθεν

515 2055 654 2122 ἔχων
709 2053 768 2105 τὸ
820 2050 1054 2121 διάδημα
1101 2049 1195 2102 τοῦ
1250 2049 1453 2110 Σαοὺλ,
1509 2047 1622 2100 ἀλλ’
1679 2044 1900 2114 ἐξῆλθεν
1952 2043 2090 2112 έχων

520 2135 779 2200 στέφανον
800 2131 1177 2201 δικαιοσύνηςο
1210 2131 1309 2182 οὑκ
1341 2128 1564 2199 ἐξῆλθεν
1618 2128 1756 2197 έχων
1786 2124 2093 2196 πορφυρίδα

516 2215 842 2286 βασιλικὴν,
884 2213 1007 2268 ,ἀλλ’
1042 2212 1232 2281 ἐξῆλθε
1282 2209 1746 2281 περιϐεϐλημένος
1794 2207 2092 2260 ἐπιείκειαν

519 2298 951 2368 ὑπερϐαίνουσαν
1011 2293 1360 2365 ἀνθρωπίνην
1413 2293 1597 2362 φύσιν,
1651 2292 1865 2363 ἱμάτιον
1914 2291 2094 2360 πάσης

522 2381 711 2449 στολῆς
736 2379 1132 2452 λαμπρότερον.

602 2471 853 2542 Ἐξῆλθεν
885 2471 992 2524 ἀπὸ
1019 2469 1114 2523 τοῦ
1153 2469 1420 2540 σπηλαίου
1451 2469 1590 2539 μετὰ
1623 2469 1891 2540 τοσαῦτης
1936 2487 2093 2540 περι-

520 2565 766 2633 φανείας,
801 2563 918 2633 μεθ’
943 2564 1076 2633 ὅσης
1108 2563 1157 2615 οί
1190 2561 1374 2625 παῖδες
1402 2563 1448 2614 οί
1472 2563 1619 2632 τρεῖς
1652 2562 1759 2615 ἀπὸ
1797 2562 1896 2630 τῆς
1934 2562 2096 2631 καμί-

519 2674 635 2711 νου.
672 2655 938 2724 Καθάπερ
985 2655 1094 2725 γάρ
1136 2653 1376 2717 ἐκείνους
1425 2655 1487 2706 οὐ
1526 2653 1832 2707 κατέκαυσε
1869 2653 1930 2706 τὸ
1963 2654 2096 2725 πῦρ,

521 2745 664 2800 οὕτω
696 2746 792 2798 καὶ
819 2745 1064 2815 τοῦτονὴ
1114 2745 1262 2815 πυρά
1308 2745 1408 2813 τῆς
1454 2743 1624 2812 ὀργῆς
1671 2745 1772 2796 οῦκ
1801 2744 2093 2815 ἐνέπρησε.

523 2838 815 2900 Κάκείνοις
842 2837 941 2908 μὲν
964 2836 1160 2900 ἔξωθεν
1184 2837 1244 2889 τὸ
1267 2836 1378 2907 πῦρ
1403 2836 1626 2905 ὁμιλοῦν
1653 2836 1802 2890 οὐδὲν
1821 2838 2093 2908 ἐποίησεν·

523 2921 678 2988 οῦτος
705 2926 761 2979 δέ
785 2925 996 2980 ἔνδοθεν
1025 2925 1162 2995 ἔχων
1190 2925 1316 2989 τοῦς
1337 2925 1615 2996 ἄνθρακας
1645 2926 1986 2997 καιομένους,
2007 2928 2099 2980 καὶ

523 3017 616 3070 τὸν
647 3015 894 3071 διάϐολον
942 3016 1141 3083 ἔξωθεν
1186 3017 1329 3087 ὁρῶν
1359 3017 1458 3087 τὴν
1483 3019 1711 3088 κάμινον
1751 3019 2098 3087 ὑποκαίοντα,

525 3107 634 3161 ἀπὸ
682 3109 781 3178 τῆς
817 3108 992 3176 ὂψεως
1029 3108 1123 3161 τοῦ
1174 3107 1391 3178 ἐχθροῦ,
1433 3108 1540 3160 ἀπὸ
1585 3108 1682 3178 τῆς
1729 3111 2101 3182 παραινέσεως

526 3197 635 3252 τῶν
682 3198 1058 3268 στρατιωτῶν,
1111 3200 1218 3252 ἀπὸ
1251 3201 1349 3270 τῆς
1404 3199 1654 3262 εὐκολίας
1703 3201 1799 3271 τῆς
1832 3201 1974 3254 κατά
2005 3203 2102 3272 τὴν

528 3290 764 3358 σφαγὴν,
794 3290 899 3342 ἀπὸ
927 3289 1028 3359 τῆς
1059 3291 1293 3362 ἐρημίας
1309 3291 1415 3343 τῶν
1449 3291 1846 3362 βοηθησόντων,
1867 3293 1976 3346 ἀπὸ
2005 3294 2105 3364 τῆς

527 3381 752 3450 μνήμης
776 3377 882 3432 τῶν
935 3380 1341 3449 παρελθόντων,
1378 3381 1485 3433 ἀπὸ
1529 3383 1628 3452 τῆς
1659 3381 1767 3434 τῶν
1805 3383 2104 3452 μελλόντων

526 3471 769 3538 ἀγωνίας
795 3471 912 3540 (καὶ
935 3470 1042 3542 γάρ
1066 3471 1224 3524 τοῦτο
1256 3471 1601 3542 κληματίδος,
1637 3474 1730 3526 καὶ
1761 3475 1982 3544 πίσσης,
2012 3474 2107 3527 καὶ

534 3563 824 3629 στυππίου,
860 3563 954 3615 καὶ
973 3564 1188 3617 πάντων
1206 3563 1314 3616 τῶν
1331 3565 1429 3634 τὴν
1465 3565 1812 3618 Βαϐυλωνίαν
1834 3566 2106 3619 ἀναπτόνο

531 3672 638 3706 των
694 3653 924 3723 κάμινον
979 3651 1367 3724 λαμπροτέραν
1423 3655 1590 3724 ἀνῆγε
1641 3655 1738 3725 τὴν
1787 3655 1982 3724 φλόγα)
2009 3657 2108 3708 οῦκ

536 3747 868 3818 ἐνεπρήσθη,
920 3746 1040 3799 οὐδὲ
1083 3745 1249 3798 ἔπαθέ
1296 3763 1351 3798 τι
1396 3747 1654 3811 τοιοῦτον,
1685 3743 1793 3800 οἷον
1832 3748 1977 3810 εἰκὸς
2018 3744 2106 3819 ἦν,

538 3838 653 3892 ἀλλ’
679 3837 876 3908 ἐξῆλθεΔ
890 3836 1147 3908 καθαρὸς,
1165 3837 1256 3889 καὶ
1289 3835 1411 3889 ίδὼν
1437 3835 1528 3888 τοῦ
1556 3837 1816 3906 πολεμίου
1839 3838 1936 3909 τὴν
1962 3837 2105 3906 ὄψιν,

534 3927 787 3981 ἐντεῦθεν
845 3927 1078 3997 μάλιστα
1129 3927 1539 3996 ἐφιλοσόφησεν.
1603 3926 1746 3978 Ἰδὼν
1794 3925 1902 3996 γὰρ
1945 3927 2110 3980 αὑτὸν

535 4017 861 4070 καθεύδοντα
901 4016 993 4067 καὶ
1023 4015 1277 4085 ἀκίνητον
1314 4015 1544 4085 μένοντα
1569 4057 1582 4080 ,
1640 4015 1733 4068 καὶ
1771 4016 1922 4069 οὐδὲν
1953 4015 2112 4069 δυνά-

536 4123 696 4176 μενον
722 4106 1077 4177 ἐργάσασθαι,
1109 4106 1244 4177 πρὸς
1263 4107 1457 4176 ἑαυτὸν
1473 4103 1590 4159 εἶπε
1609 4123 1622 4138 ο
1644 4107 1754 4159 Ποῦ
1774 4107 1867 4160 νῦν
1891 4108 1919 4159 ὁ
1943 4107 2112 4176 θυμὸς

539 4201 784 4262 ἐκεῖνος;
838 4196 939 4248 ποῦ
985 4196 1042 4248 δὲ
1087 4197 1122 4266 ὴ
1167 4196 1432 4266 πονηρία;
1485 4196 1588 4249 ποῦ
1641 4197 1697 4250 δέ
1748 4201 1804 4250 αἱ
1851 4199 2108 4253 τοσαῦται

541 4290 874 4360 μαγγανεῖαι
922 4287 1016 4339 καὶ
1067 4285 1390 4352 ἐπιϐουλαίς
1442 4287 1660 4356 Οἵχεται
1704 4288 1890 4341 πάντα
1927 4291 2111 4344 ἐκεῖνα

533 4380 634 4435 καὶ
666 4378 944 4434 ἀπόλωλεν
998 4376 1167 4430 ὕπνου
1220 4379 1393 4448 μικρᾷ
1439 4378 1732 4449 προσϐολῇ,
1787 4381 1880 4432 καὶ
1935 4384 2112 4435 κεῖται

538 4471 820 4543 δεδεμένος
869 4471 898 4522 ὁ
955 4469 1206 4540 βασιλεὺς
1249 4507 1264 4533 ,
1321 4469 1472 4522 οὐδὲν
1524 4470 1681 4540 ἡμῶν
1729 4471 1859 4542 περὶ
1907 4473 2112 4526 τούτων

536 4561 1011 4633 βουλευσαμένων,
1033 4561 1154 4614 οὐδὲ
1179 4560 1523 4630 πραξάντων.
1564 4561 1742 4634 Ἐώρα
1761 4563 2111 4630 καθεύδοντα,

539 4655 637 4709 καὶ
678 4655 808 4725 περὶ
851 4653 945 4706 τοῦ
995 4651 1174 4706 κοινοῦ
1230 4653 1451 4707 πάντων
1493 4653 1803 4723 ἐφιλοσόφει
1861 4656 2114 4711 θανάτου.

544 4744 748 4807 Ὕπνος
768 4743 876 4814 γὰρ
890 4743 1041 4796 οὐδὲν
1056 4743 1242 4814 ’έτερόν
1263 4745 1433 4807 ἐστιν,
1457 4743 1488 4813 ἢ
1515 4743 1743 4809 θάνατος
1759 4747 2113 4828 πρόσκαιρος.

543 4835 640 4887 καὶ
672 4834 946 4904 ἐφήμερος
977 4835 1222 4907 τελευτή.
1263 4836 1380 4889 Οὐκ
1421 4837 1487 4890 ἄν
1514 4854 1598 4901 τις
1632 4837 1874 4911 ἀκαίρως
1906 4841 2000 4893 καὶ
2023 4841 2117 4893 τοῦ

544 4925 743 4995 Δανιὴλ
775 4924 1008 4977 ἐνταῦθα
1045 4927 1440 4996 ἀναμνησθείη.
1485 4927 1756 5001 Καθάπερ
1782 4930 1892 5001 γὰρ
1912 4931 2118 4994 ἐκεῖνος

544 5015 830 5071 ἀνέϐαινεν
858 5015 965 5070 ἀπὸ
998 5015 1093 5068 τοῦ
1129 5016 1355 5079 λάκκου,
1385 5018 1493 5070 τῶν
1532 5019 1736 5090 θηρίων
1765 5021 2119 5092 περιγενόμε-

544 5129 655 5176 νος⁹
690 5109 832 5163 οὕτω
870 5109 964 5162 καὶ
993 5100 1147 5170 οὗτος
1192 5107 1298 5160 ἀπὸ
1328 5108 1423 5160 τοῦ
1453 5111 1740 5179 σπηλαίου,
1774 5111 1979 5184 θηριων
2005 5113 2120 5165 ἑτέ-

547 5221 656 5274 ρων
683 5201 1078 5274 χαλεπωτέρων
1121 5200 1423 5270 κρατήσας.
1451 5201 1659 5272 ’Ὠσπερ
1687 5202 1796 5271 γὰρ
1819 5203 1898 5272 τῷ
1925 5203 2119 5272 δικαίῳ

545 5295 740 5365 ἐκείνῳ
763 5292 974 5355 λέοντες
1002 5290 1342 5362 ἑκατέρωθεν
1385 5291 1802 5362 παρεκάθηντο,
1847 5293 1990 5346 οὕτω
2026 5294 2121 5346 καὶ

545 5387 723 5456 τούτῳ
765 5385 974 5446 λέοντες
1006 5382 1334 5453 ἀγριώτεροι
1371 5382 1611 5448 πάντων,
1642 5383 1712 5436 τά
1738 5383 1882 5455 πάθη
1934 5385 2118 5437 ἐπετίο

617 5668 643 5695 ⁸
664 5662 1028 5734 Κατακεντήσας
1061 5659 1218 5724 Regii,
1260 5663 1439 5712 melius
1475 5677 1619 5724 quam
1654 5663 1824 5714 Morel.
1850 5663 1936 5726 qui
1972 5665 2120 5717 habet

554 5737 910 5778 κατακοντισας.

623 5780 650 5819 δ
672 5782 833 5840 Χαίρει
852 5797 902 5829 τε
934 5781 1013 5829 καὶ
1029 5782 1215 5839 τέθηλεν
1235 5783 1425 5840 ἐκεῖνος.
1451 5783 1531 5835 Sic
1551 5782 1711 5846 Regii.

1244 355 1300 410 S.
1339 351 1625 410 JUANNIS
1660 347 2148 410 CIIRYSOSTOMI
2188 345 2508 404 AﬂCl‘llEP.
2549 340 3098 402 CONSTANTINOP.

3641 341 3750 397 επ

2177 459 2340 512 θετοο
2363 476 2375 489 ·
2414 458 2582 528 θυμὸς
2615 456 2724 509 τῶν
2773 454 3152 526 παρελθόντων
3201 450 3376 514 ἔνθεν,
3429 450 3597 521 φόϐος
3647 453 3762 506 τῶν

2177 550 2474 622 μελλόντων
2509 547 2748 600 ἐκεῖθεν’
2776 548 2891 600 ἀλλ’
2922 549 3072 617 ὅμως
3102 545 3392 614 ἀμφότερα
3424 537 3585 607 οὗτος
3633 562 3764 598 κατι-

2176 641 2390 695 έστελλε
2426 641 2518 693 καὶ
2550 637 2872 710 ἐπεστόμιξε
2917 639 2988 690 τὰ
3023 637 3210 708 θηρία,
3239 636 3508 689 διδάσκων
3536 634 3630 688 διά
3656 635 3765 690 τῶν

2177 735 2374 806 ἔργων,
2414 735 2495 785 ὅτι
2550 731 2704 785 οὐδὲν
2752 729 3158 800 ἀσφαλέστερον
3198 728 3294 780 τοῦ
3341 727 3634 795 φείδεσθαι
3656 727 3766 780 τῶν

2178 825 2408 894 ἐχθρῶν,
2444 823 2565 876 οὐδὲ
2596 821 3007 893 σφαλερώτερον
3042 820 3136 874 τοῦ
3183 819 3472 890 βούλεσθαι
3521 819 3766 874 ἐκδικεῖν

2180 917 2368 970 ἑαυτὸν
2401 915 2495 968 καὶ
2519 913 2840 984 ἀμύνεσθαι.
2878 912 2937 964 '0
2963 911 3094 980 γοῦν
3123 909 3403 980 βουληθείς
3430 907 3766 976 ἐπεξελθεῖν,

2183 1007 2334 1080 [765]
2356 1006 2560 1076 γυμνὸς
2579 1005 2673 1058 καὶ
2701 1005 2899 1067 ἄοπλος
2922 1004 3015 1057 καὶ
3036 1003 3252 1056 πάντων
3274 1001 3371 1072 ἒρη
3381 1019 3501 1070 μος,
3515 1000 3770 1071 καθάπερ

2182 1098 2526 1169 αἰχμάλωτος
2553 1095 2899 1165 παραδοθεὶς,
2917 1094 3089 1156 οὓτως
3113 1093 3288 1145 ἔκειτο
3309 1109 3321 1121 ·
3350 1095 3378 1144 ὁ
3397 1091 3455 1144 δέ
3490 1093 3658 1144 ετκων
3677 1093 3767 1144 καὶ

2185 1188 2530 1261 παραχωρῶν
2562 1185 2854 1256 πανταχοῦ,
2887 1185 2982 1239 καὶ
3027 1183 3161 1255 μηδὲ
3204 1182 3429 1245 δικαίως
3461 1182 3770 1246 ἐπεξελθεῖν

2185 1280 2458 1350 ἐλόμενος,
2520 1276 2688 1347 χωρὶς
2749 1272 3158 1346 μηχανημάτων
3182 1311 3198 1337 ,
3263 1271 3358 1325 καὶ
3409 1271 3624 1336 ὃπλων,
3681 1272 3774 1324 καὶ

2188 1372 2405 1434 ἵππων,
2449 1367 2544 1421 καὶ
2583 1364 2964 1436 στρατιωτῶν,
3009 1364 3102 1417 τὸν
3155 1362 3415 1432 πολέμιον
3460 1363 3542 1424 είς
3585 1364 3775 1431 χεῖρας

2188 1460 2460 1531 ἐλάμϐανε
2481 1475 2495 1488 ο
2527 1459 2620 1511 καὶ
2641 1459 2669 1510 ὃ
2701 1456 2765 1528 δὴ
2802 1456 2985 1527 μεῖζον
3015 1455 3273 1508 ἁπάντων
3298 1449 3388 1524 ἧν,
3414 1453 3508 1506 τὸν
3532 1453 3669 1506 Θεὸν
3698 1455 3778 1516 εἰς

2189 1551 2410 1606 πλείονα
2438 1549 2652 1603 εῦνοιαν
2673 1549 3048 1603 ἐπεσπάσατο.

2259 1646 2328 1708 γ’.
2346 1638 2421 1692 Οὑ
2437 1637 2544 1708 γὰρ
2560 1635 2649 1689 διὰ
2669 1635 2826 1689 τοῦτο
2844 1633 3134 1705 μακαρίζω
3149 1633 3238 1686 τὸν
3259 1633 3412 1701 ἆγιον
3428 1633 3654 1697 ἐκεῖνον,
3680 1631 3779 1702 οὐχ

2191 1725 2271 1777 ὅτι
2307 1723 2399 1775 τὸν
2426 1721 2617 1790 ἐχθρὸν
2651 1718 2756 1772 ὑπὸ
2783 1719 2906 1780 τοὺς
2928 1717 3093 1779 πόδας
3125 1712 3233 1768 εἶδε
3263 1718 3391 1780 τοὺς
3420 1714 3622 1768 ἐαυτοῦ
3663 1715 3778 1766 κείο

2197 1823 2376 1878 μενον,
2402 1803 2515 1858 ἀλλ’
2546 1804 2628 1856 ὅτι
2661 1803 2741 1864 είς
2783 1804 2973 1870 χεῖρας
3015 1798 3194 1852 λαϐὼν
3215 1800 3518 1878 ἐφείσατο.
3570 1797 3644 1848 Τὸ
3679 1797 3780 1865 μὲν

2194 1876 2301 1961 γάρ
2325 1888 2425 1957 τῆς
2447 1885 2542 1939 τοῦ
2562 1884 2700 1938 Θεοῦ
2725 1883 3009 1952 δυνάμεως
3032 1881 3192 1952 ἔργον
3210 1876 3299 1951 ἦν,
3323 1881 3384 1933 τὸ
3403 1881 3461 1933 δὲ
3483 1883 3586 1950 τῆς
3613 1878 3783 1932 αὐτοῦ

2197 1969 2538 2041 φιλοσοφίας.
2589 1967 2713 2030 Πῶς
2747 1961 2816 2036 ἦν
2848 1965 2995 2027 εἰκὸς
3036 1963 3224 2016 λοιπὸν
3264 1965 3394 2026 τοὺς
3440 1964 3786 2032 στρατιώτας

2195 2055 2387 2123 ἐκείνῳ
2417 2051 2739 2121 προσέχειν;
2772 2047 2890 2117 μεθ’
2923 2049 3055 2116 ὅσης
3078 2046 3288 2108 εὐνοίας
3313 2045 3616 2098 διακεῖσθαι
3647 2043 3788 2114 πρὸς

2197 2139 2384 2201 αὑτόν;
2418 2138 2478 2189 Et
2512 2135 2623 2205 γάρ
2657 2133 2859 2204 μυρίας
2887 2125 3033 2199 εἶχον
3075 2129 3275 2199 ψυχὰς,
3307 2128 3407 2180 οὑκ
3437 2127 3507 2180 ἂν
3549 2126 3791 2196 ἑτοίμως

2199 2221 2415 2283 ἁπάσας
2443 2217 2727 2272 ἐπέδωκαν
2753 2215 2896 2284 ὑπὲρ
2926 2212 3022 2265 τοῦ
3059 2210 3389 2283 στρατηγοῦ,
3413 2210 3564 2281 ἔργῳ
3589 2207 3792 2280 μαθόν-

2199 2322 2288 2367 τες
2310 2307 2367 2357 ἐν
2403 2305 2468 2373 τῇ
2504 2299 2602 2354 τοῦ
2629 2297 2887 2369 πολεμίου
2922 2296 3221 2367 κηδεμονίᾳ
3244 2294 3343 2365 τὴν
3385 2293 3517 2364 περὶ
3552 2294 3685 2355 τοὺς
3713 2294 3796 2345 οξ-

2202 2389 2380 2451 κείους
2397 2385 2644 2452 εῦνοιαν;
2678 2383 2741 2435 '0
2762 2382 2872 2454 γάρ
2899 2381 3028 2451 περὶ
3052 2381 3176 2444 τοὺς
3210 2379 3588 2450 λελυπηκότας
3613 2378 3796 2448 πρᾶος

2201 2474 2296 2525 καὶ
2322 2472 2527 2542 ἥμερος
2550 2467 2644 2532 ὣν,
2677 2466 2858 2536 πολλῷ
2887 2464 3088 2534 μᾶλλον
3109 2464 3236 2534 περὶ
3256 2463 3382 2525 τοὺς
3399 2460 3660 2523 εὐνοϊκῶς
3680 2459 3799 2514 διι-

2203 2553 2486 2623 κειμένους
2524 2549 2695 2612 οὕτως
2734 2547 2926 2619 ἐμελλε
2963 2545 3294 2599 διακεῖσθαι’
3345 2545 3374 2597 ὃ
3418 2543 3485 2616 δὴ
3531 2543 3800 2614 μέγιστον

2204 2637 2458 2705 ἐνέχυρον
2484 2631 2784 2700 ἀσφαλείας
2807 2626 2875 2702 ἦν
2896 2628 3063 2699 αὐτῷ.
3083 2628 3200 2681 Οὐκ
3228 2627 3571 2696 εὐνούστεροι
3602 2625 3662 2705 δέ
3693 2623 3800 2693 μό-

2203 2703 2324 2782 νον,
2335 2717 2470 2772 ἁλλά
2483 2717 2578 2770 καὶ
2591 2714 2763 2786 προθυ
2771 2715 2900 2784 μὸτε
2910 2729 2990 2782 ροι
3014 2728 3083 2764 πε
3092 2712 3144 2782 ρῖ
3157 2710 3285 2774 τοῦς
3311 2709 3602 2780 πολεμίους
3623 2703 3795 2776 ἦσαν,

2205 2803 2406 2863 εἰδότες
2434 2802 2517 2853 ὅτι
2543 2799 2633 2852 τὸν
2653 2797 2786 2850 Θεὸν
2818 2795 3032 2866 ἔχουσιν
3057 2794 3195 2864 ὑπὲρ
3218 2792 3399 2846 αὐτῶν
3421 2788 3796 2861 πολεμοῦντα,

2205 2886 2296 2938 τὸν
2336 2884 2424 2937 ἀεὶ
2455 2881 2700 2952 παρόντα
2741 2880 2819 2950 τῷ
2873 2875 3183 2948 στρατηγῷ,
3223 2875 3319 2928 καὶ
3370 2873 3441 2927 τά
3482 2873 3798 2943 πράγματα

2205 2967 2418 3022 ἃπαντα
2442 2963 2885 3034 ἐξευμαρίζοντα.
2922 2961 3032 3014 Καὶ
3058 2959 3135 3030 τῷ
3165 2958 3324 3011 Δαυῒδ
3373 2957 3450 3022 δὲ,
3470 2957 3567 3026 οὐχ
3598 2956 3673 3018 ὡς
3697 2955 3801 3008 άνο

2207 3049 2411 3121 θρώπῳ
2451 3048 2656 3111 λοιπὸν,
2690 3046 2803 3099 ἀλλ’
2836 3045 2911 3109 ὡς
2941 3044 3160 3113 ἀγγέλῳ
3191 3043 3502 3111 προσεῖχον.
3533 3040 3644 3090 Καὶ
3679 3036 3799 3121 πρὸ

2207 3118 2304 3204 τῆς
2337 3118 2656 3192 ἀντιδόσεως
2692 3128 2786 3181 τοῦ
2826 3127 2962 3181 Θεοῦ
3009 3126 3233 3196 μείζονα
3273 3123 3367 3176 καὶ
3411 3121 3643 3175 ἐνταῦθα
3691 3118 3800 3174 τοῦ

2207 3215 2562 3278 διασωθέντος
2577 3213 2737 3276 αὐτὸς
2761 3211 3089 3282 ἐκαρποῦτο,
3103 3210 3197 3263 καὶ
3211 3206 3595 3278 λαμπροτέραν
3619 3205 3804 3274 ἤρατο

2209 3299 2386 3368 νίκην,
2419 3298 2452 3369 ἦ
2485 3300 2533 3350 εί
2559 3296 2825 3350 κατέθυσε
2854 3295 2947 3348 τὸν
2977 3293 3168 3348 Σαούλ.
3203 3293 3268 3344 Τί
3299 3291 3408 3362 γάρ
3443 3290 3509 3344 ἂν
3533 3288 3803 3342 τοσοῦτον

2210 3381 2465 3452 ἐκέρδανε
2493 3379 2701 3448 σφάξας
2734 3380 2826 3433 τὸν
2856 3377 2948 3447 ἐχθ
2960 3376 3070 3448 ρὸν,
3103 3378 3228 3429 ὅσον
3273 3373 3635 3444 ἐκαρπώσατο
3664 3388 3801 3439 φει-

2213 3465 2444 3534 σάμενος
2467 3463 2595 3528 νῦν;
2646 3460 2818 3514 Τοῦτο
2847 3461 3027 3512 τοίνυν
3071 3459 3166 3512 καὶ
3197 3458 3262 3510 σὺ
3297 3456 3532 3525 λογίζου,
3569 3455 3806 3508 ἐπειδάν

2211 3547 2381 3618 λάϐῃς
2402 3545 2493 3598 τὸν
2532 3543 2873 3615 λελυπηκότα
2903 3560 2982 3604 σε,
3011 3544 3094 3595 ὅτι
3117 3539 3297 3610 πολλῷ
3330 3541 3515 3611 μεῖζον
3543 3540 3640 3591 καὶ
3663 3555 3806 3607 κερ-

2212 3627 2544 3697 δαλεώτερον
2570 3625 2632 3678 τὸ
2666 3623 2956 3695 φείσασθαι
2985 3624 3080 3676 τοῦ
3105 3623 3432 3693 διαφθεῖραι.
3467 3622 3526 3673 ’0
3550 3620 3654 3690 μὲν
3680 3621 3805 3690 γὰρ

2212 3709 2530 3779 διαφθείρας
2566 3709 2661 3760 καὶ
2694 3705 3105 3771 καταγνώσεται
3146 3704 3407 3767 πολλάκις
3439 3703 3657 3766 ἐαυτοῦ,
3697 3703 3808 3756 καὶ

2213 3793 2449 3864 πονηρὸν
2475 3789 2586 3855 ἕξει
2604 3791 2864 3852 συνειδὸς,
2897 3789 3019 3842 καθ’
3039 3789 3276 3859 ἑκάστην
3303 3787 3515 3858 ἡμέραν
3531 3787 3627 3840 καὶ
3644 3786 3808 3857 ὥραν

2217 3875 2322 3929 ὑπὸ
2349 3875 2444 3946 τῆς
2473 3872 2745 3943 ἁμαρτίας
2772 3872 2985 3942 ἐκείνης
3005 3871 3332 3940 διωκόμενος
3353 3889 3366 3902 ·
3399 3870 3427 3922 ὁ
3445 3869 3501 3921 δὲ
3533 3869 3812 3939 φεισάμε-

2217 3977 2305 4023 νος
2343 3961 2436 4012 καλ.
2472 3957 2665 4028 μικρὸν
2701 3959 3048 4028 καρτερήσας
3095 3955 3305 4026 χρόνον,
3355 3954 3615 4022 γάννυται
3658 3954 3813 4024 μετά

2215 4042 2386 4097 ταῦτα
2405 4042 2500 4094 καὶ
2519 4042 2723 4112 τρυφᾷ,
2750 4056 2855 4112 χρη
2865 4039 2992 4101 στὰς
3020 4038 3306 4109 ἀναμένων
3324 4037 3564 4102 ἐλπίδας,
3585 4037 3681 4090 καὶ
3697 4036 3812 4101 τὰς

2217 4124 2448 4196 ἀμοιϐάς
2487 4123 2586 4193 τῆς
2615 4122 2969 4189 ἀνεξικακίας
2997 4121 3148 4191 παρὰ
3177 4120 3269 4174 τοῦ
3296 4119 3432 4173 Θεοῦ
3457 4119 3808 4190 προσδοκῶν.

2217 4208 2328 4260 Καὶ
2358 4207 2410 4258 εῖ
2438 4221 2568 4259 ποτε
2601 4204 2888 4276 περιπέσοι
2916 4203 3025 4256 τινὶ
3044 4202 3224 4274 δεινῷ,
3264 4201 3404 4272 μετά
3428 4201 3631 4271 πολλῇς
3659 4203 3814 4274 παῤ-

2219 4288 2418 4360 ρησίας
2448 4288 2742 4357 ἀπαιτήσει
2769 4286 2860 4339 τὸν
2892 4285 3025 4339 Θεὸν
3067 4285 3167 4356 τὴν
3201 4285 3502 4338 ἀντίδοσιν·
3546 4284 3812 4355 καθάπερ

2217 4369 2311 4425 οὖν
2351 4370 2447 4425 καὶ
2477 4366 2633 4434 οὗτος
2663 4370 2917 4424 ἁπάντων
2958 4369 3242 4439 ἀπήλαυσε
3282 4367 3513 4432 τούτων,
3555 4365 3812 4436 μεγάλας

2220 4455 2315 4510 καὶ
2335 4453 2651 4525 θαυμαστὰς
2677 4454 2776 4524 τῆς
2799 4452 2928 4524 περὶ
2943 4451 3032 4504 τὸν
3057 4451 3251 4523 ἐχθρὸν
3267 4449 3454 4504 τοῦτον
3473 4448 3814 4520 κηδεμονίας

2219 4536 2397 4590 λαϐὼν
2431 4535 2583 4608 παρὰ
2612 4534 2708 4588 τοῦ
2741 4533 2876 4588 Θεοῦ
2917 4534 3016 4598 τὰς
3061 4533 3301 4604 ἀμοιϐὰς
3350 4531 3600 4605 ὕστερον.
3642 4531 3813 4584 Ἀ).λὰ

2221 4621 2329 4691 γὰρ
2356 4620 2553 4690 ἴδωμεν
2589 4618 2684 4672 καὶ
2711 4617 2780 4672 τά
2823 4617 2962 4688 μετά
2993 4617 3186 4670 ταῦτα.
3232 4615 3342 4671 Καὶ
3372 4614 3598 4684 ἐξῆλθε
3623 4613 3816 4669 Auum

2221 4704 2289 4758 ἐκ
2320 4702 2437 4756 τοῦ
2466 4701 2797 4768 σπηλαίου,
2829 4700 3014 4770 φησὶν,
3045 4700 3238 4753 ὀπίσω
3270 4698 3472 4754 Σαοὺλ
3505 4697 3607 4753 καὶ
3637 4697 3814 4764 ἐϐόη-

2222 4800 2334 4840 σεν
2365 4785 2557 4839 ὀπίσω
2574 4783 2797 4847 αὐτοῦ,
2831 4783 2988 4838 οὕτω
3010 4783 3207 4855 λέγων
3227 4795 3242 4810 ⁶
3270 4780 3454 4850 Κύριέ
3478 4798 3604 4850 μου
3627 4780 3816 4845 ,ϐασι-

2222 4868 2353 4924 λεῦ.
2372 4867 2478 4921 Καὶ
2495 4866 2795 4935 ἀνέϐλεψε
2815 4866 3016 4920 Σαοὺλ
3041 4867 3236 4920 ὀπίσω
3257 4864 3465 4929 αὑτοῦ,
3490 4863 3591 4918 καὶ
3614 4865 3817 4933 ἔκυψε

2223 4951 2401 5004 Δαυῒδ
2419 4949 2515 5003 ἐπὶ
2534 4950 2860 5016 πρόσωπον
2879 4948 3066 5003 αὐτοῦ
3094 4949 3193 5002 ἐπὶ
3211 4947 3326 5015 τὴν
3341 4945 3480 5016 γῆν,
3498 4946 3600 5000 καὶ
3622 4963 3818 5016 προσ-

2222 5035 2523 5097 εκύνησεν
2547 5031 2733 5097 αὐτῷ.
2776 5031 2959 5086 Ταῦτα
2983 5029 3077 5084 τοῦ
3125 5030 3297 5083 σῶσαι
3345 5029 3439 5082 τὸν
3474 5029 3676 5100 ἐχθρὸν
3709 5030 3818 5099 οῦκ

2224 5115 2481 5169 ἐλάττονα
2511 5114 2664 5185 φέρει
2697 5113 2923 5184 κόσμον.
2960 5113 3096 5168 Οὐδὲ
3124 5113 3235 5184 γὰρ
3263 5113 3363 5182 τῆς
3399 5111 3678 5184 τυχούσης
3707 5111 3818 5181 qm-

2225 5199 2326 5268 χῆς
2367 5194 2432 5267 ἦν
2461 5196 2522 5249 τὸ
2559 5196 2634 5265 μὴ
2665 5195 2975 5264 φυσηθῖψαι
3002 5199 3121 5260 ταῖς
3156 5198 3236 5260 εἰς
3265 5196 3357 5249 τὸν
3391 5194 3624 5264 πλησίον
3653 5195 3820 5266 εὐερο

2224 5280 2454 5348 γεσίαις,
2486 5276 2686 5348 μᾶλλον
2715 5277 2772 5330 δὲ
2801 5277 2859 5330 τὸ
2890 5277 2968 5348 μὴ
3005 5277 3068 5332 τὸ
3105 5278 3215 5331 τῶν
3249 5277 3464 5332 πολλῶν
3508 5277 3731 5340 παθεῖν,
3765 5278 3820 5330 οῖ

2226 5361 2476 5431 καθάπερ
2497 5359 2840 5430 ἀνδραπόδων
2855 5357 2906 5426 ἀ,
2929 5358 3104 5424 οὕτως
3125 5359 3438 5433 ὑπερορῶσι
3455 5359 3566 5413 τῶν
3581 5360 3821 5428 εὐεργεο

2289 5609 2313 5637 ⁸
2344 5607 2487 5671 Οῦτω
2625 5603 2780 5671 τοῦτῳ
2815 5606 3017 5671 λεόντων
3040 5609 3265 5671 ἀπάντων
3287 5608 3552 5671 ἀγριώτερα
3576 5606 3705 5663 πάθη
3731 5609 3820 5655 ναὶ

2227 5668 2522 5728 δυνατώτερα
2549 5666 2801 5715 ἐπετίθετο.
2831 5668 2913 5716 Sic
2931 5668 3003 5715 Re
3044 5668 3091 5716 'i.
3331 5666 3362 5671 ”

2289 5726 2315 5764 d
2343 5728 2464 5777 Rea.
2489 5739 2614 5776 unus
2635 5727 2920 5777 εὐεργεσίαις
2937 5681 3148 5777 mgna
3168 5729 3374 5777 ἀνδοαπὸ

2234 5726 2614 5852 ιθῖρὲἆῗίἓμηυε
2635 5727 2920 5788 εὐεργεσίαις
2937 5726 3148 5792 καθάπερ
3168 5729 3494 5794 ἀνδραπόδων,
3518 5727 3721 5777 omissis
3739 5729 3823 5776 tn—
