4064 6472
324 396 432 454 689

325 514 476 569 illum
507 528 628 568 cum
655 513 920 581 laudibus,
948 513 1041 569 sed
1070 512 1377 585 angelorum
1409 514 1632 583 populus
1653 528 1683 567 e
1707 512 1918 567 sublimi

324 606 702 677 applaudebat,
728 606 996 660 admirans
1026 606 1139 675 ejus
1170 606 1560 675 phi1050phiam
1593 614 1647 657 et
1674 605 1918 658 humani-

326 706 513 751 tatem.
541 696 795 751 Ascendit
815 697 956 751 enim
980 696 1132 751 hoste
1159 696 1465 751 vulneribus
1490 697 1780 749 innumeris
1801 710 1924 749 sau-

323 789 466 843 ciato
488 828 504 852 ,
534 797 593 841 ut
622 788 711 857 qui
752 789 958 843 tametsi
987 796 1256 843 servasset
1280 788 1498 842 Saulem
1523 829 1536 853 ,
1566 797 1740 841 tamen
1772 787 1918 841 illum

324 893 513 933 revera
543 878 747 933 hostem
777 879 1044 933 diabolum
1078 879 1257 933 multis
1286 879 1453 948 plagis
1493 878 1737 931 conﬁxit.
1770 876 1921 932 Sicut

322 971 467 1025 enim
511 970 663 1024 nobis
712 986 807 1039 per
852 971 1178 1025 iracundiam
1226 972 1363 1027 inter
1392 986 1489 1025 nos
1527 971 1916 1040 pugnantibus,

322 1074 377 1119 et
402 1077 585 1119 mutuo
609 1065 858 1120 conﬂictu
887 1067 1116 1133 collisis,
1158 1067 1245 1122 ille
1278 1077 1385 1121 tum
1426 1067 1657 1137 gaudet,
1692 1079 1799 1122 tum
1830 1069 1921 1123 la:-

322 1163 507 1208 tatur:
540 1155 610 1209 ita
656 1156 809 1210 nobis
852 1171 1035 1225 pacem
1079 1166 1133 1211 et
1175 1157 1516 1211 concordiam
1561 1158 1914 1229 habentibus,

320 1246 562 1316 iramque
590 1247 990 1302 moderantibus
1012 1289 1027 1313 ,
1062 1263 1246 1302 rursus
1276 1249 1607 1303 contrahitur
1631 1264 1693 1303 ac
1729 1250 1915 1319 dejici-

314 1349 423 1403 tur,
454 1340 702 1393 nimirum
736 1340 909 1395 hostis
938 1342 1083 1410 pacis
1112 1350 1165 1396 et
1192 1341 1439 1396 inimicus
1475 1342 1777 1397 concordia:
1806 1384 1821 1408 ,
1863 1357 1917 1403 et

319 1432 532 1486 invidiae
573 1442 742 1502 pater.
790 1434 1051 1503 Egressus
1097 1443 1181 1489 est
1225 1435 1384 1504 igitur
1428 1434 1589 1489 David
1615 1477 1630 1503 ,
1674 1435 1912 1491 dextram

318 1524 460 1578 illam
490 1525 650 1578 totius
677 1525 820 1580 orbis
843 1527 1012 1595 pretio
1034 1542 1215 1595 parem
1239 1527 1393 1581 simul
1418 1542 1537 1582 cum
1564 1529 1736 1597 capite
1757 1544 1911 1583 coro-

318 1627 494 1671 natam
522 1628 755 1687 gestans.
789 1617 937 1673 Sieut
964 1620 1105 1673 enim
1146 1634 1289 1689 scepe
1318 1620 1669 1690 Imperatores
1694 1635 1876 1675 eorum
1894 1664 1908 1689 ,

320 1711 411 1779 qui
443 1709 655 1780 egregie
691 1725 750 1765 se
782 1711 831 1764 in
863 1710 1094 1781 pugilum
1127 1714 1419 1767 certamine
1450 1724 1757 1784 gesserunt,
1786 1725 1910 1770 ante

313 1812 473 1871 caput
514 1813 772 1858 coronant
816 1804 1058 1859 dextram
1104 1814 1195 1860 aut
1240 1807 1431 1877 pugilis
1480 1815 1572 1862 aut
1615 1809 1912 1877 pancratia-

310 1902 410 1949 sta:
439 1892 516 1965 (a)
553 1896 665 1949 :ita
709 1906 762 1951 et
804 1897 943 1952 Deus
986 1913 1200 1952 manum
1246 1899 1389 1953 illam
1435 1900 1752 1967 coronavit,
1789 1916 1907 1970 qum

310 1987 543 2056 gladium
574 2003 763 2057 purum
794 1990 1025 2059 potuerit
1045 1991 1295 2058 educere,
1320 2007 1608 2062 ensemque
1632 1994 1740 2048 Deo
1765 1995 1909 2049 nullo

312 2078 571 2147 sanguine
610 2079 1028 2134 contaminatum
1051 2081 1335 2136 ostendere
1359 2123 1372 2146 ,
1402 2081 1630 2152 denique
1655 2083 1909 2139 adversus

312 2178 513 2221 tantam
546 2168 833 2224 iracundia:
878 2172 1166 2240 procellam
1207 2174 1478 2229 resistere.
1505 2174 1621 2229 Non
1662 2192 1909 2246 egressus

307 2269 392 2313 est
419 2266 631 2329 gestans
656 2260 831 2315 Saulis
859 2262 1102 2317 diadema
1127 2304 1142 2330 ,
1174 2263 1267 2317 sed
1294 2279 1543 2333 egressus
1572 2274 1655 2320 est
1693 2278 1908 2336 gestans

304 2371 560 2411 coronam
580 2357 832 2428 justitiae;
860 2373 966 2413 non
997 2374 1243 2429 egressus
1268 2368 1349 2414 est
1376 2369 1590 2430 gestans
1617 2362 1759 2430 regis
1782 2378 1905 2431 pur-

301 2465 527 2520 puream
564 2462 786 2518 vestem,
818 2452 912 2507 sed
946 2466 1193 2523 egressus
1226 2461 1309 2506 est
1332 2453 1555 2507 amictus
1579 2452 1907 2508 humanitate

304 2552 551 2596 naturam
576 2542 860 2596 humanam
882 2551 1191 2613 superante,
1215 2541 1355 2613 quod
1380 2543 1594 2613 pallium
1619 2551 1699 2598 est
1722 2544 1906 2614 quavis

306 2633 443 2687 stola
475 2633 918 2703 magniﬁcentius.

370 2728 584 2796 Confert
609 2727 851 2781 Devidem
880 2745 992 2781 cum
1017 2728 1173 2782 tribus
1196 2730 1377 2797 pueris.
1404 2727 1553 2781 Nihil
1577 2729 1729 2781 tutius
1755 2746 1906 2798 quam

308 2838 513 2890 parcere
534 2822 758 2874 inimico.
777 2821 1127 2891 —Egressns
1152 2830 1234 2875 est
1259 2838 1287 2875 e
1312 2821 1583 2891 spelunca,
1617 2831 1756 2874 tanta
1783 2836 1904 2875 cum

306 2914 474 2981 gloria
494 2954 507 2975 ,
548 2928 668 2967 cum
706 2920 902 2981 quanta
933 2922 1038 2966 tres
1066 2913 1213 2981 pueri
1241 2913 1439 2981 egressi
1472 2921 1595 2965 sunt
1638 2926 1667 2965 e
1696 2912 1905 2966 camino

302 3004 548 3058 ardente.
596 3004 727 3058 Nam
760 3014 817 3059 ut
848 3005 966 3058 illos
1002 3019 1106 3057 non
1152 3004 1353 3058 exussit
1385 3004 1520 3074 ignis
1543 3043 1557 3068 ,
1587 3004 1659 3057 ita
1694 3004 1777 3057 hie
1800 3018 1902 3057 non

298 3095 662 3164 conﬂagravit
691 3095 782 3148 iraa
817 3095 1083 3149 incendio.
1128 3093 1195 3148 Et
1236 3095 1337 3149 illis
1364 3095 1578 3163 quidem
1607 3094 1736 3148 foris
1773 3094 1903 3149 nihil

300 3187 475 3256 ignis,
504 3187 554 3240 in
582 3200 687 3255 quo
712 3186 1093 3253 versabantur,
1126 3186 1501 3257 nocuit(Dan.
1525 3186 1596 3259 5)
1628 3207 1640 3242 :
1665 3188 1750 3243 hic
1773 3204 1902 3243 vero

305 3293 430 3332 cum
462 3279 601 3333 intus
631 3279 853 3333 haberet
890 3280 1151 3334 carbones
1178 3293 1436 3334 accensos
1460 3322 1475 3346 ,
1509 3294 1628 3335 eum
1661 3279 1788 3335 foris
1818 3280 1899 3334 vi-

303 3372 457 3425 deret
477 3371 743 3425 diabolum
765 3371 1029 3426 caminum
1054 3372 1446 3436 incendentem,
1471 3371 1537 3425 ab
1558 3371 1755 3426 inimici
1778 3386 1905 3425 con-

302 3474 512 3534 specto,
535 3465 602 3518 ab
622 3466 991 3520 exhortatione
1012 3466 1259 3531 militum,
1282 3482 1310 3520 a
1330 3464 1579 3522 facilitate
1597 3464 1902 3536 perﬁciendi

313 3577 325 3607 ι
345 3558 539 3623 aedem,
561 3573 589 3612 a
618 3557 901 3613 solitudine
921 3574 1103 3612 eorum
1127 3558 1214 3627 qui
1233 3558 1375 3613 Sauli
1397 3568 1617 3628 possent
1637 3557 1899 3624 auxiliari,

304 3663 333 3700 a
369 3648 760 3717 praeteritorum
793 3649 1045 3703 memoria
1073 3690 1087 3714 ,
1133 3663 1161 3701 a
1206 3648 1504 3702 futurorum
1547 3648 1902 3718 periculorum

302 3741 449 3788 metu
483 3732 775 3803 (siquidem
811 3735 924 3788 haec
968 3743 1020 3787 et
1046 3734 1356 3797 sarmentis,
1387 3733 1534 3803 pice,
1572 3733 1812 3801 stipulis,
1841 3748 1904 3789 ac

296 3826 515 3880 czctcris
543 3825 819 3888 omnibus,
852 3826 1044 3894 quibus
1075 3826 1314 3878 caminus
1344 3825 1433 3878 ille
1465 3824 1784 3895 Babylonius
1822 3825 1902 3878 in-

298 3916 657 3982 cendebatur,
686 3915 999 3969 lucidiorem
1024 3916 1326 3970 excitabant
1351 3915 1692 3985 ﬂammam),
1723 3924 1900 3971 tamen

300 4025 414 4064 non
452 4011 649 4065 exarsit
683 4009 866 4074 David,
897 4024 1069 4078 neque
1096 4009 1201 4061 ullo
1242 4018 1395 4077 pacto
1423 4009 1500 4063 sic
1532 4007 1627 4061 fuit
1655 4007 1894 4074 aﬂ'ectus,

305 4112 364 4156 ut
390 4111 803 4156 consentaneum
833 4110 947 4154 erat
972 4116 1090 4155 eum
1118 4099 1255 4155 efﬁci
1282 4119 1293 4154 :
1321 4100 1413 4155 sed
1439 4101 1601 4154 exivit
1633 4116 1815 4170 purus,
1847 4109 1902 4154 et

296 4197 527 4250 intuitus
556 4195 753 4249 inimici
779 4194 987 4261 faciem,
1016 4195 1138 4249 hinc
1159 4195 1388 4249 maxime
1413 4196 1639 4264 sumpsit
1664 4195 1899 4250 animum

306 4289 498 4344 fortem
544 4304 608 4343 ac
652 4288 1100 4357 philosOphicum.
1147 4287 1280 4342 Cum
1328 4289 1471 4341 enim
1508 4288 1713 4342 videret
1750 4288 1900 4341 illum

303 4379 544 4434 dormire
570 4421 583 4443 ,
628 4395 689 4433 ac
719 4396 935 4433 manere
976 4380 1313 4434 immobilem
1340 4420 1354 4444 ,
1398 4394 1570 4448 neque
1613 4379 1898 4448 quidquam

302 4484 465 4537 posse
490 4467 690 4533 lacere,
721 4484 820 4523 suo
849 4484 968 4525 cum
1001 4470 1179 4522 animo
1204 4469 1459 4535 loquutus
1480 4477 1562 4523 est
1590 4485 1605 4520 :
1638 4469 1726 4523 ubi
1757 4485 1900 4523 nunc

299 4560 396 4617 ille
420 4560 603 4615 furor?
626 4560 712 4615 ubi
737 4561 821 4615 illa
854 4560 1086 4614 malitia?
1108 4560 1192 4613 ubi
1219 4568 1294 4614 tot
1313 4561 1543 4626 teelmze,
1569 4569 1645 4614 tot
1668 4561 1899 4615 insidite?

298 4653 566 4708 Abierunt
586 4653 760 4707 omnia
788 4652 898 4716 illa,
927 4654 1303 4723 pcrieruntquc
1324 4651 1496 4721 exigui
1520 4652 1691 4706 somni
1722 4651 1900 4706 incur-

294 4761 367 4800 su
394 4763 407 4798 :
433 4745 573 4815 jacet
599 4745 845 4814 alligatus
873 4760 998 4811 rex,
1031 4759 1152 4798 cum
1195 4744 1324 4797 nihil
1359 4743 1549 4798 horum
1580 4758 1682 4797 nos
1725 4760 1897 4813 neque

297 4838 733 4909 cogitaverimus,
759 4852 929 4904 neque
947 4835 1348 4905 perfecerimus.
1361 4834 1735 4904 Conspiciebat
1752 4836 1896 4889 illum

298 4930 747 4995 dormientem,ac
761 4930 826 4982 de
843 4937 1012 4982 morte
1026 4927 1270 4981 omnibus
1287 4926 1551 4981 communi
1564 4926 1904 4995 philosopha-

296 5023 481 5077 batur.
521 5019 751 5075 Sonmus
786 5021 926 5073 enim
949 5018 1078 5072 nihil
1105 5018 1247 5072 aliud
1269 5028 1372 5081 est,
1396 5033 1555 5087 quam
1583 5034 1727 5072 mors
1765 5029 1901 5074 tem-

304 5113 523 5183 poraria
548 5153 564 5179 ,
596 5121 649 5168 et
673 5110 1012 5181 quotidianus
1053 5110 1318 5164 interitus.
1350 5108 1499 5164 Haud
1525 5110 1900 5179 intempestive

296 5204 425 5275 quis
464 5204 549 5259 hic
590 5203 893 5258 meminerit
934 5204 1093 5257 etiam
1137 5201 1389 5257 Danielis.
1438 5202 1895 5268 Quemadmodum

300 5298 448 5351 enim
472 5296 559 5352 ille
578 5295 819 5351 ascendit
838 5310 867 5348 a
890 5295 1005 5349 lacu
1033 5294 1295 5363 superatis
1318 5293 1443 5349 feris
1471 5293 1711 5349 leonibus
1733 5294 1895 5362 (Dan.

305 5393 419 5459 14)
453 5433 467 5457 ,
501 5392 571 5446 ita
602 5399 658 5446 et
700 5391 785 5445 hic
825 5406 854 5445 c
890 5405 1055 5459 specu
1101 5390 1334 5459 prodiit,
1362 5388 1479 5442 aliis
1516 5388 1701 5442 bestiis
1746 5388 1900 5458 longe

303 5483 621 5538 saevioribus
661 5482 907 5537 devictis.
939 5480 1067 5535 Nam
1110 5480 1248 5535 sicut
1284 5480 1427 5548 justo
1456 5478 1529 5532 illi
1566 5479 1749 5534 leones
1775 5479 1899 5532 hinc

304 5586 470 5647 atque
497 5575 622 5631 hinc
646 5574 971 5641 assidebam,
1004 5573 1075 5627 ita
1105 5572 1245 5627 hunc
1273 5570 1517 5627 omnibus
1543 5570 1788 5625 leonibus
1816 5570 1895 5625 ef-

362 5754 445 5865 éa)
482 5754 812 5803 Pancratiastze
837 5750 1081 5814 erantqui
1122 5750 1169 5797 in
1195 5745 1446 5818 pentathlo
1484 5759 1574 5818 seu
1600 5746 1647 5794 in
1683 5745 1899 5818 quinque

400 5820 440 5865 is
464 5816 675 5864 victores
698 5812 908 5865 fuerant.
932 5812 997 5862 de
1021 5811 1199 5865 quibus
1225 5808 1351 5858 ludis
1394 5807 1616 5865 pluribus
1638 5819 1831 5865 egimus
1856 5819 1899 5855 m

307 5807 440 5866 Indis
464 5816 675 5864 victores
698 5812 908 5873 fuerant,
932 5812 997 5875 de
1016 5807 1208 5875 "quibus
1225 5808 1362 5875 ludis
1394 5807 1616 5875 pluribus
1638 5807 1831 5875 egimus
1855 5808 1901 5855 in

306 5876 438 5927 libro
456 5878 517 5926 de
538 5876 839 5940 Antiquitate
864 5869 1206 5938 explanatione
1224 5879 1275 5921 et
1297 5869 1626 5922 schematibus
1646 5869 1896 5919 illustrata.

1360 396 1454 452 DE
1497 395 1750 450 DAVle
1791 394 1880 449 ΕΤ
1918 395 2144 453 SAULE
2186 401 2458 460 llOMlLlA
2508 408 2567 463 ll.

3514 422 3619 478 690

2030 513 2309 574 feratiores
2336 537 2397 575 ac
2420 524 2702 579 validiores
2731 529 2888 582 animi
2919 540 3092 585 motus
3120 533 3428 591 invaserunt
3460 555 3470 590 :
3497 539 3619 594 hinc

2030 606 2322 677 indignatio
2353 613 2419 667 de
2452 620 2754 685 prmteritis,
2789 621 2933 676 illinc
2956 623 3249 680 futurorum
3280 640 3493 684 metus:
3526 648 3619 685 ve-

2030 717 2145 756 rum
2179 706 2366 759 horum
2396 720 2675 781 utrumque
2706 713 2790 769 hic
2814 718 3070 784 coercuit,
3104 734 3194 773 ora
3227 721 3409 775 besdis
3437 722 3619 779 occlu-

2028 792 2178 859 deus,
2211 797 2340 863 ipsis
2372 799 2518 854 factis
2544 803 2741 858 docens
2762 847 2775 869 ,
2799 806 2931 860 nihil
2961 824 3080 863 esse
3110 812 3271 865 tutius
3301 830 3460 883 quam
3491 831 3615 883 par-

2027 902 2151 941 cere
2176 890 2411 955 inimico,
2445 905 2627 948 contra
2660 898 2787 952 nihil
2818 900 3187 967 periculosius,
3212 920 3368 971 quant
3399 921 3455 960 se
3477 908 3616 961 velle

2026 972 2206 1026 ulcisci
2228 989 2289 1029 ac
2317 976 2599 1032 vindictam
2622 995 2852 1037 sumere.
2884 984 3033 1039 Alter
3060 986 3215 1054 igitur
3239 989 3328 1058 qui
3358 999 3617 1045 statuerat

2026 1062 2277 1120 invadere
2301 1109 2314 1133 ,
2349 1069 2519 1123 nudus
2562 1081 2614 1125 et
2658 1072 2873 1128 inermis
2899 1116 2913 1140 ,
2943 1077 3296 1148 omnibusque
3324 1080 3613 1137 destitutus

2024 1155 2233 1210 auxiliis
2256 1173 2357 1211 non
2382 1159 2535 1215 aliter
2555 1177 2712 1231 quam
2736 1167 2973 1233 captivus
2996 1168 3047 1221 in
3070 1184 3259 1223 manus
3282 1170 3478 1224 inimici
3503 1182 3613 1225 tra-

2020 1245 2163 1300 ditus
2200 1248 2410 1316 jacebat
2444 1269 2455 1303 :
2488 1252 2573 1305 hic
2613 1269 2739 1308 vero
2782 1256 2906 1309 dmn
2956 1259 3140 1325 cedit,
3190 1270 3244 1314 et
3284 1262 3478 1331 ubique
3522 1262 3613 1317 dat

2022 1337 2217 1405 locum,
2246 1340 2474 1412 dumque
2502 1358 2567 1398 ne
2590 1344 2733 1414 juste
2758 1347 2969 1417 quidem
3008 1350 3117 1404 vult
3140 1367 3326 1405 manus
3355 1354 3609 1422 injicere,

2020 1431 2136 1487 sine
2162 1434 2441 1497 machinis,
2476 1438 2590 1490 sine
2617 1441 2781 1493 armis
2801 1482 2814 1506 ,
2849 1442 2963 1495 sine
2990 1444 3225 1512 equitatu
3244 1487 3256 1509 ,
3288 1446 3405 1500 sine
3432 1447 3614 1499 militi-

2019 1523 2135 1589 bus,
2170 1527 2374 1580 hostem
2406 1528 2454 1579 in
2489 1538 2808 1596 potestatem
2839 1546 2989 1585 suam
3013 1535 3254 1603 accepit;
3286 1545 3337 1588 et
3363 1523 3502 1605 quod
3529 1546 3613 1591 est

2017 1616 2253 1669 omnium
2287 1618 2609 1684 maximum,
2644 1620 2809 1675 Deum
2851 1638 2973 1693 erga
3015 1638 3073 1678 se
3115 1624 3610 1682 benevolentiorcm

2018 1707 2268 1763 reddidit.

2085 1801 2137 1854 '5.
2176 1804 2377 1867 Quanta
2414 1806 2714 1877 lucrifecerit
2754 1808 2946 1876 David,
2989 1820 3183 1865 servato
3216 1811 3390 1867 Satile.
3444 1814 3609 1868 Multo

2014 1895 2180 1963 majus
2210 1913 2415 1964 parcere
2439 1915 2589 1967 quam
2626 1902 2849 1967 perdere.
2880 1932 2952 1941 ——
2978 1902 3090 1956 Non
3120 1903 3260 1957 enim
3290 1919 3356 1958 eo
3384 1904 3599 1959 beatum

2014 1988 2244 2056 prazdico
2270 2001 2509 2044 sanctum
2542 1993 2688 2047 illum
2708 2035 2721 2059 ,
2749 1996 2888 2063 quod
2924 1996 3129 2050 hostem
3166 1997 3357 2051 viderit
3384 1999 3482 2051 sub
3510 2015 3606 2068 pe-

2015 2078 2170 2133 dibus
2201 2082 2311 2135 suis
2332 2082 2621 2151 jaccntem,
2654 2087 2747 2140 sed
2779 2088 2920 2156 quod
2950 2088 3021 2141 illi
3053 2089 3103 2141 in
3135 2104 3322 2143 manus
3352 2090 3476 2143 dato
3509 2107 3606 2159 pe-

2013 2172 2261 2239 percerit.
2287 2175 2522 2239 Quorum
2552 2178 2775 2230 alterum
2807 2176 2905 2230 fuit
2932 2194 3064 2247 opus
3091 2178 3283 2232 divinre
3317 2181 3564 2247 potentia:
3587 2222 3602 2242 ,

2012 2265 2235 2319 alterum
2276 2267 2389 2335 ejus
2427 2267 2793 2337 philosophia}.
2830 2269 3109 2334 Quomodo
3133 2270 3329 2324 milites
3352 2269 3604 2339 deincrps

2014 2355 2162 2408 illum
2190 2356 2506 2410 observasse
2535 2367 2949 2412 consentaneum
2983 2358 3114 2424 fuit,
3148 2368 3341 2426 quanta
3370 2375 3490 2429 erga
3534 2361 3601 2412 il-

2012 2446 2118 2500 lum
2149 2447 2517 2501 benevolentia
2558 2448 2720 2502 fuisse
2763 2449 3021 2503 allectos?
3068 2450 3196 2502 Nam
3240 2450 3283 2503 si
3320 2451 3463 2504 mille
3501 2451 3601 2504 h3-

2009 2537 2249 2592 buissent
2280 2539 2445 2603 vitas,
2472 2553 2650 2591 annon
2670 2549 2921 2607 prompte
2964 2540 3345 2609 impendisscnt
3378 2556 3473 2609 pro
3501 2557 3599 2594 suo

1988 2628 2174 2694 .duce,
2203 2630 2311 2699 jam
2344 2647 2406 2684 ex
2440 2632 2731 2685 reverentia
2764 2646 2919 2700 quam
2950 2632 3084 2685 hosti
3113 2635 3355 2702 pra-stitit
3378 2677 3391 2699 ,
3424 2636 3598 2704 reipsa

2012 2734 2346 2793 perspectum
2378 2725 2661 2792 habentes,
2707 2740 2863 2794 quam
2890 2725 3202 2779 benevolum
3235 2727 3468 2780 animum
3500 2742 3598 2796 ge-

2011 2828 2154 2871 reret
2182 2833 2305 2888 erga
2330 2833 2455 2873 suos
2477 2817 2500 2870 ?
2525 2818 2656 2872 Nam
2690 2818 2733 2871 is
2759 2820 2846 2888 qui
2885 2818 3029 2872 mitis
3057 2834 3119 2873 ac
3150 2830 3460 2873 mansuetus
3486 2832 3600 2874 erat

2010 2909 2061 2963 in
2091 2923 2183 2963 eos
2205 2952 2217 2974 ,
2265 2924 2293 2962 a
2326 2909 2516 2978 quibus
2548 2910 2788 2963 molestia
2821 2908 3040 2963 allectus
3062 2918 3175 2975 est,
3223 2910 3387 2962 multo
3430 2910 3599 2978 magis

2010 3002 2110 3056 crit
2139 3017 2259 3071 erga
2289 3001 2577 3056 benevolos
2609 3016 2729 3057 cum
2762 3002 3008 3055 allectum
3026 3010 3276 3070 gesturus
3304 3019 3315 3053 :
3346 3016 3462 3070 qua:
3486 3017 3601 3070 pro-

2010 3095 2146 3151 fecto
2177 3112 2263 3151 res
2291 3096 2390 3150 fuit
2412 3096 2487 3150 illi
2510 3096 2800 3151 maximum
2827 3096 3129 3151 securitatis
3158 3095 3370 3164 pignus.
3400 3097 3465 3147 At
3488 3109 3592 3148 non

2008 3189 2060 3242 in
2105 3187 2274 3257 ipsum
2300 3188 2460 3242 modo
2504 3187 2969 3242 benevolentiores
3016 3194 3168 3240 erant
3194 3228 3208 3251 ,
3244 3186 3595 3239 vernmetiam

2008 3281 2264 3335 adversus
2298 3280 2479 3334 hostes
2506 3281 2861 3349 promptiores
2895 3297 2906 3332 :
2938 3279 3077 3348 quod
3104 3279 3302 3333 scirent
3341 3294 3399 3333 se
3432 3279 3595 3331 Deum

2008 3373 2208 3428 habere
2236 3382 2699 3443 propugnatorem,
2724 3373 2813 3442 qui
2845 3388 3057 3441 semper
3079 3372 3287 3426 adesset
3310 3372 3451 3435 duci,
3483 3386 3598 3424 om-

2008 3469 2163 3522 nibus
2193 3467 2336 3521 illius
2364 3467 2527 3536 gestis
2558 3464 2905 3535 prOSpiciens.
2940 3463 3141 3517 Idcirco
3172 3471 3353 3532 postea
3387 3460 3594 3526 Davidi,

2010 3575 2112 3612 non
2146 3558 2255 3627 jam
2296 3566 2353 3611 ut
2397 3557 2596 3610 homini
2624 3599 2637 3620 ,
2690 3556 2782 3609 sed
2811 3565 2867 3609 ut
2892 3555 3078 3624 angelo
3108 3553 3382 3622 parebant.
3417 3552 3596 3620 Itaque

2009 3650 2173 3704 David
2199 3658 2250 3703 et
2281 3650 2585 3717 priusquam
2620 3649 2759 3702 Deus
2786 3647 2886 3715 ipsi
2920 3644 3220 3699 mercedem
3252 3642 3593 3712 rependeret,

2007 3740 2165 3795 etiam
2197 3740 2247 3794 in
2276 3741 2373 3794 hac
2390 3740 2494 3794 vita
2523 3740 2691 3809 majus
2719 3740 2921 3808 accepit
2943 3736 3242 3807 praemium,
3262 3751 3324 3789 ac
3346 3736 3595 3789 illustrio~

2008 3849 2119 3887 rem
2154 3833 2272 3885 tulit
2322 3832 2594 3886 victoriam
2626 3841 2836 3885 servato
2864 3830 3042 3893 Saﬁlc,
3068 3843 3224 3897 quam
3254 3828 3295 3881 si
3328 3842 3448 3881 eum
3476 3841 3590 3880 ma-

2006 3931 2221 3979 ctasset.
2249 3922 2399 3989 Quod
2428 3922 2567 3976 enim
2601 3930 2800 3974 tantum
2820 3919 3175 3974 lucrifecisset
3202 3919 3383 3972 occiso
3409 3918 3589 3979 hoste,

2006 4024 2258 4088 quantum
2300 4028 2442 4068 nunc
2471 4012 2589 4066 tulit
2636 4011 2711 4065 illi
2750 4008 3061 4080 parcendo?
3094 4008 3216 4061 llatc
3263 4006 3421 4075 igitur
3457 4015 3510 4059 et
3543 4016 3591 4062 t4

2009 4118 2182 4163 tecum
2210 4105 2474 4176 expende,
2508 4105 2593 4157 ubi
2626 4104 2831 4173 ceperis
2858 4118 2976 4155 enni
3010 4102 3095 4171 qui
3124 4109 3173 4154 te
3212 4099 3347 4153 lzcsit
3370 4142 3387 4166 ,
3429 4099 3597 4152 multo

2006 4217 2125 4256 esse
2152 4202 2322 4270 majus
2351 4214 2412 4253 ac
2442 4197 2701 4252 lucrosius
2727 4210 2950 4265 parcere
2974 4235 2988 4261 ,
3028 4208 3183 4263 quam
3214 4190 3459 4261 perdere.
3506 4189 3595 4244 Si-

2006 4294 2221 4364 quidem
2267 4294 2310 4347 is
2333 4293 2421 4362 qui
2454 4290 2649 4345 occidit
2688 4289 2962 4343 inimicum
2988 4327 3001 4350 ,
3046 4286 3352 4354 frequenter
3388 4293 3441 4338 et
3480 4282 3597 4351 ipse

2006 4402 2125 4441 sese
2150 4383 2548 4447 condemnabit,
2574 4396 2791 4451 pravam
2817 4393 3007 4449 gerens
3030 4374 3429 4437 conscientiam,
3463 4371 3592 4426 dum

2008 4481 2058 4533 in
2086 4479 2321 4547 singulos
2346 4474 2460 4529 dies
2485 4483 2537 4527 et
2566 4470 2801 4540 singulas
2826 4469 2985 4523 horas
3032 4483 3060 4520 a
3105 4472 3323 4534 peccato
3364 4463 3455 4516 illo
3499 4477 3591 4516 nr-

1998 4578 2163 4641 igente
2193 4568 2456 4638 afﬂigetur
2487 4582 2500 4618 :
2531 4572 2586 4617 at
2612 4563 2701 4633 qui
2730 4560 2964 4630 pepercit
2988 4600 3003 4623 ,
3049 4555 3305 4625 brevique
3353 4564 3597 4622 tempore

2006 4662 2133 4716 vicit
2158 4659 2377 4713 aﬂ‘ectns
2408 4670 2555 4718 suos.
2585 4661 2704 4723 post
2729 4650 2959 4706 exsultat
2988 4663 3048 4702 ac
3073 4646 3368 4702 delectatur
3393 4643 3592 4713 Optima

2008 4766 2103 4821 spe
2128 4749 2291 4804 fultus
2312 4789 2327 4813 ,
2374 4762 2438 4801 ac
2476 4744 2773 4800 tolerantia:
2799 4740 3020 4812 prmmia
3042 4746 3357 4807 exspectans
3386 4751 3417 4789 a
3460 4734 3593 4789 Deo.

2006 4841 2158 4909 Quod
2188 4841 2231 4895 si
2260 4838 2471 4909 quando
2512 4837 2563 4890 in
2595 4835 2809 4904 aliquod
2850 4832 3048 4886 malum
3089 4828 3374 4893 inciderit,
3432 4828 3595 4883 multa

2007 4949 2126 4987 eum
2158 4931 2347 4986 ﬁducia
2379 4927 2680 4984 mercedem
2726 4940 2757 4979 a
2793 4925 2902 4980 Deo
2928 4931 3175 4994 reposcet
3204 4940 3216 4975 :
3245 4919 3598 4991 quemadmo-

2006 5024 2133 5079 dum
2161 5034 2216 5079 et
2240 5023 2325 5077 hic
2352 5036 2540 5091 magna
2573 5020 2812 5089 miraque
2844 5019 2897 5071 in
2922 5017 3132 5071 hostem
3162 5014 3412 5069 exhibita:
3437 5026 3564 5066 reve
3584 5040 3596 5051 -

2006 5117 2193 5171 rentia:
2219 5114 2433 5182 praemia
2479 5112 2731 5180 deinceps
2772 5109 3024 5165 divinitus
3066 5104 3284 5173 recepit.
3331 5101 3436 5156 Sed
3478 5118 3596 5172 quas

2008 5214 2302 5275 sequuntur
2344 5202 2641 5257 videamus.
2705 5198 2877 5253 Exivit
2923 5195 3090 5248 David
3136 5209 3163 5246 ε
3204 5192 3445 5262 spelunca
3486 5199 3597 5260 post

2010 5300 2250 5363 Satilem,
2300 5298 2633 5366 clamavitque
2666 5302 2779 5362 post
2815 5292 2959 5345 illum
2986 5329 3000 5353 ,
3044 5288 3116 5341 ita
3148 5286 3316 5339 dicem
3337 5300 3356 5338 :
3382 5282 3597 5336 Domina

2008 5393 2075 5444 nti
2103 5408 2210 5445 rex.
2243 5388 2308 5442 Et
2334 5387 2550 5460 respexit
2579 5383 2709 5439 Sail
2732 5392 2843 5451 post
2867 5392 3059 5449 tergum
3080 5393 3248 5441 suum,
3270 5385 3319 5429 et
3345 5374 3601 5428 inclinans

2008 5502 2061 5538 se
2090 5483 2257 5536 David
2299 5482 2350 5533 in
2404 5480 2533 5549 facie
2577 5486 2858 5548 prostratus
2884 5474 2935 5525 in
2980 5483 3164 5524 terram
3204 5467 3433 5522 adoravit
3485 5483 3599 5520 eum

2008 5577 2100 5643 (1.
2128 5575 2252 5642 Reg.
2282 5570 2369 5626 “li.
2399 5571 2487 5638 9).
2514 5569 2639 5623 “me
2668 5582 2772 5620 non
2807 5566 2980 5618 minus
3021 5560 3267 5615 adferunt
3297 5562 3596 5613 ornamenti

2012 5667 2225 5731 Davidi,
2258 5679 2415 5734 quam
2461 5671 2701 5715 servatus
2748 5658 2932 5713 hostis.
2979 5655 3161 5725 Neque
3195 5652 3335 5707 enim
3363 5650 3597 5719 vulgaris

2010 5769 2127 5817 erat
2168 5758 2328 5813 animi
2355 5798 2370 5823 ,
2421 5770 2525 5810 non
2556 5753 2726 5807 inﬂari
2774 5750 3047 5806 beneﬁciis
3079 5750 3129 5802 in
3161 5747 3460 5816 proximum
3488 5745 3597 5798 eol-

2010 5856 2161 5921 latis,
2211 5865 2381 5920 neque
2430 5849 2506 5901 sic
2551 5844 2687 5900 allici
2740 5852 2798 5897 ut
2839 5841 3012 5897 solent
3061 5838 3300 5912 plerique
3335 5851 3367 5891 e
3400 5834 3597 5905 Vulgo,
