4064 6438
497 389 620 444 ‘69l

519 502 609 570 qui
650 497 870 568 perinde
900 505 956 552 ut
985 493 1246 564 mancipia
1288 489 1588 560 superciliis
1628 486 1868 541 adductis
1913 483 2091 551 despi-

501 590 672 645 ‘ciunt
694 605 824 660 quos
856 585 1114 642 beneﬁcio
1147 583 1376 653 juveriut
1402 582 1470 649 (α
1491 579 1531 651 ).
1579 580 1649 634 At
1675 593 1778 631 non
1811 577 1879 628 ita
1909 575 2094 628 beatus

517 680 688 736 David
707 721 722 744 ,
753 679 878 748 quin
908 677 1084 747 potius
1110 684 1226 744 post
1253 674 1488 742 impensa
1530 668 1781 724 beneficia
1809 665 2096 720 modestior

522 771 781 842 apparuit.
812 769 870 824 In
913 782 1071 823 causa
1103 765 1236 830 fuit,
1276 763 1417 834 quod
1444 761 1574 816 nihil
1603 774 1786 814 eorum
1816 773 1935 828 quae
1961 770 2094 826 pne.

521 861 664 918 clare
692 871 838 933 gesta
870 859 1110 923 fuerant,
1157 872 1268 911 suae
1295 857 1458 925 ipsius
1483 853 1753 908 industriae
1778 849 1981 904 ferebat
2005 861 2094 901 ac-

522 961 729 1022 ceptum
755 993 768 1017 ,
803 952 896 1006 sed
925 961 1091 1006 totum
1121 950 1300 1004 divino
1331 947 1535 1002 muneri
1562 943 1914 999 adscribebat.
1942 940 2094 995 ideo-

521 1059 626 1113 que
649 1043 739 1113 qui
764 1049 1023 1108 servarat,
1048 1040 1187 1094 idem
1203 1037 1455 1092 adorabat
1474 1043 1762 1098 servatum,
1783 1044 2096 1098 rursumque

523 1147 702 1202 regem
729 1131 1052 1197 nominabat,
1085 1140 1139 1184 et
1162 1143 1221 1183 se
1245 1143 1482 1188 servum,
1517 1124 1588 1179 ob
1614 1123 1752 1177 illius
1786 1121 2094 1191 dignitatem

523 1223 686 1276 animi
717 1235 976 1277 tumorem
1009 1220 1302 1288 reprimens
1326 1257 1342 1282 ,
1375 1218 1611 1284 iramque
1638 1215 1903 1280 mitigans,
1934 1219 1986 1266 et
2015 1210 2096 1262 iu-

527 1313 721 1367 vidiam
747 1312 1087 1367 submovens.
1124 1308 1412 1362 Audiamus
1436 1319 1595 1375 porro
1625 1313 1678 1358 ct
1703 1301 2093 1356 excusationem

526 1402 717 1471 ipsam.
749 1401 850 1457 Cur
871 1401 1020 1456 audis
1043 1400 1188 1454 verba
1215 1399 1409 1469 pepuli,
1439 1396 1742 1457 dicentium,
1786 1391 1913 1445 Ecce
1937 1391 2098 1443 David

522 1493 700 1563 (partit
726 1495 946 1547 animum
972 1503 1106 1546 tuam
1134 1492 1205 1562 (l.
1231 1489 1356 1560 Reg.
1381 1488 1473 1543 24.
1508 1486 1609 1555 l0)
1633 1487 1656 1539 ἲ
1698 1485 1766 1539 Ει
1803 1495 1977 1538 tamen
2008 1483 2095 1552 qui

528 1585 666 1639 hanc
696 1583 1010 1653 conscripsit
1036 1582 1308 1637 historiam
1330 1619 1344 1644 ,
1392 1580 1538 1648 prius
1564 1577 1696 1631 dixit
1726 1584 1892 1628 totum
1925 1589 2095 1643 p0pu-

527 1675 635 1729 lum
674 1674 837 1730 fuisse
869 1690 991 1730 cum
1037 1673 1194 1727 David
1223 1713 1237 1738 ,
1278 1686 1503 1741 eumque
1539 1669 1826 1740 gratiosum
1855 1666 2019 1721 fuisse
2043 1667 2095 1719 in

530 1765 700 1819 oculis
728 1779 998 1820 servorum
1029 1765 1188 1834 regis,
1221 1770 1274 1818 ct
1295 1761 1548 1832 principis
1576 1760 1736 1814 filium
1764 1758 2095 1813 universum-

525 1871 627 1923 que
657 1856 945 1910 exercitum
987 1855 1164 1908 animo
1201 1853 1412 1908 stetisse
1437 1867 1465 1905 a
1497 1849 1692 1904 Davide
1722 1848 1816 1921 (2.
1851 1849 1978 1918 Reg.
2013 1848 2094 1902 l8.

527 1945 612 1998 16.
638 1945 727 1998 ‘22.
760 1945 848 2000 28.
874 1955 919 1998 et
947 1962 994 1998 c.
1026 1945 1110 2000 l9.
1141 1945 1216 2013 l).
1245 1944 1358 2011 Quo
1386 1950 1538 2012 pacto
1561 1943 1714 2011 igitur
1735 1941 1819 1994 hic
1844 1941 1917 1994 ait
1941 1940 2099 1993 fuisse

527 2035 616 2101 qui
647 2035 776 2088 falso
804 2034 1071 2090 deferrent
1109 2035 1280 2104 ipsum
1299 2075 1311 2096 ,
1350 2048 1413 2088 ae
1438 2033 1652 2088 Saiilem
1680 2033 1734 2086 in
1761 2047 1881 2086 eum
1908 2047 2100 2101 provo-

526 2125 747 2178 carent?
773 2124 921 2191 Quod
944 2125 1083 2180 enim
1107 2139 1216 2178 non
1233 2124 1454 2177 aliorum
1486 2123 1755 2188 instinctu,
1781 2121 1872 2176 sed
1903 2123 2014 2190 ipse
2033 2136 2097 2175 ex

529 2215 744 2283 proprio
767 2214 943 2268 animo
974 2214 1225 2266 malitiam
1270 2213 1404 2267 hanc
1448 2212 1774 2282 peperisset,
1807 2222 1864 2266 ut
1907 2212 2098 2266 bellum

526 2313 737 2374 gereret
753 2319 872 2358 cum
894 2303 1057 2370 jttslr),
1084 2302 1369 2356 declaravit
1389 2302 1474 2371 qui
1502 2301 1742 2355 volumen
1763 2301 2096 2369 conscripsit,

526 2413 646 2451 cum
676 2398 747 2450 ait
774 2412 804 2449 e
833 2396 1078 2449 laudibus
1108 2395 1320 2449 Davidis
1352 2403 1526 2448 natam
1554 2409 1671 2448 esse
1708 2394 1954 2448 invidiam
1979 2436 1994 2459 ,
2038 2409 2101 2448 ac

525 2488 715 2543 deinde
743 2489 974 2542 crevisse
1013 2487 1065 2541 in
1101 2486 1214 2541 dies
1240 2487 1312 2556 (l.
1333 2486 1455 2557 Reg.
1481 2487 1563 2542 18.
1591 2487 1642 2543 9.
1667 2487 1780 2559 9.9).
1810 2488 1977 2552 Quam
2006 2487 2103 2554 igi-

525 2586 610 2631 tur
635 2577 704 2631 ob
731 2591 943 2632 causam
971 2577 1172 2631 crimen
1201 2578 1463 2631 transtulit
1484 2577 1534 2630 in
1561 2577 1726 2643 alios,
1752 2578 1934 2632 dicens
1961 2578 2102 2644 :Cm:

526 2669 676 2722 audis
697 2669 840 2722 verba
863 2669 1035 2738 populi
1058 2668 1148 2732 tui,
1169 2668 1461 2735 dicentium,
1479 2668 1607 2722 Ecce
1619 2668 1785 2721 David
1799 2669 1976 2738 quwrit
1991 2669 2104 2723 ani-

526 2780 660 2816 snam
681 2774 816 2817 luant
836 2763 862 2816 Ρ
876 2762 1132 2818 Nimirum
1160 2772 1216 2818 ut
1241 2762 1314 2817 illi
1344 2763 1604 2832 praeberet
1631 2765 1963 2819 occasionem
1995 2778 2096 2818 ex-

524 2853 757 2910 cutiendi
788 2855 1063 2909 malitiam.
1093 2854 1207 2910 Hoc
1229 2855 1476 2909 nimirum
1503 2865 1556 2909 et
1575 2864 1820 2924 parentes
1844 2871 1986 2925 sirpe
2013 2857 2096 2910 fa-

525 2945 672 3000 ciunt
717 2959 840 3015 erga
891 2944 1068 3011 filios,
1113 2945 1237 2998 dum
1283 2945 1543 3015 quispiam
1595 2945 1886 3016 corripiens
1934 2945 2100 2999 lilium

525 3048 678 3088 suum
701 3044 1028 3104 corruptum,
1059 3035 1326 3106 multaque
1355 3043 1627 3105 operatum
1663 3036 1826 3101 mala,
1859 3036 2099 3106 quamvis

525 3124 626 3178 sibi
659 3139 969 3194 persuasum
1001 3125 1192 3180 habeat
1215 3167 1230 3193 ,
1275 3127 1423 3180 illum
1455 3141 1521 3181 ex
1551 3127 1762 3197 prapria
1807 3128 2004 3182 malitia
2031 3129 2098 3183 ad

524 3216 761 3286 perditos
786 3231 964 3272 mores
995 3218 1259 3287 appulisse
1285 3259 1300 3284 ,
1345 3217 1652 3287 frequenter
1682 3228 1854 3274 tamen
1885 3220 1938 3274 in
1966 3220 2098 3274 alios

523 3306 730 3376 culpam
761 3305 966 3376 rejicit,
1016 3308 1086 3361 ita
1133 3307 1354 3378 loquens
1385 3325 1397 3360 ε
1423 3308 1554 3362 Novi
1599 3323 1702 3363 non
1744 3309 1908 3365 fuisse
1947 3319 2094 3366 tuum

523 3395 774 3450 delictum
795 3438 810 3462 ,
838 3395 931 3451 sed
961 3396 1049 3451 alii
1079 3406 1129 3452 te
1157 3407 1510 3468 corruperunt
1546 3413 1608 3453 ac
1634 3399 1960 3454 seduxerunt
1991 3417 2004 3452 :
2038 3399 2099 3452 il-

525 3487 692 3540 lorum
720 3496 800 3540 est
826 3495 992 3541 totum
1039 3485 1140 3542 hoc
1179 3499 1473 3558 peccatum.
1497 3487 1626 3542 Nam
1655 3487 1767 3542 ltzec
1793 3487 2010 3543 audiens
2040 3481 2099 3541 ii.

523 3576 658 3643 lius,
687 3577 879 3646 poterit
906 3577 1154 3647 paulatim
1181 3593 1211 3632 a
1235 3578 1434 3632 malitia
1465 3579 1783 3649 resipiscens
1803 3579 2007 3635 facilius
2030 3580 2097 3636 ad

525 3663 713 3722 bonam
741 3666 945 3737 frugem
968 3670 1182 3737 reverti,
1209 3669 1332 3723 dum
1355 3671 1576 3739 pudefit,
1604 3671 1970 3741 e’rubescitque
2001 3671 2099 3727 hac

522 3757 678 3813 laude
702 3759 868 3813 videri
900 3759 1165 3830 indignus.
1191 3759 1330 3815 Idem
1361 3761 1484 3816 fecit
1511 3761 1709 3816 Paulus
1733 3761 1970 3818 scribens
1994 3757 2100 3818 Ga-

521 3847 662 3904 latis.
696 3850 822 3905 Post
853 3851 1046 3906 multos
1077 3852 1196 3906 illos
1223 3867 1286 3908 ae
1312 3853 1499 3923 longos
1536 3867 1809 3909 sermones
1829 3895 1842 3917 ,
1871 3862 2098 3925 postque

521 3955 627 3993 non
652 3940 1143 3996 commemorandas
1172 3943 1556 4006 accusationes,
1585 3944 1776 4013 quibus
1798 3944 1918 4000 illos
1942 3961 2097 4000 accu-

522 4038 685 4096 sarat,
708 4031 807 4085 sub
827 4031 1066 4100 epistolae
1096 4028 1253 4093 finem
1286 4033 1467 4088 volens
1497 4031 1563 4088 ab
1589 4033 1691 4088 illis
1718 4049 1964 4089 amovere
1985 4035 2097 4089 eui-

523 4133 666 4188 pam,
695 4128 750 4173 ut
774 4121 1155 4189 aliquantulum
1187 4137 1215 4174 a
1243 4118 1552 4178 criminibus
1581 4124 1805 4178 recreati
1834 4124 1899 4177 ad
1930 4139 2094 4178 excu-

519 4209 780 4264 sationem
809 4211 989 4266 venire
1018 4218 1218 4282 queant
1237 4253 1252 4276 ,
1297 4212 1438 4266 hunc
1467 4213 1518 4266 in
1559 4214 1772 4267 modum
1814 4214 2046 4284 loquitur
2077 4233 2092 4270 :

519 4289 631 4374 Ego
659 4301 859 4371 conﬁdo
888 4301 950 4355 de
975 4303 1130 4369 vobis,
1162 4304 1298 4373 quod
1320 4303 1446 4356 nihil
1483 4302 1626 4356 aliud
1663 4305 1879 4358 sentietis
1902 4321 1919 4358 :
1947 4315 2095 4360 ecete-

515 4411 629 4448 ram
647 4396 733 4463 qui
751 4411 836 4448 vos
861 4393 1138 4465 perturbat,
1163 4399 1284 4464 feret
1305 4395 1557 4463 judicium
1580 4396 1805 4466 quisquis
1829 4397 1914 4450 ille
1943 4399 2096 4468 fuerit

517 4477 669 4556 (Cal.
699 4483 752 4539 5.
786 4483 912 4554 10).
944 4481 1130 4539 Itidem
1165 4482 1290 4539 fecit
1331 4487 1383 4540 et
1421 4484 1584 4540 David
1616 4485 1701 4540 hic
1731 4504 1745 4540 :
1783 4502 1903 4540 cum
1951 4488 2092 4542 enim

519 4576 611 4637 ait,
635 4565 738 4630 Cur
759 4575 905 4630 audis
925 4575 1072 4630 verba
1096 4577 1270 4647 populi
1297 4574 1505 4630 dicentis
1530 4593 1548 4631 :
1571 4577 1708 4632 Ecce
1727 4575 1892 4632 David
1914 4580 2094 4650 qnwrit

514 4663 736 4718 animam
782 4663 960 4720 tuam?
1001 4661 1199 4722 indicat
1237 4667 1368 4722 alios
1411 4683 1529 4724 esse
1577 4670 1664 4739 qui
1702 4678 2090 4738 provocarent,

518 4753 652 4807 alios
670 4756 1011 4823 quianimum
1040 4757 1179 4813 illius
1204 4751 1500 4826 inficerent,
1530 4761 1698 4815 t'ncdis
1714 4762 1958 4816 omnibus
1983 4771 2091 4816 stu-

511 4841 646 4897 dens
666 4844 741 4897 illi
761 4847 1030 4916 porrigere
1049 4849 1403 4905 excusationis
1424 4851 1778 4906 occasionem.
1797 4851 1913 4906 Mox
1938 4860 2087 4906 suam

511 4931 677 5000 ipsius
707 4940 919 4988 causam
945 4951 1104 5005 agens
1130 4939 1204 4992 ait
1230 4956 1243 4991 :
1273 4935 1339 4992 Et
1359 4957 1468 4993 ecce
1492 4943 1715 4996 uiderunt
1744 4943 1875 4997 oculi
1903 4947 1973 4997 tui
1998 4946 2090 5000 ho-

511 5022 593 5075 die
616 5064 631 5088 ,
663 5023 797 5093 quod
825 5025 1087 5079 tradiderit
1116 5038 1162 5080 te
1185 5026 1432 5084 Dominus
1461 5031 1513 5083 in
1540 5037 1718 5087 manus
1746 5051 1879 5089 meas
1899 5037 1950 5089 in
1976 5053 2090 5106 spe-

515 5114 661 5168 lunca
681 5156 697 5183 ,
740 5117 972 5186 quodgue
1024 5117 1267 5171 noluerim
1297 5120 1519 5174 occidere
1547 5129 1611 5188 te,
1662 5124 1749 5177 sed
1781 5127 2088 5196 pepercerim

514 5207 620 5275 tibi,
653 5209 965 5280 dixerimque
986 5228 1005 5266 :
1033 5209 1154 5266 Non
1173 5212 1400 5281 injiciam
1428 5229 1631 5266 manum
1658 5233 1816 5270 meam
1846 5219 1896 5271 in
1923 5219 2087 5273 donti-

511 5316 631 5350 num
659 5316 842 5368 meum,
873 5302 1108 5372 quoniam
1134 5304 1352 5357 christus
1379 5301 1587 5359 Domini
1612 5317 1683 5360 est
1715 5307 1803 5378 (1.
1833 5309 1960 5380 Reg.
1991 5310 2081 5366 24.

513 5389 568 5442 ll
594 5388 636 5458 ).
665 5389 746 5445 Illi
772 5393 1006 5463 quidem,
1038 5394 1226 5464 inquit,
1251 5395 1428 5450 verbis
1451 5396 1860 5464 calumniantur,
1891 5408 1946 5454 at
1975 5415 2074 5470 ego

515 5480 684 5548 reipsa
712 5495 800 5534 me
830 5495 1017 5551 purgo,
1049 5483 1279 5555 ipsisque
1306 5485 1456 5540 factis
1477 5485 1686 5556 depello
1713 5489 1934 5543 crimen.
1959 5491 2082 5546 lllihi

507 5569 642 5624 nihil
669 5586 802 5642 opus
823 5581 906 5628 est
928 5575 1105 5629 verbis
1126 5617 1142 5642 ,
1191 5591 1311 5631 cum
1342 5579 1454 5648 ipse
1481 5585 1658 5635 rerum
1688 5582 1860 5636 exitus
1899 5583 2082 5653 quavis

575 5743 648 5804 lu)
679 5750 794 5806 Reg.
817 5758 942 5798 unus
960 5749 1222 5803 mutilatam
1246 5754 1449 5807 exhibet
1473 5757 1597 5809 hanc
1618 5762 1933 5811 sententiam.

1262 377 1318 434 S.
1358 371 1634 432 JOANNIS
1666 365 2134 425 CllRYSOSTUill
2174 362 2486 424 ARClllE‘P.
2515 363 3050 428 ’(ῘΟΝΞΤΑΝΤΪΝΟΡ.

3661 370 3781 429 ’ὓᾮξ

2201 483 2440 536 oratione
2467 483 2662 538 clarius
2686 486 2850 554 possit
2875 495 2926 539 te
2954 484 3168 550 docere,
3192 484 3408 554 quinam
3433 485 3543 541 sint
3573 487 3651 542 illi
3669 525 3686 553 ,
3723 501 3778 544 et

2199 574 2288 641 qui
2313 587 2411 642 ego
2435 615 2448 637 ,
2487 589 2549 626 ac
2570 575 2835 642 quomodo
2871 577 3003 628 facta
3032 575 3102 629 sit
3131 575 3411 630 adversum
3434 593 3524 632 me
3550 582 3777 636 mendas

2196 663 2388 718 delatio
2411 699 2427 730 ,
2451 673 2509 718 et.
2543 665 2822 719 calumnia.
2857 665 3051 719 Harum
3080 676 3258 720 rerum
3294 681 3401 721 non
3432 668 3600 722 aliam
3620 707 3638 736 ,
3685 672 3778 725 sed

2200 757 2534 824 temetipsum
2562 764 2748 811 testem
2775 757 2980 822 invoco,
3003 757 3246 827 teipsam,
3268 759 3518 829 inquam,
3539 761 3636 831 qui
3657 771 3779 817 meo

2199 845 2456 899 beneﬂcio
2485 856 2725 900 servatus
2750 861 2830 900 es.

2267 936 2320 988 4.
2364 932 2472 989 Sed
2512 935 2776 1004 quomodo
2813 937 2981 1006 potuit
3027 936 3152 992 Sat'tl
3203 939 3387 992 harum
3429 951 3614 994 rerum
3659 957 3768 996 east

2201 1027 2367 1091 testis,
2391 1028 2617 1096 quicum
2646 1027 2760 1082 lucc
2791 1028 2995 1092 ﬁerent,
3030 1028 3346 1095 dormiebat,
3377 1045 3437 1084 ac
3460 1047 3636 1099 neque
3663 1047 3778 1087 rer-

2200 1119 2260 1172 ba
2289 1119 2507 1185 audivit,
2539 1135 2712 1189 neque
2740 1121 2988 1176 Davidem
3015 1122 3147 1176 vidit
3173 1134 3282 1176 tum
3304 1132 3649 1193 pratscnecm,
3681 1142 3772 1178 ne-

2199 1226 2300 1279 que
2339 1226 2457 1263 cum
2503 1211 2754 1265 militibus
2806 1211 3248 1282 colloquentem?
3289 1213 3571 1278 Quumodo
3621 1216 3776 1283 igitur

2199 1316 2557 1364 occurremus,
2580 1313 2636 1355 ut
2660 1301 2877 1356 evidens
2896 1302 3186 1358 declaratio
3206 1302 3333 1358 ﬁat?
3356 1302 3411 1358 Si
3429 1308 3578 1360 enim
3609 1314 3774 1362 testes

2199 1400 2449 1456 cttassct,
2488 1392 2611 1446 Saul
2656 1403 2960 1462 suspectum
2990 1393 3259 1450 habuisset
3304 1411 3490 1452 eorum
3534 1400 3775 1453 testimo.

2201 1483 2379 1546 nium,
2413 1497 2608 1552 eosque
2633 1483 2778 1553 justo
2804 1482 3045 1540 faventes
3073 1500 3134 1540 ea
3166 1486 3310 1556 loqui
3333 1497 3594 1557 putasset.
3629 1490 3779 1556 Quod

2203 1572 2245 1624 si
2273 1571 2762 1628 ratiocinationibus
2803 1589 2867 1629 ac
2907 1575 3272 1644 probabilibus
3301 1581 3630 1647 argumentis
3659 1591 3776 1634 ten-

2201 1672 2363 1716 tassct
2386 1678 2640 1719 excusare
2661 1678 2800 1730 sese,
2833 1664 3062 1719 futurum
3087 1674 3224 1732 erat,
3257 1675 3311 1720 ut
3331 1669 3506 1722 minus
3534 1670 3632 1738 ipsi
3657 1685 3777 1724 cre-

2199 1752 2434 1820 deretur,
2454 1754 2646 1824 quippe
2663 1755 2770 1825 jam
2791 1763 3041 1825 corrupto
3058 1755 3251 1826 judicia
3276 1758 3474 1814 animo.
3498 1759 3780 1825 Quomodo

2201 1844 2339 1896 enim
2369 1843 2414 1898 is
2433 1845 2520 1914 qui
2550 1853 2626 1898 tot
2649 1845 2918 1901 beneficiis
2961 1845 3181 1902 affectus
3209 1848 3375 1902 nihilo
3419 1850 3596 1906 secius
3641 1851 3783 1906 beilo

2199 1936 2610 2004 persequebatur
2629 1936 2757 1991 nihil
2777 1939 3164 2004 cemmeritum,
3199 1940 3457 2008 suspicari
3485 1943 3748 2010 potuisset
3761 1979 3777 2006 .

2201 2025 2342 2094 quod
2369 2027 2562 2097 aliquis
2578 2027 2766 2098 injuria
2790 2028 3030 2096 affectus,
3052 2046 3170 2085 eum
3193 2032 3282 2100 qui
3303 2019 3500 2087 iecerat
3527 2034 3781 2102 iujuriam

2202 2127 2385 2174 nactus
2413 2120 2465 2173 in
2492 2135 2678 2175 manus
2701 2161 2716 2186 ,
2755 2121 2854 2192 ipsi
2883 2123 3245 2192 pepercisset?
3282 2124 3604 2194 Plerumque
3638 2128 3786 2180 enim

2203 2208 2387 2278 vulgus
2415 2208 2687 2264 hominum
2711 2225 2774 2265 ex
2799 2226 2896 2266 suo
2917 2212 3095 2267 animo
3109 2212 3178 2267 de
3197 2214 3314 2268 aliis
3335 2214 3541 2284 iudicat
3571 2234 3586 2269 :
3617 2219 3783 2281 velut,

2201 2298 2288 2368 qui
2316 2299 2526 2354 assidue
2551 2299 2862 2369 inebriatur,
2887 2301 3024 2358 haud
3049 2301 3202 2358 facile
3223 2303 3448 2359 credere
3475 2308 3646 2374 possit
3664 2324 3789 2364 esse

2200 2391 2502 2459 quempiam
2527 2391 2793 2448 hominem
2822 2394 2998 2448 sobrie
3020 2395 3321 2460 viventem;
3353 2398 3442 2467 qui
3469 2401 3663 2454 scortis
3695 2417 3788 2454 va-

2201 2489 2306 2546 cat,
2340 2482 2497 2537 etiam
2525 2482 2715 2552 pudice
2733 2484 2970 2539 viventes
2991 2484 3153 2541 habet
3176 2501 3270 2554 pro
3291 2487 3788 2554 ineontinentibus;

2203 2586 2387 2626 rursus
2411 2573 2497 2642 qui
2527 2589 2610 2627 res
2631 2575 2770 2643 rapit
2792 2575 3010 2641 alienas,
3039 2593 3146 2631 non
3171 2576 3326 2632 facile
3351 2581 3788 2648 persuadebitur,

2201 2675 2320 2715 esse
2356 2662 2596 2717 homines
2624 2664 2711 2733 qui
2743 2679 2836 2718 sua
2872 2681 3082 2736 quoque
3127 2665 3470 2734 profundant.
3511 2671 3779 2727 Similiter

2202 2762 2254 2807 et
2285 2751 2368 2808 hic
2397 2755 2558 2808 semel
2586 2767 2873 2826 occupatus
2895 2758 2967 2811 ira
2989 2774 3095 2812 non
3125 2758 3279 2815 facile
3309 2761 3620 2818 credidisset
3649 2780 3783 2820 esse

2203 2837 2470 2898 hominem
2516 2859 2681 2916 usque
2723 2846 2855 2902 adeo
2879 2850 2988 2903 suis
3008 2848 3285 2906 all‘ectibus
3311 2854 3675 2922 superiorem,
3729 2867 3794 2912 ut.

2203 2948 2307 2987 non
2348 2934 2508 2990 modo
2550 2935 2678 2990 nihil
2720 2937 2957 3006 lzederet,
3002 2955 3185 2994 verum
3213 2952 3266 2996 et
3292 2957 3411 2997 eum
3443 2946 3526 3014 qui
3573 2945 3790 3002 lzrscrat

2203 3036 2464 3084 servaret.
2497 3029 2756 3096 Quoniam
2797 3031 2957 3100 igitur
2977 3041 3030 3087 et
3056 3033 3266 3088 animus
3303 3034 3491 3103 judicis
3519 3047 3791 3092 eratcor-

2203 3128 2389 3188 ruptus
2412 3160 2428 3185 ,
2465 3129 2516 3174 et
2539 3128 2700 3176 testes
2727 3123 2771 3176 si
2799 3122 3040 3192 producti
3077 3123 3333 3190 fuissent,
3381 3127 3434 3180 in
3476 3129 3792 3196 suspicione

2200 3219 2351 3263 erant
2381 3203 2574 3278 futuri,
2625 3212 2848 3268 consilio
2886 3207 3129 3284 prudenti
3165 3217 3364 3286 reperit
3408 3218 3787 3286 probationem

2200 3297 2502 3369 quamdam,
2527 3317 2644 3372 qua:
2666 3314 2842 3372 posset
2864 3314 2918 3360 ct
2939 3307 3093 3361 valde
3113 3308 3502 3377 impudentibus
3521 3326 3583 3366 os
3607 3312 3779 3366 obtu-

2201 3406 2338 3446 rare.
2391 3392 2644 3459 Quantam
2690 3404 2774 3450 est
2805 3393 2963 3451 hcce?
3009 3389 3223 3453 Lacinia
3251 3399 3574 3472 chlamydis,
3619 3417 3791 3472 quam

2201 3483 2522 3550 protendens
2567 3483 2778 3541 dicebat
2824 3483 2999 3541 :Ecce
3049 3488 3234 3544 lacinia
3275 3491 3553 3562 chlamydis
3586 3503 3686 3546 tute
3730 3495 3790 3548 in

2200 3588 2352 3625 ntanu
2380 3589 2511 3640 mea,
2533 3590 2682 3642 quam
2707 3573 2911 3641 abstuli,
2932 3587 3024 3631 nec
3045 3579 3207 3632 occidi
3225 3590 3270 3634 te
3290 3581 3363 3651 (ι.
3388 3581 3514 3652 Reg.
3539 3579 3628 3636 2i.
3658 3585 3783 3652 12).

2200 3659 2374 3719 Mutus
2397 3665 2610 3734 quidem
2644 3667 2813 3733 testis,
2841 3668 2934 3724 sed
2962 3672 3210 3726 omnibus
3239 3687 3422 3728 vocem
3465 3673 3790 3731 habentibus

2200 3754 2510 3810 evidentior.
2537 3756 2721 3827 Neque
2739 3760 2878 3814 enim
2903 3761 2946 3815 si
2975 3775 3080 3815 non
3112 3761 3350 3829 fuissem,
3376 3763 3561 3834 inquit,
3595 3768 3788 3834 proxi-

2200 3860 2318 3899 mus
2339 3887 2354 3910 ,
2384 3860 2446 3900 ac
2462 3848 2672 3917 corpori
2701 3857 2789 3904 tuo
2815 3849 3018 3906 vicinus
3039 3851 3324 3919 Stetissem,
3352 3854 3641 3923 potuissem
3687 3871 3789 3912 ve-

2200 3935 2297 3990 Stis
2321 3946 2596 4005 amputare
2625 3949 2848 4007 partem.
2886 3941 3042 3998 Vides
3067 3952 3320 4013 quantum
3351 3945 3422 3999 sit
3449 3955 3622 4000 ortum
3651 3945 3789 4004 boni

2199 4041 2263 4080 ex
2289 4041 2374 4093 eo,
2402 4025 2542 4096 quod
2572 4027 2723 4082 initio
2747 4041 3045 4089 commotus
3073 4033 3246 4090 fuerat
3267 4035 3464 4089 David?
3492 4036 3603 4092 Nisi
3633 4039 3787 4093 enim

2199 4115 2264 4169 ad
2294 4117 2427 4170 iram
2451 4126 2750 4173 commotus
2790 4119 3013 4189 fuisset,
3055 4138 3228 4194 neque
3255 4124 3644 4196 pliilomphiam
3677 4127 3788 4183 ho-

2194 4207 2359 4260 minis
2381 4209 2812 4275 cognovissemus
2842 4211 3002 4283 (nam
3028 4213 3294 4285 plerisque
3323 4230 3428 4271 non
3451 4232 3516 4272 ex
3539 4217 3789 4287 philoso—

2199 4295 2346 4364 phia,
2376 4296 2469 4350 sed
2497 4311 2562 4352 ex
2587 4305 2804 4369 stupore
2837 4305 3138 4372 pepercisse
3162 4307 3306 4362 visus
3335 4305 3575 4378 fuisset),
3605 4324 3789 4380 neque

2197 4385 2492 4457 chlamydis
2541 4397 2742 4460 partem
2782 4401 3108 4463 amputasset
3137 4412 3150 4448 :
3179 4395 3320 4466 quod
3351 4397 3399 4451 si
3437 4413 3542 4453 non
3591 4415 3786 4470 ampu-

2200 4485 2385 4543 tasset,
2417 4494 2521 4533 non
2552 4489 2759 4550 poterat
2786 4483 2903 4538 aliis
2928 4489 3252 4555 argumentis
3277 4487 3492 4544 inimico
3519 4488 3673 4546 fidem
3700 4490 3785 4545 fa-

2197 4582 2342 4622 cere.
2371 4567 2519 4624 Nunc
2545 4581 2673 4625 vero
2697 4573 2945 4642 quoniam
2985 4583 3039 4630 et
3066 4587 3359 4634 commotus
3386 4581 3480 4634 fuit
3506 4591 3563 4636 et
3587 4598 3787 4652 ampu-

2199 4662 2356 4727 tavit,
2403 4669 2515 4716 "suae
2557 4664 2903 4731 providentia:
2951 4667 3302 4724 certissimum
3346 4671 3578 4740 praebuit
3621 4690 3788 4744 argu-

2197 4759 2456 4807 mentum.
2491 4753 2750 4818 Quoniam
2797 4756 2957 4825 igitur
2986 4766 3092 4813 tam
3118 4774 3300 4815 verum
3330 4769 3386 4817 et
3414 4761 3780 4820 indubitatum

2194 4844 2554 4898 testimonium
2594 4847 2853 4914 exhibuit,
2893 4849 3064 4918 ipsum
3110 4865 3232 4905 mox
3264 4853 3538 4908 inimicum
3559 4865 3618 4911 et
3639 4857 3787 4927 judi-

2194 4945 2310 4989 cem
2337 4943 2390 4988 et
2418 4943 2605 4990 testem
2652 4936 2779 4992 facit
2820 4945 2931 4992 sua:
2971 4955 3099 5010 erga
3137 4941 3288 4995 illum
3316 4948 3670 5012 reverentim,
3702 4949 3787 5001 lo-

2195 5035 2363 5095 quens
2403 5023 2546 5082 hunc
2590 5029 2642 5082 in
2696 5029 2911 5084 modum
2940 5047 2953 5082 :
2982 5031 3236 5102 Cognosce
3261 5046 3307 5086 et
3327 5036 3438 5089 vide
3463 5035 3618 5092 hodie
3645 5042 3788 5109 quod

2191 5127 2292 5170 non
2322 5126 2395 5171 est
2421 5118 2472 5172 in
2501 5135 2650 5171 manu
2673 5135 2782 5172 mea
2806 5121 3067 5191 iniquitas,
3088 5139 3246 5193 neque
3266 5135 3582 5198 contemptus
3608 5133 3701 5194 tui,
3737 5140 3786 5184 et

2193 5209 2375 5279 alligas
2399 5211 2622 5263 animam
2650 5227 2810 5265 meam
2834 5253 2848 5276 ,
2887 5221 2942 5266 ut
2964 5215 3138 5282 capias
3167 5232 3279 5270 eam
3305 5215 3600 5291 (Ibidem).
3641 5220 3786 5277 lliue

2193 5301 2279 5356 vel
2301 5301 2528 5355 maxime
2553 5303 2670 5371 quis
2694 5303 2942 5358 admirari
2972 5304 3164 5360 debeat
3188 5305 3330 5362 illius
3359 5313 3786 5379 magnanimita-

2194 5399 2322 5457 tem,
2351 5390 2492 5461 quod
2517 5399 2624 5446 twn
2653 5393 2813 5447 sumit
2832 5394 3225 5449 esettsationem
3247 5396 3349 5451 nisi
3375 5397 3444 5450 ab
3470 5393 3536 5450 iis
3559 5410 3684 5467 quae
3712 5416 3788 5456 eo

2193 5481 2279 5537 die
2304 5481 2622 5536 acciderant.
2659 5476 2791 5538 Nam
2825 5484 2926 5538 hoc
2959 5483 3158 5552 innuit‘,
3209 5496 3329 5540 cum
3368 5487 3443 5540 ait
3471 5504 3484 5540 :
3516 5487 3788 5558 Cognosce

2190 5580 2238 5625 et
2275 5571 2386 5625 vide
2427 5570 2594 5626 hodie.
2620 5563 2764 5626 Nihil
2801 5573 2944 5628 enim
2971 5573 3160 5644 loqum'
3194 5573 3263 5630 de
3304 5570 3561 5631 anteactis
3592 5595 3606 5630 :
3635 5578 3789 5634 mihi

2191 5661 2258 5715 ad
2299 5661 2662 5731 probationem
2692 5662 2822 5718 satis
2845 5672 2929 5718 est
2969 5664 3054 5719 hic
3097 5663 3233 5720 dies.
3283 5663 3517 5721 Tametsi
3557 5677 3786 5735 poterat

2192 5752 2355 5807 multa
2379 5766 2675 5825 magnaque
2704 5767 3026 5814 enumerare
3060 5755 3351 5824 beneﬁcia,
3382 5767 3499 5828 ‘qure
3523 5758 3675 5829 prius
3721 5761 3786 5816 io
