4064 6444
462 371 573 429 653

1166 365 1221 421 S.
1256 359 1541 421 JOANMS
1577 356 2066 419 CHRYSOSTGMI
2106 352 2427 418 ARCHIEP.
2468 352 3011 418 CONSTA‘NTINOF.

3619 347 3734 405 69‘

457 485 703 557 νημένας
728 479 876 554 εῖχεν
895 478 1170 555 ἀριθμεῖν,
1190 480 1349 553 εἴπερ
1368 477 1628 549 ἠϐούλετο
1647 493 1661 509 ·
1686 478 1780 532 καὶ
1807 476 1916 547 γὰρ
1937 477 2036 547 τῆς
2142 477 2259 531 ἀλλ’
2288 479 2372 532 ὅτι
2395 477 2491 531 καὶ
2536 477 2771 531 πεσόντα
2798 475 3040 538 ἀκούσας
3068 471 3163 527 ἐπὶ
3187 471 3289 543 τῆς
3334 465 3728 539 παρατάξεως.

467 567 609 639 πρὸς
626 566 718 622 τὸν
736 565 1008 638 βάρϐαρον
1036 562 1371 636 μονομαχίας
1396 561 1559 616 αὑτὸν
1588 560 1900 632 ἀναμνῆσαι
1927 559 2042 613 ἐδύ-

459 669 613 719 νατο,
633 650 727 706 καὶ
753 651 947 712 εἰπεῖν,
971 649 1055 701 ὅτι
1077 647 1184 700 Τοῦ
1208 645 1544 720 βαρϐαρικοῦ
1572 643 1835 716 πολέμου,
1864 642 2039 720 καθά-

460 753 571 807 περ
598 718 986 803 κατακλυσμοῦ
1010 747 1176 795 τινος,
1218 718 1435 784 ἅπασαν
1470 727 1755 800 μέλλοντος
1788 718 2041 807 παρασύ-

465 804 580 890 ρειν
606 816 702 887 τὴν
730 815 905 874 πόλιν.
940 813 1359 885 κατεπτηχότων
1394 811 1550 883 ὑμῶν
1586 811 1681 866 καὶ
1705 804 2040 875 δεδοικότων,

463 900 556 955 καὶ
572 900 693 954 καθ’
712 898 950 970 ἑκάστην
967 898 1181 969 ἡμέραν
1194 894 1582 950 ἀποθανεῖσθαι
1597 892 2041 967 προσδοκώντων,

464 982 576 1053 ἐγὼ
610 981 918 1055 παρελθὼν,
949 978 1164 1044 οὐδενὸς
1203 979 1635 1049 ἀναγκάσαντος,
1670 978 1807 1033 ἀλλά
1829 979 1924 1032 καὶ
1950 977 2045 1030 σοῦ

464 1067 767 1131 κωλύοντος
803 1066 898 1121 καὶ
928 1061 1250 1136 κατέχοντος
1277 1064 1371 1117 καὶ
1398 1062 1671 1132 λέγοντος,
1693 1064 1778 1117 Οὐ
1802 1059 2047 1129 δυνήσῃ

464 1150 852 1222 πορευθῆναι,
879 1148 971 1204 ὅτι
1004 1146 1320 1218 παιδάριον
1350 1143 1426 1210 εἷ,
1452 1146 1637 1212 αὐτὸς
1667 1145 1737 1199 δὲ
1764 1143 1920 1214 ἀνὴρ
1944 1158 2051 1197 πο-

465 1234 761 1304 λεμιστὴς
783 1235 854 1288 ἐκ
879 1233 1165 1301 νεότητος
1189 1232 1379 1286 αὑτοῦ
1398 1246 1412 1262 ’
1430 1231 1531 1284 οὐκ
1553 1229 1887 1300 ἠνεσχόμην,
1916 1226 2054 1280 ἀλλά

468 1319 576 1392 πρὸ
603 1318 713 1373 τῶν
753 1316 930 1371 ἄλλων
955 1317 1212 1371 ἀπάντων
1243 1314 1516 1385 ὲπήδησα,
1546 1312 1757 1367 καὶτὸν
1789 1310 2052 1381 πολέμιον

471 1400 758 1472 ἐδεξάμην,
786 1399 879 1453 καὶ
896 1399 998 1470 τὴν
1020 1397 1264 1469 κεφαλὴν
1290 1396 1588 1466 ἀπέτεμον,
1603 1395 1698 1450 καὶ
1719 1392 1909 1465 ὥσπερ
1932 1394 2054 1448 τινά

473 1487 785 1559 χειμάρρου
820 1484 1001 1557 ῥύμην
1044 1482 1332 1537 ἀνέστειλα
1363 1481 1460 1551 τὴν
1492 1479 1676 1550 ἔφοδον
1704 1478 1813 1531 τῶν
1846 1476 2054 1549 βαρϐά-

476 1588 586 1641 ρων
620 1569 862 1633 ἐκείνων,
898 1569 993 1621 καὶ
1020 1567 1118 1637 τὴν
1164 1565 1320 1618 πόλιν
1353 1563 1640 1634 σειομένην
1674 1562 1881 1631 ἔστησα
1905 1576 1919 1590 ο
1960 1560 2056 1613 καὶ

474 1653 543 1708 δι’
587 1652 687 1723 ἐμὲ
725 1653 789 1706 σὺ
840 1651 941 1721 μὲν
994 1650 1092 1720 τὴν
1117 1647 1397 1719 βασιλείαν
1439 1648 1534 1702 καὶ
1564 1647 1664 1718 τὴν
1691 1646 1889 1719 ψυχὴν,
1920 1646 1968 1699 οί
2001 1645 2058 1699 δὲ

474 1737 654 1790 λοιποὶ
687 1735 890 1797 πάντες
926 1732 1067 1804 μετά
1096 1732 1196 1803 τῆς
1224 1731 1402 1801 ψυχῆς
1423 1730 1524 1801 τὴν
1553 1729 1708 1783 πόλιν
1736 1731 1832 1783 καὶ
1858 1729 1959 1794 τάς
1981 1730 2061 1783 0!-

475 1820 623 1885 κίας,
657 1818 753 1873 καὶ
779 1816 849 1871 τὰ
871 1815 1062 1869 παιδία
1092 1815 1186 1867 καὶ
1217 1812 1287 1867 τὰ
1321 1814 1521 1882 γύναια
1546 1812 1750 1884 έχουσι.
1791 1813 1903 1868 Καὶ
1943 1813 2060 1884 μετ’

473 1902 654 1956 έκεῖνο
682 1899 741 1953 δὲ
768 1899 928 1953 πάλιν
952 1898 1014 1951 τὸ
1043 1896 1325 1968 τρόπαιον,
1363 1897 1584 1968 ἑτέρους
1603 1895 1697 1960 οὒς
1729 1895 2062 1968 κατώρθωσε

477 1985 751 2054 πολέμους
783 1983 956 2036 εἰπεῖν
984 1977 1131 2051 εῖχεν
1164 1981 1265 2034 οὐκ
1298 1981 1553 2044 ἐλάττους
1580 1980 1814 2034 ἐκείνου.
1847 1980 1960 2035 Καὶ
1981 1980 2065 2032 ὃτι

480 2069 575 2123 καὶ¹
606 2067 753 2132 ἅπαξ
783 2067 878 2121 καὶ
907 2067 991 2129 δὶς
1036 2066 1130 2120 καὶ
1168 2064 1430 2128 πολλάκις
1475 2066 1931 2136 ἐπιχειρήσαντος
1967 2066 2063 2119 ἀν·-

484 2153 645 2217 ελεῖν,
669 2151 767 2204 καὶ
792 2150 855 2203 τὸ
876 2150 1005 2220 δόρυ
1039 2148 1182 2203 κατά
1214 2149 1313 2220 τῆς
1347 2147 1510 2201 αὑτοῦ
1551 2148 1791 2219 κεφαλῆς
1813 2148 2063 2217 ἀφέντος,

380 2238 383 2311 ξ
482 2236 585 2291 ούκ
610 2234 1045 2315 ἐμνησικάκησε,
1076 2233 1171 2286 καὶ
1196 2231 1279 2285 ὅτι
1310 2231 1449 2302 μετά
1476 2230 1649 2285 ταῦτα
1686 2232 1894 2302 μέλλων
1927 2232 2065 2285 ἀπο-

378 2360 381 2363 ς
482 2319 685 2375 διδόναι
711 2317 806 2371 τὸν
833 2316 1022 2388 μισθὸν
1051 2316 1150 2387 τῆς
1179 2315 1453 2387 προτέρας
1477 2315 1677 2386 μάχης,
1706 2315 1832 2369 ἕδνα
1854 2316 2069 2388 ἀπῄτη.

486 2419 598 2466 σεν,
636 2401 698 2455 ού
731 2399 952 2472 χρυσίον
973 2399 1067 2453 καὶ
1087 2399 1370 2470 ἀργύριον,
1395 2397 1532 2451 ἀλλά
1556 2398 1773 2469 σφαγὴν
1802 2398 1899 2451 καὶ
1926 2415 2068 2453 παν-

483 2484 781 2556 ωλεθρίαψ
818 2485 912 2537 καὶ
955 2482 1076 2536 οὐδὲ
1119 2481 1354 2536 ἐνταῦθα
1417 2480 1692 2536 ἀνένευσε.
1728 2480 1914 2534 Ταῦτα
1959 2482 2070 2553 7&9

485 2569 687 2634 πάντα,
715 2566 813 2620 καὶ
841 2564 1022 2635 πολλῷ
1057 2564 1277 2619 πλείονα
1310 2563 1514 2617 τούτων
1549 2564 1644 2617 καὶ
1679 2562 1903 2634 μείζονα
1926 2560 2072 2635 εἶχεν

488 2652 664 2704 εἰπεῖν
688 2664 704 2679 ⁶
751 2648 866 2703 ἀλλ’
903 2647 1057 2701 οὐδὲν
1099 2647 1306 2701 τούτων
1352 2642 1529 2700 εἶπεν.
1562 2647 1638 2699 Ub
1679 2646 1791 2717 7&9
1820 2646 2072 2699 ὀνειδίσαι

487 2732 648 2805 «παῖδτῷ⁴
672 2732 772 2796 τάς
808 2730 1127 2802 εὐεργεσίας
1160 2730 1432 2796 ἐϐούλετο,
1483 2729 1620 2783 ἀλλά
1662 2731 1846 2782 πεῖσαι
1890 2729 2072 2800 μόνον,

489 2817 574 2872 ὅτι
611 2815 721 2869 τῶν
751 2811 1047 2881 φιλούντων
1079 2813 1241 2866 αὐτὸν
1289 2814 1384 2865 καὶ
1418 2810 1731 2883 κηδομένων
1763 2813 1930 2877 ἐστὶν,
1955 2808 2078 2881 οὐχὶ

488 2899 601 2954 τῶν
628 2896 1087 2952 ἐπιϐουλευόντων
1114 2897 1209 2948 καὶ
1242 2894 1645 2967 πολεμούντων.

563 2983 663 3037 Διά
681 2980 839 3034 τοῦτο
864 2980 1043 3035 πάντα
1066 2980 1250 3033 ἐκεῖνα
1272 2979 1453 3048 ἀφεὶς,
1475 2978 1534 3031 τὸ
1558 2981 1615 3031 ὲν
1640 2978 1778 3050 αὐτῇ
1805 2980 1870 3049 τῇ
1897 2977 2081 3049 ἡμέρᾳ

495 3062 711 3134 συμϐὰν
737 3063 896 3134 μόνον
924 3063 1003 3125 είς
1020 3062 1178 3131 λόγον
1199 3060 1498 3130 ἀπολογίας
1523 3062 1868 3132 παρήγαγεν.
1893 3060 2081 3123 Οὕτως

494 3142 564 3218 ῆν
589 3148 792 3216 ἄτυφος
822 3146 917 3200 καί⁵
954 3145 1257 3210 κενοδοξίας
1290 3145 1528 3217 καθαρὸς
1551 3145 1786 3216 ἀπάσης,
1819 3145 1914 3198 καὶ
1945 3142 2083 3214 πρὸς

495 3232 556 3286 ἓν
570 3232 763 3285 ἕϐλεπε
788 3230 965 3302 μόνον,
993 3229 1088 3302 τὴν
1107 3229 1202 3283 τοῦ
1221 3229 1356 3283 Θεοῦ
1371 3229 1564 3300 ψῆφον.
1603 3225 1740 3284 Εἶτά
1764 3244 1918 3299 φησν
1940 3227 2082 3296 Κρί-

494 3334 596 3372 rm
630 3316 845 3384 Κύριος
873 3314 991 3369 ἀνὰ
1024 3314 1221 3383 μέσον
1250 3314 1399 3384 ἐμοῦ
1447 3315 1547 3368 καὶ
1584 3313 1723 3369 σοῦ.
1759 3312 1931 3367 Τοῦτο
1961 3309 2084 3365 εἷπε

494 3401 559 3455 τὸ
582 3400 760 3472 ῥῆμα,
783 3398 909 3469 οὐχὶ
926 3397 1259 3468 κολασθῆναι
1292 3396 1613 3468 βουλόμενος
1634 3397 1727 3450 τὸν
1752 3396 1943 3467 ἀνδρα,
1965 3394 2085 3449 οὐδὲ

494 3482 769 3557 τιμωρίαν
793 3483 925 3553 παρ’
945 3481 1109 3536 αὐτοῦ
1132 3480 1343 3547 λαϐεῖν,
1370 3480 1508 3535 ἀλλά
1538 3479 1772 3552 φοϐῆσαι
1793 3482 1860 3551 τῇ
1895 3481 2084 3550 μνήμη

496 3570 599 3639 τῆς
628 3566 929 3639 μελλούσης
957 3565 1224 3636 κρίσεωςο
1260 3564 1355 3618 καὶ
1382 3565 1443 3617 ού
1466 3564 1704 3634 φοϐῆσαι
1741 3563 1920 3637 μόνον,
1952 3562 2089 3618 ἀλλά

498 3651 598 3706 καὶ
635 3649 779 3720 ὑπὲρ
811 3649 919 3701 τῶν
947 3647 1068 3701 καθ’
1098 3647 1289 3702 ἑαυτὸν
1328 3647 1795 3721 ἀπολογήσασθαι.
1831 3648 2090 3703 Μάλιστα

506 3735 608 3807 μὲν
622 3729 1225 3805 γάρ.[7671φησ¹ιν,ἕχω
1238 3730 1330 3785 καὶ
1348 3731 1457 3786 ἀπὸ
1471 3732 1578 3785 τῶν
1595 3733 1935 3804 πραγμάτων
1951 3732 2091 3784 ἀπο-

502 3819 699 3887 δείξεις
714 3833 726 3846 ·
748 3818 797 3870 εί
811 3815 870 3870 δὲ
887 3816 1157 3880 ἀπιστεῖς,
1184 3817 1346 3869 αὐτὸν
1373 3815 1524 3870 καλῶ
1539 3817 1630 3869 τὸν
1645 3816 1777 3870 Θεὸν
1805 3816 2081 3886 μάρτυρα,

501 3904 598 3958 τὸν
621 3903 692 3957 τά
714 3902 1004 3973 ἀπόρρητα
1029 3900 1128 3971 τῆς
1157 3900 1389 3954 ἑκάστου
1415 3899 1654 3965 διανοίας
1679 3899 1878 3966 εἰδότα,
1916 3899 2009 3954 καὶ
2028 3899 2090 3953 τὸ

506 3987 746 4050 συνειδὸς
775 3984 1067 4057 ἐρευνῆσαι
1093 3983 1415 4054 δυνάμενον.

576 4077 639 4126 ε’.
665 4068 852 4123 Ταῦτα
879 4068 937 4121 δὲ
968 4068 1143 4136 ἔλεγε,
1161 4068 1375 4130 δεικνὺς
1404 4067 1597 4120 ὅτιούκ
1618 4066 1681 4121 ἂν
1706 4064 1972 4137 ἐτόλμησε
1995 4081 2095 4119 καθ

504 4152 663 4207 λέσαι
684 4152 774 4205 τὸν
795 4149 1234 4220 ἀπαραλόγιστον
1265 4150 1547 4220 δικαστὴν,
1575 4149 1669 4202 καλ⁸
1689 4150 1776 4202 ἐπ’
1804 4148 1969 4201 αὐτοῦ
1993 4148 2094 4219 τὴν

510 4233 667 4307 δίκην
697 4234 1034 4302 εἰσαγαγεῖν,
1060 4233 1109 4283 εί
1139 4232 1214 4302 μὴ
1247 4231 1453 4303 σφόδρα
1475 4228 1544 4303 ἦν
1572 4230 1849 4295 πεπεικὼς
1881 4232 2094 4297 ἑαυτὸν,

511 4318 595 4374 ὅτι
623 4317 805 4387 πάσης
836 4313 1130 4385 ἐπιϐουλῆς
1163 4309 1231 4384 ἦν
1265 4314 1525 4385 καθαρός.
1559 4314 1670 4367 Καὶ
1695 4314 1777 4367 ὅτι
1813 4314 1875 4366 ού
1900 4330 2095 4384 στοχα-

514 4401 649 4472 σμὸς
678 4398 746 4454 τὰ
778 4397 1062 4469 εἰρημένα,
1105 4396 1241 4450 ἀλλά
1281 4398 1375 4450 καὶ
1409 4397 1547 4468 ὑπὲρ
1583 4396 1693 4449 τῶν
1736 4396 1860 4451 καθ’
1906 4397 2098 4449 ἑαυτὸν

512 4483 962 4557 ἀπολογήσασθαι
996 4480 1301 4553 βουληθεὶς,
1344 4482 1597 4534 κάκεῖνον
1646 4479 1981 4551 σωφρονίσαι
2012 4481 2098 4534 θέ-

513 4570 642 4633 λων,
673 4567 775 4638 τῆς
808 4566 965 4637 δίκης
990 4565 1205 4636 ἐκείνης
1225 4564 1551 4634 ἀνέμνησεν,
1588 4564 1749 4617 ίκανά
1781 4563 1881 4634 μὲν
1912 4562 2008 4616 καὶ
2033 4563 2100 4616 τά

513 4650 615 4724 ἤδη
637 4648 979 4720 γεγενημένα
1004 4647 1243 4716 δηλῶσαι
1263 4663 1276 4675 ’
1305 4648 1407 4700 οὐκ
1436 4646 1657 4699 ἔλαττον
1675 4646 1731 4699 δὲ
1758 4644 1981 4700 ἐκείνων
2006 4647 2100 4697 καὶ

513 4735 585 4789 τὰ
612 4733 750 4805 μετά
769 4732 945 4785 ταῦτα
968 4731 1251 4802 συμϐάντα
1276 4728 1434 4783 τοῦτο
1456 4727 1831 4783 πιστώσασθαι
1857 4726 2097 4781 δύναται.

515 4819 625 4872 Καὶ
650 4815 762 4887 γὰρ
794 4815 957 4869 πάλιν
989 4815 1150 4867 αὑτὸν
1171 4816 1251 4877 είς
1278 4815 1467 4884 χεῖρας
1491 4812 1692 4877 λαϐὼν,
1722 4813 1860 4882 μετά
1878 4811 1974 4882 τὴν
1994 4828 2101 4864 σω⁹

518 4918 585 4971 τη
594 4899 716 4972 ρίαν
744 4897 950 4968 ταύτην
977 4897 1296 4967 ἐπιθέμενον
1321 4895 1471 4965 αύτῷ
1500 4897 1594 4948 καὶ
1615 4895 1827 4947 ἀνελεῖν
1848 4894 2104 4964 βουλόμε-

518 5002 631 5049 νον,
667 4981 764 5036 καὶ¹
797 4980 1094 5049 δυνάμενος
1124 4980 1283 5033 αὐτὸν
1320 4980 1457 5049 μετά
1480 4976 1575 5030 τοῦ
1605 4977 1968 5047 στρατοπέδου
2004 4994 2105 5029 κα-

519 5067 757 5138 τακόψαι
786 5062 1008 5127 παντὸς,
1042 5061 1276 5131 ἀφῆκεν,
1310 5061 1483 5125 οὐδὲν,
1510 5054 1585 5112 ὧν
1622 5060 1766 5123 είκὸς
1794 5055 1863 5130 ἦν
1892 5058 2103 5124 παθεῖν,

523 5147 853 5205 πεπονθότα.
876 5145 966 5199 Διὸ
997 5145 1088 5197 καὶ
1114 5140 1340 5195 συνιδὼν
1366 5154 1391 5182 δ
1424 5140 1499 5204 ώς
1529 5142 1805 5213 ἀνήκεστα
1824 5142 1988 5204 νοσεῖ,
2015 5143 2108 5194 καὶ

522 5234 623 5303 τῆς
644 5230 781 5303 πρὸς
804 5228 966 5281 αὐτὸν
996 5227 1196 5298 ἔχθρας
1221 5223 1459 5295 οὐδαμοῦ
1479 5223 1631 5296 λήξει
1659 5223 1811 5288 ποτὲ,
1843 5222 2109 5293 ἐξήγαγεν

526 5315 716 5369 ἑαυτὸν
764 5314 875 5366 τῶν
919 5310 1215 5381 ὀφθαλμῶν
1257 5309 1368 5362 τῶν
1414 5308 1647 5369 ἐκείνου,
1682 5307 1778 5359 καὶ
1815 5307 1967 5377 παρά
2000 5310 2111 5370 τοῖς

531 5395 825 5469 βαρϐάροις
848 5395 966 5466 ἔζη,
994 5394 1283 5458 δουλεύων,
1306 5392 1677 5462 ἠτιμωμένος,
1700 5391 2109 5459 αἰσχυνόμενος,

532 5485 596 5534 ὲκ
618 5482 783 5533 πόνου
808 5479 901 5532 καὶ
934 5477 1308 5547 ταλαιπωρίας
1337 5475 1436 5545 τὴν
1469 5472 1775 5541 ἀναγκαίαν
1806 5472 1985 5541 ἑαυτῷ
2016 5488 2113 5524 πο-

540 5564 705 5633 ρίζων
731 5562 962 5631 τροφήν.
991 5560 1101 5614 Καὶ
1121 5560 1183 5613 ού
1204 5559 1361 5613 τοῦτο
1380 5559 1538 5629 μόνον
1559 5557 1676 5610 ἐστὶ
1697 5556 1757 5611 τὸ
1777 5555 2114 5627 θαυμαστὸν,

613 5766 637 5793 ⁸
661 5772 801 5833 Κρεὶι
826 5774 1004 5835 ἀφῆκέν
1027 5787 1076 5821 τε
1100 5776 1204 5836 ὑγιῆ
1228 5774 1306 5823 καὶ
1330 5776 1475 5837 σῶον,
1498 5775 1577 5823 καὶ
1600 5773 1802 5821 συνιδών

2141 572 2396 645 διέρρηξέ
2421 590 2481 627 τε
2515 573 2605 627 τὸν
2631 572 2973 644 χιτωνίσκον,
2999 569 3093 625 καὶ
3125 567 3321 623 σποδὸν
3348 565 3749 619 κατεπάσατον

2144 672 2238 725 καὶ
2276 671 2474 743 θρῆνον
2514 671 2836 741 ἐθρήνηαεν,
2880 664 2941 722 ὃν
2979 669 3047 723 ἀν
3085 680 3170 731 τις
3202 664 3521 737 θρηνήσειε,
3563 659 3736 715 παῖδα

2148 767 2410 839 μονογενῆ
2447 768 2544 821 καὶ
2572 769 2797 840 γνήσιον
2837 764 3151 828 ἀποϐαλὼν,
3182 760 3423 833 συνεχῶς
3456 757 3626 813 αὐτοῦ
3672 756 3739 810 τὸ

2145 863 2316 934 δνομα
2344 863 2632 918 ἀνακαλῶν
2662 862 2801 934 μετὰ
2826 862 2920 916 τοῦ
2942 856 3179 925 παιδίου,
3204 857 3299 913 καὶ
3327 854 3585 926 ἐγκώμια
3609 863 3747 906 συν-ι

2148 962 2340 1029 τιθεὶς,
2359 962 2455 1015 καὶ
2482 961 2686 1034 πικρὰν
2717 960 2903 1031 ἀφιεὶς
2923 956 3136 1029 φωνὴν,
3156 956 3253 1011 καῖ
3275 955 3469 1027 μέχρις
3492 952 3745 1023 ἑσπέρας

2149 1062 2335 1124 ἀσιτος
2372 1060 2571 1131 μένων.
2605 1060 2700 1113 καὶ
2735 1058 2877 1112 αύτά
2914 1055 2991 1109 τὰ
3015 1053 3194 1127 χωρία
3223 1049 3620 1122 καταρώμενος
3667 1046 3747 1101 τὰ

2150 1157 2421 1229 δεξάμενα
2448 1158 2509 1211 τὸ
2535 1150 2674 1228 αἷμα
2700 1154 2794 1208 τοῦ
2838 1151 3014 1207 Σαούλ
3031 1167 3046 1181 ·
3083 1151 3244 1219 'Opn'
3267 1147 3398 1219 7&9,
3445 1145 3638 1218 φησὶν,
3666 1142 3751 1197 τὰ

2152 1249 2440 1314 Γελϐουὲ,
2481 1250 2567 1320 μὴ
2598 1248 2773 1303 πέσοι
2804 1246 2896 1316 ἐφ’
2921 1242 3099 1314 ὑμᾶς,
3128 1236 3287 1312 μήτε
3315 1240 3560 1309 δρόσος,
3587 1235 3746 1306 μήτε

2152 1347 2327 1413 ὐετός
2345 1361 2358 1375 ·
2401 1345 2507 1414 ὅρη
2547 1343 2826 1408 θανάτου,
2861 1340 2951 1394 ὅτι
2985 1338 3115 1394 ἐκεῖ
3136 1336 3362 1405 ἐξήρθη
3403 1333 3606 1400 σκέπη
3635 1330 3747 1384 δυ.

2155 1439 2372 1497 νατῶν.
2416 1439 2592 1513 Ὅπερ
2640 1439 2877 1510 πατέρες
2915 1434 3130 1490 ποιοῦσι
3179 1430 3463 1495 πολλάκις,
3512 1432 3611 1484 καὶ
3639 1426 3754 1499 τῆν

2157 1539 2335 1592 οἰκίαν
2352 1536 2809 1609 ἀποστρέφονται,
2839 1537 2932 1590 καὶ
2947 1535 3038 1589 τὸν
3056 1529 3329 1587 στενωπὸν
3349 1525 3532 1599 ἀηδῶς
3548 1523 3746 1597 ὁρῶσι,

2158 1634 2223 1690 δι’
2250 1628 2311 1689 οὗ
2337 1634 2427 1688 τὸν
2445 1635 2558 1687 υίὸν
2589 1632 2969 1705 προέπεμψαν,
2997 1629 3158 1685 τοῦτο
3182 1628 3277 1683 καί⁵
3303 1621 3460 1689 οὗτος
3492 1623 3747 1691 ἐποίησε.

2163 1730 2257 1785 καὶ
2281 1732 2560 1802 κατηρᾶτο
2592 1731 2704 1793 τοῖς
2725 1728 2878 1798 ὄρεσι
2900 1731 3012 1790 τοῖς
3036 1726 3134 1799 τὴν
3163 1724 3379 1793 σφαγὴν
3405 1718 3747 1789 δεξαμένοις-

2164 1828 2325 1885 Μισῶ
2356 1829 2452 1882 καὶ
2485 1826 2579 1882 τὸν
2621 1827 2789 1881 τόπον
2825 1826 2994 1880 αὐτὸν
3026 1824 3115 1878 διά
3160 1823 3291 1886 τοὺς
3332 1821 3449 1873 ὲκεῖ
3484 1815 3761 1877 πεσόντας

2166 1930 2415 2001 νεκροὺς,
2443 1926 2599 1998 φησί.
2621 1924 2841 1997 Μηκέτι
2869 1924 3048 1978 τοίνυν
3077 1920 3315 1993 βραχῆτε
3340 1918 3372 1958 ι
3398 1918 3515 1979 τοῖς
3548 1913 3771 1968 ἀνωθεν

2168 2027 2343 2090 ύετοῖς
2360 2043 2373 2056 ·
2406 2023 2675 2097 ὲϐράχητε
2706 2023 2814 2095 7&9
2840 2020 2987 2086 ἅπαξ
3014 2018 3201 2080 κακῶς
3224 2015 3302 2086 τῷ
3324 2014 3433 2068 τῶν
3456 2010 3633 2082 φίλων
3656 2025 3775 2079 μου

2169 2118 2363 2194 αἵματι
2383 2140 2397 2152 ·
2434 2119 2530 2175 καὶ
2561 2116 2803 2191 συνεχῶς
2838 2117 2896 2171 δὲ
2933 2116 3114 2172 αὐτῶν
3153 2111 3514 2185 περιστρέφει
3546 2106 3622 2160 τά
3640 2104 3769 2158 6V6-

2174 2237 2341 2291 ματα,
2367 2218 2570 2272 οὑτωσὶ
2596 2218 2772 2285 λέγων
2791 2233 2804 2247 ’
2832 2213 3032 2269 Σαοὺλ
3059 2210 3159 2266 καί
3201 2205 3502 2267 Ἰωνᾶθαν,
3529 2206 3586 2256 οὶ
3616 2202 3771 2269 ἠγαο

2171 2316 2427 2387 πημένοι
2455 2317 2553 2370 καί
2601 2314 2819 2383 ὡραῖοι,
2856 2315 2929 2368 οὐ
2959 2307 3391 2381 κεχωρισμένοι
3414 2305 3489 2358 ὲν
3524 2298 3605 2369 τῇ
3651 2295 3773 2366 ζ’ωῇ

2172 2415 2391 2478 αὐτῶν,
2423 2414 2522 2469 καί
2554 2412 2625 2466 ἐν
2663 2410 2746 2476 τῷ
2772 2409 3007 2475 θανάτῳ
3042 2405 3244 2461 αὐτῶν
3271 2405 3343 2458 οὑ
3369 2399 3777 2469 διεχωρίσθηο

2174 2527 2316 2566 σαν.
2356 2509 2574 2580 Ἐπειδὴ
2600 2508 2708 2579 7&9
2743 2506 2815 2560 τά
2848 2504 3079 2575 σώματα
3111 2501 3187 2574 μὴ
3219 2498 3471 2572 παρόντα
3496 2493 3780 2567 περιπτύ-

2178 2604 2370 2671 ξασθαι
2403 2605 2504 2658 οὐκ
2531 2600 2669 2674 εἶχε,
2694 2601 3088 2673 περιπλέκεται
3124 2595 3305 2652 αὐτῶν
3338 2596 3461 2657 ταῖς
3492 2605 3778 2661 προσηγοο

2178 2703 2344 2776 ρίαις,
2384 2696 2483 2773 τὴν
2536 2700 2743 2754 οἰκείαν
2776 2696 2993 2767 όδύνην,
3038 2691 3114 2759 ὡς
3147 2689 3260 2747 οἷόν
3293 2707 3375 2758 τε,
3423 2688 3638 2752 τούτοις
3671 2703 3783 2739 κα-

2177 2801 2530 2874 ταπραΰνων,
2580 2797 2676 2852 καὶ
2718 2795 2780 2850 τὸ
2812 2796 2911 2866 τῆς
2947 2793 3235 2863 συμφορᾶς
3266 2785 3788 2861 παραμυθούμενος

2184 2897 2430 2971 μέγεθος.
2469 2893 2690 2965 Ἐπειδὴ
2717 2891 2828 2963 γὰρ
2856 2890 3072 2954 πολλοῖς
3098 2882 3277 2942 ἐδόκει
3296 2886 3358 2938 τὸ
3385 2884 3574 2937 πεσεῖν
3601 2882 3785 2952 ἀμφο-

2178 2995 2370 3067 τέρους
2395 2995 2452 3046 ἐν
2476 2992 2667 3063 ἡμέρᾳ
2693 2991 2789 3061 μιᾷ
2817 2989 3119 3059 ἀνήκεστον
3143 2979 3287 3038 εἶναι
3316 2981 3509 3044 κακὸν,
3543 2976 3683 3031 αὐτὸ
3711 2973 3798 3046 δὴ»

2181 3090 2340 3145 τοῦτο
2363 3090 2442 3151 είς
2464 3086 2721 3140 ὑπόθεσιν
2740 3082 3094 3153 παραμυθίας
3116 3078 3302 3133 ἔλαϐε.
3332 3076 3408 3129 Τὸ
3438 3073 3548 3145 7&9
3572 3072 3787 3134 εἰπεῖν,

2194 3188 2301 3242 Ἐν
2332 3183 2407 3253 τῇ
2437 3179 2551 3250 ζωῇ
2582 3179 2781 3234 αὐτῶν
2810 3180 2884 3233 οὐ
2916 3174 3366 3246 κεχωρισμένοι,
3389 3171 3488 3226 καὶ
3527 3168 3681 3243 [ἷ68]
3710 3168 3799 3221 ἐν

2183 3279 2266 3349 τῷ
2295 3279 2528 3344 θανάτῳ
2549 3275 2747 3332 αὐτῶν
2772 3277 2883 3330 οὐκ
2913 3272 3361 3344 ἐχωρίσθησαν,
3388 3264 3540 3322 οὐδὲν
3565 3267 3791 3335 ἕτερον,

2184 3380 2219 3454 ἢ
2265 3380 2423 3435 τοῦτο
2456 3373 2960 3438 κατασκευάζοντος
2997 3367 3085 3441 ἦν.
3125 3370 3202 3423 Ού
3246 3367 3357 3440 γάρ
3401 3368 3542 3429 ἔστι,
3587 3362 3795 3435 φησῖν,

2187 3480 2381 3544 εἰπεῖν,
2410 3477 2494 3537 ὅτι
2515 3473 2781 3547 ὀρφανίαν
2806 3473 2833 3525 ὁ
2858 3472 2989 3533 παῖς
3020 3468 3344 3540 ἐθρηνησεν,
3369 3462 3493 3518 οὐδὲ
3519 3456 3792 3514 ἀπαιδίαν

2186 3568 2216 3622 ό
2240 3565 2423 3637 πατὴρ
2453 3563 2722 3635 ὠδύρατο,
2753 3559 2869 3613 ἀλλ’
2895 3558 2924 3610 ὃ
2951 3556 3143 3627 μηδενὶ
3172 3552 3396 3622 συνέϐη,
3428 3547 3650 3618 συνέϐη,
3676 3564 3794 3617 φη-

2191 3658 2298 3721 σῖνν
2339 3654 2569 3716 ἐκείνοις
2589 3668 2605 3684 ⁸
2653 3647 2790 3721 ὁμοῦ
2829 3647 2940 3717 γὰρ
2970 3645 3066 3699 καὶ
3092 3643 3238 3698 κατά
3270 3642 3403 3713 μίαν
3431 3639 3649 3711 ἡμέραν
3682 3639 3797 3721 τῇς

2191 3718 2338 3813 ζωῆς
2363 3718 2782 3811 ἀπερράγησαν,
2804 3735 2899 3788 καὶ¹
2926 3734 2987 3787 οὐ
3019 3729 3409 3799 καταλειφθεὶς
3431 3718 3798 3813 θάτεροςζίὶ

2190 3809 2308 3903 γάρ
2328 3831 2397 3885 ἂν
2420 3809 2653 3883 ἀϐίωτον
2688 3825 2869 3893 ἐαυτῷ
2902 3817 3042 3875 εἶναι
3070 3819 3162 3872 τὸν
3185 3817 3298 3888 βίον
3331 3815 3552 3885 ἐνόμισε
3577 3814 3648 3883 τῇ
3677 3809 3804 3864 8m-

2196 3922 2383 3977 στάσει
2405 3918 2658 3988 θατέρου.
2682 3911 3121 3984 Διεθερμάνθητε
3141 3908 3260 3973 νῦν,
3281 3905 3645 3977 ὲδακρύσατε,
3668 3918 3804 3954 συν-

2197 4007 2428 4080 εχύθητε
2454 4004 2546 4058 τὸν
2575 4001 2854 4070 λογισμὸν,
2884 4000 2979 4053 καὶ
3008 3996 3146 4069 πρὸς
3175 3995 3371 4065 ἀφεσιν
3411 3988 3665 4080 δακρύων
3699 3988 3804 4041 εύ-

2194 4077 2422 4166 τρεπεῖς
2452 4090 2608 4160 ὑμῶν
2635 4088 2684 4140 οἱ
2710 4085 2978 4157 ὀφθαλμοὶ
3007 4083 3335 4152 γεγένηνται
3352 4098 3375 4166 ν;
3407 4079 3524 4166 Νύν
3554 4077 3802 4166 ἕκαστος

2196 4163 2300 4234 ἀνα
2308 4198 2368 4250 μι
2376 4174 2705 4250 μνησκέσθω
2729 4190 2818 4245 μοι
2838 4169 2933 4224 τοῦ
2953 4169 3153 4241 ἐχθροῦ
3173 4165 3377 4222 καὶτοῦ
3394 4163 3800 4250 λελυπηκότος,

2199 4269 2280 4322 ἔτι
2311 4249 2541 4332 ζεούσης
2566 4261 2645 4333 τῷ
2674 4259 2862 4314 πένθει
2901 4259 3001 4329 τῆς
3031 4257 3295 4321 διανοίας,
3339 4254 3437 4307 καὶ
3460 4252 3655 4306 τοῦτον
3697 4249 3805 4303 καὶ

2199 4355 2379 4421 ζῶντα
2410 4349 2748 4421 φυλαττέτω,
2769 4349 2866 4401 καὶ
2896 4346 3205 4400 ἀπελθόντα
3236 4342 3531 4401 πενθείτω,
3556 4339 3637 4410 μὴ
3660 4340 3805 4410 πρὸς

2203 4440 2484 4505 ἐπίδειξιν,
2519 4437 2635 4490 ἀλλ’
2662 4436 2770 4490 ἀπὸ
2798 4434 3040 4497 διανοίας
3074 4433 3170 4486 καὶ
3198 4430 3381 4501 ψυχῆς
3411 4426 3679 4499 γνησίας⁸
3699 4424 3807 4479 κᾶν

2202 4530 2295 4601 δέη
2324 4546 2377 4581 τι
2405 4526 2621 4591 παθεῖν,
2644 4522 2785 4576 ὥστε
2817 4521 2892 4593 μὴ
2919 4521 3162 4591 λυπῆσαι
3182 4518 3275 4572 τὸν
3304 4516 3636 4601 ἠδικηκότα,
3670 4514 3809 4601 πάνθ

2201 4598 2294 4667 τα’
2320 4610 2544 4663 ποιείτω
2582 4607 2679 4661 καὶ
2721 4606 3002 4677 πασχέτω,
3040 4604 3196 4676 παρά
3234 4601 3327 4656 τοῦ
3377 4600 3516 4654 Θεοῦ
3556 4598 3810 4670 μεγάλας

2204 4705 2489 4777 ἀναμένων
2518 4702 2616 4766 τὰς
2646 4700 2905 4772 ἀμοιϐάς.
2948 4700 3080 4752 Ἰδοὺ
3105 4699 3237 4767 γοῦν
3267 4690 3422 4758 οὗτος
3449 4696 3545 4748 καὶ
3577 4694 3684 4764 τὴν
3712 4692 3811 4761 βας

2207 4789 2411 4844 σιλείαν
2439 4785 2619 4849 ἔλαϐε,
2654 4785 2747 4837 καὶ
2781 4785 2880 4854 τὴν
2906 4785 3066 4854 χεῖρα
3091 4784 3191 4835 ούκ
3224 4780 3511 4849 ὲμόλυνεν,
3547 4777 3686 4829 ἀλλὰ
3709 4791 3813 4827 κα-

2207 4872 2377 4945 οαράν
2400 4870 2538 4941 ἔχων
2562 4868 2663 4938 τὴν
2680 4865 2882 4932 δεξιὰν,
2911 4865 3056 4920 οὕτω
3071 4866 3161 4919 τὸν
3182 4864 3448 4932 στέφανον
3476 4861 3810 4945 ἀνεδήσατο,

2207 4939 2303 5010 καὶ
2340 4939 2560 5007 ὲπὶητὸν
2596 4950 2784 5022 θρόνον
2830 4949 3021 5020 ἀνέϐη,
3058 4950 3157 5019 τῆς
3202 4945 3524 5018 ἀλουργίδος
3566 4945 3666 4998 καὶ
3713 4939 3813 4995 τοῦ

2206 5040 2537 5109 διαδήματος
2584 5033 2975 5106 λαμπροτέραν
3011 5032 3151 5104 ἔχων
3194 5031 3476 5102 εὐφημίας
3520 5027 3812 5088 ὑπόθεσιν,

2209 5133 2270 5186 τὸ
2286 5128 2572 5201 φείσασθαι
2602 5126 2696 5180 τοῦ
2725 5125 3009 5197 πολεμίου,
3037 5128 3098 5178 τὸ
3127 5124 3399 5197 θρηνῆσαι
3426 5120 3687 5175 πεσόντα.
3709 5115 3820 5171 Διὰ

2210 5214 2368 5268 τοῦτο
2409 5213 2528 5282 οὐχὶ⁴
2561 5210 2670 5275 ζῶν
2707 5210 2887 5280 μόνον,
2920 5209 3057 5261 ἀλλά
3083 5208 3178 5262 καὶ
3219 5205 3561 5276 τελευτήσας
3594 5218 3819 5274 μνημο-

2213 5298 2452 5351 νεύεται.
2483 5296 2647 5347 Ὥστε
2678 5295 2726 5345 εἰ
2760 5291 2939 5362 βούλει
2970 5292 3064 5345 καὶ
3110 5291 3175 5344 σὺ
3218 5292 3314 5343 καὶ
3352 5287 3593 5341 ἐνταῦθα
3634 5285 3823 5355 διηνε-

2216 5380 2343 5444 κοῦς
2385 5378 2543 5449 δόξης
2586 5379 2791 5447 τυχεῖν,
2837 5374 3115 5446 ἄνθρωπε,
3171 5375 3334 5428 κάκεῖ
3374 5372 3484 5425 τῶν
3535 5370 3822 5437 ἀκινήτων

2217 5462 2522 5518 ἀπολαῦσαι
2556 5461 2760 5523 καλῶν,
2795 5458 3035 5528 μίμησαι
3072 5458 3173 5527 τὴν
3204 5455 3407 5528 ἀρετὴν
3429 5454 3525 5507 τοῦ
3571 5452 3821 5517 δικαίου,

2218 5548 2459 5619 ζήλωσον
2478 5544 2577 5617 τὴν
2598 5543 2943 5614 φιλοσοφίαν,
2970 5541 3240 5609 ἐπίδειξαι
3261 5540 3353 5595 διὰ
3372 5538 3483 5594 τῶν
3509 5537 3689 5608 ἔργων
3714 5534 3824 5609 τὴν

2289 5766 2317 5806 1‘
2340 5765 2480 5829 Regii
2506 5766 2772 5831 βραχείητι.
