4064 6438
324 397 444 460 (5ῦῖ

324 517 474 574 illum
505 513 825 582 contulerat,
854 513 900 569 si
924 511 1224 568 voluisset:
1255 518 1464 581 poterat
1485 522 1908 565 commemorare

323 610 593 681 singulare
617 617 888 664 certamen
915 647 928 672 ,
973 603 1266 676 quod'cum
1295 605 1524 660 barbaro
1564 609 1906 669 susceperat,

320 716 385 757 ac
426 701 646 756 dicere:
678 698 811 754 Cum
858 697 1057 753 bellum
1106 695 1438 750 barbaricum
1463 735 1478 760 ,
1526 709 1631 748 ceu
1650 690 1906 746 diluvium

317 791 587 862 quoddam
613 832 629 857 ,
678 790 981 844 universam
1007 788 1273 843 civitatem
1303 795 1446 842 esset
1488 785 1862 855 dissipaturum
1888 825 1902 851 ,

319 881 679 938 consternatis
706 880 856 935 vobis
879 895 940 936 ac
967 887 1110 934 metu
1134 877 1373 948 trepidis,
1405 875 1743 946 quotidieque
1763 890 1910 928 mor-

316 984 426 1027 tem
474 971 906 1041 exspectantibus
931 1013 946 1037 ,
990 985 1093 1040 ego
1133 968 1397 1025 accedens
1430 967 1642 1024 nemine
1664 965 1904 1036 compel-

318 1064 460 1117 l‘ento
485 1104 499 1126 ,
530 1063 639 1117 imo
686 1071 736 1118 te
781 1060 1096 1131 prohibente
1141 1075 1204 1116 ac
1248 1061 1513 1115 retinente
1537 1058 1852 1128 dicenteque
1885 1075 1900 1112 :

317 1153 442 1210 Non
468 1156 655 1226 poteris
682 1155 774 1221 ire,
805 1154 1040 1224 quoniam
1071 1169 1196 1224 puer
1220 1169 1271 1208 es
1289 1194 1305 1218 ,
1349 1152 1435 1206 ille
1464 1161 1629 1204 autent
1649 1150 1724 1203 vir
1747 1149 1904 1204 bella-

315 1258 396 1302 tor
418 1264 451 1301 a
469 1249 734 1318 juventute
763 1262 854 1300 sua
875 1244 949 1319 (1.
975 1245 1104 1316 Reg.
1127 1246 1214 1300 17.
1238 1244 1332 1314 '53)
1357 1263 1370 1296 :
1401 1259 1508 1298 non
1533 1258 1619 1298 me
1640 1242 1898 1308 continui,

313 1337 412 1392 sed
436 1351 574 1391 unus
597 1351 698 1408 pro
725 1337 971 1390 omnibus
997 1335 1157 1390 insilii
1183 1375 1198 1398 ,
1247 1335 1456 1390 hostem
1487 1335 1710 1404 excepi,
1740 1341 1900 1402 caput

313 1428 606 1498 amputavi,
631 1441 693 1482 ac
711 1428 872 1482 veluti
896 1427 1152 1482 torrentis
1165 1427 1416 1497 impetum
1441 1426 1745 1497 quemdam,
1775 1426 1898 1479 bar-

313 1520 566 1575 barorum
589 1519 796 1574 illorum
827 1519 1055 1576 insultus
1074 1519 1253 1589 depuli
1271 1561 1287 1588 ,
1331 1520 1712 1589 rempublicam
1739 1521 1901 1574 vacil-

315 1613 512 1666 lautum
538 1611 868 1668 constabilivi
895 1629 908 1665 :
932 1627 994 1667 ac
1021 1627 1114 1682 per
1142 1627 1228 1667 me
1256 1620 1311 1665 tu
1338 1612 1560 1682 quidem
1583 1627 1802 1681 regnum
1837 1627 1899 1668 ac

312 1701 498 1770 vitam,
530 1702 712 1757 cmteri
739 1718 866 1757 vero
895 1717 1081 1757 omnes
1106 1711 1300 1771 prteter
1323 1703 1506 1768 vitam,
1535 1702 1802 1756 civitatem
1832 1717 1895 1757 ac

312 1792 523 1857 domos,
552 1792 752 1848 liberos
775 1802 826 1848 et
854 1807 1048 1848 uxores
1074 1801 1272 1848 tenent.
1315 1794 1392 1848 Ac
1421 1793 1687 1864 postillud‘
1712 1808 1898 1848 rursus

313 1896 597 1956 tropaeum,
628 1896 682 1942 et
706 1889 805 1941 alia
832 1887 968 1943 bella
995 1904 1114 1959 quae
1145 1889 1350 1944 fortiter
1375 1905 1439 1943 ac
1468 1890 1688 1944 feliciter
1715 1903 1896 1958 gesse-

310 1984 415 2040 rat,
444 1975 547 2031 hoc
576 1993 680 2032 non
711 1979 980 2045 infcriora,
1011 1981 1179 2048 potuit
1202 1995 1645 2035 commemorare.
1677 1981 1758 2034 Ad
1778 1980 1898 2035 luec

307 2067 452 2135 quod
490 2083 609 2123 cum
640 2070 806 2125 semel
837 2079 996 2139 atque
1025 2073 1214 2125 iterum
1242 2112 1257 2136 ,
1286 2072 1615 2141 imoszepius
1640 2079 1897 2126 tentasset

309 2161 484 2226 ipsum
511 2173 542 2212 e
585 2158 762 2213 medio
809 2160 1024 2224 tollere,
1074 2161 1419 2230 lanceamque
1465 2161 1515 2213 in
1556 2167 1716 2229 caput
1756 2159 1896 2214 illius

308 2247 553 2302 torsisset
586 2266 597 2301 :
627 2263 732 2302 non
765 2257 941 2304 tamen
983 2251 1226 2306 meminit
1268 2251 1564 2318 malorum;
1597 2252 1720 2306 item
1752 2254 1891 2322 quod

318 2349 439 2407 post
469 2340 554 2394 illa
582 2351 749 2410 gesta,
789 2358 908 2396 eum
937 2342 1064 2398 Saﬁl
1095 2343 1311 2399 deberet
1340 2345 1530 2414 prioris
1559 2361 1745 2416 pugnae
1775 2345 1894 2400 red-

305 2428 440 2484 dere
466 2432 704 2500 prmmia,
737 2434 1038 2502 peposcerit
1058 2436 1260 2499 dotem,
1290 2451 1393 2489 non
1423 2450 1627 2503 aurum,
1668 2453 1770 2490 non
1800 2451 1890 2490 ar-

303 2529 546 2590 gentum,
588 2523 680 2576 sed
709 2523 910 2578 cmdcm
942 2535 994 2578 et
1022 2525 1437 2580 internecionem
1469 2545 1479 2578 :
1511 2541 1573 2581 ac
1600 2542 1667 2581 ne
1695 2527 1744 2581 id
1771 2527 1890 2596 qui-

300 2611 428 2667 dem
454 2612 696 2668 abnuerit
737 2614 924 2669 David.
967 2614 1076 2670 Nec
1103 2616 1201 2670 ista
1225 2624 1450 2682 tantum,
1495 2617 1586 2671 sed
1629 2617 1709 2672 his
1730 2619 1888 2672 etiam

303 2705 474 2759 multo
524 2715 632 2760 tum
677 2707 826 2776 plura
871 2717 980 2763 tum
1027 2709 1226 2779 majora
1262 2711 1440 2766 dicere
1465 2713 1676 2782 potuit:
1708 2728 1890 2767 verum

304 2798 438 2852 nihil
463 2799 651 2853 horum
679 2800 848 2866 dixit,
892 2815 1066 2869 neque
1104 2801 1154 2856 ei
1188 2810 1303 2856 erat
1331 2802 1540 2856 animus
1585 2803 1658 2856 illi
1696 2819 1888 2873 expro-

305 2890 462 2944 brare
492 2889 764 2956 beneficia,
794 2891 886 2946 sed
915 2901 1117 2947 tantum
1149 2893 1471 2962 persuadere
1501 2909 1558 2950 se
1586 2911 1705 2951 esse
1726 2912 1889 2952 unum

303 2996 372 3034 ex
404 2995 587 3035 eorum
615 2997 860 3049 numero,
891 2984 977 3053 qui
1010 2984 1178 3053 ipsum
1203 2993 1256 3039 et
1275 2997 1516 3040 amarent
1541 3002 1604 3042 ac
1629 2987 1886 3054 colerent,

303 3087 416 3126 non
442 3074 530 3142 qui
556 3073 898 3128 rebellionem
923 3083 1016 3129 aut
1041 3074 1259 3131 insidias
1289 3077 1622 3132 molirentur.

378 3161 543 3217 Unius
583 3162 680 3217 Dei
723 3165 1026 3219 voluntatem
1051 3177 1239 3234 spectat
1276 3167 1476 3233 David;
1505 3179 1713 3224 mortem
1751 3169 1906 3225 Saﬁ-'

300 3255 366 3308 lis
391 3254 560 3324 deﬂet.
583 3253 859 3325 Lacrymas
885 3257 1200 3312 audientibus
1222 3269 1380 3312 movet
1405 3258 1888 3330 Cltrysostomus.—

297 3345 429 3400 ldco
458 3347 829 3415 prmtcrmissis
858 3346 959 3401 illis
987 3347 1263 3414 omnibus,
1308 3359 1510 3404 tantum
1535 3350 1674 3420 quod
1705 3365 1769 3406 eo
1797 3366 1888 3407 ac-

294 3437 498 3493 ciderat
522 3438 628 3504 die,
663 3440 715 3494 iu
745 3439 1109 3496 defensionem
1137 3441 1377 3496 adduxit.
1411 3442 1588 3512 Usque
1623 3443 1756 3498 adeo
1785 3459 1883 3513 pu-

295 3544 392 3584 rus
429 3539 569 3594 erat,
603 3541 654 3585 et
681 3531 748 3584 ab
782 3532 927 3586 omni
957 3532 1100 3585 inani
1138 3533 1306 3602 gloria
1346 3533 1624 3600 immunis,
1657 3550 1754 3589 nec
1777 3535 1884 3589 alio

295 3623 556 3691 respexit,
582 3638 736 3691 quam
767 3623 834 3677 ad
864 3625 1017 3678 unius
1050 3624 1142 3678 Dei
1171 3624 1518 3680 voluntatem.
1546 3626 1743 3682 Deinde
1768 3629 1879 3680 ait:

292 3711 500 3767 Iudicat
545 3713 792 3768 Dominus
837 3716 965 3769 inter
1011 3732 1088 3769 me
1121 3724 1166 3769 et
1212 3726 1258 3770 te
1303 3715 1474 3787 (Ibid.
1504 3733 1551 3770 υ.
1587 3719 1716 3786 l3).
1770 3718 1884 3773 Hoc

294 3808 517 3862 verbum
543 3805 677 3862 dixit
703 3825 806 3862 non
833 3809 974 3878 quod
1001 3819 1220 3878 cuperet
1242 3811 1413 3879 puniri
1434 3812 1668 3879 Saulem,
1699 3821 1790 3867 aut
1815 3813 1882 3868 de

293 3900 393 3955 illo
419 3915 602 3970 poenas
631 3902 798 3965 sumi,
845 3902 939 3956 sed
981 3895 1042 3956 ut
1077 3902 1146 3956 illi
1180 3903 1519 3958 formidinem
1547 3904 1790 3974 injiceret
1816 3922 1881 3960 ex

295 3990 458 4044 futuri
499 3991 683 4059 jtulicii
724 3994 1227 4048 commemoratione
1263 4011 1277 4045 :
1320 4009 1493 4064 neque
1536 4004 1592 4049 ut
1636 3996 1883 4050 timorem

295 4080 560 4136 incuteret
588 4091 813 4147 tantum,
841 4097 1022 4135 verum
1049 4093 1104 4137 ut
1128 4085 1362 4153 seipsum
1388 4099 1417 4139 a
1443 4085 1681 4140 criminis
1709 4087 1882 4156 suspi-

293 4175 451 4228 cione
481 4183 742 4244 purgaret.
772 4175 1098 4244 Prmcipoam
1123 4175 1358 4246 quidem,
1394 4177 1583 4247 inquit,
1613 4179 1883 4248 probatio-

297 4282 422 4320 nem
449 4282 514 4321 ex
542 4267 670 4336 ipsis
702 4266 870 4322 habeo
897 4266 1048 4320 factis
1073 4284 1086 4319 :
1115 4267 1254 4336 quod
1283 4267 1454 4322 sinon
1483 4269 1678 4333 credis,
1707 4271 1878 4338 ipsum

297 4357 469 4411 Deum
493 4357 682 4412 invoco
715 4367 924 4424 testem,
953 4359 1042 4428 qui
1069 4359 1326 4427 cujusque
1350 4359 1544 4414 utentis
1566 4376 1757 4415 arcana
1785 4376 1881 4414 no-

294 4449 394 4512 vit,
417 4457 470 4502 et
493 4451 715 4502 scrutari
742 4458 917 4518 potest
943 4450 1317 4504 conscientias.

368 4542 422 4594 5.
447 4542 570 4596 llzcc
608 4554 784 4596 autem
828 4543 1076 4612 loquutus
1122 4551 1222 4610 est,
1269 4542 1549 4598 declarans
1577 4561 1636 4600 se
1676 4561 1882 4616 nequa-

293 4649 457 4702 quam
496 4648 745 4686 ausurum
794 4632 956 4687 fuisse
994 4633 1262 4702 appeliare
1305 4634 1547 4690 Judicem
1587 4637 1750 4702 illum,
1796 4637 1889 4691 cui-

296 4741 404 4779 non
436 4734 611 4794 potest
637 4725 853 4793 imponi,
878 4734 933 4779 et
953 4725 1004 4778 iu
1031 4741 1149 4779 sese
1177 4725 1674 4781 condemnationem
1700 4744 1878 4783 accer-

293 4832 438 4882 sere,
470 4815 568 4869 nisi
607 4817 962 4870 certissimum
1005 4815 1242 4879 haberet,
1273 4833 1332 4872 se
1373 4819 1439 4873 ab
1478 4820 1619 4873 omni
1662 4821 1881 4875 insidia-

292 4924 414 4962 rntn
455 4907 678 4960 crimine
719 4923 908 4975 purum
949 4921 1086 4961 esse.
1135 4908 1200 4961 Et
1228 4908 1368 4978 quod
1403 4925 1462 4964 ea
1495 4926 1611 4979 qua:
1657 4911 1884 4967 dicimus

293 5015 403 5055 non
434 4999 777 5067 conjectum,
808 4999 901 5052 sed
933 5000 1072 5069 quod
1105 5001 1264 5054 simul
1299 5011 1353 5056 et
1378 5017 1496 5058 sese
1536 5019 1760 5075 purgare
1789 5021 1883 5059 cna

295 5092 470 5160 piens,
504 5099 558 5144 et
587 5089 734 5143 illum
765 5089 830 5142 ad
867 5090 1206 5146 sobrietatem
1234 5107 1503 5159 revocare,
1537 5095 1675 5148 illius
1699 5096 1884 5163 judicii

297 5182 422 5235 fecit
445 5181 794 5247 mentionem,
820 5179 907 5234 illa
937 5196 1052 5250 qua:
1068 5185 1174 5249 jam
1203 5192 1347 5252 gesta
1378 5183 1594 5240 fuerunt
1619 5187 1884 5241 sufficien-

296 5282 379 5326 ter
401 5271 724 5326 ostendunt:
756 5285 858 5324 non
887 5272 1060 5326 minus
1084 5281 1260 5327 autem
1311 5274 1394 5330 his
1425 5285 1478 5333 ct
1505 5277 1613 5341 illa,
1639 5294 1757 5347 qua:
1785 5295 1881 5348 po-

293 5373 410 5418 stea
441 5363 781 5425 acciderunt,
809 5361 965 5432 hujus
992 5365 1069 5419 rei
1099 5365 1264 5420 fidem
1284 5369 1454 5422 facere
1478 5379 1717 5438 possunt.
1749 5371 1881 5425 Nam

295 5469 418 5508 cum
447 5469 634 5508 rursus
660 5453 785 5508 Saﬁl
811 5453 1084 5508 incidisset
1110 5455 1160 5508 in
1190 5471 1379 5510 manus
1407 5457 1602 5526 ipsius,
1636 5471 1754 5528 post
1783 5460 1879 5514 da-

297 5557 404 5599 tam
449 5547 678 5598 salutem
726 5545 1011 5613 insequens
1050 5544 1233 5614 illum,
1281 5557 1334 5602 et
1378 5549 1623 5605 occidere
1661 5551 1877 5618 volens,

292 5651 524 5706 eumque
571 5643 750 5704 posset
784 5634 991 5689 hostem
1019 5651 1140 5690 cum
1165 5638 1411 5694 universo
1441 5643 1677 5696 exercitu
1701 5645 1882 5698 conci-

294 5727 448 5792 dere,
484 5726 688 5781 dimisit
726 5727 872 5781 illum
903 5727 1162 5798 integrum
1189 5738 1242 5784 et
1271 5731 1607 5788 incolumem.
1653 5733 1883 5806 Ideoque

297 5831 422 5872 cum
448 5818 606 5874 sciret
632 5817 873 5873 morbum
903 5820 1040 5888 regis
1068 5820 1509 5880 immedicabilem
1536 5841 1676 5895 esse,
1711 5844 1882 5899 neque.

1302 395 1393 452 DE
1432 390 1687 452 DAVIDE
1727 389 1812 446 ET
1852 385 2076 446 SAULE
2119 391 2392 451 HOMILIA
2437 393 2498 450 ll.

3486 411 3599 467 69}

2013 502 2162 561 illum
2211 523 2460 579 umquam
2498 508 2743 566 hostilem
2781 512 2835 566 in
2872 525 2932 567 se
2979 511 3215 569 animum
3255 515 3548 586 positurum
3574 559 3590 585 ,

2012 597 2280 653 submovit
2303 614 2422 655 sese
2442 600 2510 655 ab
2523 601 2687 657 oculis
2717 602 2876 668 illius;
2908 613 2963 659 et
2986 605 3126 675 apud
3152 606 3408 663 barbaros
3431 609 3626 664 viuum-

2011 690 2232 757 agebat,
2272 692 2530 759 serviens,
2560 692 2765 749 honore
2791 694 3313 768 privatum-pudore“
3334 700 3610 767 sut‘fusus,‘

2012 779 2194 836 labore
2220 796 2282 837 ac
2310 785 2522 840 miseria
2539 786 2647 840 sibi
2679 787 2777 856 ipsi
2804 801 2997 857 parans
3021 789 3088 844 ad
3121 790 3316 846 vietum
3345 807 3592 847 necessa-

2010 872 2107 926 ria.
2138 875 2295 944 Atqui
2323 877 2562 932 non-'hoc
2588 886 2789 933 tantum
2814 880 3063 950 est-quod
3088 885 3374 950 miremur,
3396 884 3490 938 sed
3526 887 3594 938 il~

2007 962 2098 1017 lud
2127 978 2356 1035 quoque,
2383 966 2522 1037 quod
2551 977 2895 1040 posteaquam
2921 971 3162 1027 audierat
3185 989 3364 1043 regem
3390 973 3444 1028 in
3473 973 3592 1030 acie

2007 1053 2284 1122 cecidisse,
2313 1055 2525 1111 discidit
2551 1066 2770 1127 vestem,
2801 1067 2856 1115 et
2893 1061 3072 1117 cinere
3100 1076 3158 1116 se
3183 1063 3502 1131 conspersit,
3533 1071 3588 1114 et

2007 1159 2072 1200 eo
2097 1145 2243 1202 luctu
2269 1147 2424 1212 luxit,
2457 1165 2561 1219 quo
2599 1151 2719 1220 quis
2748 1152 2952 1222 lugeret
2996 1153 3192 1208 amisso
3233 1153 3586 1223 primogenita

2004 1251 2362 1308 germanoque
2414 1240 2553 1306 filio;
2602 1241 2827 1298 subinde
2871 1259 3066 1298 nomen
3106 1245 3245 1299 illius
3295 1245 3586 1301 inclamans

2007 1343 2108 1383 una
2137 1345 2258 1384 cum
2285 1330 2378 1385 filii
2421 1333 2659 1398 nomine,
2689 1336 2998 1403 compositis
3027 1335 3186 1390 etiam
3213 1337 3489 1401 encomiis,
3523 1353 3586 1393 ac

2004 1433 2164 1475 voces
2186 1421 2363 1476 acerbi
2389 1423 2590 1478 doloris
2620 1433 2782 1478 testes
2809 1426 3077 1492 emittens,
3110 1427 3409 1496 impransus
3433 1443 3584 1481 man-

2003 1510 2073 1564 sit
2111 1527 2276 1582 usque
2303 1512 2370 1566 ad
2413 1529 2687 1584 vesperam
2708 1555 2726 1583 ,
2755 1530 3047 1571 exsecraris
3079 1526 3134 1571 et
3161 1519 3276 1585 ipsa
3320 1518 3434 1573 loca
3465 1535 3585 1588 qua:

2003 1598 2178 1655 Saulis
2207 1603 2514 1671 sanguinem
2541 1613 2878 1674 exceperant.
2906 1604 3124 1670 Montes,
3153 1605 3344 1674 inquit,
3373 1605 3585 1673 Gelboe‘,

2001 1704 2066 1744 ne
2096 1690 2244 1744 cadat
2281 1708 2432 1761 super
2467 1707 2553 1746 vos
2582 1709 2739 1765 neque
2779 1709 2881 1759 ros,
2933 1709 3090 1764 neque
3126 1695 3299 1764 pluvia
3337 1710 3358 1748 :
3388 1705 3579 1750 montes

1999 1781 2202 1841 mortis,
2244 1782 2480 1851 quoniam
2510 1783 2617 1837 illic
2657 1783 2855 1837 sublata
2895 1793 3012 1838 sunt
3054 1785 3379 1840 tabernacula
3407 1797 3586 1856 poten-

2000 1876 2127 1929 tium
2174 1875 2251 1946 (2.
2286 1876 2412 1948 Reg.
2455 1882 2504 1933 l.
2533 1878 2640 1950 9.1-).
2687 1878 2838 1947 Quod
2882 1892 3025 1949 smpe
3059 1889 3238 1949 patres
3267 1878 3493 1944 faciunt,
3527 1891 3586 1936 ut

1999 1967 2214 2022 domum
2243 1969 2403 2024 etiam
2426 1979 2756 2037 aversentur,
2779 1981 2832 2026 et
2855 1971 3018 2026 limen
3041 1972 3283 2027 dolenter
3301 1973 3580 2043 aspiciant,

2000 2075 2095 2129 per
2125 2058 2264 2129 quod
2290 2060 2528 2114 extulere
2557 2060 2744 2126 filium,
2769 2060 2871 2115 hoc
2893 2071 2944 2116 et
2975 2059 3062 2116 hic
3083 2060 3226 2127 fecit,
3253 2077 3348 2117 eos
3373 2074 3584 2116 montes

1999 2150 2292 2217 devovcns,
2322 2151 2414 2220 qui
2441 2151 2642 2206 eaedem
2672 2152 2814 2206 illam
2845 2162 3192 2222 exceperant.
3220 2152 3342 2220 Odi,
3373 2154 3580 2223 inquit,

2001 2241 2172 2310 ipsum
2219 2241 2377 2296 etiam
2406 2242 2579 2297 locum
2605 2253 2820 2312 propter
2849 2255 3085 2298 mortuos
3114 2243 3227 2299 illic
3256 2253 3572 2313 prostratos.

1997 2332 2074 2387 Ne
2103 2333 2264 2402 igitur
2301 2333 2590 2403 irrigemini
2635 2333 2857 2402 posthac
2885 2333 3183 2388 cmlestibus
3208 2334 3415 2403 pluviis,
3456 2335 3582 2404 quia

1997 2426 2135 2481 male
2158 2425 2324 2480 semel
2353 2425 2552 2495 irrigati
2572 2425 2702 2479 estis
2721 2426 3011 2478 amicorum
3033 2440 3276 2480 meorum
3301 2426 3580 2496 sanguine,

1996 2533 2165 2588 eaque
2210 2517 2430 2572 nomina
2467 2517 2690 2573 subinde
2718 2517 3011 2588 repetebat,
3058 2517 3128 2571 ita
3154 2517 3413 2587 loquens:
3447 2516 3579 2572 Saiil

1995 2620 2040 2667 et
2068 2610 2348 2680 lauat/tas,
2385 2611 2624 2665 amabiles
2649 2628 2708 2664 ac
2732 2611 2964 2681 speciosi,
2996 2611 3048 2664 in
3073 2610 3172 2664 vita
3199 2627 3294 2664 sua
3325 2627 3426 2665 non
3464 2611 3581 2679 [uc-

1995 2716 2110 2759 rant
2141 2705 2402 2771 disiuncti,
2425 2721 2510 2758 nec
2534 2713 2694 2758 morte
2721 2721 2812 2759 sua
2836 2705 3055 2776 separati
3079 2713 3195 2759 sunt
3223 2703 3573 2775 (lbidmﬁl).

1994 2796 2253 2864 Quoniam
2295 2798 2438 2852 euim
2480 2796 2719 2850 absentia
2766 2796 2977 2851 illorum
3018 2810 3242 2867 corpora
3281 2811 3388 2850 non
3432 2795 3580 2850 licuit

1991 2887 2260 2957 amplecti,
2293 2889 2507 2942 nomina
2538 2887 2745 2941 illorum
2775 2887 3084 2956 complexus
3108 2895 3210 2954 est,
3239 2902 3393 2942 suum
3425 2886 3578 2941 dolo-

1993 2995 2107 3035 rem
2130 2980 2276 3036 hisce
2302 2982 2472 3036 modis
2499 2989 2763 3049 quatenus
2792 2979 2937 3033 licuit
2956 2978 3161 3034 leniens
3185 2986 3237 3033 et
3257 2977 3574 3033 calamitatis

1991 3074 2412 3145 magnitudinem
2450 3074 2719 3143 mitigans.
2762 3070 3066 3138 Quiaenim
3092 3085 3122 3124 a
3152 3069 3334 3124 multis
3375 3068 3582 3123 malum

1989 3165 2273 3235 putabatur
2296 3161 2611 3232 insanabile,
2635 3163 2818 3218 ambos
2839 3161 3026 3217 eodem
3055 3160 3313 3217 cecidisse
3332 3158 3443 3226 die,
3472 3157 3575 3212 hoc

1991 3257 2163 3327 ipsum
2208 3256 2432 3326 arripuit
2476 3256 2527 3309 in
2591 3254 2968 3311 eoruSolationis
3011 3260 3402 3322 argumentum.
3441 3249 3575 3305 Nam

1987 3349 2130 3420 quod
2176 3349 2269 3414 ait,
2305 3347 2371 3403 In
2416 3349 2533 3402 vita-
2560 3365 2652 3402 sua
2689 3362 2792 3400 non
2835 3350 3046 3417 fuerant
3075 3345 3350 3415 disjuucti,
3394 3359 3492 3397 nec
3521 3343 3576 3396 iu

1988 3449 2148 3495 morte
2183 3451 2300 3494 sunt
2332 3441 2573 3508 separati,
2603 3438 2767 3495 verba
2807 3445 2958 3492 erant
2982 3437 3114 3492 nihil
3155 3435 3296 3491 aliud
3329 3434 3570 3505 agentis,

1987 3549 2145 3605 quam
2176 3541 2234 3587 ut
2260 3533 2364 3587 hoc
2383 3532 2536 3587 cedat
2563 3531 2615 3586 in
2638 3529 2885 3586 solatium
2911 3528 3132 3584 doloris.
3157 3528 3275 3584 Jam
3303 3527 3466 3592 enim,
3491 3526 3576 3579 in-

1986 3627 2120 3698 quit,
2143 3641 2249 3680 non
2276 3633 2451 3694 potest
2475 3623 2600 3692 dici,
2630 3622 2770 3692 quod
2794 3621 2932 3676 filius
2951 3619 3250 3690 orphanum
3270 3632 3390 3674 esse
3412 3631 3474 3673 se
3501 3617 3574 3672 lu-

1985 3727 2126 3788 geat,
2176 3732 2348 3788 neque
2387 3715 2527 3784 quod
2576 3722 2728 3786 pater
2765 3711 3046 3769 orbitatem
3086 3725 3235 3766 suam
3280 3707 3520 3778 deploret
3555 3725 3570 3762 :

1985 3823 2170 3862 vermn
2201 3807 2341 3877 quod
2384 3807 2562 3871 nullis,
2600 3806 2788 3876 inquit,
2829 3804 3036 3873 obtigit,
3070 3801 3176 3856 illis
3203 3799 3460 3870 contigit:
3489 3799 3572 3852 vi-

1985 3898 2180 3953 delicet
2205 3912 2311 3951 uno
2336 3895 2629 3964 eodemque
2655 3895 2743 3949 die
2779 3910 2809 3949 e
2838 3894 2970 3947 vivis
3003 3891 3171 3960 erepti
3200 3899 3322 3944 sunt
3341 3930 3355 3956 ,
3385 3898 3573 3943 neutro

1984 3988 2137 4044 alteri
2177 3987 2478 4058 superstite.
2513 3984 2862 4040 Existimabat
2899 3984 3039 4038 enim
3082 3984 3245 4036 vitam
3287 3981 3386 4035 sibi
3426 3981 3568 4050 inju-

1985 4081 2212 4135 cundam
2242 4079 2373 4145 fore,
2403 4079 2446 4132 si
2475 4079 2609 4132 alter
2633 4076 2700 4131 ab
2725 4075 2894 4129 altero
2921 4074 3105 4128 fuisset
3131 4072 3388 4127 divulsus.
3408 4071 3573 4126 Cont-

1987 4171 2275 4228 movemini
2307 4185 2468 4236 nunc,
2493 4168 2855 4240 lacrymamini
2883 4183 3043 4231 nunc,
3067 4176 3121 4221 et
3149 4167 3327 4220 animo
3357 4175 3569 4235 pertur-

1985 4263 2220 4329 bamini;
2251 4278 2418 4331 usque
2439 4261 2502 4316 ad
2529 4261 2880 4332 lacrymarum
2902 4259 3212 4314 elfusionem
3242 4258 3424 4312 mutati
3447 4266 3573 4311 sunt

1985 4356 2122 4411 oculi
2160 4355 2358 4410 vestri?
2399 4354 2548 4408 Nunc
2591 4353 2719 4407 mihi
2754 4353 2979 4422 quisque
3016 4347 3326 4404 recordetur
3369 4347 3584 4407 inimici

1985 4449 2074 4517 qui
2105 4446 2258 4511 lmsit,
2293 4445 2479 4499 dolore
2506 4444 2793 4498 etiamnum
2822 4441 2872 4493 in
2902 4440 3082 4492 animo
3106 4446 3382 4499 testuaute,
3412 4441 3570 4505 atque

1987 4538 2128 4593 hunc
2155 4548 2209 4593 et
2253 4537 2428 4591 vivum
2471 4542 2673 4599 servet,
2710 4541 2764 4586 et
2805 4533 2910 4584 vita
2957 4528 3260 4584 defunctum
3302 4527 3568 4596 deploret,

1987 4630 2127 4684 haud
2155 4629 2367 4699 quidem
2397 4625 2463 4680 ad
2493 4624 2925 4687 ostentationem,
2957 4620 3050 4674 sed
3080 4635 3146 4673 ex
3175 4619 3378 4686 animo,
3411 4632 3568 4672 vero-

1985 4738 2089 4794 que
2117 4720 2277 4777 corde
2301 4739 2314 4774 :
2343 4718 2548 4774 etiamsi
2572 4715 2696 4786 quid
2725 4711 3096 4784 perferendum
3126 4710 3194 4765 sit
3224 4708 3565 4775 incommodi,

1989 4829 2056 4869 ne
2095 4812 2220 4884 quid
2263 4810 2496 4867 offendat
2522 4824 2644 4864 eum
2682 4807 2771 4877 qui
2817 4805 2974 4871 laesit,
3017 4805 3195 4859 omnia
3225 4812 3337 4858 tum
3380 4802 3570 4870 faciat,

1989 4915 2097 4960 tum
2132 4903 2382 4974 patiatur,
2424 4915 2610 4970 magna
2646 4914 2674 4951 a
2715 4898 2823 4951 Deo
2863 4905 3179 4965 exspectans
3219 4895 3459 4965 praemia.
3489 4895 3572 4949 Eu

1988 4997 2073 5051 hic
2101 4997 2260 5050 etiam
2291 5009 2508 5063 regnum
2546 4992 2768 5061 adeptus
2795 4999 2895 5056 est,
2928 5003 3026 5044 nec
3065 4996 3240 5043 tamen
3280 4987 3573 5058 inquinavit

1987 5090 2133 5144 ccede
2163 5102 2351 5142 manus
2370 5129 2384 5153 ,
2415 5085 2506 5140 sed
2546 5085 2784 5138 dextram
2814 5081 3012 5136 habens
3037 5095 3244 5151 puram,
3274 5079 3350 5132 sic
3369 5091 3570 5132 corona

1989 5183 2265 5237 redimitus
2294 5190 2390 5243 est,
2423 5179 2499 5233 sic
2517 5179 2581 5232 ad
2609 5177 2799 5232 solium
2822 5173 3078 5237 ascendit,
3110 5183 3340 5240 purpura
3369 5168 3572 5224 ac-diar

1988 5272 2196 5328 dentato
2241 5270 2662 5340 magniﬁcentius
2690 5267 2990 5321 encomium
3033 5273 3290 5333 gestans,
3328 5261 3586 5318 videlicet

1989 5366 2128 5436 quod
2178 5365 2315 5420 hosti
2361 5364 2718 5435 pepercisset,
2773 5358 2914 5428 quod
2959 5356 3204 5411 eumdem
3252 5355 3570 5409 exstinctum

1990 5459 2230 5513 luxisset.
2262 5455 2463 5511 idcirco
2491 5469 2596 5507 non
2626 5452 2780 5505 vivus
2806 5449 2984 5513 modo,
3007 5447 3180 5502 sed-et
3204 5455 3442 5500 mortuus
3472 5445 3570 5500 ho—

1990 5557 2190 5608 minmn
2232 5551 2485 5605 memoria
2531 5549 2852 5604 celebratur.
2895 5546 3227 5615 Quapropter
3250 5544 3296 5600 si
3333 5545 3481 5613 cupis
3518 5552 3573 5597 et

1990 5647 2076 5701 hic
2104 5652 2409 5715 perpetuam
2445 5640 2699 5710 consequi
2739 5638 2990 5708 gloriam,
3020 5645 3074 5691 et
3099 5636 3207 5690 illic
3241 5634 3422 5689 solidis
3451 5649 3570 5703 per-

1989 5738 2089 5793 frui
2117 5737 2288 5799 bonis,
2321 5732 2478 5803 hujus
2509 5731 2638 5802 justi
2675 5729 2922 5784 virtutem
2963 5727 3192 5792 imitare,
3223 5724 3382 5793 hujus
3403 5739 3570 5780 temu-

1990 5831 2102 5887 lare
2138 5824 2549 5899 philoSOphiam,
2577 5821 2799 5880 ostende
2837 5821 2988 5877 factis
3018 5819 3150 5892 ipsis
3184 5813 3571 5887 hancinjuria-
