4064 6444
493 508 616 549 rum
654 490 1011 560 tolerantiam,
1055 497 1112 544 ut
1156 486 1371 543 eosdem
1411 485 1621 542 labores
1647 485 1937 548 sustinens,
1980 494 2073 535 ea-

493 585 620 640 dem
649 585 786 640 bona
815 579 1159 650 consequaris
1183 595 1196 632 :
1227 594 1346 650 quae
1373 579 1576 632 utinam
1619 575 1892 642 contingat
1923 571 2078 626 nobis

493 679 742 734 omnibus
766 674 1007 742 adipisci,
1039 672 1213 744 gratia
1247 679 1302 726 et
1325 669 1647 740 benignitate
1672 665 1880 722 Domini
1907 663 2077 719 nostri

492 769 619 824 Jesu
651 765 881 828 Christi,
914 763 1001 820 cui
1041 778 1164 818 cum
1197 762 1352 816 Patre
1379 775 1481 815 una
1511 774 1629 813 cum
1657 764 1843 811 sancto
1876 753 2077 824 Spiritu

491 858 682 928 gloria,
723 856 1026 924 imperium,
1070 852 1260 919 honor,
1294 865 1434 906 nunc
1464 859 1517 906 et
1546 861 1777 919 semper,
1808 853 1863 900 et
1898 845 1950 898 in
1978 857 2078 898 sae-

495 947 614 1002 cula
640 946 986 1002 saeculorum.
1014 946 1204 998 Amen.

1093 1030 1373 1088 HOHI'LIA
1400 1029 1486 1085 ΙΙΙ.

497 1125 647 1194 Quod
663 1125 998 1194 periculosum
1021 1123 1084 1177 sit
1099 1123 1241 1176 adire
1261 1119 1569 1191 spectacula,
1585 1126 1634 1171 et
1651 1133 1709 1170 ea
1721 1131 1800 1169 res
1822 1113 2078 1168 adulteros

571 1218 816 1287 perfectos
858 1216 1034 1286 faciat,
1065 1223 1111 1269 et
1148 1214 1266 1268 hinc
1293 1213 1496 1266 tristitia
1523 1209 1868 1277 contentioque
1895 1221 2076 1259 nasca-

567 1325 688 1367 tur:
729 1322 835 1365 tum
863 1309 996 1381 quod
1024 1323 1171 1363 omne
1206 1306 1484 1362 tolerantia:
1525 1319 1682 1376 genus
1718 1301 1884 1355 David
1911 1301 1963 1353 in
1994 1299 2076 1364 iis,

566 1421 684 1475 qua
705 1406 822 1477 fecit
851 1420 973 1474 erga
999 1402 1230 1466 Sailem,
1259 1398 1506 1470 superarit
1529 1413 1548 1451 :
1577 1404 1826 1466 postremo
1845 1393 1980 1464 quod
2003 1409 2080 1446 ra-

569 1499 740 1564 pinam
767 1511 911 1566 teqtto
939 1495 1110 1548 animo
1139 1495 1292 1563 ferre,
1319 1505 1422 1544 non
1447 1489 1610 1542 minor
1637 1488 1790 1541 uirtus
1819 1485 1900 1549 sit,
1927 1500 2080 1554 quam

570 1587 746 1658 largiri
775 1587 1163 1655 deemosynam.

572 1683 630 1735 t.
661 1678 920 1748 Equidem
954 1676 1186 1730 arbitror
1214 1673 1410 1730 multos
1437 1688 1502 1728 ex
1546 1672 1632 1738 iis,
1665 1670 1756 1740 qui
1785 1684 1956 1740 nuper
1981 1682 2082 1725 nos

497 1772 862 1834 deseruerant,
888 1776 944 1824 et
964 1765 1033 1822 ad
1058 1764 1349 1838 iniquitatis
1369 1761 1670 1833 spectacula
1694 1760 2079 1826 discesserant,

499 1862 658 1918 hodie
695 1867 989 1932 praesentes
1021 1871 1163 1914 esse.
1204 1854 1444 1926 Optarim
1485 1863 1663 1910 autem
1694 1853 1824 1908 istos
1857 1851 1946 1921 qui
1975 1850 2083 1906 sint

499 1954 674 2022 palam
703 1967 882 2016 nosse,
920 1959 980 2006 ut
1005 1965 1099 2007 eos
1125 1964 1156 2004 a
1198 1949 1366 2004 sacris
1394 1947 1669 2004 vestibulis
1709 1960 1943 2013 arceam,
1973 1959 2080 1999 non

497 2052 559 2100 ut
577 2054 832 2114 perpetuo
855 2041 986 2098 foris
1010 2048 1274 2104 maneant,
1298 2039 1394 2094 sed
1412 2047 1468 2092 ut
1499 2037 1728 2093 correcti
1753 2035 1930 2091 denuo
1959 2031 2082 2090 red-

497 2143 662 2192 eant:
696 2133 1123 2205 quandoquidem
1151 2141 1204 2187 et
1219 2140 1398 2200 patres
1423 2130 1562 2184 ﬁlios
1585 2129 1954 2198 delinquentes
1980 2125 2086 2182 fre-

497 2236 725 2297 quenter
751 2240 817 2281 ex
845 2223 1052 2279 aedibus
1067 2223 1302 2294 exigunt,
1319 2230 1374 2277 et
1386 2235 1416 2274 a
1429 2234 1610 2276 mensa
1621 2218 1954 2280 submovent.
1974 2231 2080 2272 non

497 2327 556 2374 ut
569 2331 781 2387 semper
795 2315 940 2370 illinc
954 2315 1214 2379 exsulent,
1231 2313 1326 2369 sed
1350 2320 1410 2366 ut
1427 2311 1528 2366 hac
1542 2309 1874 2380 correptione
1889 2307 2080 2364 redditi

497 2407 766 2472 meliores,
780 2419 902 2461 cum
919 2404 1096 2460 debita
1115 2403 1270 2459 laude
1287 2411 1344 2458 et
1362 2402 1568 2458 honore
1587 2401 1641 2456 in
1665 2409 1938 2471 paternam
1961 2398 2083 2456 red-

493 2505 620 2554 eant
643 2506 862 2553 sortem.
891 2494 1036 2551 Idem
1056 2509 1186 2552 sane
1213 2493 1412 2549 faciunt
1437 2500 1492 2548 et
1513 2501 1771 2563 pastores,
1801 2489 1928 2546 dum
1953 2504 2083 2546 oves

493 2588 672 2644 scabie
683 2588 924 2659 appletas
943 2602 973 2642 a
989 2585 1132 2643 sanis
1146 2594 1448 2658 segregant,
1463 2593 1522 2640 ut
1535 2584 1737 2639 misero
1750 2583 1935 2638 morbo
1948 2582 2083 2636 leva-

493 2692 585 2748 tae,
606 2679 781 2736 denuo
799 2686 912 2734 tuto
931 2677 996 2733 ad
1013 2689 1170 2733 sanas
1192 2685 1543 2740 revertantur,
1557 2690 1624 2730 ne
1639 2683 1849 2744 aegrota:
1865 2687 2079 2744 gregem

496 2775 800 2829 imiversum
824 2787 924 2828 suo
952 2771 1044 2827 illo
1071 2772 1261 2826 morbo
1287 2770 1562 2841 impleant.
1585 2768 1709 2824 Ideo
1736 2767 2081 2838 cupiebamus

494 2864 802 2919 istosuosse
821 2877 835 2926 ;
857 2860 952 2918 sed
975 2862 1215 2932 quamvis
1225 2874 1319 2916 eos
1333 2859 1574 2930 corporis
1587 2857 1756 2914 oculis
1770 2857 2081 2928 dignoscere

495 2969 603 3008 non
629 2953 926 3020 valeamus,
963 2951 1187 3008 verbum
1217 2959 1396 3005 tamen
1425 2963 1519 3004 eos
1550 2962 1766 3019 prorsus
1794 2957 2074 3019 agnoscet,

491 3055 844 3116 correptaque
867 3044 1079 3106 illorum
1097 3042 1440 3105 conscientia,
1461 3041 1613 3096 facile
1643 3041 1998 3110 persuadebit,
2023 3049 2080 3095 ut

502 3150 605 3191 sua
640 3143 828 3205 sponte
858 3133 1205 3204 volentesque
1233 3140 1449 3198 exeant,
1488 3131 1687 3187 docens
1725 3131 1872 3185 illum
1905 3130 2078 3185 solum

494 3239 616 3281 esse
643 3225 804 3293 intus,
834 3225 924 3295 qui
951 3231 1180 3280 mentem
1203 3221 1306 3279 hac
1331 3221 1712 3278 exercitatione
1733 3221 1948 3291 dignam
1978 3220 2076 3274 ha-

497 3317 620 3373 beat
645 3335 658 3370 :
689 3317 847 3372 veluti
873 3325 1082 3383 contra,
1119 3313 1211 3386 qui
1239 3322 1490 3384 corrupte
1517 3312 1702 3368 vivens
1727 3326 1895 3369 sacra:
1923 3310 2080 3381 hujus

495 3411 919 3482 congregationis
947 3409 1212 3480 particeps
1240 3417 1345 3476 est,
1374 3407 1582 3464 etiamsi
1620 3421 1848 3478 corpore
1872 3405 1958 3461 hic
1983 3405 2080 3460 ad-

491 3501 711 3567 stiterit,
738 3499 971 3571 rejectus
991 3507 1096 3564 est,
1121 3497 1410 3568 veriusque
1427 3495 1725 3561 submotus,
1745 3511 1903 3566 quam
1931 3496 1965 3551 ii
1989 3495 2076 3566 qui

493 3593 638 3648 foras
672 3592 872 3647 exclusi
921 3599 1045 3646 sunt
1097 3589 1197 3662 (α),
1243 3589 1436 3659 quibus
1476 3587 1708 3644 nondum
1745 3588 1869 3643 licet
1911 3602 2077 3642 sacrae

497 3697 700 3740 mensa.
746 3681 1031 3752 participes
1075 3693 1220 3735 esse.
1255 3678 1531 3749 Siquidem
1562 3678 1635 3732 illi
1677 3677 1965 3733 secundum
1997 3676 2078 3732 di-

495 3777 646 3829 vinas
688 3775 832 3846 leges
861 3772 1066 3844 expulsi
1105 3771 1343 3842 lorisque
1384 3779 1681 3837 manentes,
1729 3770 1984 3826 hactenus
2023 3775 2076 3826 in

496 3881 594 3936 spe
623 3866 757 3922 bona
786 3873 913 3921 sunt
949 3881 963 3919 :
994 3879 1114 3919 nam
1143 3863 1188 3920 si
1215 3861 1376 3918 modo
1405 3862 1568 3918 velint
1588 3862 1857 3933 corrigere
1884 3862 2078 3919 delicta

494 3975 612 4026 sua,
641 3959 713 4014 ob
740 3975 858 4028 quae
885 3974 980 4028 per
1007 3957 1301 4012 Ecclesium
1331 3963 1457 4010 sunt
1490 3955 1669 4025 ejecti,
1702 3963 1953 4024 poterunt
1985 3955 2080 4010 de-

495 4065 608 4106 nuo
627 4063 747 4104 cum
774 4064 905 4119 pura
930 4047 1256 4106 conscientia
1281 4045 1496 4102 reverti.
1522 4047 1590 4100 At
1611 4046 1698 4116 qui
1721 4045 1931 4114 seipsos
1951 4059 2078 4098 con-

496 4139 888 4194 taminaverunt
906 4178 922 4204 ,
953 4146 1007 4193 et
1031 4137 1287 4192 admoniti
1313 4151 1382 4190 ne
1404 4135 1550 4204 prius
1577 4135 1880 4200 introeant,
1908 4133 2080 4188 donec

496 4225 758 4282 maculam
785 4239 818 4280 e
845 4225 1136 4280 sceleribus
1159 4233 1486 4280 contractam
1513 4222 2079 4294 repurgarint,deinde

496 4317 835 4389 impudenter
862 4330 921 4371 se
945 4323 1154 4391 gerunt,
1183 4313 1374 4368 vulnus
1403 4322 1457 4369 et
1486 4311 1635 4367 ulcus
1660 4309 1820 4365 animi
1851 4311 2080 4366 reddunt

495 4409 740 4466 acerbius
763 4423 827 4466 ac
865 4409 1054 4479 maius.
1091 4405 1276 4478 Neque
1300 4406 1441 4462 enim
1470 4413 1574 4459 tam
1613 4419 1775 4475 grave
1805 4413 1886 4458 est
1909 4403 2080 4459 delin-

496 4515 685 4570 quere,
712 4515 869 4570 quam
897 4508 1016 4570 post
1039 4498 1290 4556 delictum
1314 4497 1646 4568 impudenter
1667 4510 1723 4551 se
1743 4511 1952 4566 gerere,
1980 4509 2082 4551 nec

495 4607 685 4662 parere
726 4591 1093 4648 sacerdotibus
1121 4591 1246 4648 talia
1268 4589 1600 4660 iubentibus.
1631 4589 1694 4643 Et
1729 4588 1854 4658 quid
1886 4587 1960 4654 hi,
2001 4588 2082 4642 in-

497 4686 706 4754 quiunt,
737 4685 871 4740 adeo
898 4683 1074 4755 magni
1110 4683 1332 4738 sceleris
1357 4681 1762 4745 commiserunt,
1792 4687 1849 4734 ut
1871 4680 1939 4734 ab
1965 4679 2081 4734 istis

500 4777 671 4832 sacris
699 4776 950 4832 cancellis
979 4775 1193 4832 arcendi
1223 4773 1366 4829 sint?
1390 4774 1500 4830 [mo
1529 4772 1669 4843 quod
1697 4773 1948 4827 delictum
1981 4771 2082 4826 hoc

498 4865 715 4935 gravius
740 4866 936 4934 quatris
964 4867 1208 4932 istorum,
1236 4865 1328 4936 qui
1353 4880 1478 4920 cum
1513 4865 1718 4934 seipsos
1748 4863 1901 4932 plane
1929 4863 2081 4916 adul-

499 4959 636 5014 terio
673 4956 1104 5023 contaminarint,
1132 4957 1468 5027 impudenter
1493 4972 1556 5011 ac
1598 4956 1903 5012 rabidorum
1933 4970 2082 5011 more

494 5064 711 5115 cauum,
739 5048 805 5104 ad
826 5062 1032 5104 sacram
1055 5045 1191 5101 hanc
1209 5062 1444 5102 mensam
1476 5047 1720 5102 irruunt?
1742 5045 1893 5114 Quod
1920 5047 1962 5101 si
1990 5060 2082 5100 ve-

499 5144 564 5198 lis
605 5142 852 5198 adulterii
897 5141 1110 5196 modum
1140 5153 1484 5210 cognoscere,
1525 5154 1628 5193 non
1657 5153 1771 5192 mea
1799 5137 1958 5192 verba
1988 5137 2081 5191 tibi

497 5233 746 5296 referam,
777 5231 871 5287 sed
904 5232 1042 5287 illius
1071 5232 1158 5302 qui
1189 5231 1256 5286 de
1287 5239 1396 5284 tota
1424 5229 1654 5284 hominis
1681 5229 1783 5294 vita
1808 5229 2080 5298 judicatu-

499 5337 594 5376 rus
619 5335 699 5378 est
723 5340 737 5375 ε
771 5323 871 5389 Qui
899 5323 1038 5378 enim
1067 5323 1264 5389 viderit,
1300 5322 1488 5392 inquit,
1523 5321 1780 5374 mulierem
1806 5320 1873 5373 ad
1898 5336 2082 5373 cancu-

503 5413 791 5476 piscendant
829 5413 993 5479 illam,
1024 5414 1138 5484 jam
1167 5414 1438 5468 tntechatus
1473 5421 1545 5467 est
1573 5429 1684 5466 eam
1713 5412 1764 5465 in
1801 5410 1951 5472 corde
1991 5428 2082 5465 suo

397 5546 404 5552 .
507 5499 718 5572 (Matth.
750 5502 804 5555 5.
829 5501 941 5570 28).
971 5504 1120 5569 Quod
1141 5503 1186 5558 si
1215 5505 1403 5560 mulier
1424 5502 1562 5558 forte
1591 5503 1642 5558 in
1675 5500 1791 5557 foro
1817 5501 1994 5568 obvia,
2023 5511 2077 5557 et

509 5591 800 5660 neglectius
841 5594 978 5648 culta
1006 5609 1148 5664 saepe
1175 5595 1434 5650 curiosius
1457 5593 1753 5650 intuentem
1789 5595 1929 5663 cepit
1967 5594 2084 5664 ipso

513 5680 683 5734 vultus
709 5691 960 5750 aspectu;
1003 5685 1090 5738 isti
1121 5685 1207 5754 qui
1248 5701 1352 5741 non
1389 5685 1720 5755 simpliciter,
1769 5700 1938 5756 neque
1979 5687 2084 5742 for-

576 5787 650 5850 (a)
682 5793 997 5846 renitentes.

1257 375 1311 430 S.
1353 370 1626 431 JOANNIS
1663 359 2141 428 ωκῑειοετουι
2178 360 2500 421 ΑΒΕΙΙῙΕΡ.
2537 363 3068 422 CONSTANTINOP.

3667 368 3771 428 696

2187 476 2339 543 tuito,
2377 477 2471 534 sed
2498 479 2694 548 studio,
2726 490 2782 537 et
2805 491 2948 538 tanto
2987 482 3192 551 studio,
3229 493 3288 538 ut
3311 484 3612 541 Ecclesiatn
3637 503 3772 558 quo-

2183 584 2288 639 que
2313 582 2678 637 contemnant,
2705 584 2760 630 et
2780 573 2880 629 hac
2898 588 3055 630 causa
3083 586 3305 646 pergunt
3331 576 3476 641 illuc,
3505 593 3570 634 ac
3598 587 3770 635 totum

2183 659 2254 715 ibi
2281 659 2586 718 desidentes
2617 664 2757 720 diem
2800 665 2853 720 in
2891 665 3052 722 facies
3091 666 3415 737 obiectarum
3451 669 3773 726 feminarum

2184 751 2391 808 illarum
2435 754 2638 812 deﬁxos
2677 756 2869 813 habent
2906 757 3112 827 oculos,
3155 775 3260 830 qua
3304 760 3481 816 fronte
3519 772 3770 832 poterunt

2183 841 2382 911 dicere,
2409 860 2469 900 se
2511 860 2604 902 eas
2631 862 2737 904 non
2776 848 2972 906 vidisse
3010 849 3078 905 ad
3116 849 3646 922 concupiscendum?
3680 853 3771 910 ubi

2187 933 2352 990 verba
2379 951 2588 1008 quoque
2614 938 2877 994 accedunt
2905 939 3070 996 fracta
3097 941 3414 1013 lascivaque,
3448 943 3544 998 ubi
3566 945 3770 1000 cantio-

2185 1039 2283 1081 nes
2316 1031 2654 1098 meretriciae,
2695 1031 2784 1087 ubi
2823 1048 2924 1088 vox
2953 1033 3298 1091 vehementer
3324 1035 3390 1089 ad
3434 1036 3768 1106 voluptatem

2185 1120 2505 1189 composita,
2535 1121 2626 1178 tibi
2650 1125 2810 1180 stibio
2833 1124 2958 1195 picti
2983 1127 3140 1192 oculi,
3174 1127 3260 1181 ubi
3289 1127 3562 1183 coloribus
3591 1129 3770 1184 tincta

2183 1225 2354 1279 gente,
2385 1213 2471 1268 ubi
2498 1215 2662 1270 vestis
2685 1217 2950 1274 curiosius
2972 1217 3312 1282 concinnata,
3337 1219 3424 1274 ubi
3456 1221 3618 1275 totius
3644 1237 3768 1276 cor-

2186 1304 2329 1371 poris
2357 1304 2566 1363 habitus
2591 1308 2710 1364 fuco
2737 1310 2924 1379 plenus
2950 1319 3051 1374 est,
3081 1311 3288 1380 aliaque
3313 1312 3476 1367 multa
3505 1314 3766 1369 lenocinia

2183 1395 2251 1454 ad
2291 1395 2550 1454 fallendos
2584 1400 3006 1472 inescandosquc
3034 1402 3300 1458 intuentes
3345 1404 3633 1470 instructa;
3679 1405 3770 1460 ubi

2185 1489 2428 1545 socordia
2469 1491 2844 1560 spectantium,
2890 1493 3160 1564 multaque
3185 1495 3449 1563 confusio,
3488 1496 3615 1552 hinc
3656 1498 3772 1568 ipse

2185 1580 2336 1637 locus
2368 1582 2434 1636 ad
2463 1582 2732 1638 lasciviam
2759 1584 3012 1652 invitans,
3048 1597 3158 1640 tum
3187 1587 3256 1642 ab
3285 1588 3349 1642 iis
3377 1589 3768 1644 acroamatibus

2185 1686 2302 1742 quae
2331 1684 2735 1743 praecesserunt,
2767 1683 2878 1731 tum
2915 1678 2982 1732 ab
3008 1677 3072 1733 iis
3098 1693 3218 1748 quae
3240 1690 3569 1751 consequuta
3607 1683 3773 1739 sunt?

2184 1761 2460 1817 Accedunt
2499 1763 2824 1821 irritamenta
2867 1781 2967 1837 per
3007 1767 3211 1824 ﬁstulas
3249 1784 3312 1824 ac
3341 1770 3517 1838 tibias,
3558 1772 3772 1842 aliaque

2184 1851 2298 1921 ejus
2327 1855 2539 1922 generis
2563 1855 2869 1922 modulatio,
2904 1857 2956 1912 iu
2996 1857 3236 1914 fraudem
3267 1859 3509 1925 illiciens,
3540 1864 3767 1917 mentis-

2185 1955 2288 2013 que
2317 1941 2478 1999 robur
2502 1945 2780 2001 emolliens
2802 1987 2818 2012 ,
2857 1963 2921 2004 ac
2940 1949 3278 2004 meretricum
3309 1950 3515 2006 insidiis
3542 1962 3599 2008 et
3623 1953 3768 2010 dele-

2185 2039 2417 2094 ctstione
2447 2054 2751 2110 prmparans
2783 2041 2890 2097 illic
2930 2041 3284 2098 desidentium
3327 2044 3569 2111 animos,
3601 2045 3770 2104 cilici-

2185 2143 2384 2200 ensque
2410 2139 2466 2184 ut
2494 2130 2698 2187 facilius
2714 2133 3042 2202 eapiantur‘.
3063 2135 3272 2190 Etenim
3304 2135 3351 2190 si
3380 2136 3492 2204 hic,
3507 2137 3597 2193 ubi
3627 2139 3770 2208 psal-

2185 2220 2279 2288 mi,
2303 2219 2391 2274 ubi
2424 2236 2631 2291 preces,
2662 2223 2749 2278 ubi
2770 2223 3071 2279 divinorum
3095 2226 3430 2295 eloquiorum
3474 2231 3768 2297 enarratio,

2185 2311 2271 2368 ubi
2304 2311 2396 2367 Dei
2427 2322 2617 2380 metus,
2643 2316 2913 2386 multaque
2937 2316 3123 2386 pietas,
3151 2317 3478 2388 frequenter,
3505 2336 3607 2376 ceu
3632 2323 3772 2378 latro

2183 2401 2444 2472 quispiam
2467 2413 2732 2472 versutus,
2756 2405 2893 2460 clam
2914 2405 3124 2475 obrepit
3141 2407 3572 2478 concupiscentia
3600 2428 3612 2464 :
3636 2427 3770 2480 quo«

2184 2492 2345 2549 modo
2386 2495 2475 2565 qui
2501 2493 2745 2551 desident
2773 2495 2825 2550 in
2857 2495 3088 2565 theatro,
3116 2499 3204 2568 qui
3232 2497 3365 2554 nihil
3390 2499 3510 2554 sani
3546 2499 3772 2556 audiunt

2185 2583 2490 2655 ridentque,
2521 2585 2612 2640 sed
2640 2585 2803 2642 multa
2832 2585 3081 2642 difﬂuunt
3107 2588 3456 2658 turpitudine,
3488 2589 3656 2646 multa
3684 2607 3771 2647 ne-

2183 2673 2369 2742 quitia,
2397 2674 2487 2744 qui
2513 2674 2743 2745 undique
2771 2675 3103 2732 obsidionem
3133 2679 3424 2748 patiuntur,
3459 2695 3560 2750 per
3586 2695 3768 2745 aures,

2184 2777 2279 2832 per
2297 2763 2503 2832 oculos,
2527 2765 2733 2836 possint
2755 2766 2948 2822 malam
2970 2781 3220 2839 superare
3242 2770 3770 2838 concupiscentiam?

2185 2854 2414 2910 Rursum
2444 2856 2488 2910 si
2529 2873 2634 2911 non
2661 2867 2901 2927 possunt,
2934 2859 3200 2928 quomodo
3231 2869 3487 2930 poterunt
3514 2878 3773 2933 umquam

2183 2945 2252 3001 ab
2278 2947 2520 3002 adulterii
2545 2948 2765 3004 crimine
2785 2950 3171 3006 absolvi?Tum
3199 2953 3287 3022 qui
3320 2969 3428 3008 non
3456 2954 3613 3010 liberi
3639 2968 3768 3011 sunt

2182 3035 2251 3092 ab
2269 3037 2512 3093 adulterii
2538 3039 2780 3106 crimine,
2803 3039 3072 3112 quomodo
3099 3050 3349 3112 poterunt
3371 3044 3574 3115 absque
3598 3048 3771 3116 ρωηῑ-

2183 3133 2345 3186 tentia
2370 3131 2436 3186 ad
2457 3131 2573 3187 haec
2593 3147 2742 3188 sacra
2767 3133 3022 3188 vestibula
3044 3133 3320 3203 accedere,
3343 3135 3608 3209 huiusque
3634 3155 3774 3210 praes

2181 3222 2312 3278 clari
2341 3233 2633 3280 conventus
2658 3239 2778 3280 esse
2805 3225 3135 3296 participes?

2251 3338 2306 3392 2.
2329 3337 2494 3404 Quam
2515 3339 2735 3394 alienum
2753 3341 2818 3394 sit
2837 3357 2869 3394 a
2889 3340 3110 3396 moribus
3137 3340 3444 3411 christianis,
3467 3346 3776 3412 spectaculis

2184 3427 2509 3483 theatralibus
2542 3429 2794 3484 interesse.
2819 3459 2893 3471 —-
2919 3431 3255 3503 Quapropter
3291 3433 3553 3504 equidem‘
3586 3437 3774 3492 hortor

2181 3533 2419 3589 rogoque
2437 3561 2451 3583 ,
2483 3531 2540 3574 ut
2569 3521 2714 3589 prius
2741 3522 3076 3579 confessione
3100 3539 3166 3578 ac
3195 3526 3505 3594 penilentia
3545 3526 3775 3598 aliisque

2182 3609 2432 3666 remediis
2458 3610 2706 3668 omnibus
2733 3626 2850 3667 sese
2875 3627 2903 3666 a
2929 3621 3149 3682 peccato
3171 3629 3236 3670 ex
3265 3616 3540 3673 theatricis
3567 3631 3777 3687 specta.

2181 3701 2317 3756 culis
2342 3710 2616 3756 contracto
2641 3714 2965 3774 perpurgent
2988 3746 3002 3770 ,
3027 3714 3188 3774 atque
3215 3706 3284 3761 ita
3311 3706 3524 3764 divinos
3549 3711 3776 3766 audiant

2183 3807 2479 3848 sermones.
2511 3793 2690 3864 Neque
2719 3797 2860 3850 enim
2889 3796 3230 3854 mediocriter
3253 3814 3285 3853 a
3316 3801 3472 3856 nobis
3499 3802 3777 3874 delinqni.

2184 3893 2303 3950 tur;
2329 3884 2382 3940 id
2415 3885 2556 3955 quod
2588 3885 2656 3940 ab
2682 3889 2938 3959 exemplis
2971 3889 3144 3944 cuivis
3175 3893 3453 3960 perspicue
3479 3893 3664 3951 videre
3709 3895 3780 3950 li-

2183 3985 2287 4030 cet.
2310 3974 2444 4030 Nam
2461 3975 2506 4030 si
2529 3975 2756 4034 famulus
2775 3977 2828 4032 in
2854 3979 3109 4047 arculam,
3133 3980 3222 4036 ubi
3243 3981 3427 4038 herilia
3449 3983 3779 4040 vestimenta

2183 4066 2417 4134 pretiosa
2455 4081 2726 4137 aureaque
2766 4069 3040 4130 recondita
3068 4079 3193 4126 sunt
3215 4112 3230 4136 ,
3260 4072 3509 4128 servilem
3537 4081 3787 4137 tunicam

2183 4156 2430 4213 sordibus
2467 4172 2532 4213 ac
2567 4158 2748 4216 multis
2773 4159 3036 4230 pediculis
3075 4160 3327 4218 refertam
3357 4162 3635 4234 imponat,
3676 4180 3788 4236 age

2183 4248 2272 4304 die
2295 4249 2427 4304 mihi
2463 4265 2590 4305 num
2620 4267 2740 4308 eam
2773 4253 3153 4310 contumeliam
3190 4269 3346 4325 :equo
3377 4257 3556 4312 animo
3591 4256 3785 4314 feras?

2184 4341 2320 4408 Quid
2341 4353 2518 4398 autem
2543 4344 2587 4400 si
2613 4345 2730 4414 quis
2757 4346 2808 4401 in
2839 4347 3115 4402 vasculum
3144 4363 3392 4416 aureum,
3418 4349 3471 4404 in
3498 4365 3606 4420 quo
3630 4366 3786 4408 sem-

2184 4451 2280 4506 per
2299 4445 2562 4506 unguenta
2585 4437 2784 4492 servari
2813 4440 3210 4507 consueverint,
3237 4451 3444 4497 stercus
3467 4457 3530 4497 ac
3554 4457 3784 4499 omnum

2187 4526 2465 4590 infundat,
2506 4543 2685 4583 annon
2714 4529 2761 4583 ei
2789 4531 2974 4599 plagas
3009 4531 3278 4602 inﬂigercs
3322 4536 3413 4604 qui
3452 4535 3630 4590 scelus
3672 4535 3785 4592 hoc

2185 4617 2579 4674 commisisset?
2602 4619 2809 4689 Ergone
2835 4621 3155 4677 scriniorum
3171 4637 3237 4679 ac
3260 4639 3526 4691 vasorum,
3546 4628 3786 4684 vestium

2185 4717 2240 4762 et
2286 4719 2675 4778 unguentorum
2714 4720 2858 4766 tanta
2895 4728 3022 4767 cura
3063 4715 3503 4784 sollicitabimur,
3537 4719 3787 4776 animam

2187 4813 2314 4853 vero
2342 4808 2579 4855 nostram
2605 4800 2850 4855 omnibus
2878 4802 2994 4856 istis
3021 4803 3265 4860 viliorem
3294 4820 3416 4862 esse
3438 4808 3749 4876 putabimus
3770 4812 3796 4866 ἓ

2186 4898 2345 4958 atque
2371 4891 2457 4946 ubi
2484 4891 2712 4962 Spiritus
2744 4893 2972 4948 infusum
3001 4904 3086 4949 est
3113 4907 3465 4966 unguentum,
3496 4913 3564 4953 eo
3592 4898 3792 4954 dialto~

2187 4981 2317 5036 licas
2339 4997 2556 5052 pompas
2578 4983 2958 5038 immittemus?
2982 5001 3048 5040 eo
3075 4985 3280 5042 fabulas
3309 4999 3530 5056 solante,
3559 5005 3628 5046 eo
3653 5006 3792 5047 can-

2190 5075 2378 5129 tileuas
2405 5073 2717 5129 meretricize
2748 5075 3088 5144 turpitudinis
3118 5078 3347 5147 plenas?
3374 5079 3470 5135 Dic
3496 5080 3650 5148 mihi,
3673 5098 3792 5152 quo

2187 5165 2367 5219 animo
2397 5165 2496 5219 ista
2523 5163 2657 5219 feret
2683 5164 2865 5220 Deus?
2892 5168 3051 5237 Atqui
3093 5183 3197 5222 non
3230 5178 3438 5226 tantum
3463 5180 3546 5228 est
3587 5172 3792 5228 discri-

2190 5270 2311 5310 men
2335 5255 2474 5310 inter
2486 5266 2811 5325 unguentum
2826 5265 2880 5314 et
2894 5273 3127 5326 caenum,
3155 5259 3294 5316 inter
3315 5271 3494 5317 vestes
3511 5262 3717 5319 heriles
3737 5277 3794 5323 ct

2189 5346 2414 5402 serviles
2436 5387 2452 5414 ,
2485 5357 2743 5417 quantum
2763 5359 2846 5404 est
2874 5351 3012 5405 inter
3038 5349 3268 5420 Spiritus
3294 5353 3520 5422 gratiam
3547 5363 3604 5408 et
3629 5356 3794 5416 istam

2192 5452 2500 5505 perversam
2527 5439 2811 5494 actionem.
2841 5440 2955 5494 Non
2988 5442 3208 5508 metuis,
3236 5459 3268 5497 ο
3297 5446 3480 5513 homo,
3509 5448 3642 5503 dum
3665 5453 3792 5519 qui-

2193 5530 2291 5584 bus
2325 5530 2493 5586 oculis
2535 5531 2640 5586 illic
2677 5532 2874 5587 lectum
2897 5533 2988 5604 qui
3018 5544 3102 5589 est
3142 5535 3192 5588 in
3223 5535 3503 5592 onchestra
3529 5551 3754 5609 spectas
3774 5584 3794 5611 ,

2192 5621 2280 5676 ubi
2320 5621 2646 5678 detestanda:
2688 5623 2934 5680 adulterii
2973 5623 3166 5680 fabula:
3209 5639 3555 5700 peraguntur,
3601 5633 3793 5689 iisdem

2257 5775 2276 5808 ι
2311 5781 2425 5839 ncg.
2451 5774 2562 5836 duo,
2587 5776 2860 5839 faciemque
2883 5789 2967 5841 per
2991 5789 3048 5828 ea
3073 5785 3121 5828 ut
3145 5793 3175 5830 α
3197 5777 3389 5833 Christo
3409 5778 3661 5845 deﬁciunt.
