4064 6490
327 421 436 479 ωε

331 535 684 604 ἀνεξικακίαν
706 534 934 603 ταύτην,
965 533 1055 588 ἵνα
1075 533 1196 595 τοὺς
1221 532 1418 596 αὑτοὺς
1443 533 1744 605 ὑπομείνας
1766 532 1914 603 αὑτῷ

331 622 550 683 πόνους,
571 619 667 672 καὶ
693 617 802 671 τῶν
828 615 1008 671 αὑτῶν
1039 615 1277 687 ἀξιωθῇς
1305 617 1524 685 ἀγαθῶν
1553 633 1564 647 ’
1600 611 1676 671 ὧν
1707 619 1914 686 γένοιτο

334 705 545 767 πάντας
579 703 728 773 ἡμᾶς
759 703 1057 770 ἐπιτυχεῖν,
1085 700 1267 772 χάριτι
1295 702 1387 753 καὶ
1411 699 1792 771 φιλανθρωπίᾳ
1819 701 1912 754 τοῦ

334 789 540 858 Κυρίου
575 786 732 858 ήμῶν
775 783 948 856 Ἰησοῦ
976 783 1239 856 Χριστοῦ,
1267 782 1382 854 μεθ’
1412 779 1471 838 οῦ
1503 785 1678 856 Πατρὶ
1705 783 1805 836 σὺν
1836 783 1916 855 τῷ

334 870 477 941 ἁγίῳ
504 868 780 938 Πνεύματι
809 865 957 932 δόξα,
987 866 1208 939 κράτος,
1246 867 1402 938 τιμὴ,
1433 865 1528 922 νῦν
1559 867 1652 921 καὶ
1682 867 1790 935 ἀεὶ,
1825 867 1917 921 καὶ

336 958 415 1019 εἰς
444 956 570 1016 τοὺς
603 950 805 1015 αἰῶνας
839 951 949 1004 τῶν
977 949 1208 1004 αἰώνων.
1244 950 1438 1022 Ἀμήν.

952 1093 1200 1150 ΟΜΙΛΙΑ
1233 1095 1311 1149 Γ’.

337 1209 466 1262 Ὀτι
493 1207 828 1277 ἐπισφαλὲς
847 1207 914 1260 τὸ
945 1207 1032 1277 εἰς
1061 1206 1273 1273 θέατρα
1299 1203 1795 1277 ἀναϐαίνειν,καί
1828 1205 1918 1277 ὅτι

403 1273 656 1348 μοιχοὺς·
683 1276 1166 1345 ἀπηρτισμένους
1197 1273 1370 1336 ποιεῖ,
1414 1275 1510 1328 καὶ
1542 1275 1629 1328 ὅτι
1661 1274 1918 1343 ἀθυμίας

405 1349 601 1403 αἴτιον
625 1347 1010 1415 καὶπολέμου
1042 1346 1236 1399 τοῦτο·
1259 1343 1358 1398 καὶ
1381 1345 1470 1415 ὅτι
1495 1345 1619 1399 πᾶν
1640 1345 1916 1415 ἀνεξικα-

406 1419 542 1484 κίας
587 1415 743 1483 εἶδος
777 1414 1175 1484 ὑπερεϐάλετο
1205 1417 1238 1468 ὁ
1258 1414 1442 1484 Δαυῒδ
1496 1415 1565 1468 ἐν
1594 1414 1718 1480 τοῖς
1767 1415 1918 1469 κατὰ

408 1483 524 1541 τὸν
564 1489 783 1541 Σαούλ’
827 1483 922 1540 καὶ
953 1485 1038 1539 ὅτι
1064 1484 1129 1538 τὸ
1175 1484 1377 1554 φέρειν
1413 1483 1690 1555 ἁρπαγὴν
1719 1485 1919 1554 πράως

409 1559 516 1611 τοῦ
541 1558 752 1612 δοῦναι
780 1555 1202 1626 ἐλεημοσύνην
1226 1556 1384 1610 ἴσον.

409 1669 479 1723 α’.
509 1669 744 1730 Πολλοὺς
766 1664 920 1739 οἶμαι
946 1668 1054 1721 τῶν
1090 1668 1280 1740 πρώην
1301 1667 1706 1721 καταλιπόντων
1747 1669 1916 1738 ἡμᾶς,

340 1758 432 1812 καὶ
466 1757 601 1829 πρὸς
626 1756 692 1810 τὰ
714 1755 914 1827 θέατρα
948 1755 1050 1825 τῆς
1073 1755 1416 1826 παρανομίας
1435 1755 1917 1826 αὐτομολησάντων

337 1849 593 1915 παρεῖναι
613 1846 870 1916 τήμερον.
903 1844 1010 1896 Καὶ
1028 1843 1330 1915 ἐϐουλόμην
1360 1843 1554 1897 εἰδέναι
1580 1841 1801 1907 τούτους
1825 1860 1920 1896 σα·-

339 1934 475 2002 φῶς,
517 1931 655 1984 ὥστε
687 1931 884 1995 αὑτοὺς
941 1930 1048 1983 τῶν
1106 1931 1267 2002 ἱερῶν
1313 1929 1563 1984 ἐκϐαλεῖν
1608 1930 1917 2002 προθύρων,

337 2021 438 2090 οὐχ
465 2021 554 2073 ἴνα
586 2021 819 2089 μένωσιν
846 2017 950 2083 ἔξω
977 2019 1263 2089 διηνεκῶς,
1287 2018 1401 2072 ἀλλ’
1437 2020 1522 2071 ἵνα
1539 2018 1920 2092 διορθωθέντες

338 2107 675 2160 ἐπανέλθωσι
715 2105 896 2161 πάλιν
917 2105 1041 2158 ἐπεὶ⁸
1064 2105 1158 2157 καὶ
1188 2105 1422 2176 πατέρες
1465 2105 1658 2167 παῖδας
1692 2105 1922 2172 σφαλλο-

339 2194 536 2264 μένους
561 2193 659 2262 τῆς
692 2191 869 2255 οἰκίας
904 2190 1226 2246 ἐκϐάλλουσι
1254 2191 1532 2256 πολλάκις,
1555 2193 1650 2248 καὶ
1675 2193 1776 2260 τῆς
1790 2210 1923 2263 τραο

337 2274 514 2347 πέζης
557 2275 914 2345 ἀπείργουσιν
936 2315 950 2340 ,
987 2275 1084 2345 οὑχ
1123 2275 1210 2328 ἵνα
1240 2274 1330 2328 διὰ
1363 2275 1562 2338 παντὸς
1605 2276 1809 2330 τούτων
1833 2279 1924 2330 ἐκ-

337 2359 604 2422 πέσωσιν,
639 2356 752 2411 axx
788 2359 875 2411 ἶνα
905 2357 1150 2428 βελτίους
1191 2361 1256 2430 τῇ
1289 2358 1538 2430 νουθεσίᾳ
1567 2360 1738 2432 ταύτῃ
1769 2361 1921 2430 γενό-

340 2459 516 2515 μενοι,
555 2443 693 2514 μετὰ
718 2442 818 2514 τῆς
859 2442 1243 2514 προσηκούσης
1269 2441 1425 2515 δόξης
1449 2447 1528 2508 εἰς
1557 2446 1650 2498 τὸν
1671 2445 1922 2516 πατρῷον

338 2526 494 2604 [769]
545 2527 885 2582 ἐπανέλθωσι
931 2527 1150 2598 κλῆρον.
1188 2525 1358 2581 Τοῦτο
1406 2527 1470 2600 δή
1523 2528 1616 2583 καὶ
1669 2529 1923 2600 ποιμένες

339 2613 575 2679 ποιοῦσι,
638 2613 708 2670 τὰ
761 2613 952 2684 ψώρας
1011 2611 1445 2684 ἐμπεπλησμένα
1510 2613 1756 2686 πρόϐατα
1813 2614 1922 2668 τῶν

340 2699 692 2768 ὑγιαινόντων
749 2699 1129 2769 ἀπείργουσιν,
1172 2697 1260 2751 ἵνα
1309 2699 1409 2768 τὴν
1451 2698 1732 2768 μοχθηρὰν
1788 2699 1924 2752 ἁπο-

339 2785 546 2856 θέμενα
573 2782 719 2856 [τὴν]
753 2783 1091 2855 ἀρρωστίαν,
1162 2783 1279 2851 μετ’
1331 2783 1628 2852 ἀσφαλείας
1674 2782 1807 2854 πρὸς
1855 2784 1923 2837 τὰ

337 2869 655 2937 ὑγιαίνοντα
711 2865 982 2937 ἐπανέλθῃ
1017 2865 1199 2930 πάλιν,
1255 2865 1352 2919 καὶ
1411 2867 1484 2936 μὴ
1515 2865 1774 2919 νοσοῦντα
1825 2866 1922 2937 τὴν

336 2953 546 3024 ἀγέλην
572 2954 791 3007 ἅπασαν
825 2951 1080 3023 ἐμπλήσῃ
1115 2949 1214 3020 τῆς
1243 2950 1552 3024 ἀρρωστίας
1575 2951 1924 3023 ἐκείνης.Διὰ

335 3057 425 3095 τοι
454 3039 610 3093 τοῦτο
639 3039 732 3092 καὶ
759 3040 923 3109 ἡμεῖς
956 3035 1287 3106 ἐϐουλόμεθα
1315 3035 1536 3098 τούτους
1565 3036 1782 3090 εἰδέναι³
1806 3037 1919 3090 ἀλλ’

338 3129 391 3185 εἰ
425 3127 520 3180 καὶ
553 3125 628 3196 μὴ
650 3125 762 3187 τοῖς
785 3123 1064 3194 αἰσθητοῖς
1098 3120 1396 3191 ὀφθαλμοῖς
1428 3122 1626 3185 αὐτοὺς
1653 3123 1924 3195 διακρῖναι

337 3211 636 3282 δυνάμεθα,
664 3212 692 3263 ὀ
711 3210 867 3278 λόγος
895 3209 1094 3272 αὐτοὺς
1125 3207 1487 3277 ἐπιγνώσεται
1542 3209 1779 3275 πάντως,
1831 3211 1925 3264 καὶ

339 3295 438 3350 τοῦ
495 3295 793 3357 συνειδότος
839 3292 1018 3348 αὑτῶν
1076 3291 1467 3363 ἐπιλαϐόμενος
1517 3293 1693 3346 πείσει
1727 3294 1926 3364 ῥᾳδίως

340 3381 570 3444 ἑκόντας
590 3381 784 3442 αὐτοὺς
813 3377 1068 3442 ἐξελθεῖν,
1101 3377 1368 3430 διδάσκων
1416 3378 1498 3431 ὅτι
1551 3379 1756 3440 ἐκεῖνος
1780 3378 1926 3431 ἔνδον

341 3467 462 3519 ἐστί
487 3465 666 3536 μόνος,
704 3464 732 3515 ὀ
758 3464 855 3533 τῆς
878 3460 1112 3514 ἐνταῦθα
1136 3461 1416 3533 διατριϐῆς
1444 3461 1602 3528 ἀξίαν
1623 3461 1803 3532 ,ιεχωνει
1828 3463 1926 3533 τὴν

339 3547 588 3620 γνώμην·
615 3547 691 3611 ὡς
711 3548 739 3600 ὁ
762 3544 896 3616 μετὰ
940 3544 1215 3608 πολιτείας
1241 3544 1642 3616 διεφθαρμένης
1661 3543 1753 3598 τοῦ
1781 3545 1926 3617 ἱεροῦ

344 3631 536 3688 τούτου
557 3631 796 3700 μετέχων
825 3628 1104 3697 συλλόγου,
1139 3628 1240 3681 κᾶν
1271 3628 1332 3680 τὸ
1359 3628 1517 3698 σῶμα
1552 3627 1785 3682 ἐνταῦθα
1811 3630 1926 3682 εἰσ-

342 3715 476 3788 άγῃ,
538 3713 886 3784 ἐκϐέϐληται,
920 3713 1013 3766 καὶ
1038 3711 1146 3765 τῶν
1175 3712 1683 3782 ἀποκεκλεισμένων
1708 3713 1812 3778 ἔξω
1836 3715 1930 3771 καὶ

347 3800 573 3874 μηδέπω
617 3798 930 3869 δυναμένων
983 3797 1082 3866 τῆς
1131 3797 1284 3868 ἱερᾶς
1317 3800 1603 3867 μετασχεῖν
1651 3797 1931 3868 τραπέζης

347 3883 551 3954 μᾶλλον
606 3881 966 3952 ἀπελήλαται.
1008 3880 1234 3931 Ἐκεῖνοι
1278 3880 1502 3950 μὲνγὰρ
1526 3883 1575 3932 οἱ
1613 3879 1755 3934 κατὰ
1805 3881 1930 3942 τοὺς

344 3965 440 4018 τοῦ
471 3963 605 4018 Θεοῦ
636 3965 834 4034 νόμους
861 3961 1236 4032 ἐκϐληθέντες,
1255 3962 1350 4014 καὶ
1385 3963 1634 4033 μένοντες
1665 3962 1931 4030 ἕξω,τέως

347 4045 595 4121 χρηστάς
633 4047 816 4116 έχουσι
849 4044 945 4108 τὰς
977 4045 1218 4108 ἐλπίδας·
1263 4046 1367 4098 κᾶν
1399 4045 1508 4116 γὰρ
1537 4045 1759 4098 ἐθέλωσι
1785 4046 1931 4118 διορ·

347 4129 630 4184 θώσασθαι
655 4128 722 4181 τὰ
777 4126 1203 4199 παραπτώματα
1233 4127 1282 4192 b,
1315 4127 1381 4180 δι’
1408 4126 1443 4182 ἃ
1469 4128 1570 4198 τῆς
1609 4127 1932 4199 Ἐκκλησίας

348 4213 629 4281 ἐξέπεσον,
659 4213 976 4284 δυνήσονται
1013 4211 1151 4282 μετὰ
1173 4211 1414 4282 καθαροῦ
1445 4211 1745 4276 συνειδότος
1771 4211 1932 4265 πάλιν

347 4297 682 4356 ἐπανελθεῖν.
709 4297 772 4350 Οἱ
798 4296 854 4348 δὲ
885 4295 1213 4366 μολύναντες
1234 4297 1484 4362 ἑαυτοὺς,
1513 4296 1608 4350 καὶ
1626 4295 1937 4350 κελευσθέν-

349 4397 443 4445 τες
481 4382 560 4452 μὴ
590 4380 854 4451 πρότερον
885 4379 1166 4448 ἐπιϐῆναι,
1222 4379 1328 4442 ἕως
1379 4379 1445 4432 ἂν
1475 4378 1934 4451 ἀποκαθάρωνται

349 4467 452 4535 τὴν
481 4463 677 4533 κηλῖδα
714 4463 811 4534 τὴν
861 4463 926 4516 ἐκ
954 4462 1062 4516 τῶν
1122 4463 1558 4533 ἁμαρτημάτων,
1609 4457 1727 4515 εἶτα
1779 4465 1936 4517 ἀναι-

353 4543 729 4619 σχυντοῦντες,
752 4546 1132 4619 χαλεπώτερον
1155 4546 1215 4598 τὸ
1235 4545 1455 4617 τραῦμα
1474 4545 1816 4616 ἐργάζονται,
1841 4545 1937 4599 καὶ

356 4629 545 4703 μεῖζον
581 4630 642 4684 τό
673 4630 851 4694 ἕλκος.
892 4631 965 4683 Οὐ
988 4629 1093 4701 γὰρ
1122 4628 1264 4683 οὕτω
1320 4629 1381 4681 τὸ
1435 4631 1769 4701 ἁμαρτάνειν
1819 4632 1939 4683 ἐστὶ

354 4715 614 4786 χαλεπὸν,
642 4714 719 4777 ὡς
748 4715 781 4784 ή
818 4714 956 4783 μετά
990 4712 1087 4784 τὴν
1123 4713 1397 4785 ἁμαρτίαν
1447 4714 1817 4784 ἀναισχυντία,
1847 4716 1940 4769 καὶ

355 4799 421 4852 τὸ
451 4800 526 4872 μή
564 4798 845 4852 πείθεσθαι
873 4801 985 4861 τοῖς
1025 4798 1230 4870 ἱερεῦσι
1262 4798 1327 4850 τά
1356 4797 1584 4852 τοιαῦτα
1634 4798 1937 4854 κελεύουσι.

357 4882 473 4937 Καὶ
505 4883 556 4936 τί
575 4879 824 4935 τοσοῦτον
855 4881 1169 4953 ἡμάρτηται
1197 4879 1425 4946 τούτοις,
1453 4882 1636 4953 φησὶν,
1668 4881 1808 4936 ὥστε
1843 4883 1940 4937 αὐ-

355 4967 487 5030 τοὺς
537 4965 785 5019 ἐκϐαλεῖν
834 4964 941 5018 τῶν
999 4964 1162 5036 ἱερῶν
1193 4963 1399 5017 τούτων
1440 4965 1784 5036 περιϐόλων;
1832 4968 1943 5021 Καὶ

357 5049 520 5104 ποίαν
542 5050 734 5120 ἐτέραν
779 5048 983 5118 ταύτης
1014 5049 1195 5118 ζητεῖς
1243 5045 1465 5118 μείζονα
1495 5050 1790 5123 ἁμαρτίαν,
1815 5051 1943 5104 ὃταν

363 5135 586 5205 μοιχοὺς
611 5134 836 5196 ἑαυτοὺς
859 5135 1297 5205 ἀπηρτισμένους
1320 5135 1667 5204 ποιήσαντες,
1688 5135 1941 5198 ἀναιδῶς,

359 5217 616 5288 καθάπερ
637 5216 800 5279 κύνες
827 5215 1155 5281 λυττῶντες,
1186 5216 1491 5287 ἐπιπηδῶσι
1522 5219 1590 5288 τῇ
1617 5219 1738 5288 ἱερᾷ
1773 5217 1944 5290 ταύτῃ

357 5305 780 5378 τραπέζῃ;Καὶ
801 5307 850 5359 εἰ
883 5305 1062 5376 βούλει
1103 5305 1294 5376 μαθεῖν
1343 5307 1436 5359 καὶ
1480 5307 1572 5360 τὸν
1591 5309 1792 5377 τρόπον
1848 5308 1946 5377 τῆς

364 5394 635 5468 μοιχείας,
651 5393 752 5446 οὐκ
778 5394 910 5463 ἐμὸν
934 5393 1042 5464 ἐρῶ
1068 5409 1152 5446 σοι
1169 5393 1475 5464 λόγον,ἀλλ’
1509 5394 1674 5448 αὑτοῦ
1696 5394 1789 5447 τοῦ
1817 5395 1948 5464 μέλ-

361 5480 546 5543 λοντος
575 5478 734 5552 ἡμῶν
755 5478 994 5542 δικάζειν
1027 5479 1126 5550 τὴν
1165 5479 1309 5550 ζωὴν
1339 5480 1577 5535 ἃπασαν·
1631 5481 1682 5533 Ὁ
1709 5482 1818 5552 γὰρ
1841 5481 1945 5550 ἑμα

361 5563 616 5633 βλέψας,
648 5563 803 5633 φησι,
826 5562 1078 5632 γυναῖκα
1095 5565 1243 5631 πρὸς
1266 5564 1331 5616 τὸ
1351 5563 1716 5633 ἐπιθυμῆσαι
1733 5564 1944 5632 αὐτῆς,

360 5737 652 5852 ϐὲὲλξίτῖῗι·
675 5739 908 5801 παρέχων.
933 5735 1059 5786 Infra
1096 5737 1241 5800 Regii
1261 5739 1360 5790 duo
1379 5738 1578 5788 ἐνταῦθα
1604 5741 1830 5800 εἱστήκει,
1867 5742 1947 5790 ἐκ·

395 5815 606 5856 amarat.

436 5865 460 5902 b
478 5861 620 5922 Regii
641 5863 738 5912 duo
761 5862 819 5911 τὰ
843 5861 1170 5925 ἁμαρτήματα.

1317 414 1406 470 DE
1453 409 1703 469 DAVIDE
1741 405 1830 465 ET
1865 408 2092 466 SAULE
2135 411 2426 468 HOMILIA
2467 409 2555 467 Ill.

3498 409 3605 466 696

2025 532 2142 602 ἤδη
2180 533 2538 603 ἐμοίχευσεν
2562 528 2756 598 αὐτὴν
2781 529 2852 584 ἐν
2881 528 2955 596 τῇ
2980 527 3193 595 καρδίᾳ
3222 527 3434 584 αὐτοῦ.
3464 531 3607 584 Εἰδέ

2019 623 2054 691 ή
2085 621 2192 673 ἀπὸ
2213 619 2557 690 ταύτομάτου
2600 617 2741 671 κατὰ
2769 619 2870 688 τὴν
2894 615 3102 685 ἀγορὰν
3137 613 3436 684 ἐντυχοῦσα
3469 617 3606 684 γυνὴ

2021 707 2116 761 καὶ
2158 707 2235 771 ὡς
2263 707 2450 776 ἔτυχεν
2491 703 2798 774 ἐσταλμένη
2828 703 2920 756 τὸν
2951 702 3258 774 περιέργως
3295 701 3472 755 ἰδόντα
3497 697 3608 755 εἷλε

2010 791 2276 854 πολλάκις
2322 794 2387 862 τῇ
2420 791 2517 861 τῆς
2551 789 2727 858 ὅψεως
2785 786 3009 859 θεωρίᾳ⁸
3066 787 3114 838 οἰ
3154 785 3230 855 μὴ
3256 784 3441 847 ἁπλῶς
3473 786 3609 855 μηδὲ

2019 875 2128 930 ἀπὸ
2156 875 2517 944 ταύτομάτου,
2541 873 2654 926 ἀλλ’
2688 871 2798 926 ἀπὸ
2834 870 3072 940 σπουδῆς
3103 869 3393 938 τοσαύτης,
3423 869 3497 931 ὼς
3515 871 3611 922 καὶ

2019 961 2118 1030 τῆς
2160 957 2485 1028 Ἐκκλησίας
2527 956 2824 1027 ὑπεριδεῖν,
2862 955 2955 1007 καὶ
3001 954 3089 1007 διὰ
3127 953 3286 1006 τοῦτο
3312 953 3610 1014 ἀναϐάντες

2021 1044 2159 1107 ἐκεῖ,
2193 1043 2289 1095 καὶ
2315 1040 2798 1112 διημερεύσαντες,
2849 1038 2944 1091 καὶ
2995 1043 3114 1101 ταῖς
3145 1037 3301 1106 ὂψεσι
3339 1036 3448 1089 τῶν
3491 1036 3611 1104 ητι-

2024 1126 2293 1196 μωμένων
2323 1123 2597 1193 γυναικῶν
2619 1123 2840 1176 ἐκείνων
2869 1118 3426 1193 προσηλωμένοι,πιῖ›ς
3452 1117 3612 1188 δυνήι-

2025 1213 2420 1281 σονταιλέγειν,
2447 1213 2526 1265 ὅτι
2553 1213 2614 1264 οὑ
2639 1212 2773 1282 πρὸς
2798 1209 3090 1280 ἐπιθυμίαν
3121 1206 3295 1274 εἷδον;
3353 1209 3488 1261 ὅπου
3513 1206 3610 1272 καὶ

2024 1297 2248 1366 ῥήματα
2287 1294 2751 1363 διακεκλασμένα,
2814 1294 2909 1345 καὶ
2965 1293 3185 1363 ᾄσματα
3219 1289 3472 1362 πορνικὰ,
3514 1287 3610 1341 καὶ

2022 1380 2176 1449 φωνὴ
2205 1378 2406 1448 πολλὴν
2435 1376 2628 1448 ἡδονὴν
2657 1377 2873 1447 ἔχουσα,
2909 1376 3003 1428 καὶ
3038 1373 3332 1445 ὀφθαλμῶν
3363 1374 3609 1441 ὑπογρα-

2022 1463 2139 1532 φαὶ,
2171 1463 2266 1514 καὶ
2291 1461 2671 1531 ἐπιτρίμματα
2696 1461 2949 1530 παρειᾶς,
2998 1459 3094 1510 καὶ
3126 1456 3284 1526 στολὴ
3317 1453 3610 1525 περιεργό-

2019 1560 2178 1614 τερον
2209 1542 2562 1612 συγκειμένη,
2579 1542 2673 1594 καὶ
2699 1542 2885 1611 σχῆμα
2905 1539 3160 1610 γοητείας
3185 1538 3356 1607 γέμον
3383 1535 3605 1603 πολλῆς,

2023 1629 2118 1681 καὶ
2141 1627 2326 1697 ἐτεραι
2360 1625 2551 1678 πολλαὶ
2589 1627 2918 1696 μαγγανεῖαι
2959 1623 3096 1694 πρὸς
3144 1621 3363 1690 ἀπάτην
3395 1619 3490 1672 καὶ
3522 1617 3609 1670 δέ-

2022 1709 2154 1779 λεαρ
2182 1709 2291 1762 τῶν
2336 1708 2586 1779 ὁρώντων
2639 1705 3165 1774 κατεσκευασμέναι,
3221 1704 3317 1757 καὶ
3369 1699 3611 1772 ῥᾳθυμία

2021 1792 2200 1863 ψυχῆς
2257 1791 2367 1845 τῶν
2399 1791 2705 1861 θεωμένων,
2747 1791 2842 1842 καὶ
2876 1787 3044 1858 πολλὴ
3079 1789 3110 1857 ἡ
3153 1785 3420 1854 διάχυσις,
3447 1784 3542 1835 καὶ
3573 1785 3607 1852 ὴ

2022 1873 2174 1946 παρὰ
2195 1873 2291 1928 τοῦ
2329 1875 2496 1928 τόπου
2530 1874 2667 1945 πρὸς
2719 1871 2870 1944 [770]
2898 1871 3189 1939 ἀσέλγειαν
3240 1867 3607 1938 παράκλησις,

2022 1960 2174 2029 καὶὴ
2207 1959 2316 2012 τῶν
2345 1958 2686 2028 φθασάντων,
2719 1957 2812 2010 καὶ
2852 1957 2885 2025 ὴ
2916 1955 3022 2008 τῶν
3063 1952 3200 2024 μετὰ
3245 1950 3420 2004 ταῦτα
3443 1950 3610 2002 ἀκου-

2027 2041 2270 2110 σμάτων·
2300 2043 2333 2111 ἡ
2374 2040 2461 2092 διὰ
2492 2040 2601 2092 τῶν
2631 2039 2928 2109 συρίγγων,
2957 2038 2990 2108 ἠ
3022 2036 3109 2089 διὰ
3149 2033 3257 2088 τῶν
3289 2033 3467 2086 αὐλῶν
3516 2031 3612 2084 καὶ

2024 2125 2133 2178 τῶν
2169 2124 2345 2179 ἄλλων
2368 2122 2476 2176 τῶν
2500 2122 2758 2174 τοιούτων
2817 2119 3054 2190 μελῳδία
3107 2115 3610 2187 καταγοητεύουσα,

2023 2207 2122 2260 καὶ
2147 2207 2207 2259 τὸ
2243 2206 2467 2276 στερρὸν
2517 2205 2616 2275 τῆς
2668 2203 2902 2266 διανοίας
2950 2201 3472 2273 καταμαλάττουσα,
3517 2198 3615 2252 καὶ

2023 2294 2147 2354 ταῖς
2187 2288 2295 2345 τῶν
2355 2287 2568 2359 πορνῶν
2602 2286 2917 2349 ἐπιϐουλαῖς
2963 2281 3473 2355 προευτρεπίζουσα
3514 2280 3613 2343 τὰς

2025 2374 2135 2425 τῶν
2165 2371 2487 2441 καθημένων
2516 2369 2712 2439 ψυχὰς,
2756 2369 2849 2421 καὶ
2909 2367 3209 2429 εὐαλώτους
3266 2363 3518 2417 ποιοῦσα.
3549 2362 3614 2416 Εἰ

2026 2455 2134 2526 γάρ
2164 2453 2417 2517 ἐνταῦθα,
2446 2453 2579 2504 ὅπου
2615 2462 2638 2490 ο
2657 2451 2882 2520 ψαλμοὶ,
2905 2451 2998 2501 καὶ
3020 2449 3194 2518 εὐχαὶ,
3218 2449 3308 2500 καὶ
3340 2447 3498 2500 θείων
3523 2445 3614 2500 λο-

2024 2539 2160 2608 γίων
2178 2539 2461 2608 ἀκρόασις,
2493 2533 2588 2588 καὶ
2625 2533 2760 2586 Θεοῦ
2796 2532 2979 2602 φόϐος,
3011 2533 3105 2584 καὶ
3134 2529 3390 2584 εὑλὰϐεια
3419 2528 3613 2598 πολλὴ,

2027 2621 2307 2684 πολλάκις,
2355 2618 2544 2688 ῶσπερ
2595 2633 2681 2680 τις
2728 2615 2933 2688 λῃστής
2989 2612 3317 2686 κακοῦργος,
3375 2611 3614 2665 λαθοῦσα

2028 2705 2350 2775 ἐπεισῆλθεν
2377 2705 2410 2773 ἡ
2439 2701 2722 2771 ἐπιθυμία·
2751 2700 2865 2762 πῶς
2899 2701 2946 2751 oi
2970 2700 3027 2750 ἐν
3056 2698 3266 2768 θεάτρῳ
3291 2695 3612 2766 καθήμενοι,

2028 2789 2122 2844 καὶ
2158 2787 2324 2858 μηδὲν
2354 2787 2494 2857 μήτε
2518 2783 2777 2855 ὁρῶντες,
2813 2782 2937 2854 μήτ’
2966 2780 3256 2842 ἀκούοντες
3279 2779 3450 2847 ὑγιὲς,
3479 2777 3617 2830 ἀλλὰ

2030 2870 2229 2941 πολλῆς
2250 2870 2510 2939 γέμοντες
2533 2867 2912 2936 αἰσχρότητος,
2946 2863 3147 2934 πολλῆς
3171 2862 3272 2930 τῆς
3334 2861 3614 2932 βλακείας.

2029 2957 2124 3010 καὶ
2144 2954 2232 3007 διὰ
2252 2954 2468 3007 πάντων
2492 2949 2957 3021 πολιορκούμενοι,
2998 2950 3090 3002 καὶ
3122 2948 3187 3000 δι’
3213 2947 3388 3012 ὢτων,
3429 2945 3524 2997 καὶ
3549 2943 3614 2996 δι’

2028 3035 2343 3108 ὀφθαλμῶν,
2377 3033 2608 3088 δύναιντ’
2642 3034 2707 3087 ἂν
2742 3033 3003 3102 ἀνώτεροι
3041 3030 3294 3098 γενέσθαι
3315 3027 3416 3097 τῆς
3449 3043 3618 3097 πονη-

2033 3123 2132 3195 ρᾶς
2163 3121 2379 3190 ἐκείνης
2404 3117 2740 3188 ἐπιθυμίας;
2769 3115 2858 3188 Μὴ
2886 3115 3174 3184 δυνάμενοι
3203 3112 3281 3178 δὲ,
3311 3111 3426 3174 πῶς
3454 3109 3618 3195 δυνήο

2043 3223 2226 3260 σον-ται
2272 3205 2379 3257 τῶν
2424 3204 2524 3274 τῆς
2585 3201 2828 3274 μοιχείας
2862 3200 3223 3271 ἐγκλημάτων
3276 3193 3621 3274 ἀπηλλάχθαι

2031 3289 2160 3342 ποτέ
2187 3305 2201 3353 ;
2227 3288 2290 3340 Οἱ
2317 3286 2373 3338 δέ
2395 3273 2501 3339 τῶν
2533 3273 2631 3355 τῆς
2657 3284 2900 3354 μοιχείας
2926 3283 3289 3353 ἐγκλημάτων
3313 3273 3414 3331 οὑκ
3447 3275 3622 3345 ἀπηλ-

2031 3372 2314 3442 λαγμένοι,
2335 3369 2453 3432 πῶς
2475 3370 2790 3438 δυνήσονται
2807 3367 2977 3437 χωρὶς
3011 3364 3296 3435 μετανοίας
3319 3361 3430 3415 τῶν
3448 3358 3620 3428 ἁγίων

2031 3455 2235 3509 τούτων
2261 3452 2515 3522 ἐπιϐῆναι
2552 3450 2964 3523 προθύρων,κα“ι
2985 3449 3079 3502 τοῦ
3108 3447 3272 3502 καλοῦ
3305 3445 3496 3500 τούτου
3523 3459 3620 3514 με-

2033 3555 2102 3592 τα
2110 3541 2258 3608 σχεῖν
2289 3537 2546 3606 συλλόγου
2569 3555 2583 3605 ;

2106 3641 2170 3712 β’.
2196 3640 2287 3694 Διό
2311 3640 2374 3712 δὴ
2398 3638 2644 3714 παραινῶ
2667 3638 2760 3691 καὶ
2782 3638 2993 3708 δέομαι,
3012 3636 3276 3707 πρότερον
3298 3631 3622 3714 ἐξομολογή-

2036 3743 2118 3780 σει
2143 3726 2239 3778 καὶ
2275 3724 2534 3794 μετανοίᾳ
2557 3721 2654 3775 καὶ
2692 3723 2804 3785 τοῖς
2853 3720 3031 3783 ἄλλοις
3065 3719 3264 3773 ἅπασιν
3299 3713 3623 3786 ἁποσμηξα-

2039 3810 2230 3881 μένους
2257 3808 2356 3876 τὴν
2387 3809 2451 3863 ἐκ
2480 3806 2578 3875 τῆς
2611 3807 2729 3858 ἐκεῖ
2747 3804 2979 3874 θεωρίας
3012 3801 3303 3873 ἁμαρτίαν,
3346 3797 3488 3851 οῦτω
3515 3797 3624 3849 τῶν

2037 3894 2196 3946 θείων
2214 3891 2518 3961 ἀκροᾶσθαι
2544 3889 2760 3958 λογίων.
2815 3889 2890 3940 Οὑ
2916 3887 3025 3957 γὰρ
3063 3887 3124 3938 τὸ
3175 3884 3337 3954 τυχὸν
3362 3883 3493 3952 ἡμῖν
3527 3895 3625 3932 πε-

2037 3976 2448 4049 πλημμέληται·
2503 3975 2597 4028 καὶ
2626 3973 2786 4026 τοῦτο
2820 3973 2913 4026 καὶ
2938 3974 3003 4024 ἐκ
3033 3969 3490 4040 παραδειγμάτων
3526 3965 3624 4049 ῖδοι

2034 4048 2222 4125 τιςνάν
2247 4058 2456 4129 σαφῶς.
2501 4058 2565 4112 Εἰ
2587 4057 2697 4128 γάρ
2733 4073 2815 4120 τις
2847 4055 3066 4124 οἰκέτης
3087 4055 3165 4117 εἰς
3194 4052 3465 4113 κιϐώτιον,
3496 4048 3626 4104 ἔνθα.

2036 4145 2106 4201 τὰ
2133 4141 2425 4197 δεσποτικά
2477 4142 2664 4211 ἱμάτια
2713 4139 3033 4194 ἐναπέκειτο
3085 4135 3354 4204 πολυτελῆ
3384 4135 3480 4188 καὶ
3509 4132 3626 4186 διά-

2039 4245 2238 4299 χρυσα,
2291 4227 2505 4297 ἱμάτιον
2537 4225 2784 4280 δουλικὸν
2821 4222 3002 4295 ῥύπου
3041 4221 3211 4293 γέμον
3267 4221 3361 4273 καὶ
3415 4217 3626 4272 πολλῶν

2038 4313 2148 4367 τῶν
2179 4311 2417 4382 φθειρῶν
2443 4308 2755 4376 ἐναπέθετο,
2785 4304 2896 4381 ἆρα
2923 4308 2996 4361 ἀν
3036 4307 3225 4376 πράως
3260 4305 3499 4373 ἧνεγκας
3524 4301 3625 4371 τήν

2042 4396 2220 4467 ὓϐριν,
2253 4397 2374 4449 εἰπέ
2408 4412 2532 4466 μοι;
2573 4395 2639 4448 Τί
2680 4394 2755 4455 δέ,
2792 4393 2844 4446 εί
2868 4409 2952 4453 τις
2999 4391 3080 4452 είς
3119 4390 3342 4455 ἀγγεῖον
3391 4383 3626 4456 χρυσοῦν

2048 4481 2198 4552 μύρα
2241 4479 2510 4551 διηνεκῶς
2537 4479 2682 4547 ἔχειν
2736 4475 2946 4538 εἰωθὸς,
3009 4473 3212 4543 κόπρον
3241 4471 3332 4524 καὶ
3366 4468 3624 4540 βόρϐορον

2041 4551 2279 4633 ἐνέχεεν,
2305 4563 2406 4615 οὐκ
2437 4563 2501 4615 ἂν
2533 4563 2624 4614 καὶ
2652 4558 2867 4629 πληγὰς
2899 4555 3173 4628 ἐπέθηκας
3194 4551 3272 4625 τῷ
3300 4552 3627 4624 πλημμελής

2045 4664 2202 4702 σαντι
2237 4645 2433 4711 τοῦτο;
2463 4638 2600 4698 Εἶτα
2627 4640 2896 4696 κιϐωτίων
2921 4643 3021 4710 μὲν
3049 4639 3144 4692 καὶ
3166 4637 3374 4691 σκευῶν
3392 4638 3487 4688 καὶ
3509 4637 3628 4705 ίμαρ

2045 4730 2176 4784 τίων
2197 4729 2292 4784 καὶ
2315 4727 2504 4799 μύρων
2532 4727 2802 4796 τοσαύτην
2855 4721 3193 4794 ποιησόμεθα
3220 4721 3318 4792 τὴν
3335 4720 3625 4792 πρόνοιαν,

2045 4813 2145 4885 τὴν
2175 4814 2232 4866 δὲ
2277 4811 2455 4883 ψυχὴν
2482 4811 2580 4882 τήν
2628 4809 2902 4881 ἡμετέραν
2929 4809 3147 4862 πάντων
3179 4806 3382 4860 τούτων
3415 4803 3629 4860 εὐτελεο

2049 4899 2251 4970 στέραν
2279 4893 2421 4953 εἶναι
2460 4895 2751 4967 νομιοῦμεν
2773 4911 2788 4960 ;
2817 4894 2912 4946 καὶ
2933 4892 3065 4946 ἔνθα
3087 4892 3148 4945 τὸ
3184 4891 3354 4962 μύρον
3377 4890 3437 4943 τὸ
3463 4905 3629 4943 πνευ-

2051 4980 2283 5052 ματικὸν
2311 4979 2567 5050 είσεχύθη
2589 4977 2643 5043 ἀ,
2697 4977 3010 5040 διαϐολικὰς
3034 4975 3259 5046 πομπάς
3293 4973 3631 5043 ἐπεμϐαλοῦ-

2053 5083 2175 5136 μεν,
2204 5067 2300 5119 καὶ
2327 5064 2652 5135 ἀκούσματα
2683 5061 2967 5127 σατανικὰ,
3011 5061 3105 5114 κοιλ⁴
3135 5060 3352 5130 ᾄσματα
3376 5055 3632 5126 πορνείας

2052 5151 2328 5220 γέμοντα;
2375 5149 2487 5203 Καὶ
2534 5148 2652 5211 πῶς
2698 5146 2873 5199 ταῦτα
2903 5148 2931 5198 ὀ
2971 5145 3104 5205 Θεὸς
3133 5142 3290 5203 οἴσει,
3335 5139 3458 5191 εἰπέ
3502 5151 3632 5206 μοι;

2051 5233 2246 5286 Καίτοι
2273 5233 2333 5286 οὑ
2360 5231 2614 5286 τοσοῦτον
2632 5230 2693 5284 τὸ
2727 5230 2890 5300 μέσον
2924 5226 3096 5297 μύρου
3119 5224 3210 5276 καὶ
3234 5221 3519 5292 βορϐόρου,
3540 5221 3634 5272 καὶ

2051 5317 2288 5387 ἱματίων
2307 5315 2642 5369 δεσποτικῶν
2671 5314 2767 5366 καὶ
2798 5309 3076 5370 δουλικῶν,
3102 5308 3225 5361 ὅσον
3253 5304 3313 5358 τὸ
3335 5305 3499 5375 μέσον
3532 5303 3634 5370 τῆς

2053 5400 2432 5470 πνευματικῆς
2465 5399 2682 5469 χάριτος
2707 5396 2800 5448 καὶ
2826 5393 3029 5463 ταύτης
3051 5393 3146 5460 τῆς
3201 5389 3442 5458 πονηρᾶς
3485 5389 3636 5456 ἐνερ-

2049 5486 2228 5555 γείας.
2256 5487 2331 5540 Οὐ
2357 5486 2600 5547 δέδοικας
2619 5525 2634 5549 ,
2675 5484 2950 5554 ἄνθρωπε,
2973 5483 3084 5543 τοῖς
3127 5480 3308 5540 αὐτοῖς
3335 5474 3635 5544 ὀφθαλμοῖς

2053 5570 2148 5624 καὶ¹
2189 5571 2287 5640 τήν
2317 5567 2505 5638 κλίνην
2526 5567 2624 5638 τήν
2655 5567 2747 5619 ἐπὶ
2768 5566 2868 5635 τῆς
2900 5565 3208 5635 ὀρχήστρας
3243 5561 3475 5632 βλέπων,
3507 5555 3636 5608 ἔνθα

2117 5743 2138 5770 ε
2167 5740 2316 5788 licem
2339 5734 2548 5784 ποιοῦσα
2571 5738 2631 5784 δι’
2652 5737 2810 5785 αὐτῶν
2833 5739 3087 5796 διαστῆσαι
3109 5733 3193 5784 τοῦ
3215 5731 3442 5795 Χριστοῦ.
3467 5728 3526 5778 Εἰ
3546 5727 3639 5791 γὰρ

2054 5803 2186 5850 ὅπου.
2214 5799 2351 5846 Unus
2373 5799 2518 5845 habet
2538 5799 2864 5855 διαναστῆσαι.

2115 5863 2141 5902 (1
2169 5862 2309 5925 Ιίρεϋ
2336 5859 2483 5912 iidem
2517 5860 2722 5923 ἐξεχύθη.
