4064 6440
332 388 436 445 697

333 503 471 557 hanc
510 513 717 556 sacram
770 512 1012 555 mensam
1056 497 1279 555 intueris
1302 540 1318 565 ,
1360 498 1449 554 ubi
1479 498 1755 555 tremenda
1791 515 1918 570 pcr-

328 605 556 665 aguntur
568 593 818 664 mysteria
830 591 989 647 ?dum
1010 591 1196 647 iisdem
1215 592 1433 647 auribus
1448 592 1598 647 audis
1614 603 1666 648 et
1683 604 1919 648 scortum

328 688 583 744 obscmne
611 686 837 757 loquens
860 726 877 754 ,
906 694 959 740 et
988 685 1301 755 prephetam
1343 684 1749 755 apostolumque
1778 693 1830 740 te
1852 685 1918 740 ad

326 793 522 833 arcana
559 776 850 845 Scriptum
889 774 1360 831 introducentem?
1385 775 1512 830 dum
1539 776 1729 830 eodem
1756 775 1919 832 corde

329 871 505 926 letalia
544 868 713 925 sumis
753 883 962 924 venena
987 910 1003 934 ,
1042 876 1097 923 ct
1139 867 1276 923 hanc
1307 866 1532 922 hostiam
1570 877 1809 922 sanctam
1854 883 1918 923 ac

328 961 704 1018 tremendam?
733 960 923 1015 Annon
954 960 1069 1014 haec
1092 968 1217 1014 sunt
1238 960 1361 1013 vita:
1392 958 1696 1025 subversio,
1726 957 1916 1029 conju-

322 1055 535 1124 giorum
560 1051 900 1120 corruptelae,
928 1050 1067 1105 bella
1092 1063 1387 1120 pugnasque
1416 1057 1469 1103 et
1498 1050 1625 1103 rixa:
1652 1050 1703 1103 in
1740 1050 1915 1105 domi-

324 1146 467 1202 bus?
492 1144 627 1200 Cum
654 1143 795 1199 enim
823 1142 1140 1213 spectaculis
1165 1142 1271 1196 illis
1288 1141 1596 1195 dissolutior
1616 1156 1679 1195 ac
1704 1142 1918 1197 mollior

324 1238 677 1307 lasciviorque
701 1278 716 1304 ,
756 1236 1033 1304 omnisque
1070 1234 1336 1305 pudicitia:
1376 1233 1543 1289 hostis
1584 1234 1749 1290 factus
1772 1276 1788 1302 ,
1814 1235 1916 1291 do-

323 1346 471 1386 mum
501 1329 725 1386 rcdieris
748 1370 766 1398 ,
791 1327 973 1383 uxoris
1002 1336 1249 1398 aspectus
1279 1328 1453 1382 minus
1479 1328 1580 1383 erit
1603 1328 1866 1397 jucundus
1895 1369 1910 1396 ,

322 1425 725 1495 qualiscumque
745 1422 904 1477 etiam
933 1422 1021 1477 illa
1048 1420 1225 1476 fuerit.
1256 1422 1528 1491 Siquidem
1560 1421 1915 1478 inflammatus

323 1516 411 1570 illa
437 1513 865 1584 concupiscentia
888 1554 903 1577 ,
935 1527 1093 1583 quam
1131 1512 1183 1566 in
1223 1511 1443 1567 theatris
1471 1513 1727 1579 hausisti,
1762 1523 1814 1567 et
1844 1512 1913 1568 ab

322 1607 415 1661 illo
450 1606 625 1661 alieno
653 1605 956 1675 spectaculo
979 1646 993 1671 ,
1028 1604 1168 1675 quod
1211 1613 1262 1659 te
1302 1604 1659 1671 dementavit,
1692 1613 1909 1675 captus,

319 1708 522 1755 castam
549 1714 612 1754 ac
637 1698 931 1754 modestam
959 1713 1178 1752 uxorem
1206 1706 1260 1752 ΕΙ.
1282 1698 1441 1751 ιοιίυε
1467 1698 1587 1751 νίιίῐέ
1608 1707 1910 1752 consortem

319 1794 569 1864 despicis,
592 1792 910 1848 contumelia
932 1790 1123 1857 afficis,
1142 1790 1538 1860 innumerisque
1556 1790 1762 1860 probris
1784 1804 1912 1859 ope-

317 1888 393 1942 ris
413 1928 427 1953 ,
458 1903 566 1941 non
593 1885 733 1956 quod
762 1884 1049 1955 quidquam
1080 1882 1277 1937 habeas
1303 1881 1445 1952 quod
1481 1883 1534 1936 in
1565 1882 1656 1936 illa
1685 1882 1865 1951 culpes
1890 1922 1905 1946 ,

316 1976 412 2032 sed
440 1976 583 2047 quod
605 1977 891 2031 erubescas
920 1974 1162 2030 confiteri
1199 1973 1444 2027 morbum
1470 2013 1484 2037 ,
1527 1972 1670 2043 quod
1716 1973 1910 2043 pudeat

314 2069 509 2123 vulnus
536 2067 840 2135 ostendere,
866 2081 973 2136 quo
1000 2066 1053 2120 in
1081 2065 1403 2134 spectaculis
1430 2064 1698 2119 sauciatus
1724 2062 1908 2118 redisti

314 2160 533 2215 domum
559 2202 573 2226 ,
604 2159 737 2214 alias
774 2158 945 2214 uectis
971 2158 1310 2214 causationes
1332 2198 1347 2223 ,
1377 2157 1581 2227 iniquas
1618 2155 1908 2211 inimicitiae

313 2267 565 2324 quwrens
588 2251 916 2316 occasiones,
941 2252 1120 2307 omnia
1140 2266 1261 2320 qum
1282 2249 1425 2304 domi
1453 2260 1579 2304 sunt
1606 2248 1904 2319 fastidiens,

312 2355 369 2400 et
402 2344 467 2399 ad
509 2345 790 2400 scelestam
834 2344 975 2398 illam
1015 2350 1071 2397 et
1114 2344 1372 2413 impuram
1414 2342 1623 2396 inhians
1650 2344 1907 2411 concupi-

310 2434 569 2490 scentiam
593 2476 607 2499 ,
651 2449 680 2487 a
718 2449 820 2504 qua
842 2433 1039 2487 vulnus
1066 2433 1351 2503 accepisti,
1398 2433 1630 2503 dumque
1672 2434 1903 2487 sonitum

310 2526 460 2579 vocis
484 2525 624 2595 geris
655 2525 708 2578 in
740 2525 920 2579 animo
954 2532 1257 2577 manentem
1283 2565 1297 2590 ,
1341 2524 1574 2591 itemque
1613 2533 1858 2593 aspectus
1886 2566 1902 2592 ,

312 2627 491 2672 motus
510 2660 524 2683 ,
553 2618 837 2687 omniaque
866 2618 953 2671 illa
986 2618 1303 2673 meretriciae
1335 2617 1569 2672 libidinis
1596 2618 1901 2683 simulacra,

310 2710 445 2764 nihil
481 2724 662 2763 eorum
690 2724 809 2779 qua:
846 2708 989 2763 domi
1032 2718 1303 2762 suntcum
1344 2708 1613 2777 voluptate
1657 2707 1901 2761 intueris.

310 2801 380 2857 Et
403 2801 528 2871 quid
556 2801 745 2871 loquor
776 2801 843 2856 de
884 2816 1049 2856 uxore
1085 2812 1173 2854 aut
1218 2801 1415 2855 familia
1443 2842 1457 2867 ,
1490 2800 1702 2866 quando
1733 2800 1902 2870 ipsam

311 2893 473 2946 etiam
505 2891 784 2946 ecclesiam
815 2900 1002 2961 postea
1036 2891 1210 2945 minus
1238 2892 1469 2945 libenter
1493 2892 1703 2944 visurus
1728 2906 1785 2945 es
1808 2931 1823 2957 ,
1851 2900 1904 2946 et

308 2998 433 3037 cum
476 2982 634 3037 tmdio
674 2982 951 3037 auditurus
992 2997 1292 3037 sermonem
1337 2981 1404 3035 de
1442 2980 1691 3051 pudicitia
1730 2980 1904 3050 deque

308 3074 614 3130 modestia?
652 3074 834 3145 Neque
857 3075 1000 3130 enim
1028 3074 1137 3143 jam
1168 3091 1231 3130 ea
1256 3089 1374 3144 qua}
1402 3074 1651 3129 dicuntur
1681 3074 1773 3127 tibi
1804 3089 1902 3143 pro

308 3167 552 3221 doctrina
582 3175 725 3231 sunt,
754 3167 846 3221 sed
877 3183 969 3237 pro
996 3169 1357 3231 accusatione,
1385 3174 1539 3235 teque
1566 3165 1816 3234 paulatim
1848 3166 1899 3219 in

308 3258 734 3328 desperationem
753 3259 1045 3315 adducent:
1066 3259 1277 3314 laudent
1296 3268 1349 3313 et
1367 3261 1651 3328 abrumpes
1673 3259 1901 3329 teipsum

306 3366 337 3403 a
367 3351 644 3421 disciplina
674 3351 741 3405 ad
771 3351 1036 3421 publicam
1064 3352 1300 3406 omnium
1327 3351 1607 3404 utilitatem
1638 3350 1897 3405 adhibita.

308 3444 647 3514 Quapropter
676 3460 806 3515 rogo
834 3459 930 3498 vos
954 3459 1161 3509 omnes,
1192 3455 1250 3499 ut
1276 3453 1330 3499 et
1355 3444 1452 3514 ipsi
1481 3460 1668 3514 pravas
1695 3446 1746 3499 in
1774 3460 1899 3515 spe-

306 3536 529 3590 ctaculis
551 3538 998 3592 commorationes
1019 3538 1214 3604 vitctis,
1233 3546 1286 3592 et
1306 3537 1439 3592 alios
1456 3538 1622 3593 abhis
1643 3538 1900 3593 deductos

308 3627 614 3682 retrahatis.
648 3628 911 3698 Quidquid
942 3629 1084 3682 enim
1116 3628 1225 3683 illic
1252 3632 1473 3698 geritur,
1504 3644 1611 3683 non
1637 3637 1719 3684 est
1744 3629 1896 3684 oble-

307 3719 489 3784 ctatio;
513 3718 608 3773 sed
637 3720 921 3787 pernicies,
952 3722 1047 3776 sed
1074 3736 1252 3790 poma,
1280 3720 1374 3775 sed
1404 3722 1742 3791 supplicium.
1763 3720 1899 3786 Quid

306 3812 527 3875 prodest
556 3811 642 3865 illa
670 3814 989 3883 temporaria
1018 3813 1280 3881 voluptas,
1309 3813 1433 3866 dum
1465 3814 1588 3867 hinc
1615 3824 1899 3884 perpetuus

307 3906 544 3960 nascitur
572 3904 744 3970 dolor,
776 3906 1006 3974 dumque
1037 3914 1191 3959 nocte
1218 3906 1413 3974 pariter
1439 3920 1502 3959 ac
1530 3907 1615 3959 die
1640 3922 1669 3960 a
1698 3921 1898 3959 concu-

306 3996 567 4065 piscentia
591 3997 910 4060 stimulatus,
939 3996 1186 4050 omnibus
1212 3996 1469 4050 molestus
1494 4011 1553 4051 es
1578 4006 1631 4049 et
1659 3996 1898 4050 invisus?

306 4088 509 4142 Excute
532 4082 692 4157 igitur
718 4086 966 4155 teipsum,
992 4096 1243 4156 reputans
1268 4088 1437 4156 qualis
1466 4087 1560 4141 fias
1584 4088 1649 4141 ab
1674 4088 1897 4142 ecclesia

306 4180 522 4235 rediens
547 4222 562 4245 ,
606 4193 791 4233 rursus
819 4180 990 4250 qualis
1016 4195 1045 4234 a
1082 4180 1400 4250 spectaculis
1423 4222 1436 4245 ,
1464 4190 1621 4251 atque
1651 4180 1748 4235 hos
1782 4182 1896 4236 dies

305 4286 428 4328 cum
461 4273 566 4328 illis
588 4272 829 4327 conferas
863 4289 878 4325 :
919 4273 970 4327 id
1002 4273 1044 4327 si
1079 4273 1269 4329 feceris
1294 4316 1308 4340 ,
1350 4274 1478 4328 nihil
1507 4290 1641 4345 opus
1667 4277 1768 4330 erit
1796 4290 1895 4330 uo-

305 4371 418 4417 stro
447 4378 715 4418 sermone.
752 4362 891 4417 Satis
918 4363 1061 4417 enim
1088 4362 1283 4427 fuerit,
1314 4363 1454 4417 hunc
1483 4364 1621 4418 diem
1651 4381 1771 4419 cum
1806 4365 1897 4419 illo

306 4468 664 4522 comparasse,
695 4453 759 4508 ad
791 4453 1178 4509 ostendendum
1207 4464 1260 4508 et
1286 4470 1442 4525 quam
1465 4472 1650 4526 magna
1678 4457 1746 4512 sit
1774 4458 1897 4515 hinc

305 4546 527 4612 utilitas,
546 4556 600 4601 et
620 4555 812 4616 quanta
836 4548 904 4601 sit
925 4548 1067 4600 illinc
1092 4562 1248 4600 noxa.
1275 4547 1399 4603 llaec
1422 4564 1561 4602 nunc
1576 4548 1641 4602 ad
1665 4559 1894 4602 chtram

305 4639 582 4693 caritatem
599 4639 819 4693 dicenda
841 4640 1041 4709 putavi,
1062 4655 1161 4694 nec
1184 4656 1431 4710 umquam
1453 4641 1632 4696 dicere
1649 4642 1892 4697 cessabo.

306 4729 399 4784 Sic
425 4730 620 4784 etenim
641 4739 694 4785 et
720 4744 814 4784 cos
833 4731 920 4800 qui
944 4731 1066 4785 huic
1085 4732 1272 4786 morbo
1298 4732 1511 4787 obnoxii
1539 4742 1681 4798 sunt,
1711 4735 1895 4789 admo-

310 4818 587 4882 nubimus,
616 4828 669 4873 et
698 4820 785 4889 qui
828 4822 941 4874 sani
977 4830 1122 4886 sunt,
1154 4821 1584 4878 confirmabimus
1612 4841 1624 4876 :
1659 4825 1897 4895 utrisque

303 4910 448 4963 enim
476 4910 632 4964 fuerit
661 4911 803 4965 utilis
834 4912 947 4967 haec
973 4914 1144 4966 oratio
1172 4930 1185 4966 :
1219 4914 1400 4969 alteris
1425 4916 1637 4984 quidem
1671 4925 1727 4970 ut
1750 4916 1892 4971 desi-

304 5012 468 5068 stant,
488 5003 667 5057 alteris
685 5018 811 5057 vero
829 5020 893 5059 ne
910 5005 1162 5059 incidant.
1182 5006 1446 5061 Cteterum
1464 5011 1711 5076 quoniam
1734 5023 1897 5078 opor-

304 5102 382 5146 tet
425 5093 840 5161 iucrepationem
884 5110 1004 5151 esse
1037 5096 1364 5151 moderatam
1389 5139 1405 5163 ,
1438 5097 1524 5153 hic
1548 5098 1895 5155 admonitioni

302 5185 467 5237 finem
500 5184 833 5252 imponemus
854 5227 868 5249 ,
901 5194 955 5240 et
981 5202 1099 5256 qua:
1119 5186 1186 5241 de
1210 5189 1483 5257 superiore
1511 5199 1717 5244 restant
1739 5207 1898 5259 argu-

303 5281 486 5329 mento
514 5274 882 5344 persolvemus
904 5315 919 5342 ,
947 5276 1232 5331 redeuntes
1261 5278 1327 5331 ad
1358 5279 1609 5334 Davidem
1642 5282 1683 5332 ¹.
1714 5280 1895 5350 Siqui-

301 5365 426 5419 dem
468 5366 558 5420 hic
590 5366 879 5435 pictoribus
928 5383 1043 5421 mos
1072 5378 1149 5423 est
1177 5410 1192 5433 ,
1231 5371 1439 5439 quoties
1475 5371 1756 5441 imaginem
1796 5372 1895 5426 ali-

302 5472 464 5525 quam
490 5457 557 5511 ad
588 5458 767 5511 vivum
795 5473 1106 5527 espressam
1134 5460 1411 5516 absolvere
1436 5463 1675 5531 cupiunt,
1704 5478 1892 5528 unum,

304 5547 474 5611 duos,
504 5548 589 5602 vel
630 5558 737 5603 tres
766 5549 881 5604 dies
908 5550 1146 5605 assident
1191 5551 1257 5606 iis
1298 5568 1431 5621 quos
1472 5553 1805 5623 depingunt,
1838 5564 1898 5609 ut

302 5639 523 5715 assidua
548 5642 998 5713 contemplatione
1023 5642 1154 5696 citra
1186 5659 1424 5699 errorem
1459 5654 1750 5716 cxacteque
1788 5646 1898 5702 for-

372 5774 390 5805 ι
425 5780 544 5841 Reg,
567 5786 695 5823 unus
717 5778 771 5826 et
789 5774 940 5838 colb.,
966 5773 1186 5829 dubium
1206 5775 1273 5829 ad
1288 5784 1477 5841 patrem
1498 5784 1714 5831 nostrum
1735 5778 1889 5831 Abra-

301 5833 419 5885 ham
447 5833 715 5886 redeuntes.

1367 380 1454 440 DE
1494 382 1743 439 DAVIDE
1782 380 1879 440 ET
1902 380 2126 443 SAULE
2158 384 2431 444 llOMfoA
2467 386 2551 446 lli.

3517 397 3621 454 693

2028 512 2227 559 matam
2255 506 2557 575 exprimant
2579 507 3005 567 similitudinem.
3036 510 3171 579 Quia
3202 511 3361 584 igitur
3385 522 3447 569 et
3470 515 3622 570 nobis

2029 598 2357 665 propositum
2386 607 2469 654 est
2494 613 2600 655 non
2629 603 2921 672 corporalis
2949 603 3136 660 forma:
3163 606 3447 678 imaginem
3470 649 3483 672 ,
3526 609 3620 663 sed

2028 684 2193 740 animi
2221 687 2663 757 pulchritudinem
2684 733 2701 759 ,
2742 707 2805 749 ac
2834 694 3163 763 spiritualem
3192 695 3442 753 decorem
3471 700 3621 753 vobis

2028 776 2188 833 hodie
2212 778 2524 851 depingere,
2553 782 2725 852 ipsum
2754 784 3005 840 Davidem
3030 786 3276 843 volumus
3302 787 3491 843 adesse
3520 806 3619 843 vo-

2028 867 2109 923 bis
2140 909 2156 936 ,
2184 878 2243 924 ut
2272 886 2459 927 omnes
2490 874 2542 929 in
2571 890 2694 929 eum
2725 876 2993 932 intuentes
3024 878 3074 933 in
3105 879 3342 935 animum
3372 881 3621 937 referatis

2026 973 2333 1030 expressam
2357 962 2486 1033 justi
2508 965 2980 1036 pulchritudinem,
3014 970 3364 1039 suavitatem,
3399 988 3619 1043 magna-

2026 1052 2320 1109 nimitatem
2346 1096 2361 1120 ,
2404 1056 2458 1110 in
2483 1071 2690 1113 summa
2721 1058 2969 1115 virtutem
2994 1060 3110 1131 ejus
3137 1076 3374 1118 omnem.
3405 1065 3614 1120 Etenim

2024 1145 2068 1198 si
2100 1146 2339 1217 corporis
2370 1148 2628 1220 imagines
2657 1151 2971 1206 nonnullum
3003 1153 3335 1210 intuentibus
3362 1154 3611 1211 solatium

2023 1236 2297 1305 adferunt,
2327 1241 2496 1296 multo
2525 1244 2693 1315 magis
2717 1244 2857 1301 idem
2887 1245 3083 1302 facient
3110 1245 3307 1303 mentis
3333 1246 3614 1319 imagines.

2022 1328 2195 1400 Atque
2216 1331 2331 1386 illas
2351 1332 2565 1402 quidem
2595 1349 2699 1389 non
2733 1334 2856 1391 licet
2879 1336 3049 1391 ubivis
3073 1336 3287 1401 intueri,
3306 1337 3400 1392 sed
3421 1338 3612 1393 eodem

2022 1419 2076 1475 in
2102 1420 2219 1476 loco
2246 1424 2509 1478 consistas
2536 1434 2745 1495 oportet
2773 1441 2786 1478 :
2817 1425 2954 1481 hanc
2978 1442 3107 1482 vero
3129 1427 3260 1481 nihil
3286 1436 3447 1493 vetat,
3478 1443 3617 1498 quo-

2020 1510 2199 1566 minus
2226 1527 2563 1584 quocumque
2588 1515 2722 1570 velis
2749 1525 2923 1571 tecum
2964 1518 3329 1573 circumferas.
3357 1518 3489 1573 Nam
3517 1534 3613 1588 po-

2019 1611 2294 1673 steaquam
2320 1619 2437 1659 eam
2468 1606 2521 1660 in
2555 1607 2718 1661 animi
2752 1608 3109 1677 penetralibus
3132 1610 3413 1679 reposuisti
3439 1650 3454 1676 ,
3496 1608 3615 1664 ubi-

2018 1709 2248 1766 cumque
2290 1697 2525 1753 locorum
2561 1700 2727 1755 fueris
2754 1742 2768 1766 ,
2801 1701 3001 1769 poteris
3035 1715 3179 1771 saepe
3220 1702 3606 1771 contemplari,

2019 1787 2411 1858 plurimumque
2436 1805 2500 1845 ex
2530 1804 2591 1846 ea
2622 1790 2861 1845 utilitatis
2889 1806 3098 1861 capere.
3141 1792 3210 1846 Et
3247 1792 3383 1847 sicut
3410 1794 3499 1862 qui
3531 1792 3611 1845 la-

2017 1879 2208 1935 borant
2233 1882 2435 1951 oculis,
2477 1884 2521 1938 si
2561 1884 2810 1955 spongias
2838 1899 2900 1939 ac
2928 1885 3156 1940 vesdum
3193 1900 3398 1956 cyaneo
3427 1885 3612 1940 colore

2014 1988 2220 2043 pannos
2244 1982 2484 2030 tenentes
2509 1976 2817 2046 frequenter
2838 1976 2889 2030 in
2911 1992 2972 2032 ea
2995 1978 3320 2043 intueantur,
3349 1993 3413 2032 ex
3437 1992 3503 2031 co
3521 1992 3612 2031 co-

2016 2062 2127 2118 lore
2145 2065 2458 2119 nonnullum
2479 2066 2694 2135 capiunt
2713 2067 2883 2122 morbi
2905 2069 3145 2124 levamen
3166 2086 3180 2123 :
3197 2068 3442 2123 similiter
3457 2078 3510 2123 et
3529 2078 3607 2133 tu,

2015 2155 2058 2209 si
2090 2155 2303 2212 Davidis
2343 2158 2627 2229 imaginem
2663 2174 2775 2228 prae
2811 2160 2980 2214 oculis
3020 2159 3218 2214 habeas
3240 2201 3253 2222 ,
3288 2170 3342 2213 et
3387 2160 3438 2212 iu
3471 2159 3608 2215 hanc

2014 2245 2230 2301 assidue
2253 2246 2455 2318 deligas
2479 2248 2664 2303 oculos
2688 2289 2703 2313 ,
2748 2249 2957 2304 etiamsi
3000 2250 3195 2304 millies
3227 2249 3489 2304 obtundat
3530 2251 3607 2303 ira

2014 2339 2211 2392 mentis
2239 2340 2451 2393 oculum
2484 2340 2804 2410 perturbans
2825 2383 2840 2407 ,
2872 2341 2938 2396 ad
2972 2341 3073 2397 hoc
3098 2341 3307 2398 virtutis
3336 2345 3611 2413 exemplar

2013 2433 2331 2501 rrSpieiens,
2361 2434 2649 2502 perfectam
2680 2435 3023 2504 consequeris
3048 2434 3357 2500 sanitatem,
3391 2451 3608 2506 puram-

2013 2539 2115 2593 que
2136 2523 2297 2577 animi
2327 2524 2739 2595 philosophiam.

2081 2618 2136 2671 '5.
2171 2615 2360 2671 Nullus
2382 2618 2617 2672 inimicus
2647 2618 2808 2674 Sat'de
2838 2619 3072 2675 deterior.
3098 2651 3173 2661 ——
3197 2620 3276 2677 Ne
3304 2623 3421 2692 quis
3451 2624 3609 2691 igitur

2012 2705 2143 2760 tnihi
2174 2707 2315 2761 dicat
2346 2727 2358 2762 :
2392 2707 2667 2763 inimicum
2702 2710 2873 2766 habeo
2904 2713 3191 2767 scelestum
3214 2754 3226 2776 ,
3259 2713 3557 2783 improbum
3586 2754 3602 2779 ,

2011 2809 2346 2869 corruptum,
2381 2800 2815 2872 incorrigibilem.
2845 2803 3108 2873 Quidquid
3139 2804 3359 2869 dixeris,
3388 2820 3492 2857 non
3524 2812 3608 2858 est

2013 2902 2186 2947 tamen
2214 2894 2373 2949 Saﬁlc
2412 2894 2663 2959 deterior,
2695 2895 2786 2965 qui
2825 2898 2990 2951 semel
3022 2905 3075 2951 et
3106 2897 3296 2951 iterum
3319 2940 3332 2963 ,
3366 2896 3473 2949 imo
3500 2910 3604 2950 sa:-

2010 2984 2128 3053 pius
2154 2994 2397 3040 servatus
2424 3000 2453 3039 a
2476 2986 2690 3052 Davide,
2716 3001 2835 3041 cum
2861 2988 2973 3056 ipse
3001 2986 3147 3041 mille
3175 2986 3347 3041 modis
3373 2986 3445 3041 illi
3466 2994 3608 3040 stru-

2010 3078 2177 3132 xisset
2204 3078 2445 3146 insidias,
2471 3088 2646 3133 tamen
2676 3095 2773 3149 pro
2798 3088 2875 3133 tot
2901 3079 3173 3135 beneficiis
3202 3081 3453 3149 acceptis,
3484 3095 3604 3147 per-

2006 3171 2273 3225 severavit
2292 3170 2344 3224 in
2366 3186 2460 3225 sua
2482 3172 2698 3225 malitia.
2720 3170 2854 3239 Quid
2880 3172 3039 3241 igitur
3057 3171 3219 3226 habes
3237 3169 3377 3240 quod
3395 3170 3604 3225 incuses

2008 3260 2322 3315 inimicum?
2350 3260 2502 3329 Quod
2531 3270 2686 3316 terrae
2708 3271 2911 3332 partem
2938 3261 3174 3328 ademit,
3204 3262 3345 3332 quod
3377 3260 3429 3314 in
3460 3263 3603 3331 agris

2008 3352 2135 3410 fecit
2164 3354 2408 3424 injuriam
2430 3397 2444 3421 ,
2476 3355 2617 3425 quod
2642 3355 2832 3409 domus
2859 3355 3059 3410 limites
3086 3363 3449 3424 transgressus
3476 3362 3557 3408 est
3582 3396 3598 3422 ,

2007 3446 2147 3517 quod
2177 3436 2437 3517 mancipia
2466 3458 2553 3501 tua
2585 3448 2779 3517 rapuit,
2812 3446 2951 3517 quod
2984 3446 3088 3500 vim
3118 3446 3313 3513 attulit,
3342 3444 3482 3515 quod
3511 3452 3599 3499 tua

2007 3547 2205 3608 prieter
2224 3538 2310 3609 jus
2337 3539 2654 3609 occupavit,
2687 3538 2827 3610 quod
2857 3538 2923 3593 ad
2956 3546 3319 3608 paupertatem
3350 3536 3552 3607 redegit
3578 3536 3603 3589 ἓ

2007 3632 2077 3685 At
2108 3629 2343 3685 nondum
2390 3631 2587 3701 eripuit
2628 3631 2789 3685 vitam
2817 3673 2830 3699 ,
2865 3630 3005 3701 quod
3044 3631 3259 3685 molitus
3303 3640 3384 3685 est
3426 3629 3551 3685 Sat'd
3584 3647 3598 3684 :

2006 3723 2148 3792 quod
2175 3723 2218 3776 si
2248 3731 2302 3777 et
2331 3724 2489 3777 vitam
2521 3723 2728 3793 eripere
2754 3731 2974 3777 conatus
3013 3734 3092 3777 est
3118 3762 3132 3787 ,
3169 3720 3396 3777 fortasse
3426 3722 3596 3776 semel

2008 3812 2058 3866 id
2089 3827 2251 3866 ausus
2280 3821 2384 3880 est,
2406 3828 2511 3866 non
2540 3813 2727 3879 semel,
2756 3812 2837 3866 bis
2859 3822 2951 3866 aut
2980 3821 3077 3874 ter,
3099 3821 3188 3866 aut
3218 3812 3434 3882 saepius,
3466 3814 3603 3866 sicut

2006 3901 2132 3956 fecit
2157 3902 2283 3957 Saﬁl
2329 3900 2403 3974 (α)
2440 3920 2453 3956 :
2486 3903 2627 3972 quod
2656 3903 2699 3958 si
2725 3904 2883 3957 etiam
2911 3903 3073 3957 semel
3094 3943 3108 3966 ,
3137 3902 3183 3956 si
3210 3902 3290 3955 his
3311 3945 3325 3968 ,
3351 3903 3393 3955 si
3426 3912 3524 3964 ter,
3553 3903 3599 3956 si

2005 3993 2201 4063 saepius
2227 3994 2329 4047 hoc
2352 3996 2594 4057 tentavit,
2625 4003 2680 4047 at
2708 4009 2812 4048 non
2845 4003 2919 4047 tot
2948 3993 3170 4047 affectus
3193 3994 3287 4047 abs
3312 4003 3363 4049 te
3392 3994 3595 4049 benefi-

2004 4085 2122 4153 ciis,
2146 4094 2201 4140 at
2229 4103 2336 4141 non
2364 4102 2484 4141 cum
2515 4086 2681 4142 semel
2705 4096 2866 4156 atque
2896 4087 3085 4141 iterum
3115 4086 3386 4142 incidisset
3410 4088 3460 4141 in
3487 4102 3601 4141 ma-

2005 4193 2105 4233 nus
2137 4190 2272 4245 tuas,
2300 4188 2355 4235 et
2384 4189 2626 4234 servatus
2653 4186 2797 4233 esset
2827 4199 2839 4234 :
2871 4189 2922 4234 et
2949 4180 2993 4233 si
3024 4179 3126 4233 hoc
3155 4195 3367 4250 quoque
3398 4177 3595 4233 factum

2004 4281 2088 4327 est
2110 4314 2124 4339 ,
2154 4271 2234 4327 sic
2270 4273 2433 4327 etiam
2462 4286 2646 4326 rursus
2682 4281 2898 4340 superat
2941 4272 3054 4340 ipse
3096 4271 3281 4326 David.
3313 4270 3426 4325 Non
3455 4270 3596 4325 enim

2004 4364 2149 4434 paria
2172 4373 2296 4418 sunt
2328 4364 2428 4417 sub
2466 4372 2645 4417 vetere
2682 4363 2799 4433 lege
2835 4362 3114 4431 degentem
3140 4402 3156 4426 ,
3202 4368 3254 4413 et
3297 4374 3439 4413 nunc
3478 4368 3601 4427 post

2003 4456 2279 4527 Evangelii
2305 4457 2530 4528 gratiam
2560 4455 2681 4509 talia
2721 4452 3027 4507 condonare
3052 4451 3234 4521 gratis.
3270 4450 3385 4504 Non
3417 4450 3600 4504 audie-

2004 4553 2086 4598 rat
2134 4544 2296 4597 David
2338 4544 2639 4613 parabolam
2681 4542 2749 4595 de
2790 4540 2975 4596 decem
3013 4541 3243 4595 millibus
3274 4541 3593 4595 talentorum

2003 4647 2161 4705 atque
2190 4636 2256 4690 de
2282 4643 2493 4690 centum
2524 4633 2791 4697 denariis;
2825 4649 2930 4687 non
2962 4633 3202 4687 audierat
3231 4634 3595 4703 precationem

2003 4726 2290 4790 dicentem,
2322 4724 2579 4778 Remittite
2603 4723 2887 4778 hominibus
2912 4724 3079 4777 debita
3108 4725 3365 4795 ipsorum,
3395 4733 3524 4777 sicut
3553 4734 3599 4778 et

2008 4816 2165 4871 Pater
2203 4825 2359 4870 vester
2396 4817 2607 4871 cazlestis
2650 4814 2862 4886 (Marc.
2910 4816 2998 4870 ll.
3042 4816 3149 4886 25)
3182 4833 3199 4874 ε
3233 4832 3341 4871 non
3391 4817 3601 4870 viderat

2004 4910 2273 4966 Christum
2304 4908 2639 4973 crucifixum,
2675 4923 2780 4961 non
2808 4907 3035 4963 effusum
3063 4909 3355 4977 pretiosum
3388 4908 3573 4977 sangui

2005 5018 2149 5069 nem,
2174 5017 2272 5056 uec
2290 5001 2532 5057 audierat
2556 5001 2976 5057 inmunerabiles
2997 5017 3276 5057 sermones
3294 5002 3434 5055 circa
3463 4999 3600 5053 hanc

2004 5093 2437 5164 philosophiam;
2471 5108 2577 5146 non
2622 5092 2744 5148 talis
2791 5092 3040 5149 sncrilicii
3066 5133 3079 5156 ,
3118 5105 3294 5161 neque
3322 5105 3600 5160 sanguinis

2004 5183 2254 5239 dominici
2287 5186 2550 5253 particeps
2577 5181 2788 5248 fuerat,
2834 5183 2928 5237 sed
2957 5181 3161 5251 legibus
3188 5179 3602 5248 imperfectiori-

2004 5275 2104 5330 bus
2130 5275 2389 5331 educatus
2408 5317 2424 5342 ,
2458 5290 2632 5345 neque
2662 5274 2768 5328 tale
2792 5273 3081 5342 quidquam
3114 5270 3451 5341 exigentibus
3475 5312 3490 5336 ,
3520 5281 3602 5325 ta-

2005 5382 2129 5423 men
2172 5367 2240 5423 ad
2282 5368 2602 5437 evangelicae
2641 5365 2994 5438 philosotihize
3037 5365 3300 5435 fastigium
3333 5364 3595 5433 pervenit.

2005 5460 2074 5514 At
2100 5468 2155 5513 tu
2180 5457 2490 5528 frequenter
2526 5459 2727 5523 iratus,
2764 5457 3077 5526 injuriarum
3115 5457 3434 5510 memoriam
3465 5454 3595 5509 reti-

2004 5566 2103 5606 nes
2129 5569 2141 5602 :
2177 5551 2265 5605 hic
2290 5565 2420 5605 vero
2446 5565 2567 5605 cum
2598 5550 2667 5605 de
2694 5549 2882 5605 futuris
2908 5558 3187 5615 metueret,
3220 5557 3370 5603 certo
3399 5549 3595 5613 sciens,

2003 5646 2050 5701 si
2073 5645 2283 5701 hostem
2304 5651 2564 5713 servaret,
2598 5658 2657 5699 se
2680 5653 2732 5699 et
2761 5644 2976 5699 civitate
3002 5642 3363 5699 exsulaturum
3388 5680 3404 5707 ,
3437 5648 3494 5696 et
3521 5640 3600 5695 vi-

2006 5780 2011 5783 ⁷
2067 5777 2143 5842 (ἐξ)
2173 5778 2256 5826 Hic
2277 5776 2469 5842 etAinfra
2493 5776 2713 5842 quadam
2736 5775 2943 5829 deerant
2965 5776 3016 5827 in
3037 5776 3201 5838 Editis,
3224 5789 3334 5839 quae
3360 5787 3425 5827 ex
3445 5771 3601 5833 Regio

2013 5840 2180 5891 codice
2204 5838 2512 5903 supplentur.
