4064 6444
462 383 570 441 699

465 514 574 556 tam
611 499 973 556 calamitosum
1014 503 1277 558 acturum,
1313 506 1420 547 non
1453 489 1655 547 destitit
1691 498 1869 545 tamen
1913 483 2053 541 illius

465 593 670 648 habere
696 605 900 653 curam,
926 586 1019 643 sed
1047 585 1224 642 omnia
1255 584 1398 652 fecit,
1430 581 1572 640 hunc
1603 581 1760 639 talem
1785 588 1970 637 contra
1994 593 2056 636 se

469 682 678 736 hostem
708 679 912 735 fovens.
930 677 1061 744 Quis
1079 688 1503 733 commemorare
1522 674 1695 731 valeat
1715 672 2056 731 tolerantiam

473 772 572 826 hac
589 770 887 840 majorem?
906 768 1073 824 Porro
1100 775 1161 824 ut
1184 781 1289 823 non
1318 774 1521 822 tantum
1547 781 1613 822 es
1643 763 1944 835 matter-itis,
1969 778 2058 821 vo-

471 876 587 915 rum
614 875 679 916 ex
710 859 794 915 his
820 875 1030 933 quoque
1056 874 1175 931 quae
1203 872 1347 914 nunc
1372 857 1504 914 [inut
1531 857 1707 915 discas
1735 855 1848 913 ﬁeri
1874 872 2052 927 posse,

471 962 528 1007 ut
555 967 677 1008 cum
717 953 907 1023 quovis
944 953 1160 1009 homine
1201 952 1437 1007 animum
1480 950 1538 1005 in
1577 960 1629 1009 te
1675 949 1918 1007 hostilem
1960 964 2053 1021 ge—

471 1057 623 1103 rente
645 1045 834 1101 redeas
856 1047 908 1100 in
924 1046 1175 1115 gratiam,
1193 1044 1319 1117 quid
1341 1044 1498 1101 leone
1526 1041 1764 1099 suvius?
1790 1042 1858 1100 Et
1880 1050 2057 1097 tamen

472 1138 616 1194 hunc
643 1138 877 1194 cicurem
906 1146 1349 1207 mansuetumque
1385 1135 1616 1192 reddunt
1643 1133 1915 1198 homines,
1944 1143 2059 1190 arte

475 1240 718 1287 naturam
768 1239 1121 1300 superantes:
1162 1228 1328 1300 ﬁtque
1365 1229 1550 1300 quavis
1590 1242 1691 1285 ore
1732 1226 1914 1283 mitior
1949 1224 2059 1280 fera

475 1321 714 1379 omnium
744 1322 1131 1379 immanissima
1158 1329 1213 1376 et
1253 1319 1630 1389 superbissima
1654 1359 1670 1385 ,
1713 1318 1850 1374 adeo
1876 1330 1930 1373 ut
1966 1333 2063 1387 per

476 1415 648 1469 lorum
678 1413 915 1469 ambulet
936 1453 954 1476 .
982 1413 1249 1471 neminem
1282 1412 1551 1469 territans.
1581 1412 1748 1479 Quam
1782 1410 1939 1480 igitur
1965 1409 2063 1467 ha-

484 1508 646 1565 bituri
672 1522 861 1564 sumus
883 1508 1282 1564 excusationem
1302 1548 1317 1571 ,
1353 1520 1511 1575 quam
1541 1504 1943 1575 impetrabimus
1966 1518 2063 1564 ver

480 1600 623 1655 niam
648 1640 664 1666 ,
706 1600 750 1653 si
781 1613 902 1654 cum
933 1597 1073 1655 feras
1100 1598 1298 1654 bestias
1325 1596 1625 1653 cicuremus
1644 1636 1665 1661 ,
1694 1594 2066 1665 negaverimus

484 1689 727 1744 homines
750 1704 997 1758 umquam
1020 1703 1177 1757 posse
1196 1687 1393 1757 placari
1415 1686 1807 1756 benevolosque
1823 1700 1946 1756 erga
1967 1699 2067 1741 nos

480 1778 675 1835 reddi?
698 1780 857 1850 Atqui
887 1780 1071 1834 bestiae
1093 1779 1310 1850 quidem
1339 1787 1536 1849 praeter
1564 1786 1806 1834 naturam
1833 1786 1918 1833 est
1945 1790 2066 1835 esse

482 1877 839 1935 litansuctam,
867 1871 1068 1926 homini
1102 1886 1230 1927 vero
1258 1878 1451 1939 praeter
1476 1881 1721 1927 naturam
1747 1879 1832 1927 est
1861 1869 2065 1927 feritas.

484 1960 623 2029 Ergo
653 1976 772 2015 cum
815 1962 868 2017 in
900 1962 1004 2017 illis
1030 1972 1272 2042 naturam
1301 1961 1605 2028 vincamus,
1634 1977 1737 2032 qua
1768 1960 1942 2019 fronte
1971 1974 2072 2016 nos

485 2052 858 2107 cxcusubimns
882 2093 896 2116 ,
927 2053 976 2108 si
1005 2053 1058 2109 in
1088 2053 1303 2108 homine
1324 2068 1608 2108 causemur
1634 2052 1796 2108 animi
1825 2051 2069 2121 proposiv

485 2153 602 2198 tum
628 2157 732 2197 non
762 2158 917 2212 posse
944 2144 1181 2214 corrigi?
1209 2144 1360 2210 Quod
1385 2145 1429 2200 si
1457 2144 1633 2200 adhuc
1659 2142 1975 2209 contendis,
2005 2143 2072 2199 ii—

488 2233 578 2288 iud
599 2233 844 2299 dixerim,
871 2236 1111 2304 quamvis
1142 2235 1422 2290 insanabili
1443 2236 1627 2291 morbo
1647 2244 1867 2306 :egrotet
1887 2235 2071 2301 homo,

488 2339 596 2394 quo
626 2324 744 2394 plus
772 2322 928 2380 fuerit
954 2325 1164 2391 laboris,
1196 2325 1299 2381 hac
1328 2327 1420 2381 tibi
1460 2342 1663 2382 merces
1683 2326 1783 2381 erit
1811 2326 2071 2394 amplior;

490 2415 536 2469 si
566 2415 819 2480 assidens,
850 2432 1047 2472 curans
1081 2416 1458 2473 immedicabili
1502 2417 1690 2475 morbo
1720 2417 2070 2475 laborantem.

562 2507 713 2563 Nihil
731 2510 896 2563 nocuit
915 2507 1100 2564 Doridi
1120 2502 1291 2564 odium
1322 2508 1538 2575 Sutilis;
1574 2527 1668 2566 cur
1694 2512 1947 2583 patientia
1970 2527 2076 2565 me-

490 2601 647 2655 ritum
674 2611 898 2673 mouetur
921 2602 1270 2673 eleemesyuc.
1309 2631 1380 2645 -—-
1403 2602 1578 2663 Unum
1606 2603 1764 2674 igitur
1790 2602 1920 2661 illud
1948 2618 2074 2675 spe-

492 2701 701 2749 ctemus
718 2734 733 2758 ,
763 2709 867 2748 non
896 2709 964 2748 ne
992 2693 1120 2764 quid
1146 2694 1273 2750 mali
1297 2694 1559 2764 patiamur
1584 2695 1654 2752 ab
1678 2695 1909 2751 inimicis
1932 2736 1947 2759 ,
1981 2695 2076 2751 sed

499 2800 569 2840 ne
606 2785 734 2856 quid
765 2786 869 2841 iiiis
897 2787 1022 2841 mali
1044 2786 1302 2842 faciamus
1330 2805 1346 2842 :
1378 2789 1447 2843 ita
1475 2788 1605 2844 nihil
1633 2789 1899 2858 patiemur
1929 2791 2075 2857 mali,

497 2875 703 2931 etiamsi
744 2877 1020 2933 innumera
1050 2876 1381 2948 perferamus
1416 2879 1554 2934 mala
1584 2897 1598 2933 :
1628 2880 2078 2951 quemadmodum

496 2983 598 3024 nec
628 2967 817 3035 David,
842 2969 969 3024 dum
995 2970 1222 3040 ejicitnr,
1243 2969 1371 3027 dum
1398 2972 1447 3026 in
1472 2972 1717 3029 exsilium
1746 2974 1941 3044 agitur,
1954 2975 2079 3033 dum

500 3075 667 3130 usque
689 3060 755 3115 ad
784 3062 904 3115 vitae
927 3060 1213 3119 discrimen
1241 3062 1451 3118 insidiis
1476 3064 1762 3133 appetitur,
1791 3066 2079 3136 quidquam

498 3150 685 3206 acerbi
718 3166 909 3222 passus
942 3161 1025 3207 est
1053 3172 1066 3207 :
1098 3153 1227 3224 quin
1254 3155 1431 3224 potius
1456 3154 1610 3212 hoste
1642 3169 1742 3212 suo
1784 3157 1956 3214 factus
1998 3166 2084 3217 est

496 3245 763 3303 illustrior
798 3244 1285 3317 honorabiliorque,
1318 3249 1634 3321 exterisque
1660 3250 1909 3307 omnibus
1935 3266 2084 3307 aina-

503 3336 691 3402 bilior,
719 3336 879 3407 idque
904 3354 1011 3395 non
1043 3341 1347 3399 hominibus
1394 3351 1602 3401 tantum
1628 3386 1644 3410 ,
1672 3346 1766 3402 sed
1797 3345 1896 3415 ipsi
1923 3346 2083 3402 etiam

501 3427 634 3484 Deo.
664 3428 800 3498 Quid
827 3431 971 3487 enim
1014 3431 1320 3490 detrimenti
1358 3435 1505 3507 cepit
1544 3447 1765 3494 sanetus
1809 3436 1930 3500 ille,
1962 3452 2087 3494 cum

494 3527 614 3575 tam
651 3520 823 3576 multa
866 3531 1240 3595 perpeteretur
1262 3540 1291 3580 a
1319 3524 1480 3582 Same
1508 3528 1534 3582 Υ
1555 3530 1748 3586 Annon
1786 3529 1840 3585 in
1868 3530 2085 3587 hodier-

507 3627 633 3666 num
665 3628 834 3685 usque
853 3614 994 3673 diem
1015 3618 1228 3674 canitur
1253 3619 1475 3683 illustris
1496 3620 1549 3677 in
1574 3630 1738 3686 terra,
1757 3622 2015 3679 illustrior
2035 3622 2087 3678 in

497 3703 659 3758 caelo?
682 3719 860 3761 annon
884 3708 1032 3763 illum
1057 3710 1430 3768 inenarrabilis
1459 3723 1677 3770 manent
1694 3714 1832 3770 bona
1859 3724 1914 3770 et
1934 3717 2092 3772 exulo.

500 3809 625 3850 rum
655 3800 921 3867 regnum?
950 3800 1158 3858 Rursus
1171 3803 1299 3872 quid
1326 3805 1597 3861 commodi
1622 3807 1769 3877 cepit
1786 3807 1965 3864 infelix
1996 3809 2090 3865 ille

500 3900 569 3941 ac
594 3887 777 3955 miser,
795 3900 868 3944 tot
895 3891 1117 3949 insidias
1143 3894 1607 3953 molituslNonne
1636 3916 1803 3971 regno
1831 3917 2091 3959 excussus

505 3979 631 4033 est?
676 3996 853 4039 nonne
906 3985 1210 4044 miseranda
1262 3999 1442 4046 morte
1471 3992 1629 4061 periit
1652 4009 1756 4049 una
1786 4009 1913 4049 eme
1954 3996 2088 4064 lilio,

508 4079 668 4140 atque
692 4071 761 4126 ab
786 4075 1036 4130 omnibus
1056 4078 1422 4153 vituperatur(
1451 4082 1506 4137 1.
1529 4083 1663 4154 Reg.
1692 4084 1844 4157 ηιμ),
1874 4094 1926 4141 et
1946 4087 2090 4156 (μιοά

505 4159 595 4213 his
617 4162 835 4230 gravius
854 4173 958 4231 est,
985 4173 1185 4222 aeterna
1214 4170 1314 4226 luit
1338 4173 1639 4241 supplicia?
1666 4175 1946 4232 Postremo
1966 4177 2092 4247 quid

516 4250 729 4307 tandem
748 4262 832 4307 est
856 4255 1001 4326 quod
1035 4257 1248 4314 incusas
1269 4302 1287 4327 ,
1315 4265 1662 4332 quamobrem
1708 4282 1820 4322 non
1848 4268 1928 4324 vis
1970 4285 2091 4326 eam

506 4344 607 4399 illo
630 4344 806 4402 redire
828 4348 882 4403 in
906 4350 1178 4418 gratiam?
1211 4351 1473 4410 Pecunias
1496 4355 1739 4425 eripuit?
1762 4358 1875 4414 Sed
1900 4359 1950 4415 si
1988 4362 2095 4415 lor-

510 4437 641 4493 titer
679 4439 885 4508 perlers
910 4443 1193 4512 rapinam,
1227 4445 1810 4519 tamumdemaecipiea
1831 4453 2094 4508 mercedis

506 4544 576 4584 ac
603 4531 651 4585 si
677 4545 769 4587 eas
806 4531 859 4587 in
884 4547 1076 4590 manus
1102 4551 1396 4607 pauperum
1428 4539 1779 4609 reposuisses.
1818 4540 2109 4612 Siquidem

508 4630 569 4675 et
595 4622 687 4691 qui
712 4622 864 4679 dedit
892 4626 1076 4695 egenis
1099 4667 1115 4692 ,
1146 4637 1201 4684 et
1225 4629 1316 4698 qui
1358 4629 1409 4685 ei
1441 4632 1534 4701 qui
1579 4632 1758 4688 aliena
1787 4636 2093 4704 usurpavit,

510 4727 687 4782 neque
714 4723 864 4783 parat
911 4714 1165 4783 insidias,
1206 4733 1382 4790 neque
1418 4721 1565 4778 male
1610 4732 1894 4793 precatur,
1937 4725 2097 4782 ambo

510 4814 734 4873 propter
746 4805 912 4862 Deum
934 4808 987 4863 id
1014 4808 1233 4865 faciunt.
1260 4811 1497 4869 Proinde
1515 4828 1636 4870 eum
1654 4815 1911 4886 impendii
1936 4832 2098 4872 causa

511 4894 724 4961 eadem,
752 4898 1096 4966 perspicuum
1121 4911 1200 4958 est
1234 4918 1397 4960 unam
1414 4906 1769 4979 eamdemque
1789 4910 1910 4967 fere
1937 4926 2096 4967 coro-

518 5004 661 5044 nam.
690 4987 798 5044 Sed
826 4990 948 5046 vitae
968 4992 1248 5053 insidiatus
1269 5009 1376 5063 est,
1396 5010 1451 5054 et
1475 5011 1705 5059 collatas
1726 5005 2098 5061 estoeoidere?

518 5082 593 5137 Ea
625 5098 715 5139 res
743 5084 840 5139 tibi
873 5099 969 5155 pro
995 5088 1252 5157 martyrio
1273 5088 1642 5160 imputabitur,
1664 5096 1713 5151 si
1730 5096 1961 5153 insidias
1985 5112 2098 5152 me-

512 5178 754 5244 lientem,
774 5180 917 5235 etad
956 5188 1161 5237 tantam
1200 5195 1520 5253 provectum
1553 5187 1882 5248 inimicitiam
1907 5232 1922 5253 ,
1953 5191 2097 5246 inter

511 5266 649 5343 inme
675 5270 896 5327 meritos
921 5275 1246 5342 numeraris,
1276 5290 1382 5331 non
1408 5276 1663 5334 desinens
1679 5295 1948 5353 clampre
1983 5283 2096 5349 illo,

516 5359 684 5415 Deum
712 5363 1078 5431 obsecrando,
1109 5375 1171 5421 ut
1196 5367 1273 5422 illi
1299 5367 1397 5422 ﬁat
1420 5370 1704 5440 propitius.

584 5453 639 5507 4.
662 5453 743 5509 Ne
786 5454 946 5526 igitur
974 5458 1109 5513 illud
1146 5469 1454 5530 reputcmns
1475 5503 1492 5529 ,
1516 5465 1662 5534 quod
1703 5465 1845 5522 Deus
1866 5467 2101 5521 vetuerit

516 5557 586 5601 ne
600 5543 859 5601 Davidem
872 5549 1155 5607 occideret
1166 5551 1300 5608 Sail
1323 5571 1339 5606 :
1362 5555 1463 5610 sed
1494 5557 1632 5612 illud
1644 5559 2099 5624 coincidera,eum

510 5648 580 5693 οι
615 5635 821 5693 insidiis
844 5637 1023 5696 Sutilis
1056 5643 1223 5715 tripl:
1259 5646 1665 5720 quadnplaque
1713 5650 1958 5720 martyrii
1996 5664 2099 5706 co-

520 5740 651 5782 rona
680 5730 982 5790 redimitum
1006 5737 1191 5794 fuisse.
1211 5740 1418 5796 Etenim
1447 5742 1535 5813 qui
1565 5750 1783 5814 propter
1804 5742 1969 5799 Deum
1988 5756 2105 5799 ser-

522 5815 665 5871 vavit
693 5818 929 5892 hostem,
977 5841 1098 5886 eum
1128 5829 1218 5902 qui
1257 5832 1426 5892 semel
1449 5873 1465 5904 ,
1493 5832 1574 5891 bis
1596 5876 1615 5905 ,
1642 5820 1752 5893 into
1791 5833 2105 5906 frequentet

1194 376 1248 432 ς.
1289 371 1564 431 1οᾹΝΝ15
1600 360 2080 427 (ιιιιιῑεοδτοιιι
2114 364 2434 424 ARCHIEP.
2473 369 3007 432 CONSTANTINOP.

3650 382 3771 439 ’που

2169 480 2410 541 lanceam
2439 485 2492 543 in
2512 495 2675 557 caput
2700 488 2844 545 illius
2872 489 3129 559 vibrarat,
3156 505 3279 548 cum
3303 499 3453 550 esset
3470 495 3755 553 occidendi

2169 584 2487 646 potestatem
2515 587 2703 635 uacuis
2725 621 2743 646 ,
2772 588 2952 637 nmen
2979 582 3217 654 pepercit
3262 584 3396 654 ipsi,
3437 600 3564 641 eum
3591 587 3756 645 sciret

2163 678 2347 738 postea
2378 668 2510 734 fore,
2529 678 2590 726 ut
2613 670 2789 726 denuo
2807 671 2876 726 ab
2898 673 2990 731 illo
3012 674 3388 743 imputaretur:
3410 676 3755 747 perspicuum

2163 770 2247 820 est
2286 777 2410 819 etim
2441 762 2634 819 millies
2685 763 3021 822 interfectum
3064 782 3188 824 esse
3230 770 3395 827 animi
3430 772 3771 842 proposito;

2164 856 2360 914 millies
2410 866 2590 913 autem
2640 858 2951 914 interfectus
2995 869 3214 930 propter
3266 861 3757 933 Deum,plurimas

2170 949 2297 1005 tulit
2343 951 2583 1019 martyrii
2612 965 2838 1006 coronas
2869 970 2882 1007 :
2913 952 3000 1021 qui
3024 953 3478 1022 quemadmodum
3517 965 3572 1010 et
3613 955 3755 1010 Pau-

2165 1043 2249 1097 lus
2277 1043 2381 1108 ait,
2413 1042 2652 1110 Quotidie
2678 1044 2867 1099 morior
2895 1054 3103 1115 propter
3135 1044 3296 1100 Deum
3322 1046 3500 1116 (Rom.
3524 1048 3580 1100 8.
3607 1047 3678 1102 ἐὖ
3697 1049 3718 1121 )
3736 1089 3769 1113 ν

2168 1133 2399 1203 idipsum
2430 1143 2484 1189 et
2519 1135 2608 1190 ille
2638 1146 2855 1205 propter
2900 1136 3064 1192 Deum
3141 1154 3339 1208 passus
3429 1150 3535 1195 est.
3617 1139 3769 1195 Cum

2164 1228 2309 1283 enim
2342 1238 2521 1301 posset
2547 1227 2757 1284 hostem
2785 1228 2884 1283 sibi
2913 1229 3251 1285 insidiantem
3284 1244 3316 1283 e
3342 1229 3522 1285 medio
3543 1232 3757 1299 tollere,

2167 1325 2386 1389 prepter
2421 1321 2590 1373 Deum
2621 1318 2786 1372 noluit
2807 1360 2821 1383 ,
2858 1327 2912 1373 et
2945 1319 3130 1374 Innluit
3171 1319 3410 1390 quotidie
3440 1322 3755 1389 periclitari,

2164 1423 2325 1479 quam
2361 1408 2504 1479 juSta
2532 1408 2681 1465 οτι-(ιθ
2724 1425 2755 1466 a
2787 1418 2864 1464 tot
2905 1411 3166 1465 mortibus
3216 1410 3453 1471 liberari.
3508 1412 3664 1480 Quod
3712 1415 3771 1470 si

2170 1514 2339 1570 usque
2369 1499 2435 1554 ad
2482 1500 2647 1569 ipsius
2678 1500 2799 1555 vitm
2841 1502 3134 1570 perieulum
3190 1502 3530 1559 insidiantem
3576 1503 3772 1558 ulcisci

2169 1603 2331 1662 atque
2355 1592 2536 1648 odisse
2561 1591 2642 1647 fas
2668 1608 2773 1648 non
2804 1604 2885 1648 est
2904 1633 2918 1658 ,
2946 1594 3114 1650 multo
3148 1594 3327 1650 minus
3364 1594 3490 1652 licet
3512 1611 3639 1651 eum
3668 1598 3761 1666 qui

2170 1684 2461 1754 vulgariter
2485 1684 2644 1750 hesit,
2674 1683 2879 1740 ideisci.

2242 1776 2386 1846 Apici
2430 1777 2745 1832 contumeliis
2766 1793 2833 1831 an
2854 1776 2920 1832 sit
2949 1774 3280 1832 intolerabile.
3313 1775 3559 1837 Utiliores
3588 1778 3775 1831 aulicis

2173 1870 2368 1929 inimici
2396 1870 2498 1943 (α).
2531 1900 2603 1913 --
2644 1870 2921 1941 Plerisque
2949 1870 3017 1926 ab
3054 1869 3287 1925 inimicis
3310 1868 3450 1924 allici
3477 1869 3776 1933 conviciis,

2173 1972 2265 2017 aut
2292 1962 2344 2018 in
2374 1961 2731 2031 suspicionem
2752 1959 2969 2026 adduci,
2998 1959 3206 2015 videtur
3226 1960 3478 2015 omnibus
3501 1960 3781 2015 mortibus

2174 2054 2583 2110 intolerabilius.
2605 2055 2716 2124 Age
2742 2054 2963 2123 igituret
2986 2051 3125 2108 istud
3144 2053 3530 2122 espesrdamus.
3558 2050 3782 2121 Aliquis.

2176 2149 2273 2203 tibi
2295 2146 2569 2202 maledixit
2590 2187 2606 2214 ,
2636 2145 2936 2202 adtdterum
2979 2159 3044 2199 ae
3062 2154 3416 2199 “quaterem
3441 2142 3781 2213 appellavit?

2178 2238 2290 2298 line
2333 2238 2376 2293 si
2413 2253 2540 2293 vere
2582 2237 2732 2302 dicit,
2767 2238 3019 2308 corrige:
3060 2235 3143 2291 sin
3169 2235 3345 2302 falso,
3374 2235 3574 2298 irride;
3606 2233 3651 2289 si
3672 2233 3775 2287 tibi

2180 2330 2296 2399 ipse
2324 2329 2572 2385 conscius
2597 2344 2657 2385 es
2685 2344 2870 2384 eorum
2891 2344 3011 2399 qua:
3024 2328 3373 2397 objiciuntur,
3408 2325 3662 2396 resipisoe
3682 2342 3698 2388 ;
3720 2327 3780 2380 si-

2180 2436 2284 2478 non
2310 2431 2414 2484 εει.
2439 2421 2655 2489 despice
2686 2438 2699 2472 :
2744 2421 2852 2473 imo
2887 2419 3063 2489 potius
3093 2435 3200 2473 non
3226 2419 3410 2473 δοὶωιι
3442 2432 3550 2471 non
3580 2416 3770 2472 deride

2180 2528 2243 2571 ac
2259 2511 2489 2583 neglige,
2522 2528 2706 2568 verum
2731 2513 2891 2569 etiam
2933 2511 3107 2582 gaude
3142 2519 3303 2581 atque
3336 2509 3553 2565 essulta
3576 2524 3770 2564 secun-

2183 2604 2309 2663 dum
2341 2604 2549 2659 Domini
2599 2617 2939 2670 sermonem,
2991 2603 3080 2673 qui
3132 2615 3234 2658 nos
3269 2601 3423 2672 jubet
3466 2602 3539 2656 ita
3568 2599 3769 2655 [περ.

2183 2697 2328 2761 Cum,
2360 2695 2969 2766 inquinexprobruverint
2985 2694 3141 2760 vobis,
3163 2702 3208 2748 et
3233 2693 3455 2748 dixerint
3481 2709 3632 2747 omne
3659 2708 3777 2744 ma-

2183 2787 2287 2845 lum
2312 2786 2513 2844 verbum
2543 2786 2807 2841 adversum
2833 2799 2922 2840 uos
2940 2785 3257 2848 mentientes,
3284 2782 3498 2855 gaudete
3523 2791 3573 2836 et
3600 2782 3779 2836 exsul-

2184 2892 2305 2947 tute,
2326 2881 2567 2952 quoniam
2594 2896 2781 2935 merces
2804 2887 2968 2933 vestra
2998 2877 3202 2946 copiose
3225 2886 3300 2932 est
3324 2877 3376 2930 in
3398 2875 3539 2930 satis
3559 2874 3783 2944 (Matth.

2185 2973 2243 3029 Β.
2273 2974 2360 3027 ιι.
2389 2970 2518 3042 η).
2573 2973 2651 3028 Ac
2695 2985 2943 3037 rursum,
2990 2967 3220 3024 Gaudete
3266 2977 3315 3023 α
3349 2966 3631 3031 cessitate,
3659 2983 3781 3019 cum

2184 3066 2425 3136 ejecerint
2470 3081 2653 3119 nomen
2697 3073 2917 3120 uestrum
2946 3074 3204 3133 tumun
3252 3062 3445 3115 malum
3482 3060 3795 3114 ntentientea

2187 3156 2360 3229 (Luc.
2390 3156 2448 3212 6.
2477 3156 2569 3211 22.
2600 3155 2672 3212 25
2693 3154 2735 3229 ).
2765 3156 3031 3211 Caeterum
3070 3154 3160 3209 ubi
3203 3153 3535 3209 conviciator
3558 3152 3785 3223 quidem

2187 3263 2314 3303 vera
2334 3248 2563 3312 dixerit,
2592 3256 2650 3303 tu
2696 3262 2821 3302 vero
2861 3247 3103 3302 modeste
3140 3244 3432 3316 pertuleris
3477 3258 3541 3299 ea
3572 3243 3738 3297 verba
3762 3285 3791 3309 ,

2190 3354 2296 3396 non
2327 3354 2583 3411 regereris
2603 3340 2982 3396 contumeliam
3006 3379 3023 3406 ,
3051 3354 3222 3408 neque
3242 3338 3484 3393 artiﬁcia
3512 3337 3799 3400 referens,

2189 3432 2285 3488 sed
2335 3446 2521 3488 nutare
2560 3431 2889 3500 ingemueris
2934 3430 3195 3485 damnans
3240 3439 3335 3485 tua
3370 3427 3562 3484 delicta
3590 3468 3608 3491 ,
3638 3427 3793 3482 haud:

2190 3526 2454 3583 minorem
2498 3522 2642 3580 feres
2674 3522 3020 3586 mercedem,
3060 3537 3223 3592 quam
3268 3521 3360 3576 ille
3406 3519 3594 3590 prior:
3622 3518 3791 3587 idque

2194 3618 2345 3674 vobis
2365 3633 2397 3673 e
2422 3617 2714 3689 Scripturis
2731 3617 3031 3687 approbare
3049 3614 3289 3672 conabor
3303 3656 3320 3681 ,
3348 3614 3425 3668 uti
3454 3612 3796 3684 pernoscatis

2193 3723 2300 3765 non
2324 3717 2526 3763 tantum
2554 3707 2794 3763 utilitatis
2814 3706 3005 3763 aﬂ‘erre
3028 3707 3231 3761 amicos
3249 3705 3377 3759 dum
3403 3703 3620 3759 latulant
3640 3713 3693 3756 et
3718 3702 3797 3756 ad

2192 3800 2421 3871 gratiam
2467 3799 2766 3869 loquuntur
2786 3841 2802 3865 ,
2833 3809 3087 3870 ostentum
3128 3797 3372 3852 utilitatis
3401 3795 3653 3851 adferunt
3680 3795 3793 3848 ini-

2194 3893 2320 3948 inici
2342 3892 2712 3963 vituperando,
2737 3891 2947 3948 etiamsi
2975 3905 3099 3947 vera
3122 3889 3379 3954 dixerint,
3412 3890 3491 3944 sic
3516 3897 3699 3944 tanien
3733 3894 3807 3941 ut

2197 4000 2296 4042 nos
2334 3984 2766 4040 aecusationibus
2810 3983 3021 4039 illorum
3067 3982 3134 4038 ad
3160 3982 3243 4047 id,
3273 3981 3340 4035 ad
3364 3980 3506 4051 quod
3534 3986 3794 4047 emrtct,

2198 4078 2272 4133 uti
2303 4078 2547 4132 velimus.
2579 4076 2711 4131 Nam
2740 4075 2900 4131 amici
2926 4074 3238 4145 frequenter
3280 4072 3347 4130 ad
3390 4072 3615 4142 gratiam
3648 4069 3797 4123 aitu-

2197 4170 2413 4236 lantur;
2436 4179 2626 4224 contra
2675 4168 2856 4225 hostes
2890 4167 3083 4224 delicta
3116 4166 3395 4239 proferunt
3428 4165 3480 4220 in
3527 4164 3805 4219 medium-

2198 4260 2459 4326 Quoniam
2486 4275 2610 4315 cum
2648 4273 2745 4315 nos
2791 4267 2976 4316 nostra
3017 4267 3235 4328 peccata
3262 4271 3369 4314 non
3417 4255 3693 4311 viduitatis
3724 4254 3817 4307 ob.

2199 4367 2439 4409 amorem
2465 4351 2635 4407 nostri
2660 4350 2817 4407 nobis
2840 4350 3078 4416 insitum,
3104 4350 3337 4417 illi,quia
3362 4357 3581 4419 propter
3606 4346 3799 4400 odium

2198 4460 2267 4501 ea
2296 4443 2487 4499 melius
2513 4459 2671 4513 qtmm
2692 4458 2792 4499 nos
2812 4441 3165 4512 perspiciunt,
3191 4438 3566 4510 exprobrando
3596 4450 3695 4491 nos
3726 4436 3811 4491 ad.

2202 4535 2554 4592 correctionis
2580 4534 2952 4591 necessitatem
2992 4533 3314 4602 impellunt:
3341 4539 3397 4584 ut
3445 4530 3660 4585 illorum
3690 4527 3802 4581 ini-

2202 4629 2401 4686 mieitia
2433 4627 2585 4683 nobis
2610 4626 2769 4683 cedat
2787 4626 2853 4681 ad
2880 4625 3166 4681 maximam
3192 4622 3502 4686 utilitatem,
3524 4633 3641 4675 .non
3670 4618 3804 4674 ideo

2203 4726 2412 4775 tantum
2462 4716 2606 4787 quod
2632 4731 2729 4787 per
2773 4716 2895 4772 illos
2930 4712 3192 4783 admoniti
3234 4711 3580 4780 intelligimus
3614 4718 3802 4763 errata

2202 4818 2416 4876 nostra,
2438 4808 2534 4866 sed
2563 4808 2707 4879 quod
2742 4822 2806 4861 ea
2836 4803 3155 4876 deponimus
3182 4817 3419 4872 quoque.
3459 4800 3591 4858 Nam
3618 4800 3665 4855 si
3699 4799 3809 4855 ini-

2204 4901 2374 4956 micus
2402 4899 2806 4970 exprobraverit
2833 4899 2923 4954 tibi
2950 4897 3174 4963 crium,
3203 4894 3358 4963 cujus
3406 4892 3500 4946 tibi
3544 4891 3815 4946 conscius

2202 5009 2284 5057 es.
2313 5001 2370 5050 tu
2392 5008 2523 5049 vero
2547 4991 2774 5049 audiens
2798 5005 2908 5048 non
2939 4987 3257 5046 convicia-is
3283 4985 3360 5041 illi
3397 4983 3639 5039 vicissim
3669 5024 3685 5045 .
3705 4981 3805 5037 sed

2205 5100 2325 5142 cum
2357 5098 2543 5141 amaro
2564 5084 2766 5155 gemitu
2793 5083 2964 5139 Densa
2991 5080 3268 5150 implores,
3302 5077 3555 5145 prot'mus
3577 5088 3808 5127 omnem

2202 5179 2418 5249 culpem
2450 5176 2773 5248 deposuisti.
2804 5174 2956 5245 Rogo
2985 5170 3114 5244 quid
3146 5173 3247 5226 hoc
3284 5182 3412 5224 esse
3444 5165 3650 5235 poterit
3682 5164 3807 5219 l‘eli-

2204 5271 2360 5326 cius?
2376 5268 2506 5339 quid
2531 5267 2603 5324 ad
2641 5267 2926 5323 dimissum
2953 5263 3296 5319 abolitionem
3328 5256 3581 5313 facilus?
3605 5253 3714 5311 Sed
3738 5270 3811 5309 ne

2211 5363 2489 5419 videamur
2528 5375 2635 5417 nos
2670 5358 2853 5415 verbis
2900 5355 3148 5431 humanis
3216 5351 3486 5417 elicitam,
3527 5363 3562 5403 e
3606 5346 3811 5402 divinis

2210 5454 2500 5524 Scriptnris
2527 5467 2688 5523 super
2717 5450 2821 5507 bac
2844 5463 2907 5504 re
2935 5447 3268 5521 proferemus
3292 5440 3664 5497 testimonqu
3684 5480 3702 5503 ,
3739 5453 3811 5492 ne

2209 5550 2336 5621 quid
2362 5559 2617 5619 praeterea
2635 5545 2865 5600 dubites.
2886 5541 3190 5598 Pharisaeus
3207 5548 3264 5594 et
3286 5534 3607 5607 publicanus
3626 5539 3807 5593 erant,

2205 5657 2438 5713 quorum
2458 5639 2547 5696 hic
2574 5636 2791 5711 quidem
2815 5634 2885 5693 ad
2906 5646 3174 5692 summam
3197 5642 3521 5700 progressus
3540 5635 3665 5682 erat
3678 5639 3809 5679 usa-

2208 5773 2352 5885 mileil,
2382 5770 2505 5824 Vide
2534 5768 2791 5823 Pluurdl.
2819 5765 2907 5819 lib.
2945 5761 3274 5818 nemnem
3306 5758 3554 5823 ("PM
3586 5767 3657 5807 ea
3708 5750 3814 5805 ἱιιί·

2739 5976 2809 5983 HL
2864 5975 2893 5981 -ν
2954 5973 2968 5977 _
3024 5971 3151 5978 ,ν,⁴,
3202 5964 3275 5976 ημι
3389 5964 3483 5972 ,νο-
