4064 6462
324 473 477 545 αὖτῷ
501 471 653 526 ἔσται
679 471 714 543 ἡ
756 469 930 535 πόλις,
957 471 1049 526 καὶ
1080 470 1310 535 ἀϐίωτος
1339 473 1367 522 6
1403 471 1515 541 βίος
1551 468 1783 522 σώσαντι
1813 464 1902 518 τὸν

325 564 542 636 ἐχθρὸν,
581 562 682 615 ούκ
706 560 970 630 ἀφίστατο
1011 561 1111 631 τῆς
1139 560 1348 614 ἐκείνου
1375 558 1721 630 κηδεμονίας,
1771 554 1906 608 ἀλλά

327 657 486 710 πάντ’
519 653 780 724 ἔπραττε,
835 652 957 705 καθ’
991 651 1184 707 ἐαυτοῦ
1234 652 1325 704 τὸν
1363 650 1619 720 πολέμιον
1667 650 1901 721 τρέφων.

328 749 426 813 Τίς
443 749 510 803 ἀν
537 747 690 818 σχοίη
721 745 924 816 ταύτης
943 745 1163 816 μείζονα
1189 742 1532 809 ἀνεξικακίαν
1561 743 1765 808 είπεῖν;
1793 740 1906 796 Ἵνα

327 841 386 895 δέ
411 841 505 894 καὶ
538 841 603 892 ἐκ
630 837 739 891 τῶν
773 836 866 890 νῦν
895 837 1194 906 γινομένων
1233 836 1430 907 μάθῃς,
1454 835 1535 887 ὅτι
1569 833 1811 896 δυνατὸν,
1841 832 1906 886 ἂν

330 932 628 1002 ἐθέλωμεν,
706 929 885 982 πάντα
930 927 1215 999 ἄνθρωπον
1260 927 1396 999 πρὸς
1456 928 1604 997 ἡμᾶς
1654 927 1907 997 ἀπεχθῶς

321 1024 524 1095 ’ἔχοντα
575 1021 928 1088 καταλλάξαι,
977 1021 1029 1073 τί
1073 1021 1282 1085 λέοντος
1340 1019 1708 1091 ἀγριώτερον;
1769 1021 1907 1074 Ἀλλ’

329 1119 479 1188 ὅμως
499 1116 685 1170 τοῦτον
718 1114 1015 1185 ἡμεροῦσιν
1066 1113 1372 1184 ἄνθρωποι,
1410 1114 1504 1167 καὶ¹
1553 1115 1585 1185 ἡ
1617 1116 1775 1186 τέχνη
1811 1114 1907 1187 τὴν

333 1209 495 1278 φύσιν
529 1207 790 1276 βιάζεται,
823 1207 916 1259 καὶ
952 1205 1162 1273 γίνεται
1195 1205 1468 1276 προϐάτου
1502 1207 1702 1269 παντὸς
1733 1207 1907 1260 ἐπιει-

324 1301 591 1370 κέστερος
618 1298 646 1349 ὸ
687 1296 903 1349 πάντων
966 1294 1167 1365 θηρίων
1214 1296 1547 1368 ἀγριώτερος
1579 1298 1672 1350 καὶ
1703 1296 1908 1366 βασιλι-

331 1390 590 1460 κώτερος,
627 1387 718 1441 καὶ
745 1386 832 1440 διὰ
853 1387 950 1456 τῆς
981 1387 1184 1456 ἀγορᾶς
1229 1385 1432 1455 βαδίζει
1484 1387 1686 1456 μηδένα
1736 1388 1906 1442 δεδιτ-

328 1484 576 1552 τόμενος.
635 1478 747 1531 Τίν’
785 1473 877 1530 οῦν
925 1476 1117 1547 ἕξομεν
1146 1477 1464 1546 ἀπολογίαν,
1516 1478 1634 1531 τίνα
1665 1480 1908 1549 συγγνώκ

334 1592 464 1646 μην,
503 1571 668 1642 θηρία
697 1571 795 1640 μὲν
835 1568 1186 1640 ἡμεροῦντες,
1223 1568 1541 1638 ἀνθρώπους
1569 1570 1624 1623 δὲ
1662 1571 1909 1639 λέγοντες

324 1666 409 1738 ,μὴ
430 1663 687 1719 δύνασθαι
726 1660 1127 1730 καταπραΰνειν
1189 1660 1339 1725 ποτὲ,
1403 1660 1535 1731 μηδὲ
1565 1665 1736 1714 ποιεῖν
1774 1663 1910 1733 πρὸς

324 1755 478 1825 ἡμᾶς
532 1752 676 1821 ἔχειν
720 1749 926 1820 ἡδέως;
982 1748 1171 1802 Καίτοι
1203 1765 1265 1816 γε
1311 1747 1388 1819 τῷ
1433 1747 1606 1820 θηρίῳ
1639 1749 1737 1820 μὲν
1762 1751 1910 1821 παρά

323 1842 493 1910 ’φύσιν
523 1839 584 1892 τὸ
627 1839 852 1909 ἥμερον·
900 1834 978 1905 τῷ
1032 1834 1305 1906 ἀνθρώπῳ
1354 1834 1410 1886 δὲ
1454 1837 1606 1907 παρά
1663 1836 1823 1906 φύσιν
1852 1837 1911 1890 τὸ

331 1928 546 1998 ἄγριον.
579 1927 748 1978 Ὅταν
803 1917 896 1976 οῦν
949 1921 1048 1991 τῆς
1087 1921 1301 1990 φύσεως
1335 1921 1760 1992 περιγινώμεθα,
1810 1923 1910 1976 τίν’

329 2015 526 2085 ἕξομεν
567 2009 881 2078 ἀπολογίαν,
923 2009 1241 2079 προαίρεσιν
1282 2008 1527 2077 λέγοντες
1557 2010 1632 2080 μὴ
1651 2010 1912 2064 δύνασθαι

327 2102 608 2177 διορθοῦνς
643 2101 707 2156 EE
741 2101 784 2153 δ’
803 2099 882 2152 ἔτι
906 2099 1246 2168 φιλονεικεῖς,
1282 2100 1442 2152 ἐκεῖν’
1473 2099 1540 2152 ἂν
1573 2101 1804 2171 εἴποιμι,
1829 2103 1911 2154 ὅτι

331 2194 435 2247 κᾶν
462 2191 656 2246 ἀνίατα
683 2190 811 2257 νοσῇ
839 2226 855 2251 ,
885 2188 1006 2251 ὅσος
1030 2205 1111 2240 σοι
1140 2186 1341 2258 μείζων
1390 2189 1418 2240 6
1441 2188 1621 2253 πόνος,
1661 2188 1913 2254 τοσοῦτός

327 2297 420 2335 σοι
457 2280 549 2332 καὶ
586 2280 614 2331 6
638 2273 830 2347 μισθὸς
864 2275 1253 2348 παραμένοντι,
1292 2274 1386 2328 καὶ
1437 2274 1791 2346 θεραπεύοντι
1824 2278 1914 2332 τὸν

327 2367 592 2423 νοσοῦντα
622 2363 835 2418 ἀνίατα.

414 2490 508 2542 Ἓν
534 2487 711 2540 τοίνυν
737 2483 1030 2554 σκοπῶμεν
1058 2481 1241 2552 μόνον,
1258 2482 1354 2553 οὐχ
1368 2482 1515 2546 ὅπως
1541 2484 1708 2555 μηδὲν
1731 2485 1916 2539 πάθω·

330 2595 436 2649 ’μεν
466 2575 618 2646 παρά
647 2572 754 2626 τῶν
791 2570 998 2641 ἐχθρῶν
1035 2570 1222 2635 κακὸν,
1253 2569 1368 2622 ἀλλ’
1399 2571 1546 2633 ὅπως
1603 2573 1770 2643 μηδὲν
1819 2575 1916 2628 αὖ..

333 2669 460 2731 τοὺς
484 2668 643 2736 ἡμεῖς
676 2663 1037 2734 ἐργασώμεθά
1065 2661 1252 2714 κακόν·
1307 2662 1402 2716 καὶ
1423 2662 1573 2715 οὐδὲν
1617 2663 1915 2734 πεισόμεθα

325 2756 528 2820 δεινὸν,
559 2752 667 2806 κᾶν
693 2750 861 2822 μυρία
900 2749 1199 2820 πάσχωμεν
1247 2747 1416 2803 δεινά*
1440 2748 1724 2822 ὡσπεροῦν
1755 2752 1864 2806 οὐδ’
1888 2753 1916 2805 6

330 2849 499 2906 Δαυῒδ
519 2849 894 2919 ἐλαυνόμενος,
941 2846 1397 2917 φυγαδευόμενος,
1432 2846 1594 2918 μέχρι
1616 2850 1714 2920 τῆς
1739 2849 1917 2921 ψυχῆς

333 2950 505 3019 αὒτῆς
528 2945 1023 3016 ἐπιϐουλευόμενος,
1047 2944 1216 2997 ἔπαθέ
1238 2961 1289 2997 τι
1328 2944 1522 3003 δεινὸν,
1556 2945 1671 3000 ἀλλ’
1708 2947 1918 3004 ἐκείνω

334 3036 716 3108 λαμπρότερος
758 3027 827 3104 ἦν
871 3033 966 3086 καὶ
1027 3031 1353 3102 σεμνότερος
1399 3035 1493 3085 καὶ
1543 3032 1916 3107 ποθεινότερος

335 3127 560 3191 ἅπασιν,
587 3129 688 3180 οὐκ
722 3124 1029 3197 ἀνθρώποις
1053 3125 1110 3177 δέ
1143 3123 1326 3194 μόνον,
1365 3124 1502 3178 ἀλλά
1531 3127 1625 3180 καὶ
1665 3126 1814 3197 αὐτῷ
1839 3128 1918 3198 τῷ

333 3218 477 3288 Θεῷ.
504 3218 570 3271 Τί
600 3217 708 3289 γὰρ
750 3216 986 3287 ἠδικήθη
1026 3218 1053 3268 6
1088 3216 1242 3283 ἆγιος
1275 3216 1482 3278 ἐκεῖνος
1526 3216 1648 3270 τότε
1682 3219 1918 3272 τοσαῦτα

334 3316 528 3372 παθὼν
571 3316 722 3386 παρά
769 3315 862 3369 τοῦ
907 3315 1113 3379 mea;
1157 3315 1293 3384 Οὐχὶ
1339 3314 1498 3386 μέχρι
1535 3317 1636 3385 τῆς
1686 3320 1918 3390 σήμερον

333 3415 551 3486 ἡμέρας
577 3413 779 3484 ᾅδεται,
819 3413 912 3465 καὶ
936 3411 1188 3482 λαμπρὸς
1216 3411 1397 3481 μὲνέν
1416 3414 1510 3483 γῇ,
1541 3411 1921 3488 λαμπρότερος

334 3505 397 3559 δὲ
424 3508 481 3559 ὲν
506 3504 753 3576 οὐρανῷς
783 3504 902 3575 οὐχὶ
929 3504 999 3556 τὰ
1027 3503 1316 3574 ἀπόρρητα
1340 3503 1502 3556 αὑτὸν
1531 3505 1712 3572 ἀγαθά
1746 3506 1918 3577 μένει,

335 3598 436 3650 καὶ
463 3599 496 3667 ἡ
525 3596 632 3650 τῶν
662 3595 908 3667 οὐρανῶν
939 3594 1222 3666 βασιλεία;
1269 3594 1335 3647 Τί
1368 3595 1412 3648 δ’
1443 3596 1729 3668 ὠφέλησεν
1761 3601 1788 3652 6
1818 3615 1916 3654 τα-

337 3687 614 3758 λαίπωρος
651 3688 858 3750 ἐκεῖνος
887 3687 983 3741 καὶ
1013 3685 1197 3750 ἄθλιος
1221 3687 1460 3740 τοσαῦτα
1487 3689 1917 3760 ἐπιϐουλεύσας;

333 3780 476 3850 Ούχὶ
508 3781 719 3852 καὶτῆς
744 3779 1020 3850 βασιλείας
1052 3778 1297 3844 ἐξέπεσε,
1331 3780 1425 3833 καὶ
1452 3781 1682 3835 ἐλεεινὸν
1712 3783 1917 3856 ὑπέστη

335 3869 432 3925 τὸν
461 3870 690 3923 θάνατον
715 3869 856 3941 μετά
874 3868 968 3922 τοῦ
1004 3869 1211 3932 παιδὸς,
1239 3869 1335 3923 καὶ
1368 3870 1519 3940 παρὰ
1539 3871 1758 3925 πάντων
1789 3889 1920 3926 κατ-

337 3965 643 4034 ηγορεῖται,
661 3961 755 4016 καὶ
782 3961 842 4013 τὸ
863 3959 925 4031 δὴ
960 3958 1358 4030 χαλεπώτερον,
1380 3959 1479 4023 τὰς
1495 3961 1798 4026 ἀθανάτους
1824 3947 1920 4018 νῦν

337 4053 620 4125 ἐκδέχεται
657 4052 959 4123 τιμωρίας;
999 4051 1175 4114 Ὅλως
1218 4051 1274 4105 δέ
1315 4050 1369 4104 τί
1402 4053 1531 4105 ποτέ
1577 4055 1756 4115 ἐστιν.
1783 4055 1920 4124 ὅπερ

340 4145 588 4214 ἐγκαλῶν
618 4143 696 4215 τῷ
754 4141 933 4214 ἐχθρῷ
975 4141 1036 4196 οὐ
1067 4141 1246 4212 βούλει
1287 4143 1725 4216 καταλλαγῆναι;
1771 4148 1923 4220 Χρή-

339 4237 490 4308 ματά
521 4253 579 4289 σε
629 4235 910 4305 ἀφείλετο;
956 4236 1096 4289 Ἀλλ’
1137 4237 1203 4290 ἂν
1259 4237 1490 4312 ἐνέγκῃς
1519 4239 1780 4308 γενναίως
1820 4241 1924 4312 τὴν

330 4327 618 4399 -ἀρπαγὴν,
656 4327 908 4381 τοσοῦτον
947 4328 1091 4399 λήψῃ
1122 4329 1331 4399 μισθὸν,
1353 4331 1475 4384 ὅσον
1503 4330 1570 4384 ἂν
1598 4332 1647 4384 εί
1672 4335 1792 4394 ταῖς
1811 4332 1922 4387 τῶν

339 4418 591 4488 πενήτων
627 4417 766 4470 αὑτά
791 4419 977 4488 χερσὶν
1003 4419 1365 4491 ἐναπέθηκας.
1391 4423 1501 4475 Καὶ
1525 4423 1634 4494 γὰρ
1661 4425 1689 4477 6
1725 4425 1922 4496 πένησι

337 4507 623 4571 δεδωκὼς,
660 4506 756 4561 καλ⁸
809 4510 836 4561 6
893 4506 973 4578 τῷ
1016 4507 1471 4580 πλεονεκτήσαντι
1525 4515 1662 4584 μήτε
1703 4514 1923 4568 ἐπιϐου-

337 4600 536 4662 λεύων,
578 4601 714 4670 μήτε
745 4599 1155 4670 καταρώμενος,
1197 4601 1284 4655 διὰ
1323 4603 1414 4657 τὸν
1445 4603 1578 4658 Θεὸν
1605 4603 1776 4660 ταῦτα
1811 4609 1922 4677 ἀμ-

335 4689 560 4759 φότεροι
591 4691 853 4744 ποιοῦσιν.
876 4691 1045 4746 Ὅταν
1072 4687 1165 4745 οῦν
1195 4695 1227 4763 ἡ
1264 4693 1523 4758 ὑπόθεσις
1551 4695 1650 4766 τῆς
1676 4697 1922 4767 δαπάνης

331 4781 374 4855 ᾗ
412 4781 532 4852 μία,
567 4777 788 4853 εὔδηλον
808 4782 888 4835 ὅτι
916 4784 1008 4836 καὶ
1032 4783 1296 4854 στέφανος
1334 4781 1434 4847 εἷς.
1475 4786 1612 4839 Ἀλλ’
1642 4789 1719 4851 είς
1743 4787 1921 4861 ψυχὴν

340 4869 499 4946 [774]
525 4873 905 4938 ἐπεϐούλευσε,
946 4877 1038 4929 καὶ
1071 4877 1282 4930 ἀνελεῖν
1315 4876 1638 4951 ἐπεχείρησε
1661 4897 1674 4945 ;
1699 4879 1922 4953 Μαρτύ-

340 4967 459 5039 ριόν
489 4980 569 5019 σοι
602 4967 663 5018 τὸ
701 4969 932 5037 πρᾶγμα
959 4967 1257 5037 λογίζεται,
1291 4969 1356 5023 ἀν
1384 4971 1472 5024 τὸν
1497 4970 1803 5040 ἐπίϐουλον,
1827 4975 1922 5029 καὶ

340 5054 506 5127 μέχρι
531 5055 782 5108 τοσούτου
805 5056 901 5127 τὴν
922 5056 1122 5128 ἔχθραν
1151 5055 1508 5127 ἐξαγαγόντα,
1536 5060 1593 5113 ἐν
1629 5063 1738 5126 τοῖς
1765 5063 1922 5136 εύερ-

335 5144 529 5214 γέταις
555 5143 815 5217 ἀριθμῇς,
839 5146 932 5200 καὶ
956 5143 1203 5220 ¹διατελῇς
1237 5150 1528 5222 εὐχόμενος
1558 5151 1694 5226 ὑπὲρ
1730 5153 1920 5221 αὐτοῦ,

336 5237 438 5291 καλ⁵
465 5237 555 5290 τὸν
584 5236 715 5290 Θεὸν
737 5236 865 5290 ἵλεω
896 5236 1150 5305 γενέσθαι
1185 5241 1538 5310 παρακαλῶν.

412 5419 475 5476 δ’.
616 5421 731 5493 γὰρ
749 5422 818 5494 δὴ
850 5421 1008 5477 τοῦτο
1033 5423 1252 5496 ῖδωμεν,
1275 5425 1357 5479 ὅτι
1381 5425 1708 5482 διεκώλυσεν
1743 5428 1770 5480 6
1792 5427 1922 5493 Θεὸς

323 5514 618 5585 σφαγῆναι
639 5515 729 5568 τὸν
755 5515 938 5580 Δαυῖδ,
968 5515 1082 5570 ἀλλ’
1105 5515 1282 5572 ἐκεῖνο
1318 5519 1533 5583 σκόπει,
1555 5520 1636 5573 ὅτι
1662 5521 1925 5592 τριπλοῦν

329 5606 438 5660 καὶ
459 5605 798 5676 τετραπλοῦν
842 5607 1102 5676 στέφανον
1139 5609 1440 5681 μαρτυρίου
1483 5610 1783 5681 ἀνεδήσατο
1815 5612 1922 5666 ἀπὸ

327 5695 441 5763 ’τῆς
474 5694 568 5747 τοῦ
599 5693 772 5748 Σαοίιλ
815 5695 1125 5767 ἐπιϐουλῆς.
1164 5699 1221 5752 Ὁ
1270 5697 1378 5769 γὰρ
1415 5697 1503 5752 διὰ
1532 5699 1623 5752 τὸν
1664 5699 1799 5753 Θεὸν
1831 5701 1923 5754 τὸν

338 5782 604 5853 πολέμιον
636 5783 841 5854 σώζων,
869 5786 962 5842 τὸν
1003 5785 1152 5851 ἅπαξ
1189 5789 1285 5842 καὶ
1321 5787 1402 5852 δὶς
1431 5789 1524 5843 καὶ
1563 5788 1820 5855 πολλάκις
1861 5791 1923 5844 τὸ

1323 354 1412 411 DE
1454 351 1712 410 DAVle
1753 350 1840 405 ET
1883 348 2111 406 SAULE
2145 351 2431 410 HOMILIA
2468 355 2552 412 Ill.

3483 353 3585 412 τσο

2013 466 2140 538 δόρυ
2180 469 2320 522 κατά
2353 471 2452 541 τῆς
2481 467 2645 522 αὑτοῦ
2686 468 2926 541 κεφαλῆς
2957 469 3335 536 ἀκοντίσαντα,
3369 473 3460 525 καὶ
3497 491 3590 542 γει

2013 559 2236 630 νόμενος
2282 561 2468 632 κύριος
2498 561 2726 626 ἀνελεῖν,
2763 557 2882 614 εἶτα
2919 562 3268 633 φεισάμενος,
3302 565 3396 616 καὶ
3437 565 3591 618 ταῦτ’

2014 651 2188 716 εἰδὼς,
2219 654 2300 706 ὅτι
2333 653 2467 724 μετά
2501 655 2599 724 τὴν
2633 653 2796 722 φειδὼ
2826 655 3029 725 ταύτην
3053 655 3214 709 πάλιν
3247 655 3592 726 ἐπιθήσεται,

2013 743 2234 815 εὔδηλον
2268 745 2349 798 ὅτι
2385 747 2642 818 μυριάκις
2665 748 2878 817 ἐσφάγη
2906 748 2971 818 τῇ
3006 746 3293 818 προθέσει·
3335 747 3594 820 μυριάκις

2013 835 2068 887 δὲ
2117 835 2346 904 σφαγεὶς
2395 837 2482 891 διὰ
2514 839 2604 891 τὸν
2644 838 2808 900 Θεὸν,
2858 838 3084 902 πολλοὺς
3126 838 3238 906 ἔχει
3292 837 3592 907 μαρτυρίου

2018 929 2329 997 στεφάνους,
2356 932 2448 984 καὶ
2480 933 2616 1002 ὅπερ
2653 933 2680 981 ὁ
2709 931 2919 994 Παῦλος
2940 931 3146 998 ἔλεγεν,
3181 931 3262 983 ὅτι
3289 929 3428 983 Καθ’
3458 927 3595 981 ἑκά-ο

2015 1037 2172 1088 στην·
2201 1022 2426 1091 ἡμέραν·
2452 1022 2818 1090 ἀποθνήσκω
2849 1020 2945 1074 διὰ
2985 1021 3088 1074 τὸν
3114 1020 3282 1081 Θεὸν,
3314 1018 3474 1071 τοῦτο
3500 1018 3594 1070 καὶ

2015 1113 2176 1177 αὐτὸς
2202 1113 2406 1184 ἔπασχε
2445 1114 2533 1167 διά
2561 1114 2651 1167 τὸν
2680 1113 2812 1168 Θεόν
2837 1127 2884 1168 ε.
2917 1115 3222 1184 Δυνάμενος
3252 1113 3359 1183 γὰρ
3385 1110 3597 1164 ἀνελεῖν

2015 1204 2104 1256 τὸν
2134 1203 2578 1271 ἐπιϐουλεύοντα,
2602 1204 2689 1258 διὰ
2722 1205 2813 1257 τὸν
2851 1203 2981 1256 Θεὸν
3011 1205 3113 1256 οὐκ
3139 1201 3405 1272 ἠθέλησεν
3427 1216 3440 1230 ·
3479 1199 3593 1252 ἀλλ’

2015 1295 2188 1349 εἵλετο
2218 1295 2545 1351 κινδυνεύειν
2572 1297 2690 1350 καθ’
2722 1298 2955 1365 ἑκάστην
2981 1295 3192 1367 ἡμέραν
3218 1294 3437 1366 μᾶλλον,
3461 1292 3493 1362 ἢ
3518 1293 3598 1344 δι-

2016 1391 2176 1444 καίαν
2223 1392 2601 1461 ἐργασάμενος
2650 1389 2860 1460 σφαγὴν
2895 1389 3001 1442 ἀπὸ
3041 1388 3308 1441 τοσούτων
3353 1385 3595 1439 ἀπαλλα-

2015 1483 2177 1553 γῆναι
2199 1482 2466 1537 θανάτων.
2491 1482 2552 1535 Εἰ
2577 1482 2632 1534 δὲ
2665 1481 2756 1534 τὸν
2791 1481 2951 1551 μέχρι
2980 1478 3077 1549 τῆς
3100 1478 3245 1548 ζωῆς
3274 1475 3442 1546 αὐτῆς
3474 1475 3596 1527 ἐπισ

2017 1575 2338 1629 ϐουλεύοντα
2360 1574 2670 1646 ἀμύνασθαι
2703 1573 2796 1626 καὶ
2821 1575 2997 1642 μισεῖν
3026 1572 3085 1623 o6
3112 1570 3236 1640 χρὴ,
3259 1567 3434 1639 πολλῷ
3462 1566 3593 1638 μᾶλ-

2017 1667 2106 1720 λον
2137 1670 2215 1730 είς
2241 1667 2419 1721 ὁτιοῦν
2439 1667 2564 1720 ἀλλο
2589 1665 2900 1721 ἀδικοῦντα.

2087 1758 2310 1823 Πολλοῖς
2340 1760 2486 1813 δοκεῖ
2515 1760 2575 1811 τὸ
2610 1759 2797 1821 κακῶς
2829 1757 3070 1820 ἀκούειν,
3099 1757 3190 1809 καὶ
3224 1757 3302 1818 είς
3328 1749 3597 1820 ὑπόληψιν

2019 1852 2510 1923 παραϐλάπτεσθαι
2545 1852 2696 1922 παρὰ
2717 1850 2822 1903 τῶν
2848 1849 3078 1920 ἐχθρῶν,
3107 1848 3324 1901 πάντων
3351 1843 3598 1896 θανάτων

2019 1944 2420 2015 ἀφορητότερον
2448 1939 2609 1998 εἶναι.
2644 1942 2781 2013 Φέρε
2815 1938 2908 1994 οὖν
2939 1941 3032 1994 καὶ
3065 1939 3196 1992 αὐτὸ
3227 1937 3385 1990 τοῦτο
3411 1933 3598 2000 ἐξετά-

2021 2053 2203 2105 σωμεν
2231 2049 2244 2063 °
2278 2032 2414 2088 Εἶπέ
2443 2035 2503 2087 σέ
2545 2053 2628 2098 τις
2658 2032 2865 2097 κακῶς,
2904 2033 2999 2085 καὶ
3049 2030 3234 2102 μοιχὸν
3270 2029 3364 2081 καὶ
3401 2027 3599 2096 πόρνον

2019 2127 2278 2193 ἐκάλεσε;
2321 2126 2504 2179 Ταῦτα
2547 2127 2594 2178 εί
2633 2127 2731 2196 μὲν
2771 2124 2946 2194 ἀληθῆ
2981 2123 3135 2194 λέγῃ,
3184 2119 3508 2190 διόρθωσαι·
3550 2117 3600 2168 εί

2018 2219 2075 2272 δὲ
2101 2217 2296 2288 ψευδῆ,
2334 2217 2708 2285 καταγέλασον
2732 2234 2747 2249 ·
2779 2218 2828 2269 εί
2857 2215 3105 2276 σύνοιδας
3134 2212 3316 2281 σαυτῷ
3352 2211 3417 2262 τὰ
3446 2211 3602 2280 εξρη-

2024 2314 2180 2383 μένα,
2217 2311 2567 2382 σωφρόνησον
2591 2327 2605 2342 σ
2645 2313 2694 2364 εἰ
2728 2310 2784 2363 δὲ
2826 2308 2901 2379 μὴ
2956 2306 3228 2370 σύνοιδας,
3261 2304 3604 2374 καταφρόνη-

2019 2422 2113 2458 σον
2133 2421 2148 2434 '
2175 2405 2376 2474 μᾶλλον
2403 2404 2462 2457 δὲ
2494 2403 2569 2473 μὴ
2592 2401 2990 2473 καταγελάσῃς,
3020 2399 3154 2469 μηδὲ
3180 2397 3602 2487 καταφρονήσῃς
3671 2470 3682 2487 ἱ

2024 2496 2205 2566 μόνον,
2234 2493 2371 2548 6116
2401 2494 2496 2547 καὶ
2523 2497 2704 2564 χαῖρε,
2731 2491 2825 2545 καὶ
2859 2490 3053 2560 σκίρτα
3089 2487 3232 2542 κατά
3257 2487 3348 2540 τὸν
3370 2485 3463 2539 τοῦ
3489 2488 3603 2539 Κυη

2024 2588 2141 2660 ρίου
2171 2587 2350 2655 λόγον,
2392 2587 2482 2640 τὸν
2533 2584 2822 2639 κελεύοντα
2875 2581 3018 2636 οὕτω
3058 2583 3250 2635 ποιεῖν.
3275 2579 3458 2632 Ὅταν
3491 2577 3603 2647 γὰρ

2022 2677 2388 2746 ὀνειδίσωσι,
2421 2679 2605 2748 φησὶν,
2629 2677 2803 2747 ὑμᾶς,
2828 2676 2923 2729 καί
2949 2675 3160 2729 εἴπωσι
3186 2673 3309 2727 πᾶν
3336 2669 3604 2738 πονηρὸν

2019 2770 2181 2840 ῥῆμα
2231 2773 2362 2824 καθ’
2390 2771 2559 2839 ὑμῶν
2590 2769 2972 2838 ψευδόμενοι.
3004 2767 3239 2835 χαίρετε
3278 2766 3376 2819 καὶ
3412 2765 3602 2833 ἀταλ-

2023 2865 2258 2926 λιᾶσθε,
2290 2863 2378 2917 ὅτι
2423 2867 2455 2916 ὀ
2484 2861 2704 2932 μισθὸς
2736 2859 2899 2930 ὑμῶν
2939 2858 3134 2923 πολὺς
3169 2857 3237 2910 ἐν
3266 2855 3393 2924 τοῖς
3429 2858 3606 2923 οὐρα-

2023 2957 2172 3022 νοῖς.
2210 2955 2314 3010 Καὶ
2349 2954 2533 3022 πάλιν,
2573 2954 2816 3020 Χαίρετε
2853 2950 2953 3004 καί
2987 2949 3286 3018 σκιρτᾶτε,
3326 2947 3472 3000 ὅταν
3507 2947 3606 2999 ἐκ·

2025 3049 2250 3103 ϐιὶλωσι
2273 3049 2336 3102 τὸ
2363 3047 2549 3116 ὄνομα
2579 3045 2743 3116 ὑμῶν
2764 3045 2843 3111 ὡς
2866 3042 3132 3111 πονηρὸν
3162 3041 3521 3110 ψευδόμενοι
3552 3039 3603 3089 ι’.

2026 3141 2148 3193 Ὅτι
2167 3139 2222 3193 δέ
2245 3139 2344 3193 κάν
2365 3138 2644 3209 ἀληθεύων
2666 3138 2813 3209 είπῃ,
2834 3137 2897 3188 σὺ
2925 3135 2980 3188 δὲ
3005 3135 3119 3204 μετ’
3135 3132 3433 3195 ἐπιεικείας
3456 3131 3608 3196 ἐνέγ-

2025 3249 2126 3302 κῃς
2149 3231 2218 3283 τά
2242 3232 2480 3300 ῥήματα.
2506 3229 2598 3280 καὶ
2624 3229 2696 3298 μὴ
2724 3227 3071 3296 ἀνθυϐρίσῃς,
3106 3224 3240 3294 μηδέ
3268 3223 3607 3294 λοιδορήσῃς,

2025 3321 2158 3374 ἀλλά
2175 3319 2434 3390 στενάξῃς
2452 3318 2667 3388 πικρὸν,
2686 3317 2778 3369 καὶ
2795 3315 3077 3385 καταγνῷς
3093 3316 3200 3367 τῶν
3217 3313 3607 3383 πεπλημμεληο

2030 3417 2225 3488 μένων,
2253 3416 2351 3468 ούκ
2373 3414 2630 3467 ἐλάττονα
2660 3409 2754 3464 τοῦ
2777 3410 3042 3482 προτέρου
3083 3407 3354 3478 καρπώσῃ
3379 3405 3567 3476 μισθόν
3586 3416 3605 3433 '

2027 3507 2121 3563 καὶ
2150 3506 2306 3561 τοῦτο
2337 3505 2445 3561 67:6
2474 3505 2581 3558 τῶν
2609 3501 2840 3575 Γραφῶν
2869 3503 2992 3572 ὑμῖν
3030 3499 3378 3570 παραστῆσαι
3417 3497 3608 3567 πειρά-

2029 3615 2212 3672 σομαι,
2238 3600 2327 3654 ἵνα
2361 3598 2567 3670 μάθητε
2600 3597 2682 3650 ὅτι
2718 3597 2817 3649 ὅσα
2845 3596 2946 3648 οὐκ
2976 3591 3245 3663 ὠφελοῦσι
3280 3591 3424 3662 φίλοι
3451 3594 3607 3644 ἐπαι-

2027 3693 2243 3755 νοῦντες
2275 3691 2369 3745 καὶ
2405 3689 2772 3761 χαριζόμενοι,
2803 3685 3038 3739 τοσαῦτα
3087 3684 3388 3754 ὠφελοῦσιν
3422 3682 3608 3753 ἐχθροὶ

2027 3783 2212 3845 κακῶς
2241 3783 2511 3851 λέγοντες,
2554 3781 2658 3834 κᾶν
2701 3778 3037 3848 ἀληθεύωσι,
3072 3778 3230 3848 μόνον
3260 3777 3325 3830 ἂν
3366 3778 3445 3839 είς
3488 3775 3610 3828 δέον

2028 3879 2188 3947 ἡμεῖς
2221 3879 2341 3937 ταῖς
2385 3872 2740 3944 κατηγορίαις
2774 3871 3084 3944 χρήσασθαι
3130 3869 3500 3942 βουληθῶμεν.
3541 3869 3606 3921 υἱ

2031 3967 2129 4036 μὲν
2150 3967 2258 4037 γὰρ
2280 3966 2420 4034 φίλοι
2444 3963 2702 4026 πολλάκις
2719 3963 2817 4015 καὶ
2847 3961 2982 4030 πρὸς
3004 3962 3162 4031 χάριν
3189 3960 3572 4013 κολακεύουσιν
3588 3973 3604 3990 ο

2027 4061 2075 4112 οἱ
2096 4057 2140 4112 δ’
2163 4056 2254 4128 ἐχθ
2265 4058 2343 4128 poi
2359 4057 2426 4110 τά
2445 4055 2666 4126 ἀμαρτή
2676 4071 2818 4125 ματα
2837 4054 2916 4117 είς
2942 4053 3106 4123 μέσον
3127 4052 3259 4121 ἄγου
3269 4069 3370 4108 σιν.
3389 4051 3608 4124 Ἐπειδὴ

2027 4149 2137 4220 γὰρ
2193 4147 2299 4201 67:6
2349 4145 2633 4215 φιλαυτίας
2678 4144 2836 4214 ἡμεῖς
2879 4143 2947 4197 τὰ
2990 4142 3237 4213 ἡμέτερα
3285 4143 3610 4214 πλημμελήο

2032 4255 2174 4309 ματα
2205 4239 2304 4310 οὐχ
2339 4239 2574 4309 ὁρῶμεν,
2601 4237 2705 4290 67:6
2733 4237 2830 4307 τῆς
2877 4237 3074 4308 ἔχθρας
3117 4239 3315 4291 ἐκεῖνοι
3351 4238 3609 4300 πολλάκις

2028 4330 2185 4402 ἡμῶν
2215 4330 2606 4401 ἀκριϐέστερον
2626 4329 2978 4400 θεασάμενοι,
3009 4329 3105 4383 καὶ
3140 4329 3496 4392 ὀνειδίσαντες
3529 4330 3611 4391 είς

2028 4424 2271 4493 ἀνάγκην
2293 4422 2440 4495 [T75]
2464 4424 2612 4493 ἡμᾶς
2633 4421 2884 4475 ἐνέϐαλον
2903 4419 3256 4489 διορθώσεως,
3278 4419 3370 4472 καὶ
3385 4419 3610 4487 γέγονεν

2029 4515 2217 4584 ἡμίνὴ
2248 4513 2416 4582 ἔχθρα
2449 4512 2712 4582 μεγίστης
2747 4511 3016 4581 ὡφελείας
3044 4510 3320 4575 ὑπόθεσις,
3355 4513 3418 4564 o6
3451 4512 3612 4581 μόνον

2027 4605 2109 4657 6::
2158 4603 2591 4674 μιμνησκόμενοι
2638 4602 2768 4674 παρ’
2815 4602 3039 4655 ἐκείνων
3089 4601 3317 4672 νοοῦμεν
3348 4602 3504 4673 ἡμῶν
3541 4603 3610 4656 τὰ

2029 4696 2438 4767 ἁμαρτήματα,
2485 4695 2600 4748 ἀλλ’
2628 4696 2710 4748 ὅτι
2747 4697 2888 4750 αύτά
2934 4696 3029 4749 καὶ
3073 4695 3462 4766 ἀποτιθέμεθα.
3514 4697 3612 4749 Ἂν

2029 4787 2138 4858 γὰρ
2173 4787 2408 4860 ὀνειδίσῃ
2436 4803 2492 4840 σε
2522 4789 2550 4840 6
2578 4787 2770 4858 ἐχθρὸς
2796 4789 3120 4859 ἁμάρτημα,
3139 4789 3167 4842 6
3195 4791 3259 4843 σὺ
3285 4788 3465 4860 σαυτῷ
3494 4789 3616 4844 σύν-

2027 4880 2194 4946 οιδας,
2216 4881 2280 4935 σὺ
2299 4881 2346 4934 δ’
2367 4882 2608 4946 ἀκούσας
2631 4884 2840 4937 ἐκεῖνον
2867 4883 2964 4953 μὲν
2985 4884 3057 4954 μὴ
3079 4882 3330 4955 ὑϐρίσῃς,
3350 4884 3612 4954 στενάξῃς

2029 4972 2084 5026 δὲ
2124 4974 2339 5044 πικρὸν,
2361 4975 2570 5029 καὶτὸν
2586 4975 2720 5029 Θεὸν
2743 4975 3157 5048 παρακαλέσῃς,
3181 4977 3384 5039 εὐθέως
3404 4975 3610 5030 ἀπέθου

2027 5062 2127 5134 τὴν
2156 5065 2430 5136 ἁμαρτίαν
2453 5065 2688 5122 ἃπασαν.
2713 5064 2864 5139 τΑρα
2887 5067 2941 5121 τί
2969 5068 3163 5122 τούτου
3190 5049 3386 5135 γένοιτ⁴
3409 5067 3475 5119 ἂν
3507 5085 3611 5137 μα-

2029 5157 2398 5230 καριώτερον;
2439 5158 2491 5211 τί
2539 5159 2585 5212 δ’
2623 5160 2989 5232 εὐκολώτερον
3021 5159 3157 5229 πρὸς
3196 5158 3611 5230 ἁμαρτημάτων

2027 5249 2380 5321 ἀπαλλαγήν;
2419 5252 2558 5305 Ἀλλ’
2609 5253 2695 5306 ἵνα
2742 5255 2816 5324 μὴ
2857 5251 3084 5322 νομίσῃς
3116 5252 3265 5321 ἡμᾶς
3319 5251 3504 5315 ἁπλῶς
3549 5267 3609 5302 σε

2028 5337 2391 5410 ψυχαγωγεῖν,
2423 5342 2530 5396 ἀπὸ
2553 5342 2662 5396 τῶν
2684 5342 2842 5394 θείων
2855 5341 3089 5411 Γραφῶν
3113 5342 3220 5411 τὴν
3237 5340 3380 5414 ὑπὲρ
3406 5342 3611 5396 τούτων

2031 5430 2337 5502 παρέξομαι
2375 5431 2698 5502 μαρτυρίαν,
2733 5432 2816 5483 ἵνα
2850 5431 3017 5501 μηδὲν
3052 5431 3368 5503 ἀμφιϐάλῃς
3401 5432 3607 5484 λοιπόν.

2025 5522 2322 5593 Φαρισαῖός
2355 5539 2440 5585 τις
2471 5519 2570 5592 ἦν,
2603 5523 2698 5576 καὶ
2737 5521 3069 5594 τελώνης’·ὁ
3111 5524 3211 5595 μὲν
3256 5525 3334 5587 είς
3372 5524 3612 5595 ἐσχάτην

2092 5753 2115 5804 ξι
2141 5740 2209 5804 Ex
2239 5753 2337 5790 uno
2362 5741 2516 5804 Regio
2537 5742 2608 5792 sic
2632 5746 2856 5795 restituta
2887 5749 3046 5796 series
3070 5747 3177 5796 fuit.

2091 5801 2122 5840 δ
2142 5803 2265 5863 Reg.
2307 5801 2724 5854 ιιηαεῖκϐάλωσιν
2746 5810 2881 5869 ὑμῶν
2903 5810 3106 5872 πονηρὸν
3140 5810 3288 5869 ὄνομα
3312 5810 3608 5871 ψευδόμενοισ
