4064 6444
499 359 603 415 τοι

504 472 704 529 κακίαν
755 469 1069 542 ἐληλακικ,
1121 467 1151 520 6
1197 465 1255 519 δέ
1300 464 1643 535 δικαιοσύνης
1689 457 2080 531 ἐπιμελόμενος

1180 348 1242 405 S.
1282 343 1574 405 ιοΑΝΝιε
1605 331 2097 399 ςιιιιγεοετοιιι

2198 328 2453 389 RClliEP.
2494 330 2628 389 CON
2638 330 3048 388 STANTINOP.

3669 331 3778 388 703

2184 468 2394 521 σαμεν;
2435 450 2531 515 Εἰς
2571 452 2671 523 τὴν
2719 450 3017 519 ἀπολογίαν
3053 447 3151 521 τὴν
3178 446 3275 502 τοῦ
3324 448 3513 503 Δαυῖδ.
3561 449 3778 505 Οὐκοῦν

504 562 715 633 ἄκρας’
758 541 853 614 καί
883 559 993 630 γάρ
1035 554 1104 610 τὰ
1144 554 1274 608 δντα
1322 554 1630 624 προήκατο,
1669 550 1764 603 καὶ
1806 545 2081 633 νηστεύων
2183 544 2399 614 ἀνάγκη
2436 545 2676 615 σήμερον
2707 543 2775 597 τά
2818 542 2912 596 τοῦ
2945 541 3132 633 ᾲΣαοὺλ
3181 543 3404 614 ῥήματα
3433 542 3634 604 είπείν,
3680 544 3779 597 καὶ

505 627 750 708 διετέλει,
792 627 903 697 καί
928 627 1240 704 πλεονεξίας
1285 634 1353 710 ῆν
1394 636 1665 707 καθαρός·
1702 634 1908 693 ἐκεῖνος
1946 627 1991 682 δ’
2024 627 2082 680 ἐν

506 735 783 803 ἁρπαγαῖς
828 731 923 786 καὶ
957 730 1099 801 βίαις
1137 729 1227 781 τὸν
1279 726 1496 781 ἅπαντα
1535 722 1726 795 χρόνον
1784 719 2079 803 ἀνήλωσεν.

521 799 772 892 ’Ᾱνῆλθον
799 799 1097 890 ἀμφότεροι
1127 813 1529 888 προσεύξασθαι
1563 813 1642 875 εἰς
1680 809 1742 863 τὸ
1763 808 1924 880 ίερόν.
1952 799 2085 857 Εἶτα

509 913 714 974 ἐκεῖνος
763 907 894 971 στάς
936 905 1156 974 ἔλεγεν·
1197 899 1555 973 Εὑχαριστῶ
1588 913 1721 959 σοι,
1747 897 1947 964 Κύριε,
1997 893 2085 946 ὅτι

505 1000 618 1052 οὐκ
648 996 765 1066 είμί
808 997 889 1063 ὡς
920 997 975 1049 οἱ
1018 995 1219 1049 ,ποιποί
1258 993 1376 1047 τῶν
1410 989 1766 1057 ἀνθρώπων,
1800 984 2084 1053 ἅρπαγες,

502 1085 884 1148 πλεονέκται,
902 1082 1027 1137 οὐδ’
1047 1082 1128 1149 ὡς
1146 1076 1325 1145 οὗτος
1346 1082 1377 1133 ό
1399 1076 1684 1143 τελώνης.
1700 1074 1757 1127 Ὀ
1774 1072 1830 1127 δέ
1851 1069 2087 1140 τελώνης

508 1172 790 1243 πόρρωθεν
819 1169 1019 1236 ἐστὼς,
1051 1171 1151 1224 οὐκ
1193 1167 1516 1238 ἀνθύϐρισεν
1536 1205 1551 1228 ,
1580 1164 1681 1215 οὐκ
1713 1157 2088 1228 ἀντελοιδόρη-

510 1275 624 1324 σεν,
664 1259 765 1311 ούκ
795 1253 913 1310 εἰπε
944 1256 1116 1310 ταῦτα
1143 1255 1212 1309 τὰ
1253 1254 1362 1309 τῶν
1395 1251 1604 1305 πολλῶν
1634 1251 1855 1321 ῥήματα
1878 1264 1891 1277 ο
1921 1247 1993 1298 Σὺ
2030 1244 2086 1297 δέ

506 1347 711 1417 τολμᾷς
734 1345 827 1398 toﬁ
860 1344 992 1416 ἐμοῦ
1026 1342 1335 1415 μεμνῆσθαι
1360 1341 1494 1411 βίου,
1520 1333 1950 1392 ἐπιλαϐέσθαιδέ
1981 1331 2088 1417 τῶν

510 1416 635 1500 ἐμοὶ
660 1416 1068 1500 πεπραγμένων
1091 1445 1107 1494 ;
1139 1427 1213 1481 Ού
1247 1427 1355 1495 γάρ
1381 1423 1495 1494 εἰμί
1520 1440 1614 1475 σου
1652 1419 1908 1491 βελτίων;
1936 1416 2088 1500 Εἴπω

509 1514 580 1567 τά
600 1531 681 1567 σοι
705 1499 1072 1584 πεπλημμελη
1081 1511 1236 1582 μένα,
1256 1511 1349 1563 καὶ
1372 1509 1583 1579 ποιήσω
1607 1501 1876 1575 μηδέποτέ
1901 1517 1960 1553 σε
1980 1499 2088 1552 τῶν

510 1600 670 1671 ίερῶν
697 1600 900 1654 τούτων
938 1600 1194 1669 ἐπιϐῆναι
1220 1596 1523 1669 προθύρων.
1548 1594 1711 1647 Ούδέν
1737 1590 1940 1644 τούτων
1968 1584 2089 1640 εἰπε

508 1687 619 1740 τῶν
630 1687 852 1758 ψυχρῶν
870 1688 935 1757 ῥη
945 1687 1148 1757 μάτων,
1167 1684 1202 1738 ἃ
1218 1684 1337 1738 καθ’
1351 1683 1587 1751 ἐκάστην
1601 1679 1816 1751 ἡμέραν
1831 1675 2091 1748 ἀλλήλους

511 1775 801 1839 πλύνοντες
823 1775 1085 1847 λέγομεν·
1135 1774 1270 1828 ἀλλὰ
1303 1773 1514 1844 πικρῶς
1556 1770 1818 1836 στενάξας
1850 1768 1945 1822 καὶ
1980 1783 2089 1820 πα-

508 1863 678 1930 τάξας
704 1864 765 1917 τὸ
789 1864 1003 1934 στῆθος,
1030 1861 1283 1916 τοσοῦτον
1309 1857 1428 1913 εἷπε
1455 1858 1635 1931 μόνον,
1663 1854 1973 1920 Ἰλάσθητί
1987 1870 2090 1923 μοι

511 1948 593 2015 τῷ
619 1948 966 2020 ἁμαρτωλῷ,
988 1948 1085 2003 καὶ
1120 1946 1356 2018 κατῆλθε
1412 1942 1851 2015 δεδικαιωμένος.

580 2048 735 2115 Εἶδες
770 2052 966 2123 τάχος;
1011 2049 1348 2115 Κατεδέξατο
1384 2047 1608 2112 ὄνειδος,
1649 2046 1744 2101 καὶ
1791 2043 2092 2113 ἀπενίψατο

511 2137 743 2201 δνειδος·
783 2138 997 2205 ἐπέγνω
1039 2138 1108 2190 τά
1151 2137 1550 2207 ἁμαρτήματα,
1607 2134 1703 2187 καὶ
1749 2131 1981 2186 ἀπέθετο
2025 2131 2093 2182 τὰ

514 2225 915 2295 ἁμαρτήματα·
948 2225 1043 2278 καὶ
1071 2225 1105 2295 ή
1134 2223 1439 2293 κατηγορία
1456 2222 1555 2293 τῆς
1579 2220 1853 2292 ἁμαρτίας
1871 2219 2091 2288 γέγονεν

513 2313 793 2383 ἀναίρεσις
836 2311 940 2382 τῆς
981 2311 1277 2382 ἁμαρτίας,
1313 2311 1405 2364 καλ⁸
1448 2312 1477 2362 6
1525 2308 1717 2380 ἐχθρὸς
1755 2308 1905 2362 άκων
1939 2306 2095 2377 εὐερ-

513 2402 681 2471 γέτης
707 2400 1018 2457 καθίστατο.
1049 2399 1198 2454 Πόσα
1222 2398 1331 2468 γάρ
1363 2398 1471 2451 ἔδει
1508 2399 1706 2468 καμεῖν
1737 2396 1830 2451 τόν
1855 2395 2093 2466 τελώνην

513 2485 861 2557 νηστεύοντα,
888 2483 1282 2558 χαμευνῶντα,
1308 2482 1713 2553 ἀγρυπνοῦντα,
1734 2480 1803 2534 τὰ
1828 2480 1958 2534 ὄντα
1981 2483 2094 2544 τοῖς

505 2574 789 2645 δεομένοις
810 2574 1141 2646 παρέχοντα,
1161 2573 1221 2626 ἐν
1251 2569 1430 2641 σποδῷ
1456 2571 1550 2624 καὶ
1572 2569 1759 2640 σάκκῳ
1789 2567 2095 2639 καθήμενον

510 2663 576 2714 ιν
603 2660 781 2732 πολλῴ
804 2660 883 2731 τῷ
910 2661 1112 2733 χρόνῳ,
1136 2659 1277 2713 ὥστε
1307 2657 1600 2729 δυνηθῆναι
1628 2656 1699 2710 τὰ
1721 2657 2098 2727 ἁμαρτήματα

515 2747 816 2802 ἀποθέσθαι
838 2750 1052 2813 ἐκεῖνα,
1074 2746 1186 2800 Καὶ
1204 2744 1299 2800 νῦν
1325 2745 1478 2800 οὐδὲν
1499 2744 1704 2798 τούτων
1731 2744 1986 2815 ποιήσας,
2011 2742 2098 2795 διὰ

506 2835 673 2907 λικιλοῦ
705 2837 947 2908 ῥήματος
985 2835 1166 2887 πᾶσαν
1215 2832 1448 2886 ἀπέθετο
1476 2830 1573 2904 τὴν
1617 2830 1814 2885 κακίαν
1836 2847 1849 2861 '
1895 2830 1991 2884 καὶ
2030 2830 2099 2882 τὰ

497 2924 694 2997 ,ὀνείδη
727 2925 822 2978 καὶ
849 2926 905 2978 αί
949 2923 1207 2994 λοιδορίαι
1252 2919 1347 2976 τοῦ
1380 2920 1633 2986 δόξαντος
1667 2920 1827 2974 αὑτὸν
1858 2918 2096 2991 ὑϐρίζειν

518 3014 782 3082 στέφανον
802 3012 950 3084 αὐτῷ
971 3011 1314 3082 δικαιοσύνης
1336 3009 1620 3081 ἐκόμισαν,
1637 3007 1808 3081 χωρὶς
1838 3006 2094 3079 ἱδρώτων,

516 3103 613 3154 καὶ
639 3101 836 3164 πόνων,
869 3101 963 3154 καὶ
991 3102 1184 3172 χρόνου
1215 3097 1450 3171 μακροῦ.
1495 3097 1657 3168 Ὁρᾷς
1680 3098 1763 3151 ὅτι
1795 3094 1895 3150 κᾶν
1923 3095 2097 3166 ἀληθῆ

517 3208 603 3255 τις
637 3190 771 3262 λέγῃ
802 3191 928 3261 περί
955 3189 1130 3261 ήμῶν,
1156 3189 1259 3243 κᾶν
1288 3187 1509 3242 τοιαῦτα
1534 3186 1676 3258 άπερ
1704 3187 1865 3257 ἡμεῖς
1887 3187 2100 3249 ἑαυτοῖς

521 3276 802 3348 σύνισμεν,
833 3279 992 3349 ἡμεῖς
1018 3276 1076 3331 δέ
1107 3276 1197 3330 τὸν
1222 3275 1449 3345 λέγοντα
1489 3274 1564 3345 μὴ
1600 3274 1937 3344 ὑϐρίσωμεν,
1963 3272 2102 3327 ἀλλά

520 3368 864 3439 στενάξωμεν
892 3367 1107 3438 πικρὸν,
1139 3365 1232 3421 καὶ
1259 3365 1350 3419 τὸν
1379 3365 1512 3418 Θεὸν
1540 3363 1681 3434 ὑπὲρ
1713 3363 1821 3418 τῶν
1852 3366 2101 3434 ἁμαρτη-

522 3454 709 3525 μάτων
730 3454 1226 3527 παρακαλέσωμεν,
1241 3454 1419 3508 πάντα
1439 3452 1779 3524 δυνησόμεθα
1800 3452 2101 3506 ἀποθέσθαι

518 3544 588 3598 τά
613 3544 719 3615 πλη
729 3544 1094 3615 μμελήματα;
1124 3541 1280 3596 Οὕτω
1306 3540 1436 3611 γοῦν
1464 3543 1557 3595 καὶ
1591 3534 1746 3606 οὗτος
1775 3539 2063 3611 ἐδικαιώθη
2083 3557 2099 3572 ο

521 3631 711 3702 ἐπειδὴ
736 3631 846 3703 γὰρ
889 3633 989 3684 οὐκ
1033 3630 1359 3701 ἀνθύϐρισεν
1402 3630 1630 3693 ἐκεῖνον,
1661 3627 1777 3682 ἀλλ’
1819 3627 2102 3694 ἐστέναξεν

524 3718 665 3790 ύπέρ
695 3717 803 3771 τῶν
836 3717 1051 3771 οἰκείων
1088 3716 1527 3787 ἁμαρτημάτων,
1567 3714 1805 3787 κατῆλθε
1831 3713 2104 3769 δεδικαιω-

522 3807 686 3878 μένος
718 3805 917 3877 μᾶλλον
949 3801 1123 3871 οὗτος,
1157 3806 1191 3877 ἢ
1216 3807 1443 3869 ἐκεῖνος.

597 3941 660 3989 ε’.
679 3937 842 4007 Ὁρᾷς
866 3936 990 3991 ὅσον
1008 3934 1119 4007 ἔχει
1152 3935 1343 4009 κέρδος
1372 3936 1406 4007 ή
1434 3934 1544 3989 τῶν
1565 3933 1773 4007 ἐχθρῶν
1797 3933 1973 4006 ὕϐρις,
2005 3934 2101 3989 ἐὰν

524 4026 830 4095 φιλοσόφως
859 4027 1026 4100 αὐτὴν
1049 4027 1337 4100 φέρωμεν;
1363 4027 1535 4082 Ὅταν
1560 4026 1693 4097 γοῦν
1724 4026 1820 4081 καὶ
1845 4025 2106 4096 ψευδόμε-

504 4132 604 4183 ,νοι
629 4118 725 4168 καὶ
749 4116 1104 4185 ἀληθεύοντες
1126 4119 1273 4189 ἡμᾶς
1299 4118 1572 4187 ὠφελῶσι,
1590 4117 1731 4181 τίνος
1749 4118 1935 4170 ἐνεκεν
1950 4114 2103 4187 [776]

525 4207 832 4278 ἀλγοῦμεν;
862 4209 1005 4272 τίνος
1026 4209 1211 4264 ἐνεκεν
1234 4208 1574 4279 δακνόμεθα;
1595 4210 1693 4262 Ἂν
1716 4209 1790 4280 μὴ
1822 4208 1885 4262 σὺ
1910 4209 2104 4263 σαυτὸν

526 4300 909 4375 παραϐλάψῃς,
945 4301 1220 4371 ἄνθρωπε,
1251 4301 1376 4356 οὔτε
1406 4302 1580 4372 φίλος,
1614 4301 1724 4355 οὔτ’
1748 4301 1961 4373 ἐχθρὸς,
1991 4302 2104 4358 οὒτ’

526 4393 687 4456 αὑτός
709 4410 767 4446 σε
798 4395 825 4447 6
843 4393 1089 4458 διάϐολος
1112 4393 1467 4466 παραϐλάψαι
1483 4394 1787 4466 δυνήσεται.
1810 4397 1976 4449 Ὅταν
1997 4395 2104 4469 γὰρ

524 4488 575 4541 οἰ
606 4486 948 4559 ὑϐρίζοντες,
994 4488 1045 4541 οἰ
1082 4487 1448 4559 δημεύοντες,
1494 4488 1544 4540 οί
1594 4487 1756 4559 μέχρι
1812 4487 1912 4560 τῆς
1961 4486 2107 4557 ζωῆς

524 4579 696 4650 αὐτῆς
751 4579 1192 4644 ἐπιϐουλεύοντες
1220 4579 1505 4651 ὠφελῶσιν
1535 4581 1715 4652 ήμᾱς,
1763 4580 1858 4634 καὶ
1900 4578 1951 4632 οί
2007 4579 2104 4650 μὲν

526 4672 829 4744 μαρτυρίου
866 4673 1127 4742 στέφανον
1149 4674 1281 4744 ἡμῖν
1314 4672 1576 4736 πλέκωσι,
1613 4670 1865 4743 καθάπερ
1892 4668 2107 4724 ἀπεδεί-

528 4764 719 4834 ξαμεν,
755 4764 804 4816 οί
837 4763 893 4816 δὲ
925 4763 994 4817 τὰ
1039 4766 1417 4837 ἁμαρτήματα
1453 4763 1611 4835 ἡμῶν
1638 4763 1981 4835 ὑποσύρωσι,
2012 4762 2107 4816 καὶ

527 4856 773 4919 δικαίους
808 4858 954 4927 ἡμᾶς
985 4856 1343 4928 ἐργάζωνται,
1382 4857 1577 4929 ῶσπερ
1607 4858 1701 4911 ἐπὶ
1738 4854 1835 4910 τοῦ
1873 4855 2106 4909 τελώνου

526 4947 743 5019 γέγονε,
771 4946 914 5010 τίνος
939 4947 1125 5001 ἕνεκεν
1155 4947 1559 5021 ἐκθηριούμεθα
1589 4947 1726 5021 πρὸς
1751 4946 1984 5011 αὐτούς;
2013 4946 2105 5016 Μὴ

525 5041 704 5096 τοίνυν
740 5039 989 5111 λέγωμεν
1011 5055 1024 5070 ’
1061 5038 1118 5093 '0
1148 5039 1294 5094 δεῖνά
1329 5057 1395 5111 με
1429 5020 1748 5111 παρώξυνε,
1780 5038 1875 5092 καὶ
1907 5038 1936 5091 6
1961 5036 2110 5092 δεῖνά

528 5152 597 5207 με
632 5135 948 5208 προήγαγεν
998 5134 1175 5186 εἰπεῖν
1226 5132 1448 5205 ῥήματα
1479 5131 1710 5202 αἰσχρά·
1749 5132 1910 5202 ήμεῖς
1942 5129 2106 5184 αιτιοι

516 5224 810 5297 ,πανταχοῦ
843 5225 1070 5280 τούτων.
1101 5226 1198 5279 Ἂν
1220 5222 1329 5295 γὰρ
1355 5222 1598 5293 θέλωμεν
1631 5221 1960 5292 φιλοσοφεῖν,
1986 5221 2107 5275 οὐδὲ

525 5321 735 5384 δαίμων
782 5320 930 5391 ἡμᾶς
982 5317 1269 5389 δυνήσεται
1317 5316 1537 5387 κινῆσαι
1587 5314 1723 5388 πρὸς
1769 5314 1973 5387 ὀργήνο
2012 5313 2108 5367 καὶ

525 5410 685 5464 τοῦτο
702 5410 861 5480 δῆλον
890 5408 982 5463 καὶ
1007 5409 1064 5475 ἐξ
1095 5409 1268 5464 ἄλλων
1299 5409 1396 5480 μέν
1422 5407 1653 5474 πολλῶν,
1685 5407 1781 5461 καὶ
1807 5406 1903 5463 ἀπ’
1930 5406 2104 5474 αὐτῆς

526 5501 586 5554 δέ
640 5500 741 5570 τῆς
794 5500 1163 5572 προκειμένης
1217 5502 1347 5571 ἡμῖν
1399 5500 1638 5572 ἱστορίας
1693 5500 1793 5572 τῆς
1836 5498 1965 5569 περὶ
2012 5494 2104 5550 τοῦ

529 5592 713 5655 Δαυῒδ,
750 5593 816 5663 ἢν
845 5591 994 5659 ἀξιον
1021 5592 1118 5646 καὶ
1149 5593 1387 5664 σήμερον
1426 5595 1769 5664 παραγαγεῖν
1798 5592 1877 5655 εἰς
1919 5589 2106 5661 μέσον,

537 5683 801 5755 πρότερον
837 5683 1245 5756 ἀναμνήσαντες
1276 5683 1430 5754 ὑμῶν
1456 5683 1555 5755 τὴν
1601 5685 1842 5755 ἀγάπην,
1873 5682 1976 5736 ποῦ
2016 5681 2108 5734 τὸν

538 5770 693 5840 λόγ-δν
725 5762 1095 5844 κατελύσαμεν
1131 5773 1338 5842 πρώην.
1357 5776 1469 5830 Ποῦ
1491 5776 1667 5830 τοίνυν
1699 5776 1862 5832 αὑτὸν
1886 5772 2107 5832 κατελύ-

2188 635 2314 689 ίδεῖν
2353 635 2408 689 τί
2454 634 2592 704 πρὸς
2638 634 2737 704 τὴν
2767 631 3131 701 δικαιολογίαν
3177 633 3389 687 ἐκείνου
3435 635 3780 707 ἀπεκρίνατο

2186 721 2362 792 οὗτος.
2395 729 2468 782 Ού
2497 727 2608 799 γάρ
2649 726 2713 798 δή
2750 728 2912 798 μόνον
2936 728 3032 796 ἀφ’
3074 719 3150 780 ὧν
3178 728 3208 780 6
3256 724 3424 782 Δαυῒδ
3470 727 3779 797 ἐφθέγξατο

2188 821 2474 892 ῥημάτων,
2504 819 2640 873 ἀλλά
2670 818 2765 872 καὶ
2794 817 2887 887 ἀφ’
2910 813 2985 871 ὧν
3004 818 3032 871 6
3052 818 3226 872 Σαοὺλ
3245 817 3416 887 λέγει,
3442 818 3544 891 τὴν
3570 820 3777 892 ἀρετήν

2187 911 2446 982 εἰσόμεθα
2499 911 2596 963 toﬁ
2646 910 2840 963 Δαυϊδ·
2892 910 2960 964 ἂν
3004 910 3115 980 γάρ
3171 913 3314 982 φανῇ
3357 928 3411 963 τι
3450 914 3631 983 πρᾶον
3680 913 3777 967 καὶ

2187 1005 2393 1075 ἥμερον
2423 997 2576 1066 οὗτος
2605 1001 2994 1073 φθεγγόμενος,
3016 1002 3115 1074 τὴν
3147 1003 3326 1056 αἰτίαν
3345 1003 3554 1057 τούτων
3581 1006 3777 1077 ἐκείνῳ

2188 1094 2516 1165 λογιούμεθα
2543 1094 2622 1164 τῷ
2658 1093 3019 1165 μεταϐαλόντι
3066 1093 3158 1146 τὸν
3186 1093 3496 1165 ἄνθρωπον,
3536 1094 3617 1166 τῷ
3650 1110 3778 1150 παι·

2188 1190 2440 1246 δεύσαντι
2473 1191 2568 1244 καὶ
2617 1190 2946 1262 ρυθμίσαντι
2992 1191 3090 1263 τὴν
3128 1190 3305 1264 ψυχὴν
3344 1194 3535 1248 αὑτοῦ.
3573 1196 3640 1249 Τί
3683 1192 3778 1251 οὗν

2191 1300 2355 1353 φησιν
2383 1285 2411 1337 6
2440 1282 2649 1349 Σαούλ;
2691 1282 2958 1347 Ἀκούσας
3001 1284 3094 1336 τοῦ
3121 1283 3284 1337 Δαυῒδ
3325 1286 3593 1354 εἰπόντος,
3626 1288 3778 1344 Ἰδοὺ

2188 1375 2257 1429 τὸ
2285 1377 2605 1445 πτερύγιον
2634 1374 2746 1444 τῆς
2769 1373 3079 1442 διπλοΐδος
3106 1375 3177 1430 ἐν
3204 1376 3279 1445 τῇ
3324 1379 3479 1446 χειρί
3511 1396 3654 1449 μου,
3682 1382 3780 1435 καὶ

2188 1467 2358 1522 τᾶλλα
2383 1466 2542 1520 πάνθ’
2571 1466 2608 1521 ἃ
2640 1465 2779 1537 μετά
2827 1465 3034 1519 τούτων
3073 1467 3473 1539 ἀπελογήσατο.
3518 1470 3583 1524 Ἡ
3604 1471 3776 1540 φωνή

2190 1572 2307 1612 σου
2334 1557 2507 1625 αὕτη,
2544 1557 2760 1612 τέκνον
2790 1557 3008 1631 Δαυΐδ;
3044 1558 3109 1610 ’Ὠ
3149 1558 3289 1629 πόση
3318 1559 3542 1628 γέγονεν
3580 1562 3778 1635 ἀθρόον

2192 1653 2226 1723 ή
2261 1651 2561 1722 μεταϐολήί
2620 1651 2679 1704 Ὀ
2723 1650 2832 1722 γάρ
2877 1651 3001 1722 μηδ’
3050 1651 3159 1704 ἀπὸ
3194 1651 3352 1721 ψιλοῦ
3386 1653 3482 1706 τοῦ
3513 1655 3778 1727 ὀνόματος

2192 1742 2520 1813 ἀνεχόμενος
2569 1742 2733 1795 αὐτὸν
2790 1742 3019 1797 καλέσαι
3062 1742 3193 1796 ποτὲ
3212 1784 3228 1808 ,
3278 1744 3416 1798 ἀλλά
3459 1746 3555 1800 καὶ
3611 1748 3780 1819 αὐτὴν

2193 1832 2357 1887 αὐτοῦ
2400 1833 2574 1903 μισῶν
2603 1833 2703 1904 τὴν
2746 1835 3159 1907 προσηγορίαν,
3195 1836 3288 1888 καὶ
3333 1837 3414 1900 είς
3454 1836 3780 1907 συγγένειαν

2194 1923 2355 1976 αὑτὸν
2395 1925 2592 1994 ήγαγε,
2621 1923 2813 1978 τέκνον
2846 1924 3009 1979 αὑτὸν
3037 1927 3372 1996 προσειπών.
3401 1928 3467 1980 Τί
3493 1929 3587 1982 τοῦ
3619 1930 3782 1984 Δαυῒδ

2196 2016 2642 2090 μακαριώτερον,
2672 2016 2730 2080 δς
2767 2016 2859 2070 τὸν
2908 2016 3232 2089 ἀνδροφόνον
3274 2020 3487 2091 πατέρα
3530 2022 3778 2093 ἐποίησε,

2194 2111 2289 2164 καὶ
2318 2110 2409 2164 τὸν
2439 2110 2603 2163 λύκον
2638 2108 2931 2178 πρόϐατον,
2961 2110 3055 2163 καὶ
3084 2109 3183 2181 τὴν
3212 2110 3444 2182 κάμινον
3472 2113 3577 2183 τῆς
3611 2114 3780 2186 ὀργῆς

2192 2201 2386 2273 δρόσου
2420 2200 2619 2270 πολλῆς
2644 2201 2928 2272 ἐνέπλησε,
2962 2202 3055 2254 καὶ
3077 2201 3146 2255 τά
3178 2206 3400 2274 κύματα
3425 2207 3508 2268 εἰς
3536 2207 3781 2277 γαλήνην

2198 2291 2488 2363 μετέϐαλε,
2524 2293 2620 2346 καὶ
2651 2291 2747 2364 τήν
2776 2291 3090 2364 φλεγμονὴν
3115 2292 3211 2346 τοῦ
3236 2293 3409 2366 θυμοῦ
3446 2295 3780 2353 κατέσϐεσεν

2197 2383 2454 2449 ἀπασαν;
2502 2382 2585 2436 Τά
2617 2382 2728 2456 γὰρ
2772 2384 2993 2454 ῥήματα
3036 2383 3220 2437 ἐκεῖνα
3259 2384 3355 2437 toﬁ
3384 2384 3550 2439 Δαυῗδ
3576 2388 3657 2451 εἰς
3684 2387 3783 2459 τὴν

2195 2473 2433 2529 διάνοιαν
2458 2474 2771 2528 εἰσελθόντα
2798 2473 2894 2528 τοῦ
2924 2474 3328 2547 τεθηριωμένον
3360 2476 3573 2543 τούτου,
3601 2480 3783 2534 πᾶσαν

2195 2564 2401 2634 ταύτην
2426 2565 2721 2637 εἰργάσατο
2743 2565 2843 2638 τῆν
2868 2566 3196 2638 μεταϐολήν,
3226 2568 3295 2639 ἢν
3328 2568 3437 2622 ἀπὸ
3468 2569 3579 2623 τῶν
3612 2571 3786 2642 ρημά·

2196 2672 2303 2710 των
2328 2657 2536 2711 τούτων
2566 2656 2713 2711 ἐστιν
2749 2657 2897 2715 ἰδεῖν.
2932 2658 3071 2713 Οὔτε
3090 2659 3204 2730 γὰρ
3231 2654 3406 2724 εἶπεν,
3429 2662 3493 2715 Οί
3525 2660 3677 2731 λόγοι
3702 2679 3785 2716 σοι

2194 2743 2409 2811 οὗτοιι,
2436 2749 2624 2803 τέκνον
2642 2750 2837 2817 Δαυῖδ;
2875 2750 3013 2804 ἀλλὰ
3036 2751 3122 2816 τίς
3168 2752 3233 2807 Ἠ
3262 2752 3431 2821 φωνή
3456 2768 3578 2808 σου
3608 2754 3782 2822 αὕτη,

2198 2840 2413 2894 τέκνον
2427 2840 2632 2905 Δαυίΰς
2648 2841 2745 2894 καὶ
2761 2842 2899 2913 πρὸς
2919 2842 3079 2896 αὐτὸν
3099 2842 3208 2914 γὰρ
3222 2845 3314 2899 τὸν
3327 2844 3566 2914 φθόγγον
3578 2845 3786 2917 διεθερ-

2202 2930 2422 3002 μαίνετο
2442 2931 2648 2986 λοιπόν.
2673 2931 2785 2985 Kal
2813 2931 3067 3003 καθάπερ
3089 2933 3269 3006 πατὴρ
3296 2934 3519 3006 χρονίας
3540 2933 3787 2999 ἀκούσας

2201 3022 2389 3093 φωνῆς
2424 3023 2616 3087 παιδὸς
2664 3023 3055 3089 ἐπανελθόντος
3089 3025 3289 3091 ποθὲν,
3325 3027 3449 3098 οὐχὶ
3505 3029 3645 3099 πρὸς
3684 3028 3787 3099 τὴν

2198 3115 2322 3186 ὄψιν
2348 3116 2540 3188 μόνην,
2571 3116 2705 3171 ἀλλὰ
2729 3119 2823 3170 καὶ
2856 3117 2994 3190 πρὸς
3027 3117 3131 3189 τὴν
3160 3121 3346 3192 φωνὴν
3386 3119 3559 3192 αὐτὴν
3591 3121 3790 3192 διεγεί-

2204 3223 2356 3277 ρεται
2375 3225 2389 3237 ’
2422 3207 2563 3260 οὕτω
2583 3208 2676 3262 καί
2693 3212 2721 3263 6
2743 3209 2936 3273 Σαοὺλ,
2960 3210 3236 3282 ἐπειδὴτά
3259 3213 3481 3282 ῥήματα
3503 3212 3597 3266 toﬁ
3623 3214 3795 3271 Δαυῒδ

2202 3298 2515 3352 εἰσελθόντα
2545 3299 2643 3371 τὴν
2680 3300 2882 3372 ἔχθραν
2922 3300 3199 3367 ἐξέϐαλεν,
3229 3304 3443 3372 ἐπέγνω
3477 3303 3668 3362 λοιπὸν
3696 3309 3793 3361 τδν

2202 3390 2377 3459 ἅγιον,
2396 3392 2489 3445 καὶ
2520 3392 2692 3456 πάθος
2719 3393 3082 3464 ἀποθέμενος,
3111 3393 3282 3459 πάθος
3313 3396 3552 3462 ἐδέξατο.
3588 3400 3792 3453 Ἐκϐα-

2201 3482 2309 3536 λὼν
2330 3486 2440 3555 γὰρ
2466 3483 2656 3555 θυμὸν,
2683 3483 2900 3548 ἐδέξατο
2921 3485 3190 3557 εὐθυμίαν
3210 3503 3270 3540 τε
3290 3487 3386 3541 καὶ
3417 3489 3789 3561 συμπάθειαν.

2205 3578 2315 3632 Kal
2348 3576 2599 3648 καθάπερ
2644 3578 2841 3643 νυκτὸς
2878 3578 2979 3650 μὲν
3026 3579 3313 3652 παρούσης
3361 3581 3487 3634 οὐδὲ
3542 3583 3796 3653 παρόντα

2203 3668 2468 3731 πολλάκις
2495 3668 2646 3741 [777]
2685 3668 3123 3742 ἐπιγινώσκομεν
3156 3672 3330 3739 φίλον,
3358 3672 3467 3747 ήμέ
3478 3690 3579 3744 ρας
3607 3673 3665 3728 δέ
3703 3693 3797 3744 γε·

2203 3761 2455 3833 νομένης,
2486 3761 2581 3814 καὶ
2618 3761 2905 3833 πόρρωθεν
2939 3762 3174 3833 δρῶντες
3218 3763 3380 3817 αὑτὸν
3409 3765 3792 3838 γνωρίζομενο

2204 3854 2464 3908 οὕτωκαὶ
2508 3854 2601 3907 ἐπὶ
2639 3853 2741 3925 τῆς
2790 3853 2990 3925 ἔχθρας
3039 3855 3358 3926 συμϐαίνειν
3385 3855 3598 3912 εῖωθεν.
3644 3860 3797 3925 Ἐως

2200 3934 2307 4017 ’μὲν
2338 3944 2404 3999 ἂν
2431 3940 2582 4016 ῶμεν
2606 3945 2787 4016 ἀηδῶς
2812 3945 2949 4018 πρὸς
2983 3946 3246 4020 ἀλλήλους
3272 3948 3506 4021 ἔχοντες,
3540 3951 3641 4006 καὶ
3680 3969 3799 4022 φω-

2203 4037 2300 4109 νῆς
2331 4037 2531 4108 ἐτέρως
2571 4036 2864 4107 ἀκούομεν,
2900 4037 2995 4091 καὶ
3039 4036 3163 4107 ὄψιν
3199 4040 3339 4110 μετά
3381 4040 3801 4114 διεφθαρμένης

2206 4128 2474 4200 βλέπομεν
2503 4129 2729 4200 γνώμης
2747 4145 2762 4160 ο
2789 4128 3009 4183 ἐπειδὰν
3033 4128 3079 4181 δ’
3103 4130 3436 4204 ἀποθώμεθα
3458 4134 3556 4204 τὴν
3594 4134 3799 4205 ὀργὴν,

2204 4224 2237 4293 ή
2278 4221 2386 4294 πρὸ
2423 4220 2611 4274 τούτου
2653 4220 2889 4292 πολεμία
2941 4221 3036 4274 καὶ
3069 4220 3242 4294 ἐχθρά
3290 4223 3464 4295 φωνὴ,
3510 4226 3799 4296 προσηνὴς

2205 4315 2300 4368 καὶ
2332 4313 2520 4385 ἡδίστη
2553 4314 2687 4383 ήμῖν
2732 4313 3018 4383 φαίνεται,
3047 4313 3143 4367 καὶ
3188 4315 3222 4386 ή
3258 4315 3495 4388 πολεμία
3531 4316 3657 4386 ὄψις
3696 4319 3801 4373 καὶ

2205 4405 2375 4477 ἀηδὴς
2400 4404 2623 4475 ποθεινὴ
2651 4404 2748 4459 καὶ
2777 4404 3056 4477 ἐπίχαρις.

2278 4550 2338 4602 ς’.
2363 4541 2533 4595 Τοῦτο
2556 4539 2764 4609 γίνεται
2792 4540 2888 4594 καὶ
2905 4540 3000 4594 ἐπὶ
3032 4540 3126 4594 toﬁ
3155 4542 3441 4613 χειμῶνος.
3462 4542 3576 4596 Ούκ
3594 4543 3799 4615 ἀφίησι

2205 4633 2299 4687 τοῦ
2329 4632 2558 4703 ούρανοῦ
2592 4633 2653 4686 τὸ
2686 4632 2881 4696 κάλλος
2913 4633 2947 4703 ἡ
2988 4631 3096 4686 τῶν
3125 4634 3304 4701 νεφῶν
3345 4633 3636 4703 φαίνεσθαι
3667 4652 3802 4688 ow-

2206 4724 2380 4795 δρομή
2402 4738 2418 4754 ο
2487 4721 2623 4775 ἀλλά
2670 4720 2774 4775 κᾶν
2824 4720 3087 4792 μυριάκις
3136 4721 3421 4795 ὀξυδερκὲς
3466 4723 3683 4795 ἔχωμεν
3733 4726 3802 4780 τδ

2206 4814 2382 4884 δμμα,
2412 4812 2514 4865 ούκ
2543 4812 2803 4883 ἰσχύομεν
2848 4812 3233 4867 ἀντιλαϐέσθαι
3273 4814 3374 4885 τῆς
3415 4813 3530 4868 ἀνω
3568 4816 3804 4889 φαιδρό-

2207 4923 2391 4977 τητος.
2437 4904 2687 4959 Ἐπειδὰν
2711 4904 2757 4958 δ’
2779 4906 2813 4976 ή
2858 4905 2959 4976 τῆς
2987 4907 3203 4969 ἀκτῖνος
3230 4905 3500 4977 θερμότης
3528 4906 3804 4979 ἐνδιατρί-

2206 4998 2358 5069 ψασα
2390 5000 2482 5052 καὶ
2502 4997 2840 5071 διαρῤήξασα
2871 4998 2930 5051 τὸ
2961 4998 3139 5067 νέφος,
3165 4997 3313 5071 δείξῃ
3349 4997 3443 5052 τὸν
3474 4998 3651 5070 ἥλιον,
3690 5001 3809 5055 δεί-

2209 5109 2365 5145 κνυσι
2403 5091 2498 5144 καὶ
2536 5092 2637 5160 τὴν
2664 5089 2757 5143 τοῦ
2786 5089 3015 5161 ούρανοῦ
3057 5090 3219 5144 πάλιν
3254 5089 3610 5162 εὐπρέπειαν.
3643 5091 3809 5149 Οὕτω

2209 5175 2304 5229 καὶ
2356 5175 2441 5243 ἐφ’
2495 5173 2651 5244 ήμῶν
2694 5171 3065 5244 ὀργιζομένων
3109 5172 3350 5241 γίνεται·
3397 5173 3493 5226 καὶ
3542 5173 3806 5246 καθάπρ

2209 5266 2370 5336 νέφος
2394 5265 2817 5336 πεπυκνωμένον
2846 5265 2954 5336 πρὸ
2977 5264 3081 5318 τῶν
3106 5263 3399 5336 ὀφθαλμῶν
3428 5266 3525 5319 καὶ
3549 5266 3665 5337 πρὸ
3693 5268 3806 5320 τῶν

2209 5357 2388 5413 ἀκοῶν
2423 5358 2637 5412 ἐστῶσα
2665 5359 2700 5429 ή
2735 5356 2923 5428 ἔχθρα,
2966 5357 3160 5429 ἐτέρας
3201 5358 3297 5411 καὶ
3351 5357 3454 5422 τὰς
3486 5357 3677 5426 φωνάς
3709 5358 3808 5411 καὶ

2208 5451 2307 5515 τὰς
2339 5450 2490 5521 ὄψεις
2519 5451 2661 5502 ποιεῖ
2702 5447 3012 5517 φαίνεσθαι.
3049 5449 3300 5503 Ἐπειδὰν
3328 5448 3388 5503 δέ
3426 5448 3808 5522 φιλοσοφήσας

2210 5559 2292 5607 τις
2320 5542 2419 5614 τὴν
2448 5540 2645 5613 ἔχθραν
2672 5539 2942 5611 ἀπόθηται
2966 5542 3063 5594 καὶ
3105 5540 3372 5614 διαρῤήξη
3402 5541 3505 5613 τῆς
3530 5543 3715 5616 λύπης
3737 5543 3805 5598 τὸ

2209 5633 2390 5701 νέφος,
2413 5630 2535 5685 τότε
2555 5630 2838 5701 άδεκάστῳ
2864 5630 3111 5702 λογισμῷ
3135 5633 3230 5686 καὶ
3254 5631 3445 5702 ὄψεται
3470 5633 3675 5702 πάντα,
3703 5635 3805 5690 καὶ

2274 5767 2299 5796 ⁸
2325 5765 2451 5828 Reg.
2477 5779 2607 5817 unus
2625 5769 2671 5816 οἰ
2696 5766 2829 5830 λόγοι
2851 5782 2940 5815 σου
2963 5765 3113 5818 οὗτοι.
