4064 6430
330 336 429 394 πσι

325 451 514 518 litiam,
540 451 678 507 alter
700 468 964 509 summam
1000 457 1283 512 exercebat
1313 460 1592 528 justitiam,
1624 472 1681 516 ut
1707 463 1796 532 qui
1837 463 1916 517 fa-

321 543 554 598 cultates
582 560 706 599 suas
727 558 1006 617 erogaret,
1037 550 1355 620 assidueque
1379 552 1665 622 jejunaret,
1696 571 1857 624 purus
1883 571 1912 609 a

324 634 527 702 rapinis
562 651 575 687 :
610 645 796 691 contra
830 639 964 693 alter
1016 639 1067 693 in
1109 643 1309 710 rapinis
1360 658 1423 697 ac
1468 645 1736 699 violentiis
1790 649 1910 701 vitae

316 731 540 793 tempus
565 740 724 781 omne
761 742 1182 799 consumpserat.
1232 735 1403 788 Ambo
1449 739 1806 793 ascenderunt
1860 741 1909 795 in

325 815 581 885 templum
627 820 817 872 orandi
862 821 1051 889 gratia.
1094 821 1183 876 llle
1219 833 1366 878 stans
1413 825 1667 882 dicebat:
1710 828 1911 886 Gratius

321 922 420 977 ago
442 907 529 960 tibi
554 949 567 973 ,
595 908 830 975 Domine,
863 913 1099 980 quoniam
1129 931 1228 967 non
1250 933 1360 969 sum
1389 918 1516 971 sicut
1542 921 1712 974 cwteri
1742 924 1907 976 homi-

318 1013 429 1064 nes,
458 1014 669 1067 rapaces
689 1042 704 1067 ,
733 1002 910 1068 avari,
934 1019 1094 1073 neque
1122 1004 1256 1058 velut
1296 1007 1377 1060 hic
1406 1008 1703 1077 publicanus
1732 1012 1748 1079 (
1776 1013 1903 1067 Luc.

316 1090 410 1145 18.
443 1091 530 1145 11.
557 1091 623 1145 12
646 1090 689 1162 ).
713 1094 783 1147 At
824 1095 1138 1164 publicanus
1169 1100 1352 1167 procul
1378 1110 1523 1156 stans
1552 1118 1656 1156 non
1685 1107 1907 1173 regessit

322 1182 702 1237 contumeliam
730 1225 745 1251 ,
796 1200 969 1254 neque
1000 1188 1231 1242 vicissim
1284 1189 1415 1244 dixit
1448 1192 1767 1259 convicium,
1799 1212 1902 1251 non

320 1275 544 1343 protulit
593 1276 692 1331 ista
733 1276 968 1347 vulgaria
1008 1281 1170 1335 verba
1199 1299 1212 1334 :
1238 1282 1387 1337 Tune
1425 1285 1589 1340 audes
1620 1303 1752 1342 metu
1781 1290 1903 1344 vita:

317 1368 645 1423 mentionem
673 1368 847 1424 facere
873 1386 1095 1442 meaque
1116 1374 1249 1427 facta
1268 1377 1901 1444 reprehendereMnnon

314 1474 433 1514 sum
481 1469 535 1515 te
578 1463 804 1517 melior?
845 1464 1092 1520 Referam
1142 1475 1229 1521 tua
1277 1479 1488 1537 peccata
1515 1513 1528 1534 ,
1556 1471 1784 1540 faxoque
1835 1492 1901 1531 ne

317 1567 566 1621 umquam
603 1555 653 1608 in
705 1555 817 1610 haec
838 1572 991 1612 sacra
1028 1561 1355 1615 conscendas
1402 1564 1555 1617 atria.
1604 1565 1784 1633 Nihil,
1817 1569 1899 1622 in-

313 1662 496 1715 quam,
533 1649 829 1704 istiusmodi
878 1651 1188 1721 frigidorum
1231 1656 1511 1711 verborum
1542 1659 1789 1729 loquutus
1816 1671 1899 1716 est

314 1739 650 1808 publicanus,
683 1742 876 1810 quibus
907 1745 1104 1799 utimur
1134 1748 1370 1817 quotidie
1398 1766 1495 1804 nos
1539 1762 1724 1808 mutuo
1753 1770 1899 1810 eon-

312 1831 467 1885 viciis
490 1844 863 1903 aspergentes;
910 1837 1003 1890 sed
1050 1853 1231 1894 amare
1289 1843 1562 1911 suspirans
1606 1858 1896 1918 pectusque

310 1924 636 1992 percutiens,
668 1925 767 1981 hoc
794 1937 995 1983 tantum
1024 1930 1178 1997 dixit,
1217 1931 1477 2003 Propitius
1499 1946 1599 1991 esto
1634 1939 1757 1993 mihi
1775 1959 1893 2012 pec-

300 2014 470 2068 eatori
491 2016 509 2085 (
532 2014 614 2069 Ib.
648 2032 695 2069 υ.
731 2018 798 2073 15
825 2019 864 2088 ),
895 2030 950 2074 et
983 2021 1619 2092 descenditjustificatus.

377 2101 641 2155 Accusatio
661 2104 741 2157 sui
770 2104 827 2171 ﬁt
854 2108 1079 2162 remissio
1097 2109 1343 2163 criminis.
1371 2110 1427 2163 Ν
1429 2129 1455 2165 e
1475 2113 1670 2166 dtemon
1692 2116 1893 2183 quidem

302 2209 396 2246 nos
439 2193 504 2245 ad
549 2193 685 2247 iram
715 2197 965 2250 concitare
1004 2208 1181 2266 potest.
1212 2231 1285 2241 —
1326 2202 1486 2258 Vides
1524 2205 1888 2262 celeritatem?

298 2287 509 2354 accepit
552 2287 823 2356 probrum,
855 2298 908 2342 et
952 2290 1119 2344 abluit
1168 2292 1455 2360 probrum;
1510 2298 1731 2365 agnovit
1756 2314 1883 2368 pec-

299 2386 416 2430 cata
440 2417 454 2442 ,
496 2386 550 2431 et
587 2378 831 2446 deposuit
869 2391 1085 2449 peccata
1117 2400 1130 2435 :
1181 2392 1235 2438 et
1287 2386 1569 2441 criminum
1612 2392 1883 2445 accusatio

298 2468 435 2521 facta
467 2477 547 2522 est
577 2467 651 2522 illi
680 2469 963 2525 criminum
1006 2473 1250 2528 remissio
1273 2515 1287 2540 ,
1337 2485 1392 2531 et
1442 2476 1609 2534 hostis
1653 2480 1887 2539 insciens

296 2558 473 2612 factus
518 2569 600 2614 est
628 2560 918 2617 beneficus.
962 2564 1101 2631 Quot
1142 2566 1350 2621 labores
1403 2580 1556 2624 erant
1606 2574 1885 2641 publicano

293 2650 559 2705 subeundi
590 2693 604 2718 ,
633 2652 922 2723 jejunando
946 2697 960 2721 ,
994 2657 1142 2710 humi
1189 2658 1504 2716 dormiendo
1527 2703 1543 2729 ,
1589 2661 1878 2733 vigilando,

294 2744 432 2798 bona
462 2760 557 2800 sua
589 2747 768 2815 egenis
799 2748 1171 2819 impartiendo,
1205 2751 1361 2820 longo
1393 2764 1629 2825 tempore
1652 2759 1703 2811 in
1725 2774 1882 2814 sacco

291 2846 345 2891 et
371 2838 553 2892 cinere
581 2838 818 2893 sedendo
838 2881 851 2904 ,
884 2848 943 2894 ut
974 2841 1062 2897 illa
1111 2851 1215 2895 tam
1257 2845 1421 2898 multa
1452 2858 1667 2914 peccata
1700 2859 1882 2919 posset

290 2929 607 2998 deponere?
637 2933 705 2985 At
732 2948 872 2989 nunc
906 2948 1026 2988 cum
1072 2935 1203 2989 nihil
1240 2938 1341 2993 tale
1398 2939 1617 3005 fecerit,
1650 2944 1878 3013 simplici

288 3023 455 3076 verbo
484 3038 698 3079 omnem
727 3025 975 3095 deposuit
1018 3028 1355 3100 iniquitatem
1381 3052 1393 3087 :
1427 3049 1489 3088 ac
1525 3037 1718 3104 probra
1746 3053 1874 3093 con-

288 3112 532 3181 viciaquc
559 3114 847 3183 Pharisaei,
879 3118 967 3188 qui
1028 3120 1306 3176 videbatur
1353 3123 1503 3179 illum
1554 3130 1879 3185 contumelia

285 3204 532 3270 afﬁcere,
563 3208 635 3261 illi
662 3221 985 3278 pepererunt
1014 3212 1233 3282 justitizn
1263 3231 1539 3283 coronam,
1571 3220 1728 3290 idque
1760 3225 1875 3279 sine

284 3299 572 3354 sudoribus
597 3343 611 3366 ,
653 3302 769 3357 sine
800 3304 1071 3360 laboribus
1091 3350 1104 3373 ,
1139 3317 1190 3362 et
1216 3308 1418 3378 absque
1445 3311 1585 3382 longi
1618 3316 1874 3384 temporis

285 3407 460 3445 mora.
492 3391 724 3448 Videsne
754 3410 872 3461 nos,
921 3397 1127 3451 etiamsi
1160 3400 1279 3468 quis
1316 3416 1437 3457 vera
1460 3402 1528 3457 de
1555 3405 1707 3459 nobis
1736 3421 1873 3475 pra:-

283 3482 448 3547 dicct,
480 3498 706 3552 quorum
736 3500 834 3539 nos
862 3487 962 3557 ipsi
986 3490 1138 3543 nobis
1159 3493 1359 3545 conscii
1388 3494 1575 3559 simus,
1608 3496 1706 3549 ista
1743 3512 1872 3553 vero

285 3574 667 3642 prsedicantem
697 3592 803 3631 non
831 3578 1065 3633 vicissim
1092 3581 1509 3651 impertierimus
1541 3587 1833 3645 maledictis
1852 3631 1869 3658 ,

283 3665 377 3720 sed
410 3681 594 3721 amare
618 3668 1049 3737 ingemiscentes,
1087 3675 1248 3729 Deum
1288 3691 1385 3745 pro
1427 3678 1637 3735 delictis
1669 3684 1868 3738 nostris

282 3757 764 3826 imploraverimus,
789 3764 963 3817 omnia
996 3776 1208 3833 peccata
1235 3766 1504 3836 deponere
1538 3774 1732 3840 posse?
1757 3774 1872 3830 lloc

281 3858 439 3916 pacto
463 3859 518 3904 et
566 3850 650 3905 hic
678 3851 1001 3919 justifieatus
1042 3867 1124 3910 est
1156 3874 1170 3912 :
1213 3861 1461 3929 quoniam
1492 3863 1632 3916 enim
1684 3865 1870 3921 Phari-

274 3956 447 3996 sreum
494 3959 603 3997 non
649 3944 792 3999 ultus
820 3954 904 4000 est
934 3947 1210 4015 conviciis,
1240 3951 1334 4005 sed
1364 3965 1463 4019 pro
1495 3954 1607 4009 suis
1635 3958 1867 4024 peccatis

278 4033 560 4103 ingemuit,
592 4034 874 4090 descendit
896 4036 1223 4106 justiticatus
1250 4057 1359 4111 pra:
1394 4044 1507 4098 illo.

354 4126 407 4178 5.
443 4124 606 4180 Vides
627 4137 882 4196 quantum
923 4130 1110 4185 ali'erat
1136 4132 1375 4187 utilitatis
1405 4136 1738 4193 inimicorum
1768 4154 1864 4195 ex—

279 4215 592 4284 probratio,
634 4218 680 4272 si
722 4218 883 4274 modo
929 4234 1047 4277 eam
1093 4222 1463 4295 philosophice
1491 4228 1865 4296 pertulerimus

277 4314 501 4368 animo?
530 4314 683 4381 Quod
705 4315 749 4369 si
779 4324 833 4371 et
867 4318 1190 4375 mentientes
1215 4327 1270 4374 et
1306 4336 1431 4377 vera
1462 4322 1740 4394 loquentes
1763 4341 1864 4382 no-

277 4405 364 4459 bis
393 4414 616 4475 prosunt
641 4447 655 4474 ,
685 4407 1031 4477 quamobrem
1059 4410 1337 4467 dolemus?
1364 4428 1525 4480 quam
1550 4415 1618 4472 ob
1648 4432 1863 4473 causam

276 4499 525 4553 urimur?
567 4499 629 4554 Ni
661 4500 887 4572 teipsum
914 4501 1138 4570 lasseris,
1165 4519 1198 4559 ο
1226 4504 1410 4572 homo,
1436 4521 1611 4578 neque
1635 4510 1860 4579 amicus,

272 4603 451 4658 neque
478 4590 722 4646 inimicus
748 4632 763 4657 ,
808 4606 877 4647 ne
904 4591 1019 4662 ipse
1060 4594 1273 4665 quidem
1319 4596 1563 4654 diabolus
1589 4601 1783 4669 poterit
1812 4612 1863 4658 te

262 4682 495 4738 iacere.
549 4682 760 4739 Etenim
813 4700 934 4740 cum
965 4694 1021 4742 et
1071 4688 1106 4742 ii
1136 4688 1226 4758 qui
1257 4704 1355 4745 nos
1380 4693 1717 4749 contumeliis
1745 4695 1862 4749 affi-

269 4774 442 4839 ciunt,
469 4774 559 4843 qui
593 4775 894 4840 traducunt,
917 4778 1007 4849 qui
1033 4794 1201 4850 usque
1227 4780 1293 4835 ad
1325 4782 1487 4851 ipsius
1512 4785 1636 4840 vita:
1663 4785 1858 4842 discri-

268 4879 396 4920 men
428 4864 782 4937 insidiantur,
817 4869 1100 4925 utilitatem
1126 4871 1350 4928 all‘erant
1374 4915 1389 4938 ,
1418 4884 1472 4929 ct
1498 4875 1589 4931 alii
1620 4880 1861 4949 martyrii

267 4970 528 5011 coronam
560 4958 714 5013 nobis
764 4959 995 5028 plectant
1017 5002 1033 5027 ,
1061 4969 1120 5016 ut
1145 4963 1509 5031 ostendimus,
1538 4966 1628 5022 alii
1675 4984 1860 5025 rursus

266 5049 399 5103 dum
447 5059 662 5120 peccata
706 5053 861 5109 nobis
886 5053 1248 5123 exprobrant,
1276 5070 1377 5111 nos
1410 5057 1583 5126 justos
1608 5060 1856 5131 reddant,

267 5143 725 5212 quemadmodum
751 5146 943 5202 accidit
968 5148 1019 5202 in
1050 5148 1329 5217 publicano
1348 5190 1363 5214 ,
1392 5165 1487 5206 cur
1516 5151 1567 5206 in
1594 5153 1711 5209 illos
1731 5152 1859 5210 elle-

271 5236 444 5289 rimur
468 5245 522 5290 et
545 5237 1039 5294 excandescimus?
1072 5239 1148 5293 Ne
1176 5239 1467 5296 dixerimus
1508 5244 1685 5313 itaque
1720 5260 1733 5296 :
1767 5244 1858 5301 llle

270 5344 361 5383 me
387 5329 642 5385 atrociter
686 5330 948 5398 irritavit,
982 5330 1075 5387 ille
1102 5347 1186 5387 me
1231 5335 1459 5404 perpulit
1495 5375 1510 5401 ,
1541 5345 1596 5389 ut
1621 5335 1855 5391 dicerem

266 5419 549 5477 inhonesta
604 5423 763 5479 verba
830 5439 845 5476 :
904 5439 1002 5479 nos
1058 5424 1249 5495 ubique
1303 5428 1487 5483 talium
1557 5443 1715 5483 causa
1768 5444 1857 5484 su-

266 5528 409 5568 mus.
427 5512 556 5568 Nam
584 5513 629 5569 sl
655 5515 880 5571 velimus
903 5515 1292 5586 philosophari,
1313 5533 1379 5572 ne
1404 5518 1612 5573 dzemon
1638 5518 1852 5590 quidem

263 5608 463 5676 poterit
505 5622 602 5662 nos
632 5608 697 5662 ad
719 5610 851 5665 iram
896 5609 1167 5665 concitare
1199 5625 1215 5665 :
1244 5610 1400 5680 idque
1446 5611 1610 5680 liquet
1638 5620 1746 5666 tum
1787 5628 1854 5669 ex

264 5699 385 5756 aliis
405 5701 784 5770 compluribus,
807 5712 915 5757 tum
942 5717 1006 5758 ex
1029 5701 1129 5757 hac
1158 5702 1268 5773 ipsa
1295 5717 1413 5772 quae
1434 5718 1575 5760 nunc
1602 5704 1653 5759 in
1683 5706 1855 5760 mani-

266 5796 365 5851 bus
387 5804 469 5851 est
492 5793 714 5850 historia
741 5795 806 5851 de
829 5794 1046 5864 Davide,
1074 5810 1233 5866 quam
1260 5809 1436 5865 operat
1467 5795 1694 5866 pretium
1726 5797 1844 5851 fne-

1355 340 1443 398 DE
1476 342 1729 400 DAVlDE
1770 344 1855 400 ΕΤ
1895 345 2117 404 SAULE
2154 348 2430 407 IIOMlLlA
2475 351 2559 409 111.

3504 376 3610 432 702

2028 465 2096 518 rit
2124 473 2175 519 et
2208 467 2366 522 hodie
2399 470 2448 523 in
2473 471 2704 527 medium
2726 474 2933 542 afferre,
2968 479 3012 532 si
3038 481 3182 549 prius
3212 486 3480 544 caritatem
3514 510 3607 549 ve-

2023 568 2188 611 stram
2214 561 2674 633 admonuerimus,
2707 568 2923 624 ubinam
2955 588 3124 643 nuper
3148 580 3612 642 terminaverimus

2020 649 2354 706 concionem.
2390 653 2490 708 Ubi
2539 656 2695 725 igitur
2720 674 2836 714 eam
2881 666 3326 723 terminavimus?
3356 673 3408 727 ln
3434 691 3607 730 excu—

2016 740 2220 796 satione
2248 742 2477 799 Davidis.
2512 746 2743 804 Proinde
2790 767 3011 809 necesse
3039 768 3119 811 est
3140 801 3154 825 ,
3184 773 3235 814 ut
3272 763 3429 820 hodie
3456 769 3606 822 vobis

2016 828 2190 885 Sat'tlis
2224 834 2381 888 verba
2438 837 2732 894 referamus
2756 884 2769 908 ,
2803 859 2910 913 quo
2953 848 3226 905 videamus
3258 855 3382 923 quid
3413 856 3498 911 hic
3539 861 3604 913 ad

2009 919 2357 987 jttstissimam
2408 926 2544 982 illius
2571 936 2966 991 excusationem
3014 944 3365 1010 responderit.
3420 946 3605 1019 Neque

2012 1014 2153 1067 enim
2179 1030 2210 1069 e
2234 1018 2405 1071 verbis
2436 1030 2635 1076 tantum
2664 1042 2781 1095 qua:
2810 1028 2971 1084 David
2998 1033 3245 1102 loquutus
3267 1049 3346 1091 est
3372 1082 3384 1101 ,
3418 1057 3600 1097 verum

2010 1106 2170 1158 etiam
2202 1122 2231 1161 e
2270 1108 2444 1166 Saulis
2481 1115 2721 1170 oratione
2744 1158 2759 1183 ,
2794 1119 3005 1176 Davidis
3034 1124 3280 1181 virtutem
3313 1133 3601 1201 perspicie-

2008 1210 2169 1249 mus:
2201 1212 2321 1253 nam
2352 1201 2395 1255 si
2435 1201 2562 1257 Saﬁl
2596 1206 2793 1276 aliquid
2845 1211 3050 1279 placide
3100 1231 3481 1291 mansuetequc
3509 1240 3599 1280 re-

2007 1286 2319 1353 sponderit,
2367 1291 2523 1360 hujus
2580 1310 2796 1352 causam
2834 1301 3016 1356 Davidi
3063 1286 3462 1379 imputabimns,
3497 1318 3589 1384 qui

2008 1374 2299 1433 immolarit
2325 1380 2615 1451 hominem,
2650 1390 2845 1459 quique
2890 1374 3174 1463 erudierit,
3204 1411 3257 1455 et
3298 1402 3363 1456 ad
3395 1406 3598 1461 sobrie-

2008 1474 2167 1521 tatem
2209 1477 2570 1541 composuerit
2612 1478 2751 1532 illius
2803 1484 3060 1539 animum.
3118 1489 3252 1555 Quid
3312 1493 3469 1562 igitur
3521 1498 3597 1555 ait

2003 1556 2174 1612 Saﬁl?
2204 1561 2552 1634 Posteaquam
2608 1570 2849 1625 audierat
2889 1574 3050 1630 David
3092 1556 3392 1648 loquenti-in
3419 1628 3433 1653 ,
3464 1586 3597 1643 Ecce

1996 1646 2188 1702 lacinia
2209 1652 2489 1724 chlamydis
2517 1666 2619 1711 tua:
2643 1658 2693 1712 in
2726 1678 2878 1717 manu
2907 1668 3056 1735 mea(
3108 1646 3173 1723 1.7
3189 1670 3318 1742 Reg.
3356 1646 3446 1731 2i.
3478 1680 3592 1749 15),

1997 1739 2210 1810 aliaque
2236 1755 2428 1799 cuncta
2469 1763 2587 1817 qua:
2635 1751 2687 1805 in
2730 1758 3130 1813 excusationem
3183 1739 3398 1821 attulit:
3445 1739 3589 1839 Vux',

2000 1829 2192 1927 inquit,
2227 1836 2322 1889 ista
2343 1848 2447 1906 tua,
2480 1842 2560 1909 ﬁli
2587 1841 2760 1899 David
2796 1851 2814 1917 (
2842 1848 2977 1903 Ibid.
3006 1868 3051 1904 υ.
3078 1855 3141 1908 17
3170 1854 3230 1925 )?
3265 1859 3471 1927 Quanta
3500 1829 3591 1919 su;

1997 1919 2115 1974 bito
2144 1922 2280 1979 facta
2328 1940 2411 1982 est
2460 1935 2721 1990 mutatio!
2770 1938 2867 2005 Qui
2927 1958 3213 2013 numquam
3268 1953 3588 2012 sustinuerat

1996 2010 2145 2067 illum
2171 2016 2249 2071 vel
2278 2020 2508 2091 simplici
2538 2041 2734 2083 vocare
2766 2034 3000 2099 nomine,
3019 2036 3187 2106 ipsam
3212 2043 3371 2097 etiam
3403 2048 3588 2115 appel-

1994 2100 2245 2161 lationem
2270 2109 2469 2167 habens
2490 2130 2886 2185 exosam,nunc
2916 2126 3131 2196 adeptat
3153 2146 3276 2186 eum
3305 2136 3355 2187 in
3384 2152 3586 2206 cogna-

2001 2194 2235 2263 tionem,
2264 2203 2539 2270 appeilans
2584 2223 2705 2261 cum
2756 2211 2943 2268 filium.
2995 2194 3131 2282 Quid
3182 2222 3339 2290 igitur
3386 2194 3587 2284 Dauvide

1994 2282 2205 2343 felicius
2229 2330 2245 2357 ,
2275 2292 2364 2360 qui
2397 2308 2464 2348 ex
2489 2295 2751 2354 homicida
2776 2302 2900 2357 fecit
2928 2316 3155 2374 patrem,
3182 2327 3212 2365 e
3246 2314 3370 2382 lupo
3400 2332 3578 2385 ovem,

1991 2377 2081 2444 qui
2110 2378 2379 2435 fornacem
2406 2384 2694 2443 iracundiae
2712 2394 2879 2447 multo
2904 2395 3141 2466 implerit
3167 2377 3413 2475 rore,-qui
3437 2420 3574 2465 tem-

1992 2477 2249 2535 pestatem
2276 2475 2432 2529 vertit
2482 2477 2534 2531 in
2565 2484 2995 2552 tranquillitatem
3018 2531 3031 2555 ,
3061 2495 3256 2563 quique
3306 2506 3572 2559 tumorem

1987 2573 2200 2616 omnem
2224 2564 2301 2619 ira
2331 2573 2670 2627 exmstuantis
2698 2577 2858 2633 animi
2890 2583 3176 2641 restinxit?
3200 2590 3363 2647 Verba
3385 2597 3582 2667 quippe

1991 2650 2203 2709 Davidis
2231 2657 2465 2727 ingressa
2499 2662 2549 2717 in
2578 2666 2814 2721 animum
2844 2670 2993 2726 istius
3011 2674 3235 2746 efferati,
3258 2650 3419 2739 totam
3446 2650 3581 2746 hanc

1989 2744 2327 2812 perfecerunt
2354 2750 2797 2825 immutationem,
2827 2764 2967 2831 quod
2995 2780 3025 2819 e
3069 2767 3244 2827 Saulis
3274 2777 3450 2833 verbis
3476 2780 3578 2836 dc-

1986 2838 2286 2905 prehendas
2314 2843 2456 2899 licet.
2485 2846 2669 2918 Neque
2697 2853 2839 2907 enim
2872 2854 3031 2922 dixit,
3060 2859 3349 2922 Sermones
3368 2871 3439 2924 tui
3466 2874 3573 2939 isti,

1985 2931 2059 2983 lili
2092 2931 2255 2987 David
2288 2934 2443 3003 ?sed,
2491 2937 2603 2994 Vox
2630 2952 2716 2995 tua
2760 2946 2877 3014 ista,
2919 2949 2999 3017 ﬁli
3050 2951 3261 3008 David?
3288 2959 3424 3016 adeo
3452 2931 3577 3021 mox

1984 3023 2049 3075 ad
2079 3026 2245 3093 ipsam
2278 3044 2462 3085 vocem
2492 3032 2729 3090 incaluit.
2759 3038 2828 3092 Et
2856 3046 3301 3111 quemadmodum
3331 3063 3480 3123 pater
3509 3074 3575 3113 ex

1983 3114 2142 3186 longo
2173 3119 2451 3177 intervallo
2476 3127 2652 3181 audita
2689 3129 2779 3185 filii
2808 3141 3121 3194 revertentis
3153 3158 3283 3199 voce
3310 3188 3324 3211 ,
3374 3164 3477 3203 non
3507 3153 3573 3206 ad

1980 3219 2325 3279 conspectum
2360 3216 2519 3271 modo
2550 3219 2718 3286 illius,
2771 3232 3119 3285 verumetiam
3151 3235 3216 3288 ad
3263 3237 3432 3306 ipsam
3480 3259 3575 3297 vo-

1979 3315 2095 3354 cem
2125 3306 2433 3361 excitatur:
2467 3310 2544 3364 sic
2572 3321 2625 3366 et
2674 3314 2821 3382 Saﬁl,
2852 3320 3007 3374 simul
3062 3334 3116 3377 ut
3160 3329 3316 3383 verba
3352 3332 3570 3392 Dntldis

1980 3392 2033 3445 in
2066 3396 2299 3451 aninnnn
2330 3400 2562 3471 ingressa
2588 3417 2731 3472 sunt,
2756 3409 2949 3479 abjccit
2978 3414 3328 3487 inimicitiam,
3356 3424 3573 3498 jamque

1976 3495 2217 3539 sanctum
2249 3492 2486 3559 agnovit,
2514 3498 2792 3567 positoque
2817 3502 3010 3558 allec-tu
3032 3547 3045 3571 ,
3076 3515 3278 3579 recepit
3297 3492 3567 3575 aliut-tuin.

1979 3575 2252 3648 Siquidem
2286 3584 2455 3650 posita
2503 3586 2596 3652 ira,
2638 3593 2843 3662 recepit
2871 3575 3306 3667 tranquillitatem
3349 3618 3401 3663 et
3427 3626 3570 3668 com-

1977 3669 2399 3728 miserationem.
2432 3677 2496 3730 Et
2523 3679 2659 3734 sicut
2691 3686 2942 3752 quamdiu
2974 3705 3075 3744 nox
3105 3693 3258 3750 adest
3288 3740 3299 3762 ,
3334 3715 3474 3770 smpe
3501 3720 3568 3760 ne

1977 3771 2296 3827 praesentem
2324 3765 2537 3834 quidem
2592 3771 2821 3829 amicum
2874 3782 3229 3851 agnoscimus,
3264 3797 3317 3843 at
3358 3765 3481 3847 mox
3513 3804 3570 3851 ι.ι

1975 3862 2195 3909 exortus
2225 3864 2307 3909 est
2332 3857 2468 3923 dies,
2500 3861 2658 3916 etiam
2687 3867 2897 3923 eminus
2922 3884 3265 3942 conspectum
3316 3887 3566 3951 agnosci-

1973 3958 2092 3998 mus
2123 3963 2136 3997 :
2170 3946 2351 4001 itidem
2373 3957 2427 4002 et
2453 3950 2728 4009 inimicitia
2750 3958 2885 4013 solet
2913 3966 3216 4021 usuveuirc.
3253 3946 3433 4028 Donec
3469 3975 3556 4029 in-

1973 4044 2056 4091 ter
2096 4054 2193 4095 nos
2216 4042 2535 4100 malevolum
2569 4049 2804 4117 gerimus
2844 4053 3102 4121 animum,
3130 4074 3232 4113 vox
3262 4060 3437 4119 audita
3466 4081 3564 4121 no-

1970 4126 2052 4183 bis
2080 4128 2237 4185 aliter
2262 4144 2436 4203 sonat,
2460 4146 2514 4192 et
2538 4138 2703 4208 ipsam
2734 4140 2920 4197 faciem
2960 4158 3207 4217 corrupta
3254 4165 3438 4213 mente
3464 4159 3564 4215 ad-

1970 4222 2227 4291 spicimus
2258 4242 2271 4279 :
2303 4236 2360 4282 at
2388 4229 2478 4284 ubi
2512 4234 2848 4299 posuerimus
2876 4236 3029 4303 iram,
3060 4250 3113 4295 et
3138 4258 3241 4298 vox
3268 4262 3388 4316 quae
3417 4251 3563 4319 prius

1968 4324 2087 4369 erat
2114 4315 2283 4373 invisa
2304 4330 2464 4391 atque
2505 4322 2736 4390 hostilis,
2768 4327 2977 4395 placida
3006 4332 3159 4387 nobis
3183 4349 3245 4388 ac
3278 4315 3561 4404 iucundis-

1968 4404 2104 4460 sima
2135 4407 2368 4479 videtur,
2400 4420 2453 4467 et
2495 4425 2744 4484 aspectus
2776 4418 2887 4486 ipse
2918 4420 3066 4488 prius
3096 4423 3346 4483 inimicus
3370 4438 3426 4483 et
3469 4431 3557 4486 in-

1960 4495 2232 4568 jucuudus
2252 4541 2266 4565 ,
2292 4509 2404 4556 tum
2434 4503 2493 4557 fit
2520 4506 2762 4561 amabilis
2792 4518 2846 4561 et
2861 4508 3150 4577 jucundus.

2041 4588 2096 4645 ϐ.
2126 4587 2219 4644 Ira
2246 4592 2431 4660 soluta,
2462 4594 2612 4661 plane
2648 4596 2988 4667 diguoscimus
3011 4618 3124 4672 qtae
3145 4646 3160 4672 ,
3190 4606 3268 4660 ira
3294 4609 3517 4677 fervente
3539 4658 3555 4683 ,

1968 4680 2113 4734 nobis
2149 4696 2251 4735 non
2290 4685 2621 4753 apparebant.
2679 4686 2789 4742 Vox
2826 4689 3040 4746 Davidis
3082 4700 3452 4765 potentissima.
3483 4680 3559 4749 -έ

1967 4772 2113 4829 Idem
2134 4775 2327 4831 accidit
2355 4777 2409 4831 in
2438 4785 2774 4849 tempestate.
2811 4782 2924 4839 Non
2953 4786 3152 4854 patitur
3174 4791 3394 4851 nubium
3422 4812 3557 4854 con-

1965 4882 2155 4925 cursus
2194 4870 2348 4926 nobis
2372 4872 2715 4941 conspicuam
2751 4890 2873 4931 esse
2899 4878 3014 4933 catli
3062 4883 3555 4958 pulchritudinem;

1966 4959 2061 5015 sed
2091 4963 2333 5030 quamvis
2377 4962 2669 5021 habeamus
2711 4966 2899 5022 oculos
2924 4971 3444 5045 perspicacissimos.
3472 4998 3564 5037 ne-

1966 5065 2234 5123 quaquam
2284 5055 2589 5126 perliugere
2640 5071 2923 5127 possumus
2961 5062 3026 5116 ad
3069 5065 3217 5120 illam
3267 5082 3555 5138 supernam

1958 5144 2369 5215 iucunditatem.
2415 5149 2484 5203 At
2525 5149 2616 5205 ubi
2664 5150 2775 5219 jam
2827 5153 3096 5208 radiorum
3147 5158 3312 5225 calor,
3368 5176 3560 5232 perru-

1967 5238 2072 5307 ptis
2098 5253 2161 5294 ac
2204 5238 2460 5295 discussis
2513 5240 2744 5297 nubibus
2791 5244 2958 5297 solem
2984 5245 3244 5311 ostendit,
3272 5266 3456 5307 rursus
3500 5263 3557 5310 et

1964 5330 2079 5385 caeli
2134 5330 2383 5386 decorem
2437 5334 2689 5388 ostendit.
2743 5332 2883 5387 ldem
2929 5334 3122 5389 accidit
3170 5338 3222 5392 in
3275 5342 3429 5397 nobis
3476 5344 3553 5399 ira

1963 5423 2291 5478 ferventibus
2316 5464 2331 5488 ,
2364 5423 2490 5477 dum
2534 5425 2781 5479 simultas
2814 5425 2960 5480 velut
3001 5427 3165 5483 densa
3211 5431 3379 5489 nubes
3426 5444 3553 5492 ante

1962 5518 2145 5572 oculos
2197 5527 2253 5573 et
2302 5532 2458 5571 aures
2509 5527 2652 5584 stat,
2698 5517 2823 5572 facit
2885 5528 2942 5574 ut
2990 5536 3148 5577 voces
3201 5536 3555 5597 aspectusquc

1960 5609 2241 5664 videantur
2285 5607 2437 5662 aliter
2465 5623 2622 5677 quam
2650 5618 2797 5665 sunt.
2832 5609 3027 5666 Verum
3061 5612 3221 5669 simul
3256 5624 3415 5686 atque
3450 5618 3553 5672 ali-

1960 5701 2080 5771 quis
2127 5697 2530 5770 pbilosopbatns
2578 5702 2815 5771 posuerit
2846 5702 3061 5770 odium,
3092 5706 3392 5777 nubemque
3444 5709 3552 5765 dis-

1963 5795 2167 5866 rnperit
2206 5788 2571 5863 :rgritudinis,
2604 5802 2727 5848 tunc
2766 5793 2981 5851 demum
3023 5797 3328 5869 incorrupta
3367 5811 3548 5854 mente
