4064 6506
263 472 367 524 705

266 584 584 639 ἀκούσεται·
639 584 776 654 ὅπερ
821 582 914 640 οὑν
966 585 1060 638 καὶ
1110 587 1138 637 ὁ
1184 584 1357 637 Σαοὺλ
1411 579 1561 646 οὗτος
1616 581 1834 633 ἐπαθεν.

278 667 493 738 Ἐπειδὴ
519 668 630 738 γάρ
661 667 722 720 τὸ
749 668 908 736 νέφος
943 667 1204 740 διεῤῥάγη
1240 667 1337 738 τῆς
1375 666 1592 736 ἔχθρας,
1620 664 1842 732 ἐπέγνω

267 751 357 804 τοῦ
382 750 544 804 Δαυῖδ
564 753 664 821 τὴν
697 751 898 821 φωνὴν,
923 752 1016 803 καί
1045 767 1230 821 φησιν·
1261 751 1321 804 Ἠ
1337 749 1503 818 φωνή
1530 763 1645 802 σου
1668 747 1840 813 αὕτη,

265 835 480 887 τέκνον·
508 833 724 899 Δαυΐδ;
750 834 885 886 Ποία
916 834 1079 901 Αὕτη
1097 851 1116 898 ;
1149 834 1213 885 Ἡ
1249 832 1340 884 τὸν
1363 831 1552 884 Γολιάθ
1587 845 1842 896 κατενεγ-

266 917 454 980 κοῦσα,
488 916 581 969 καὶ
613 918 712 987 τὴν
736 916 890 969 πόλιν
917 915 1272 987 ἐξαρπάσασα
1302 914 1408 966 τῶν
1443 913 1720 973 κινδύνων,
1751 911 1843 964 καὶ

269 999 395 1069 περὶ
423 997 668 1060 δουλείας
703 999 796 1051 καὶ
827 999 954 1068 περὶ
985 997 1215 1051 θανάτου
1249 996 1650 1057 κινδυνεύοντας
1671 995 1842 1048 ᾶπαν-

267 1099 362 1143 τας
395 1083 487 1134 καὶ
528 1081 666 1151 πρὸς
689 1081 986 1150 ἀσφάλειαν
1017 1080 1109 1132 καὶ
1139 1080 1273 1150 πρὸς
1299 1079 1603 1150 ἐλευθερίαν
1639 1076 1841 1130 ἐπανά-

267 1173 437 1232 γουσα
476 1165 656 1227 πάλιν,
697 1166 730 1234 ἡ
766 1165 864 1235 τὴν
897 1164 1104 1217 ἐκείνου
1139 1162 1577 1216 καταστέλλουσα
1621 1160 1839 1231 μανίαν,

268 1246 437 1300 πολλά
461 1247 554 1299 καὶ
585 1247 794 1316 μεγάλα
819 1246 980 1301 αὑτὸν
1007 1246 1355 1316 ἐργασαμένη
1383 1243 1542 1298 καλά.
1563 1244 1710 1314 Αὕτη
1734 1243 1842 1314 γάρ

268 1331 299 1398 ή
332 1330 483 1399 φωνὴ
512 1330 600 1382 τὸν
639 1329 911 1399 βάρϐαρον
957 1331 1163 1382 ἐκεῖνον
1219 1329 1526 1399 κατήνεγκε
1550 1342 1565 1357 ·
1600 1327 1705 1397 πρὸ
1734 1326 1841 1399 γὰρ

266 1412 356 1465 τοῦ
381 1411 553 1474 λίθου,
587 1415 619 1482 ἡ
644 1413 742 1480 τῆς
762 1413 926 1482 εὐχῆς
953 1411 1179 1482 δύναμις
1207 1410 1368 1464 αὑτὸν
1393 1410 1742 1481 ἐχειρώσατο.
1767 1411 1840 1463 Οὑ

267 1495 373 1565 γὰρ
405 1494 592 1558 ἁπλῶς
624 1495 715 1548 τὸν
739 1494 883 1548 λίθον
915 1495 1157 1566 ἔρριψεν,
1186 1494 1323 1547 ἀλλά
1352 1494 1614 1565 πρότερον
1649 1492 1839 1556 εἰπὼν,

267 1577 348 1631 Σὺ
378 1577 524 1645 ἔρχῃ
547 1579 696 1644 πρός
717 1595 796 1644 με
821 1577 892 1630 ἐν
923 1577 1045 1642 τοῖς
1068 1576 1222 1643 θεοῖς
1246 1592 1361 1630 σου
1381 1593 1393 1606 ⁸
1425 1575 1540 1645 ἐγὼ
1572 1575 1640 1629 δὲ
1676 1576 1843 1645 ἐρχο-

261 1678 361 1728 μαι
391 1659 541 1727 πρὸς
574 1661 648 1713 σὲ
675 1660 744 1713 ἐν
770 1661 1012 1728 ὀνόματι
1038 1660 1261 1726 Κυρίου
1290 1659 1553 1724 Σαϐαὼθ,
1586 1659 1658 1713 ὃν
1685 1659 1844 1712 ὠνεί-

266 1742 440 1808 δισας
468 1742 756 1811 σήμερον,
792 1741 964 1806 οὑτως
1009 1743 1210 1811 ἀφῆκε.
1248 1743 1356 1795 Καὶ
1391 1742 1525 1812 αὕτη
1571 1741 1660 1794 τὸν
1697 1741 1841 1795 λίθον

265 1824 764 1896 ἐχειραγὼγησενή
811 1825 987 1896 φωνὴ,
1018 1823 1157 1894 αῦτη
1194 1823 1291 1894 τὴν
1333 1825 1572 1891 ἀγωνίαν
1623 1823 1840 1877 ἐνέϐαλε

262 1907 339 1978 τῷ
371 1908 654 1979 βαρϐάρῳ,
693 1907 831 1979 αῦτη
861 1908 923 1961 τὸ
953 1907 1152 1978 θράσος
1185 1907 1408 1975 ἐξέκοψε
1427 1907 1521 1960 τοῦ
1560 1907 1836 1978 πολεμίου.

265 1991 375 2044 Καὶ
408 1991 461 2042 τί
511 1990 809 2060 θαυμάζεις
838 2030 853 2055 ,
894 1991 942 2042 εί
982 1990 1152 2059 θυμὸν
1197 1991 1545 2044 καταστέλλει
1583 1991 1733 2062 φωνὴ
1763 1993 1842 2045 δι-

261 2073 441 2134 καίου,
476 2074 570 2126 καὶ
599 2074 889 2144 πολεμίους
915 2073 1190 2144 καθαιρεῖ,
1219 2074 1352 2126 ὅπου
1384 2091 1447 2142 γε
1473 2075 1564 2126 καὶ
1585 2075 1842 2146 δαίμονας

262 2155 583 2222 ἀπελαύνεις
619 2156 974 2225 Ἐφθέγγοντο
995 2155 1125 2225 γοῦν
1149 2156 1308 2226 μόνον
1332 2158 1381 2208 οί
1409 2157 1716 2222 ἀπόστολοι,
1748 2159 1843 2212 καὶ

262 2239 434 2291 πᾶσαι
455 2239 812 2310 ἐδραπέτευον
829 2241 884 2292 αί
907 2239 1280 2309 ἀντικείμεναι
1299 2239 1572 2309 δυνάμεις.
1605 2241 1665 2292 Ἡ
1691 2241 1841 2312 φωνὴ

258 2321 369 2373 τῶν
394 2321 562 2390 ἁγίων
592 2323 686 2374 καὶ
709 2322 780 2374 τὰ
809 2323 1051 2392 στοιχεῖα
1088 2320 1349 2384 πολλάκις
1372 2322 1589 2392 ἔστησε,
1616 2323 1709 2375 καὶ
1743 2323 1843 2386 τὰς

257 2405 538 2475 ἐνεργείας
564 2405 742 2458 αὑτῶν
785 2404 1101 2475 μετέϐαλεν.
1129 2400 1268 2457 Εῐπε
1293 2404 1421 2472 γοῦν
1447 2407 1476 2457 6
1515 2405 1720 2474 Ἰησοῦς
1747 2405 1840 2459 τοῦ

258 2486 418 2556 Ναυῆ
456 2488 636 2556 μόνον,
677 2485 880 2554 Στήτω
924 2487 956 2540 ὁ
1009 2487 1183 2554 ἣλιος
1213 2486 1311 2540 καὶ
1343 2489 1378 2555 ἡ
1423 2488 1698 2556 σελήνη,
1747 2489 1842 2542 καὶ

257 2569 423 2641 ἔστη·
460 2571 602 2624 οὑτω
641 2572 736 2624 καὶ
785 2573 814 2624 6
859 2572 1097 2641 Μωῦσῆς
1128 2569 1394 2624 θάλατταν
1447 2571 1676 2640 ἐπέδησε
1699 2613 1713 2637 ,
1749 2573 1841 2624 καὶ

253 2655 461 2725 ἀνῆκεν
483 2674 496 2686 ⁶
530 2656 700 2719 οὕτως
729 2657 778 2708 οἱ
809 2656 996 2718 παῖδες
1025 2657 1073 2708 οἱ
1105 2658 1256 2725 τρεῖς
1285 2655 1384 2725 τὴν
1425 2654 1703 2724 ἐνέργειαν
1745 2655 1838 2708 τοῦ

249 2739 431 2808 πυρὸς
461 2740 688 2793 ἔσϐεσαν
723 2740 808 2792 διὰ
860 2740 967 2792 τῶν
999 2738 1183 2808 ὕμνων
1223 2738 1445 2792 ἐκείνων
1492 2740 1585 2791 καὶ
1616 2739 1704 2793 διά
1739 2741 1840 2812 τῆς

255 2824 461 2893 φωνῆς.
493 2825 591 2876 Διά
629 2823 786 2875 τοῦτο
817 2823 911 2875 καὶ
947 2821 1082 2892 πρὸς
1103 2821 1270 2892 αὑτὴν
1292 2822 1391 2892 τὴν
1420 2823 1601 2892 φωνὴν
1625 2823 1839 2894 διαθερ-

257 2906 486 2978 μανθεὶς
511 2910 539 2960 ὁ
565 2907 737 2960 Σαοὺλ
768 2907 971 2975 ἕλεγεν³
1011 2907 1072 2961 Ἠ
1092 2905 1262 2974 φωνή
1288 2920 1406 2958 σου
1428 2906 1601 2974 αὕτη,
1628 2907 1842 2961 τέκνον

253 2990 476 3054 Δαυΐὸ;
516 2990 581 3043 Τί
623 2990 750 3058 γοῦν
778 2993 807 3042 6
845 2991 1042 3053 Δαυΐδς
1075 2990 1299 3054 Δοῦνίός
1337 3003 1474 3055 σου,
1522 2991 1686 3058 κύριέ
1720 3010 1840 3061 μου

248 3073 537 3138 βασιλεῦ.
577 3073 814 3142 ’Ἅμιλλα
845 3073 1028 3125 λοιπὸν
1045 3073 1137 3125 καὶ
1173 3069 1473 3141 φιλονεικία
1507 3072 1732 3139 γίνεται,
1759 3075 1842 3136 τίς

253 3156 350 3208 τὸν
388 3155 611 3224 πλησίον
660 3156 918 3225 μειζόνως
963 3157 1206 3225 τιμήσει.
1251 3156 1487 3218 Ἐκεῖνος
1537 3157 1616 3218 εἰς
1654 3158 1842 3226 συγγέ-

253 3255 408 3290 νειαν
437 3240 662 3308 ἤγαγεν,
693 3233 846 3302 οὗτος
876 3238 1142 3308 δεσπότην
1162 3237 1323 3290 αὑτὸν
1349 3238 1648 3309 ὠνόμασεν.
1691 3242 1755 3291 Ὃ
1786 3240 1840 3292 δὲ

256 3321 425 3386 λέγει,
448 3322 686 3374 τοιοῦτόν
709 3323 876 3376 ἐστιν’
905 3323 1005 3375 Ἓν
1028 3319 1175 3392 ζητῶ
1199 3321 1377 3391 μόνον,
1398 3323 1548 3391 φησὶ,
1571 3323 1840 3392 σωτηρίαν

253 3407 358 3474 τὴν
397 3405 513 3474 σὴν,
561 3406 651 3456 καὶ
708 3405 805 3476 τὴν
840 3405 1080 3458 ἐπίδοσιν
1122 3404 1220 3475 τῆς
1261 3405 1484 3475 ἀρετῆς.
1535 3405 1735 3459 Τέκνον
1776 3424 1840 3476 με

256 3486 545 3551 ἐκάλεσας,
581 3487 691 3556 ἐγὼ
713 3489 769 3541 δέ
797 3488 996 3557 ἀγαπῶ
1027 3488 1120 3540 καὶ
1149 3487 1379 3558 στέργω,
1423 3487 1569 3559 [778]
1602 3489 1694 3541 ἐὰν
1723 3490 1841 3542 δοῦ-

254 3571 352 3622 λόν
388 3587 453 3640 με
501 3571 649 3642 ἔχῃς,
684 3573 842 3640 μόνον
881 3570 1016 3641 μετά
1043 3569 1136 3623 τοῦ
1181 3570 1478 3624 ἀποθέσθαι
1515 3571 1610 3641 τὴν
1653 3571 1837 3643 ὀργὴν,

258 3653 421 3724 μόνον
447 3657 582 3725 μετά
605 3655 698 3708 τοῦ
733 3655 895 3726 μηδὲν
927 3653 1252 3707 ὑποπτεύειν
1273 3653 1398 3724 περὶ
1422 3652 1555 3724 ἐμοῦ
1583 3672 1717 3724 πονη
1728 3657 1837 3725 ρδν,

255 3739 356 3789 καὶ
389 3739 462 3807 μὴ
509 3737 749 3808 νομίζειν
793 3737 1074 3791 ἐπίϐουλον
1107 3733 1246 3790 εἶναι
1284 3737 1378 3789 καὶ
1422 3736 1697 3807 πολέμιον.
1739 3737 1840 3790 Τὸν

254 3819 369 3889 γὰρ
423 3819 776 3874 ἁποστολικὸν
819 3822 1024 3874 ἐκεῖνον
1081 3819 1320 3889 ἐπλήρου
1376 3820 1573 3887 νόμον,
1618 3819 1707 3872 τὸν
1747 3837 1838 3871 κε-

253 3902 481 3955 λεύοντα
506 3906 572 3974 τῇ
604 3906 740 3974 τιμῇ
773 3903 1034 3972 ἀλλήλους
1068 3903 1447 3972 προηγεῖσθαι,
1480 3901 1840 3973 ὑπερέχοντας

255 3985 467 4039 ἑαυτῶν
492 4004 504 4016 ·
534 3986 594 4038 ού
620 3986 870 4056 καθάπερ
895 3985 1099 4048 πολλοὶ,
1128 3984 1485 4053 βοσκημάτων
1511 3982 1838 4054 διακείμενοι

253 4070 462 4139 χεῖρον,
494 4069 614 4121 οὑδέ
656 4071 973 4139 προσειπεῖν
1003 4068 1094 4120 τὸν
1128 4066 1355 4137 πλησίον
1391 4066 1672 4135 ἀνέχονται
1715 4067 1840 4138 πρό-

254 4168 447 4221 τεροι,
493 4150 806 4222 νομίζοντες
856 4149 1170 4220 ὑϐρίζεσθαι
1220 4149 1314 4202 καὶ¹
1355 4148 1739 4215 ἐλαττοῦσθαι,
1791 4153 1840 4202 εἰ

253 4234 422 4303 ψιλῆς
447 4252 549 4287 τινι
578 4233 854 4303 μεταδοῖεν
887 4235 1263 4305 προσρήσεως.

333 4316 398 4367 Τί
422 4315 623 4387 ταύτης
643 4315 744 4386 τῆς
767 4317 952 4378 ἀνοίας
973 4316 1169 4384 γένοιτ’
1193 4315 1258 4369 ἂν
1281 4316 1839 4388 καταγελαστότερονς

254 4400 311 4452 τί
341 4399 434 4452 τοῦ
460 4399 630 4467 τύφου
666 4398 856 4451 τούτου
903 4401 995 4452 καὶ
1027 4400 1124 4470 τῆς
1167 4399 1425 4462 ἀπονοίας
1457 4401 1837 4472 αἰσχρότερον;

254 4482 396 4534 Τότε
427 4481 555 4552 γὰρ,
585 4483 703 4535 τότε
721 4482 1091 4552 ἡλαττόνηκας
1115 4494 1163 4546 θ,
1188 4475 1232 4533 ὦ
1255 4482 1529 4551 ἄνθρωπε,
1550 4485 1668 4537 τότε
1691 4484 1842 4554 ὑϐρί-

257 4565 419 4633 σθης,
453 4565 573 4616 τότε
600 4565 928 4636 ἠτιμάσθης,
961 4565 1092 4617 ὅταν
1130 4560 1429 4636 ἅναμείνῃς
1487 4565 1578 4617 τὸν
1615 4565 1840 4634 πλησίον

255 4647 531 4718 πρότερόν
560 4664 620 4699 σε
655 4651 989 4718 προσειπεῖν.
1032 4647 1098 4700 Τί
1121 4648 1230 4716 γὰρ
1255 4647 1509 4709 ἀπονοίας
1543 4651 1752 4718 χεῖρον;
1788 4649 1840 4701 τί

255 4732 316 4782 δὲ
348 4729 637 4798 τύφου-καὶ
670 4732 970 4796 κενοδοξίας
1007 4730 1566 4802 καταγελαστότερον;
1609 4731 1706 4783 Ἂν
1741 4733 1840 4802 μὲν

239 4815 372 4884 ’γὰρ
401 4814 662 4886 πρότερος
697 4814 1018 4888 προσείπῃς,
1047 4815 1142 4869 καὶ
1166 4817 1196 4868 6
1237 4814 1367 4877 Θεὸς
1415 4815 1780 4879 ἐπαινέσεται,
1813 4817 1841 4868 6

257 4898 482 4951 πάντων
510 4897 710 4968 μεῖζον,
737 4900 833 4950 καὶ
858 4898 1132 4969 ἄνθρωποι
1153 4898 1212 4951 δὲ
1231 4897 1603 4962 ἀποδέξονται,
1623 4898 1716 4950 καὶ
1742 4899 1841 4968 τῆς

257 4979 476 5032 ἐκείνου
534 4981 892 5051 προσρήσεως
926 4983 991 5034 σὺ
1038 4983 1130 5034 τὸν
1167 4981 1357 5051 μισθὸν
1402 4980 1618 5035 ἅπαντα
1661 4981 1837 5054 λήψῃ·

234 5061 329 5115 ’ἂν
367 5062 411 5113 δ’
460 5063 758 5135 άναμείνῃς
792 5063 1059 5134 πρότερον
1114 5063 1364 5134 τιμηθεὶς
1415 5063 1557 5116 οῦτω
1589 5065 1838 5134 τιμῆσαι,

256 5146 416 5198 οὐδὲν
443 5145 586 5216 μέγα
617 5147 858 5217 εἰργάσω
899 5146 1104 5200 λοιπόν.
1145 5147 1202 5199 Ὀ
1241 5146 1350 5215 γάρ
1379 5146 1477 5216 τῆς
1511 5149 1588 5211 είς
1621 5149 1680 5200 σὲ
1713 5165 1842 5202 κατ-

254 5226 434 5298 άρξας
484 5228 669 5298 τιμῆς,
719 5228 879 5292 αὐτὸς
918 5231 1013 5282 καὶ
1065 5229 1166 5298 τῆς
1216 5228 1369 5300 παρά
1407 5229 1501 5282 σοῦ
1545 5230 1843 5302 γενομένης

256 5311 343 5372 είς
377 5310 539 5364 αὑτὸν
569 5312 861 5382 θεραπείας
891 5312 982 5365 τὸν
1016 5313 1204 5383 μισθὸν
1238 5313 1452 5368 ἅπαντα
1473 5314 1724 5386 λήψεται.
1751 5314 1842 5384 Μὴ

252 5394 622 5465 ἀναμένωμεν
646 5395 822 5450 τοίνυν
861 5397 1123 5466 τιμᾶσθαι
1155 5397 1283 5468 παρ’
1304 5398 1506 5469 ἐτέρων
1549 5400 1838 5470 πρότεροι·

253 5477 377 5530 ἀλλ’
405 5478 781 5548 ἐπιτρέχωμεν
807 5481 926 5541 ταῖς
975 5481 1052 5543 είς
1103 5481 1195 5533 τὸν
1238 5480 1460 5550 πλησίον
1506 5485 1711 5552 τιμαῖς,
1751 5484 1843 5535 καὶ

251 5561 359 5630 τῆς
390 5562 747 5632 προσρήσεως
767 5562 856 5615 ἀεὶ
885 5563 1265 5633 κατάρχωμεν,
1299 5563 1394 5617 καὶ
1423 5564 1497 5634 μὴ
1534 5564 1844 5634 νομίζωμεν

254 5643 416 5712 ψιλὸν
442 5639 580 5696 εἷναι
603 5645 696 5697 καὶ
726 5644 938 5707 εὐτελὲς
963 5645 1022 5697 τὸ
1051 5645 1383 5716 κατόρθωμα
1409 5647 1588 5715 τοῦτο,
1610 5648 1670 5702 τὸ
1691 5648 1844 5716 γενέ-

319 5879 347 5903 ίί
377 5875 500 5937 Reg.
529 5889 655 5924 unus
679 5877 968 5936 ἡλάττωσαι.

586 5979 859 6041 ΡΑτιωι..
897 5982 1016 6044 GR.
1058 5981 1187 6041 LIV

1257 464 1344 521 DE
1387 463 1652 519 DAVle
1695 462 1778 514 ΕΤ
1824 463 2056 516 SAULE
2099 463 2380 520 HOMILIA
2419 465 2506 520 ΙΙΙ.

3414 471 3518 523 704

1949 579 2071 634 σθαι
2106 581 2512 653 εὑπροσήγορον
2544 583 2636 635 καὶ
2658 581 3140 653 φιλοπροσήγορον.
3164 585 3368 648 Πολλὰς
3392 586 3520 652 γοῦν

1946 663 2125 730 φιλίας
2146 665 2420 734 ἐλλειφθὲν
2437 666 2594 720 τοῦτο
2622 667 2854 734 διέκοψε,
2881 667 3078 730 πολλὰς
3100 667 3297 738 ἔχθρας
3329 671 3514 737 εἰργά-

1947 761 2074 798 σατο
2093 762 2105 774 '
2141 749 2421 820 ὡσπεροῦν
2452 750 2587 819 μετὰ
2615 749 2850 818 σπουδῆς
2877 750 3249 821 πληρούμενον
3275 755 3521 822 χρονίους

1944 827 2214 898 πολέμους
2239 832 2519 896 κατέλυσε,
2550 833 2760 895 καὶτὰς
2791 832 2955 896 οὑσας
2993 833 3172 902 φιλίας
3194 835 3518 904 ἀπέσφιγξε.

1944 910 2035 980 Μὴ
2070 912 2245 966 τοίνυν
2283 914 2510 985 ἀμελῇς,
2551 915 2823 984 ἁγαπητέ,
2860 916 2961 985 τῆς
2993 919 3122 988 περὶ
3153 917 3325 971 ταῦτα
3357 936 3521 973 σπου-

1943 991 2037 1062 δῆς
2055 1010 2066 1023 ·
2098 994 2212 1046 ἀλλ’
2238 998 2285 1046 εί
2310 996 2407 1065 μὲν
2429 993 2538 1049 οἷόν
2566 1015 2644 1062 τε,
2677 999 2802 1062 τοὺς
2831 999 3201 1066 ἀπαντῶντας,
3230 996 3331 1054 οἷοί
3377 1019 3520 1066 τινες

1943 1072 2008 1126 ἂν
2031 1068 2154 1140 ὦσι,
2189 1079 2281 1130 καὶ
2329 1082 2384 1131 ἐν
2417 1084 2537 1144 ταῖς
2569 1083 2922 1152 προσρήσεσι,
2959 1085 3053 1137 καὶ
3093 1086 3149 1137 ἐν
3189 1087 3300 1148 τοῖς
3339 1086 3520 1149 ἄλλοις

1945 1156 2115 1209 ἅπασι
2138 1161 2391 1232 πρότεροι
2415 1162 2929 1234 θεραπεύωμεν.“Λν
2949 1168 3004 1220 δέ
3030 1186 3089 1221 σε
3118 1168 3301 1240 ἕτερος
3315 1169 3516 1243 φθάσῃ,

1947 1240 2167 1324 μείζονα
2191 1243 2449 1309 ἐπίδειξαι
2476 1246 2569 1316 τὴν
2596 1248 2758 1318 τιμὴν
2780 1249 2960 1303 πάλιν.
2980 1251 3087 1304 Καὶ
3110 1251 3218 1324 γάρ
3244 1253 3337 1306 καὶ
3364 1240 3522 1306 τοῦτο

1945 1323 2252 1394 παρῄνεκεν
2308 1329 2336 1379 6
2393 1329 2640 1394 Παῦλος,
2694 1330 2866 1395 οὑτως
2923 1333 3125 1387 εἰπών·
3193 1335 3522 1402 Ἀλλήλους

1942 1404 2184 1475 ’ἡγεῖσθε
2238 1411 2644 1480 ὑπερέχοντας
2687 1414 2918 1467 ἑαυτῶν⁴
2953 1416 3004 1470 b.
3053 1416 3238 1480 Οὕτως
3290 1420 3318 1470 6
3359 1419 3522 1472 Δαυῖδ

1943 1489 2186 1560 ἐποίησε,
2219 1493 2312 1545 καὶ
2353 1496 2614 1568 πρότερος
2646 1497 2894 1567 ἐτίμησε,
2944 1501 3036 1552 καὶ
3065 1503 3316 1572 τιμηθεὶς
3359 1506 3521 1558 πάλιν

1945 1573 2203 1641 μειζόνως
2237 1577 2627 1649 ἀντετίμησεν,
2672 1581 2876 1634 εἰπών·
2923 1584 3150 1650 Δοῦλός
3189 1602 3325 1650 σου,
3357 1589 3524 1656 κύριὲ

1935 1671 2056 1743 μου
2070 1657 2356 1743 ,β-αονιλε-ῦ.
2375 1662 2483 1713 Καὶ
2504 1662 2606 1731 ὅρα
2625 1663 2748 1716 ὅσον
2767 1666 3060 1734 εἰργάσατο
3077 1669 3286 1739 κέρδος.
3305 1671 3524 1743 Ἐπειδὴ

1941 1737 2050 1822 γὰρ
2079 1734 2196 1792 εἷπε
2221 1741 2365 1794 τοῦθ’
2389 1745 2417 1795 6
2451 1744 2630 1809 Δαυῒδ,
2669 1746 2769 1798 οὑκ
2801 1748 3027 1817 ἤνεγκεν
3055 1734 3318 1822 ἀδακρυτὶ
3339 1734 3523 1807 λοιπὸν

1940 1820 2143 1892 ταύτην
2169 1824 2399 1879 ἀκοῦσαι
2421 1825 2517 1897 τὴν
2537 1828 2720 1899 φωνὴν
2742 1830 2769 1882 ὁ
2792 1831 2988 1885 Σαούλ·
3030 1833 3146 1886 ἀλλ’
3168 1820 3403 1904 ὧλόλυξε
3433 1855 3523 1892 πι-

1943 1905 2093 1991 κρὺν,
2133 1908 2232 1977 τὴν
2267 1910 2476 1977 ὑγίειαν
2512 1913 2612 1982 τὴν
2647 1914 2704 1966 ἐν
2736 1917 2802 1985 τῇ
2843 1915 3011 1986 ψυχῇ,
3045 1918 3141 1971 καὶ
3177 1919 3276 1991 τὴν
3306 1920 3524 1989 φιλοσο-

1943 1987 2198 2075 φίαι-ἢν
2226 1993 2254 2044 ὁ
2289 1991 2454 2046 Δαυῖδ
2497 1995 2746 2065 ἐνέθηκε,
2791 1997 2879 2050 διὰ
2906 2000 3013 2052 τῶν
3043 1987 3292 2074 δακρύων
3319 1987 3520 2075 δηλῶν.

2015 2070 2066 2125 ι’.
2094 2073 2157 2124 Τί
2181 2075 2375 2141 γένοιτ’
2399 2075 2465 2129 ἄν
2487 2078 2580 2132 τοῦ
2607 2081 2890 2150 Προφήτου
2917 2070 3351 2156 μακαριώτερον,
3369 2070 3427 2150 δς
3466 2089 3523 2140 ἐν

1945 2160 2176 2235 βραχείᾳ
2204 2167 2396 2238 καιροῦ
2426 2171 2567 2239 ῥοπῇ
2593 2169 2734 2223 οὕτω
2757 2171 2846 2223 τὸν
2868 2173 3061 2243 ἐχθρὸν
3093 2177 3521 2247 μετερῤύθμισε,

1943 2254 2035 2306 καὶ
2063 2253 2240 2326 ψυχὴν
2269 2257 2501 2327 αἵματος
2531 2259 2626 2312 καὶ
2675 2263 2891 2332 σφαγῆς
2938 2262 3178 2332 διψῶσαν
3220 2266 3401 2322 λαϐὼν
3445 2272 3525 2333 εἰς

1943 2344 2176 2415 θρήνους
2214 2347 2469 2402 ἐνέϐαλεν
2497 2349 2694 2420 ἀθρόον
2717 2352 2807 2404 καὶ
2839 2351 3208 2424 όλολυγμούς;
3239 2358 3350 2428 Οὐχ
3382 2359 3525 2413 οὕτω

1943 2435 2206 2506 θαυμάζω
2227 2438 2318 2491 τὸν
2341 2439 2565 2504 Μωσέα,
2593 2441 2674 2494 ὅτι
2706 2442 2814 2495 ἀπὸ
2845 2443 3050 2515 πέτρας
3073 2447 3380 2518 ἀκροτὸμου
3414 2470 3520 2523 πη-

1942 2529 2045 2596 γάς
2085 2529 2354 2600 ἐξήγαγεν
2375 2531 2605 2596 ὑδάτων,
2632 2532 2706 2595 ὡς
2734 2533 3001 2606 θαυμάζω
3024 2538 3114 2591 τὸν
3139 2540 3319 2606 Δαυῒδ,
3358 2543 3437 2596 ὅτι
3463 2545 3524 2610 ἐξ

1942 2621 2235 2691 ὀφθαλμῶν
2259 2621 2474 2676 λιθίνων
2505 2624 2686 2693 πηγὰς
2720 2626 2956 2698 ἐξήγαγε
2991 2629 3261 2699 δακρύων.
3282 2634 3522 2698 Ἐκεῖνος

1947 2713 2044 2782 μὲν
2081 2712 2189 2784 γὰρ
2233 2714 2331 2783 τὴν
2367 2713 2528 2784 φύσιν
2574 2717 2841 2786 ἐνίκησεν,
2876 2714 3028 2783 οὗτος
3050 2721 3105 2774 δέ
3136 2723 3232 2794 τῆς
3262 2728 3522 2796 προαιρέ-

1946 2819 2082 2865 σεως
2107 2803 2483 2873 περιεγένετο·
2511 2803 2659 2878 [779]
2694 2809 2899 2871 ἐκεῖνος
2949 2809 3186 2876 ἐπάταξε
3233 2816 3297 2884 τῇ
3341 2815 3522 2886 ῥάϐδῳ

1941 2893 2033 2947 τὸν
2062 2894 2227 2960 λίθον,
2265 2888 2419 2959 οὗτος
2473 2895 2700 2968 ἔκρουσε
2730 2899 2807 2968 τῷ
2841 2901 2982 2971 λόγῳ
3022 2902 3120 2973 τὴν
3149 2905 3399 2975 καρδίαν,
3425 2907 3522 2977 οὑχ

1942 2983 2030 3036 ἵνα
2059 2984 2299 3056 λυπήσῃ,
2332 2985 2448 3038 ἀλλ’
2479 2987 2564 3040 ἵνα
2596 2989 2840 3059 καθαρὰν
2875 2991 3174 3062 ἐργάσηται
3218 2994 3311 3048 καὶ
3349 3012 3520 3066 προσ-

1942 3076 2073 3146 ηνῆ·
2105 3078 2238 3148 ὅπερ
2290 3075 2382 3132 οὖν
2435 3081 2527 3133 καὶ
2558 3081 2797 3151 ἐποίησε,
2849 3083 3070 3152 μείζονα
3111 3085 3211 3155 τῆς
3251 3088 3522 3159 προτέρας

1943 3166 2262 3235 εὐεργεσίας
2303 3169 2728 3239 ἐπιδειξάμενος.
2791 3172 3044 3226 Ἐπαίνου
3080 3175 3178 3244 μὲν
3227 3177 3376 3242 ἄξιον
3427 3179 3524 3232 καὶ

1947 3259 2203 3326 μεγίστου
2235 3259 2508 3330 θαύματος
2565 3264 2658 3315 καὶ
2713 3264 2774 3315 τὸ
2832 3266 2907 3335 μὴ
2954 3265 3213 3335 βαπτίσαι
3251 3270 3312 3321 τὸ
3349 3269 3521 3339 ξίφος,

1945 3348 2080 3418 μηδὲ
2101 3349 2395 3419 ἀποτεμεῖν
2420 3351 2516 3420 τὴν
2539 3351 2800 3422 πολεμίαν
2818 3355 3033 3426 ἐκείνην
3055 3360 3295 3432 κεφαλήν
3311 3375 3324 3389 ⁶
3343 3362 3524 3432 πολλῷ

1942 3438 1998 3490 δὲ
2033 3439 2292 3493 πλειόνων
2344 3443 2410 3495 ἂν
2455 3441 2539 3512 εἴη
2582 3446 2862 3512 στεφάνων
2918 3448 2980 3501 τὸ
3029 3451 3123 3503 καὶ
3158 3453 3326 3523 αὑτὴν
3356 3455 3522 3508 αὑτοῦ

1947 3528 2267 3598 μεταϐαλεῖν
2294 3532 2393 3600 τὴν
2423 3533 2763 3605 προαίρεσιν,
2787 3538 2880 3590 καὶ
2911 3537 3106 3607 βελτίω
3135 3543 3377 3612 ποιῆσαι,
3427 3546 3522 3599 καὶ

1944 3619 2080 3690 πρὸς
2099 3621 2197 3690 τὴν
2226 3622 2431 3676 οἰκείαν
2453 3624 2613 3677 αὑτὸν
2637 3626 2934 3682 ἐπιείκειαν
2961 3631 3283 3700 μεταϐαλεῖν
3302 3645 3348 3687 ο.
3373 3633 3520 3707 Αῦτη

1946 3712 2146 3780 μείζων
2173 3715 2388 3784 ἐκείνης
2416 3717 2449 3786 ἡ
2477 3717 2784 3789 εὐεργεσία,
2811 3722 2886 3773 Οὐ
2922 3723 3030 3793 γάρ
3058 3725 3204 3778 ἐστιν
3241 3724 3353 3781 ἴσον
3381 3725 3526 3798 ζωὴν

1943 3804 2293 3872 χαρίσασθαι,
2316 3806 2408 3859 καὶ
2434 3809 2513 3871 είς
2543 3809 2859 3880 φιλοσοφίαν
2881 3814 3171 3882 ἐναγαγεῖν
3199 3833 3209 3845 ·
3244 3817 3343 3870 οὑκ
3377 3817 3524 3871 ἔστιν

1944 3896 2056 3946 ἴσον
2086 3897 2389 3961 ἀπαλλάξαι
2425 3899 2597 3970 θυμοῦ
2635 3903 2886 3968 πνέοντος
2925 3905 3083 3973 φόνον
3112 3907 3316 3971 ἄδικον,
3346 3908 3524 3975 ἐξελέ-

1943 3984 2066 4037 σθαι
2096 3987 2330 4056 σφαγῆς,
2355 3990 2447 4041 καὶ
2465 3989 2739 4055 ἐξελέσθαι
2763 3993 3143 4066 παραπληξίας
3165 3997 3256 4050 ἐπὶ
3272 3997 3524 4051 τοσοῦτον

1941 4073 2230 4147 ὁδευούσης
2260 4081 2446 4133 κακόν.
2488 4082 2627 4146 Τοὺς
2652 4085 2750 4153 μὲν
2779 4086 2886 4156 γάρ
2915 4085 3246 4159 δορυφόρους
3276 4091 3523 4156 κωλύσαι,

1942 4166 2104 4218 αὑτὸν
2137 4168 2366 4234 ἀνελεῖν,
2403 4172 2544 4225 κατά
2593 4173 2682 4226 τὸν
2716 4175 2958 4246 παρόντα
3010 4177 3124 4248 βίον
3161 4179 3388 4250 ὠφελεῖ·
3427 4185 3526 4254 τὴν

1941 4257 1997 4311 δέ
2026 4260 2289 4330 πονηρίαν
2315 4262 2416 4332 τῆς
2441 4264 2616 4334 ψυχῆς
2639 4266 2883 4322 ἐκϐαλὼν
2906 4269 2993 4323 διὰ
3010 4273 3111 4342 τῆς
3135 4271 3242 4325 τῶν
3264 4275 3526 4346 ῥημάτων

1944 4346 2264 4412 ἐπιεικείας,
2295 4349 2393 4419 τὴν
2429 4351 2729 4421 μέλλουσαν
2758 4356 2908 4426 αὑτῷ
2945 4357 3089 4427 ζωὴν
3113 4359 3407 4429 ἐχαρίσατο
3432 4365 3526 4414 καὶ

1942 4437 2010 4490 τά
2035 4439 2265 4510 ἀκίνητα
2291 4442 2492 4510 ἀγαθὰ,
2517 4446 2578 4496 τό
2606 4462 2668 4512 γε
2698 4447 2778 4508 είς
2805 4447 2968 4500 αὑτὸν
3015 4442 3169 4517 ἧκον.
3224 4451 3390 4506 Ὅταν
3431 4448 3524 4506 οῦν

1943 4529 2105 4582 αὑτὸν
2137 4532 2429 4605 ἐπαινέσῃς
2450 4534 2540 4586 διὰ
2568 4536 2667 4606 τὴν
2700 4537 2906 4590 οἰκείαν
2927 4538 3230 4610 πραότητα,
3263 4541 3526 4611 μειζόνως

1944 4620 2104 4674 αὑτὸν
2134 4621 2412 4692 θαύμασον
2443 4623 2532 4677 διὰ
2572 4625 2670 4696 τὴν
2710 4624 2804 4678 τοῦ
2845 4628 3017 4680 Σαοὺλ
3059 4629 3382 4702 μεταϐολήν.
3416 4633 3523 4687 Τοῦ

1944 4711 2051 4783 γὰρ
2074 4713 2180 4766 τῶν
2201 4714 2414 4768 οἰκείων
2434 4719 2701 4787 κρατῆσαι
2724 4718 2931 4783 παθῶν,
2964 4719 3097 4774 πολὺ
3128 4722 3290 4777 πλέον
3324 4725 3438 4778 ἐστὶ
3463 4726 3523 4778 τὸ

1945 4807 2039 4859 καὶ
2066 4807 2164 4875 τῆς
2195 4807 2398 4879 ἐτέρων
2429 4810 2810 4880 περιγενέσθαι
2853 4809 3052 4883 μανίας
3075 4854 3090 4879 ,
3127 4817 3219 4868 καὶ
3253 4817 3525 4890 φλεγμαί-

1946 4912 2139 4951 νουσαν
2172 4899 2520 4952 καταστεῖλαι
2564 4902 2812 4972 καρδίαν,
2843 4903 2938 4956 καὶ¹
2969 4905 3240 4979 τοσαύτην
3286 4909 3527 4982 γαλήνην

1945 4988 2053 5041 ἀπὸ
2080 4989 2349 5061 τοσαύτης
2377 4991 2714 5060 ἐργάσασθαι
2751 4993 2940 5066 ζάλης,
2973 4997 3068 5050 καλ⁸
3096 4999 3409 5071 ὀφθαλμοὺς
3430 5004 3525 5070 φό-

1946 5095 2034 5130 νον
2061 5077 2356 5147 βλέποντας
2383 5080 2633 5150 δακρύων
2655 5082 2934 5154 ἐμπλῆσαι
2967 5084 3205 5156 θερμῶν.
3239 5087 3348 5139 Καὶ
3367 5086 3526 5139 τοῦτό

1945 5169 2112 5235 ἐστιν,
2149 5169 2177 5222 6
2205 5170 2406 5240 πολλῆς
2437 5171 2750 5244 ἐκπλήξεως
2777 5175 2933 5246 γέμει
2958 5178 3048 5230 καὶ
3082 5175 3379 5247 θαύματος.
3414 5178 3527 5232 Καὶ

1946 5260 2054 5332 γάρ
2083 5262 2131 5313 εί
2163 5262 2258 5332 μὲν
2296 5263 2405 5316 τῶν
2436 5265 2694 5319 ἐπιεικῶν
2721 5268 2817 5319 καὶ
2852 5267 3088 5338 μετρίων
3133 5268 3435 5339 ἀνθρώπων
3458 5265 3525 5340 ῆν

1945 5351 1973 5402 6
2000 5350 2190 5415 Σαοὺλ,
2224 5352 2284 5405 οὑ
2319 5352 2460 5422 μέγα
2481 5349 2549 5424 ἦν
2573 5355 2778 5426 σφόδρα
2803 5355 3173 5424 ἐπαναγαγεῖν
3200 5357 3362 5411 αὐτὸν
3391 5360 3527 5428 πρὸς

1946 5443 2044 5512 τὴν
2077 5443 2281 5496 οἰκείαν
2316 5445 2518 5514 ἀρετήν
2540 5459 2552 5472 '
2589 5445 2648 5497 τὸ
2681 5445 2724 5497 δ’
2749 5445 3220 5518 ἐκτεθηριωμένον
3247 5449 3341 5502 καὶ
3392 5450 3527 5518 πρὸς

1948 5535 2180 5604 ἐσχάτην
2211 5535 2409 5588 κακίαν
2437 5533 2806 5602 ἐξοκείλαντα,
2837 5537 2929 5592 καὶ
2963 5538 3097 5608 πρὸς
3139 5539 3351 5610 σφαγὴν
3381 5541 3528 5592 ἐπει-

1947 5625 2193 5693 γόμενον,
2228 5625 2284 5675 ἐν
2309 5623 2536 5694 βραχείᾳ
2561 5626 2752 5694 καιροῦ
2798 5630 2936 5699 ῥοπῇ
2971 5630 3388 5699 παρασκευάσαι
3426 5632 3529 5682 πᾶ-

2009 5811 2037 5880 ξ)
2061 5814 2237 5880 ξίπώνο
2263 5814 2332 5872 Τῇ
2349 5817 2460 5872 τιμῇ
2484 5812 2714 5880 ἀλλήλους
2733 5819 3032 5880 προηγεῖσθε.
3064 5819 3144 5868 Sic
3168 5832 3310 5868 unus.

2012 5877 2033 5904 ο
2064 5874 2184 5934 Beg.
2215 5886 2341 5920 unus
2361 5876 2655 5934 μεταγαγεῖν.
2773 5874 2781 5880 ’
2871 5874 2878 5878 ’
3161 5943 3224 6002 Γ).
