4064 6498
629 413 737 468 705

624 551 724 586 σαν
750 531 847 603 τὴν
869 530 1091 603 πικρίαν
1120 529 1307 585 σϐέσαι
1332 531 1567 602 ἐκείνην.
1593 533 1716 589 τίνα
1742 534 1841 588 οὐκ
1871 536 1936 590 ἂν
1956 537 2192 609 ἀποκρύ-

621 625 743 693 ψειε
771 623 879 679 τῶν
918 621 1134 676 πώποτε
1177 623 1270 676 ἐπὶ
1306 623 1624 695 διδασκαλίᾳ
1654 627 1971 698 φιλοσοφίας
2001 628 2192 701 βεϐοη-

623 717 824 788 μένωνς

693 809 802 860 Kal
829 808 892 860 σὺ
917 805 1118 872 τοίνυν,
1153 808 1282 861 ὅταν
1311 807 1482 881 λάϐῃς
1521 807 1611 862 τὸν
1665 807 1878 880 ἐχθρὸν,
1931 809 2005 880 μὴ
2047 809 2195 864 τοῦτο

621 898 832 963 σκόπει,
867 898 1015 960 ὅπως
1040 897 1202 952 αὐτὸν
1234 898 1571 970 ἀμυνόμενος
1597 899 1691 952 καὶ
1726 900 1946 970 μυρίαις
1990 899 2194 964 πλύνας

615 989 736 1051 ταῖς
783 987 1072 1059 λοιδορίαις
1113 988 1423 1062 ἐκπέμψῃς,
1480 988 1598 1042 ἀλλ’
1645 990 1794 1052 ὅπως
1823 989 2188 1060 θεραπεύσῃς,

615 1078 764 1142 ὃπως
793 1079 1146 1150 ἐπαναγάγῃς
1165 1079 1303 1150 πρὸς
1330 1079 1630 1132 ἐπιείκειαν
1656 1096 1670 1109 θ
1703 1079 1797 1133 καὶ
1821 1078 1896 1151 μὴ
1930 1079 2192 1150 πρότερον

614 1169 859 1239 ἀποστῇς
894 1169 1068 1223 πάντα
1110 1170 1205 1223 καὶ
1245 1168 1414 1222 ποιῶν
1447 1168 1542 1221 καὶ
1573 1167 1767 1237 λέγων,
1804 1168 1909 1232 ἕως
1938 1167 2004 1222 ἂν
2038 1184 2192 1238 περι-

615 1257 750 1330 γένῃ
776 1259 842 1328 τῇ
874 1258 1138 1330 πραότητι
1164 1261 1263 1330 τῆς
1303 1257 1585 1329 ὠμότητος
1632 1257 1732 1328 τῆς
1763 1257 1991 1311 ἐκείνου.
2026 1257 2192 1329 Οὐδὲν

616 1350 725 1420 γὰρ
759 1349 1056 1414 ἐπιεικείας
1101 1349 1488 1421 δυνατώτερον.
1539 1350 1649 1403 Kal
1682 1348 1825 1402 τοῦτ’
1861 1348 1993 1403 αὐτὸ
2017 1347 2190 1420 δηλῶν

614 1459 698 1504 τις
733 1440 937 1509 ἔλεγεν,
964 1442 1046 1494 ὅτι
1083 1440 1274 1511 Λόγος
1304 1440 1537 1508 ἁπαλὸς
1577 1439 1912 1510 συγ-κλάσει
1948 1439 2098 1494 ὀστᾶ
2137 1451 2186 1494 ι.

615 1533 808 1586 Καίτοι
841 1532 893 1586 τί
915 1533 1104 1586 ὀστέου
1147 1532 1509 1605 σκληρότερον
1533 1548 1548 1598 ;
1583 1531 1722 1585 Ἀλλ’
1745 1534 1894 1602 ὅμως
1917 1531 2020 1585 κᾶν
2047 1530 2190 1584 οὕτω

617 1624 850 1695 σκληρός
869 1640 953 1687 τις
1039 1625 1131 1677 καὶ
1153 1624 1435 1695 ἀκαμπὴς,
1463 1625 1749 1696 περιέσται
1784 1625 1981 1696 ῥαδίως
2013 1627 2041 1678 6
2073 1626 2187 1695 μετ’

615 1713 911 1775 ἐπιεικείας
941 1712 1089 1784 αὐτῷ
1135 1712 1437 1784 χρώμενος.
1485 1715 1594 1768 Kal
1615 1714 1810 1768 πάλιν·
1856 1715 2188 1782 Ἀπόκρισις

612 1803 1041 1858 ὑποπίπτουσα
1067 1804 1430 1874 ἀποστρέφει
1469 1805 1670 1876 ὀργάς.
1718 1805 1880 1860 Ὅθεν
1907 1806 2068 1876 δῆλον
2103 1807 2186 1859 ὅτι

609 1893 706 1947 τοῦ
727 1893 1012 1966 κινηθῆναι
1045 1900 1135 1949 τὸν
1167 1896 1380 1967 ἐχθρὸν,
1415 1889 1630 1951 καὶτοῦ
1657 1897 2084 1969 καταλλαγῆναι,
2120 1899 2185 1950 σύ

612 1984 942 2057 κυριώτερος
965 1987 1195 2043 ἐκείνου.
1237 1988 1325 2041 Ἐν
1361 1987 1470 2060 γὰρ
1509 1989 1660 2060 ἡμῖν,
1696 1988 1797 2042 οὐκ
1816 1989 1875 2044 ἐν
1899 1991 2010 2052 τοῖς
2035 1989 2186 2058 όργι-

612 2079 857 2149 ζομένοις
905 2082 1080 2134 κεῖται
1110 2079 1204 2133 καὶ
1229 2079 1290 2132 τὸ
1339 2078 1648 2150 σϐεσθῆναι,
1684 2079 1778 2134 καὶ
1812 2079 1874 2133 τὸ
1901 2079 2036 2151 πρὸς
2063 2078 2184 2150 μεί-

613 2170 741 2234 ζονα
774 2171 1117 2242 ἐξενεχθῆναι
1156 2171 1328 2241 φλόγα
1358 2170 1448 2223 τὸν
1472 2169 1640 2240 θυμὸν
1665 2170 1756 2224 τὸν
1784 2171 2026 2224 ἐκείνων.
2077 2171 2187 2224 Καὶ

611 2261 757 2315 τοῦτ’
789 2262 920 2315 αὐτὸ
970 2263 1130 2317 πάλιν
1163 2262 1192 2315 6
1228 2261 1298 2315 τὰ
1345 2262 1585 2334 πρότερα
1622 2260 1791 2316 είπὼν
1818 2262 2052 2334 ἐδήλωσε
2097 2262 2184 2316 διά

609 2353 764 2422 ψιλοῦ
791 2355 819 2395 h
849 2355 1306 2426 παραδείγματος.
1330 2355 1538 2426 ’Ὠσπερ
1563 2354 1689 2425 γάρ,
1712 2355 1894 2425 φησὶν,
1925 2355 2004 2418 είς
2031 2370 2184 2408 σπιν-

610 2447 751 2518 θῆρα
776 2447 943 2519 πυρὸς
961 2448 1026 2501 ἂν
1044 2447 1142 2518 μὲν
1165 2448 1430 2520 φυσῆσῃς,
1459 2447 1660 2518 ἐξῆψας
1688 2447 1784 2518 τὴν
1801 2445 1953 2519 [780]
1986 2446 2180 2516 φλόγα.

607 2534 675 2587 ἂν
705 2535 761 2588 δέ
793 2535 1020 2607 πτύσῃς,
1051 2535 1404 2603 κατέσϐεσας,
1438 2537 1530 2590 καὶ
1551 2538 1875 2608 ἀμφοτέρων
1902 2537 1966 2590 σύ
1997 2536 2184 2608 κύριος

611 2627 958 2695 (Ἀμφότερα
988 2626 1118 2698 γὰρ,
1146 2627 1332 2698 φησιν,
1356 2628 1424 2681 ἐκ
1459 2627 1564 2684 τοῦ
1606 2630 1904 2698 στόματός
1929 2643 2045 2683 σου
2077 2644 2183 2682 πο-

600 2720 836 2785 ρεύεται
863 2720 952 2787 ο)·
978 2718 1120 2773 οὕτω
1151 2719 1244 2772 καὶ
1277 2720 1371 2772 ἐπὶ
1407 2723 1505 2792 τῆς
1538 2720 1736 2794 ἔχθρας
1781 2721 1876 2775 τοῦ
1919 2721 2180 2792 πλησίον*

609 2809 676 2861 ἂν
705 2808 800 2878 μὲν
823 2811 1241 2880 πεφυσημένους
1269 2811 1363 2864 καὶ
1389 2813 1852 2882 ἀπονενοημένως
1881 2814 2180 2885 προσενέγ·

610 2918 711 2971 κῃς
745 2902 954 2969 λόγους,
987 2903 1244 2966 ἀνάπτεις
1268 2903 1476 2956 ἐκείνου
1506 2904 1567 2957 τὸ
1598 2904 1726 2975 πῦρ,
1764 2905 2006 2969 ἐκκαίεις
2056 2906 2182 2969 τοὺς

609 2991 920 3060 ἄνθρακαςο
954 2991 1021 3045 ἂν
1070 2992 1127 3046 δὲ
1175 2996 1464 3065 προσηνεῖς
1518 2995 1613 3048 καὶ
1667 2995 2179 3066 περιεσταλμένους,

609 3083 738 3152 πρὶν
766 3084 865 3153 τὴν
885 3083 1062 3155 πυράν
1089 3082 1342 3155 ἀρθῆναι,
1374 3083 1708 3148 κατέσϐεσας
1731 3084 1825 3156 τὴν
1857 3084 2024 3156 όργὴν
2049 3085 2180 3138 ἀπαο

611 3190 730 3226 σαν.
764 3173 855 3245 Μὴ
883 3173 1061 3228 τοίνυν
1084 3173 1234 3242 λέγε,
1269 3175 1348 3228 ὅτι
1373 3176 1453 3231 Τὰ
1468 3177 1560 3229 καὶ
1609 3175 1676 3230 τά
1709 3176 1929 3242 ἔπαθον,
1987 3177 2056 3230 τὰ
2088 3177 2182 3230 καὶ

606 3267 674 3320 τά
703 3268 910 3337 ηκουσα
929 3283 942 3296 ·
963 3267 1180 3321 πάντων
1206 3267 1314 3339 γάρ
1338 3267 1540 3322 τούτων
1567 3269 1631 3323 σὺ
1661 3270 1869 3341 κύριος.
1893 3268 2050 3324 Οὕτω
2071 3270 2182 3341 γὰρ

607 3360 797 3432 ῶσπερ
821 3361 1093 3431 σπινθῆρα
1125 3364 1218 3416 καὶ
1257 3363 1444 3416 σϐέσαι
1474 3363 1567 3416 καὶ
1611 3363 1836 3432 ἀνάψαι,
1889 3363 1982 3416 καὶ
2009 3361 2179 3434 θυμὸν

607 3451 870 3506 ἐκκαῦσαι
906 3454 1000 3508 καὶ
1039 3453 1382 3508 καταστεῖλαι
1435 3454 1596 3507 πάλιν
1620 3456 1675 3507 ἐν
1710 3455 1811 3508 σοί.
1867 3455 2034 3507 Ὅταν
2065 3455 2181 3526 ἴδῃς

606 3546 817 3620 ἐχθρὸν,
857 3547 891 3616 ἦ
918 3546 1012 3600 καὶ
1033 3549 1112 3612 είς
1139 3547 1262 3600 νοῦν
1287 3547 1477 3621 λάϐῃς,
1509 3548 1608 3600 ὅσα
1663 3547 1762 3617 μέν
1815 3547 2057 3617 ἤκουσας
2085 3547 2180 3602 καὶ

605 3634 806 3699 ἔπαθες
842 3635 1082 3706 λυπηρὰ,
1110 3637 1266 3690 πάντ’
1294 3637 1648 3691 ἐπιλανθάνου
1692 3636 1862 3690 ταῦτα
1880 3654 1892 3667 ·
1921 3638 1969 3689 εί
1993 3636 2048 3689 δὲ
2082 3635 2178 3690 καὶ

605 3725 1030 3798 ἀναμνησθείης,
1065 3726 1143 3796 τῷ
1172 3727 1404 3797 διαϐόλῳ
1432 3725 1604 3780 ταῦτα
1649 3725 1887 3795 λογίζου.
1946 3725 2175 3796 Σύλλεγε

604 3818 682 3883 δὲ,
710 3819 764 3870 εἴ
787 3817 840 3871 τί
871 3835 951 3871 σοι
984 3819 1220 3888 χρηστὸν
1252 3813 1372 3871 εἶπε
1406 3817 1646 3883 πώποτε,
1667 3819 1760 3872 καὶ
1792 3819 2033 3890 ἐποίησε.
2055 3819 2176 3875 Κᾶν

601 3912 668 3981 τῇ
702 3908 908 3963 τούτων
957 3909 1298 3982 ἐνδιατρίϐῃς
1354 3911 1564 3982 μνήμῃ.
1596 3909 1807 3986 ταχέως
1854 3910 2177 3976 καταλύσεις

601 4003 702 4072 τὴν
731 4000 948 4072 ἔχθραν.
987 4002 1105 4056 Κάν
1137 4001 1338 4074 μέλλῃς
1387 4002 1637 4072 ἐγκαλεῖν
1667 4001 1762 4058 καὶ
1812 4003 2174 4074 διαλέγεσθαι,

603 4093 866 4163 πρότερον
899 4093 959 4145 τὸ
992 4093 1166 4156 πάθος
1213 4091 1458 4147 ἐκϐαλὼν
1496 4093 1590 4147 καὶ
1626 4094 1714 4147 τὸν
1745 4093 1916 4166 θυμδν
1955 4095 2172 4159 σϐέσας,

604 4183 775 4246 οὓτως
803 4183 1032 4247 εὐθύνας
1083 4184 1324 4251 ἀπαίτει,
1348 4182 1522 4248 οὕτως
1572 4185 1780 4255 ἔλεγχε,
1829 4187 1922 4241 καὶ
1970 4186 2176 4262 δυνήσῃ

602 4274 984 4346 περιγενέσθαι
1038 4275 1256 4348 ῥᾳδίως.
1307 4275 1647 4348 Θυμούμενοι
1683 4277 1793 4349 γάρ
1837 4276 1950 4332 οὐτ’
1981 4279 2174 4344 εἰπεῖν,

599 4366 714 4427 οὐτ’
734 4365 964 4424 ἀκοῦσαί
994 4382 1122 4422 ποτε
1150 4365 1492 4442 δυνησόμεθα
1537 4383 1588 4419 τι
1623 4367 1803 4436 ὑγιέςσ
1833 4366 2173 4436 ἀπαλλαγέν-

600 4475 691 4522 τες
718 4459 774 4512 δὲ
824 4457 918 4512 τοῦ
953 4443 1498 4523 πάθους,⁹οῦτ⁴αὐτοὶ
1527 4458 1680 4530 ῥῆμά
1733 4458 1850 4512 ποτ’
1899 4458 2175 4530 ἐξοίσομεν

597 4554 795 4626 τραχὺ,
825 4550 938 4605 οὗθ’
963 4551 1163 4623 ἐτέρων
1195 4550 1461 4620 λεγόντων
1492 4550 1664 4614 οὕτως
1703 4550 2067 4624 ἀκουσόμεθα.
2099 4553 2172 4606 Οὐ

597 4647 712 4720 γάρ
738 4649 772 4718 η
802 4645 911 4700 τῶν
946 4645 1255 4717 λεγομένων
1293 4644 1472 4714 φύσις,
1505 4643 1584 4708 ὡς
1617 4646 1650 4719 η
1682 4645 1784 4718 τῆς
1817 4643 2014 4718 ἔχθρας
2045 4645 2174 4716 πρό-

596 4739 760 4812 ληψις
783 4740 929 4812 ἡμᾶς
948 4738 1172 4810 ἀγριοῦν
1195 4736 1370 4792 εῐωθε.
1400 4736 1667 4801 Πολλάκις
1684 4737 1815 4805 γοῦν
1837 4738 1988 4811 παρά
2007 4737 2174 4807 φίλων

598 4829 699 4894 τὰς
730 4829 897 4890 αὐτὰς
950 4827 1280 4891 ἀκούσαντες
1335 4826 1600 4898 λοιδορίας
1631 4826 1951 4894 παιζόντων,
2016 4826 2048 4898 ἢ
2081 4826 2174 4880 καὶ

601 4920 1110 4996 χαριεντιζομένων,
1160 4920 1196 4990 ἢ
1229 4920 1324 4977 καὶ
1357 4919 1510 4990 παρά
1560 4919 1791 4973 παιδίων
1821 4918 2056 4995 μικρῶν,
2111 4921 2172 4978 οὐ

601 5012 766 5088 μόνον
811 5012 965 5066 οὐδὲν
998 5011 1271 5084 ἐπάθομεν
1326 5011 1488 5082 ἀηδὲς
1509 5051 1524 5075 ,
1575 5013 1685 5065 οὐδ’
1737 5012 2171 5086 ἐξηγριώθημεν,

596 5104 736 5165 ἀλλά
771 5103 863 5158 καὶ
893 5102 1232 5173 έγελάσαμεν
1253 5101 1348 5158 καὶ
1373 5101 1698 5174 διεχύθημεν
1718 5121 1731 5133 ·
1786 5103 1847 5157 οὐ
1878 5103 1987 5174 γὰρ
2035 5103 2172 5175 μετὰ

595 5195 1000 5272 διεφθαρμένης
1051 5191 1365 5266 ἠκούσαμεν
1391 5192 1634 5264 γνώμης,
1668 5189 1789 5246 οὐδὲ
1833 5194 1969 5265 μετά
1996 5194 2172 5268 ψυχῆς

597 5285 757 5360 θυμῷ
781 5284 1349 5369 προκατειλημμένης.
1383 5284 1544 5340 ’Ὥστε
1572 5287 1666 5339 καὶ
1696 5286 1789 5340 ἐπὶ⁸
1812 5286 1920 5339 τῶν
1941 5286 2170 5358 ἐχθρῶν,

597 5379 667 5434 ἂν
693 5379 892 5451 σϐέσῃς
919 5379 1011 5434 τὸν
1044 5378 1234 5449 θυμὸν,
1264 5378 1331 5434 ἂν
1355 5378 1454 5451 τὴν
1485 5379 1684 5450 ἔχθραν
1729 5379 1985 5452 ἐκϐάλῃς,
2019 5382 2172 5437 οὐδέν

600 5485 659 5529 σε
689 5467 797 5522 τῶν
825 5469 1132 5541 λεγομένων
1157 5469 1400 5540 λυπῆσαι
1426 5469 1734 5542 δυνήσεται.

666 5569 735 5634 η’.
754 5563 864 5624 Kal
884 5562 936 5614 τί
962 5562 1246 5630 λέγω,τῶν
1270 5563 1577 5634 λεγομένων
1593 5579 1607 5628 ;
1623 5563 1788 5616 Οὐδὲν
1817 5562 1924 5618 τῶν
1949 5567 2169 5636 γινομέ-

658 5696 683 5759 Ϋ
708 5694 831 5759 ξιθεζ
854 5709 980 5759 unius
1013 5696 1243 5759 συντρίϐει
1261 5696 1380 5748 ὀστᾶ
1394 5730 1409 5750 ο

656 5755 684 5825 ξι
707 5755 1054 5825 [ιαᾞςείἱύυο
1065 5755 1242 5806 mélins
1263 5771 1410 5822 quam
1432 5759 1605 5822 ed.qui
1627 5760 1811 5811 habent
1833 5761 1906 5809 διὰ
1927 5763 2166 5825 δαψιλοῦς.

657 5816 682 5848 ⁸
706 5816 824 5878 Reg.
852 5816 1168 5881 ἐκπορεύεται.

1317 415 1374 472 S.
1417 415 1703 474 JOANNIS
1738 418 2219 478 CIIRYSOSTOMI
2258 419 2579 482 ARCHIEP.
2618 427 3165 486 CONSTANTINOP.
3757 436 3840 492 706

2304 561 2429 607 νων,
2453 544 2739 616 ώσπεροῦν
2766 545 2885 598 οὐδέ
2906 545 2997 598 τὸν
3047 545 3315 619 μακάριον
3342 545 3558 602 τοῦτον·
3591 550 3701 604 ἀ)λ’
3727 551 3844 622 ὀρῶν

2302 627 2394 680 τὸν
2424 628 2679 700 πολέμιον
2707 630 2848 683 κατὰ
2883 633 2979 701 τῆς
3005 630 3170 682 αὐτοῦ
3195 633 3468 702 σωτηρίας
3501 633 3843 700 ὁπλιζόμενον,

2299 711 2394 765 καὶ
2429 711 2607 766 πάντα
2634 712 2721 766 διά
2745 712 2905 766 τοῦτο
2934 713 3205 776 κινοῦντα,
3263 714 3324 767 οὐ
3355 715 3517 785 μό·.ον
3553 718 3651 769 οὐκ
3677 719 3843 788 ἠγρία-

2299 811 2410 855 νεν,
2465 794 2601 848 ἀλλά
2652 796 2747 848 καὶ
2788 797 2869 858 είς
2915 795 3135 848 πλείονα
3179 791 3309 866 ἦλθε
3365 798 3728 867 συμπάθειαν·
3755 801 3845 871 ὅσῳ

2303 876 2526 948 μείζονα
2554 878 2900 939 ἐπεϐούλευε,
2923 877 3160 948 τοσούτῳ
3180 878 3379 948 μᾶλλον
3408 881 3574 934 αὐτὸν
3591 881 3843 953 ἐδάκρυεν.

2304 961 2461 1032 ᾜδει
2494 962 2602 1033 γάρ
2627 1001 2640 1024 ,
2693 962 2808 1033 ⁴ᾔδει
2845 962 3051 1030 σαφῶς,
3086 963 3168 1016 ὅτι
3205 965 3302 1033 οὑχ
3351 965 3379 1016 6
3413 966 3637 1035 πάσχων
3667 968 3844 1033 κακῶς,

2299 1044 2413 1097 ἀλλ’
2443 1046 2472 1098 6
2507 1045 2698 1109 ποιῶν,
2726 1040 2880 1108 οὗτός
2901 1045 3023 1098 ἐστι
3047 1045 3295 1116 δακρύων
3331 1046 3478 1110 ἄξιος
3511 1048 3606 1100 καὶ
3638 1049 3843 1120 θρήνων.

2296 1127 2489 1181 ἑαυτὸν
2539 1129 2959 1184 καταϐλάπτων.
2993 1129 3092 1183 Διά
3145 1129 3303 1182 τοῦτο
3345 1130 3439 1183 καὶ
3490 1131 3706 1202 μακρὰν
3732 1134 3845 1204 πρὸς

2298 1211 2461 1265 αὐτὸν
2489 1213 2783 1284 συνέθηκεν
2804 1212 3126 1281 ἀπολογίαν,
3149 1214 3243 1266 xal
3267 1213 3325 1265 οὐ
3345 1213 3610 1285 πρότερον
3638 1214 3844 1287 ἀπέστη,

2293 1293 2398 1358 ἕως
2455 1294 2550 1348 καὶ
2591 1295 2752 1348 αὐτὸν
2800 1294 3245 1365 ἀπολογήσασθαι
3296 1295 3676 1366 παρεσκεύασε
3727 1297 3846 1365 μετά

2291 1377 2540 1448 δακρύων
2568 1378 2662 1431 xal
2689 1377 2918 1448 θρήνων.
2963 1378 3179 1448 Ἐπειδὴ
3209 1377 3320 1448 γάρ
3358 1377 3621 1448 ἀνῴμωξε
3655 1379 3744 1432 καὶ
3767 1397 3845 1431 πι-

2293 1459 2432 1530 κράν
2457 1461 2636 1529 ἀφῆκε
2673 1461 2877 1532 φωνὴν,
2906 1461 2999 1513 καὶ
3058 1461 3201 1531 μέγα
3246 1459 3603 1525 ἀνωλόλυξεν,
3637 1461 3847 1514 ἄκουσον

2291 1544 2342 1595 τί
2368 1560 2519 1612 φησι’
2548 1545 2782 1610 Δίκαιος
2805 1543 2887 1598 σὺ
2916 1545 3067 1611 ὑπὲρ
3095 1542 3219 1612 ἐμὲ,
3243 1543 3329 1597 ὅτι
3369 1543 3450 1597 σὺ
3498 1543 3617 1612 μὲν
3641 1545 3846 1597 ἀνταπ-

2287 1627 2516 1694 ἐδωκάς
2533 1645 2632 1696 μοι
2653 1627 2863 1696 ἀγαθὰ,
2892 1626 3006 1697 ἐγὼ
3033 1627 3085 1680 δ’
3128 1626 3517 1681 ἀνταπέὸωὰ
3561 1642 3662 1681 σοι
3689 1626 3846 1683 κακά.

2301 1712 2464 1781 Ὁρᾷς
2500 1711 2615 1774 πῶς
2647 1712 2740 1763 καὶ
2770 1712 2868 1781 τῆς
2917 1709 3121 1774 οἰκείας
3167 1711 3367 1773 κακίας
3417 1709 3809 1778 καταγινώσκει
3832 1748 3847 1773 ,

2289 1795 2384 1848 καὶ
2414 1793 2514 1864 τὴν
2567 1795 2776 1864 ἀρετὴν
2822 1794 3052 1863 ἀνυμνεί
3083 1793 3178 1846 τοῦ
3209 1793 3444 1858 δικαίου,
3495 1793 3592 1847 καὶ
3643 1791 3849 1862 μηδενὸς

2287 1878 2688 1946 ἀναγκάζοντος
2742 1876 3121 1946 ἀπολογεῖται;
3171 1875 3329 1930 Οὐτω
3371 1877 3467 1929 καὶ
3503 1876 3568 1930 σὺ
3618 1875 3848 1946 ποίησον.

2300 1958 2550 2013 Ἐπειδὰν
2600 1957 2771 2032 λάϐῃς
2808 1959 2899 2013 τὸν
2933 1958 3146 2030 ἐχθρὸν,
3176 1957 3250 2030 μὴ
3302 1959 3711 2029 κατηγοιήσῃς,
3747 1957 3849 2012 ἀλλ’

2288 2041 2438 2115 [781]
2465 2043 2819 2114 ἀπολόγησαι,
2857 2045 2942 2097 ἵνα
2971 2043 3401 2116 παρασκευάσῃς
3436 2041 3643 2096 ἐκεῖνον
3674 2042 3850 2096 ἐαυτοῦ

2287 2132 2683 2202 κατηγορῆσαι.
2709 2131 2806 2183 Ἂν
2830 2129 2930 2202 μέν
2958 2129 3068 2201 γάρ
3095 2132 3256 2200 ἡμεῖς
3285 2132 3708 2200 κατηγορῶμεν,
3729 2145 3850 2198 19a-

2288 2211 2507 2284 χύνεται
2528 2230 2542 2244 ·
2577 2214 2644 2268 ἂν
2675 2213 2720 2267 δ’
2750 2211 3240 2284 ἀπολογησώμεθα,
3293 2210 3686 2282 ἐντρεπόμενος
3710 2211 3852 2280 ἡμῶν

2283 2297 2384 2365 τὴν
2430 2296 2748 2362 ἐπιείκειαν,
2803 2296 2964 2360 αὐτὸς
2999 2295 3193 2350 ἐαυτοῦ
3243 2296 3618 2366 κατηγορήσει
3658 2292 3849 2348 λοιπόν.

2285 2381 2396 2433 Kal
2425 2380 2596 2444 οὕτως
2623 2381 2653 2434 δ
2681 2397 2740 2433 τε
2777 2380 2996 2450 ἐλεγχος
3041 2379 3349 2442 ἀνύποπτος
3379 2378 3612 2447 γίνεται,
3659 2377 3853 2439 ἐκεῖνός

2283 2481 2344 2517 τε
2376 2465 2472 2536 τῆς
2497 2464 2760 2535 πονηρίας
2788 2463 3186 2517 ἀπαλλάττεται
3209 2463 3412 2533 πάσης.
3441 2463 3624 2527 Ὅπερ
3655 2455 3746 2513 οὖν
3769 2460 3856 2513 καὶ

2286 2549 2521 2604 ἐνταῦθα
2573 2549 2801 2619 συνέϐη·
2853 2550 2946 2603 καὶ
2979 2549 3275 2619 κατηγορεῖ
3332 2547 3470 2618 μετά
3517 2545 3723 2614 πολλῆς
3764 2545 3855 2614 τῆς

2287 2632 2645 2705 σφοδρότητος
2673 2635 2701 2687 ό
2733 2634 2997 2704 ἀδικήσας
3018 2675 3032 2697 ,
3066 2632 3160 2685 τοῦ
3197 2630 3531 2701 ἠδικημένου
3583 2628 3855 2697 σιγῶντας.

2285 2718 2418 2772 Οὐδέ
2444 2717 2556 2789 γὰρ
2577 2713 2729 2772 εἶπεν
2753 2717 2959 2780 ἁπλῶς,
2979 2716 3236 2786 Είργάσω
3269 2717 3349 2778 είς
3375 2714 3477 2784 ἐμὲ
3501 2713 3704 2782 ἀγαθὰ,
3725 2711 3859 2777 ἀλλ’,

2298 2800 2742 2867 ’Λνταπέδωχάς
2760 2819 2862 2870 μοι
2893 2799 3083 2869 ἀγαθά
3098 2816 3111 2829 °
3139 2797 3436 2854 τουτέστιν,
3463 2791 3612 2847 ’Δντὶ
3632 2791 3731 2862 τῆς
3747 2797 3862 2848 ἐπι-

2285 2885 2502 2952 ϐουλῆς,
2539 2885 2659 2939 ἀντὶ
2684 2885 2782 2956 τῆς
2841 2884 3075 2953 σφαγῆς,
3106 2883 3227 2935 ἀντὶ
3261 2880 3371 2933 τῶν
3421 2879 3632 2950 μυρίων
3679 2877 3864 2931 κακῶν

2284 2969 2507 3022 ἐκείνων
2530 2968 2871 3038 εὐεργεσίαις
2896 2969 3042 3036 ἡμᾶς
3063 2965 3282 3036 ἡμείψω
3316 2962 3599 3033 μεγάλαις.
3651 2959 3794 3028 Ἐγὼ
3817 2958 3864 3010 ὃ*

2283 3055 2392 3108 οὐδ’
2423 3052 2598 3116 οὕτως
2652 3052 2918 3126 ἐγενόμην
2967 3051 3214 3120 βελτίων,
3262 3047 3400 3102 ἀλλά
3439 3045 3534 3099 καὶ
3570 3043 3714 3115 μετά
3766 3044 3864 3126 τὰς

2283 3136 2602 3209 εὐεργεσίας
2639 3135 2852 3196 ἐκείνας
2898 3125 3162 3202 ἐπέμεινα
3188 3135 3254 3202 τῇ
3309 3129 3574 3200 πονηρίᾳο
3622 3127 3721 3180 καὶ
3757 3125 3863 3179 οὐδ’

2281 3221 2424 3276 οὕτω
2450 3219 2768 3290 μετεϐάλου,
2801 3217 2936 3271 ἀλλά
2956 3216 3226 3287 διέμεινας
3244 3213 3334 3267 τὸν
3363 3211 3558 3267 σαυτοῦ
3591 3209 3866 3280 διατηρῶν

2281 3306 2498 3377 τρόπον,
2533 3305 2627 3358 καὶ
2660 3302 2820 3356 πάλιν
2851 3303 2997 3372 ἡμᾶς
3051 3294 3503 3358 ἐπιϐουλεύοντας
3532 3293 3864 3377 εὐεργετῶν,

2281 3375 2471 3442 Πόσων
2501 3387 2600 3440 οὐκ
2633 3386 2698 3440 ἂν
2725 3386 2809 3456 εἴη
2847 3383 3126 3453 στεφάνων
3156 3379 3304 3445 ἄξιος
3329 3378 3449 3432 καθ’
3491 3377 3727 3430 ἕκαστον
3760 3375 3871 3428 τῶν

2283 3470 2548 3543 ῥημάτων
2574 3469 2779 3523 τούτων
2808 3469 2836 3521 ό
2860 3467 3056 3528 Δαυῒδ;
3079 3465 3140 3517 Et
3171 3463 3283 3533 γὰρ
3309 3462 3402 3516 καὶ
3431 3460 3494 3512 τὸ
3518 3459 3699 3543 στόμα
3726 3457 3870 3543 αὐτά

2281 3540 2578 3624 ἐφθέγγετο
2606 3551 2699 3605 τοῦ
2737 3549 2908 3605 Σαοὺλ
2931 3589 2946 3611 ,
2978 3547 3091 3602 ἀλλ’
3123 3549 3156 3617 ή
3197 3546 3358 3613 σοφία
3395 3543 3490 3597 καὶ
3509 3543 3543 3613 ἡ
3570 3542 3742 3611 τέχνη
3773 3540 3871 3624 τοῦ

2280 3623 2444 3692 Δαυῖδ
2469 3639 2548 3700 είς
2579 3636 2676 3705 τὴν
2697 3634 2904 3688 ἐκείνου
2935 3629 3336 3701 κατεφύτευσεν
3359 3627 3501 3681 αὐτὰ
3523 3624 3732 3695 ψυχήν,
3757 3623 3867 3677 Καὶ

2278 3719 2650 3791 ἀπήγγειλάς
2664 3735 2765 3790 μοι
2787 3717 3054 3785 σήμερον
3071 3755 3088 3780 ,
3123 3712 3289 3783 φησὶν
3306 3750 3322 3776 ,
3360 3709 3398 3764 ἀ
3438 3705 3748 3775 ἐποίησάς
3766 3721 3868 3791 μοι

2277 3789 2488 3874 ἀγαθά,
2513 3803 2585 3869 ὡς
2621 3800 2947 3857 ἀπέκλεισέ
2968 3813 3045 3867 με
3078 3796 3295 3862 Κύριος
3320 3791 3590 3861 σήμερον
3620 3791 3714 3852 εις
3748 3789 3870 3874 τὰς

2279 3871 2481 3960 χεῷάς
2500 3902 2639 3951 σου,
2669 3885 2770 3940 καὶ
2808 3886 2920 3938 οὐκ
2968 3879 3319 3945 ἀπέκτεινά(
3360 3891 3457 3946 με.
3516 3874 3630 3960 Kal
3666 3871 3872 3960 ἑτέραν

2279 3955 2429 4046 αὐτῷ
2458 3972 2728 4044 μαρτυρεῖ
2782 3968 2946 4023 πάλιν
2976 3966 3200 4039 ἀρετὴν,
3226 3964 3308 4046 ὅτι
3347 3959 3722 4046 εὐεργετήσας
3767 3955 3871 4046 οὐκ

2276 4038 2552 4128 ἐσίγησεν,
2592 4038 2701 4108 οὐδ’
2735 4038 3034 4122 ὑπερεῖδεν,
3069 4047 3184 4102 ἀλλ’
3207 4045 3378 4128 ἐλθων
3404 4038 3590 4128 εἶπεν,
3620 4041 3684 4093 οὐ
3728 4038 3873 4128 πρὸς

2278 4122 2534 4207 ἐπίδειξιν
2560 4136 2718 4191 τοῦτο
2752 4134 2942 4198 ποιῶν,
2990 4131 3127 4186 ἀλλά
3159 4130 3328 4196 δεῖξαι
3359 4126 3686 4198 βουλόμενος
3711 4163 3730 4187 ,

2275 4225 2363 4280 διὰ
2385 4203 2492 4278 τῶν
2517 4222 2692 4293 ἐργων
2714 4215 2892 4272 αὐτῶν
2915 4215 3142 4280 διδάξαι,
3171 4213 3253 4267 δτι
3273 4211 3384 4293 τῶν
3407 4209 3728 4293 κηδομένων
3748 4203 3874 4257 ἐστὶ

2275 4308 2370 4362 καὶ
2400 4288 2788 4378 προνοούντων,
2838 4299 2899 4352 οὐ
2947 4297 3054 4351 τῶν
3083 4292 3528 4349 ἐπιϐουλευόντων
3560 4288 3657 4343 καὶ
3691 4302 3874 4378 πανη-

2279 4372 2602 4464 ρευομένων.
2632 4386 2706 4440 Τὸ
2726 4384 2836 4456 γάρ
2861 4381 3126 4464 τάςίδίας
3148 4375 3466 4464 εὐεργεσίας
3486 4372 3873 4464 λέγειν-ἐστιν,

2274 4455 2502 4528 δπουτὸ
2534 4469 2723 4540 κέρδος
2771 4467 2880 4536 ἐχει
2914 4463 3188 4536 μέγιστον.
3231 4463 3396 4514 Ὅταν
3438 4459 3550 4530 γάρ
3586 4455 3876 4540 μηδεμιᾶ

2275 4555 2582 4615 ὑποθέσεως
2597 4537 2762 4623 οὐσης
2783 4548 3070 4620 προσφέρῃ
3087 4562 3169 4608 τις
3184 4544 3359 4608 αὐτὰς
3367 4543 3464 4596 καὶ
3477 4542 3656 4623 ἀνακη
3664 4537 3877 4623 ρύττῃ,

2255 4636 2381 4692 ττῶν
2410 4618 2774 4699 ὀνειδιζόντων
2801 4618 2954 4686 οὐδὲν
2975 4618 3196 4700 ἄμεινον
3231 4624 3565 4680 διακείσεται
3583 4637 3597 4651 ·
3633 4621 3783 4675 ὅταν
3813 4618 3880 4672 δὲ

2277 4720 2598 4792 βουλόμενος
2649 4718 2831 4770 πεῖσαι
2885 4713 2976 4767 τὸν
3023 4711 3436 4792 διεφθαρμένον,
3471 4707 3568 4760 καὶ

2275 4786 2405 4875 περὶ
2442 4786 2614 4855 *αὐτοῦ
2666 4796 2939 4869 πρόληψιν
2971 4797 3162 4866 ἔχοντα
3192 4791 3349 4845 τοῦτο
3396 4791 3548 4875 ποιῇ,

2275 4872 2391 4941 ἐστι
2422 4887 2517 4940 καὶ
2537 4882 2860 4953 εὐεργέτης
2893 4881 3030 4952 ὅπερ
3060 4875 3152 4933 οὖν
3191 4876 3286 4931 καὶ
3311 4877 3342 4928 ό
3368 4873 3530 4927 Δαυῒδ
3575 4872 3883 4941 ἐποίησεν,

2274 4971 2334 5025 οὐ
2360 4972 2458 5040 τῆς
2490 4968 2621 5038 παρ’
2654 4964 2819 5018 αὐτοῦ
2844 4963 3000 5033 δόξης
3023 4960 3182 5033 ἐρῶν,
3205 4957 3340 5012 ἀλλά
3362 4957 3456 5040 τὸν
3476 4954 3888 5040 γέρριζιυμένον

2276 5054 2334 5106 ἐν
2365 5036 2515 5121 αὐτῷ
2543 5036 2712 5119 θυμὸν
2735 5045 3046 5101 ἀνασπάσαι
3072 5041 3411 5112 βουλόμενος.
3446 5039 3557 5091 Kal
3581 5036 3676 5089 διὰ
3707 5036 3890 5090 τοῦτο

2278 5139 2408 5207 γοῦν
2441 5135 2605 5190 αὐτὸν
2635 5132 2917 5204 ἐπῄνεσεν,
2967 5131 3048 5184 ὅτι
3096 5130 3190 5182 καὶ
3215 5126 3567 5199 εὐεργέτησε,
3612 5124 3727 5176 καὶ
3776 5121 3892 5193 τὴν

2276 5219 2592 5292 εὐεργεσίαν
2623 5213 2793 5271 εἶπεν.

2345 5323 2479 5380 Εῐτα
2503 5321 2682 5394 ζητῶν
2703 5319 2957 5391 ἀμοιϐὴν,
2990 5318 3084 5372 καὶ
3107 5315 3364 5387 οὐδεμίαν
3389 5313 3528 5385 έχων
3553 5310 3673 5365 τῶν
3715 5325 3895 5380 γεγε·

2275 5411 2521 5480 νημένων
2556 5406 2677 5474 ἴσην
2714 5404 2914 5474 εὐρεῖν,
2945 5401 3034 5455 τὸν
3063 5399 3195 5452 Θεὸν
3233 5397 3396 5452 αὐτὸν
3444 5395 3593 5466 αὐτῷ
3634 5395 3894 5480 δίδωσιν

2273 5478 2553 5564 ὀφειλέτην
2578 5530 2593 5550 ,
2643 5484 2844 5539 οὐτωσλ⁸
2887 5485 3091 5552 λέγων·
3149 5481 3279 5533 ’Ότι
3310 5484 3362 5564 εί
3393 5480 3555 5549 εὕροι
3602 5495 3708 5564 τις
3769 5478 3896 5564 τόν·

2271 5561 2488 5644 ἐχθρὸν
2514 5569 2700 5625 αὑτοῦ
2727 5568 2795 5621 ὲν
2821 5568 3044 5636 θλίψει,
3075 5565 3174 5618 καὶ
3202 5562 3498 5644 ἐκπέμψω
3541 5563 3752 5644 abfer

2274 5642 2393 5722 ὀδῷ
2442 5651 2656 5721 ἀγαθῇ,
2692 5650 2791 5704 καὶ
2821 5650 3038 5716 Κύριος
3073 5643 3391 5709 ἀνταποδῷ
3434 5642 3599 5709 αὐτῷ
3636 5643 3896 5714 ἀγαθὰ.

2272 5737 2469 5804 καθὼς
2493 5735 2824 5799 πεποίηκας
2851 5733 2933 5786 σὺ
2970 5732 3257 5800 σήμερον.
3309 5731 3376 5783 Τί
3417 5729 3526 5800 γὰρ
3564 5729 3665 5781 καὶ
3721 5722 3902 5796 εἶχεν

2271 5824 2422 5886 ἄξιον
2461 5816 2751 5874 ἀποδοῦναι
2808 5818 2919 5872 τῶν
2969 5816 3315 5888 εὐεργεσιῶν,
3361 5817 3408 5870 εί
3441 5816 3536 5869 καὶ
3577 5813 3900 5885 βασιλείαν
