4064 6514
322 496 423 551 703

319 612 516 679 ficere,
549 615 606 662 ut
650 620 862 661 omnem
910 604 1053 658 illam
1104 604 1515 657 amaritudinem
1561 603 1901 671 exstinguat,

323 716 476 771 quem
508 714 615 753 non
642 698 891 752 obscuret
918 696 1178 761 omnium,
1210 695 1299 764 qui
1329 710 1579 764 umquam
1606 709 1766 763 super
1796 693 1913 764 phi-

319 791 574 860 losophia:
599 788 840 842 doctrina
866 787 1069 841 clarum
1098 799 1445 855 promeruere
1468 784 1707 838 nomen?

392 880 543 934 Nihil
587 877 897 931 humanitate
939 876 1207 945 potentius.
1258 874 1403 928 Iram
1446 875 1620 929 sedare
1657 876 1709 928 in
1740 884 1911 929 nostra

318 984 395 1027 ert
421 980 683 1042 potestate.
712 998 783 1009 —-—
804 970 867 1024 Et
898 977 955 1024 tu
981 968 1161 1039 igitur,
1188 968 1233 1022 si
1264 967 1477 1038 quando
1508 966 1676 1022 hostis
1704 967 1909 1022 incide-

320 1064 388 1116 rit
433 1063 486 1116 in
517 1075 707 1116 manus
745 1068 897 1122 tuas,
937 1074 1007 1114 ne
1046 1058 1174 1113 illud
1223 1067 1401 1129 specta
1426 1099 1442 1124 ,
1468 1057 1736 1128 quomodo
1765 1058 1910 1112 illum

317 1150 595 1207 ulciscaris
619 1192 634 1218 ,
666 1150 1063 1219 innumerisque
1098 1148 1350 1205 conviciis
1376 1164 1720 1219 conspersum
1748 1149 1908 1203 emit-

320 1255 403 1300 tas
430 1286 445 1310 ,
470 1244 562 1299 sed
602 1241 871 1313 quomodo
912 1256 1095 1307 sanes,
1149 1240 1420 1311 quomodo
1465 1242 1529 1295 ad
1571 1241 1914 1296 sobrietatem

314 1338 542 1393 reducas
579 1353 592 1389 :
640 1349 811 1405 neque
857 1336 1004 1404 prius
1053 1333 1282 1389 desistas
1325 1334 1500 1388 omnia
1546 1341 1659 1388 tum
1702 1333 1910 1399 facere,

320 1439 432 1485 tum
472 1428 690 1495 dicere,
736 1427 907 1482 donec
953 1437 1039 1481 tua
1089 1428 1491 1482 mansuetudine
1532 1427 1802 1498 superaris
1846 1428 1910 1482 il-

318 1521 422 1575 lius
470 1520 857 1575 truculentiam.
887 1518 1025 1573 Nihil
1064 1519 1205 1573 enim
1251 1518 1576 1574 humanitate
1621 1519 1909 1588 potentius.

317 1612 471 1681 Quod
536 1611 708 1681 ipsum
776 1610 991 1681 quidam
1049 1610 1372 1677 declaravit,
1433 1610 1617 1667 dicens
1669 1626 1682 1663 :
1731 1609 1913 1666 Sermo

318 1703 487 1756 mollis
529 1702 813 1772 confringet
855 1716 970 1756 ossa
1012 1699 1213 1772 (Prov.
1254 1700 1344 1756 25.
1389 1702 1454 1757 15
1480 1700 1521 1771 ).
1574 1701 1733 1771 Atqui
1786 1700 1911 1771 quid

317 1811 442 1851 osse
467 1795 688 1849 durius?
714 1793 783 1848 Et
823 1803 999 1848 tamen
1030 1794 1074 1848 si
1118 1793 1236 1863 quis
1273 1808 1424 1863 teque
1452 1792 1618 1848 durus
1644 1794 1715 1848 sit
1752 1800 1807 1846 et
1838 1792 1914 1847 ri-

318 1887 472 1957 gidus
499 1901 561 1940 ac
589 1883 896 1955 pnefractus
915 1924 931 1949 ,
960 1892 1136 1939 tamen
1183 1884 1327 1938 illum
1375 1884 1527 1939 facile
1569 1884 1791 1950 vicerit,
1821 1884 1909 1953 qui

318 1987 597 2033 mansuete
622 1984 829 2031 tractet.
859 1976 937 2030 Ac
961 1990 1166 2041 rursus,
1189 1975 1464 2044 Responsio
1492 1976 1739 2030 submissa
1768 1992 1911 2030 aver-

318 2070 377 2122 tit
404 2069 507 2122 iras
549 2067 731 2136 (Prov.
763 2066 849 2121 15.
875 2065 953 2137 1).
988 2065 1137 2121 Unde
1162 2065 1325 2135 liquet
1348 2075 1405 2119 ut
1432 2066 1602 2120 hostis
1626 2066 1863 2120 irritetur
1890 2107 1906 2133 ,

318 2169 413 2214 aut
438 2157 810 2213 reconcilietur
833 2198 849 2224 ,
880 2156 1048 2227 magis
1078 2157 1130 2209 in
1154 2165 1240 2211 tua
1272 2164 1532 2226 potestate
1557 2170 1679 2211 esse
1701 2197 1718 2224 ,
1750 2172 1909 2226 quam

318 2251 481 2306 illius.
500 2249 613 2304 Non
639 2248 784 2304 enim
805 2248 860 2302 in
887 2249 949 2302 iis
969 2248 1056 2318 qui
1086 2248 1161 2302 ira
1187 2247 1440 2303 commoti
1460 2256 1604 2314 sunt,
1622 2247 1715 2301 sed
1738 2246 1790 2301 in
1808 2261 1908 2302 no-

317 2340 405 2397 bis
430 2342 589 2396 situm
617 2347 720 2407 est,
758 2348 816 2394 ut
843 2339 927 2395 vel
954 2338 1320 2409 exstinguatur
1345 2338 1557 2393 illorum
1587 2340 1686 2404 ira,
1714 2338 1798 2393 vel
1822 2338 1908 2393 ad

314 2432 493 2502 majus
530 2432 765 2487 irritetur
801 2429 1126 2486 incendium.
1158 2430 1226 2484 Et
1272 2429 1373 2485 hoc
1422 2430 1549 2485 item
1597 2430 1685 2500 qui
1729 2429 1905 2499 priora

316 2524 470 2590 dixit,
496 2523 720 2593 simplici
750 2523 1036 2577 declaravit
1062 2522 1326 2591 exemplo.
1352 2521 1499 2576 Sicut
1519 2521 1685 2588 enim,
1710 2521 1903 2591 inquit,

315 2617 363 2672 si
408 2615 649 2671 insuffles
676 2615 729 2669 in
778 2614 1061 2669 scintillam
1108 2613 1283 2683 ignis,
1314 2613 1515 2669 excitas
1559 2613 1903 2667 incendium:

314 2717 501 2762 contra
527 2747 542 2773 ,
575 2706 621 2760 si
661 2706 878 2775 inspuas
902 2744 914 2768 ,
945 2704 1237 2774 exstinguis
1262 2745 1277 2771 ,
1310 2714 1361 2758 et
1392 2714 1676 2773 utrumque
1715 2702 1806 2757 tibi
1852 2702 1906 2757 in

315 2811 478 2851 manu
507 2804 589 2851 est
615 2794 887 2867 (quoniam
922 2792 1217 2864 Utrumque,
1251 2794 1443 2863 inquit,
1474 2809 1535 2848 ex
1562 2810 1649 2848 ore
1677 2802 1761 2846 tuo
1781 2808 1908 2864 pro-

313 2890 559 2961 ﬁciscitur
585 2888 770 2961 [Eccli.
791 2886 884 2943 28.
916 2885 1005 2960 14]
1024 2888 1041 2957 )
1063 2886 1171 2942 :sic
1192 2896 1248 2941 et
1276 2887 1329 2941 in
1356 2886 1631 2940 inimicitia
1660 2886 1712 2940 in
1735 2883 1909 2955 proxi-

314 2998 461 3037 mum
482 3022 497 3046 ,
516 2981 560 3035 si
578 2980 787 3034 inﬂatos
808 2994 871 3033 ac
888 2978 1142 3033 vecordes
1161 2978 1685 3047 ingerassermones,
1704 2977 1906 3033 exeitas

315 3074 492 3145 ignem
523 3072 665 3126 illius
685 3112 699 3136 ,
731 3069 979 3125 accendis
1003 3069 1265 3123 carbones
1290 3086 1302 3121 :
1328 3068 1411 3122 sin
1442 3070 1600 3121 mites
1628 3082 1692 3121 ac
1716 3067 1904 3122 mode-

314 3173 463 3218 ratos
509 3162 797 3217 admoveas
838 3175 1115 3215 sermones
1143 3201 1160 3227 ,
1200 3160 1504 3230 priusquam
1552 3158 1901 3225 exardescat,

311 3255 450 3309 iram
476 3268 687 3308 omnem
714 3252 1052 3307 exstinxeris.
1076 3250 1152 3305 Ne
1178 3249 1380 3305 dixeris
1412 3250 1570 3321 igitur
1594 3267 1607 3305 :
1632 3249 1758 3306 Hzec
1782 3265 1906 3321 pas-

312 3362 409 3404 sus
434 3361 575 3412 sum,
604 3354 694 3399 aut
717 3346 830 3399 hare
858 3343 1066 3409 audivi,
1091 3358 1210 3398 cum
1239 3342 1353 3398 haec
1376 3342 1554 3397 omnia
1584 3341 1691 3398 sint
1717 3343 1769 3397 in
1816 3350 1904 3397 tua

313 3448 598 3509 potestate.
633 3437 744 3492 Hoc
769 3436 911 3491 enim
941 3444 1097 3505 pacto
1121 3435 1253 3489 iram
1280 3435 1438 3490 veluti
1469 3434 1753 3490 scintillam
1778 3475 1794 3503 ,
1818 3434 1903 3490 vel

312 3528 655 3598 exstinguere
696 3526 780 3581 vel
805 3526 1120 3591 accendere,
1151 3524 1490 3595 furoremque
1514 3526 1599 3581 vel
1631 3525 1864 3580 excitare
1884 3566 1900 3591 ,

312 3622 399 3678 vel
418 3629 602 3675 contra
624 3618 810 3675 sedare
829 3659 844 3685 ,
867 3618 919 3673 in
948 3626 1001 3673 te
1028 3618 1189 3674 situm
1206 3625 1307 3673 est.
1335 3616 1466 3673 Cum
1493 3616 1691 3673 videris
1734 3617 1906 3671 inimi-

312 3726 458 3776 cum,
486 3708 571 3765 vel
599 3708 644 3764 si
674 3709 726 3763 in
757 3718 989 3765 mentem
1011 3708 1188 3763 veniat
1213 3723 1371 3778 quam
1392 3708 1557 3763 multa
1585 3716 1695 3761 tum
1724 3707 1909 3762 audie-

309 3804 388 3857 ris
408 3843 425 3869 ,
453 3813 561 3857 tum
607 3816 887 3872 perpessus
924 3802 999 3856 sis
1040 3802 1262 3855 molesta
1292 3841 1307 3865 ,
1339 3800 1421 3856 fac
1446 3800 1684 3857 omnium
1710 3799 1902 3855 horum

310 3894 675 3961 obliviscaris;
700 3894 904 3950 etiamsi
935 3892 1251 3955 recorderis,
1280 3900 1456 3946 tamen
1480 3891 1564 3946 fac
1602 3907 1662 3945 ea
1690 3891 1905 3947 diabolo

313 3985 565 4054 imputes.
588 3985 792 4053 Collige
821 4000 949 4038 vero
983 3984 1026 4038 si
1056 3982 1181 4053 quid
1210 3998 1459 4050 umquam
1491 3980 1793 4036 humaniter
1819 3981 1902 4036 vel

309 4078 447 4133 dixit
474 4077 555 4131 vel
584 4078 723 4132 fecit.
754 4077 807 4131 Si
846 4078 897 4130 in
924 4075 1115 4130 horum
1144 4074 1512 4130 recordatione
1538 4083 1898 4130 commoratus

312 4170 510 4235 fueris,
534 4169 683 4224 ocius
712 4167 978 4222 dissolves
1016 4165 1367 4220 inimicitiam.
1400 4164 1552 4230 Quod
1582 4164 1624 4219 si
1656 4173 1739 4219 est
1782 4165 1900 4219 ani-

313 4275 437 4314 mus
477 4262 622 4314 illum
663 4259 905 4314 incusare
934 4300 950 4325 ,
998 4272 1227 4328 cumque
1270 4257 1361 4312 illo
1403 4256 1786 4328 expostulare:
1822 4256 1902 4311 fac

312 4349 460 4418 prius
486 4348 703 4419 alijicias
726 4348 887 4403 animi
924 4357 1124 4403 motum
1145 4389 1159 4413 ,
1185 4348 1423 4419 iramque
1467 4350 1773 4419 exstinguas
1796 4390 1810 4415 ,
1838 4363 1902 4403 ac

312 4451 429 4494 tum
457 4455 576 4494 cum
608 4441 697 4495 illo
719 4441 997 4511 expostulo
1022 4481 1037 4506 ,
1068 4448 1176 4494 tum
1204 4454 1366 4510 argue
1384 4481 1400 4507 ,
1426 4450 1481 4495 et
1520 4441 1674 4496 facile
1703 4443 1901 4511 poteris

315 4533 551 4588 vincere.
598 4531 871 4602 Siquidem
901 4532 978 4586 ira
1004 4531 1261 4586 commoti
1293 4531 1422 4586 nihil
1460 4532 1575 4586 sani
1609 4534 1900 4602 poterimus

310 4640 565 4691 umquam
594 4624 674 4679 vel
701 4623 880 4679 dicere
898 4664 913 4688 ,
940 4622 1028 4677 vel
1058 4623 1246 4678 audire
1274 4640 1287 4676 :
1321 4622 1415 4678 sed
1442 4638 1470 4677 a
1503 4625 1899 4694 perturbatione

310 4715 488 4781 liberi,
520 4729 618 4769 nec
649 4715 748 4785 ipsi
776 4714 995 4769 verbum
1022 4715 1266 4780 asperius
1292 4730 1543 4783 umquam
1571 4715 1895 4783 emittemus,

308 4822 413 4862 nec
442 4806 558 4860 aliis
585 4805 777 4862 acerbe
806 4805 1171 4875 loquentibus,
1200 4805 1389 4861 codem
1418 4806 1576 4860 modo
1600 4807 1894 4862 audiemus.

306 4895 495 4965 Neque
514 4895 655 4950 enim
684 4895 796 4965 ipsa
821 4896 1040 4964 perinde
1068 4904 1253 4949 natura
1279 4910 1466 4950 eorum
1488 4911 1605 4966 qua:
1626 4896 1894 4964 dicuntur,

305 4999 469 5059 atque
512 4990 723 5041 aninms
750 4986 873 5041 odio
914 4996 1205 5056 occupatus
1250 5000 1348 5041 nos
1388 5001 1707 5055 exasperare
1738 4989 1931 5042 solet.-

305 5079 642 5149 Frequenter
667 5079 807 5133 enim
837 5078 915 5143 fit,
944 5088 1001 5132 ut
1024 5094 1143 5132 cum
1171 5078 1357 5134 eadem
1384 5079 1622 5133 convicia
1651 5079 1895 5133 audimus

302 5172 378 5225 ab
400 5170 583 5225 amicis
595 5170 897 5237 jocantibus
921 5170 1187 5225 tacetiisve
1210 5170 1532 5237 ludentibus,
1554 5178 1645 5224 aut
1664 5186 1693 5225 a
1717 5172 1895 5241 pueris

307 5262 567 5333 parvulis,
591 5276 694 5315 non
719 5260 890 5315 solum
913 5261 1109 5315 nullam
1141 5262 1433 5316 sentiamus
1454 5262 1775 5325 molestiam,
1802 5277 1893 5317 ne-

300 5370 413 5423 que
435 5368 833 5422 exasperentur,
861 5352 956 5407 sed
983 5351 1251 5407 rideamus
1277 5352 1436 5407 etiam
1456 5393 1473 5420 ,
1506 5361 1664 5423 atque
1689 5353 1893 5407 exhila-

300 5458 614 5508 retnur,eo
665 5441 804 5512 quod
853 5442 937 5495 illa
999 5456 1103 5496 non
1154 5442 1430 5497 audiamus
1477 5443 1640 5498 animi
1697 5442 1888 5497 all'ectu

298 5542 796 5604 corrupto,neque
838 5541 1016 5588 mente
1064 5532 1138 5586 ira
1189 5544 1577 5603 prmoccupata.
1609 5533 1794 5588 ltidem
1838 5534 1887 5586 in

300 5626 558 5690 inimicis,
583 5626 626 5680 si
656 5625 981 5680 exstinxeris
1011 5626 1163 5691 iram,
1191 5627 1235 5680 si
1266 5627 1447 5680 odium
1478 5626 1723 5695 ejeeeris,
1754 5625 1888 5679 nihil

301 5718 593 5771 verborqu
621 5731 739 5787 qua:
762 5716 1007 5772 dicuntur
1035 5726 1085 5771 te
1116 5718 1315 5793 poterit
1336 5716 1626 5772 oll‘endere.

378 5808 432 5862 8.
468 5806 684 5879 Dignior
708 5808 943 5879 lacrymis
963 5808 1050 5878 qui
1064 5808 1187 5878 facit
1208 5798 1685 5879 injuriamI—Quid
1707 5817 1884 5863 autem

305 5900 500 5973 loquor
547 5900 614 5956 dc
666 5900 891 5957 verbis?
929 5899 1007 5957 Ne
1058 5899 1194 5955 facta
1246 5899 1461 5971 quidem
1520 5902 1878 5969 offenderint,

1317 488 1405 544 DE
1449 487 1703 543 DAV'IDE
1744 486 1832 542 ET
1871 484 2096 543 SAULE
2137 482 2419 542 HOMILIA
2463 486 2548 541 Ill.

3492 490 3602 544 706

2021 600 2472 671 quemadmodum
2514 616 2613 657 nec
2652 603 2862 657 beatum
2904 603 3045 658 hunc
3085 603 3374 674 quidquam
3419 606 3609 662 horum

2020 691 2242 746 offendit
2271 709 2287 750 :
2317 694 2410 747 sed
2451 708 2573 747 cum
2606 694 2811 749 videret
2850 695 3121 748 inimicum
3147 694 3404 749 adversus
3444 696 3611 766 ipsius

2022 783 2439 839 incolumitatem
2474 794 2758 850 armatum,
2787 785 3049 855 hujusque
3078 787 3246 855 gratia
3272 785 3402 840 nihil
3432 788 3609 842 inten-

2021 885 2185 932 tatum
2216 878 2627 948 relinquentem,
2657 894 2760 933 non
2788 880 2961 933 solum
2986 894 3089 945 non
3121 888 3202 933 est
3224 888 3572 948 exasperatus
3591 921 3609 947 ,

2019 985 2205 1023 verum
2234 971 2402 1039 magis
2448 971 2583 1024 illius
2622 970 2850 1024 indoluit
2876 970 3031 1025 malis
3060 986 3075 1024 :
3104 985 3211 1041 quo
3237 971 3611 1026 vehementius

2019 1059 2367 1115 insidiabatur
2394 1060 2500 1127 ille,
2526 1061 2626 1116 hoc
2655 1061 2942 1131 impensius
2964 1077 3085 1116 cum
3108 1061 3341 1117 deﬂevit.
3378 1063 3612 1118 Noverat

2019 1149 2193 1216 enim,
2227 1161 2484 1218 noverat,
2516 1152 2769 1221 inquam,
2792 1162 2940 1206 certo
2970 1194 2984 1218 ,
3018 1169 3123 1208 non
3146 1169 3267 1209 cum
3294 1154 3384 1224 qui
3409 1155 3607 1223 patitur

2020 1241 2290 1312 injuriam,
2318 1244 2410 1299 sed
2435 1245 2523 1314 qui
2557 1245 2699 1312 facit,
2734 1246 2981 1317 lacrymis
3004 1262 3064 1301 ac
3093 1248 3341 1303 lamentis
3366 1264 3487 1304 esse
3507 1249 3594 1303 di-

2017 1348 2181 1403 gnum
2213 1374 2229 1400 ,
2263 1344 2322 1389 ut
2354 1336 2441 1405 qui
2480 1336 2633 1390 laudat
2659 1338 2915 1406 seipsum.
2950 1337 3073 1393 Ideo
3103 1338 3258 1407 longa
3294 1339 3431 1408 apud
3459 1340 3609 1393 illum

2018 1428 2361 1483 excusatione
2390 1437 2473 1482 est
2500 1444 2624 1483 usus
2644 1471 2659 1493 ,
2687 1445 2787 1483 nec.
2810 1430 2955 1497 prius
2980 1429 3214 1497 destitit,
3245 1446 3402 1501 quam
3421 1442 3475 1485 et
3506 1431 3606 1486 ho-

2018 1526 2156 1573 stem
2190 1530 2552 1576 commoveret
2579 1521 2646 1576 ad
2685 1523 3080 1578 excusationem
3110 1538 3231 1577 cum
3273 1524 3520 1593 laerymis
3546 1539 3610 1579 ac

2021 1614 2288 1669 lamentis.
2334 1615 2685 1685 Posteaquam
2712 1616 2853 1671 enim
2883 1616 3111 1685 ploravit
3141 1630 3434 1686 vocemque
3459 1631 3612 1670 ama-

2017 1718 2132 1757 ram
2174 1705 2349 1759 emisit
2380 1745 2397 1773 ,
2444 1714 2791 1776 posteaquam
2831 1705 2977 1761 clare
3010 1706 3226 1775 ejulavit
3258 1748 3273 1773 ,
3312 1705 3440 1776 quid
3470 1707 3614 1761 dicat

2016 1793 2160 1847 audi.
2181 1794 2378 1848 Iustior
2404 1803 2458 1849 tu
2478 1812 2559 1849 me
2579 1812 2630 1849 es
2651 1838 2665 1861 ,
2684 1796 2924 1866 quoniam
2939 1806 2992 1849 tu
3011 1797 3134 1850 mihi
3157 1797 3431 1851 retribuisti
3452 1797 3609 1863 bona,

2015 1901 2105 1955 ego
2134 1900 2249 1939 vero
2295 1886 2505 1940 retribui
2550 1887 2639 1941 tibi
2669 1888 2803 1941 mala
2831 1888 2906 1959 (1.
2936 1887 3063 1958 Reg.
3091 1888 3182 1942 24.
3209 1888 3321 1959 18).
3367 1887 3528 1943 Vides
3556 1898 3615 1942 ut

2016 1990 2170 2032 suam
2196 1979 2361 2048 ipsius
2388 1979 2605 2034 damnat
2636 1980 2893 2034 malitiam
2917 2021 2931 2045 ,
2960 1995 3022 2033 ac
3046 1980 3175 2049 justi
3200 1981 3448 2035 virtutem
3472 1997 3609 2052 prae-

2014 2067 2173 2135 dicat,
2204 2070 2456 2140 nulloquc
2475 2078 2699 2139 cogente
2728 2070 2900 2140 ipsum
2928 2070 3152 2140 purgat?
3176 2070 3323 2124 ldcm
3344 2079 3400 2126 tu
3429 2071 3607 2126 f..cito.

2013 2159 2143 2214 Cum
2174 2160 2345 2216 hostis
2374 2161 2659 2216 oll‘endcrit
2686 2162 2738 2215 in
2782 2177 2971 2215 manus
3000 2172 3115 2215 tuas
3140 2204 3154 2229 ,
3201 2163 3311 2216 noli
3351 2178 3606 2217 accusare

2014 2248 2184 2311 illum,
2217 2250 2311 2304 sed
2351 2250 2525 2320 ipsum
2577 2266 2764 2321 purga,
2812 2261 2869 2306 ut
2899 2251 3045 2305 illum
3098 2252 3361 2322 perpellas
3410 2253 3477 2307 ad
3525 2253 3610 2308 sui

2014 2341 2183 2410 ipsius
2211 2342 2733 2396 condemnationem.
2766 2342 2899 2396 Nam
2937 2343 2981 2397 si
3022 2357 3121 2397 nos
3148 2358 3482 2411 accusemus,
3510 2360 3607 2400 ex-

2017 2441 2332 2501 asperatur:
2359 2433 2441 2486 sin
2481 2446 2580 2487 nos
2606 2432 3060 2497 excusaverimus,
3095 2432 3186 2488 ille
3210 2434 3470 2490 reveritus
3508 2449 3611 2491 no-

2011 2531 2175 2577 5tram
2203 2523 2587 2577 humanitatem
2612 2562 2626 2583 .
2656 2537 2781 2577 mox
2807 2523 3041 2592 seipsum
3062 2523 3460 2579 condemnabit.
3490 2525 3607 2582 Hoc

2010 2620 2167 2682 pacto
2195 2614 2353 2668 simul
2384 2622 2437 2668 ct
2465 2613 2767 2684 redargutio
2798 2614 2855 2669 iit
2874 2630 3064 2670 carens
3091 2616 3414 2686 suspicione,
3440 2627 3495 2674 et
3516 2619 3609 2676 ille

2010 2717 2224 2757 omnem
2251 2704 2398 2758 exuit
2424 2703 2705 2759 malitiam.
2749 2703 2904 2771 Quod
2933 2712 2988 2759 et
3019 2705 3103 2760 hic
3128 2706 3341 2763 evenit:
3369 2722 3492 2763 cum
3525 2717 3606 2764 la-

2011 2801 2098 2846 cet
2129 2793 2171 2847 is
2198 2794 2285 2863 qui
2315 2793 2534 2848 affectus
2573 2804 2686 2848 erat
2712 2793 2904 2863 injuria
2929 2836 2944 2860 ,
2989 2794 3035 2849 is
3063 2796 3153 2865 qui
3185 2794 3388 2852 fecerat
3426 2798 3596 2855 multa

2009 2899 2135 2939 cum
2176 2884 2512 2940 vehementia
2541 2885 2775 2955 seipsum
2806 2896 3041 2942 accusat.
3083 2886 3267 2957 Neque
3295 2888 3438 2944 enim
3468 2890 3602 2945 sim-

2010 2976 2218 3047 pliciter
2245 2976 2397 3042 dixit,
2428 2975 2620 3031 Fecisti
2652 2976 2780 3031 mihi
2810 2977 2970 3043 bona,
2999 2978 3115 3045 sed,
3148 2977 3451 3035 Retribuisti
3478 2981 3606 3035 mihi

2012 3067 2179 3121 bona:
2204 3066 2305 3122 hoc
2333 3077 2435 3133 est,
2464 3068 2570 3122 Pro
2597 3068 2823 3136 insidiis,
2847 3084 2944 3141 pro
2973 3069 3149 3135 caede,
3182 3084 3279 3139 pro
3308 3072 3464 3126 malis
3492 3071 3601 3127 illis

2013 3159 2309 3214 innumeris
2332 3175 2521 3230 magna
2548 3161 2679 3215 mihi
2703 3163 2991 3233 rependisti
3015 3162 3294 3219 beneficia.
3316 3165 3387 3219 At
3405 3179 3505 3236 ego
3535 3181 3603 3222 ne

2013 3250 2093 3305 sic
2120 3250 2340 3320 quidem
2369 3250 2541 3306 factus
2584 3266 2703 3307 sum
2748 3254 2939 3309 melior
2966 3294 2981 3318 ,
3010 3254 3104 3309 sed
3132 3263 3253 3323 post
3282 3255 3369 3310 illa
3400 3264 3486 3311 tua
3514 3257 3609 3312 be-

2009 3340 2219 3397 nefacta
2241 3342 2577 3412 perseveravi
2607 3343 2658 3396 in
2686 3343 2888 3397 malitia
2922 3360 2937 3396 :
2964 3353 3017 3397 tu
3039 3357 3167 3399 vero
3194 3360 3262 3399 ne
3286 3346 3364 3399 sic
3389 3346 3605 3415 quidem

2007 3448 2067 3489 es
2094 3434 2419 3502 immutatus,
2444 3435 2538 3489 sed
2560 3443 2869 3490 constanter
2896 3443 3044 3490 tuum
3070 3436 3348 3492 obtinuiin
3369 3453 3598 3505 morem,

2008 3540 2106 3581 nos
2146 3526 2337 3580 iterum
2380 3526 2474 3581 tibi
2506 3526 2820 3581 insidiantes
2857 3525 3131 3582 beneﬁciis
3160 3542 3510 3599 prosequens.
3536 3529 3597 3584 ln

2010 3614 2159 3671 hisce
2199 3618 2420 3688 singulis
2450 3618 2627 3673 verbis
2651 3659 2665 3680 ,
2707 3627 2837 3688 quot
2882 3619 3096 3672 coronis
3136 3619 3326 3689 dignus
3356 3621 3606 3691 apparuit

2012 3707 2210 3761 David?
2237 3709 2568 3778 Quamquam
2596 3709 2739 3763 enim
2770 3724 2831 3764 os
2867 3709 3042 3763 Saulis
3081 3710 3179 3764 ista
3211 3710 3469 3777 sonabat,
3499 3725 3592 3767 sa-

2010 3796 2204 3867 pientia
2227 3806 2402 3854 tamen
2424 3808 2479 3854 et
2504 3816 2591 3855 ars
2616 3799 2827 3855 Davidis
2853 3815 2913 3855 ea
2941 3801 2991 3853 in
3018 3800 3256 3855 animum
3282 3800 3424 3856 illius
3448 3802 3598 3858 inse-

2009 3896 2178 3943 verat.
2237 3889 2557 3944 Renuntiasti
2587 3932 2602 3958 ,
2647 3892 2817 3961 inquit
2846 3932 2861 3957 ,
2904 3891 3028 3944 mihi
3058 3890 3204 3944 hodie
3228 3907 3341 3962 qua:
3365 3893 3492 3946 mihi
3519 3898 3601 3964 fe-

2006 3978 2131 4031 ceris
2179 3981 2309 4031 bona
2338 4020 2352 4045 ,
2399 3995 2518 4033 cum
2560 3997 2637 4034 me
2690 3980 2936 4034 Dominus
2984 3980 3134 4034 hodie
3196 3981 3495 4037 concluserit
3542 3985 3598 4041 in

2007 4085 2188 4123 manus
2210 4079 2343 4136 tuas,
2364 4086 2453 4123 nec
2469 4069 2714 4124 occideris
2734 4087 2813 4124 me
2831 4070 2877 4141 (l
2892 4110 2905 4123 .
2927 4070 3055 4142 Reg.
3073 4071 3164 4125 24.
3182 4069 3293 4142 19).
3312 4071 3393 4126 En
3414 4085 3599 4128 rursus

2007 4158 2074 4213 de
2103 4160 2267 4214 altera
2297 4161 2416 4229 ejus
2444 4160 2640 4215 virtute
2681 4160 2952 4230 perhibuit
2977 4161 3338 4217 testimonium
3359 4203 3374 4228 ,
3404 4162 3597 4219 videli-

2007 4258 2116 4315 cet,
2146 4252 2287 4322 quod
2321 4251 2686 4306 benemeritus
2706 4266 2813 4307 non
2847 4252 3110 4319 tacuerit,
3142 4266 3316 4323 neque
3342 4252 3601 4308 dissimu-

2006 4342 2239 4407 laverit,
2286 4341 2381 4398 sed
2435 4341 2700 4399 accedens
2750 4342 3049 4397 narraverit
3075 4357 3091 4399 :
3120 4356 3226 4396 non
3267 4341 3483 4411 quidem
3530 4343 3597 4397 ad

2005 4433 2420 4489 ostentationem
2446 4473 2460 4497 ,
2491 4433 2584 4488 sed
2617 4433 2745 4503 ipsis
2775 4433 2927 4487 factis
2955 4432 3103 4486 illum
3130 4431 3327 4486 docere
3346 4432 3591 4502 cupiens,

2004 4541 2062 4581 se
2082 4525 2150 4580 de
2179 4540 2402 4580 numero
2430 4539 2619 4581 eorum
2646 4538 2767 4579 esse
2793 4562 2808 4586 ,
2853 4522 2943 4592 qui
2973 4521 3085 4593 regi
3125 4522 3263 4578 bene
3289 4531 3545 4592 cuperent
3574 4564 3594 4591 ,

2005 4619 2228 4688 ejusque
2253 4617 2548 4673 commodis
2577 4614 2947 4685 prospicerent
2973 4656 2988 4682 ,
3018 4628 3122 4669 non
3144 4629 3330 4670 eorum
3357 4615 3446 4684 qui
3478 4625 3593 4671 ten-

2002 4709 2191 4766 derent
2221 4707 2460 4763 insidias.
2506 4707 2642 4762 Tum
2688 4707 2833 4761 enim
2880 4705 2957 4759 fas
3001 4712 3085 4760 est
3114 4706 3328 4777 propria
3356 4721 3596 4763 comme-

2003 4819 2214 4857 morare
2238 4802 2517 4867 beneficia,
2549 4815 2669 4855 cum
2696 4798 2917 4869 insignis
2937 4798 3062 4855 hinc
3082 4807 3330 4870 speratur
3355 4800 3586 4856 utilitas.

2000 4895 2132 4949 Nam
2187 4893 2397 4965 quoties
2443 4894 2586 4948 nulla
2635 4892 2754 4946 data
2808 4892 3093 4947 occasione
3146 4892 3314 4963 jactat
3356 4893 3475 4963 quis
3530 4908 3594 4950 ac

2002 4987 2258 5058 prmdicat
2303 4999 2398 5040 sua
2445 4985 2496 5039 in
2534 4984 2699 5039 alium
2734 4982 2993 5040 beneﬁcia
3017 5024 3033 5049 ,
3084 4983 3254 5039 nihilo
3286 4984 3479 5040 melior
3507 4992 3594 5040 est

2000 5078 2355 5148 exprobrante
2387 5094 2402 5141 ;
2451 5085 2703 5132 caeterum
2732 5075 2947 5147 quoties
2979 5074 3033 5129 id
3068 5073 3230 5141 facit,
3259 5082 3318 5128 ut
3346 5074 3484 5128 male
3511 5074 3588 5126 af-

2001 5169 2192 5224 fectum
2222 5178 2274 5223 et
2321 5182 2529 5236 pravam
2571 5166 2639 5221 de
2666 5165 2783 5235 ipso
2826 5165 3130 5234 opinionem
3163 5162 3447 5218 habentem
3493 5161 3588 5217 tle-

1997 5270 2107 5317 ctat
2136 5261 2187 5316 in
2215 5260 2509 5323 diversum,
2540 5259 2584 5314 is
2607 5268 2661 5314 et
2691 5267 2906 5314 curator
2931 5266 3009 5312 est
3035 5264 3089 5310 et
3108 5254 3412 5311 beneﬁcus:
3443 5252 3587 5322 quod

1997 5366 2126 5406 sane
2167 5351 2294 5407 fecit
2322 5349 2484 5405 David
2508 5392 2521 5414 ,
2555 5364 2660 5405 non
2689 5364 2717 5401 a
2749 5347 2912 5404 Saule
2936 5346 3162 5416 gloriam
3192 5352 3416 5415 captans
3443 5385 3459 5410 ,
3489 5343 3587 5399 sed

1999 5443 2132 5496 iram
2175 5442 2227 5496 in
2274 5441 2363 5495 illo
2407 5440 2695 5495 radicatam
2733 5437 2963 5494 evellere
2993 5434 3235 5491 studens.
3266 5435 3441 5506 Atque
3464 5433 3589 5490 ideo

1997 5536 2124 5591 Saﬁl
2165 5532 2484 5588 collaudavit
2508 5547 2629 5587 eum
2658 5572 2674 5597 ,
2699 5529 2839 5601 quod
2870 5534 2923 5584 et
2942 5528 3304 5584 benemeritus
3330 5534 3509 5592 esset,
3531 5534 3586 5582 et

1998 5627 2181 5680 merita
2218 5632 2710 5679 commemorasset.

2065 5717 2196 5771 Tum
2228 5717 2443 5771 maxime
2485 5727 2618 5769 certa
2642 5733 2732 5770 nos
2762 5724 2963 5769 manent
2994 5713 3133 5784 apud
3156 5711 3323 5766 Deum
3350 5711 3584 5779 pmmia,

1994 5826 2108 5864 cum
2134 5809 2194 5862 ab
2222 5807 2506 5861 hominibus
2532 5816 2800 5877 negantur.
2822 5835 2891 5844 —
2920 5805 3050 5859 Dein
3079 5818 3203 5859 cum
3223 5802 3350 5859 Sat'tl
3376 5800 3583 5858 referre

1996 5904 2218 5974 gratiam
2240 5900 2462 5972 cupiens
2486 5939 2500 5964 ,
2528 5913 2635 5952 non
2666 5896 2934 5952 inveniret
2961 5895 3126 5950 ullam
3149 5910 3332 5965 parem
3357 5934 3373 5964 ,
3403 5893 3582 5962 ipsum
