4064 6514
588 438 688 492 707

584 551 746 604 Distat
778 550 850 604 illi
878 564 975 620 pro
1004 562 1061 602 se
1099 546 1371 601 constituit
1405 545 1699 601 debitorem
1737 585 1753 610 ,
1794 543 1864 597 ita
1891 542 2144 611 loquens:

580 639 645 694 Si
671 640 884 693 inveniet
921 638 1101 700 aliquis
1140 637 1397 691 inimicum
1422 652 1566 690 suum
1598 636 1650 688 in
1675 635 1907 704 angustia
1939 674 1953 699 ,
1985 642 2032 687 et
2062 632 2143 684 di-

579 735 732 783 mittet
764 729 909 782 illum
933 729 987 781 in
1018 729 1097 782 via
1123 728 1254 782 bona
1283 768 1298 792 ,
1326 736 1373 780 et
1402 726 1650 780 Dominus
1676 724 1848 779 reddet
1876 722 1955 777 illi
1981 722 2136 788 bona,

570 817 989 890 quemadmodum
1019 819 1179 889 fecisti
1209 828 1261 870 tu
1284 817 1406 870 milii
1433 815 1582 870 hodie
1611 815 1700 887 (ι.
1727 813 1852 884 Reg.
1878 812 1969 868 9.4.
2000 812 2072 870 20
2096 812 2137 883 ).

1310 433 1365 487 S.
1404 430 1678 488 JOANNIS
1715 428 1895 484 CIIRY
1910 422 2183 480 ςυετοιιε
2225 426 2535 485 ΑΙὶΒίΙΙΕΡ.
2576 432 3099 494 CONSTANTINOP.

3724 448 3822 505 708

2250 549 2380 608 quot
2400 542 2542 597 enim
2569 559 2690 600 cum
2717 546 2805 601 illo
2840 548 3259 615 discumbebant,
3311 553 3529 611 abibant
3574 574 3818 629 magnam

2249 630 2594 701 philosophia:
2619 636 2913 693 doctrinam
2948 642 3279 711 consequuti.
3307 644 3442 699 Cum
3460 648 3607 702 enim
3664 650 3817 706 vide-

2245 730 2363 805 rent
2390 721 2562 778 Sat’ilis
2585 726 2770 793 lilium,
2804 727 2946 782 illius
2967 730 3054 800 qui
3084 741 3226 785 tanta
3277 733 3413 787 mala
3444 746 3679 803 patrarat
3716 739 3816 793 ad-

2242 823 2425 864 versus
2453 812 2726 881 Davidem,
2754 825 2900 871 tanto
2921 818 2971 872 in
2991 818 3192 875 honore
3214 820 3393 876 haberi
3422 823 3564 893 apud
3608 826 3806 895 ipsum,

570 907 705 974 Quid
756 908 898 963 enim
940 916 1146 978 poterat
1202 905 1326 962 Saul
1392 920 1655 975 reponere
1715 904 1931 974 dignum
1980 904 2140 959 meri-
2239 900 2445 956 etiamsi
2472 902 2599 959 feris
2623 906 2869 961 omnibus
2894 906 3114 974 fuissent
3136 910 3469 981 immitiores,
3502 914 3705 983 pudore
3732 927 3813 970 ta-

568 1001 636 1055 tis
663 1040 680 1065 ,
726 998 929 1053 etiamsi
983 1013 1202 1069 regnum
1245 997 1479 1051 dedisset
1526 1012 1649 1051 cum
1704 994 1949 1050 omnibus
1986 994 2138 1064 oppi-
2238 1004 2359 1044 men
2385 1006 2447 1047 ac
2496 992 2690 1049 rubore
2726 1011 2848 1050 cum
2894 998 3138 1054 omnibus
3186 998 3414 1055 inimicis
3454 1004 3699 1058 redibant
3752 1006 3806 1060 in

560 1090 694 1144 dis?
735 1088 915 1158 Neque
959 1089 1103 1144 enim
1144 1087 1334 1157 oppida
1378 1087 1534 1142 modo
1579 1097 1634 1141 et
1672 1101 1922 1155 regnum,
1953 1099 2133 1138 verum

563 1189 618 1232 et
669 1178 830 1232 vitam
877 1178 1042 1246 ipsam
1099 1177 1321 1232 donarat
1366 1177 1440 1232 illi
1494 1176 1656 1230 David
1686 1193 1700 1229 :
1730 1176 1819 1230 hic
1854 1190 1981 1230 vero
2026 1190 2131 1231 non

564 1268 789 1322 habebat
848 1268 1067 1322 alteram
1133 1267 1339 1330 vitam,
1392 1282 1553 1337 quam
1606 1265 1970 1334 rependeret:
2022 1280 2130 1320 eo-

559 1378 665 1426 que
687 1360 833 1414 illmn
858 1358 1056 1428 relegat
1085 1357 1149 1412 ad
1175 1359 1368 1423 Deum,
1397 1364 1450 1411 ct
1476 1357 1544 1411 ab
1571 1357 1661 1411 illo
1686 1356 1872 1411 dandis
1899 1357 2130 1427 prtemiis

558 1451 786 1504 honorat
816 1465 832 1504 ζ
881 1457 936 1504 et
966 1448 1104 1504 hunc
1133 1447 1353 1502 laudans
1375 1489 1391 1514 ,
1439 1456 1495 1503 el
1523 1449 1800 1504 universos
1827 1449 2075 1504 erudiens
2105 1491 2121 1517 ,

558 1547 667 1593 tum
693 1539 893 1608 majora
920 1539 1072 1594 nobis
1101 1538 1238 1607 apud
1271 1538 1433 1593 Deum
1457 1540 1671 1609 prtemia
1701 1542 1931 1610 reposita
1958 1555 2077 1595 esse
2106 1583 2121 1606 ,

554 1643 676 1683 cum
706 1643 804 1698 pro
847 1629 1138 1683 innumeris
1180 1628 1454 1684 beneficiis
1482 1630 1535 1684 in
1567 1628 1773 1685 hostem
1815 1632 2021 1687 collatis
2044 1631 2127 1685 di-

555 1733 706 1779 versa
749 1718 1052 1788 recipimus.
1090 1718 1217 1774 Post
1258 1718 1374 1779 haec
1400 1720 1512 1776 ait:
1550 1718 1680 1781 Ecce
1706 1738 1921 1793 agnosco
1944 1763 1959 1789 ,
1989 1722 2126 1792 quod

552 1826 767 1881 regnans
802 1810 1064 1880 regnabis,
1094 1809 1324 1880 quodque
1348 1826 1558 1881 regnum
1597 1810 1760 1866 Israel
1797 1814 2124 1867 constituetur

550 1898 603 1952 in
632 1914 784 1952 manu
814 1908 919 1964 tua,
947 1907 993 1953 et
1013 1915 1145 1953 nunc
1157 1900 1282 1969 jura
1304 1900 1428 1954 mihi
1450 1916 1539 1970 per
1564 1899 1854 1969 Dominunt,
1872 1902 2122 1972 quodnon

547 1989 822 2045 aboliturus
835 1991 903 2045 sis
921 2006 1084 2046 semen
1102 2005 1266 2044 meum
1286 2000 1395 2061 post
1419 2008 1516 2058 me,
1539 2008 1627 2046 nec
1645 1994 1924 2062 crstingues
1942 2009 2121 2048 nomen

548 2096 713 2135 meum
736 2083 798 2134 de
821 2081 968 2135 domo
993 2082 1149 2151 patris
1176 2085 1271 2136 mei
1292 2084 1310 2152 (
1341 2081 1477 2137 Ibid.
1509 2100 1556 2137 υ.
1583 2083 1672 2138 2L
1690 2082 1760 2138 22
1855 2082 1960 2139 Sed
1988 2083 2074 2139 dic
2101 2124 2115 2149 ,

548 2174 773 2226 obsecro
795 2213 810 2233 ,
860 2171 998 2226 unde
1025 2171 1164 2227 istud
1191 2173 1295 2228 scis
1320 2174 1344 2227 ’ἒ
1371 2173 1541 2228 Penes
1568 2183 1622 2228 te
1647 2181 1772 2228 sunt
1798 2175 2062 2230 exercitus
2098 2216 2116 2243 ,

550 2276 711 2331 penes
742 2269 793 2315 te
809 2268 932 2315 sunt
956 2262 1214 2331 pecuniae,
1244 2278 1413 2330 arma,
1440 2264 1703 2332 civitates,
1726 2265 1868 2336 equi,
1897 2264 2116 2333 milites,

545 2356 786 2411 breviter
817 2357 1060 2410 universa
1091 2356 1169 2410 vis
1193 2365 1476 2425 apparatus
1501 2357 1629 2427 regii
1658 2376 1673 2415 :
1698 2356 1784 2412 hic
1812 2367 1995 2412 contra
2025 2358 2117 2413 de-

542 2460 717 2506 sertus
736 2463 799 2503 ac
825 2448 1016 2515 nudus,
1043 2463 1142 2504 nec
1163 2449 1431 2504 civitatem
1456 2490 1471 2516 ,
1505 2464 1603 2506 nec
1628 2449 1844 2507 domum
1860 2492 1876 2518 ,
1901 2464 2002 2505 nec
2030 2449 2111 2505 fa-

543 2540 741 2594 miliam
775 2538 999 2595 habens.
1027 2538 1178 2594 Unde
1200 2540 1360 2609 igitur
1385 2580 1401 2607 ,
1427 2555 1611 2610 quaeso
1640 2580 1656 2608 ,
1702 2541 1801 2595 ista
1829 2540 2061 2611 loqueris
2087 2540 2110 2595 ?

541 2628 801 2683 Nimirum
826 2644 890 2683 ex
920 2629 1048 2698 ipsis
1080 2628 1288 2684 Davidis
1309 2628 1567 2684 moribus.
1584 2628 1766 2699 Neque
1783 2628 1925 2683 enim
1942 2626 2113 2683 nudus

540 2728 594 2773 ct
616 2717 832 2773 inermis
856 2732 920 2773 ac
942 2718 1184 2773 desertus
1208 2734 1295 2774 me
1315 2730 1594 2787 armatum,
1617 2730 1864 2791 tantaque
1887 2720 2113 2774 circum-

543 2808 790 2863 vallatum
818 2809 1049 2877 polentia
1075 2819 1378 2880 superasset
1409 2851 1424 2876 ,
1453 2810 1554 2866 nisi
1583 2809 1749 2865 Deum
1780 2808 1999 2866 haberet
2017 2809 2112 2865 ad-

537 2900 771 2970 iutorem
802 2917 818 2966 ;
850 2915 1013 2971 porro
1032 2901 1121 2972 qui
1149 2901 1319 2958 Deum
1342 2902 1499 2959 habet
1527 2901 1787 2958 faventem
1812 2944 1829 2970 ,
1861 2900 2109 2957 omnibus

537 3001 623 3048 est
666 2993 955 3062 potentior.
989 2992 1150 3049 Vides
1191 2995 1258 3050 ad
1288 3003 1538 3065 quautam
1567 2994 1952 3065 philosophiam
1975 2988 2102 3050 Saﬁl

540 3092 661 3151 post
687 3084 905 3141 insidias
929 3082 1190 3141 deductus
1232 3089 1305 3141 sit
1329 3088 1352 3138 'l
1381 3086 1529 3141 vides
1555 3085 1648 3155 qui
1678 3083 1790 3140 fieri
1815 3088 1979 3157 possit
2005 3126 2021 3153 ,
2052 3093 2109 3140 ut

541 3174 785 3229 inimicus
811 3190 1019 3230 omnem
1048 3185 1269 3246 exspuat
1295 3177 1547 3232 malitiam
1572 3217 1588 3245 ,
1609 3177 2020 3250 immolatosque
2039 3172 2106 3234 ad

538 3264 755 3320 meliora
781 3281 901 3321 sese
927 3267 1143 3337 recipiat
1169 3268 1192 3320 ‘l

605 3356 659 3410 9.
682 3352 768 3411 Ne
785 3355 1015 3416 velimus
1042 3356 1223 3428 itaque
1250 3358 1318 3414 de
1345 3366 1531 3414 nostra
1555 3359 1729 3415 salute
1764 3355 2101 3427 deSpondere

535 3446 787 3500 animum.
811 3448 1244 3519 Quandoquidem
1274 3450 1478 3505 etiamsi
1497 3450 1561 3503 ad
1592 3451 1702 3521 ipsa
1722 3450 1935 3504 malitia:
1955 3448 2107 3504 bara-

539 3537 651 3593 thra
688 3539 942 3595 fuerimus
970 3540 1205 3609 deducti,
1238 3541 1351 3597 fieri
1372 3550 1546 3612 potest
1568 3550 1624 3596 ut
1647 3556 1745 3596 nos
1791 3541 1934 3611 ipsos
1980 3541 2102 3597 inde

534 3644 861 3696 revocemus,
889 3638 945 3685 et
966 3646 1177 3687 omnem
1204 3631 1528 3701 deponamus
1551 3631 1825 3686 malitiam.

610 3719 816 3777 Hostem
844 3720 972 3775 Saiil
1021 3723 1140 3790 ﬁliis
1171 3732 1380 3777 tutorem
1413 3723 1655 3793 reliquit;
1678 3723 1732 3775 in
1773 3722 1907 3791 ﬁlios
1950 3722 2104 3777 [tostis

534 3809 795 3864 bettevolus
827 3809 1001 3864 David.
1023 3839 1093 3851 —
1116 3812 1375 3882 Deinceps
1417 3812 1543 3882 quid
1564 3811 1681 3866 ait?
1710 3811 1840 3866 Jura
1867 3810 1991 3865 mihi
2019 3828 2107 3882 per

539 3900 714 3966 Deum,
746 3901 882 3971 quod
919 3918 1018 3956 non
1067 3902 1285 3956 abolebis
1335 3919 1501 3957 semen
1525 3918 1688 3956 meum
1722 3913 1834 3974 post
1868 3919 1963 3969 me,
2017 3919 2106 3956 nec

535 3992 813 4045 obliterabis
837 4009 1015 4047 nomen
1036 4010 1197 4046 meum
1223 3994 1286 4047 de
1312 3995 1459 4047 domo
1493 3994 1650 4062 patris
1673 3994 1787 4047 mei.
1835 3992 1946 4047 Rex
1991 3993 2102 4062 pri-

536 4090 711 4134 vatum
738 4089 928 4148 rogat:
962 4082 1053 4151 qui
1082 4082 1378 4138 diademate
1417 4083 1621 4138 cinctus
1659 4092 1760 4148 est,
1814 4083 2105 4153 supplicem

534 4172 658 4238 agit,
687 4185 784 4239 pro
814 4170 932 4226 filiis
967 4173 1077 4225 suis
1115 4174 1358 4227 obsecrat
1404 4176 1659 4227 exsulem.
1686 4172 1752 4228 Et
1790 4173 1891 4227 hec
1936 4175 2106 4241 ipsum

533 4261 706 4332 arguit
729 4259 972 4315 virtutem
1012 4260 1243 4328 Davidis,
1270 4262 1410 4331 quod
1439 4261 1604 4317 hostis
1623 4277 1784 4317 ausus
1805 4262 1874 4317 sit
1898 4262 2011 4316 haec
2037 4262 2105 4317 ab

533 4353 687 4409 hoste
713 4360 915 4423 petere.
943 4352 1076 4407 Nam
1097 4352 1234 4422 quod
1269 4352 1642 4423 jusjurandum
1667 4354 1844 4425 exigit,
1890 4368 1995 4407 non
2037 4367 2103 4407 eo

534 4444 678 4512 facit,
704 4440 844 4514 quod
873 4441 1078 4498 diftidat
1106 4442 1318 4498 Davidis
1342 4442 1601 4509 moribus,
1625 4441 1717 4496 sed
1758 4441 1897 4512 quod
1944 4457 2102 4511 repu-

534 4546 609 4592 tet
628 4544 757 4607 quot
780 4535 933 4591 malis
964 4536 1112 4590 illum
1137 4534 1419 4591 affecisset.
1443 4534 1575 4589 Jnra
1599 4535 1742 4602 milii,
1767 4544 1814 4588 te
1845 4550 1945 4588 non
1982 4535 2102 4588 abo-

535 4629 740 4683 liturum
785 4643 950 4681 semen
974 4642 1138 4681 meum
1161 4636 1274 4697 post
1298 4641 1394 4680 me.
1424 4624 1642 4681 Hostem
1671 4624 1791 4680 filiis
1811 4624 1921 4679 suis
1941 4624 2104 4679 relin-

534 4720 648 4787 quit
662 4724 910 4783 tutorem,
935 4732 1186 4786 suamque
1208 4715 1409 4786 prolem
1432 4716 1485 4770 in
1507 4716 1644 4771 illius
1661 4716 1877 4785 deponit
1892 4729 2099 4781 manus,

535 4808 662 4861 dum
686 4806 770 4861 his
798 4808 972 4864 verbis
1009 4806 1236 4861 ﬁliorum
1255 4820 1318 4861 ac
1351 4806 1563 4863 Davidis
1588 4821 1775 4861 manus
1803 4805 2101 4876 apprehen-

539 4899 693 4965 dens,
723 4898 887 4951 Deum
922 4908 1248 4967 sequestrem
1290 4897 1507 4953 inducit.
1533 4897 1670 4965 Quid
1708 4897 1868 4968 igitur
1897 4896 2105 4951 David?

533 4994 673 5049 Num
703 4991 784 5048 vel
812 4991 997 5047 leviter
1023 4990 1439 5047 dissimulatione
1459 4999 1512 5046 et
1531 4991 1698 5047 ironia
1721 4990 1788 5046 ad
1815 4990 1929 5046 [nec
1970 5004 2102 5045 usus

533 5087 656 5143 est?
679 5084 1020 5157 Nequaquam
1052 5100 1065 5137 :
1093 5082 1185 5138 sed
1209 5083 1446 5153 protinus
1464 5083 1667 5151 annuit,
1690 5082 1937 5153 quodque
1958 5089 2104 5151 pete-

537 5182 689 5236 batur
705 5180 962 5235 coneessit
984 5196 998 5233 :
1019 5192 1082 5233 ac
1100 5183 1308 5233 mortuo
1323 5175 1503 5243 Saﬁle,
1525 5191 1630 5231 non
1656 5175 1814 5231 modo
1835 5189 1940 5229 non
1959 5175 2101 5228 occi-

534 5272 609 5325 dit
653 5269 796 5325 illius
818 5280 1075 5340 posteros,
1106 5266 1200 5324 sed
1228 5276 1336 5323 tum
1357 5266 1505 5337 plura
1527 5265 1770 5335 prmstitit
1790 5274 1948 5335 quam
1988 5272 2104 5319 erat

536 5361 817 5427 pollicitus.
850 5360 1119 5430 Siquidem
1168 5360 1332 5413 lilium
1352 5357 1486 5428 ejus,
1539 5370 1663 5413 cum
1697 5364 1841 5411 esset
1887 5354 2103 5411 claudus

535 5464 599 5502 ac
614 5448 808 5504 debilis
821 5449 1096 5520 cruribus(
1110 5448 1163 5503 2.
1182 5447 1310 5518 Reg.
1333 5448 1426 5516 9),
1453 5447 1505 5502 in
1527 5460 1678 5501 suam
1700 5446 1862 5515 ipsius
1883 5445 2099 5501 domum

540 5542 767 5602 imluxit,
803 5554 1017 5608 suaeque
1041 5555 1239 5594 mensae
1266 5538 1390 5594 fecit
1434 5536 1765 5610 participem,
1787 5551 1994 5591 summo
2042 5536 2104 5590 il-

540 5633 651 5687 lum
670 5630 873 5685 honore
887 5630 1150 5700 dignatus,
1181 5643 1280 5685 nec
1299 5629 1527 5693 erubuit,
1551 5643 1649 5684 nec
1673 5628 1969 5693 occultavit,
2004 5642 2105 5683 nec

542 5720 826 5775 arbitratus
845 5731 926 5773 est
945 5719 1141 5789 regiam
1166 5735 1401 5775 mensam
1417 5717 1799 5774 claudicatione
1820 5717 1970 5788 pueri
2013 5717 2105 5773 de-

536 5804 838 5868 honestari,
851 5806 943 5860 sed
963 5808 1197 5863 decorari
1217 5809 1389 5878 potius
1408 5822 1469 5862 ac
1486 5808 1763 5863 lautiorem
1781 5792 1911 5862 fieri.
1936 5809 2103 5873 Quot-

2234 1082 2476 1150 gratiam.
2532 1081 2858 1154 Quamquam
2911 1088 2954 1141 si
3002 1088 3162 1143 etiam
3189 1089 3303 1158 ipse
3335 1089 3550 1146 aliunde
3600 1092 3678 1149 illi
3730 1104 3812 1150 ct-

2234 1169 2358 1225 bum
2446 1171 2558 1227 dari
2626 1173 2890 1243 iussisset,
2965 1188 3275 1249 certumque
3347 1180 3517 1235 victus
3592 1185 3811 1240 modum

2231 1261 2557 1328 ordinasset,
2584 1265 2739 1321 valde
2767 1282 3010 1339 magnum
3062 1277 3178 1324 erat
3203 1286 3218 1322 :
3248 1270 3341 1325 sed
3383 1271 3530 1328 illum
3557 1274 3625 1328 ad
3657 1284 3809 1330 suam

2230 1353 2395 1423 ipsius
2442 1371 2675 1411 mensam
2741 1359 2996 1428 recipere,
3045 1360 3253 1416 eximias
3294 1370 3377 1417 est
3425 1363 3804 1434 philosophiae.

2229 1443 2382 1498 Scitis
2408 1445 2664 1515 profecto,
2694 1464 2797 1502 non
2825 1464 2943 1503 ese
2966 1449 3115 1505 facile
3140 1451 3372 1506 hostium
3394 1453 3532 1508 illius
3556 1454 3801 1524 diligere.

2227 1533 2362 1599 Quid
2379 1534 2487 1589 dixi
2509 1536 2764 1606 diligere?
2781 1536 2895 1592 Non
2918 1538 3116 1604 odisse,
3140 1550 3244 1593 non
3266 1542 3531 1611 persequi,
3555 1556 3808 1612 magnum

2225 1634 2325 1679 est.
2354 1625 2531 1696 Itaque
2564 1626 2713 1681 multi
2748 1627 3008 1683 defunctis
3035 1629 3282 1698 inimicis,
3302 1630 3354 1685 in
3380 1632 3589 1687 illorum
3608 1634 3809 1690 liberos

2225 1717 2376 1784 iram,
2399 1734 2557 1789 quam
2573 1719 2625 1774 in
2646 1734 2737 1775 eos
2761 1720 3042 1789 habebant,
3065 1720 3379 1777 effuderunt.
3398 1723 3468 1778 At
3484 1736 3589 1778 non
3617 1725 3686 1779 ita
3711 1740 3805 1796 ge-

2222 1824 2258 1863 n
2280 1823 2445 1864 -rosus
2462 1822 2523 1863 ac
2536 1809 2900 1879 magnanimus
2915 1812 3033 1876 iste,
3056 1811 3151 1867 sed
3175 1820 3225 1867 et
3244 1811 3508 1867 viventem
3528 1814 3805 1870 inimicum

2220 1897 2538 1963 observavit,
2558 1906 2613 1954 et
2636 1899 2726 1954 illo
2752 1898 3020 1967 defuncto,
3041 1900 3463 1956 benevolentiam
3490 1912 3650 1972 quam
3673 1918 3806 1976 erga

2221 1988 2367 2044 illum
2405 1998 2642 2060 gesserat
2686 1990 2806 2046 filiis
2829 1991 3085 2047 exhibuit.
3115 1991 3250 2057 Quid
3284 1992 3428 2046 illius
3460 2004 3647 2048 mensa
3670 2008 3805 2049 san-

2218 2081 2373 2148 ctius,
2406 2097 2560 2152 quam
2612 2083 2892 2153 cingebant
2938 2082 3031 2139 lilii
3078 2084 3264 2147 hostis,
3326 2082 3514 2151 hostis,
3558 2085 3799 2155 inquam,

2219 2171 2459 2227 occidere
2538 2174 2749 2228 conati?
2803 2172 2928 2243 quid
2989 2172 3079 2228 illo
3134 2173 3380 2228 convivio
3450 2174 3799 2243 spiritualius,

2218 2262 2269 2316 in
2344 2278 2449 2332 quo
2520 2270 2630 2317 tam
2701 2261 2882 2317 multa;
2951 2261 3289 2317 abundabant
3353 2260 3803 2320 benedictiones?

2214 2350 2400 2422 'Angeli
2431 2352 2602 2422 potius
2627 2368 2783 2423 quam
2812 2352 3040 2408 hominis
3066 2353 3408 2407 commeantis
3442 2362 3588 2408 erat.
3610 2354 3797 2422 "Siqui-

2214 2442 2335 2498 dem
2361 2444 2556 2499 iuimici
2575 2443 2722 2499 illius
2747 2445 2990 2516 amplecti
3015 2452 3070 2499 et
3111 2458 3313 2509 amare,
3343 2455 3395 2500 et
3437 2444 3581 2500 illius
3603 2445 3797 2512 filiuni,

2211 2535 2302 2605 'qui
2332 2535 2486 2590 toties
2519 2535 2688 2606 ipsum
2737 2543 2992 2590 tentasset
3019 2549 3050 2590 e
3076 2533 3255 2589 medio
3278 2534 3486 2601 tollere,
3535 2543 3696 2606 atque
3744 2537 3798 2591 id

2213 2625 2437 2679 moliens
2460 2626 2774 2680 excessisset
2801 2641 2831 2679 e
2856 2625 2980 2689 vita,
3002 2624 3054 2679 id
3080 2622 3206 2678 facit
3229 2636 3285 2678 ut
3315 2626 3367 2678 in
3394 2626 3540 2680 illum
3568 2629 3797 2682 chorum

2212 2715 2490 2770 referatur.
2535 2714 2648 2771 lloc
2677 2724 2730 2771 tu
2759 2730 2968 2786 quoque
2991 2714 3172 2782 facito,
3201 2715 3500 2783 carissime,
3526 2726 3580 2772 ct
3607 2719 3792 2773 viven-

2212 2804 2344 2859 tium
2372 2812 2426 2858 et
2449 2813 2778 2860 mortuorum
2808 2804 2945 2861 filios
2969 2804 3149 2861 fovens
3176 2822 3190 2859 :
3221 2807 3512 2861 viventium
3541 2809 3759 2878 quidem
3776 2849 3796 2875 ,

2211 2901 2270 2949 ut
2290 2892 2391 2949 hoc
2406 2893 2564 2949 modo
2587 2904 2833 2965 parentes
2853 2894 3059 2950 illorum
3087 2895 3181 2950 tibi
3202 2895 3454 2951 concilies
3474 2913 3495 2951 :
3516 2895 3800 2953 detinetu-

2211 2998 2330 3038 rum
2370 2994 2501 3039 vero
2526 2983 2663 3040 filios
2710 2993 3005 3049 curans,‘ut
3030 2980 3202 3039 abeo
3227 2986 3446 3039 multum
3491 2986 3585 3040 tibi
3629 2996 3795 3056 pares

2204 3071 2441 3128 favorem
2484 3072 2828 3145 plurimisque
2867 3073 3080 3128 coronis
3123 3072 3414 3139 decoreris,
3440 3078 3792 3144 utqueinnu-

2205 3174 2355 3219 mera
2382 3162 2448 3217 ab
2473 3162 2718 3218 omnibus
2744 3171 2864 3218 vota
2887 3177 3177 3234 precesque
3201 3166 3564 3234 consequaris,
3584 3178 3692 3220 non
3717 3166 3796 3221 ob

2209 3253 2277 3309 iis
2302 3262 2506 3309 tantum
2532 3253 2620 3324 qui
2649 3254 2752 3309 tuis
2771 3253 3234 3323 beneficiis-adiuti
3252 3263 3394 3320 sunt,
3413 3269 3598 3310 verum
3612 3256 3789 3310 etiam

2200 3346 2274 3401 ab
2301 3345 2363 3399 iis
2391 3346 2479 3414 qui
2532 3344 2791 3400 viderunt.
2822 3344 2933 3401 Hoc
2959 3358 3053 3414 pro
3082 3345 3312 3400 testabit
3336 3346 3426 3400 illo
3451 3346 3557 3412 die,
3583 3348 3801 3416 magni.

2202 3444 2315 3503 que
2333 3434 2424 3488 tibi
2442 3434 2602 3489 futuri
2629 3445 2752 3489 sunt
2771 3436 2976 3505 patroni
3000 3436 3051 3488 in
3074 3434 3256 3504 iudicii
3288 3445 3560 3505 tempore,
3600 3436 3797 3492 hostes

2202 3535 2298 3581 tuo
2336 3526 2593 3582 beneficio
2619 3527 2784 3596 adiuti
2814 3544 2828 3581 :
2852 3527 3018 3581 multa
3043 3535 3259 3596 peccata
3282 3528 3544 3597 espiabis,
3588 3537 3655 3583 et
3684 3536 3800 3585 're-

2194 3620 2393 3688 posces
2412 3618 2736 3675 mercedem.
2761 3619 2979 3674 Etiamsi
3009 3620 3285 3674 innumera
3300 3620 3642 3676 commiseris
3664 3629 3803 3691 poe-

2207 3720 2341 3775 cata,
2365 3710 2410 3764 si
2432 3708 2669 3779 proferas
2683 3709 2824 3764 illam
2847 3710 3227 3781 precationem,
3253 3725 3371 3779 quae
3392 3711 3528 3766 dicit
3554 3726 3568 3766 :
3593 3712 3801 3767 Reum-

2196 3801 2296 3855 ‘tite
2318 3801 2534 3855 inimicis
2560 3802 2734 3856 vestris
2758 3842 2772 3865 ,
2801 3810 2846 3854 et
2874 3800 3030 3855 Pater
3046 3810 3208 3855 uester
3230 3803 3445 3856 remittet
3474 3802 3616 3857 vobis
3661 3819 3796 3871 pec-

2209 3900 2323 3945 cata
2367 3890 2766 3961 oestra(Matth.
2798 3890 2854 3946 6.
2881 3891 2988 3962 14)
3014 3907 3028 3943 :
3054 3891 3216 3945 multa
3236 3905 3357 3947 eum
3407 3891 3598 3946 fiducia
3642 3907 3805 3948 com-

2206 3981 2491 4036 missorum
2521 3981 2757 4036 omnium
2806 3981 3179 4036 remissionem
3230 3983 3579 4051 consequeris
3621 3993 3801 4055 atque

2196 4071 2296 4127 'bic
2319 4073 2532 4128 interim
2569 4072 2704 4128 bona
2748 4080 2871 4127 cum
2910 4086 3007 4141 spe
3048 4073 3220 4137 vives,
3274 4071 3549 4127 habiturus
3601 4086 3806 4129 omnes

2196 4169 2444 4218 'amanter
2463 4177 2586 4233 erga
2602 4171 2654 4218 te
2669 4162 2903 4218 affectos.
2919 4162 3052 4217 Cum
3061 4163 3203 4218 enim
3218 4161 3447 4217 viderint
3467 4172 3519 4217 te
3543 4163 3812 4220 inimicos

2206 4264 2259 4309 et
2289 4253 2621 4308 inimicorum
2646 4252 2783 4308 filios
2813 4253 2893 4308 sic
2918 4252 3160 4323 diligere,
3183 4253 3272 4321 qui
3295 4250 3411 4307 ﬁeri
3468 4253 3687 4321 poterit,
3738 4264 3809 4309 ut

2205 4358 2311 4399 non
2337 4343 2581 4399 affectent
2605 4344 2697 4399 tibi
2731 4344 2885 4399 amici
2907 4345 3086 4415 tuique
3112 4343 3334 4397 studiosi
3350 4342 3491 4407 fieri,
3519 4353 3574 4398 et
3603 4347 3808 4400 οιηιιὶι

2208 4446 2299 4491 tua
2321 4449 2476 4491 causa
2507 4444 2617 4489 tum
2651 4434 2827 4491 facere
2872 4442 2986 4489 tum
3014 4434 3158 4503 pati?
3201 4433 3369 4490 Porro
3398 4448 3523 4487 eum
3579 4443 3809 4489 tarum

2204 4526 2346 4597 apud
2376 4527 2542 4581 Deum
2590 4524 2684 4580 tibi
2704 4540 2860 4596 pares
2881 4526 3134 4589 favorem,
3158 4537 3286 4578 cum
3306 4533 3533 4579 cunctos
3585 4523 3815 4580 habeas

2202 4618 2383 4673 omnia
2407 4618 2543 4674 bona
2565 4617 2658 4673 tibi
2678 4622 3100 4686 comprecantes,
3122 4629 3289 4685 quam
3314 4628 3572 4670 enisuros
3589 4629 3653 4670 es
3672 4631 3816 4672 Ino-

2190 4707 2434 4775 'lcstiam,
2456 4716 2545 4761 aut
2585 4706 2705 4776 quis
2756 4712 2809 4761 te
2832 4705 2997 4760 vitam
3021 4704 3164 4758 vivat
3199 4702 3530 4760 feliciorem?
3564 4703 3699 4758 Haec
3748 4706 3815 4761 in

2208 4800 2309 4856 hac
2331 4801 2438 4854 vita
2470 4814 2579 4854 non
2623 4806 2828 4853 tantum
2866 4797 3161 4860 laudemus,
3210 4810 3401 4851 verum
3447 4795 3611 4851 etiam
3665 4796 3820 4853 hinc

2206 4892 2407 4963 egressi
2432 4901 2726 4957 servemus,
2755 4902 2819 4943 ac
2845 4888 3248 4943 obambulantes
3271 4885 3517 4941 inimicos
3538 4898 3823 4954 peractu-

2211 4983 2356 5039 tandi
2375 4983 2561 5054 gratia,
2592 4994 2687 5037 eos
2712 4980 2865 5036 nobis
2885 4978 3316 5042 reconciliemus,
3343 4985 3398 5032 et
3444 4990 3511 5030 ex
3554 4974 3829 5034 inimicis

2206 5075 2444 5130 sincerus
2465 5071 2748 5129 reddamus
2772 5071 2993 5125 amicos.
3015 5067 3170 5137 Quod
3192 5067 3241 5123 si
3268 5067 3426 5122 etiam
3440 5067 3831 5125 exeuntium:

2208 5167 2365 5221 fuerit
2392 5162 2819 5235 opos,veniaque
2845 5162 2914 5216 ab
2937 5159 3066 5230 ipsis
3092 5156 3321 5229 petenda
3341 5156 3520 5220 fuerit,
3538 5169 3607 5210 ne
3634 5172 3830 5214 mcu-

2208 5270 2407 5321 semus,
2436 5254 2599 5309 etiam
2644 5252 2691 5307 si
2738 5251 2838 5321 ipsi
2886 5249 3145 5305 fuerimus
3191 5246 3385 5315 injuria
3427 5243 3623 5300 aEecti.
3685 5246 3836 5305 Hoc

2207 5359 2364 5420 pacto
2404 5346 2668 5416 copiosior
2718 5343 2873 5398 nobis
2916 5342 3020 5397 erit
3043 5352 3272 5404 meroes,
3304 5336 3409 5393 hoc
3444 5346 3597 5407 pacto
3617 5341 3838 5409 major

2211 5439 2418 5502 fiducia,
2454 5439 2558 5491 hoc
2584 5443 2741 5505 pacto
2767 5434 3020 5489 caelorum
3043 5444 3272 5500 regnum
3295 5427 3435 5483 haud
3461 5426 3629 5483 dubie
3656 5444 3838 5485 cosa-

2212 5542 2515 5600 sequcmur,
2544 5527 2709 5598 gratia
2733 5535 2786 5581 et
2810 5524 3045 5580 bonitate
3068 5520 3278 5578 Domini
3306 5519 3473 5575 nostri
3489 5519 3619 5575 Jesu
3636 5520 3843 5580 Chri—

2214 5621 2304 5686 Sli,
2331 5634 2453 5675 eum
2477 5634 2582 5688 quo
2610 5617 2751 5673 Patri
2775 5615 2930 5671 simul
2960 5623 3224 5669 etsancto
3235 5612 3453 5684 Spiritui
3466 5610 3675 5681 gloria,
3712 5615 3839 5671 isn-

2214 5714 2442 5784 perium,
2474 5711 2647 5783 bonor
2672 5724 2812 5767 nunc
2840 5718 2895 5765 et
2921 5718 3150 5779 semper,
3180 5714 3237 5763 et
3260 5705 3317 5761 in
3336 5704 3539 5761 saecula
3569 5709 3843 5775 ωαψς

2209 5818 2349 5861 rum.
2378 5811 2566 5857 Amen.

1930 5990 2413 6014 -ηιοαο--ρ-
