  <div class='ocr_page' id='page_1' title='image "/cluster/home/n/w/nwhite01/storage/ocr_20150623/54/hvd.32044054758636/012.png"; bbox 0 0 4092 6178; ppageno 0'>
   <div class='ocr_carea' id='block_1_1' title="bbox 274 406 3684 479">
    <p class='ocr_par' dir='ltr' id='par_1_1' title="bbox 274 406 3684 479">
     <span class='ocr_line' id='line_1_1' title="bbox 274 406 3684 479; baseline -0.001 1"><span class='ocrx_word' id='word_1_1' title='bbox 274 406 3684 479; x_wconf 49' lang='grc' dir='ltr'>ω</span> 
     </span>
    </p>
   </div>
   <div class='ocr_carea' id='block_1_2' title="bbox 1136 465 3684 494">
    <p class='ocr_par' dir='ltr' id='par_1_2' title="bbox 1136 465 1604 470">
     <span class='ocr_line' id='line_1_2' title="bbox 1136 465 1604 470; baseline 0 -4"><span class='ocrx_word' id='word_1_2' title='bbox 1136 465 1604 470; x_wconf 46' lang='lat' dir='ltr'><strong><em>_____Y,,</em></strong></span> 
     </span>
    </p>
   </div>
   <div class='ocr_carea' id='block_1_3' title="bbox 1318 629 2642 700">
    <p class='ocr_par' dir='ltr' id='par_1_3' title="bbox 1318 629 2642 700">
     <span class='ocr_line' id='line_1_3' title="bbox 1318 629 2642 700; baseline -0.008 -1"><span class='ocrx_word' id='word_1_3' title='bbox 1318 630 1965 700; x_wconf 83' lang='lat' dir='ltr'><strong><em>BALLERINIORUM</em></strong></span> <span class='ocrx_word' id='word_1_4' title='bbox 2010 629 2642 693; x_wconf 82' lang='lat' dir='ltr'><strong><em>NUNCUPATORIA.</em></strong></span> 
     </span>
    </p>
   </div>
   <div class='ocr_carea' id='block_1_4' title="bbox 1014 866 2963 1149">
    <p class='ocr_par' dir='ltr' id='par_1_4' title="bbox 1014 866 2963 1149">
     <span class='ocr_line' id='line_1_4' title="bbox 1014 866 2963 1149; baseline -0.007 -41"><span class='ocrx_word' id='word_1_5' title='bbox 1014 866 2426 1107; x_wconf 80' lang='lat' dir='ltr'><strong><em>BENEDICTO</em></strong></span> <span class='ocrx_word' id='word_1_6' title='bbox 2515 924 2963 1097; x_wconf 78' lang='lat' dir='ltr'><strong><em>XIV</em></strong></span> 
     </span>
    </p>
   </div>
   <div class='ocr_carea' id='block_1_5' title="bbox 1442 1218 2563 1329">
    <p class='ocr_par' dir='ltr' id='par_1_5' title="bbox 1442 1218 2563 1329">
     <span class='ocr_line' id='line_1_5' title="bbox 1442 1218 2563 1329; baseline -0.004 -16"><span class='ocrx_word' id='word_1_7' title='bbox 1442 1225 2018 1316; x_wconf 89' lang='lat' dir='ltr'><strong><em>PONTIFICI</em></strong></span> <span class='ocrx_word' id='word_1_8' title='bbox 2067 1218 2532 1314; x_wconf 86' lang='lat' dir='ltr'><strong><em>MAXIMO</em></strong></span> 
     </span>
    </p>
   </div>
   <div class='ocr_carea' id='block_1_6' title="bbox 776 1406 3203 1496">
    <p class='ocr_par' dir='ltr' id='par_1_6' title="bbox 776 1406 3203 1496">
     <span class='ocr_line' id='line_1_6' title="bbox 776 1406 3203 1496; baseline -0.007 0"><span class='ocrx_word' id='word_1_9' title='bbox 776 1428 1152 1496; x_wconf 79' lang='lat' dir='ltr'><strong><em>PETRUS</em></strong></span> <span class='ocrx_word' id='word_1_10' title='bbox 1233 1406 1361 1494; x_wconf 80' lang='lat' dir='ltr'><strong><em>ET</em></strong></span> <span class='ocrx_word' id='word_1_11' title='bbox 1429 1424 2072 1493; x_wconf 81' lang='lat' dir='ltr'><strong><em>HIERONYMUS</em></strong></span> <span class='ocrx_word' id='word_1_12' title='bbox 2143 1418 2580 1488; x_wconf 78' lang='lat' dir='ltr'><strong><em>FRATRES</em></strong></span> <span class='ocrx_word' id='word_1_13' title='bbox 2657 1415 3203 1482; x_wconf 80' lang='lat' dir='ltr'><strong><em>BALLERINII</em></strong></span> 
     </span>
    </p>
   </div>
   <div class='ocr_carea' id='block_1_7' title="bbox 1495 1586 2822 1654">
    <p class='ocr_par' dir='ltr' id='par_1_7' title="bbox 1495 1586 2822 1654">
     <span class='ocr_line' id='line_1_7' title="bbox 1495 1586 2822 1654; baseline -0.009 0"><span class='ocrx_word' id='word_1_14' title='bbox 1495 1595 1943 1654; x_wconf 82' lang='lat' dir='ltr'><strong><em>PRESBYTERI</em></strong></span> <span class='ocrx_word' id='word_1_15' title='bbox 1978 1590 2471 1651; x_wconf 81' lang='lat' dir='ltr'><strong><em>VERONENSES.</em></strong></span> <span class='ocrx_word' id='word_1_16' title='bbox 2782 1586 2822 1621; x_wconf 74' lang='grc'><strong><em>⁸</em></strong></span> 
     </span>
    </p>
   </div>
   <div class='ocr_carea' id='block_1_8' title="bbox 1779 1762 2177 1778">
    <p class='ocr_par' dir='ltr' id='par_1_8' title="bbox 1779 1762 2177 1778">
     <span class='ocr_line' id='line_1_8' title="bbox 1779 1762 2177 1778; baseline -0.003 -3"><span class='ocrx_word' id='word_1_17' title='bbox 1779 1762 2177 1778; x_wconf 73' lang='lat'><strong><em>—-_</em></strong></span> 
     </span>
    </p>
   </div>
   <div class='ocr_carea' id='block_1_9' title="bbox 366 1878 3692 1981">
    <p class='ocr_par' dir='ltr' id='par_1_9' title="bbox 366 1878 3692 1981">
     <span class='ocr_line' id='line_1_9' title="bbox 366 1878 3692 1981; baseline -0.005 -19"><span class='ocrx_word' id='word_1_18' title='bbox 366 1900 513 1963; x_wconf 72' lang='lat' dir='ltr'><strong><em>Hac</em></strong></span> <span class='ocrx_word' id='word_1_19' title='bbox 565 1898 933 1961; x_wconf 73' lang='lat' dir='ltr'><strong><em>sanctissimi</em></strong></span> <span class='ocrx_word' id='word_1_20' title='bbox 970 1916 1134 1981; x_wconf 74' lang='lat' dir='ltr'><strong><em>(eque</em></strong></span> <span class='ocrx_word' id='word_1_21' title='bbox 1181 1915 1251 1958; x_wconf 91' lang='lat' dir='ltr'><strong><em>ac</em></strong></span> <span class='ocrx_word' id='word_1_22' title='bbox 1302 1894 1630 1957; x_wconf 87' lang='lat' dir='ltr'><strong><em>doctissimi</em></strong></span> <span class='ocrx_word' id='word_1_23' title='bbox 1659 1893 1873 1955; x_wconf 88' lang='lat' dir='ltr'><strong><em>summi</em></strong></span> <span class='ocrx_word' id='word_1_24' title='bbox 1917 1886 2222 1974; x_wconf 88' lang='lat' dir='ltr'><strong><em>pontiﬁcis</em></strong></span> <span class='ocrx_word' id='word_1_25' title='bbox 2284 1890 2512 1950; x_wconf 76' lang='lat' dir='ltr'><strong><em>Laoms</em></strong></span> <span class='ocrx_word' id='word_1_26' title='bbox 2557 1884 2767 1947; x_wconf 75' lang='lat' dir='ltr'><strong>MAGNI</strong></span> <span class='ocrx_word' id='word_1_27' title='bbox 2816 1882 3032 1966; x_wconf 81' lang='lat' dir='ltr'><strong><em>Opera,</em></strong></span> <span class='ocrx_word' id='word_1_28' title='bbox 3090 1901 3222 1964; x_wconf 78' lang='lat' dir='ltr'><strong><em>quae</em></strong></span> <span class='ocrx_word' id='word_1_29' title='bbox 3279 1881 3362 1945; x_wconf 88' lang='lat' dir='ltr'><strong><em>ad</em></strong></span> <span class='ocrx_word' id='word_1_30' title='bbox 3402 1878 3692 1966; x_wconf 66' lang='lat' dir='ltr'><strong><em>praestan-</em></strong></span> 
     </span>
    </p>
   </div>
   <div class='ocr_carea' id='block_1_10' title="bbox 296 1980 3693 2075">
    <p class='ocr_par' dir='ltr' id='par_1_10' title="bbox 296 1980 3693 2075">
     <span class='ocr_line' id='line_1_10' title="bbox 296 1980 3693 2075; baseline -0.005 -15"><span class='ocrx_word' id='word_1_31' title='bbox 296 2000 544 2060; x_wconf 87' lang='lat' dir='ltr'><strong><em>tissimos</em></strong></span> <span class='ocrx_word' id='word_1_32' title='bbox 567 1994 818 2070; x_wconf 88' lang='lat' dir='ltr'><strong><em>codices,</em></strong></span> <span class='ocrx_word' id='word_1_33' title='bbox 843 1980 1175 2075; x_wconf 68' lang='lat' dir='ltr'><strong><em>praesertim</em></strong></span> <span class='ocrx_word' id='word_1_34' title='bbox 1209 1995 1523 2065; x_wconf 81' lang='lat' dir='ltr'><strong><em>Romanos,</em></strong></span> <span class='ocrx_word' id='word_1_35' title='bbox 1554 1986 2190 2064; x_wconf 87' lang='lat' dir='ltr'><strong><em>exacta,emendatiora</em></strong></span> <span class='ocrx_word' id='word_1_36' title='bbox 2210 1994 2268 2046; x_wconf 92' lang='lat' dir='ltr'><strong><em>et</em></strong></span> <span class='ocrx_word' id='word_1_37' title='bbox 2284 1985 2552 2047; x_wconf 91' lang='lat' dir='ltr'><strong><em>auctiora</em></strong></span> <span class='ocrx_word' id='word_1_38' title='bbox 2578 2003 2734 2045; x_wconf 90' lang='lat' dir='ltr'><strong><em>nunc</em></strong></span> <span class='ocrx_word' id='word_1_39' title='bbox 2755 1980 3183 2063; x_wconf 86' lang='lat' dir='ltr'><strong><em>prodeunt,cui</em></strong></span> <span class='ocrx_word' id='word_1_40' title='bbox 3191 1982 3389 2062; x_wconf 84' lang='lat' dir='ltr'><strong><em>potius</em></strong></span> <span class='ocrx_word' id='word_1_41' title='bbox 3408 1982 3693 2044; x_wconf 89' lang='lat' dir='ltr'><strong><em>inscribe-</em></strong></span> 
     </span>
    </p>
   </div>
   <div class='ocr_carea' id='block_1_11' title="bbox 295 2077 3691 2177">
    <p class='ocr_par' dir='ltr' id='par_1_11' title="bbox 295 2077 3691 2177">
     <span class='ocr_line' id='line_1_11' title="bbox 295 2077 3691 2177; baseline -0.005 -18"><span class='ocrx_word' id='word_1_42' title='bbox 295 2116 484 2159; x_wconf 83' lang='lat' dir='ltr'><strong><em>remus</em></strong></span> <span class='ocrx_word' id='word_1_43' title='bbox 537 2113 721 2177; x_wconf 88' lang='lat' dir='ltr'><strong><em>quam</em></strong></span> <span class='ocrx_word' id='word_1_44' title='bbox 783 2092 914 2169; x_wconf 91' lang='lat' dir='ltr'><strong><em>tibi,</em></strong></span> <span class='ocrx_word' id='word_1_45' title='bbox 976 2091 1299 2152; x_wconf 80' lang='lat' dir='ltr'><strong><em>beatissime</em></strong></span> <span class='ocrx_word' id='word_1_46' title='bbox 1357 2090 1561 2163; x_wconf 85' lang='lat' dir='ltr'><strong><em>Pater,</em></strong></span> <span class='ocrx_word' id='word_1_47' title='bbox 1619 2091 1729 2170; x_wconf 81' lang='lat' dir='ltr'><strong><em>qui</em></strong></span> <span class='ocrx_word' id='word_1_48' title='bbox 1789 2088 1943 2149; x_wconf 88' lang='lat' dir='ltr'><strong><em>tanti</em></strong></span> <span class='ocrx_word' id='word_1_49' title='bbox 1987 2085 2290 2167; x_wconf 86' lang='lat' dir='ltr'><strong><em>pontiﬁcis</em></strong></span> <span class='ocrx_word' id='word_1_50' title='bbox 2347 2084 2408 2143; x_wconf 90' lang='lat' dir='ltr'><strong><em>in</em></strong></span> <span class='ocrx_word' id='word_1_51' title='bbox 2461 2081 2661 2144; x_wconf 87' lang='lat' dir='ltr'><strong><em>eadem</em></strong></span> <span class='ocrx_word' id='word_1_52' title='bbox 2718 2081 2985 2143; x_wconf 78' lang='lat' dir='ltr'><strong><em>Romana</em></strong></span> <span class='ocrx_word' id='word_1_53' title='bbox 3043 2077 3326 2177; x_wconf 81' lang='lat' dir='ltr'><strong><em>cathedra</em></strong></span> <span class='ocrx_word' id='word_1_54' title='bbox 3380 2084 3691 2158; x_wconf 87' lang='lat' dir='ltr'><strong><em>successor,</em></strong></span> 
     </span>
    </p>
   </div>
   <div class='ocr_carea' id='block_1_12' title="bbox 291 2172 3692 2273">
    <p class='ocr_par' dir='ltr' id='par_1_12' title="bbox 291 2172 3692 2273">
     <span class='ocr_line' id='line_1_12' title="bbox 291 2172 3692 2273; baseline -0.005 -15"><span class='ocrx_word' id='word_1_55' title='bbox 291 2195 491 2258; x_wconf 82' lang='lat' dir='ltr'><strong><em>iisdem</em></strong></span> <span class='ocrx_word' id='word_1_56' title='bbox 534 2172 660 2253; x_wconf 59' lang='lat' dir='ltr'><strong><em>seli</em></strong></span> <span class='ocrx_word' id='word_1_57' title='bbox 697 2192 882 2273; x_wconf 79' lang='lat' dir='ltr'><strong><em>ipsius</em></strong></span> <span class='ocrx_word' id='word_1_58' title='bbox 922 2208 992 2252; x_wconf 92' lang='lat' dir='ltr'><strong><em>ac</em></strong></span> <span class='ocrx_word' id='word_1_59' title='bbox 1033 2187 1318 2250; x_wconf 70' lang='lat' dir='ltr'><strong><em>doctrinas</em></strong></span> <span class='ocrx_word' id='word_1_60' title='bbox 1362 2186 1623 2267; x_wconf 72' lang='lat' dir='ltr'><strong><em>vestigiis</em></strong></span> <span class='ocrx_word' id='word_1_61' title='bbox 1666 2188 1951 2257; x_wconf 78' lang='lat' dir='ltr'><strong><em>insistens,</em></strong></span> <span class='ocrx_word' id='word_1_62' title='bbox 1998 2182 2148 2244; x_wconf 85' lang='lat' dir='ltr'><strong><em>idem</em></strong></span> <span class='ocrx_word' id='word_1_63' title='bbox 2191 2197 2435 2244; x_wconf 77' lang='lat' dir='ltr'><strong>MAGNUS</strong></span> <span class='ocrx_word' id='word_1_64' title='bbox 2481 2184 2602 2243; x_wconf 70' lang='lat' dir='ltr'><strong><em>L130</em></strong></span> <span class='ocrx_word' id='word_1_65' title='bbox 2646 2178 2944 2240; x_wconf 84' lang='lat' dir='ltr'><strong><em>redivivus</em></strong></span> <span class='ocrx_word' id='word_1_66' title='bbox 2988 2172 3255 2238; x_wconf 79' lang='lat' dir='ltr'><strong><em>videris?</em></strong></span> <span class='ocrx_word' id='word_1_67' title='bbox 3294 2176 3406 2240; x_wconf 83' lang='lat' dir='ltr'><strong><em>Ille</em></strong></span> <span class='ocrx_word' id='word_1_68' title='bbox 3457 2178 3692 2262; x_wconf 83' lang='lat' dir='ltr'><strong><em>quidem</em></strong></span> 
     </span>
    </p>
   </div>
   <div class='ocr_carea' id='block_1_13' title="bbox 297 2276 3695 2374">
    <p class='ocr_par' dir='ltr' id='par_1_13' title="bbox 297 2276 3695 2374">
     <span class='ocr_line' id='line_1_13' title="bbox 297 2276 3695 2374; baseline -0.004 -20"><span class='ocrx_word' id='word_1_69' title='bbox 297 2295 358 2354; x_wconf 82' lang='lat' dir='ltr'><strong><em>ob</em></strong></span> <span class='ocrx_word' id='word_1_70' title='bbox 396 2292 584 2374; x_wconf 83' lang='lat' dir='ltr'><strong><em>plura</em></strong></span> <span class='ocrx_word' id='word_1_71' title='bbox 623 2298 681 2349; x_wconf 85' lang='lat' dir='ltr'><strong><em>et</em></strong></span> <span class='ocrx_word' id='word_1_72' title='bbox 717 2286 1018 2369; x_wconf 69' lang='lat' dir='ltr'><strong><em>praclara</em></strong></span> <span class='ocrx_word' id='word_1_73' title='bbox 1058 2285 1337 2346; x_wconf 82' lang='lat' dir='ltr'><strong><em>diuturni</em></strong></span> <span class='ocrx_word' id='word_1_74' title='bbox 1369 2284 1756 2366; x_wconf 88' lang='lat' dir='ltr'><strong><em>pontiﬁcatus</em></strong></span> <span class='ocrx_word' id='word_1_75' title='bbox 1797 2289 1983 2363; x_wconf 90' lang='lat' dir='ltr'><strong><em>gesta,</em></strong></span> <span class='ocrx_word' id='word_1_76' title='bbox 2028 2280 2263 2360; x_wconf 84' lang='lat' dir='ltr'><strong><em>quibus,</em></strong></span> <span class='ocrx_word' id='word_1_77' title='bbox 2310 2279 2475 2342; x_wconf 88' lang='lat' dir='ltr'><strong><em>nulla</em></strong></span> <span class='ocrx_word' id='word_1_78' title='bbox 2538 2289 2860 2360; x_wconf 83' lang='lat' dir='ltr'><strong><em>temporum</em></strong></span> <span class='ocrx_word' id='word_1_79' title='bbox 2921 2284 3234 2374; x_wconf 81' lang='lat' dir='ltr'><strong><em>rerumque</em></strong></span> <span class='ocrx_word' id='word_1_80' title='bbox 3293 2276 3695 2340; x_wconf 82' lang='lat' dir='ltr'><strong><em>vicissitudine</em></strong></span> 
     </span>
    </p>
   </div>
   <div class='ocr_carea' id='block_1_14' title="bbox 293 2373 3702 2467">
    <p class='ocr_par' dir='ltr' id='par_1_14' title="bbox 293 2373 3702 2467">
     <span class='ocr_line' id='line_1_14' title="bbox 293 2373 3702 2467; baseline -0.004 -17"><span class='ocrx_word' id='word_1_81' title='bbox 293 2373 408 2450; x_wconf 80' lang='lat' dir='ltr'><strong><em>aut</em></strong></span> <span class='ocrx_word' id='word_1_82' title='bbox 451 2384 839 2467; x_wconf 66' lang='lat' dir='ltr'><strong><em>difﬁcultate,</em></strong></span> <span class='ocrx_word' id='word_1_83' title='bbox 905 2385 1282 2467; x_wconf 78' lang='lat' dir='ltr'><strong><em>perterritus,</em></strong></span> <span class='ocrx_word' id='word_1_84' title='bbox 1344 2381 1623 2444; x_wconf 88' lang='lat' dir='ltr'><strong><em>adversus</em></strong></span> <span class='ocrx_word' id='word_1_85' title='bbox 1695 2391 2061 2441; x_wconf 84' lang='lat' dir='ltr'><strong><em>contumaces</em></strong></span> <span class='ocrx_word' id='word_1_86' title='bbox 2114 2398 2185 2439; x_wconf 90' lang='lat' dir='ltr'><strong><em>ac</em></strong></span> <span class='ocrx_word' id='word_1_87' title='bbox 2236 2378 2342 2438; x_wconf 85' lang='lat' dir='ltr'><strong><em>sub</em></strong></span> <span class='ocrx_word' id='word_1_88' title='bbox 2358 2376 2504 2439; x_wconf 80' lang='lat' dir='ltr'><strong><em>iolos</em></strong></span> <span class='ocrx_word' id='word_1_89' title='bbox 2563 2375 2710 2458; x_wconf 88' lang='lat' dir='ltr'><strong><em>ﬁdei</em></strong></span> <span class='ocrx_word' id='word_1_90' title='bbox 2775 2375 2981 2450; x_wconf 84' lang='lat' dir='ltr'><strong><em>hostes,</em></strong></span> <span class='ocrx_word' id='word_1_91' title='bbox 3058 2373 3355 2437; x_wconf 67' lang='lat' dir='ltr'><strong><em>catholicae</em></strong></span> <span class='ocrx_word' id='word_1_92' title='bbox 3421 2374 3702 2439; x_wconf 61' lang='lat' dir='ltr'><strong><em>Ecclesiae</em></strong></span> 
     </span>
    </p>
   </div>
   <div class='ocr_carea' id='block_1_15' title="bbox 288 2458 3701 2566">
    <p class='ocr_par' dir='ltr' id='par_1_15' title="bbox 288 2458 3701 2566">
     <span class='ocr_line' id='line_1_15' title="bbox 288 2458 3701 2566; baseline -0.003 -20"><span class='ocrx_word' id='word_1_93' title='bbox 288 2458 577 2566; x_wconf 76' lang='lat' dir='ltr'><strong><em>dogmata</em></strong></span> <span class='ocrx_word' id='word_1_94' title='bbox 618 2481 881 2562; x_wconf 84' lang='lat' dir='ltr'><strong><em>defendit</em></strong></span> <span class='ocrx_word' id='word_1_95' title='bbox 905 2458 1230 2566; x_wconf 30' lang='lat' dir='ltr'><strong><em>vacerrime,</em></strong></span> <span class='ocrx_word' id='word_1_96' title='bbox 1278 2488 1332 2541; x_wconf 91' lang='lat' dir='ltr'><strong><em>et</em></strong></span> <span class='ocrx_word' id='word_1_97' title='bbox 1375 2479 1616 2540; x_wconf 87' lang='lat' dir='ltr'><strong><em>novitiis</em></strong></span> <span class='ocrx_word' id='word_1_98' title='bbox 1657 2496 1727 2539; x_wconf 89' lang='lat' dir='ltr'><strong><em>ac</em></strong></span> <span class='ocrx_word' id='word_1_99' title='bbox 1773 2475 2103 2538; x_wconf 88' lang='lat' dir='ltr'><strong><em>temerariis</em></strong></span> <span class='ocrx_word' id='word_1_100' title='bbox 2145 2473 2538 2556; x_wconf 81' lang='lat' dir='ltr'><strong><em>quorumdam</em></strong></span> <span class='ocrx_word' id='word_1_101' title='bbox 2583 2471 2821 2534; x_wconf 87' lang='lat' dir='ltr'><strong><em>ausibus</em></strong></span> <span class='ocrx_word' id='word_1_102' title='bbox 2861 2491 2977 2534; x_wconf 92' lang='lat' dir='ltr'><strong><em>sese</em></strong></span> <span class='ocrx_word' id='word_1_103' title='bbox 3034 2471 3343 2553; x_wconf 86' lang='lat' dir='ltr'><strong><em>objiciens,</em></strong></span> <span class='ocrx_word' id='word_1_104' title='bbox 3386 2468 3701 2536; x_wconf 82' lang='lat' dir='ltr'><strong><em>Ecclesia-</em></strong></span> 
     </span>
    </p>
   </div>
   <div class='ocr_carea' id='block_1_16' title="bbox 290 2556 3699 2663">
    <p class='ocr_par' dir='ltr' id='par_1_16' title="bbox 290 2556 3699 2663">
     <span class='ocr_line' id='line_1_16' title="bbox 290 2556 3699 2663; baseline -0.004 -18"><span class='ocrx_word' id='word_1_105' title='bbox 290 2556 427 2645; x_wconf 61' lang='lat' dir='ltr'><strong><em>ruin</em></strong></span> <span class='ocrx_word' id='word_1_106' title='bbox 470 2556 804 2663; x_wconf 73' lang='lat' dir='ltr'><strong><em>)m&#39;vilegia</em></strong></span> <span class='ocrx_word' id='word_1_107' title='bbox 863 2586 920 2640; x_wconf 91' lang='lat' dir='ltr'><strong><em>et</em></strong></span> <span class='ocrx_word' id='word_1_108' title='bbox 960 2556 1290 2661; x_wconf 68' lang='lat' dir='ltr'><strong><em>apostolica:</em></strong></span> <span class='ocrx_word' id='word_1_109' title='bbox 1348 2575 1499 2639; x_wconf 88' lang='lat' dir='ltr'><strong><em>sedis</em></strong></span> <span class='ocrx_word' id='word_1_110' title='bbox 1531 2577 1685 2658; x_wconf 87' lang='lat' dir='ltr'><strong><em>jura</em></strong></span> <span class='ocrx_word' id='word_1_111' title='bbox 1727 2574 1969 2655; x_wconf 83' lang='lat' dir='ltr'><strong><em>fortiter</em></strong></span> <span class='ocrx_word' id='word_1_112' title='bbox 2028 2571 2371 2645; x_wconf 85' lang='lat' dir='ltr'><strong><em>vindicavit,</em></strong></span> <span class='ocrx_word' id='word_1_113' title='bbox 2410 2580 2472 2631; x_wconf 60' lang='lat' dir='ltr'><strong><em>&#39;et</em></strong></span> <span class='ocrx_word' id='word_1_114' title='bbox 2510 2591 2623 2651; x_wconf 90' lang='lat' dir='ltr'><strong><em>pro</em></strong></span> <span class='ocrx_word' id='word_1_115' title='bbox 2684 2570 2950 2632; x_wconf 89' lang='lat' dir='ltr'><strong><em>cnstodia</em></strong></span> <span class='ocrx_word' id='word_1_116' title='bbox 2992 2589 3061 2633; x_wconf 86' lang='lat' dir='ltr'><strong><em>ac</em></strong></span> <span class='ocrx_word' id='word_1_117' title='bbox 3102 2569 3476 2635; x_wconf 76' lang='lat' dir='ltr'><strong><em>observantia</em></strong></span> <span class='ocrx_word' id='word_1_118' title='bbox 3516 2569 3699 2633; x_wconf 81' lang='lat' dir='ltr'><strong><em>eccle-</em></strong></span> 
     </span>
    </p>
   </div>
   <div class='ocr_carea' id='block_1_17' title="bbox 274 2664 3701 2759">
    <p class='ocr_par' dir='ltr' id='par_1_17' title="bbox 274 2664 3701 2759">
     <span class='ocr_line' id='line_1_17' title="bbox 274 2664 3701 2759; baseline -0.004 -14"><span class='ocrx_word' id='word_1_119' title='bbox 274 2682 542 2744; x_wconf 64' lang='lat' dir='ltr'><strong><em>&#39;sias&#39;ttcx</em></strong></span> <span class='ocrx_word' id='word_1_120' title='bbox 580 2677 915 2759; x_wconf 70' lang='lat' dir='ltr'><strong><em>disciplina:</em></strong></span> <span class='ocrx_word' id='word_1_121' title='bbox 955 2678 1270 2758; x_wconf 80' lang='lat' dir='ltr'><strong><em>irrepentes</em></strong></span> <span class='ocrx_word' id='word_1_122' title='bbox 1312 2675 1676 2758; x_wconf 85' lang='lat' dir='ltr'><strong><em>corruptelas</em></strong></span> <span class='ocrx_word' id='word_1_123' title='bbox 1717 2684 1772 2735; x_wconf 90' lang='lat' dir='ltr'><strong><em>et</em></strong></span> <span class='ocrx_word' id='word_1_124' title='bbox 1815 2672 2032 2735; x_wconf 88' lang='lat' dir='ltr'><strong><em>abusus</em></strong></span> <span class='ocrx_word' id='word_1_125' title='bbox 2073 2670 2361 2751; x_wconf 86' lang='lat' dir='ltr'><strong><em>detegere,</em></strong></span> <span class='ocrx_word' id='word_1_126' title='bbox 2402 2669 2823 2750; x_wconf 86' lang='lat' dir='ltr'><strong><em>perstringere,</em></strong></span> <span class='ocrx_word' id='word_1_127' title='bbox 2871 2667 3182 2731; x_wconf 88' lang='lat' dir='ltr'><strong><em>emendare</em></strong></span> <span class='ocrx_word' id='word_1_128' title='bbox 3223 2672 3276 2730; x_wconf 85' lang='lat' dir='ltr'><strong><em>et</em></strong></span> <span class='ocrx_word' id='word_1_129' title='bbox 3327 2664 3701 2751; x_wconf 69' lang='lat' dir='ltr'><strong><em>exstinguere</em></strong></span> 
     </span>
    </p>
   </div>
   <div class='ocr_carea' id='block_1_18' title="bbox 284 2766 3702 2857">
    <p class='ocr_par' dir='ltr' id='par_1_18' title="bbox 284 2766 3702 2857">
     <span class='ocr_line' id='line_1_18' title="bbox 284 2766 3702 2857; baseline -0.004 -15"><span class='ocrx_word' id='word_1_130' title='bbox 284 2783 457 2842; x_wconf 85' lang='lat' dir='ltr'><strong><em>nisus</em></strong></span> <span class='ocrx_word' id='word_1_131' title='bbox 498 2788 614 2850; x_wconf 89' lang='lat' dir='ltr'><strong><em>est;</em></strong></span> <span class='ocrx_word' id='word_1_132' title='bbox 660 2776 787 2850; x_wconf 86' lang='lat' dir='ltr'><strong><em>ille,</em></strong></span> <span class='ocrx_word' id='word_1_133' title='bbox 833 2776 1097 2857; x_wconf 87' lang='lat' dir='ltr'><strong><em>inquam,</em></strong></span> <span class='ocrx_word' id='word_1_134' title='bbox 1148 2784 1348 2837; x_wconf 84' lang='lat' dir='ltr'><strong><em>tantus</em></strong></span> <span class='ocrx_word' id='word_1_135' title='bbox 1384 2774 1664 2856; x_wconf 77' lang='lat' dir='ltr'><strong><em>pontifex</em></strong></span> <span class='ocrx_word' id='word_1_136' title='bbox 1724 2771 1796 2834; x_wconf 93' lang='lat' dir='ltr'><strong><em>ob</em></strong></span> <span class='ocrx_word' id='word_1_137' title='bbox 1846 2781 1966 2833; x_wconf 89' lang='lat' dir='ltr'><strong><em>tam</em></strong></span> <span class='ocrx_word' id='word_1_138' title='bbox 2019 2768 2326 2853; x_wconf 69' lang='lat' dir='ltr'><strong><em>praeclara</em></strong></span> <span class='ocrx_word' id='word_1_139' title='bbox 2381 2776 2544 2847; x_wconf 90' lang='lat' dir='ltr'><strong><em>gesta</em></strong></span> <span class='ocrx_word' id='word_1_140' title='bbox 2588 2768 2797 2830; x_wconf 78' lang='lat' dir='ltr'><strong>MAGNI</strong></span> <span class='ocrx_word' id='word_1_141' title='bbox 2857 2766 3096 2828; x_wconf 87' lang='lat' dir='ltr'><strong><em>titulum</em></strong></span> <span class='ocrx_word' id='word_1_142' title='bbox 3137 2766 3283 2850; x_wconf 86' lang='lat' dir='ltr'><strong><em>jure</em></strong></span> <span class='ocrx_word' id='word_1_143' title='bbox 3319 2768 3702 2850; x_wconf 87' lang='lat' dir='ltr'><strong><em>promeruit;</em></strong></span> 
     </span>
    </p>
   </div>
   <div class='ocr_carea' id='block_1_19' title="bbox 283 2863 3702 2961">
    <p class='ocr_par' dir='ltr' id='par_1_19' title="bbox 283 2863 3702 2961">
     <span class='ocr_line' id='line_1_19' title="bbox 283 2863 3702 2961; baseline -0.004 -20"><span class='ocrx_word' id='word_1_144' title='bbox 283 2881 541 2961; x_wconf 83' lang='lat' dir='ltr'><strong><em>ejusque</em></strong></span> <span class='ocrx_word' id='word_1_145' title='bbox 582 2873 847 2956; x_wconf 87' lang='lat' dir='ltr'><strong><em>insignia</em></strong></span> <span class='ocrx_word' id='word_1_146' title='bbox 893 2870 1109 2956; x_wconf 83' lang='lat' dir='ltr'><strong><em>Opera,</em></strong></span> <span class='ocrx_word' id='word_1_147' title='bbox 1157 2872 1363 2961; x_wconf 86' lang='lat' dir='ltr'><strong><em>quibus</em></strong></span> <span class='ocrx_word' id='word_1_148' title='bbox 1406 2890 1497 2933; x_wconf 92' lang='lat' dir='ltr'><strong><em>res</em></strong></span> <span class='ocrx_word' id='word_1_149' title='bbox 1538 2881 1623 2933; x_wconf 90' lang='lat' dir='ltr'><strong><em>tot</em></strong></span> <span class='ocrx_word' id='word_1_150' title='bbox 1663 2890 1734 2933; x_wconf 91' lang='lat' dir='ltr'><strong><em>ac</em></strong></span> <span class='ocrx_word' id='word_1_151' title='bbox 1779 2879 1895 2932; x_wconf 90' lang='lat' dir='ltr'><strong><em>tam</em></strong></span> <span class='ocrx_word' id='word_1_152' title='bbox 1938 2884 2151 2950; x_wconf 86' lang='lat' dir='ltr'><strong><em>graves</em></strong></span> <span class='ocrx_word' id='word_1_153' title='bbox 2185 2866 2490 2949; x_wconf 86' lang='lat' dir='ltr'><strong><em>promovit</em></strong></span> <span class='ocrx_word' id='word_1_154' title='bbox 2531 2873 2707 2947; x_wconf 89' lang='lat' dir='ltr'><strong><em>atque</em></strong></span> <span class='ocrx_word' id='word_1_155' title='bbox 2742 2863 3020 2946; x_wconf 81' lang='lat' dir='ltr'><strong><em>perfecit,</em></strong></span> <span class='ocrx_word' id='word_1_156' title='bbox 3065 2865 3127 2925; x_wconf 92' lang='lat' dir='ltr'><strong><em>in</em></strong></span> <span class='ocrx_word' id='word_1_157' title='bbox 3151 2884 3468 2946; x_wconf 90' lang='lat' dir='ltr'><strong><em>perennem</em></strong></span> <span class='ocrx_word' id='word_1_158' title='bbox 3504 2876 3702 2949; x_wconf 89' lang='lat' dir='ltr'><strong><em>poste-</em></strong></span> 
     </span>
    </p>
   </div>
   <div class='ocr_carea' id='block_1_20' title="bbox 284 2962 3705 3048">
    <p class='ocr_par' dir='ltr' id='par_1_20' title="bbox 284 2962 3705 3048">
     <span class='ocr_line' id='line_1_20' title="bbox 284 2962 3705 3048; baseline -0.003 -10"><span class='ocrx_word' id='word_1_159' title='bbox 284 2992 507 3038; x_wconf 84' lang='lat' dir='ltr'><strong><em>rorum</em></strong></span> <span class='ocrx_word' id='word_1_160' title='bbox 566 2972 913 3034; x_wconf 88' lang='lat' dir='ltr'><strong><em>memoriam</em></strong></span> <span class='ocrx_word' id='word_1_161' title='bbox 955 2971 1038 3033; x_wconf 91' lang='lat' dir='ltr'><strong><em>ad</em></strong></span> <span class='ocrx_word' id='word_1_162' title='bbox 1093 2989 1197 3031; x_wconf 91' lang='lat' dir='ltr'><strong><em>nos</em></strong></span> <span class='ocrx_word' id='word_1_163' title='bbox 1260 2968 1623 3045; x_wconf 87' lang='lat' dir='ltr'><strong><em>transmissa,</em></strong></span> <span class='ocrx_word' id='word_1_164' title='bbox 1690 2968 2083 3048; x_wconf 76' lang='lat' dir='ltr'><strong><em>maximisque</em></strong></span> <span class='ocrx_word' id='word_1_165' title='bbox 2142 2965 2418 3027; x_wconf 90' lang='lat' dir='ltr'><strong><em>encomiis</em></strong></span> <span class='ocrx_word' id='word_1_166' title='bbox 2459 2983 2577 3024; x_wconf 92' lang='lat' dir='ltr'><strong><em>non</em></strong></span> <span class='ocrx_word' id='word_1_167' title='bbox 2619 2962 2807 3025; x_wconf 88' lang='lat' dir='ltr'><strong><em>solum</em></strong></span> <span class='ocrx_word' id='word_1_168' title='bbox 2850 2982 2887 3025; x_wconf 91' lang='lat' dir='ltr'><strong><em>a</em></strong></span> <span class='ocrx_word' id='word_1_169' title='bbox 2946 2962 3200 3038; x_wconf 84' lang='lat' dir='ltr'><strong><em>Latinis,</em></strong></span> <span class='ocrx_word' id='word_1_170' title='bbox 3267 2982 3470 3026; x_wconf 89' lang='lat' dir='ltr'><strong><em>verum</em></strong></span> <span class='ocrx_word' id='word_1_171' title='bbox 3528 2967 3705 3028; x_wconf 91' lang='lat' dir='ltr'><strong><em>etiam</em></strong></span> 
     </span>
    </p>
   </div>
   <div class='ocr_carea' id='block_1_21' title="bbox 274 3060 3705 3150">
    <p class='ocr_par' dir='ltr' id='par_1_21' title="bbox 274 3060 3705 3150">
     <span class='ocr_line' id='line_1_21' title="bbox 274 3060 3705 3150; baseline -0.003 -14"><span class='ocrx_word' id='word_1_172' title='bbox 274 3092 322 3136; x_wconf 74' lang='grc' dir='ltr'>α</span> <span class='ocrx_word' id='word_1_173' title='bbox 372 3071 608 3135; x_wconf 63' lang='lat' dir='ltr'><strong><em>Grecis</em></strong></span> <span class='ocrx_word' id='word_1_174' title='bbox 653 3078 774 3130; x_wconf 88' lang='lat' dir='ltr'><strong><em>tum</em></strong></span> <span class='ocrx_word' id='word_1_175' title='bbox 818 3068 1103 3150; x_wconf 88' lang='lat' dir='ltr'><strong><em>antiquis,</em></strong></span> <span class='ocrx_word' id='word_1_176' title='bbox 1155 3074 1276 3128; x_wconf 88' lang='lat' dir='ltr'><strong><em>tum</em></strong></span> <span class='ocrx_word' id='word_1_177' title='bbox 1320 3064 1765 3140; x_wconf 85' lang='lat' dir='ltr'><strong><em>recentioribus,</em></strong></span> <span class='ocrx_word' id='word_1_178' title='bbox 1811 3061 2237 3137; x_wconf 88' lang='lat' dir='ltr'><strong><em>commendata,</em></strong></span> <span class='ocrx_word' id='word_1_179' title='bbox 2302 3060 2563 3144; x_wconf 85' lang='lat' dir='ltr'><strong><em>ejusdem</em></strong></span> <span class='ocrx_word' id='word_1_180' title='bbox 2603 3061 2766 3124; x_wconf 78' lang='lat' dir='ltr'><strong><em>tituli</em></strong></span> <span class='ocrx_word' id='word_1_181' title='bbox 2822 3068 3091 3123; x_wconf 74' lang='lat' dir='ltr'><strong><em>meritum</em></strong></span> <span class='ocrx_word' id='word_1_182' title='bbox 3135 3080 3206 3123; x_wconf 93' lang='lat' dir='ltr'><strong><em>ac</em></strong></span> <span class='ocrx_word' id='word_1_183' title='bbox 3252 3061 3561 3144; x_wconf 90' lang='lat' dir='ltr'><strong><em>justitiam</em></strong></span> <span class='ocrx_word' id='word_1_184' title='bbox 3603 3062 3705 3126; x_wconf 89' lang='lat' dir='ltr'><strong><em>de-</em></strong></span> 
     </span>
    </p>
   </div>
   <div class='ocr_carea' id='block_1_22' title="bbox 283 3169 939 3232">
    <p class='ocr_par' dir='ltr' id='par_1_22' title="bbox 283 3169 939 3232">
     <span class='ocr_line' id='line_1_22' title="bbox 283 3169 939 3232; baseline -0.012 0"><span class='ocrx_word' id='word_1_185' title='bbox 283 3177 657 3232; x_wconf 85' lang='lat' dir='ltr'><strong><em>monstrant.</em></strong></span> <span class='ocrx_word' id='word_1_186' title='bbox 936 3169 939 3172; x_wconf 50' lang='grc'><em>⁴</em></span> 
     </span>
    </p>
   </div>
   <div class='ocr_carea' id='block_1_23' title="bbox 382 3257 3704 3343">
    <p class='ocr_par' dir='ltr' id='par_1_23' title="bbox 382 3257 3704 3343">
     <span class='ocr_line' id='line_1_23' title="bbox 382 3257 3704 3343; baseline -0.002 -15"><span class='ocrx_word' id='word_1_187' title='bbox 382 3264 546 3343; x_wconf 74' lang='lat' dir='ltr'><strong><em>Quid</em></strong></span> <span class='ocrx_word' id='word_1_188' title='bbox 582 3273 780 3328; x_wconf 86' lang='lat' dir='ltr'><strong><em>autem</em></strong></span> <span class='ocrx_word' id='word_1_189' title='bbox 823 3262 895 3325; x_wconf 89' lang='lat' dir='ltr'><strong><em>de</em></strong></span> <span class='ocrx_word' id='word_1_190' title='bbox 939 3273 1013 3339; x_wconf 92' lang='lat' dir='ltr'><strong><em>te,</em></strong></span> <span class='ocrx_word' id='word_1_191' title='bbox 1064 3261 1393 3324; x_wconf 87' lang='lat' dir='ltr'><strong><em>beatissime</em></strong></span> <span class='ocrx_word' id='word_1_192' title='bbox 1437 3261 1621 3324; x_wconf 88' lang='lat' dir='ltr'><strong><em>Pater</em></strong></span> <span class='ocrx_word' id='word_1_193' title='bbox 1651 3262 1683 3323; x_wconf 88' lang='lat'><strong>?</strong></span> <span class='ocrx_word' id='word_1_194' title='bbox 1726 3261 1865 3323; x_wconf 91' lang='lat' dir='ltr'><strong><em>Jam</em></strong></span> <span class='ocrx_word' id='word_1_195' title='bbox 1921 3258 2056 3321; x_wconf 88' lang='lat' dir='ltr'><strong><em>inde</em></strong></span> <span class='ocrx_word' id='word_1_196' title='bbox 2114 3259 2190 3322; x_wconf 89' lang='lat' dir='ltr'><strong><em>ab</em></strong></span> <span class='ocrx_word' id='word_1_197' title='bbox 2233 3257 2478 3321; x_wconf 87' lang='lat' dir='ltr'><strong><em>exordio</em></strong></span> <span class='ocrx_word' id='word_1_198' title='bbox 2521 3259 2901 3341; x_wconf 88' lang='lat' dir='ltr'><strong><em>pontiﬁcatus</em></strong></span> <span class='ocrx_word' id='word_1_199' title='bbox 2958 3258 3050 3320; x_wconf 89' lang='lat' dir='ltr'><strong><em>tui</em></strong></span> <span class='ocrx_word' id='word_1_200' title='bbox 3085 3262 3229 3341; x_wconf 83' lang='lat' dir='ltr'><strong><em>quot</em></strong></span> <span class='ocrx_word' id='word_1_201' title='bbox 3269 3268 3328 3321; x_wconf 90' lang='lat' dir='ltr'><strong><em>et</em></strong></span> <span class='ocrx_word' id='word_1_202' title='bbox 3367 3278 3547 3343; x_wconf 90' lang='lat' dir='ltr'><strong><em>quam</em></strong></span> <span class='ocrx_word' id='word_1_203' title='bbox 3589 3260 3704 3323; x_wconf 85' lang='lat' dir='ltr'><strong><em>im-</em></strong></span> 
     </span>
    </p>
   </div>
   <div class='ocr_carea' id='block_1_24' title="bbox 274 3357 3710 3449">
    <p class='ocr_par' dir='ltr' id='par_1_24' title="bbox 274 3357 3710 3449">
     <span class='ocr_line' id='line_1_24' title="bbox 274 3357 3710 3449; baseline -0.001 -22"><span class='ocrx_word' id='word_1_204' title='bbox 274 3367 495 3449; x_wconf 73' lang='lat' dir='ltr'><strong><em>plexa:</em></strong></span> <span class='ocrx_word' id='word_1_205' title='bbox 537 3382 731 3425; x_wconf 75' lang='lat' dir='ltr'><strong><em>causx</em></strong></span> <span class='ocrx_word' id='word_1_206' title='bbox 766 3381 880 3445; x_wconf 87' lang='lat' dir='ltr'><strong><em>pro</em></strong></span> <span class='ocrx_word' id='word_1_207' title='bbox 923 3361 1252 3423; x_wconf 88' lang='lat' dir='ltr'><strong><em>conditione</em></strong></span> <span class='ocrx_word' id='word_1_208' title='bbox 1295 3361 1539 3421; x_wconf 85' lang='lat' dir='ltr'><strong><em>istorum</em></strong></span> <span class='ocrx_word' id='word_1_209' title='bbox 1584 3369 1907 3441; x_wconf 86' lang='lat' dir='ltr'><strong><em>temporum</em></strong></span> <span class='ocrx_word' id='word_1_210' title='bbox 1969 3368 2416 3435; x_wconf 87' lang='lat' dir='ltr'><strong><em>concurrerunt,</em></strong></span> <span class='ocrx_word' id='word_1_211' title='bbox 2465 3358 2677 3440; x_wconf 90' lang='lat' dir='ltr'><strong><em>quibus</em></strong></span> <span class='ocrx_word' id='word_1_212' title='bbox 2737 3377 2892 3419; x_wconf 91' lang='lat' dir='ltr'><strong><em>nunc</em></strong></span> <span class='ocrx_word' id='word_1_213' title='bbox 2953 3358 3264 3440; x_wconf 87' lang='lat' dir='ltr'><strong><em>integritas</em></strong></span> <span class='ocrx_word' id='word_1_214' title='bbox 3319 3357 3484 3442; x_wconf 83' lang='lat' dir='ltr'><strong><em>ﬁdei,</em></strong></span> <span class='ocrx_word' id='word_1_215' title='bbox 3549 3358 3710 3423; x_wconf 85' lang='lat' dir='ltr'><strong><em>nunc</em></strong></span> 
     </span>
    </p>
   </div>
   <div class='ocr_carea' id='block_1_25' title="bbox 298 3455 3708 3546">
    <p class='ocr_par' dir='ltr' id='par_1_25' title="bbox 298 3455 3708 3546">
     <span class='ocr_line' id='line_1_25' title="bbox 298 3455 3708 3546; baseline -0.001 -22"><span class='ocrx_word' id='word_1_216' title='bbox 298 3461 623 3546; x_wconf 63' lang='lat' dir='ltr'><strong><em>pontiﬁcio</em></strong></span> <span class='ocrx_word' id='word_1_217' title='bbox 654 3460 830 3540; x_wconf 85' lang='lat' dir='ltr'><strong><em>jura,</em></strong></span> <span class='ocrx_word' id='word_1_218' title='bbox 880 3476 1036 3519; x_wconf 88' lang='lat' dir='ltr'><strong><em>nunc</em></strong></span> <span class='ocrx_word' id='word_1_219' title='bbox 1103 3457 1424 3539; x_wconf 85' lang='lat' dir='ltr'><strong><em>disciplina</em></strong></span> <span class='ocrx_word' id='word_1_220' title='bbox 1486 3456 1880 3518; x_wconf 85' lang='lat' dir='ltr'><strong><em>ecclesiastica</em></strong></span> <span class='ocrx_word' id='word_1_221' title='bbox 1935 3474 2197 3537; x_wconf 87' lang='lat' dir='ltr'><strong><em>sanaque</em></strong></span> <span class='ocrx_word' id='word_1_222' title='bbox 2254 3455 2527 3517; x_wconf 86' lang='lat' dir='ltr'><strong><em>doctrina</em></strong></span> <span class='ocrx_word' id='word_1_223' title='bbox 2570 3475 2801 3516; x_wconf 90' lang='lat' dir='ltr'><strong><em>morum</em></strong></span> <span class='ocrx_word' id='word_1_224' title='bbox 2845 3455 3117 3535; x_wconf 75' lang='lat' dir='ltr'><strong><em>impetitx</em></strong></span> <span class='ocrx_word' id='word_1_225' title='bbox 3157 3456 3374 3535; x_wconf 83' lang='lat' dir='ltr'><strong><em>fuere?</em></strong></span> <span class='ocrx_word' id='word_1_226' title='bbox 3420 3456 3511 3520; x_wconf 83' lang='lat' dir='ltr'><strong><em>Tu</em></strong></span> <span class='ocrx_word' id='word_1_227' title='bbox 3571 3478 3708 3521; x_wconf 84' lang='lat' dir='ltr'><strong><em>vero</em></strong></span> 
     </span>
    </p>
   </div>
   <div class='ocr_carea' id='block_1_26' title="bbox 288 3551 3708 3637">
    <p class='ocr_par' dir='ltr' id='par_1_26' title="bbox 288 3551 3708 3637">
     <span class='ocr_line' id='line_1_26' title="bbox 288 3551 3708 3637; baseline -0.001 -15"><span class='ocrx_word' id='word_1_228' title='bbox 288 3561 460 3622; x_wconf 81' lang='lat' dir='ltr'><strong><em>nulli</em></strong></span> <span class='ocrx_word' id='word_1_229' title='bbox 500 3558 721 3630; x_wconf 85' lang='lat' dir='ltr'><strong><em>labori,</em></strong></span> <span class='ocrx_word' id='word_1_230' title='bbox 769 3556 930 3617; x_wconf 87' lang='lat' dir='ltr'><strong><em>nulli</em></strong></span> <span class='ocrx_word' id='word_1_231' title='bbox 965 3554 1340 3617; x_wconf 87' lang='lat' dir='ltr'><strong><em>meditationi</em></strong></span> <span class='ocrx_word' id='word_1_232' title='bbox 1370 3573 1646 3636; x_wconf 86' lang='lat' dir='ltr'><strong><em>parcens,</em></strong></span> <span class='ocrx_word' id='word_1_233' title='bbox 1693 3563 2018 3637; x_wconf 86' lang='lat' dir='ltr'><strong><em>opportune</em></strong></span> <span class='ocrx_word' id='word_1_234' title='bbox 2058 3553 2320 3614; x_wconf 87' lang='lat' dir='ltr'><strong><em>omnibus</em></strong></span> <span class='ocrx_word' id='word_1_235' title='bbox 2358 3552 2680 3635; x_wconf 86' lang='lat' dir='ltr'><strong><em>providisti</em></strong></span> <span class='ocrx_word' id='word_1_236' title='bbox 2715 3551 2981 3614; x_wconf 72' lang='lat' dir='ltr'><strong><em>Assiduae</em></strong></span> <span class='ocrx_word' id='word_1_237' title='bbox 3023 3572 3180 3612; x_wconf 74' lang='lat' dir='ltr'><strong><em>curae</em></strong></span> <span class='ocrx_word' id='word_1_238' title='bbox 3223 3560 3281 3613; x_wconf 91' lang='lat' dir='ltr'><strong><em>et</em></strong></span> <span class='ocrx_word' id='word_1_239' title='bbox 3324 3556 3544 3634; x_wconf 74' lang='lat' dir='ltr'><strong><em>vigilix</em></strong></span> <span class='ocrx_word' id='word_1_240' title='bbox 3573 3566 3708 3633; x_wconf 74' lang='lat' dir='ltr'><strong><em>tuae,</em></strong></span> 
     </span>
    </p>
   </div>
   <div class='ocr_carea' id='block_1_27' title="bbox 298 3640 3710 3740">
    <p class='ocr_par' dir='ltr' id='par_1_27' title="bbox 298 3640 3710 3740">
     <span class='ocr_line' id='line_1_27' title="bbox 298 3640 3710 3740; baseline -0.001 -22"><span class='ocrx_word' id='word_1_241' title='bbox 298 3658 519 3740; x_wconf 87' lang='lat' dir='ltr'><strong><em>quibus</em></strong></span> <span class='ocrx_word' id='word_1_242' title='bbox 556 3655 907 3736; x_wconf 75' lang='lat' dir='ltr'><strong><em>parcissime</em></strong></span> <span class='ocrx_word' id='word_1_243' title='bbox 947 3653 1069 3715; x_wconf 90' lang='lat' dir='ltr'><strong><em>cibo</em></strong></span> <span class='ocrx_word' id='word_1_244' title='bbox 1116 3652 1392 3733; x_wconf 90' lang='lat' dir='ltr'><strong><em>brevique</em></strong></span> <span class='ocrx_word' id='word_1_245' title='bbox 1431 3672 1630 3712; x_wconf 90' lang='lat' dir='ltr'><strong><em>somno</em></strong></span> <span class='ocrx_word' id='word_1_246' title='bbox 1675 3660 1998 3728; x_wconf 84' lang='lat' dir='ltr'><strong><em>contentus,</em></strong></span> <span class='ocrx_word' id='word_1_247' title='bbox 2047 3652 2141 3713; x_wconf 85' lang='lat' dir='ltr'><strong><em>die</em></strong></span> <span class='ocrx_word' id='word_1_248' title='bbox 2182 3662 2468 3734; x_wconf 87' lang='lat' dir='ltr'><strong><em>noctuque</em></strong></span> <span class='ocrx_word' id='word_1_249' title='bbox 2515 3652 2815 3734; x_wconf 87' lang='lat' dir='ltr'><strong><em>pastorali</em></strong></span> <span class='ocrx_word' id='word_1_250' title='bbox 2867 3650 3068 3731; x_wconf 82' lang='lat' dir='ltr'><strong><em>ofﬁcio</em></strong></span> <span class='ocrx_word' id='word_1_251' title='bbox 3111 3658 3169 3711; x_wconf 89' lang='lat' dir='ltr'><strong><em>et</em></strong></span> <span class='ocrx_word' id='word_1_252' title='bbox 3207 3640 3535 3714; x_wconf 84' lang='lat' dir='ltr'><strong><em>actionibus</em></strong></span> <span class='ocrx_word' id='word_1_253' title='bbox 3585 3674 3710 3737; x_wconf 88' lang='lat' dir='ltr'><strong><em>pu-</em></strong></span> 
     </span>
    </p>
   </div>
   <div class='ocr_carea' id='block_1_28' title="bbox 312 3748 3716 3833">
    <p class='ocr_par' dir='ltr' id='par_1_28' title="bbox 312 3748 3716 3833">
     <span class='ocr_line' id='line_1_28' title="bbox 312 3748 3716 3833; baseline 0.001 -19"><span class='ocrx_word' id='word_1_254' title='bbox 312 3756 485 3816; x_wconf 85' lang='lat' dir='ltr'><strong><em>blicis</em></strong></span> <span class='ocrx_word' id='word_1_255' title='bbox 527 3754 844 3833; x_wconf 85' lang='lat' dir='ltr'><strong><em>indefessus</em></strong></span> <span class='ocrx_word' id='word_1_256' title='bbox 886 3770 1080 3827; x_wconf 88' lang='lat' dir='ltr'><strong><em>vacas,</em></strong></span> <span class='ocrx_word' id='word_1_257' title='bbox 1127 3760 1184 3811; x_wconf 89' lang='lat' dir='ltr'><strong><em>ct</em></strong></span> <span class='ocrx_word' id='word_1_258' title='bbox 1225 3749 1385 3831; x_wconf 90' lang='lat' dir='ltr'><strong><em>quod</em></strong></span> <span class='ocrx_word' id='word_1_259' title='bbox 1424 3760 1688 3832; x_wconf 84' lang='lat' dir='ltr'><strong><em>superest</em></strong></span> <span class='ocrx_word' id='word_1_260' title='bbox 1726 3751 2010 3812; x_wconf 81' lang='lat' dir='ltr'><strong><em>subcisivi</em></strong></span> <span class='ocrx_word' id='word_1_261' title='bbox 2052 3752 2347 3833; x_wconf 87' lang='lat' dir='ltr'><strong><em>temporis,</em></strong></span> <span class='ocrx_word' id='word_1_262' title='bbox 2394 3752 2456 3811; x_wconf 90' lang='lat' dir='ltr'><strong><em>in</em></strong></span> <span class='ocrx_word' id='word_1_263' title='bbox 2499 3748 2944 3812; x_wconf 88' lang='lat' dir='ltr'><strong><em>conscribendas</em></strong></span> <span class='ocrx_word' id='word_1_264' title='bbox 2979 3769 3094 3831; x_wconf 90' lang='lat' dir='ltr'><strong><em>pro</em></strong></span> <span class='ocrx_word' id='word_1_265' title='bbox 3137 3768 3336 3812; x_wconf 89' lang='lat' dir='ltr'><strong><em>rerum</em></strong></span> <span class='ocrx_word' id='word_1_266' title='bbox 3378 3754 3716 3817; x_wconf 85' lang='lat' dir='ltr'><strong><em>necessitate</em></strong></span> 
     </span>
    </p>
   </div>
   <div class='ocr_carea' id='block_1_29' title="bbox 301 3847 3710 3931">
    <p class='ocr_par' dir='ltr' id='par_1_29' title="bbox 301 3847 3710 3931">
     <span class='ocr_line' id='line_1_29' title="bbox 301 3847 3710 3931; baseline 0.001 -19"><span class='ocrx_word' id='word_1_267' title='bbox 301 3852 671 3913; x_wconf 72' lang='lat' dir='ltr'><strong><em>doctissimas</em></strong></span> <span class='ocrx_word' id='word_1_268' title='bbox 731 3860 790 3910; x_wconf 91' lang='lat' dir='ltr'><strong><em>et</em></strong></span> <span class='ocrx_word' id='word_1_269' title='bbox 864 3848 1292 3910; x_wconf 86' lang='lat' dir='ltr'><strong><em>eruditissimos</em></strong></span> <span class='ocrx_word' id='word_1_270' title='bbox 1353 3847 1754 3909; x_wconf 88' lang='lat' dir='ltr'><strong><em>lnstitutiones</em></strong></span> <span class='ocrx_word' id='word_1_271' title='bbox 1796 3859 1975 3930; x_wconf 89' lang='lat' dir='ltr'><strong><em>atque</em></strong></span> <span class='ocrx_word' id='word_1_272' title='bbox 2034 3849 2482 3912; x_wconf 83' lang='lat' dir='ltr'><strong><em>Constitutiones</em></strong></span> <span class='ocrx_word' id='word_1_273' title='bbox 2542 3848 2795 3931; x_wconf 86' lang='lat' dir='ltr'><strong><em>confers,</em></strong></span> <span class='ocrx_word' id='word_1_274' title='bbox 2853 3848 3120 3909; x_wconf 87' lang='lat' dir='ltr'><strong><em>omnibus</em></strong></span> <span class='ocrx_word' id='word_1_275' title='bbox 3175 3850 3491 3912; x_wconf 66' lang='lat' dir='ltr'><strong><em>notissimas</em></strong></span> <span class='ocrx_word' id='word_1_276' title='bbox 3549 3862 3710 3914; x_wconf 91' lang='lat' dir='ltr'><strong><em>sunt.</em></strong></span> 
     </span>
    </p>
   </div>
   <div class='ocr_carea' id='block_1_30' title="bbox 302 3945 3718 4032">
    <p class='ocr_par' dir='ltr' id='par_1_30' title="bbox 302 3945 3718 4032">
     <span class='ocr_line' id='line_1_30' title="bbox 302 3945 3718 4032; baseline 0 -21"><span class='ocrx_word' id='word_1_277' title='bbox 302 3949 449 4032; x_wconf 85' lang='lat' dir='ltr'><strong><em>Ipsa</em></strong></span> <span class='ocrx_word' id='word_1_278' title='bbox 495 3958 600 4009; x_wconf 84' lang='lat' dir='ltr'><strong><em>tua</em></strong></span> <span class='ocrx_word' id='word_1_279' title='bbox 645 3947 839 4029; x_wconf 88' lang='lat' dir='ltr'><strong><em>Opera</em></strong></span> <span class='ocrx_word' id='word_1_280' title='bbox 880 3965 1009 4028; x_wconf 75' lang='lat' dir='ltr'><strong><em>quae</em></strong></span> <span class='ocrx_word' id='word_1_281' title='bbox 1046 3945 1326 4028; x_wconf 86' lang='lat' dir='ltr'><strong><em>pluribus</em></strong></span> <span class='ocrx_word' id='word_1_282' title='bbox 1368 3946 1762 4008; x_wconf 84' lang='lat' dir='ltr'><strong><em>voluminibus</em></strong></span> <span class='ocrx_word' id='word_1_283' title='bbox 1805 3946 2030 4028; x_wconf 88' lang='lat' dir='ltr'><strong><em>digesta</em></strong></span> <span class='ocrx_word' id='word_1_284' title='bbox 2090 3947 2368 4009; x_wconf 79' lang='lat' dir='ltr'><strong><em>hactenus</em></strong></span> <span class='ocrx_word' id='word_1_285' title='bbox 2404 3946 2764 4028; x_wconf 84' lang='lat' dir='ltr'><strong><em>prodierunt</em></strong></span> <span class='ocrx_word' id='word_1_286' title='bbox 2826 3947 2886 4006; x_wconf 90' lang='lat' dir='ltr'><strong><em>in</em></strong></span> <span class='ocrx_word' id='word_1_287' title='bbox 2930 3947 3140 4022; x_wconf 89' lang='lat' dir='ltr'><strong><em>lucem,</em></strong></span> <span class='ocrx_word' id='word_1_288' title='bbox 3203 3960 3450 4031; x_wconf 75' lang='lat' dir='ltr'><strong><em>quaeque</em></strong></span> <span class='ocrx_word' id='word_1_289' title='bbox 3490 3949 3553 4011; x_wconf 87' lang='lat' dir='ltr'><strong><em>in</em></strong></span> <span class='ocrx_word' id='word_1_290' title='bbox 3595 3949 3718 4012; x_wconf 88' lang='lat' dir='ltr'><strong><em>dies</em></strong></span> 
     </span>
    </p>
   </div>
   <div class='ocr_carea' id='block_1_31' title="bbox 296 4043 3716 4129">
    <p class='ocr_par' dir='ltr' id='par_1_31' title="bbox 296 4043 3716 4129">
     <span class='ocr_line' id='line_1_31' title="bbox 296 4043 3716 4129; baseline 0 -21"><span class='ocrx_word' id='word_1_291' title='bbox 296 4045 631 4109; x_wconf 70' lang='lat' dir='ltr'><strong><em>identidem</em></strong></span> <span class='ocrx_word' id='word_1_292' title='bbox 665 4043 988 4128; x_wconf 89' lang='lat' dir='ltr'><strong><em>prodeunt,</em></strong></span> <span class='ocrx_word' id='word_1_293' title='bbox 1032 4063 1101 4106; x_wconf 87' lang='lat' dir='ltr'><strong><em>ac</em></strong></span> <span class='ocrx_word' id='word_1_294' title='bbox 1142 4045 1207 4105; x_wconf 91' lang='lat' dir='ltr'><strong><em>in</em></strong></span> <span class='ocrx_word' id='word_1_295' title='bbox 1250 4045 1416 4106; x_wconf 89' lang='lat' dir='ltr'><strong><em>omni</em></strong></span> <span class='ocrx_word' id='word_1_296' title='bbox 1451 4043 1841 4106; x_wconf 80' lang='lat' dir='ltr'><strong><em>ecclesiastica</em></strong></span> <span class='ocrx_word' id='word_1_297' title='bbox 1883 4047 2129 4106; x_wconf 88' lang='lat' dir='ltr'><strong><em>materie</em></strong></span> <span class='ocrx_word' id='word_1_298' title='bbox 2169 4064 2289 4106; x_wconf 87' lang='lat' dir='ltr'><strong><em>non</em></strong></span> <span class='ocrx_word' id='word_1_299' title='bbox 2336 4054 2456 4107; x_wconf 89' lang='lat' dir='ltr'><strong><em>tam</em></strong></span> <span class='ocrx_word' id='word_1_300' title='bbox 2492 4043 2904 4127; x_wconf 63' lang='lat' dir='ltr'><strong><em>prementibus,</em></strong></span> <span class='ocrx_word' id='word_1_301' title='bbox 2950 4063 3132 4126; x_wconf 91' lang='lat' dir='ltr'><strong><em>quam</em></strong></span> <span class='ocrx_word' id='word_1_302' title='bbox 3173 4043 3400 4125; x_wconf 73' lang='lat' dir='ltr'><strong><em>futuris</em></strong></span> <span class='ocrx_word' id='word_1_303' title='bbox 3445 4048 3716 4129; x_wconf 87' lang='lat' dir='ltr'><strong><em>tempori-</em></strong></span> 
     </span>
    </p>
   </div>
   <div class='ocr_carea' id='block_1_32' title="bbox 292 4138 3717 4227">
    <p class='ocr_par' dir='ltr' id='par_1_32' title="bbox 292 4138 3717 4227">
     <span class='ocr_line' id='line_1_32' title="bbox 292 4138 3717 4227; baseline 0 -20"><span class='ocrx_word' id='word_1_304' title='bbox 292 4146 402 4207; x_wconf 76' lang='lat' dir='ltr'><strong><em>bus</em></strong></span> <span class='ocrx_word' id='word_1_305' title='bbox 436 4145 840 4227; x_wconf 86' lang='lat' dir='ltr'><strong><em>prospiciunt,</em></strong></span> <span class='ocrx_word' id='word_1_306' title='bbox 885 4140 1027 4203; x_wconf 89' lang='lat' dir='ltr'><strong><em>dum</em></strong></span> <span class='ocrx_word' id='word_1_307' title='bbox 1067 4162 1264 4204; x_wconf 91' lang='lat' dir='ltr'><strong><em>omnes</em></strong></span> <span class='ocrx_word' id='word_1_308' title='bbox 1306 4162 1438 4203; x_wconf 90' lang='lat' dir='ltr'><strong><em>cum</em></strong></span> <span class='ocrx_word' id='word_1_309' title='bbox 1481 4138 1782 4225; x_wconf 89' lang='lat' dir='ltr'><strong><em>voluptate</em></strong></span> <span class='ocrx_word' id='word_1_310' title='bbox 1822 4151 1877 4203; x_wconf 92' lang='lat' dir='ltr'><strong><em>et</em></strong></span> <span class='ocrx_word' id='word_1_311' title='bbox 1918 4142 2175 4204; x_wconf 80' lang='lat' dir='ltr'><strong><em>utilitate</em></strong></span> <span class='ocrx_word' id='word_1_312' title='bbox 2216 4142 2511 4219; x_wconf 89' lang='lat' dir='ltr'><strong><em>evolvunt,</em></strong></span> <span class='ocrx_word' id='word_1_313' title='bbox 2574 4144 3018 4225; x_wconf 73' lang='lat' dir='ltr'><strong><em>maximamque</em></strong></span> <span class='ocrx_word' id='word_1_314' title='bbox 3061 4142 3124 4204; x_wconf 90' lang='lat' dir='ltr'><strong><em>in</em></strong></span> <span class='ocrx_word' id='word_1_315' title='bbox 3183 4142 3387 4207; x_wconf 87' lang='lat' dir='ltr'><strong><em>iisdem</em></strong></span> <span class='ocrx_word' id='word_1_316' title='bbox 3427 4165 3547 4208; x_wconf 91' lang='lat' dir='ltr'><strong><em>non</em></strong></span> <span class='ocrx_word' id='word_1_317' title='bbox 3584 4145 3717 4226; x_wconf 81' lang='lat' dir='ltr'><strong><em>jam</em></strong></span> 
     </span>
    </p>
   </div>
   <div class='ocr_carea' id='block_1_33' title="bbox 284 4238 3713 4325">
    <p class='ocr_par' dir='ltr' id='par_1_33' title="bbox 284 4238 3713 4325">
     <span class='ocr_line' id='line_1_33' title="bbox 284 4238 3713 4325; baseline 0 -21"><span class='ocrx_word' id='word_1_318' title='bbox 284 4243 542 4317; x_wconf 79' lang='lat' dir='ltr'><strong><em>molem,</em></strong></span> <span class='ocrx_word' id='word_1_319' title='bbox 584 4241 690 4303; x_wconf 89' lang='lat' dir='ltr'><strong><em>sed</em></strong></span> <span class='ocrx_word' id='word_1_320' title='bbox 726 4241 1135 4314; x_wconf 83' lang='lat' dir='ltr'><strong><em>eruditionem,</em></strong></span> <span class='ocrx_word' id='word_1_321' title='bbox 1183 4259 1386 4302; x_wconf 89' lang='lat' dir='ltr'><strong><em>rerum</em></strong></span> <span class='ocrx_word' id='word_1_322' title='bbox 1429 4242 1796 4315; x_wconf 87' lang='lat' dir='ltr'><strong><em>varietatem,</em></strong></span> <span class='ocrx_word' id='word_1_323' title='bbox 1845 4238 2199 4318; x_wconf 82' lang='lat' dir='ltr'><strong><em>methodum,</em></strong></span> <span class='ocrx_word' id='word_1_324' title='bbox 2257 4242 2742 4325; x_wconf 87' lang='lat' dir='ltr'><strong><em>perspicuitatem</em></strong></span> <span class='ocrx_word' id='word_1_325' title='bbox 2784 4260 2856 4304; x_wconf 92' lang='lat' dir='ltr'><strong><em>ac</em></strong></span> <span class='ocrx_word' id='word_1_326' title='bbox 2917 4240 3249 4304; x_wconf 81' lang='lat' dir='ltr'><strong><em>doctrinam</em></strong></span> <span class='ocrx_word' id='word_1_327' title='bbox 3298 4240 3713 4320; x_wconf 89' lang='lat' dir='ltr'><strong><em>admirantur,</em></strong></span> 
     </span>
    </p>
   </div>
   <div class='ocr_carea' id='block_1_34' title="bbox 304 4328 3720 4424">
    <p class='ocr_par' dir='ltr' id='par_1_34' title="bbox 304 4328 3720 4424">
     <span class='ocr_line' id='line_1_34' title="bbox 304 4328 3720 4424; baseline 0 -21"><span class='ocrx_word' id='word_1_328' title='bbox 304 4352 365 4403; x_wconf 86' lang='lat' dir='ltr'><strong><em>te</em></strong></span> <span class='ocrx_word' id='word_1_329' title='bbox 410 4361 544 4402; x_wconf 90' lang='lat' dir='ltr'><strong><em>cum</em></strong></span> <span class='ocrx_word' id='word_1_330' title='bbox 588 4341 853 4423; x_wconf 86' lang='lat' dir='ltr'><strong><em>antiquis</em></strong></span> <span class='ocrx_word' id='word_1_331' title='bbox 884 4339 1381 4422; x_wconf 77' lang='lat' dir='ltr'><strong><em>prcetantioribus</em></strong></span> <span class='ocrx_word' id='word_1_332' title='bbox 1418 4339 1806 4421; x_wconf 86' lang='lat' dir='ltr'><strong><em>pontiﬁcibus</em></strong></span> <span class='ocrx_word' id='word_1_333' title='bbox 1846 4340 2138 4421; x_wconf 89' lang='lat' dir='ltr'><strong><em>conferre,</em></strong></span> <span class='ocrx_word' id='word_1_334' title='bbox 2187 4351 2241 4401; x_wconf 92' lang='lat' dir='ltr'><strong><em>et</em></strong></span> <span class='ocrx_word' id='word_1_335' title='bbox 2282 4343 2550 4403; x_wconf 73' lang='lat' dir='ltr'><strong>MAGNUM</strong></span> <span class='ocrx_word' id='word_1_336' title='bbox 2594 4358 2748 4414; x_wconf 88' lang='lat' dir='ltr'><strong><em>vere,</em></strong></span> <span class='ocrx_word' id='word_1_337' title='bbox 2792 4360 2893 4401; x_wconf 90' lang='lat' dir='ltr'><strong><em>seu</em></strong></span> <span class='ocrx_word' id='word_1_338' title='bbox 2928 4340 3128 4421; x_wconf 88' lang='lat' dir='ltr'><strong><em>potius</em></strong></span> <span class='ocrx_word' id='word_1_339' title='bbox 3171 4328 3473 4404; x_wconf 62' lang='lat' dir='ltr'><strong><em>Mummi!</em></strong></span> <span class='ocrx_word' id='word_1_340' title='bbox 3532 4342 3720 4424; x_wconf 80' lang='lat' dir='ltr'><strong><em>conﬁ-</em></strong></span> 
     </span>
    </p>
   </div>
   <div class='ocr_carea' id='block_1_35' title="bbox 303 4437 3721 4521">
    <p class='ocr_par' dir='ltr' id='par_1_35' title="bbox 303 4437 3721 4521">
     <span class='ocr_line' id='line_1_35' title="bbox 303 4437 3721 4521; baseline 0.002 -22"><span class='ocrx_word' id='word_1_341' title='bbox 303 4449 427 4499; x_wconf 57' lang='grc' dir='ltr'><strong><em>(ενι</em></strong></span> <span class='ocrx_word' id='word_1_342' title='bbox 486 4459 603 4500; x_wconf 84' lang='lat' dir='ltr'><strong><em>non</em></strong></span> <span class='ocrx_word' id='word_1_343' title='bbox 644 4438 949 4501; x_wconf 90' lang='lat' dir='ltr'><strong><em>dubitant.</em></strong></span> <span class='ocrx_word' id='word_1_344' title='bbox 996 4438 1205 4501; x_wconf 78' lang='lat' dir='ltr'><strong>MAGNI</strong></span> <span class='ocrx_word' id='word_1_345' title='bbox 1250 4438 1445 4518; x_wconf 86' lang='lat' dir='ltr'><strong><em>igitur</em></strong></span> <span class='ocrx_word' id='word_1_346' title='bbox 1504 4440 1741 4520; x_wconf 90' lang='lat' dir='ltr'><strong><em>antiqui</em></strong></span> <span class='ocrx_word' id='word_1_347' title='bbox 1797 4439 2061 4502; x_wconf 79' lang='lat' dir='ltr'><strong><em>Romani</em></strong></span> <span class='ocrx_word' id='word_1_348' title='bbox 2098 4439 2378 4503; x_wconf 86' lang='lat' dir='ltr'><strong><em>antistitis</em></strong></span> <span class='ocrx_word' id='word_1_349' title='bbox 2441 4437 2636 4520; x_wconf 87' lang='lat' dir='ltr'><strong><em>Opera</em></strong></span> <span class='ocrx_word' id='word_1_350' title='bbox 2705 4437 2821 4499; x_wconf 89' lang='lat' dir='ltr'><strong><em>tibi</em></strong></span> <span class='ocrx_word' id='word_1_351' title='bbox 2844 4458 2979 4521; x_wconf 75' lang='lat' dir='ltr'><strong><em>prae</em></strong></span> <span class='ocrx_word' id='word_1_352' title='bbox 3033 4438 3259 4501; x_wconf 64' lang='lat' dir='ltr'><strong><em>caeteris</em></strong></span> <span class='ocrx_word' id='word_1_353' title='bbox 3298 4442 3614 4503; x_wconf 80' lang='lat' dir='ltr'><strong><em>successori</em></strong></span> <span class='ocrx_word' id='word_1_354' title='bbox 3648 4459 3721 4506; x_wconf 86' lang='lat' dir='ltr'><strong><em>ac</em></strong></span> 
     </span>
    </p>
   </div>
   <div class='ocr_carea' id='block_1_36' title="bbox 302 4535 2002 4618">
    <p class='ocr_par' dir='ltr' id='par_1_36' title="bbox 302 4535 2002 4618">
     <span class='ocr_line' id='line_1_36' title="bbox 302 4535 2002 4618; baseline -0.001 -18"><span class='ocrx_word' id='word_1_355' title='bbox 302 4537 668 4600; x_wconf 70' lang='lat' dir='ltr'><strong><em>mnuiatori</em></strong></span> <span class='ocrx_word' id='word_1_356' title='bbox 700 4537 834 4618; x_wconf 88' lang='lat' dir='ltr'><strong><em>ejus</em></strong></span> <span class='ocrx_word' id='word_1_357' title='bbox 876 4535 1103 4599; x_wconf 74' lang='lat' dir='ltr'><strong>MAGNO</strong></span> <span class='ocrx_word' id='word_1_358' title='bbox 1144 4536 1470 4617; x_wconf 80' lang='lat' dir='ltr'><strong><em>tequissime</em></strong></span> <span class='ocrx_word' id='word_1_359' title='bbox 1512 4536 1769 4599; x_wconf 85' lang='lat' dir='ltr'><strong><em>dicanda</em></strong></span> <span class='ocrx_word' id='word_1_360' title='bbox 1808 4537 2002 4617; x_wconf 89' lang='lat' dir='ltr'><strong><em>fuere.</em></strong></span> 
     </span>
    </p>
   </div>
   <div class='ocr_carea' id='block_1_37' title="bbox 388 4634 3727 4721">
    <p class='ocr_par' dir='ltr' id='par_1_37' title="bbox 388 4634 3727 4721">
     <span class='ocr_line' id='line_1_37' title="bbox 388 4634 3727 4721; baseline 0.001 -24"><span class='ocrx_word' id='word_1_361' title='bbox 388 4636 558 4697; x_wconf 83' lang='lat' dir='ltr'><strong><em>Huic</em></strong></span> <span class='ocrx_word' id='word_1_362' title='bbox 599 4645 796 4697; x_wconf 90' lang='lat' dir='ltr'><strong><em>autem</em></strong></span> <span class='ocrx_word' id='word_1_363' title='bbox 840 4635 1382 4716; x_wconf 75' lang='lat' dir='ltr'><strong><em>congruentissimx</em></strong></span> <span class='ocrx_word' id='word_1_364' title='bbox 1433 4636 1664 4697; x_wconf 90' lang='lat' dir='ltr'><strong><em>rationi</em></strong></span> <span class='ocrx_word' id='word_1_365' title='bbox 1705 4635 1827 4698; x_wconf 91' lang='lat' dir='ltr'><strong><em>alia</em></strong></span> <span class='ocrx_word' id='word_1_366' title='bbox 1884 4637 2136 4717; x_wconf 90' lang='lat' dir='ltr'><strong><em>gravior</em></strong></span> <span class='ocrx_word' id='word_1_367' title='bbox 2195 4643 2249 4697; x_wconf 92' lang='lat' dir='ltr'><strong><em>et</em></strong></span> <span class='ocrx_word' id='word_1_368' title='bbox 2308 4636 2531 4717; x_wconf 88' lang='lat' dir='ltr'><strong><em>fortior</em></strong></span> <span class='ocrx_word' id='word_1_369' title='bbox 2589 4634 2835 4696; x_wconf 89' lang='lat' dir='ltr'><strong><em>accedit.</em></strong></span> <span class='ocrx_word' id='word_1_370' title='bbox 2900 4635 3060 4697; x_wconf 85' lang='lat' dir='ltr'><strong><em>Dum</em></strong></span> <span class='ocrx_word' id='word_1_371' title='bbox 3121 4637 3274 4699; x_wconf 90' lang='lat' dir='ltr'><strong><em>enim</em></strong></span> <span class='ocrx_word' id='word_1_372' title='bbox 3332 4646 3470 4699; x_wconf 90' lang='lat' dir='ltr'><strong><em>ante</em></strong></span> <span class='ocrx_word' id='word_1_373' title='bbox 3502 4657 3727 4721; x_wconf 86' lang='lat' dir='ltr'><strong><em>paucos</em></strong></span> 
     </span>
    </p>
   </div>
   <div class='ocr_carea' id='block_1_38' title="bbox 298 4731 3725 4817">
    <p class='ocr_par' dir='ltr' id='par_1_38' title="bbox 298 4731 3725 4817">
     <span class='ocr_line' id='line_1_38' title="bbox 298 4731 3725 4817; baseline 0.001 -21"><span class='ocrx_word' id='word_1_374' title='bbox 298 4754 498 4796; x_wconf 82' lang='lat' dir='ltr'><strong><em>annos</em></strong></span> <span class='ocrx_word' id='word_1_375' title='bbox 540 4734 695 4795; x_wconf 88' lang='lat' dir='ltr'><strong><em>alter</em></strong></span> <span class='ocrx_word' id='word_1_376' title='bbox 733 4753 766 4794; x_wconf 91' lang='lat' dir='ltr'><strong><em>e</em></strong></span> <span class='ocrx_word' id='word_1_377' title='bbox 802 4733 971 4795; x_wconf 87' lang='lat' dir='ltr'><strong><em>nobis</em></strong></span> <span class='ocrx_word' id='word_1_378' title='bbox 1020 4734 1215 4795; x_wconf 74' lang='lat' dir='ltr'><strong><em>Roma:</em></strong></span> <span class='ocrx_word' id='word_1_379' title='bbox 1260 4732 1511 4814; x_wconf 88' lang='lat' dir='ltr'><strong><em>degeret,</em></strong></span> <span class='ocrx_word' id='word_1_380' title='bbox 1558 4753 1731 4815; x_wconf 88' lang='lat' dir='ltr'><strong><em>seque</em></strong></span> <span class='ocrx_word' id='word_1_381' title='bbox 1773 4747 1909 4795; x_wconf 90' lang='lat' dir='ltr'><strong><em>ante</em></strong></span> <span class='ocrx_word' id='word_1_382' title='bbox 1945 4735 2115 4816; x_wconf 90' lang='lat' dir='ltr'><strong><em>pedes</em></strong></span> <span class='ocrx_word' id='word_1_383' title='bbox 2180 4743 2302 4794; x_wconf 90' lang='lat' dir='ltr'><strong><em>tuos</em></strong></span> <span class='ocrx_word' id='word_1_384' title='bbox 2371 4731 2686 4794; x_wconf 89' lang='lat' dir='ltr'><strong><em>identidem</em></strong></span> <span class='ocrx_word' id='word_1_385' title='bbox 2745 4741 3016 4811; x_wconf 77' lang='lat' dir='ltr'><strong><em>sisteret;</em></strong></span> <span class='ocrx_word' id='word_1_386' title='bbox 3059 4733 3215 4796; x_wconf 91' lang='lat' dir='ltr'><strong><em>inter</em></strong></span> <span class='ocrx_word' id='word_1_387' title='bbox 3269 4754 3364 4797; x_wconf 92' lang='lat' dir='ltr'><strong><em>eos</em></strong></span> <span class='ocrx_word' id='word_1_388' title='bbox 3416 4756 3725 4817; x_wconf 88' lang='lat' dir='ltr'><strong><em>sermones,</em></strong></span> 
     </span>
    </p>
   </div>
   <div class='ocr_carea' id='block_1_39' title="bbox 296 4829 3726 4914">
    <p class='ocr_par' dir='ltr' id='par_1_39' title="bbox 296 4829 3726 4914">
     <span class='ocr_line' id='line_1_39' title="bbox 296 4829 3726 4914; baseline 0.002 -22"><span class='ocrx_word' id='word_1_389' title='bbox 296 4852 456 4914; x_wconf 67' lang='lat' dir='ltr'><strong><em>quos</em></strong></span> <span class='ocrx_word' id='word_1_390' title='bbox 493 4849 610 4914; x_wconf 90' lang='lat' dir='ltr'><strong><em>pro</em></strong></span> <span class='ocrx_word' id='word_1_391' title='bbox 652 4851 878 4893; x_wconf 88' lang='lat' dir='ltr'><strong><em>summa</em></strong></span> <span class='ocrx_word' id='word_1_392' title='bbox 923 4831 1293 4912; x_wconf 89' lang='lat' dir='ltr'><strong><em>benignitate</em></strong></span> <span class='ocrx_word' id='word_1_393' title='bbox 1338 4840 1440 4892; x_wconf 86' lang='lat' dir='ltr'><strong><em>tua</em></strong></span> <span class='ocrx_word' id='word_1_394' title='bbox 1484 4850 1613 4892; x_wconf 90' lang='lat' dir='ltr'><strong><em>cum</em></strong></span> <span class='ocrx_word' id='word_1_395' title='bbox 1658 4831 1855 4893; x_wconf 89' lang='lat' dir='ltr'><strong><em>eodem</em></strong></span> <span class='ocrx_word' id='word_1_396' title='bbox 1896 4829 2131 4907; x_wconf 79' lang='lat' dir='ltr'><strong><em>habere,</em></strong></span> <span class='ocrx_word' id='word_1_397' title='bbox 2177 4830 2504 4913; x_wconf 89' lang='lat' dir='ltr'><strong><em>quibusque</em></strong></span> <span class='ocrx_word' id='word_1_398' title='bbox 2570 4830 2702 4910; x_wconf 88' lang='lat' dir='ltr'><strong><em>fere</em></strong></span> <span class='ocrx_word' id='word_1_399' title='bbox 2773 4831 2841 4892; x_wconf 82' lang='lat' dir='ltr'><strong><em>de</em></strong></span> <span class='ocrx_word' id='word_1_400' title='bbox 2896 4832 3133 4913; x_wconf 85' lang='lat' dir='ltr'><strong><em>optimis</em></strong></span> <span class='ocrx_word' id='word_1_401' title='bbox 3188 4833 3398 4895; x_wconf 88' lang='lat' dir='ltr'><strong><em>studiis</em></strong></span> <span class='ocrx_word' id='word_1_402' title='bbox 3448 4844 3503 4897; x_wconf 91' lang='lat' dir='ltr'><strong><em>et</em></strong></span> <span class='ocrx_word' id='word_1_403' title='bbox 3544 4836 3726 4898; x_wconf 85' lang='lat' dir='ltr'><strong><em>eccle-</em></strong></span> 
     </span>
    </p>
   </div>
   <div class='ocr_carea' id='block_1_40' title="bbox 304 4928 3729 5016">
    <p class='ocr_par' dir='ltr' id='par_1_40' title="bbox 304 4928 3729 5016">
     <span class='ocr_line' id='line_1_40' title="bbox 304 4928 3729 5016; baseline 0.002 -25"><span class='ocrx_word' id='word_1_404' title='bbox 304 4930 580 4993; x_wconf 68' lang='lat' dir='ltr'><strong><em>siasticis</em></strong></span> <span class='ocrx_word' id='word_1_405' title='bbox 618 4929 943 5011; x_wconf 70' lang='lat' dir='ltr'><strong><em>disciplinis</em></strong></span> <span class='ocrx_word' id='word_1_406' title='bbox 984 4950 1105 4991; x_wconf 89' lang='lat' dir='ltr'><strong><em>non</em></strong></span> <span class='ocrx_word' id='word_1_407' title='bbox 1139 4949 1340 5011; x_wconf 90' lang='lat' dir='ltr'><strong><em>pauca</em></strong></span> <span class='ocrx_word' id='word_1_408' title='bbox 1381 4929 1602 4990; x_wconf 88' lang='lat' dir='ltr'><strong><em>solebas</em></strong></span> <span class='ocrx_word' id='word_1_409' title='bbox 1644 4929 1947 5004; x_wconf 87' lang='lat' dir='ltr'><strong><em>disserere,</em></strong></span> <span class='ocrx_word' id='word_1_410' title='bbox 1993 4928 2064 4990; x_wconf 92' lang='lat' dir='ltr'><strong><em>de</em></strong></span> <span class='ocrx_word' id='word_1_411' title='bbox 2103 4948 2174 4991; x_wconf 91' lang='lat' dir='ltr'><strong><em>ea</em></strong></span> <span class='ocrx_word' id='word_1_412' title='bbox 2217 4929 2289 4990; x_wconf 91' lang='lat' dir='ltr'><strong><em>S.</em></strong></span> <span class='ocrx_word' id='word_1_413' title='bbox 2336 4930 2549 4991; x_wconf 88' lang='lat' dir='ltr'><strong><em>Leonis</em></strong></span> <span class='ocrx_word' id='word_1_414' title='bbox 2589 4928 2844 4990; x_wconf 90' lang='lat' dir='ltr'><strong><em>editione</em></strong></span> <span class='ocrx_word' id='word_1_415' title='bbox 2886 4929 3096 4990; x_wconf 88' lang='lat' dir='ltr'><strong><em>incidit</em></strong></span> <span class='ocrx_word' id='word_1_416' title='bbox 3135 4933 3376 5008; x_wconf 88' lang='lat' dir='ltr'><strong><em>mentio,</em></strong></span> <span class='ocrx_word' id='word_1_417' title='bbox 3422 4953 3541 5016; x_wconf 90' lang='lat' dir='ltr'><strong><em>qua</em></strong></span> <span class='ocrx_word' id='word_1_418' title='bbox 3581 4935 3729 4996; x_wconf 86' lang='lat' dir='ltr'><strong><em>Pas-</em></strong></span> 
     </span>
    </p>
   </div>
   <div class='ocr_carea' id='block_1_41' title="bbox 315 5026 3842 5114">
    <p class='ocr_par' dir='ltr' id='par_1_41' title="bbox 315 5026 3842 5114">
     <span class='ocr_line' id='line_1_41' title="bbox 315 5026 3842 5114; baseline 0.001 -25"><span class='ocrx_word' id='word_1_419' title='bbox 315 5028 561 5090; x_wconf 78' lang='lat' dir='ltr'><strong><em>chasius</em></strong></span> <span class='ocrx_word' id='word_1_420' title='bbox 604 5027 939 5103; x_wconf 77' lang='lat' dir='ltr'><strong><em>Quesnellus</em></strong></span> <span class='ocrx_word' id='word_1_421' title='bbox 979 5030 1178 5089; x_wconf 88' lang='lat' dir='ltr'><strong><em>sancti</em></strong></span> <span class='ocrx_word' id='word_1_422' title='bbox 1204 5027 1509 5110; x_wconf 85' lang='lat' dir='ltr'><strong><em>pontiﬁcis</em></strong></span> <span class='ocrx_word' id='word_1_423' title='bbox 1557 5026 1750 5109; x_wconf 89' lang='lat' dir='ltr'><strong><em>Opera</em></strong></span> <span class='ocrx_word' id='word_1_424' title='bbox 1791 5047 1909 5088; x_wconf 91' lang='lat' dir='ltr'><strong><em>non</em></strong></span> <span class='ocrx_word' id='word_1_425' title='bbox 1953 5036 2071 5089; x_wconf 90' lang='lat' dir='ltr'><strong><em>tam</em></strong></span> <span class='ocrx_word' id='word_1_426' title='bbox 2112 5026 2419 5090; x_wconf 86' lang='lat' dir='ltr'><strong><em>emendare</em></strong></span> <span class='ocrx_word' id='word_1_427' title='bbox 2479 5046 2549 5089; x_wconf 90' lang='lat' dir='ltr'><strong><em>ac</em></strong></span> <span class='ocrx_word' id='word_1_428' title='bbox 2611 5027 2934 5104; x_wconf 88' lang='lat' dir='ltr'><strong><em>illustrare,</em></strong></span> <span class='ocrx_word' id='word_1_429' title='bbox 3000 5048 3183 5110; x_wconf 89' lang='lat' dir='ltr'><strong><em>quam</em></strong></span> <span class='ocrx_word' id='word_1_430' title='bbox 3241 5031 3473 5114; x_wconf 87' lang='lat' dir='ltr'><strong><em>aliquot</em></strong></span> <span class='ocrx_word' id='word_1_431' title='bbox 3519 5031 3730 5114; x_wconf 86' lang='lat' dir='ltr'><strong><em>pravis</em></strong></span> <span class='ocrx_word' id='word_1_432' title='bbox 3834 5052 3842 5061; x_wconf 59' lang='grc' dir='ltr'>ί</span> 
     </span>
    </p>
   </div>
   <div class='ocr_carea' id='block_1_42' title="bbox 310 5124 3731 5211">
    <p class='ocr_par' dir='ltr' id='par_1_42' title="bbox 310 5124 3731 5211">
     <span class='ocr_line' id='line_1_42' title="bbox 310 5124 3731 5211; baseline 0 -25"><span class='ocrx_word' id='word_1_433' title='bbox 310 5124 775 5201; x_wconf 73' lang='lat' dir='ltr'><strong><em>notutiunculzs,</em></strong></span> <span class='ocrx_word' id='word_1_434' title='bbox 824 5126 1322 5188; x_wconf 75' lang='lat' dir='ltr'><strong><em>observationibus</em></strong></span> <span class='ocrx_word' id='word_1_435' title='bbox 1363 5136 1418 5187; x_wconf 90' lang='lat' dir='ltr'><strong><em>et</em></strong></span> <span class='ocrx_word' id='word_1_436' title='bbox 1479 5125 1987 5187; x_wconf 71' lang='lat' dir='ltr'><strong><em>dissertationibus</em></strong></span> <span class='ocrx_word' id='word_1_437' title='bbox 2028 5145 2140 5186; x_wconf 91' lang='lat' dir='ltr'><strong><em>non</em></strong></span> <span class='ocrx_word' id='word_1_438' title='bbox 2180 5126 2389 5206; x_wconf 89' lang='lat' dir='ltr'><strong><em>paucis</em></strong></span> <span class='ocrx_word' id='word_1_439' title='bbox 2432 5125 2493 5185; x_wconf 90' lang='lat' dir='ltr'><strong><em>in</em></strong></span> <span class='ocrx_word' id='word_1_440' title='bbox 2537 5126 2678 5186; x_wconf 90' lang='lat' dir='ltr'><strong><em>locis</em></strong></span> <span class='ocrx_word' id='word_1_441' title='bbox 2718 5125 3101 5209; x_wconf 85' lang='lat' dir='ltr'><strong><em>redarguere,</em></strong></span> <span class='ocrx_word' id='word_1_442' title='bbox 3144 5136 3477 5211; x_wconf 84' lang='lat' dir='ltr'><strong><em>pervertere</em></strong></span> <span class='ocrx_word' id='word_1_443' title='bbox 3516 5137 3572 5188; x_wconf 90' lang='lat' dir='ltr'><strong><em>et</em></strong></span> <span class='ocrx_word' id='word_1_444' title='bbox 3626 5125 3731 5188; x_wconf 84' lang='lat' dir='ltr'><strong><em>de-</em></strong></span> 
     </span>
    </p>
   </div>
   <div class='ocr_carea' id='block_1_43' title="bbox 311 5220 3732 5306">
    <p class='ocr_par' dir='ltr' id='par_1_43' title="bbox 311 5220 3732 5306">
     <span class='ocr_line' id='line_1_43' title="bbox 311 5220 3732 5306; baseline 0.001 -22"><span class='ocrx_word' id='word_1_445' title='bbox 311 5234 579 5304; x_wconf 73' lang='lat' dir='ltr'><strong><em>turpare</em></strong></span> <span class='ocrx_word' id='word_1_446' title='bbox 617 5223 869 5285; x_wconf 88' lang='lat' dir='ltr'><strong><em>studuit.</em></strong></span> <span class='ocrx_word' id='word_1_447' title='bbox 913 5220 1074 5286; x_wconf 84' lang='lat' dir='ltr'><strong><em>Hinc</em></strong></span> <span class='ocrx_word' id='word_1_448' title='bbox 1129 5244 1311 5306; x_wconf 90' lang='lat' dir='ltr'><strong><em>porro</em></strong></span> <span class='ocrx_word' id='word_1_449' title='bbox 1353 5243 1520 5285; x_wconf 76' lang='lat' dir='ltr'><strong><em>novx</em></strong></span> <span class='ocrx_word' id='word_1_450' title='bbox 1563 5223 1854 5298; x_wconf 86' lang='lat' dir='ltr'><strong><em>editionis,</em></strong></span> <span class='ocrx_word' id='word_1_451' title='bbox 1903 5244 2031 5306; x_wconf 70' lang='lat' dir='ltr'><strong><em>quae</em></strong></span> <span class='ocrx_word' id='word_1_452' title='bbox 2073 5223 2153 5287; x_wconf 88' lang='lat' dir='ltr'><strong><em>ad</em></strong></span> <span class='ocrx_word' id='word_1_453' title='bbox 2218 5223 2531 5287; x_wconf 84' lang='lat' dir='ltr'><strong><em>Vaticanos</em></strong></span> <span class='ocrx_word' id='word_1_454' title='bbox 2585 5226 2913 5305; x_wconf 75' lang='lat' dir='ltr'><strong><em>praesertim</em></strong></span> <span class='ocrx_word' id='word_1_455' title='bbox 2955 5246 3092 5288; x_wconf 90' lang='lat' dir='ltr'><strong><em>mss.</em></strong></span> <span class='ocrx_word' id='word_1_456' title='bbox 3151 5227 3371 5288; x_wconf 88' lang='lat' dir='ltr'><strong><em>codices</em></strong></span> <span class='ocrx_word' id='word_1_457' title='bbox 3410 5225 3486 5287; x_wconf 92' lang='lat' dir='ltr'><strong><em>ab</em></strong></span> <span class='ocrx_word' id='word_1_458' title='bbox 3527 5244 3593 5286; x_wconf 91' lang='lat' dir='ltr'><strong><em>eo</em></strong></span> <span class='ocrx_word' id='word_1_459' title='bbox 3636 5228 3732 5288; x_wconf 88' lang='lat' dir='ltr'><strong><em>in-</em></strong></span> 
     </span>
    </p>
   </div>
   <div class='ocr_carea' id='block_1_44' title="bbox 315 5320 3730 5405">
    <p class='ocr_par' dir='ltr' id='par_1_44' title="bbox 315 5320 3730 5405">
     <span class='ocr_line' id='line_1_44' title="bbox 315 5320 3730 5405; baseline 0.002 -22"><span class='ocrx_word' id='word_1_460' title='bbox 315 5320 625 5383; x_wconf 87' lang='lat' dir='ltr'><strong><em>consultos</em></strong></span> <span class='ocrx_word' id='word_1_461' title='bbox 666 5324 1030 5402; x_wconf 87' lang='lat' dir='ltr'><strong><em>exigeretur,</em></strong></span> <span class='ocrx_word' id='word_1_462' title='bbox 1077 5322 1454 5405; x_wconf 89' lang='lat' dir='ltr'><strong><em>ejusdemque</em></strong></span> <span class='ocrx_word' id='word_1_463' title='bbox 1497 5322 1750 5385; x_wconf 87' lang='lat' dir='ltr'><strong><em>audaces</em></strong></span> <span class='ocrx_word' id='word_1_464' title='bbox 1791 5336 2033 5385; x_wconf 88' lang='lat' dir='ltr'><strong><em>conatus</em></strong></span> <span class='ocrx_word' id='word_1_465' title='bbox 2074 5323 2411 5385; x_wconf 86' lang='lat' dir='ltr'><strong><em>retunderet</em></strong></span> <span class='ocrx_word' id='word_1_466' title='bbox 2450 5332 2506 5383; x_wconf 89' lang='lat' dir='ltr'><strong><em>et</em></strong></span> <span class='ocrx_word' id='word_1_467' title='bbox 2531 5320 2908 5405; x_wconf 76' lang='lat' dir='ltr'><strong><em>infringeret,</em></strong></span> <span class='ocrx_word' id='word_1_468' title='bbox 2952 5327 3340 5386; x_wconf 83' lang='lat' dir='ltr'><strong><em>necessitatem</em></strong></span> <span class='ocrx_word' id='word_1_469' title='bbox 3369 5328 3730 5390; x_wconf 87' lang='lat' dir='ltr'><strong><em>memorasti.</em></strong></span> 
     </span>
    </p>
   </div>
   <div class='ocr_carea' id='block_1_45' title="bbox 316 5418 3737 5507">
    <p class='ocr_par' dir='ltr' id='par_1_45' title="bbox 316 5418 3737 5507">
     <span class='ocr_line' id='line_1_45' title="bbox 316 5418 3737 5507; baseline 0.001 -23"><span class='ocrx_word' id='word_1_470' title='bbox 316 5419 480 5484; x_wconf 76' lang='lat' dir='ltr'><strong><em>Cum</em></strong></span> <span class='ocrx_word' id='word_1_471' title='bbox 526 5438 666 5481; x_wconf 90' lang='lat' dir='ltr'><strong><em>vero</em></strong></span> <span class='ocrx_word' id='word_1_472' title='bbox 711 5420 819 5481; x_wconf 76' lang='lat' dir='ltr'><strong><em>hoc</em></strong></span> <span class='ocrx_word' id='word_1_473' title='bbox 862 5418 1010 5480; x_wconf 84' lang='lat' dir='ltr'><strong><em>idem</em></strong></span> <span class='ocrx_word' id='word_1_474' title='bbox 1054 5420 1364 5482; x_wconf 86' lang='lat' dir='ltr'><strong><em>consilium</em></strong></span> <span class='ocrx_word' id='word_1_475' title='bbox 1409 5420 1760 5503; x_wconf 85' lang='lat' dir='ltr'><strong><em>quibusdam</em></strong></span> <span class='ocrx_word' id='word_1_476' title='bbox 1795 5419 2329 5507; x_wconf 62' lang='lat' dir='ltr'><strong><em>praedecessor-ibus</em></strong></span> <span class='ocrx_word' id='word_1_477' title='bbox 2373 5421 2487 5481; x_wconf 89' lang='lat' dir='ltr'><strong><em>tuis</em></strong></span> <span class='ocrx_word' id='word_1_478' title='bbox 2531 5420 2593 5479; x_wconf 91' lang='lat' dir='ltr'><strong><em>in</em></strong></span> <span class='ocrx_word' id='word_1_479' title='bbox 2634 5428 2878 5484; x_wconf 86' lang='lat' dir='ltr'><strong><em>mentem</em></strong></span> <span class='ocrx_word' id='word_1_480' title='bbox 2920 5421 3157 5504; x_wconf 88' lang='lat' dir='ltr'><strong><em>quidem</em></strong></span> <span class='ocrx_word' id='word_1_481' title='bbox 3200 5419 3502 5493; x_wconf 85' lang='lat' dir='ltr'><strong><em>venissset;</em></strong></span> <span class='ocrx_word' id='word_1_482' title='bbox 3543 5433 3606 5486; x_wconf 92' lang='lat' dir='ltr'><strong><em>at</em></strong></span> <span class='ocrx_word' id='word_1_483' title='bbox 3624 5445 3737 5507; x_wconf 89' lang='lat' dir='ltr'><strong><em>per</em></strong></span> 
     </span>
    </p>
   </div>
   <div class='ocr_carea' id='block_1_46' title="bbox 313 5506 3741 5604">
    <p class='ocr_par' dir='ltr' id='par_1_46' title="bbox 313 5506 3741 5604">
     <span class='ocr_line' id='line_1_46' title="bbox 313 5506 3741 5604; baseline 0.002 -25"><span class='ocrx_word' id='word_1_484' title='bbox 313 5535 414 5579; x_wconf 86' lang='lat' dir='ltr'><strong><em>eos</em></strong></span> <span class='ocrx_word' id='word_1_485' title='bbox 458 5517 678 5601; x_wconf 87' lang='lat' dir='ltr'><strong><em>quibus</em></strong></span> <span class='ocrx_word' id='word_1_486' title='bbox 722 5518 789 5580; x_wconf 91' lang='lat' dir='ltr'><strong><em>id</em></strong></span> <span class='ocrx_word' id='word_1_487' title='bbox 825 5520 1052 5600; x_wconf 86' lang='lat' dir='ltr'><strong><em>negotii</em></strong></span> <span class='ocrx_word' id='word_1_488' title='bbox 1090 5517 1513 5581; x_wconf 85' lang='lat' dir='ltr'><strong><em>demandatum</em></strong></span> <span class='ocrx_word' id='word_1_489' title='bbox 1560 5519 1706 5601; x_wconf 85' lang='lat' dir='ltr'><strong><em>fuit,</em></strong></span> <span class='ocrx_word' id='word_1_490' title='bbox 1753 5539 2058 5602; x_wconf 90' lang='lat' dir='ltr'><strong><em>nunquam</em></strong></span> <span class='ocrx_word' id='word_1_491' title='bbox 2083 5506 2438 5603; x_wconf 79' lang='lat' dir='ltr'><strong><em>perfectum,</em></strong></span> <span class='ocrx_word' id='word_1_492' title='bbox 2485 5536 2590 5583; x_wconf 88' lang='lat' dir='ltr'><strong><em>nec</em></strong></span> <span class='ocrx_word' id='word_1_493' title='bbox 2624 5518 3053 5604; x_wconf 76' lang='lat' dir='ltr'><strong><em>perﬁciendum</em></strong></span> <span class='ocrx_word' id='word_1_494' title='bbox 3093 5518 3476 5601; x_wconf 85' lang='lat' dir='ltr'><strong><em>crederetur;</em></strong></span> <span class='ocrx_word' id='word_1_495' title='bbox 3515 5531 3582 5585; x_wconf 91' lang='lat' dir='ltr'><strong><em>tu</em></strong></span> <span class='ocrx_word' id='word_1_496' title='bbox 3622 5524 3741 5585; x_wconf 88' lang='lat' dir='ltr'><strong><em>mi-</em></strong></span> 
     </span>
    </p>
   </div>
   <div class='ocr_carea' id='block_1_47' title="bbox 324 5615 3750 5707">
    <p class='ocr_par' dir='ltr' id='par_1_47' title="bbox 324 5615 3750 5707">
     <span class='ocr_line' id='line_1_47' title="bbox 324 5615 3750 5707; baseline 0.004 -33"><span class='ocrx_word' id='word_1_497' title='bbox 324 5616 482 5678; x_wconf 82' lang='lat' dir='ltr'><strong><em>nime</em></strong></span> <span class='ocrx_word' id='word_1_498' title='bbox 519 5615 722 5701; x_wconf 84' lang='lat' dir='ltr'><strong><em>ferens</em></strong></span> <span class='ocrx_word' id='word_1_499' title='bbox 764 5615 1077 5680; x_wconf 87' lang='lat' dir='ltr'><strong><em>editionem</em></strong></span> <span class='ocrx_word' id='word_1_500' title='bbox 1124 5626 1246 5682; x_wconf 90' lang='lat' dir='ltr'><strong><em>tam</em></strong></span> <span class='ocrx_word' id='word_1_501' title='bbox 1291 5618 1683 5684; x_wconf 82' lang='lat' dir='ltr'><strong><em>necessariam</em></strong></span> <span class='ocrx_word' id='word_1_502' title='bbox 1729 5618 1951 5685; x_wconf 84' lang='lat' dir='ltr'><strong><em>diutius</em></strong></span> <span class='ocrx_word' id='word_1_503' title='bbox 1986 5615 2341 5707; x_wconf 84' lang='lat' dir='ltr'><strong><em>prorogari,</em></strong></span> <span class='ocrx_word' id='word_1_504' title='bbox 2389 5617 2542 5682; x_wconf 80' lang='lat' dir='ltr'><strong><em>banc</em></strong></span> <span class='ocrx_word' id='word_1_505' title='bbox 2583 5615 2752 5682; x_wconf 87' lang='lat' dir='ltr'><strong><em>nobis</em></strong></span> <span class='ocrx_word' id='word_1_506' title='bbox 2804 5616 3214 5703; x_wconf 78' lang='lat' dir='ltr'><strong><em>imponendum</em></strong></span> <span class='ocrx_word' id='word_1_507' title='bbox 3269 5621 3562 5688; x_wconf 72' lang='lat' dir='ltr'><strong><em>censuisti.</em></strong></span> <span class='ocrx_word' id='word_1_508' title='bbox 3608 5619 3750 5688; x_wconf 79' lang='lat' dir='ltr'><strong><em>Non</em></strong></span> 
     </span>
    </p>
   </div>
   <div class='ocr_carea' id='block_1_48' title="bbox 652 5754 3427 5824">
    <p class='ocr_par' dir='ltr' id='par_1_48' title="bbox 652 5754 3427 5824">
     <span class='ocr_line' id='line_1_48' title="bbox 652 5754 3427 5824; baseline 0.001 -6"><span class='ocrx_word' id='word_1_509' title='bbox 652 5755 914 5824; x_wconf 63' lang='lat' dir='ltr'><strong><em>Pauor&quot;</em></strong></span> <span class='ocrx_word' id='word_1_510' title='bbox 958 5754 1110 5823; x_wconf 79' lang='lat' dir='ltr'><strong><em>LIV.</em></strong></span> <span class='ocrx_word' id='word_1_511' title='bbox 3394 5757 3427 5821; x_wconf 76' lang='grc'><strong>1</strong></span> 
     </span>
    </p>
   </div>
  </div>
