4092 6178
389 326 463 392 li
1561 318 1944 386 EPISTOLA
1989 323 2620 390 NUNCUPATORIA.
3713 325 3785 384 12

395 461 586 524 solum
632 457 980 541 magnitudo
1023 456 1236 539 operis,
1282 464 1337 516 ct
1377 455 1590 534 magni
1652 455 1988 518 adversarii
2027 457 2282 518 eruditio
2325 478 2395 519 ac
2439 459 2758 539 ingenium,
2809 479 3008 520 verum
3065 459 3239 520 etiam
3281 471 3336 519 et
3379 457 3558 518 multo
3601 459 3792 538 magis

395 557 772 622 imbecillitas
815 564 1042 630 nostra,
1087 551 1258 634 cujus
1299 551 1728 634 nobismetipsis
1771 554 1990 615 conscii
2031 575 2248 624 sumus.
2295 576 2596 638 suspensos
2640 555 2813 618 initio
2843 565 3022 638 atque
3049 555 3338 638 ancipites
3357 555 3553 617 animo
3583 554 3796 616 tenuiit

408 659 494 721 At
534 655 826 718 voluntati
865 661 922 713 et
962 651 1316 714 auctoritati
1347 659 1463 712 tux
1503 650 1928 740 obsequendum
1966 653 2109 734 fuit.
2155 653 2278 715 Nos
2319 663 2514 715 autem
2557 663 2625 714 ut
2663 654 2917 734 erigeres
2959 663 3137 736 atque
3178 654 3468 736 reﬁceres,
3515 672 3628 714 non
3655 651 3796 713 solis

406 753 590 818 verbis
633 770 770 812 usus
812 769 890 829 es,
945 750 1049 812 sed
1086 760 1248 812 tuum
1289 769 1520 831 quoque
1561 749 1830 812 auxilum
1875 752 1937 811 in
1979 749 2238 812 eamdem
2281 749 2595 812 editionem
2639 751 2962 813 contulisti.
3013 749 3161 814 Cum
3207 752 3360 812 enim
3396 753 3468 812 .in
3508 748 3803 831 ejusmodi

399 847 756 914 editionibus
791 845 1184 928 procurandis
1220 847 1702 928 praestantiorum
1745 845 2007 908 codicum
2049 845 2372 908 subsidium
2397 847 2766 928 potissimum
2797 849 3184 929 requiratur;
3217 857 3278 908 tu
3294 847 3580 910 Vaticana
3607 866 3802 908 exem-

396 947 604 1032 plaria
643 946 842 1007 statim
886 944 1318 1005 communicari
1340 943 1596 1037 jussisti,
1643 953 1818 1026 atque
1859 955 1925 1005 ut
1965 943 2202 1006 collatio
2270 944 2518 1024 facilior
2557 953 2614 1006 et
2652 944 2988 1026 expeditior
3037 945 3228 1026 ﬁeret,
3275 965 3414 1008 raro
3466 945 3796 1027 privilegio

395 1065 488 1115 ea,
531 1043 746 1126 quibus
790 1041 1210 1122 indigeremus,
1255 1040 1488 1102 domum
1531 1042 1764 1122 afferri,
1810 1050 1867 1102 et
1908 1041 2197 1124 quamdiu
2239 1062 2382 1123 opus
2424 1051 2565 1103 esset
2605 1043 2858 1104 retineri
2894 1041 3234 1104 indulsisti:
3281 1063 3354 1105 ac
3386 1053 3681 1124 praeterea
3725 1051 3796 1102 ut

397 1143 532 1208 aliis
586 1159 662 1202 ex
705 1139 971 1218 urbibus,
1019 1139 1128 1201 ubi
1162 1141 1298 1202 rari
1335 1149 1515 1201 essent
1555 1149 1732 1221 atque
1775 1140 2092 1202 inconsulti
2129 1139 2374 1216 codices,
2420 1151 2714 1202 accurata:
2770 1140 3112 1203 collationes
3168 1151 3624 1224 prxstarentur,
3671 1141 3795 1221 ipse

390 1261 506 1324 pro
547 1237 914 1301 humanitate
953 1248 1058 1299 tua
1099 1239 1356 1318 e/fecisti,
1407 1237 1549 1299 adeo
1591 1246 1660 1298 ut
1697 1238 1874 1300 etiam
1917 1239 1978 1298 in
2023 1237 2174 1300 hanc
2215 1247 2474 1302 nostram
2517 1239 2719 1299 urbem
2761 1237 3154 1320 quorumdam
3196 1239 3573 1321 antiquorum
3603 1239 3790 1300 libro-

395 1359 531 1400 rum
573 1337 872 1399 variantes
916 1336 1200 1408 lectiones,
1250 1355 1382 1417 quae
1423 1335 1495 1396 ob
1541 1335 2028 1418 longinquitatem
2074 1337 2332 1398 locorum
2375 1336 2563 1397 isth-uc
2603 1338 2790 1397 serius
2824 1355 3164 1418 pervenere,
3209 1337 3645 1398 humanissimas
3687 1337 3789 1398 lit-

397 1438 536 1499 teris
580 1436 697 1496 tuis
737 1444 986 1497 soczatas
1027 1435 1443 1496 transmiseris.
1493 1434 1568 1495 1d
1605 1444 1797 1496 autem
1836 1455 2012 1516 penes
2053 1454 2246 1514 a’quos
2289 1454 2488 1494 rerum
2533 1435 2911 1495 aestimatores
2955 1443 3182 1495 tantum
3248 1445 3348 1508 est,
3398 1445 3461 1495 ut
3503 1435 3625 1496 haec
3664 1434 3786 1496 edi-

398 1537 503 1612 tio,
550 1533 720 1614 cujus
765 1541 828 1594 tu
869 1543 1076 1594 auctor
1117 1542 1171 1594 ct
1211 1533 1536 1614 opitulator
1577 1533 1772 1611 fuisti,
1824 1544 1926 1594 tua
1969 1531 2402 1614 quodammodo
2445 1531 2714 1594 habenda
2765 1533 2882 1608 sit;
2923 1552 2994 1593 ac
3029 1531 3280 1614 proinde
3323 1534 3384 1592 in
3434 1552 3503 1594 ca
3545 1543 3641 1594 tuo
3682 1553 3787 1594 no-

399 1633 552 1695 mini
587 1630 920 1693 dedicanda
981 1650 1096 1691 non
1138 1630 1453 1710 offeramus
1495 1630 1732 1712 aliquid
1769 1631 2004 1691 omnino
2047 1637 2352 1703 nostrum;
2399 1649 2490 1690 sec
2535 1630 2746 1704 verius,
2791 1629 2952 1710 quod
2990 1629 3258 1711 beneﬁcio
3303 1639 3400 1690 tuo
3442 1631 3790 1712 accepimus,

402 1728 737 1792 reddamus.
809 1727 964 1789 [line
1024 1729 1200 1789 etiam
1263 1726 1609 1808 conﬁdimus
1669 1728 1802 1808 fore
1857 1738 1923 1788 ut
1984 1728 2170 1808 ipsam
2234 1727 2538 1788 editionem
2605 1725 2848 1808 benigne
2887 1727 3172 1808 suscipias
3215 1747 3284 1788 ac
3345 1729 3560 1790 tuearis
3621 1728 3798 1810 quasi

406 1850 532 1890 rem
575 1837 732 1889 tuam
759 1847 778 1886 :
823 1845 1147 1908 omnesque,
1213 1828 1324 1908 qui
1379 1845 1505 1887 eam
1549 1847 1585 1888 a
1631 1836 1684 1887 te
1721 1835 2098 1908 praeceptam,
2151 1835 2315 1906 teque
2375 1845 2539 1906 Opem
2597 1827 2824 1904 ferente
2861 1826 3185 1906 perfectam
3251 1825 3600 1905 intelligent,
3662 1846 3795 1888 cum

389 1925 750 2011 praeclaram
811 1944 1014 1986 curam
1059 1933 1116 1984 et
1172 1923 1531 2004 singularem
1589 1923 1854 2002 favorem
1918 1933 2077 1984 tuum
2139 1921 2676 1998 commendabunt;
2720 1931 2840 1983 tum
2904 1942 3038 1983 vero
3079 1924 3138 1982 si
3189 1922 3337 2004 quid
3367 1943 3480 2004 per
3536 1943 3640 1984 nos
3679 1925 3787 1984 mi"

392 2046 502 2088 nus
563 2033 698 2108 apte
761 2023 1124 2086 exsecutioni
1178 2020 1525 2084 mandatum
1583 2023 1898 2100 invenient,
1965 2022 2218 2082 nominis
2278 2031 2339 2082 et
2366 2021 2700 2102 patrocinii
2733 2023 2828 2082 tui
2861 2021 3064 2100 gratia
3105 2021 3530 2084 condonaturos
3587 2037 3794 2103 spera-

393 2144 545 2187 mus.

470 2224 800 2302 Antequam
851 2239 988 2281 vero
1031 2217 1212 2299 hujus
1261 2216 1520 2300 epistolae
1577 2215 1757 2296 ﬁnem
1817 2218 2092 2296 facimus,
2159 2219 2304 2292 sine,
2350 2236 2711 2298 quaesumus,
2776 2217 2962 2278 Pater
3023 2217 3358 2291 beatissime,
3406 2227 3470 2279 ut
3512 2217 3673 2300 quod
3721 2221 3785 2282 S.

388 2322 582 2384 LEONI
622 2318 882 2380 maxime
922 2336 1249 2396 congruum
1297 2324 1351 2376 et
1390 2314 1711 2394 gloriosum
1764 2313 2078 2389 credimus,
2135 2315 2562 2397 sapientissimo
2608 2313 2848 2395 judicio
2906 2323 3004 2375 tuo
3063 2315 3469 2394 subjiciamus.
3521 2315 3607 2378 De
3646 2333 3789 2380 noc-

399 2435 574 2482 Tonls
620 2416 799 2477 titulo
841 2423 898 2475 et
939 2413 1106 2475 cultu
1147 2412 1332 2474 eidem
1391 2422 1592 2474 sancto
1640 2412 1922 2494 pontiﬁci
1975 2412 2332 2475 decernendo
2370 2431 2569 2494 pauca
2625 2411 2897 2492 gueedam
2959 2411 3087 2482 tibi,
3153 2420 3219 2469 ut
3259 2409 3628 2490 confidimus,
3673 2434 3793 2472 non

402 2512 730 2596 injucunda
791 2531 1122 2596 proponere
1183 2510 1345 2572 libet.
1398 2512 1518 2587 Qui
1575 2510 1783 2572 MAGNI
1844 2530 2054 2570 nomen
2109 2509 2388 2581 obtinuit,
2450 2523 2736 2569 nocmms
2796 2525 3026 2588 quoque
3068 2505 3303 2568 titulum
3372 2509 3590 2570 mereri
3642 2509 3796 2570 nihil

396 2612 772 2693 ambigimus.
821 2610 904 2672 Si
938 2609 1090 2670 enim
1133 2623 1417 2668 noc'roms
1461 2605 1860 2686 appellatione
1905 2615 1960 2666 et
2002 2605 2166 2666 cultu
2210 2607 2260 2665 ii
2297 2604 2472 2685 digni
2507 2613 2662 2676 sunt,
2709 2605 2820 2685 qui
2855 2623 2976 2666 una
3035 2623 3166 2665 cum
3208 2606 3430 2668 eximia
3487 2609 3793 2670 sanctitate

391 2709 676 2790 insignem
714 2707 949 2788 pariter
989 2703 1320 2764 doctrinam
1351 2705 1686 2784 jungentes,
1735 2713 1790 2762 et
1832 2701 1969 2764 dum
2015 2705 2076 2762 in
2119 2703 2264 2764 civis
2304 2713 2502 2776 essent,
2551 2702 2885 2762 universam
2927 2701 3261 2764 Ecclesium
3303 2703 3569 2779 docuere,
3596 2714 3654 2768 et
3688 2705 3790 2767 ad-

392 2807 504 2868 huc
541 2813 677 2888 post
738 2811 981 2864 mortem
1045 2799 1217 2863 illam
1281 2799 1488 2862 docent
1529 2800 1600 2861 iis
1659 2799 1931 2881 operibus
1993 2801 2234 2874 relictis,
2307 2819 2438 2881 quae
2498 2799 2661 2859 omni
2711 2808 2967 2881 tempore
3021 2820 3134 2882 pro
3190 2800 3312 2880 ﬁde
3351 2821 3424 2863 ac
3477 2801 3790 2886 disciplina

389 2903 670 2968 Ecclesia
714 2900 853 2962 usui
887 2899 1102 2978 futura
1157 2897 1320 2966 sint;
1381 2917 1574 2960 nonne
1615 2898 1677 2958 S.
1744 2900 1889 2972 LEO,
1953 2899 2124 2978 cujus
2183 2898 2573 2960 sanctimonia
2615 2898 2936 2960 certissima
2977 2908 3078 2974 est,
3123 2908 3179 2960 et
3221 2899 3438 2977 docuit,
3485 2911 3540 2963 et
3597 2903 3782 2980 docet,

391 3011 450 3064 et
487 3019 715 3083 semper
755 2997 1037 3059 docturus
1081 3006 1166 3057 est
1204 2998 1538 3058 universam
1581 2995 1936 3070 Ecclesium,
1983 3015 2116 3058 cum
2159 3006 2218 3057 et
2261 2995 2632 3057 instituendis
2677 2993 3156 3058 Christianorum
3200 2997 3476 3074 moribus,
3521 3009 3580 3061 et
3620 3011 3790 3062 rectae

391 3098 540 3182 fidei
577 3093 1020 3169 conservandae,
1065 3091 1563 3176 confutandisque
1605 3092 2094 3155 heterodoxorum
2135 3093 2438 3154 erroribus
2481 3093 2786 3176 aptissima
2823 3093 3090 3175 plurium
3117 3113 3447 3158 sermonum
3487 3107 3544 3159 et
3581 3101 3791 3180 episto-

394 3198 589 3261 larum
632 3203 1004 3256 monumenta
1046 3192 1324 3271 vulgarit,
1370 3211 1501 3273 quas
1542 3211 1658 3252 non
1702 3201 1825 3253 tam
1869 3193 1931 3252 in
1989 3191 2340 3262 Occidentis,
2387 3211 2568 3273 quam
2629 3194 2688 3252 in
2755 3191 3010 3253 Orientis
3051 3193 3333 3255 Ecclesiis
3390 3215 3614 3257 summo
3657 3218 3787 3259 cum

394 3296 611 3358 honore
650 3301 940 3372 suscepta,
986 3290 1360 3353 celebrantur
1401 3289 1476 3352 ab
1517 3290 1805 3365 omnibus,
1851 3291 2227 3372 maximoque
2285 3290 2658 3352 auctoritatis
2695 3289 2954 3372 pondere
2995 3290 3338 3371 allegantur
3385 3292 3795 3374 frequentissi-

395 3414 508 3472 me,
553 3411 718 3474 aeque
759 3410 830 3452 ac
871 3388 1256 3451 celebriorum
1299 3387 1606 3448 doctorum
1648 3407 1830 3470 opera
1871 3387 2129 3470 allegari
2149 3387 2378 3450 solent?
2419 3388 2584 3450 [Iinc
2627 3398 2823 3450 autem
2867 3409 2981 3450 non
3029 3390 3318 3450 immerito
3361 3408 3653 3456 DOCTORIS
3695 3415 3799 3455 no-

394 3511 527 3553 men
567 3491 629 3551 ei
663 3489 804 3550 olim
849 3487 1060 3548 tribuit
1101 3483 1490 3548 Cassiodorus
1531 3485 1636 3567 (a),
1681 3496 1738 3547 et
1780 3485 1912 3568 (qui
1947 3487 2203 3548 maximi
2256 3485 2517 3548 habendi
2568 3487 2726 3566 sunt)
2769 3486 2881 3547 duo
2923 3488 3141 3548 summi
3185 3489 3492 3570 pontiﬁces
3549 3490 3798 3571 Vigilius

395 3589 477 3674 (b)
521 3598 574 3650 et
638 3584 992 3650 Hadrianus
1034 3583 1072 3646 Ι
1113 3584 1208 3666 (c),
1245 3603 1316 3646 ac
1377 3583 1645 3666 deinceps
1701 3583 1831 3658 alii,
1876 3603 1952 3646 ex
2009 3583 2222 3666 quibus
2284 3583 2586 3647 Usuardus
2627 3595 2685 3644 et
2759 3584 3177 3647 Vandelbertus
3231 3585 3492 3647 eumdem
3553 3590 3793 3654 titulum

397 3684 839 3769 Martyrologio
884 3685 1278 3745 inseruerunt.
1327 3682 1538 3744 Plurie
1577 3685 1783 3744 setiam
1829 3682 2150 3745 Gallicanx
2192 3683 2472 3744 Ecclesia:
2515 3681 2774 3744 doctores
2802 3681 3021 3744 honore
3045 3702 3175 3744 eum
3207 3683 3268 3744 in
3287 3683 3544 3765 publicis
3573 3688 3794 3770 ofﬁciis

403 3784 590 3847 colere
630 3803 748 3844 non
790 3781 1160 3855 dubitarunt,
1209 3790 1274 3840 ut
1314 3799 1390 3840 ex
1430 3801 1630 3841 eorum
1674 3780 1967 3860 liturgicis
2011 3779 2184 3840 libris
2227 3779 2566 3842 didicimus.
2612 3781 2863 3862 Aliquot
2901 3781 2997 3841 hic
3036 3791 3267 3842 tantum
3307 3783 3568 3865 exempli
3589 3790 3794 3867 gratia

402 3881 757 3960 attingemus
803 3879 1151 3946 testimonia,
1199 3898 1330 3958 quae
1373 3879 1855 3938 enu'nentissimus
1897 3876 2220 3939 cardinalis
2277 3877 2595 3958 Philippus
2655 3878 2725 3940 de
2767 3879 3063 3940 Montibus
3104 3879 3243 3938 huic
3283 3891 3482 3942 nostro
3549 3884 3792 3944 concilio

393 3979 656 4039 maxime
696 3977 924 4056 favens,
961 3973 1151 4057 paulo
1194 3985 1508 4056 antequam
1551 3994 1580 4036 e
1610 3977 1758 4036 vivis
1799 3975 2123 4049 excederet,
2145 3995 2222 4038 ex
2259 3996 2366 4037 sua
2413 3977 2720 4038 lectissima
2753 3975 3096 4036 bibliotheca
3125 3975 3292 4036 nobis
3319 3981 3792 4042 communicavit.

393 4075 502 4136 Ex
541 4074 858 4136 Breviario
889 4072 1784 4151 Lingonensiannimnccxxxx,
1829 4071 1924 4133 die
1965 4090 2089 4134 xxx
2136 4073 2439 4135 Octobris:
2489 4077 2705 4138 LEONIS
2750 4077 2773 4136 Ι
2818 4093 2999 4155 papa:
3040 4082 3102 4135 et
3145 4075 3434 4136 Ecclesiae
3480 4093 3794 4142 nocroms.

392 4172 500 4235 Ex
545 4173 856 4234 Breviario
901 4169 1328 4234 Catalaunensi
1363 4170 1512 4232 anni
1549 4187 1920 4243 mnccxxx'n,
1969 4171 2067 4232 die
2109 4189 2187 4234 xx
2235 4171 2538 4234 Octobris:
2588 4174 2815 4234 LEONIS
2857 4171 3070 4251 Magni
3140 4190 3320 4252 papas
3377 4179 3441 4234 et
3507 4175 3798 4238 Ecclesia

389 4287 699 4334 nocmms.
795 4267 1027 4332 Eadem
1120 4267 1396 4348 leguntur
1465 4270 1530 4328 in
1613 4269 1944 4330 Breciarizs
2032 4268 2414 4332 Cluniacensi
2476 4271 2629 4331 anni
2707 4287 3032 4342 MDCCXXV],
3122 4268 3584 4350 llothomagensi
3653 4275 3808 4334 anni

394 4385 778 4444 unccxxvm,
851 4376 904 4428 et
976 4365 1440 4429 Claromontano
1506 4368 1657 4427 anni
1709 4383 2084 4441 unccxxxm,
2149 4367 2244 4428 die
2303 4385 2367 4430 χι
2438 4366 2716 4448 Aprilis;
2760 4370 2820 4428 in
2891 4365 3274 4429 Narbonensi
3334 4369 3485 4428 anni
3541 4385 3797 4446 unccxx,

394 4465 491 4528 die
530 4483 721 4530 XXVIII
787 4465 1012 4538 Junii;
1061 4464 1124 4524 in
1177 4463 1507 4525 Senonensi
1562 4466 1713 4526 anni
1766 4483 2070 4528 MDCCXXVI
2111 4475 2168 4527 et
2234 4465 2650 4528 Aurelianensi
2697 4466 2848 4528 anni
2913 4481 3242 4540 nnccxxm,
3289 4465 3382 4526 die
3449 4484 3574 4528 xxx
3621 4467 3798 4530 Octo-

398 4565 553 4638 bris;
600 4565 663 4626 in
707 4562 1040 4625 Parisiensi
1074 4561 1226 4623 anni
1261 4578 1627 4638 unccxxxvr,
1675 4562 1769 4626 die
1809 4583 1848 4626 x
1892 4563 2283 4636 Novembris;
2330 4583 2400 4625 ac
2443 4565 2503 4624 in
2549 4563 2916 4624 Bituriccnsi
2955 4563 3107 4624 anni
3139 4579 3482 4640 uncxxxxv,
3529 4563 3627 4626 die
3667 4583 3795 4627 xxx

393 4659 769 4724 Novembris.

472 4757 636 4821 Num
680 4779 819 4821 vero
860 4769 1084 4840 tempus
1119 4757 1249 4837 jam
1320 4757 1645 4833 advenerit,
1695 4761 1757 4820 in
1801 4779 1916 4840 quo
1961 4759 2232 4821 Romana
2303 4780 2534 4842 quoque
2591 4759 2891 4833 Ecclesia,
2936 4779 3066 4840 qua:
3133 4779 3251 4819 non
3291 4759 3574 4821 minorem
3616 4759 3797 4843 hujus

389 4858 488 4918 sui
521 4858 882 4920 sanctissimi
942 4856 1376 4937 doctissimique
1430 4857 1749 4938 pontiﬁcis,
1797 4877 1911 4939 quo
1956 4858 2214 4918 maxime
2255 4876 2306 4917 ον
2325 4867 2532 4930 natur,
2594 4875 2848 4918 amorem
2891 4859 3108 4932 nutrit,
3153 4855 3306 4918 hunc
3346 4857 3609 4920 eumdem
3655 4861 3806 4920 titu-

391 4955 518 5018 lum
559 4965 611 5016 et
654 4954 876 5016 cultum
919 4952 1104 5014 eidem
1146 4952 1486 5014 solemnzter
1557 4953 1801 5027 tribuat,
1864 4953 2244 5034 generaliqu
2311 4953 2540 5014 decreto
2607 4955 2669 5014 in
2714 4957 3049 5016 universum
3123 4953 3530 5016 Christianum
3602 4956 3798 5018 orbem

389 5051 686 5127 extendat,
737 5052 869 5126 tibi,
922 5050 1246 5112 beatissime
1293 5050 1497 5124 Pater,
1545 5051 1999 5132 dg'udi'candum
2064 5063 2238 5132 atque
2295 5051 2759 5113 constituendum
2819 5050 3227 5132 relinquimus.
3297 5053 3386 5114 Tu
3430 5054 3492 5113 in
3535 5072 3602 5113 eo
3644 5053 3792 5114 cele-

388 5150 641 5212 berrimo
685 5148 874 5231 Opere
915 5147 992 5208 de
1062 5147 1535 5209 Bealiﬁcatione
1605 5155 1668 5209 et
1737 5148 2241 5224 Canonizatione,
2320 5147 2482 5232 quod
2520 5151 2834 5228 omnigena
2900 5167 3074 5211 sacra
3115 5150 3446 5211 eruditione
3485 5153 3790 5232 refertum,

389 5248 550 5309 circa
590 5247 741 5307 ritus
809 5243 1160 5326 hujusmodi
1193 5244 1402 5324 regula
1447 5247 1510 5307 in
1542 5255 1852 5328 posterum
1893 5245 2164 5308 solemnis
2204 5265 2275 5308 ac
2320 5247 2610 5308 tutissima
2649 5246 2927 5327 futurum
2989 5254 3092 5323 est,
3160 5255 3276 5309 tres
3317 5247 3675 5310 conditiones
3715 5247 3797 5310 ad

461 5449 540 5671 ibi;
565 5454 960 5606 Ogygias?
989 5524 1080 5592 22,
1113 5524 1156 5579 t.
1187 5520 1261 5607 Vl
1292 5521 1508 5582 Concil.
1540 5521 1686 5580 Ven.
1721 5521 1864 5582 edit.
1897 5520 2005 5583 col.
2035 5521 2160 5580 305.

481 5609 512 5654 ο
563 5593 742 5671 Eplst.
775 5595 862 5655 97.
895 5594 1032 5656 Cod.
1063 5592 1316 5656 Carohn.

460 5523 536 5672 £123
565 5523 872 5606 Copstitut.
901 5539 960 5578 n.
989 5524 1080 5592 22,
1113 5524 1156 5579 t.
1187 5523 1261 5607 νῇ
1292 5523 1316 5581 ί

481 5609 512 5654 c
563 5593 742 5672 Eplst.
775 5595 862 5655 97.
895 5594 1032 5656 Cod.
1063 5592 1316 5656 Carohn.
