4092 6178
398 325 481 384 13
1222 325 1633 386 PIUEFATIO
1677 324 2117 386 GENERALIS
2162 326 2242 388 IN
2288 326 2494 393 HANC
2538 328 2994 392 EDITIONEM.
3240 388 3241 395 η
3472 376 3478 386 ι
3712 337 3808 400 ’14

363 456 923 521 constituendum
992 458 1285 520 Ecclesiae
1357 459 1680 521 doctorem
1752 460 2131 521 necessarias
2174 460 2499 541 designasti
2555 462 2635 543 (a)
2709 467 3088 526 eminentem
3148 466 3369 528 scilicet
3428 450 3841 547 doctrinam,

397 556 720 636 insignem
779 557 926 618 vitae
984 556 1403 632 sanctitatem,
1465 562 1529 617 et
1600 562 1907 636 preeterea
1979 558 2209 618 summi
2278 560 2593 637 pontiﬁcis
2667 567 2775 621 aut
2849 564 3095 624 concilii
3152 566 3462 642 generalis
3534 568 3810 647 legitime

392 654 771 735 congregati
830 654 1345 716 declarationem.
1406 654 1574 716 Duas
1613 655 1848 735 priores
1926 655 2309 735 conditiones,
2359 658 2421 718 in
2481 658 2694 739 quibus
2736 660 2862 739 ejus
2921 662 3090 722 tituli
3145 662 3498 725 decernendi
3533 666 3717 728 radit:
3757 675 3813 729 et

388 753 669 814 meritum
710 753 1060 827 continetur,
1110 754 1170 813 in
1214 755 1422 815 Leone
1466 761 1667 813 nostro
1712 753 1977 814 inveniri
2016 754 2145 834 ipsa
2188 755 2458 817 Romana
2502 756 2776 819 Ecclesia
2818 778 2948 819 cum
2997 761 3058 819 in
3099 760 3234 821 alit's
3271 761 3524 840 publicis
3569 764 3807 840 tabulis,

388 861 514 912 tum
558 851 626 911 in
669 849 1106 932 Martyroloin
1149 853 1297 914 satis
1376 859 1588 912 testata
1631 862 1736 912 est.
1783 850 1987 913 llestat
2028 861 2099 912 ut
2170 856 2346 916 tertia
2414 854 2690 929 conditio,
2720 882 2733 891 κ
2758 876 2878 937 qua
2921 856 3072 917 idem
3118 856 3318 918 titulus
3359 868 3414 919 et
3457 862 3647 922 cultus
3690 864 3812 943 ipsi

388 952 457 1011 in
496 969 779 1012 uniuersa
821 948 1092 1012 Ecclesia
1137 950 1404 1030 legitima
1447 950 1800 1010 auctoritate
1842 951 2261 1025 constituatur,
2307 952 2489 1013 eidem
2543 953 2784 1014 accedat
2818 972 2929 1034 per
2973 964 3043 1027 te,
3089 955 3201 1035 qui
3237 954 3364 1033 ejus
3403 958 3617 1019 merita
3659 978 3801 1020 con—

383 1048 686 1124 siderans,
731 1047 803 1110 de
842 1047 1038 1109 eodem
1078 1048 1351 1129 fortassis
1386 1047 1833 1129 pronuntiabis,
1890 1047 2055 1128 quod
2092 1047 2163 1109 de
2220 1048 2293 1110 S.
2358 1050 2672 1111 Bcrnardo
2732 1052 2789 1111 in
2833 1051 3029 1112 eodem
3095 1051 3285 1133 Opere
3342 1054 3637 1133 scripsisti
3671 1055 3797 1137 (b);

397 1147 763 1210 Dolendum
818 1145 1089 1221 videtur,
1152 1146 1323 1226 quod
1382 1165 1578 1226 usque
1636 1146 1846 1207 adhuc
1905 1146 2247 1226 cogitatum
2306 1167 2431 1209 non
2490 1149 2679 1210 fuerit
2737 1149 2811 1209 de
2871 1152 3101 1211 Sancto
3163 1154 3256 1211 tot
3296 1150 3534 1212 meritis
3564 1152 3793 1216 eximio

386 1245 766 1326 caelestique
794 1244 1081 1307 doctrina
1129 1245 1379 1317 referto,
1414 1244 1679 1305 colendo
1713 1243 1893 1305 titulo
1924 1260 2215 1309 DOCTORIS
2257 1246 2322 1307 in
2353 1246 2645 1307 universa
2673 1246 3156 1308 Ecelesia.Forte
3205 1248 3336 1324 tibi,
3381 1248 3485 1310 cui
3506 1249 3663 1311 nihil
3679 1233 3801 1331 ju-

381 1343 636 1406 auidius
681 1361 862 1424 quam
902 1350 1241 1403 sanctorum
1286 1341 1512 1402 cultum
1551 1343 2151 1425 promovere,quique
2189 1343 2491 1425 peculiare
2535 1354 2693 1405 tuum
2738 1364 2882 1425 erga
2919 1356 3187 1407 sanctum
3231 1350 3488 1409 LEONEM
3516 1349 3793 1428 studium,

382 1442 528 1504 dum
569 1461 712 1504 eam
761 1440 1096 1504 Canonicus
1135 1439 1480 1501 Archivista
1520 1440 1799 1500 Basilica
1844 1439 1909 1502 S.
1986 1441 2177 1518 Petri,
2226 1443 2284 1501 in
2324 1444 2637 1503 novissima
2707 1442 3038 1503 inventione
3080 1444 3153 1523 (c)
3216 1446 3346 1525 ejus
3386 1447 3651 1526 corporis
3686 1468 3801 1531 po-

384 1541 679 1602 tissimum
720 1537 1151 1611 demonstrasti,
1200 1537 1327 1611 tibi,
1376 1539 1643 1619 inquam,
1689 1537 1813 1599 haec
1858 1538 1986 1599 laus
2028 1549 2327 1600 reservata
2370 1549 2474 1614 est,
2521 1549 2588 1600 ut
2625 1542 2736 1621 qui
2770 1560 3019 1621 magnus
3061 1561 3117 1601 es
3158 1545 3369 1622 magni
3402 1561 3617 1608 LEONIS
3657 1565 3789 1607 suc-

380 1659 578 1701 cessor
617 1648 676 1699 et
714 1637 1043 1710 aemulator,
1092 1645 1320 1697 tantum
1357 1635 1658 1717 poti/icem
1702 1652 1996 1698 DOCTORIS
2041 1637 2211 1696 titulo
2256 1656 2501 1698 exornes
2542 1637 2725 1718 hujus
2785 1638 3059 1699 editionis
3123 1641 3443 1715 occasione,
3477 1663 3608 1723 quae
3650 1643 3792 1704 dum

379 1740 569 1821 ipsius
613 1736 831 1818 Opera,
864 1734 1115 1816 jubente
1157 1753 1228 1795 ac
1270 1732 1596 1815 opitulante
1642 1744 1717 1807 te,
1764 1733 1845 1795 ad
1880 1735 2154 1815 puriores
2196 1735 2418 1796 codices
2460 1746 2671 1797 exacta
2697 1746 2751 1796 et
2792 1735 3094 1798 illustrata
3137 1747 3352 1819 tuoque
3393 1743 3627 1802 nomini
3662 1742 3781 1803 ins-

375 1840 579 1918 cripta
620 1836 682 1895 in
726 1834 909 1894 lucem
952 1834 1211 1914 pro/ert,
1260 1832 1472 1894 MAGNI
1514 1831 1694 1913 hujus
1736 1849 2023 1896 DUCTORIS
2067 1834 2342 1894 meritum
2385 1836 2561 1895 etiam
2606 1835 2941 1915 confirmat.
2994 1835 3118 1897 Sed
3158 1836 3265 1898 hoc
3300 1845 3462 1898 tuum
3492 1837 3796 1918 judicium

371 1945 516 1998 ato.
570 1933 614 1996 1
620 1932 711 1994 ibi
747 1932 988 1994 interim
1031 1929 1170 1991 dum
1212 1930 1480 1992 volumen
1523 1928 1680 1991 istud
1719 1930 2044 2010 oﬂ‘erimus,
2080 1941 2309 1993 sanctos
2354 1942 2483 1992 tuos
2519 1932 2696 2013 pedes
2739 1933 3065 1995 humillime
3108 1935 3521 2011 deosculantes,
3571 1945 3798 2017 aposto-

373 2033 557 2095 licam
603 2029 1056 2093 benedictioncm
1086 2027 1498 2111 deprecamur.

470 2291 520 2360 b)
555 2293 642 2349 Ibi
675 2309 725 2350 e.
760 2291 851 2360 12,
884 2309 946 2347 ιι.
978 2291 1034 2346 9.

466 2224 522 2292 a)
555 2221 686 2277 Lib.
719 2236 798 2288 Iv,
832 2223 1081 2292 parun,
1122 2234 1250 2291 cap.
1285 2218 1378 2289 11,
1408 2234 1468 2272 n.
1501 2216 1589 2272 l3.

466 2241 499 2278 a
555 2224 686 2277 Lib.
719 2236 798 2288 Iv,
832 2224 984 2292 part.
1016 2235 1081 2288 II,
1122 2234 1250 2291 cap.
1285 2224 1378 2289 11,
1408 2234 1468 2272 n.
1501 2224 1589 2272 43.

470 2295 498 2349 b
555 2293 642 2349 Ibi
675 2309 725 2350 e.
760 2292 850 2360 12,
884 2309 946 2347 ιι.
978 2291 1034 2346 9.

442 2224 522 2437 lcl
549 2365 673 2420 Hac
706 2364 777 2420 de
805 2379 866 2419 re
892 2362 1061 2436 plura
1088 2364 1230 2417 tom.
1268 2360 1335 2429 II,
1368 2359 1429 2416 in
1457 2360 1742 2415 observat.
1781 2358 1849 2413 ad
1879 2358 2116 2415 Dissert.
2154 2359 2176 2415 l
2216 2357 2511 2425 Quesnelli
2544 2360 2613 2415 ad
2657 2376 2749 2414 an.
2786 2359 2911 2416 461.

366 2514 3788 2548 W

1253 2693 2903 2825 BALLERINIOBUM

970 2937 2001 3097 PR/EFATIO
2126 2938 3216 3101 GENERALIS

1021 3201 1099 3261 ΙΝ
1146 3198 1609 3262 UNIVEBSAM
1654 3195 1979 3257 OPERUM
2027 3196 2302 3256 SANCTI
2347 3197 2622 3258 LEONlS
2669 3198 3121 3261 EDITIONEM.

448 3494 502 3554 Ι.
547 3492 708 3552 Cum
754 3486 835 3548 de
882 3502 1046 3549 nova
1088 3482 1364 3545 editione
1407 3484 1681 3562 Operum
1727 3481 1927 3541 sancti
1970 3482 2195 3542 Leonis
2240 3500 2420 3562 papae
2465 3480 2544 3542 ad
2588 3499 2734 3540 mss.
2784 3483 3128 3560 praesertim
3176 3486 3491 3544 Romanos
3534 3483 3781 3544 codices

368 3586 794 3658 lucubranda,
841 3601 985 3664 quas
1029 3580 1288 3643 editioni
1348 3579 1805 3652 Quesnellianae
1853 3579 1988 3657 jam
2036 3579 2401 3659 proscriptae
2459 3578 2695 3657 opponi
2739 3584 2801 3639 et
2860 3580 3143 3658 praeferri
3206 3586 3433 3659 posset,
3482 3580 3666 3642 alteri
3707 3598 3785 3641 ex

375 3687 580 3761 nobis,
627 3684 784 3744 dum
832 3683 1047 3741 Romae
1090 3682 1277 3751 esset,
1322 3695 1650 3757 supremus
1712 3676 1972 3735 antistes
2016 3674 2388 3736 Benedictus
2433 3675 2569 3736 XIV
2611 3693 2770 3734 onus
2835 3674 3153 3754 imposuit,
3215 3694 3343 3735 non
3405 3695 3607 3755 pauca
3650 3676 3782 3757 pri-

381 3803 556 3846 mum
599 3799 713 3844 nec
755 3777 922 3840 levia
965 3781 1285 3838 momenta
1328 3778 1712 3836 terruerunt.
1759 3774 1909 3845 Quae
1952 3773 2118 3833 enim
2164 3779 2226 3833 et
2269 3772 2487 3852 quanti
2531 3772 2610 3832 sit
2652 3790 2727 3832 ea
2770 3771 2991 3832 Leonis
3034 3772 3246 3848 editio,
3297 3791 3489 3853 quam
3533 3791 3779 3835 summo

379 3879 590 3945 studio
631 3875 878 3940 curavit
918 3873 1295 3935 Paschasius
1337 3869 1726 3946 Quesnellus,
1773 3870 1866 3930 illi
1908 3870 2025 3931 soli
2068 3871 2359 3949 ignorare
2404 3875 2667 3949 queunt,
2741 3869 2849 3948 qui
2892 3869 3230 3932 editionem
3276 3870 3413 3950 ejus
3456 3871 3779 3949 ignorant.

375 3983 441 4044 Si
488 3985 731 4042 textum
800 3972 1144 4053 expendas,
1191 3972 1299 4050 qui
1343 3970 1406 4030 in
1455 3968 1844 4030 aestimandis
1886 3974 2166 4029 veterum
2213 3968 2593 4029 editionibus
2638 3967 2911 4047 primum
2958 3974 3019 4028 et
3064 3969 3457 4047 potissimum
3502 3974 3786 4049 spectan-

378 4081 497 4141 dus
537 4082 656 4149 est,
704 4079 765 4135 et
808 4072 875 4132 in
918 4089 1044 4151 quo
1089 4068 1395 4149 quieritur
1438 4084 1591 4127 num
1634 4066 1714 4128 sit
1757 4065 2126 4127 emendatus
2169 4084 2242 4126 ac
2311 4065 2588 4125 ineditiis
2630 4064 2947 4144 opusculis
2989 4072 3230 4138 auctus,
3309 4067 3518 4146 plures
3560 4067 3665 4127 ille
3713 4084 3785 4127 ac

378 4172 938 4259 praestantissimos
981 4167 1227 4229 codices
1272 4171 1491 4227 nactus
1556 4171 1668 4239 est,
1718 4182 1985 4243 quorum
2057 4162 2349 4243 praesidio
2396 4162 2594 4222 multa
2636 4162 2774 4224 loca
2818 4163 2880 4222 in
2927 4163 3346 4224 anterioribus
3402 4164 3783 4225 editionihus

376 4275 729 4355 depravata
770 4266 1036 4330 feliciter
1077 4263 1370 4336 correxit,
1434 4267 1496 4323 et
1554 4260 1868 4340 Epistolas
1928 4261 2266 4341 pontificis,
2333 4278 2474 4339 quae
2518 4260 2681 4320 inter
2741 4259 2936 4339 ipsius
2999 4262 3204 4340 Opera
3263 4279 3455 4322 sacrae
3500 4260 3780 4321 historiae

380 4372 665 4435 utiliores
708 4370 877 4439 sunt,
923 4383 1000 4426 ex
1044 4380 1171 4423 uno
1217 4360 1573 4423 Grimanico
1645 4378 1760 4419 ms.
1808 4364 1949 4420 octo
1993 4364 2054 4421 et
2099 4358 2319 4438 viginti
2389 4363 2576 4419 antea
2619 4358 2868 4419 ineditis
2912 4377 3141 4436 augere
3212 4359 3509 4438 Epistolis
3552 4358 3779 4438 potuit.

380 4474 698 4533 Praeterea
741 4464 868 4527 alia
909 4460 1199 4542 quaedam
1247 4458 1478 4536 adjecit
1520 4455 1778 4533 inedita,
1827 4457 1990 4517 inter
2031 4476 2173 4537 quae
2239 4456 2511 4517 maxime
2578 4456 2841 4517 celebris
2885 4462 2977 4517 est
3046 4456 3483 4535 antiquissima
3523 4457 3633 4517 illa
3676 4458 3783 4518 Ca-

372 4585 623 4634 nonum
689 4569 751 4626 et
813 4559 1236 4641 Epistolarum
1302 4559 1729 4617 Romanorum
1794 4554 2159 4635 pontiﬁcum
2233 4554 2542 4629 collectio,
2591 4574 2731 4634 quae
2803 4554 3199 4634 Dionysianaa
3256 4554 3521 4614 nihilum
3595 4554 3779 4630 cedit,

372 4660 912 4741 vetustissimique
952 4656 1239 4721 canonici
1274 4654 1436 4733 juris
1489 4653 1780 4714 studiosis
1827 4653 2099 4713 maximo
2146 4652 2515 4731 adjumento
2560 4658 2673 4712 est.
2723 4653 2787 4713 Si
2831 4672 2977 4714 vero
3046 4652 3241 4732 ipsius
3311 4652 3569 4714 editoris
3612 4653 3787 4714 lucu-

376 4765 703 4827 brationes
744 4757 945 4821 textui
1018 4755 1113 4816 vel
1184 4753 1371 4814 rebus
1439 4751 1826 4812 illustrandis
1895 4750 2159 4811 insertas
2225 4750 2579 4811 consideres
2645 4748 2730 4829 (id
2797 4751 2962 4811 enim
3035 4750 3302 4811 alterum
3367 4756 3459 4812 est
3502 4750 3671 4830 quod
3720 4751 3783 4811 in

378 4859 765 4925 editionibus
808 4851 1161 4935 qumritur),
1208 4868 1501 4931 quaenam
1565 4848 1753 4909 editio
1823 4849 2081 4909 Patrum
2128 4853 2223 4908 tot
2293 4847 2477 4906 unius
2543 4847 2799 4908 editoris
2869 4848 3430 4923 observationibus,
3499 4848 3789 4909 admoni-

379 4959 679 5027 tionibus,
728 4954 894 5014 notis
964 4957 1027 5012 et
1069 4947 1612 5010 dissertationibus
1657 4945 2038 5024 locupletata
2079 4945 2454 5017 invenietur,
2503 4950 2658 5023 quot
2725 4945 2833 5004 illa
2875 4947 3121 5019 Leonis,
3171 4966 3362 5025 quam
3409 4947 3780 5019 Quesnellus

377 5058 546 5137 typis
589 5050 962 5132 impressit?
1005 5050 1156 5120 Quae
1214 5047 1378 5107 enim
1451 5044 1728 5123 ejusdem
1806 5044 2120 5122 pontiﬁcis
2163 5047 2369 5122 Opera
2441 5060 2634 5120 parvo
2697 5042 3015 5103 volumine
3084 5044 3323 5119 formm,
3373 5045 3466 5105 uti
3533 5049 3784 5117 vocant,

378 5161 619 5217 octava
665 5149 763 5211 vel
807 5151 1050 5228 quartae
1094 5145 1159 5205 in
1231 5142 1506 5222 antiquis
1579 5139 1955 5201 editionihus
2026 5139 2747 5219 comprebemlebantur,
2819 5140 2899 5200 oh
2972 5142 3286 5212 Quesnelli
3358 5142 3789 5203 additamenta

377 5253 540 5314 duos
579 5247 851 5328 implent
894 5263 1022 5305 non
1066 5243 1327 5322 exiguos
1372 5248 1575 5301 tomos
1607 5238 1875 5299 in-l'olio.
1924 5239 2116 5310 Quem
2152 5257 2340 5318 porro
2386 5256 2510 5305 non
2564 5245 2809 5298 moveat
2855 5243 3095 5299 tantum
3143 5241 3416 5300 studium
3464 5239 3524 5297 in
3574 5240 3783 5299 Leone

373 5349 627 5412 edendo
673 5345 754 5407 ab
799 5362 873 5405 eo
943 5344 1302 5421 susceptum
1380 5344 1442 5399 et
1484 5337 1727 5398 naviter
1793 5336 2169 5415 impensum,
2220 5336 2327 5414 qui
2401 5334 2724 5415 praestanti
2766 5334 3019 5413 ingenio
3064 5343 3125 5398 et
3169 5337 3364 5396 multa
3434 5333 3787 5398 eruditione

373 5452 662 5519 ornatus,
720 5441 1061 5523 plurimum
1134 5443 1407 5518 poterat,
1453 5435 1685 5515 quique
1734 5434 2003 5514 priorem
2051 5433 2389 5495 editionem
2466 5433 2644 5493 novis
2688 5432 2852 5493 curis
2916 5434 3306 5512 recognitam
3350 5438 3494 5511 post
3563 5433 3788 5512 viginti

373 5547 666 5630 quinque
722 5557 924 5603 annos
981 5535 1211 5599 recusit
1265 5532 1632 5608 auctiorem,
1695 5531 1852 5594 adeo
1911 5538 1980 5594 ut
2007 5531 2227 5593 limata
2257 5535 2319 5593 et
2374 5531 2671 5611 perfecta,
2732 5536 3040 5611 quantum
3075 5548 3184 5608 per
3212 5547 3354 5589 eum
3388 5530 3527 5592 ﬁeri
3555 5530 3786 5611 potuit,

365 5626 651 5734 iudicari
709 5635 985 5707 debeat?
1033 5633 1372 5719 Magniﬁca
1429 5630 1682 5717 quidem
1713 5630 1917 5716 elogia
1965 5650 2006 5696 a
2060 5630 2544 5717 quampluribus
2592 5628 2882 5695 litteratis
2938 5626 3087 5690 viris
3143 5626 3419 5694 obtinuit
3474 5626 3792 5714 ejusmodi
