4092 6178
368 333 467 395 ~45
1197 333 1610 393 PR/EFA'I‘IO
1657 333 1984 393 GENERAT

2170 333 2218 392 N
2265 332 2473 393 HANC
2518 330 2972 393 EDITIONEM.
3711 333 3784 392 I6

388 466 602 541 editio,
645 484 787 548 qua:
839 466 1069 527 idcirco
1126 484 1253 526 non
1313 470 1439 527 tam
1500 459 1773 546 primum
1827 465 2133 545 impressa
2163 484 2353 544 quam
2403 483 2644 539 recusa,
2697 465 2907 526 statim
2937 471 3071 527 toto
3100 464 3252 528 orbe
3283 466 3566 548 dispersa
3594 471 3783 547 atque

389 570 701 645 suscepta,
760 563 968 625 adhuc
1023 563 1414 625 desideratur
1468 584 1506 625 a
1564 563 1904 644 pluribus;
1962 568 2022 624 et
2082 564 2227 625 licet
2282 563 2364 624 ob
2424 582 2720 625 censuras
2784 564 3255 637 nonnullorum,
3314 583 3388 626 ac
3437 566 3785 645 praesertim

388 662 817 745 Inquisitionis
872 664 1173 723 Romanae
1230 662 1381 723 anni
1438 663 1618 735 1676,
1680 661 1847 741 apud
1922 660 2269 722 catholicos
2321 680 2450 723 non
2523 662 2839 723 modicum
2910 663 3271 725 detrimenti
3326 664 3581 743 ceperit,
3644 681 3785 725 eam

397 759 814 824 nihilominus
869 758 1120 821 eruditis
1190 759 1407 840 ubique
1471 758 1787 842 probatam
1850 760 2166 820 affirmare
2224 778 2352 821 non
2404 760 2718 821 dubitavit
2767 762 3043 823 Joannes
3097 762 3388 824 Albertus
3443 761 3785 823 Fabricius.

404 861 553 923 Ἡ,ωο
604 857 859 938 quidem
919 857 1287 919 heterodoxi
1314 858 1611 932 virilaus,
1673 863 1736 918 et
1764 857 1813 918 si
1847 859 2145 918 Romanae
2176 876 2455 918 censurae
2485 875 2816 939 perperam
2848 858 3105 920 omnino
3138 860 3500 940 opponitur,
3536 859 3789 939 pervul-

396 960 852 1037 gatam-tamen
883 955 959 1018 de
990 956 1207 1017 eadem
1241 955 1512 1018 editione
1544 955 1901 1036 opinionem
1934 955 2071 1016 aliis
2100 954 2289 1016 etiam
2320 956 2771 1017 catholicorum
2802 957 3173 1019 testimoniis
3202 958 3637 1020 conﬁrmatam
3687 978 3789 1020 os-

252 1031 263 1039 ’
372 1031 617 1119 ienuit.

477 1152 555 1214 ΙΙ.
609 1150 791 1213 Hisce
868 1150 1541 1228 animadversionibus,
1624 1170 1766 1231 quae
1843 1154 2077 1211 metum
2154 1149 2549 1230 ingerebant,
2627 1152 3068 1231 opponebatur
3139 1172 3316 1214 nova:
3394 1153 3601 1215 adhuc
3652 1160 3793 1235 post

376 1248 899 1322 .Quesnellianam
938 1248 1231 1310 editionis
1262 1248 1617 1310 necessitas.
1666 1248 1889 1310 ‘Primo
1943 1248 2111 1310 enim
2161 1248 2518 1328 judicatum
2550 1248 2670 1309 fuit
2724 1249 3023 1311 interesse
3081 1250 3420 1330 plurimum
3454 1254 3518 1314 S.
3579 1253 3788 1332 ponti-

391 1346 789 1428 ficisOpera
835 1347 914 1409 ad
970 1350 1286 1409 Romanos
1336 1348 1652 1428 praecipue
1710 1347 1955 1409 codices
2012 1347 2282 1426 exigere,
2348 1348 2457 1427 qui
2510 1353 2575 1407 et
2604 1347 2651 1406 si
2685 1348 2747 1407 in
2809 1349 3075 1409 Romani
3130 1350 3428 1430 antistitis
3483 1350 3792 1430 Operibus

395 1446 858 1528 praestantiores
887 1451 1077 1526 atque
1129 1447 1412 1525 puriores
1468 1446 1892 1525 praesumendi
1948 1446 2094 1519 sint,
2156 1463 2190 1506 τι
2249 1446 2582 1517 Quesnello
2640 1452 2852 1508 tamen
2910 1447 3110 1521 irrito,
3175 1454 3243 1509 ut
3296 1449 3361 1509 in
3419 1452 3789 1529 praefatione

393 1548 674 1619 testatur,
738 1550 965 1606 conatu
1021 1545 1289 1624 quaesiti,
1351 1544 1871 1624 praetermittendi
1928 1544 2183 1604 fuerunt
2212 1544 2274 1603 in
2337 1545 2539 1623 prima
2569 1544 2879 1619 editione;
2917 1546 2981 1605 in
3039 1547 3315 1608 secunda
3345 1566 3494 1610 vero
3552 1550 3788 1613 Barbe-

392 1644 678 1729 rinorum
736 1648 983 1704 tantum
1046 1642 1617 1721 manuscriptorum
1677 1642 1991 1702 variantes
2046 1642 2347 1702 lectiones
2397 1642 2654 1722 accepit.
2721 1662 2794 1704 ex
2827 1642 3055 1723 quibus
3097 1644 3248 1723 ipsis
3305 1663 3537 1725 paucas
3563 1647 3786 1711 admo-

392 1742 539 1803 dum
571 1740 637 1801 in
671 1740 820 1801 :olis
850 1740 1146 1820 Epistolis
1194 1739 1503 1800 adhibuit.
1540 1742 1740 1800 Tanto
1790 1746 1998 1800 autem
2033 1739 2231 1817 magis
2280 1739 2416 1801 haec
2444 1742 2870 1801 Romanorum
2932 1742 3385 1822 exemplarium
3447 1748 3793 1826 recognitio

392 1838 745 1902 necesSaria
799 1838 941 1900 visa
986 1843 1096 1913 est,
1156 1837 1325 1918 quod
1384 1855 1458 1898 ex
1491 1855 1618 1897 una
1668 1842 1848 1916 parte
1906 1837 2274 1908 Quesnellus
2326 1837 2389 1898 in
2437 1857 2552 1899 usu
2602 1839 2883 1900 codicum
2933 1840 3332 1920 negligentiae
3389 1852 3717 1907 accusetur
3755 1866 3793 1909 a

390 1937 792 2018 quibusdam,
851 1955 922 1998 ac
971 1936 1319 2017 praesertim
1354 1954 1392 1997 a
1448 1935 1704 1997 Baluzio
1765 1940 1827 1995 et
1854 1935 2244 2009 Constantio,
2276 1935 2338 1995 in
2399 1937 2803 2015 antiquorum
2860 1936 3165 1998 librorum
3218 1940 3426 2002 studio
3482 1944 3786 2022 peritissi-

394 2036 655 2110 mis;ex
713 2035 838 2096 alia
891 2053 1039 2097 vero
1098 2039 1249 2095 nota
1304 2033 1439 2112 ejus
1477 2033 1732 2093 libertas
1761 2034 1825 2093 in
1886 2033 2281 2094 emendando
2337 2033 2676 2095 identidem
2736 2040 2933 2108 textu,
2993 2035 3167 2097 nullo
3225 2037 3496 2118 allegato
3554 2042 3786 2117 codice,

393 2133 713 2195 nonnullis
769 2132 1186 2213 suspicionem
1246 2131 1554 2211 injecerit.
1607 2131 1844 2192 Deinde
1902 2131 2174 2210 plurima
2230 2137 2377 2192 sunt
2434 2132 2500 2192 in
2550 2133 2684 2211 ejus
2750 2133 3293 2196 lucubrationibus
3353 2137 3637 2201 licentius
3691 2142 3790 2202 in-

390 2238 579 2306 serta,
636 2232 865 2311 quibus
920 2231 1090 2292 falsis
1147 2230 1447 2291 doctrinis
1490 2232 1679 2302 favet,
1723 2236 1788 2290 et
1843 2248 1966 2290 non
2004 2236 2131 2290 tam
2186 2234 2456 2292 Leonem
2508 2250 2697 2310 quam
2758 2233 3055 2293 Romanae
3113 2234 3276 2295 sedis
3333 2230 3783 2317 praerogativas

390 2348 559 2392 nunc
591 2329 827 2410 palam,
888 2348 1054 2389 nunc
1086 2329 1355 2389 latenter
1382 2328 1733 2407 impetivit;
1786 2328 1947 2388 adeo
1978 2333 2046 2388 ut
2075 2328 2212 2388 hac
2267 2329 2482 2401 editio,
2516 2348 2657 2408 qua:
2715 2332 2985 2391 Leonem
3015 2320 3224 2410 potius
3253 2332 3548 2414 deturpat
3596 2356 3786 2417 quam

388 2428 685 2500 illustrat,
711 2426 1121 2504 justissimam
1154 2425 1645 2506 prohibitionem
1680 2426 1999 2485 meruerit.

468 2525 570 2588 IlI.
604 2524 712 2585 His
740 2524 819 2585 de
874 2524 1101 2597 causis,
1159 2528 1228 2583 ut
1284 2523 1554 2602 primum
1616 2522 1835 2583 eadem
1869 2523 2060 2584 editio
2117 2542 2283 2584 anno
2317 2525 2471 2583 1675
2525 2523 2588 2582 ὶη
2622 2524 2823 2584 lucem
2879 2525 3131 2604 prodiit,
3194 2527 3409 2589 statim
3444 2549 3620 2592 novae
3651 2531 3784 2593 edi-

389 2623 576 2685 tionis
627 2624 841 2682 Itomas
890 2620 1276 2682 adornandas
1333 2620 1661 2681 consilium
1712 2625 1961 2699 ceptum
1996 2621 2203 2694 fuisse,
2263 2621 2472 2699 colligi
2530 2640 2711 2700 posse
2772 2623 3086 2682 credimus
3117 2643 3192 2685 ex
3250 2627 3466 2688 Italica
3522 2630 3787 2709 epislola

386 2718 708 2783 Laurentii
736 2717 896 2780 Mari
926 2717 1004 2778 ad
1062 2718 1463 2779 Franciscum
1521 2717 1889 2779 Grisendum
1950 2717 2184 2796 scripta
2238 2718 2337 2779 die
2394 2720 2472 2779 30
2501 2720 2706 2780 Martii
2761 2720 2910 2781 anni
2945 2722 3096 2781 1677
3127 2740 3141 2794 ;
3201 2723 3318 2784 sibi
3349 2726 3516 2786 enim
3546 2727 3786 2806 signifi-

388 2824 599 2880 catum
655 2814 931 2877 affirmat
989 2820 1373 2895 praeceptum
1430 2813 1828 2874 illustrissimi
1885 2815 2205 2875 Brancatii
2260 2815 2337 2876 de
2397 2818 2560 2877 noVa
2614 2817 2888 2879 editione
2950 2821 3224 2898 Operum
3285 2825 3351 2884 S.
3413 2826 3662 2900 Leonis,
3699 2827 3795 2887 illi

387 2933 655 2996 vengono
725 2911 1083 2973 comunicati
1147 2912 1175 2971 i
1239 2910 1514 2972 comendi
1552 2911 1617 2971 di
1681 2912 2022 2990 monsignor
2108 2911 2501 2974 illustrissimo
2602 2915 2906 2978 Brancaci
2965 2918 3081 2977 mia
3166 2919 3405 2999 signare
3475 2940 3657 3003 sopra
3727 2923 3786 2985 la

388 3031 584 3076 nuova
625 3009 885 3071 edizione
927 3007 997 3069 di
1033 3009 1105 3070 S.
1150 3009 1384 3083 Leone;
1434 3013 1497 3069 et
1549 3008 1615 3068 in
1667 3008 1832 3069 hanc
1887 3009 2219 3088 quaesitum
2266 3011 2478 3071 subdit
2530 3012 2836 3093 quidquid
2893 3015 2990 3088 Jo,
3050 3014 3331 3095 Baptista
3387 3019 3595 3087 Marus
3651 3021 3787 3101 ejus

389 3114 582 3174 frater
633 3127 710 3169 ex
765 3125 911 3168 mss.
970 3107 1267 3176 Romanis
1326 3110 1679 3185 paraverat.
1741 3107 1939 3184 Hujus
1998 3107 2299 3186 epistolas,
2359 3128 2548 3188 quam
2607 3111 2671 3170 in
2729 3111 2940 3173 codice
2998 3113 3342 3175 Barberino
3399 3116 3779 3193 invenimus,

390 3206 660 3289 amplior
715 3204 941 3267 notitia
986 3204 1240 3264 dabitur
1286 3203 1351 3263 in
1384 3203 1765 3283 praefatione.
1805 3205 2200 3265 sermonibus
2259 3208 2480 3267 Leonis
2540 3209 2947 3288 praemissa,§
3009 3212 3071 3270 7.
3134 3213 3279 3273 Haec
3337 3214 3552 3275 eadem
3607 3236 3784 3279 novas

389 3305 681 3371 editionis
730 3302 1027 3382 cogitatio
1083 3302 1307 3362 iterum
1388 3300 1592 3360 excita
1648 3306 1742 3362 est
1818 3320 1986 3363 anno
2063 3306 2242 3377 1716,
2304 3306 2554 3367 favente
2613 3326 2861 3369 summo
2918 3310 3213 3387 pontiﬁce
3309 3311 3626 3375 Clemente
3683 3318 3778 3379 XI.

387 3403 797 3482 Exploratum
859 3403 953 3493 est
1008 3396 1434 3493 testimonium
1494 3398 1752 3457 Patrum
1810 3399 2342 3461 'I‘rivultianorum
2400 3401 2699 3463 insertum
2761 3404 3067 3465 Me'moires
3109 3406 3337 3481 AuriL,
3392 3411 3568 3484 1716,
3633 3432 3778 3493 pag.

374 3502 526 3574 722,
561 3498 671 3560 ubi
705 3515 788 3557 ex
832 3488 1108 3574 epistola
1138 3496 1352 3555 Romae
1386 3494 1628 3574 scripta
1671 3493 1806 3557 haec
1857 3495 2231 3558 traduntur:
2270 3497 2356 3559 0n
2398 3518 2435 3560 a
2474 3500 2667 3579 forme'
2709 3500 2760 3561 le
2796 3502 2996 3582 projel
3037 3502 3209 3564 d’une
3250 3507 3517 3569 nouvelle
3557 3488 3780 3574 edition

385 3599 458 3660 de
492 3598 567 3661 'S.
603 3596 782 3658 Léon.
831 3593 915 3656 Sa
958 3588 1243 3666 Sainte‘té,
1292 3594 1403 3674 qui
1439 3612 1477 3654 a
1519 3613 1631 3653 une
1672 3592 1939 3653 devotion
1976 3596 2366 3674 particuliére
2408 3597 2443 3658 ἁ
2487 3618 2548 3658 ce
2588 3600 2744 3660 sainl
2786 3601 3045 3674 docteur,
3114 3604 3373 3682 favorise
3414 3625 3475 3666 ce
3536 3607 3776 3672 dessein.

370 3695 867 3760 'Sab'Clemeate
890 3696 1106 3752 autem
1162 3693 1293 3763 XII,
1348 3710 1475 3752 non
1525 3691 1711 3752 modo
1745 3691 1969 3752 revixit
2024 3691 2188 3752 idem
2248 3694 2600 3770 consilium,
2633 3715 2849 3759 verum
2909 3699 3095 3759 etiam
3129 3700 3265 3761 haec
3322 3720 3474 3764 cura
3530 3705 3774 3770 duobus

382 3792 742 3883 clarissimis
778 3790 928 3850 viris
981 3788 1277 3868 imposita
1335 3789 1472 3860 fuit,
1534 3788 1903 3867 collatisque
1960 3788 2223 3849 istorum
2284 3791 2526 3865 studiis,
2591 3795 2927 3875 multisque
2985 3796 3133 3857 hinc
3192 3804 3252 3859 et
3310 3799 3457 3861 hinc
3514 3808 3769 3883 paratis,

382 3896 563 3950 tanta
619 3886 811 3966 hujus
868 3888 1166 3946 Romanas
1224 3885 1516 3946 editionis
1573 3885 1958 3964 exspectatio
2005 3885 2337 3960 inerebuit,
2390 3894 2460 3947 ut
2506 3890 3035 3953 eminentissimus
3093 3895 3431 3958 cardinalis
3486 3900 3781 3970 Quirinus

380 3989 502 4050 hac
531 3989 605 4049 de
637 3998 826 4046 causa
856 3982 1175 4063 scripserit
1207 4002 1373 4043 anno
1422 3985 1601 4055 1740,
1633 3983 1696 4042 in
1729 3983 2078 4062 appendice
2133 3984 2417 4063 subjecta
2469 3987 2645 4047 Pauli
2678 3989 2730 4049 II
2789 3991 2969 4065 Vitas,
3006 4011 3151 4072 pag.
3220 3996 3359 4070 161,
3420 4016 3544 4058 non
3575 4002 3776 4064 solum

376 4088 617 4175 piorum
645 4092 823 4165 atque
864 4081 1232 4143 eruditorum
1274 4090 1465 4142 votum
1524 4080 1848 4161 deposcere,
1894 4100 2108 4143 verum
2169 4084 2357 4144 etiam
2399 4103 2639 4166 sqerare
2679 4089 2970 4150 saniorem
3014 4110 3084 4152 ac
3110 4090 3436 4172 ﬁdeliorem
3465 4097 3776 4163 editionem

380 4183 462 4247 ad
510 4183 926 4245 Vaticanorum
962 4180 1291 4260 prasertim
1334 4176 1597 4239 codicum
1638 4176 1841 4258 ﬁdem.

459 4283 560 4345 IV.
593 4276 754 4342 Dum
812 4297 977 4340 unus
1033 4296 1067 4341 e
1125 4277 1307 4339 nobis
1363 4267 1531 4337 anno
1583 4278 1739 4338 1748
1797 4280 2059 4338 ltomam
2119 4278 2244 4339 alia
2291 4280 2367 4341 de
2399 4300 2589 4343 causa
2641 4286 2918 4360 accessit,
2979 4286 3057 4348 de
3114 4287 3233 4349 hac
3282 4309 3445 4353 nova
3502 4294 3776 4359 editione

379 4381 590 4467 plures
645 4376 993 4439 sciscitatus
1053 4381 1168 4436 est.
1228 4376 1308 4435 At
1381 4374 1488 4434 alii
1546 4369 1612 4435 se
1656 4374 1902 4453 jamdiu
1980 4376 2140 4437 nihil
2196 4378 2436 4452 audire,
2520 4381 2627 4443 alii
2675 4402 2821 4445 vero
2888 4403 3063 4464 spem
3121 4405 3372 4449 omnem
3449 4396 3772 4458 evanuisse

378 4474 859 4565 responderunt.
920 4473 1055 4545 Qua
1102 4472 1177 4532 de
1238 4489 1303 4532 re
1372 4489 1514 4532 cum
1592 4490 1796 4533 sermo
1866 4473 2084 4534 fuisset
2164 4493 2374 4536 coram
2455 4498 2702 4542 summo
2763 4482 3056 4561 pontifice
3114 4485 3453 4549 Benedicto
3508 4491 3660 4566 XIV,
3721 4496 3775 4557 is

377 4575 661 4636 eamdem
694 4571 1193 4651 desperationem
1227 4569 1641 4630 confirmante
1671 4588 1797 4630 uno
1852 4587 1926 4630 ex
1982 4571 2107 4632 illis
2135 4572 2404 4647 duobus,
2465 4576 2692 4654 quibus
2744 4596 2820 4639 ea
2878 4580 3067 4641 editio
3126 4583 3241 4642 sub
3290 4585 3614 4651 Clemente
3664 4594 3773 4655 XII

375 4672 711 4734 commissa
740 4670 962 4742 fuerat,
1000 4668 1191 4729 hocce
1247 4667 1520 4727 studium
1581 4667 1761 4727 nobis
1816 4668 2136 4748 imposuit.
2200 4672 2276 4731 Et
2324 4672 2377 4731 si
2424 4693 2568 4734 vero
2606 4682 2833 4753 praeter
2888 4696 2961 4738 ea
2991 4698 3131 4758 qua:
3166 4681 3344 4742 initio
3402 4691 3771 4752 memoravi-

377 4776 541 4829 mus‘
586 4774 941 4830 nostrarum
1013 4766 1203 4827 etiam
1266 4765 1491 4824 virium
1550 4765 1949 4826 imbecillitas
2008 4767 2374 4842 deterreret,
2437 4771 2670 4831 diutius
2730 4779 2937 4834 tamen
2998 4779 3357 4840 auctoritati
3416 4788 3610 4845 tanta
3669 4807 3771 4848 re-

372 4868 721 4928 sistendum
778 4884 905 4926 non
954 4865 1092 4924 fuit.
1154 4869 1437 4941 Cumque
1495 4863 1571 4923 de
1604 4863 1724 4923 hac
1780 4864 2054 4925 editione
2085 4873 2373 4945 suscepta
2428 4868 2488 4927 in
2539 4870 2705 4930 Urbe
2735 4871 3125 4952 divulgatum
3158 4884 3337 4953 esset,
3376 4893 3773 4948 accesserunt

374 4965 612 5045 aliquot
642 4963 1080 5034 cardinalium,
1135 4962 1536 5041 prmlatorum
1589 4971 1649 5022 et
1705 4963 2050 5023 amicorum
2099 4963 2428 5043 impulsus,
2490 4969 2597 5047 qui
2653 4970 2843 5030 etiam
2876 4972 3179 5033 auxilium
3227 4994 3407 5037 suum
3456 4980 3765 5045 obtulere.

372 5063 524 5124 Cum
556 5060 941 5123 acodicibus
969 5059 1419 5120 exordiendum
1470 5065 1652 5135 esset,
1716 5059 2008 5120 laudatus
2063 5078 2347 5149 summus
2403 5066 2708 5144 pontifex,
2770 5074 2839 5126 ut
2878 5068 3221 5132 faciliorem
3278 5076 3766 5154 expeditiorem-

372 5180 494 5240 que
525 5158 923 5221 collationem
956 5159 1210 5231 faceret,
1248 5158 1581 5221 ,Vaticanm
1638 5157 2035 5220 bibliothecae
2085 5176 2232 5219 mss.
2294 5161 2509 5235 libros,
2570 5163 2678 5241 qui
2736 5165 3010 5227 maximo
3059 5170 3197 5230 usui
3245 5172 3473 5245 forent,
3508 5175 3766 5241 domum

373 5258 603 5320 deferri
655 5256 956 5338 peculiari
988 5256 1317 5336 privilegio
1346 5256 1672 5317 concessit.
1706 5257 1970 5318 Patuere
2024 5257 2213 5317 etiam
2272 5264 2512 5320 caeteras
2572 5261 2966 5326 bibliotheca:
3015 5268 3338 5345 Romanae,
3393 5267 3764 5352 Barberina,

370 5356 701 5434 Cbigiana,
761 5354 1217 5425 Casanatensis,
1283 5354 1713 5429 Vallicellana,
1774 5354 2090 5434 Angelica,
2156 5362 2217 5416 et
2246 5356 2355 5416 illa
2408 5359 2690 5420 Basilicas
2747 5362 2812 5422 S.
2871 5364 3058 5424 Petri.
3124 5368 3275 5428 Cum
3324 5375 3534 5432 autem
3587 5376 3769 5436 multi

376 5458 583 5515 essent
629 5452 874 5513 codices
930 5451 1265 5524 recolendi,
1327 5452 1556 5531 quibus
1610 5470 1771 5512 unus
1819 5469 1946 5512 non
2003 5451 2254 5525 sufficit,
2315 5454 2627 5516 auxiliarii
2684 5458 2888 5538 pretio
2936 5472 3349 5540 accesserunt,
3412 5468 3518 5530 alii
3576 5473 3765 5533 etiam

371 5554 784 5632 spontaneum
818 5554 880 5611 et
909 5549 1249 5630 gratuitam
1281 5568 1537 5629 operam
1570 5547 1927 5611 contulere:
1965 5546 2130 5608 inter
2180 5568 2337 5627 quos
2369 5554 2791 5633 postissimum
2851 5556 3204 5624 laudandus
3274 5570 3367 5627 est
3395 5567 3465 5627 P.
3516 5568 3767 5633 Brunus

366 5650 590 5731 Toma,
626 5653 772 5714 tunc
801 5649 1018 5729 lector,
1084 5666 1253 5715 nunc
1281 5649 1455 5733 prior
1505 5648 1762 5711 Patrum
1810 5643 2300 5712 Prasdicatorum
2348 5650 2412 5718 S.
2473 5652 2749 5731 Sabines,
2810 5654 2920 5741 qui
2952 5656 3107 5722 alios
3137 5679 3170 5726 θ
3217 5663 3345 5726 suis
3371 5664 3437 5729 in
3491 5666 3768 5737 collatio.
