4092 6178
287 377 362 441 17
1121 376 1536 442 PREFATIO
1583 377 2023 441 G'ENEBAIJS
2070 378 2148 442 IN
2194 375 2400 444 HANC
2443 379 2904 449 EDITIONEM.
3614 379 3692 446 18

283 514 470 577 nibus
498 513 615 577 sibi
645 512 958 595 adjunxit.
1003 514 1070 576 In
1103 512 1224 576 hoc
1280 513 1496 575 labore
1532 518 1731 575 totum
1787 512 1850 574 id
1897 515 2220 595 temporis,
2282 536 2406 598 quo
2461 517 2621 580 alter
2658 539 2691 581 e
2738 520 2918 582 nobis
2967 522 3182 583 Roma
3228 526 3514 584 versatus
3569 529 3686 596 est,

279 613 344 675 id
394 619 489 676 est
534 633 774 675 annum
821 613 1136 692 integrum
1196 631 1338 673 cum
1396 612 1676 684 dimidio,
1738 613 1904 674 inter
1961 613 2205 675 codices
2262 615 2690 678 indesinenter
2733 619 3140 698 consumpsit.
3195 621 3480 701 Cumque
3523 620 3576 685 is
3607 641 3685 684 ex

280 713 447 776 Urbe
479 712 806 774 discedens
837 711 1143 773 nonnulla
1187 711 1537 790 reliquisset
1597 711 1994 784 conferenda,
2056 712 2402 774 subsidium
2463 715 2939 794 perhumaniter
2985 717 3418 795 praestiterunt
3474 721 3687 802 plures

278 812 488 872 amici.
540 813 611 872 P.
647 811 942 890 magister
981 809 1264 882 Schiara,
1313 809 1546 870 ordinis
1594 810 2109 884 Praedicatorum,
2162 812 2559 874 bibliothecae
2611 815 3015 876 Casanatensi
3065 816 3420 893 praefectus,
3475 837 3684 880 comes

273 910 513 989 Joseph
569 912 940 989 Garampus,
1000 907 1338 968 canonicus
1395 907 1668 967 basilicae
1719 911 1781 969 S.
1843 908 2013 968 Petri
2055 915 2118 969 et
2181 910 2466 970 Vaticani
2515 911 2753 972 archivi
2815 917 3044 984 custos,
3126 913 3396 974 concivis
3471 922 3684 977 noster

274 1011 349 1069 P.
401 1009 768 1069 Franciscus
799 1027 836 1068 a
889 1011 1099 1079 Puteo,
1151 1006 1476 1085 presbyter
1529 1005 1798 1065 Oratorii
1855 1006 1917 1064 in
1966 1007 2308 1079 Vallicella,
2363 1008 2577 1067 Simon
2626 1009 2979 1069 Ballarinus
3010 1028 3047 1069 a
3095 1010 3478 1072 bibliotheca
3523 1015 3682 1074 Bar-

271 1105 523 1177 berina,
582 1105 812 1183 aliique
888 1102 1191 1174 nonnulli,
1239 1102 1347 1181 qui
1397 1101 1710 1162 variantes
1776 1102 2346 1181 manuscriptorum
2425 1123 2580 1184 quas
2637 1105 3177 1181 desiderabamus,
3237 1106 3350 1168 abs
3417 1126 3481 1169 se
3541 1107 3682 1170 dili-

271 1211 505 1283 genter
532 1203 877 1282 descriptas
907 1205 1222 1264 Veronam
1251 1199 1579 1260 miserunt.

357 1304 433 1362 V.
469 1303 537 1362 In
569 1302 706 1362 aliis
750 1318 1002 1380 quoque
1049 1299 1246 1359 Italiae
1303 1297 1699 1357 bibliothecis
1753 1315 1789 1357 a
1843 1298 2173 1369 Quesnello
2230 1299 2502 1372 intactis,
2563 1319 2703 1378 quae
2765 1319 2910 1361 mss.
2990 1302 3454 1382 exemplaribus
3521 1304 3683 1366 cele-

270 1401 519 1462 briores
573 1406 739 1472 sunt,
805 1399 1113 1460 Leoninos
1173 1397 1442 1470 codices,
1503 1399 1816 1475 quotquot
1871 1396 2137 1474 alicujus
2196 1397 2379 1476 pretii
2439 1397 2745 1470 novimus,
2823 1399 2951 1460 sive
3025 1418 3138 1479 per
3203 1420 3339 1474 nos,
3390 1401 3518 1464 sive
3568 1422 3678 1482 per

267 1499 516 1559 amicos
582 1497 993 1557 conferendas
1039 1494 1419 1556 curavimus.
1479 1492 2163 1573 Prmter’exemplaria
2235 1494 2477 1573 aliquot
2542 1497 3056 1574 praestantissima
3130 1498 3389 1576 capituli
3457 1500 3675 1562 cathe-

267 1598 471 1657 dralis
519 1595 918 1667 Veronensis,
969 1613 1110 1674 quae
1159 1593 1240 1653 ob
1285 1593 1597 1671 insignem
1646 1597 2020 1652 vetustatem
2071 1592 2259 1652 nullis
2334 1591 2474 1653 aliis
2530 1593 2781 1668 cedunt,
2841 1595 3115 1656 Venetiis
3172 1596 3235 1655 in
3294 1596 3681 1660 bibliotheca

269 1697 340 1756 S.
397 1694 614 1764 Marci,
665 1712 806 1772 quae
840 1692 1122 1771 pluribus
1181 1690 1408 1752 Graecis
1449 1689 1810 1768 Latinisque
1842 1689 2160 1750 codicibus
2218 1689 2697 1751 instructissima
2744 1699 2860 1766 est,
2912 1711 3037 1752 non
3095 1711 3329 1771 paucos
3375 1695 3464 1754 rei
3517 1715 3678 1775 prae-

266 1795 437 1853 senti
496 1792 677 1852 utiles
722 1791 1004 1851 invenire
1052 1790 1246 1863 licuit,
1305 1795 1366 1850 et
1425 1788 1765 1849 Antonium
1823 1791 2180 1860 Zanettum,
2229 1787 2508 1866 ejusdem
2554 1790 2898 1863 custodem,
2946 1791 3055 1870 qui
3099 1791 3390 1854 omnibus
3431 1794 3674 1864 studio-

266 1892 356 1951 sis
402 1892 680 1950 favorem
727 1895 1002 1970 praestat,
1051 1889 1114 1949 in
1171 1887 1398 1949 Graecis
1454 1887 1800 1966 praesertim
1860 1886 2035 1946 libris
2088 1886 2436 1948 recolendis
2493 1888 2925 1966 coadjutorem
2980 1889 3510 1952 humanissimum
3568 1911 3679 1960 ex-

265 1989 434 2069 perti
479 2007 717 2048 sumus.
763 1987 1003 2046 Patavii
1048 1986 1109 2046 in
1156 1985 1540 2045 bibliotheca
1591 1986 1848 2044 Patrum
1905 1984 2412 2045 Eremitanorum
2457 1987 2525 2046 P.
2586 1987 2883 2064 magister
2931 1988 3242 2049 Antonius
3295 1989 3673 2066 Manentius,

263 2087 331 2147 in
381 2087 447 2148 S.
497 2086 760 2147 Justinas
809 2084 1263 2144 monachorum
1310 2084 1372 2144 S.
1433 2082 1754 2143 Benedicti
1797 2083 1867 2142 P.
1914 2083 1986 2143 D.
2037 2082 2354 2161 Spiridion
2418 2083 2824 2157 Peristianus,
2872 2089 2934 2146 et
2976 2085 3040 2145 in
3102 2087 3358 2147 Antonii
3420 2089 3677 2150 Patrum

262 2183 794 2246 Conventualium
841 2183 904 2244 S.
951 2181 1264 2242 Francisci
1307 2183 1375 2240 P.
1427 2180 1726 2258 magister
1769 2180 2149 2258 Reginaldus
2207 2180 2462 2242 Fischer
2504 2181 2749 2243 codices
2801 2188 2863 2244 et
2913 2200 3170 2262 operam
3229 2184 3675 2258 exhibuerunt.

261 2283 358 2342 Ex
403 2281 634 2359 insigni
677 2280 1059 2341 monasterio
1113 2278 1572 2340 Padilironensi
1617 2279 1681 2339 S.
1728 2278 2046 2338 Benedicti
2091 2279 2152 2338 in
2201 2297 2352 2356 agro
2417 2280 2758 2342 Mantuano
2803 2282 2872 2341 P.
2923 2284 2995 2342 D.
3043 2283 3318 2344 Joannes
3377 2284 3676 2363 Augusti-

264 2399 390 2440 nus
434 2378 823 2440 Gradonicus
885 2377 1168 2438 codicum
1216 2376 1532 2437 variantes
1595 2395 1720 2436 non
1785 2375 2011 2454 exiguo
2074 2375 2290 2435 labore
2353 2376 2650 2436 collectas
2713 2378 3078 2439 transmisit.
3144 2379 3478 2442 Florentia
3538 2387 3698 2444 tum-

257 2479 323 2538 in
369 2476 760 2538 bibliotheca
805 2478 870 2536 S.
916 2475 1132 2548 Marci,
1201 2479 1330 2534 tum
1375 2473 1440 2534 in
1487 2474 1908 2535 Laurentiana
1966 2474 2244 2533 Medicea
2307 2474 2574 2533 multum
2638 2474 2938 2535 debemus
2979 2477 3048 2534 P.
3097 2476 3320 2537 lectori
3377 2477 3673 2558 Philippo

257 2577 478 2638 Mariae
531 2577 788 2645 Sereno,
840 2573 947 2653 qui
990 2573 1115 2634 alia
1156 2573 1442 2646 contulit,
1493 2572 1615 2631 alia
1677 2572 1865 2631 etiam
1912 2571 2259 2650 exscripsit.
2306 2571 2568 2645 Fesulis,
2615 2592 2756 2651 quae
2819 2591 2977 2651 opus
3047 2578 3249 2646 erant,
3314 2577 3675 2653 procuravit.

255 2675 302 2734 P
351 2672 715 2734 Alexander
756 2670 1163 2749 Chiappinus,
1212 2670 1406 2730 abbas
1450 2668 1760 2746 generalis
1813 2668 2258 2728 canonicorum
2307 2667 2850 2742 Laterancnsium,
2899 2669 3007 2748 qui
3069 2671 3427 2749 nuperrime
3490 2673 3672 2737 obiit.

255 2770 484 2842 Quoad
531 2789 678 2830 mss.
743 2768 970 2828 Montis
1031 2767 1258 2840 Casini,
1325 2783 1624 2842 magnum
1692 2769 2027 2843 patronum
2093 2765 2332 2844 experti
2389 2785 2606 2826 sumus
2655 2767 3218 2828 eminentissimum
3287 2769 3672 2834 cardinalem

251 2868 748 2939 Tamburinum,
815 2865 891 2926 de
955 2864 1132 2942 cujus
1197 2863 1462 2924 miriﬁco
1526 2863 1711 2941 plane
1771 2862 1982 2922 favore
2045 2863 2378 2941 peculiaris
2441 2863 2668 2924 redibit
2731 2865 2964 2926 mentio
3027 2865 3093 2924 in
3156 2867 3532 2946 praefatione
3591 2870 3674 2931 ad

256 2985 610 3039 sermones,
660 2983 834 3024 num.
885 2965 982 3022 16.
1031 2966 1426 3023 Lucanorum
1472 2961 1755 3021 codicum
1821 2959 2219 3020 collationem
2283 2966 2504 3039 sponte
2567 2960 2797 3021 obtulit
2839 2963 2908 3022 P.
2971 2963 3249 3024 Joannes
3309 2965 3673 3029 Dominicus

253 3067 565 3140 Mansius,
615 3064 676 3124 in
722 3062 996 3142 antiquis
1041 3080 1186 3121 mss.
1236 3059 1715 3131 versatissimus,
1765 3064 1826 3118 et
1871 3057 2156 3137 pluribus
2198 3057 2380 3117 editis
2443 3057 2834 3138 documentis
2887 3076 2959 3121 ac
3012 3060 3200 3120 tomis
3253 3067 3461 3124 notus.
3515 3064 3670 3126 Ber-

264 3166 446 3245 gomi
491 3183 677 3244 opem
727 3162 870 3222 tulit
912 3159 1325 3221 amicissimus
1370 3162 1585 3219 noster
1625 3158 1698 3217 P.
1746 3155 2134 3236 Hyacinthus
2177 3155 2342 3229 Sala,
2399 3155 2636 3216 ordinis
2678 3156 3190 3232 Praedicatorum,
3239 3159 3304 3218 in
3349 3161 3672 3224 academia

255 3262 642 3326 Taurinensi
687 3259 973 3340 publicus
1016 3257 1349 3336 theologiae
1394 3257 1730 3335 professor.
1779 3255 1918 3315 Alia
1961 3253 2239 3314 subsidia
2283 3272 2394 3333 per
2436 3253 2592 3314 alios
2636 3253 2995 3329 Mediolani,
3043 3254 3348 3330 Tridenti,
3406 3259 3670 3321 Taurini

255 3369 348 3432 et_
365 3362 527 3423 alibi
571 3366 802 3441 prasto
846 3359 1120 3418 fuerunt.

334 3463 443 3522 VI.
494 3463 688 3520 Extra
732 3457 974 3518 Italiam
1019 3455 1207 3515 etiam
1254 3451 1642 3530 diligentiam
1692 3450 2104 3525 extendimus,
2165 3449 2460 3509 nimirum
2525 3449 2587 3508 in
2635 3449 3046 3511 bibliothecas
3104 3453 3455 3514 Caesaream
3518 3454 3666 3516 Vin—

258 3561 691 3623 debonensem
762 3561 824 3614 et
886 3552 1400 3630 Itatisponensem
1466 3549 1528 3608 S.
1599 3547 2002 3607 Emmerami.
2068 3548 2114 3605 E
2173 3546 2554 3606 bibliotheca
2632 3547 2932 3617 Caesarea,
3018 3546 3201 3624 cujus
3259 3567 3406 3610 mss.
3472 3551 3668 3614 libros

261 3659 479 3721 Gallus
524 3655 729 3717 editor
771 3653 1006 3712 frustra
1049 3647 1356 3728 quaesivit,
1421 3646 1689 3705 duorum
1751 3643 2411 3724 praestantissimorum
2474 3643 2929 3721 exemplarium
2997 3642 3382 3706 collectionis
3443 3648 3668 3727 Hispa-

260 3757 423 3816 nicae
472 3759 533 3813 et
575 3750 1031 3824 Quesnellianae
1075 3746 1473 3807 collationem
1522 3761 1712 3822 quam
1758 3741 2293 3819 diligentissimam
2342 3739 2517 3800 nullo
2563 3739 2843 3818 sumptui
2888 3745 3215 3818 parcentes
3259 3741 3439 3802 nobis
3502 3761 3672 3808 com-

263 3852 654 3934 paravimus.
697 3851 768 3910 In
815 3843 1253 3924 Ratisponensi
1295 3862 1442 3904 vero
1487 3841 1725 3903 servari
1769 3837 2068 3901 eximium
2113 3856 2364 3918 prorsus
2408 3843 2469 3898 et
2511 3837 2891 3916 singularem
2925 3837 3203 3899 codicem
3247 3839 3670 3919 Epistolarum

266 3955 330 4014 S.
380 3949 631 4017 Leonis,
678 3946 880 4006 eidem
927 3943 1322 4002 bibliothecae
1367 3961 1481 4020 pro
1543 3943 1791 4000 Tutone
1852 3936 2146 4015 episcopo
2192 3936 2354 3995 d0no
2419 3935 2632 3995 datum
2700 3941 2965 3997 exeunte
3027 3936 3254 3996 saeculo
3320 3957 3511 4015 nono,
3574 3941 3671 4002 vel

269 4050 514 4111 decimo
559 4046 839 4116 ineunte,
887 4039 1249 4121 prodiderat
1289 4040 1359 4097 P.
1393 4037 1750 4097 Bernardus
1793 4037 1906 4095 Pez
1945 4035 2009 4094 in
2045 4034 2477 4094 dissertatione
2521 4034 2838 4112 isagogica
2880 4034 3203 4112 praemissa
3245 4040 3418 4097 tomo
3451 4039 3474 4098 Ι
3505 4037 3672 4100 The-

271 4147 437 4208 sauri
480 4142 970 4211 Anecdotorum,
1018 4157 1189 4197 num.
1238 4137 1338 4195 65.
1385 4134 1587 4214 Hujus
1631 4133 1858 4193 codicis
1901 4131 2209 4191 desiderio
2255 4131 2305 4190 is
2349 4131 2455 4210 qui
2500 4150 2533 4191 e
2565 4131 2744 4192 nobis
2791 4134 3004 4192 Romae
3048 4137 3206 4206 erat,
3241 4133 3438 4195 adivit
3476 4135 3548 4196 P.
3583 4135 3667 4197 M.
3715 4203 3720 4207 _

270 4245 578 4305 Thomam
631 4237 1041 4307 Bicchinium,
1091 4233 1326 4294 ordinis
1368 4231 1860 4291 Praedicatorum
1904 4249 1940 4290 a
1993 4229 2246 4288 secretis
2309 4229 2814 4307 congregationis
2877 4229 3122 4305 Indicis,
3187 4248 3388 4310 eoque
3453 4250 3676 4313 coope-

271 4328 446 4402 rante
490 4341 562 4399 P.
611 4338 692 4398 M.
742 4333 1062 4396 Emericus
1103 4334 1599 4408 Langenuaeter,
1646 4327 1919 4405 ejusdem
1967 4325 2206 4388 ordinis
2252 4326 2650 4405 provincialis
2692 4327 2916 4401 Daciae,
2967 4346 3038 4388 ac
3083 4329 3392 4406 generalis
3439 4329 3675 4410 magis-

273 4441 354 4501 tri
398 4437 619 4516 socius,
671 4433 920 4514 scripsit
962 4430 1170 4492 statim
1216 4429 1294 4488 ad
1346 4431 1407 4487 P.
1459 4428 1537 4486 M.
1590 4426 1970 4486 Antoninum
2021 4423 2377 4497 Veichtner,
2430 4425 2536 4503 qui
2583 4444 2750 4500 mox,
2800 4444 2913 4505 pro
2957 4425 3189 4504 insigni
3231 4444 3348 4487 sua
3389 4427 3454 4487 in
3501 4427 3676 4490 hisce

271 4537 495 4600 studiis
540 4533 782 4614 peritia,
833 4529 1060 4591 codicis
1105 4525 1534 4606 praestantiam
1582 4542 1653 4583 ac
1703 4522 2032 4582 utilitatem
2084 4540 2451 4598 agnoscens,
2503 4524 2714 4583 favore
2761 4542 2885 4583 non
2949 4522 3156 4582 minus
3218 4540 3408 4602 quam
3458 4524 3676 4587 labore

273 4639 460 4718 plane
506 4629 811 4712 singulari
853 4629 1056 4708 ipsum
1104 4625 1383 4687 codicem
1430 4642 1555 4682 non
1601 4620 2072 4694 conferendum,
2119 4618 2226 4679 sed
2273 4618 2348 4679 de
2394 4621 2584 4680 verbo
2630 4621 2708 4680 ad
2755 4621 3015 4681 verbum
3081 4638 3270 4700 quam
3334 4623 3678 4683 accuratis-

271 4715 427 4797 sime
473 4727 1021 4794 transcribendum
1065 4723 1334 4804 putavit.
1380 4722 1448 4782 Id
1495 4726 1702 4781 autem
1750 4725 1816 4777 ut
1858 4718 2250 4778 commodius
2296 4735 2407 4796 per
2451 4737 2589 4778 eum
2637 4719 2834 4790 fieret,
2886 4737 2922 4778 a
2985 4718 3504 4780 reverendissimo
3563 4715 3677 4781 ab-

272 4833 414 4895 hate
460 4831 544 4893 ad
586 4830 653 4890 S.
700 4829 1164 4888 Emmeramum
1210 4820 1371 4881 sacri
1416 4819 1682 4880 Romani
1725 4817 1967 4896 imperii
2013 4815 2318 4894 principe,
2369 4815 2499 4876 viro
2544 4816 2606 4875 in
2651 4817 2822 4877 omni
2866 4817 3216 4877 litterarum
3263 4822 3326 4878 et
3384 4817 3678 4880 scientia-

274 4949 410 4992 rum
458 4946 690 5008 genere
733 4919 1179 4992 excultissimo,
1228 4936 1472 4978 summa
1503 4915 1886 4993 benignitate
1931 4931 2296 4974 concessum
2345 4912 2460 4973 fuit
2505 4919 2572 4972 ut
2623 4915 2786 4974 idem
2849 4915 3043 4975 codex
3090 4914 3547 4977 Landishutum
3613 4917 3678 4977 in

277 5026 613 5090 memorati
654 5027 722 5084 P.
769 5019 1072 5083 Antonini
1116 5021 1492 5079 conventum
1539 5013 1904 5074 deferretur.
1953 5015 2104 5083 Quae
2149 5011 2481 5090 peculiaris
2526 5011 2711 5072 unius
2756 5012 3082 5090 diligentia
3126 5012 3191 5072 in
3237 5015 3674 5086 exscribenda,

276 5134 335 5188 et
377 5125 640 5188 alterius
685 5119 1047 5181 humanitas
1090 5118 1152 5177 in
1200 5110 1660 5177 commodando
1705 5113 1834 5169 tam
1887 5108 2114 5169 eximio
2171 5109 2406 5182 codice,
2473 5111 2548 5171 de
2613 5129 2737 5190 quo
2799 5110 2981 5190 plura
3040 5111 3102 5171 in
3167 5112 3538 5191 praefatione
3599 5111 3681 5171 ad

277 5224 587 5304 Epistolas
630 5218 898 5281 dicenda
942 5211 1145 5288 erunt,
1197 5221 1327 5274 toto
1373 5211 1510 5272 orbi
1543 5207 1829 5269 testanda
1873 5224 1943 5265 ac
1991 5207 2250 5285 perenni
2297 5208 2614 5268 memoriae
2660 5209 3166 5270 commendanda
3225 5210 3364 5270 fuit.
3413 5209 3520 5270 His
3565 5226 3677 5268 au-

276 5331 398 5384 tem
445 5319 738 5382 subsidiis
780 5313 1023 5396 experti
1067 5331 1280 5374 sumus
1324 5313 1553 5390 ipsum.
1601 5311 1662 5367 S.
1715 5305 1934 5365 Leonis
1979 5309 2217 5365 textum
2281 5305 2489 5366 adhuc
2554 5312 2692 5386 post
2752 5307 3157 5378 Quesnellum
3221 5324 3401 5387 posse
3462 5322 3680 5366 emen-

280 5421 408 5481 dari
455 5438 581 5480 non
629 5416 971 5485 modicum,
1019 5418 1079 5472 et
1120 5410 1297 5471 novis
1340 5408 1527 5469 etiam
1573 5403 1821 5465 ineditis
1869 5405 2287 5464 monumentis
2332 5404 2572 5484 augeri.

351 5520 483 5578 VII.
533 5513 946 5577 Sermonibus
989 5507 1395 5570 emendandis
1441 5523 1587 5564 mss.
1635 5498 2024 5580 exemplaria
2069 5503 2352 5561 Romana
2415 5501 2809 5582 potissimum
2875 5502 3246 5562 contulere:
3309 5498 3478 5562 inter
3539 5520 3682 5581 quae

283 5634 414 5676 cum
462 5613 772 5675 nonnulla
817 5610 894 5670 ad
953 5607 1241 5667 basilicas
1301 5604 1487 5666 Urbis
1548 5599 1888 5662 certissime
1942 5597 2376 5678 pertinuerint,
2443 5607 2614 5662 certo
2679 5603 2961 5662 Romana
3023 5603 3188 5671 sunt,
3257 5617 3330 5658 ac
3393 5600 3682 5679 puriores

282 5713 570 5774 lectiones
614 5709 800 5772 nobis
845 5707 1320 5768 conservarunt.
1367 5699 1759 5776 Qucsnellus,
1808 5697 1925 5758 etsi
1967 5695 2166 5757 multa
2228 5699 2520 5772 correxit,
2591 5718 2730 5758 cum
2798 5703 3005 5757 tamen
3075 5695 3191 5758 hos
3253 5697 3497 5758 codices
3554 5716 3679 5758 non
