4092 6178
360 334 438 401 19
1190 339 1602 404 ΡΒέΕῈΑΤιΟ
1648 338 1976 402 GENERAJ

2142 338 2210 400 [Ν
2255 336 2467 399 HANC
2508 336 2971 402 EDITIONEM.
3677 335 3758 399 20

361 472 747 554 adhibuerit,
800 474 924 538 alia
972 474 1376 537 inemendata
1422 475 1691 554 reliquit,
1745 474 1868 535 alia
1915 473 2105 535 etiam
2153 472 2327 534 haud
2373 472 2523 534 satis
2572 476 2718 553 apte
2769 472 2867 533 vel
2918 489 3250 554 perperam
3300 469 3587 533 mutavit.
3632 472 3759 533 Nos

358 577 641 634 tercenta
684 573 927 634 circiter
967 574 1105 634 loca
1147 574 1243 634 vel
1288 580 1453 634 certa
1500 572 1937 633 emendatione
1982 572 2330 646 restituere,
2382 571 2474 631 vel
2533 571 2614 631 ad
2676 571 2999 633 meliorem
3059 571 3394 633 lectionem
3455 588 3752 632 revocare

360 670 704 750 potuimus.
753 673 1064 733 Praeterea
1107 691 1182 732 ex
1230 677 1321 732 tot
1365 672 1681 749 tantisque
1724 671 1985 731 diversas
2030 669 2289 748 originis
2341 669 2659 730 codicibus
2702 669 2889 729 simul
2951 669 3217 743 collatis,
3282 687 3552 751 quorum
3630 669 3759 730 dis-

359 768 617 828 tinctam
665 770 949 830 notitiam
1012 770 1302 830 dabimus
1344 769 1407 829 in
1468 768 1837 848 praefatione
1899 767 1979 828 ad
2021 768 2378 842 Sermones,
2444 766 2792 827 deteximus
2854 766 3299 846 corrigendum
3360 766 3645 829 ordinem
3691 768 3758 828 in

360 866 679 926 nonnullis
738 868 1131 928 sermonibus
1192 866 1671 947 perturbatum;
1736 865 2101 926 dividendos
2162 864 2320 925 duos
2386 882 2704 925 sermones
2764 864 2875 944 qui
2933 864 2997 925 in
3062 883 3259 925 unum
3322 864 3692 926 coaluerant
3740 882 3755 938 ;

361 963 782 1024 amovendum
823 983 1177 1026 sermonem
1226 964 1415 1025 Leoni
1460 981 1789 1043 perperam
1836 962 2139 1024 tributum
2186 962 2266 1023 ab
2309 960 2623 1033 omnibus,
2671 978 2786 1021 nec
2829 979 2955 1022 non
3001 961 3197 1022 alium
3241 962 3445 1023 eidem
3492 980 3531 1023 a
3572 962 3762 1034 Ques-

363 1060 532 1122 nello
603 1080 680 1121 ex
723 1080 835 1123 suo
876 1064 1087 1123 codice
1141 1063 1461 1136 afﬁctum;
1529 1061 1722 1123 alium
1767 1079 1935 1134 vero,
2002 1078 2187 1140 quem
2244 1060 2359 1121 iste
2418 1058 2612 1121 Leoni
2674 1059 2965 1135 detraxit,
3032 1060 3542 1134 restituendum;
3604 1059 3760 1121 alia-

362 1176 485 1236 que
528 1158 711 1238 plura
753 1162 1319 1241 manuscriptorum
1366 1179 1484 1240 ope
1530 1158 1955 1239 prmstitimus,
2004 1164 2072 1219 ut
2114 1177 2191 1218 ex
2235 1156 2770 1219 admonitionibus
2814 1162 3003 1237 atque
3066 1157 3584 1219 annotationibus
3646 1176 3760 1237 pa-

363 1254 541 1315 tebit.

444 1383 605 1444 VIII.
648 1384 720 1443 In
763 1383 1056 1463 Epistolis
1100 1383 1328 1444 similia
1369 1381 1760 1462 frequentius
1802 1380 2195 1459 detegentur.
2255 1379 2687 1440 Correctiones
2732 1398 2857 1441 non
2902 1397 3120 1459 paucas
3178 1398 3293 1442 nec
3353 1380 3523 1442 leves
3582 1381 3762 1442 iden-

364 1480 559 1542 tidem
612 1488 983 1555 occurrent;
1032 1488 1092 1543 et
1134 1482 1198 1542 in
1240 1482 1340 1542 his
1382 1479 1794 1558 chronologia
1834 1478 2076 1557 aliquot
2119 1477 2536 1558 Epistolarum
2585 1476 3056 1549 restituta,ordo
3102 1478 3385 1539 omnium
3428 1478 3766 1541 immutan-

364 1579 481 1640 dus
522 1580 662 1640 fuit.
711 1580 1022 1652 Quasdam
1069 1580 1381 1660 Epistolas
1418 1580 1481 1639 in
1524 1578 1784 1638 dubium
1832 1595 1870 1637 a
1903 1576 2235 1649 Quesnello
2277 1580 2550 1650 vocatas,
2594 1580 2658 1635 et
2696 1575 3002 1637 nonnulla
3044 1575 3124 1637 ab
3168 1575 3389 1638 eodem
3422 1584 3759 1657 expuncta,

364 1678 813 1757 adjuvantibus
854 1678 1200 1759 praesertim
1247 1697 1393 1738 mss.
1441 1677 1637 1750 libris,
1681 1675 2000 1736 vindicare
2042 1674 2248 1735 licuit.

441 1804 547 1864 IX.
594 1806 729 1865 Non
775 1823 976 1884 pauca
1018 1805 1123 1865 ille
1169 1809 1299 1864 tum
1342 1803 1406 1863 in
1453 1801 1883 1873 Sermonibus,
1934 1805 2063 1860 tum
2108 1800 2173 1860 in
2219 1798 2514 1879 Epistolis
2559 1798 2829 1860 mutavit
2873 1798 3046 1860 nullo
3091 1798 3365 1879 allegatu
3419 1800 3659 1876 codice,
3704 1808 3768 1863 et

361 1917 440 1960 ne
483 1900 758 1961 indicata
800 1902 1053 1980 quidem
1097 1901 1292 1962 veteri
1334 1900 1639 1972 lectione;
1688 1898 1858 1978 quod
1902 1896 2249 1958 arbitrariae
2293 1896 2695 1957 correctionis
2735 1895 2835 1957 vel
2878 1896 3299 1976 corruptionis
3342 1898 3761 1978 suspicionem

360 2004 681 2069 nonnullis
723 2002 957 2080 injecit.
1006 2002 1179 2061 Hanc
1222 1998 1474 2078 quidem
1521 2014 1849 2057 censuram
1898 2000 1966 2056 ut
2006 1995 2111 2055 ille
2178 1994 2610 2073 praeluderet,
2657 1995 2720 2055 in
2784 1995 3065 2073 generali
3123 1996 3519 2075 praefatione,
3586 2016 3761 2059 num.

361 2107 422 2179 7,
470 2106 707 2165 factum
753 2102 917 2163 ultro
962 2099 1141 2160 fateri
1185 2117 1312 2159 non
1355 2095 1673 2168 dubitans,
1724 2094 1887 2155 hanc
1928 2093 2243 2174 duplicem
2289 2092 2470 2173 quasi
2514 2092 2822 2154 rationem
2868 2092 3181 2171 subjecit:
3232 2093 3407 2175 Swpe
3434 2094 3541 2156 Izos
3577 2096 3766 2178 (codi-

364 2201 515 2283 ces,)
559 2201 734 2263 omisi
783 2217 1100 2270 recensere,
1158 2215 1285 2256 cum
1340 2193 1612 2255 videlicet
1676 2190 2027 2252 indubitata:
2100 2189 2477 2251 certitudinis
2532 2199 2619 2250 est
2673 2189 3021 2264 emendatio,
3080 2200 3138 2251 et
3206 2190 3289 2253 ad
3339 2211 3468 2254 eam
3542 2195 3760 2257 codices

363 2320 555 2363 omnes
583 2306 944 2380 conspirant.
978 2295 1099 2357 Sed
1143 2299 1368 2355 neutra
1409 2293 1558 2353 satis
1601 2292 1830 2353 idonea
1868 2291 2002 2351 visa
2045 2294 2157 2351 est.
2206 2289 2359 2349 Cum
2404 2289 2571 2349 enim
2616 2288 2693 2349 de
2737 2289 2971 2368 apertis
3027 2289 3348 2351 erroribus
3408 2310 3749 2355 amanuen-

363 2403 524 2464 sium
570 2399 666 2460 vel
710 2394 1252 2477 typographorum
1297 2410 1423 2451 non
1463 2390 1691 2468 agitur,
1743 2388 1834 2449 uti
1876 2388 2249 2467 plerumque
2292 2386 2356 2447 in
2401 2386 2554 2447 locis
2598 2405 2635 2447 a
2677 2386 3009 2459 Quesnello
3053 2387 3402 2449 emendatis
3444 2409 3571 2451 non
3625 2391 3758 2471 agi-

361 2505 485 2572 tur,
533 2503 682 2558 tunc
724 2494 1023 2556 lectiones
1066 2510 1207 2571 quae
1252 2495 1439 2549 antea
1482 2487 1753 2565 vulgatis
1798 2505 1921 2547 non
1973 2485 2206 2546 malum
2253 2502 2505 2545 sensum
2552 2484 2969 2545 referentibus
3030 2484 3373 2564 suppositae
3417 2487 3616 2563 fuere,
3663 2489 3763 2549 in-

362 2597 665 2660 dubitatae
710 2588 1099 2654 certitudinis
1142 2586 1261 2646 dici
1325 2589 1671 2663 nequeunt.
1737 2582 2058 2643 Generalis
2120 2600 2307 2661 porro
2372 2581 2688 2652 Quesnelli
2752 2580 3098 2661 propositio
3161 2582 3238 2642 de
3300 2585 3764 2666 conspiratione

361 2695 641 2760 omnium
687 2689 997 2756 codicum,
1046 2686 1097 2744 si
1140 2683 1333 2744 fallax
1376 2698 1851 2760 nonnumquam
1906 2680 2165 2741 inventa
2226 2684 2343 2752 est,
2391 2697 2533 2739 cum
2577 2679 2655 2739 de
2698 2678 2818 2739 hac
2881 2678 2981 2739 vel
3039 2679 3150 2740 illa
3192 2679 3460 2743 lectione
3525 2683 3638 2745 abs
3697 2704 3764 2747 se

358 2793 620 2855 inducta
661 2786 928 2866 scripsit,
980 2783 1071 2843 Ita
1101 2800 1293 2841 omnes
1322 2778 1584 2853 codices;
1626 2795 1819 2857 quam
1865 2777 2052 2839 fidem
2118 2782 2395 2838 meretur
2449 2777 2513 2837 in
2571 2775 2648 2837 iis
2701 2777 2876 2854 locis,
2938 2777 3003 2837 in
3064 2775 3295 2856 quibus
3352 2781 3762 2844 emendandis

360 2892 601 2955 nullam
658 2885 943 2948 codicum
1002 2880 1383 2941 mentionem
1438 2876 1637 2937 facit?
1668 2878 1881 2955 Neque
1913 2895 2059 2937 vero
2080 2874 2325 2936 idcirco
2359 2874 2806 2935 afﬁrmandum
2862 2879 2956 2936 est
3004 2893 3173 2950 eum,
3208 2875 3317 2937 ubi
3371 2878 3535 2939 nihil
3590 2881 3761 2955 citat,

357 2989 687 3069 vulgatum
743 2986 982 3044 textum
1036 2997 1108 3040 ex
1170 2976 1429 3037 arbitrio
1489 2980 1761 3035 mutasse
1817 2974 1916 3035 vel
1972 2973 2347 3053 corrupisse.
2409 2972 2478 3034 Id
2529 2972 2727 3034 videri
2772 2978 2976 3054 potest
3016 2973 3091 3034 iis
3139 2974 3249 3054 qui
3304 2975 3469 3038 solos
3519 2978 3761 3041 codices

360 3087 766 3153 contulerunt
810 3077 1226 3161 posteriorum
1276 3073 1742 3147 collectionum,
1793 3090 1872 3133 ex
1939 3071 2168 3150 quibus
2226 3069 2466 3149 vulgati
2531 3071 2922 3150 prodierunt.
2992 3074 3116 3133 Nos
3182 3090 3330 3134 vero
3397 3074 3760 3155 antiquiora

359 3195 422 3251 et
446 3182 886 3267 praestantiora
916 3173 1300 3252 exemplaria
1328 3171 1516 3246 nacti,
1551 3170 1836 3248 diligenti
1866 3169 2091 3230 horum
2124 3168 2459 3230 collatione
2502 3168 2856 3230 discernere
2904 3187 2977 3229 ac
3015 3168 3364 3248 dijudicare
3411 3174 3758 3252 potuimus,

360 3265 503 3366 quae
548 3283 654 3343 ille
702 3280 842 3340 loca
889 3292 1013 3335 non
1066 3268 1414 3344 arbitrarie,
1470 3286 1583 3328 nec
1633 3285 1960 3347 perperam
1994 3266 2389 3339 emendavit;
2443 3266 2610 3327 unde
2659 3265 3134 3328 emendationes
3170 3267 3339 3347 ipsas
3388 3270 3757 3348 retinentes,

360 3362 563 3446 citatis
596 3371 1034 3450 manuscriptis
1060 3366 1473 3429 ﬁrmabimus.
1527 3365 1841 3426 Lectiones
1885 3383 2032 3425 vero
2076 3382 2233 3444 quas
2275 3363 2374 3424 vel
2417 3362 2591 3424 nullo
2628 3364 2889 3443 antiquo
2933 3364 3094 3425 libro
3140 3365 3461 3444 probatas,
3508 3368 3609 3429 vel
3655 3387 3765 3430 so-

358 3482 435 3542 lis
477 3472 790 3539 inferioris
834 3473 999 3530 notas
1046 3484 1191 3525 mss.
1258 3463 1544 3524 suifultas
1603 3463 1978 3536 invenimus,
2042 3461 2331 3523 restituta
2374 3461 2567 3522 veteri
2629 3461 2918 3534 lectione,
2964 3461 3063 3523 vel
3125 3462 3249 3523 alia
3293 3482 3458 3524 nova
3517 3484 3590 3527 ex
3638 3465 3761 3528 ﬁde

361 3578 691 3641 meliorum
736 3568 1045 3638 codicum,
1086 3562 1230 3641 jure
1274 3562 1629 3623 censuimus
1672 3560 2165 3641 expungendas;
2213 3560 2275 3619 in
2321 3577 2446 3638 quo
2492 3557 2835 3637 aliquando
2879 3558 3211 3620 lectionem
3257 3559 3338 3621 ab
3381 3560 3490 3623 illo
3536 3561 3761 3624 induc-

359 3685 515 3751 tam,
561 3670 797 3734 nullius
840 3662 1083 3742 antiqui
1123 3660 1267 3721 libri
1311 3661 1475 3721 facta
1525 3659 1864 3731 mentione,
1913 3658 2183 3718 libenter
2230 3655 2720 3729 retinuissemus,
2766 3656 2818 3717 si
2861 3655 2966 3717 ille
3010 3656 3277 3737 alicujus
3320 3659 3548 3739 optimi
3594 3660 3762 3723 codi-

358 3776 445 3837 cis
488 3769 927 3835 auctoritatem
971 3758 1353 3839 protulisset.

432 3899 505 3957 X.
552 3895 707 3953 Cum
753 3892 961 3949 autem
1007 3884 1067 3942 in
1112 3882 1231 3942 hac
1274 3884 1489 3942 nostra
1532 3880 1801 3941 editione
1848 3870 2199 3941 omittenda
2244 3896 2370 3938 non
2417 3878 2650 3938 fuerint
2692 3896 2885 3957 opera
2928 3897 3069 3958 quae
3129 3880 3323 3941 Leoni
3384 3882 3755 3954 Quesnellus

351 3990 661 4064 attribuit,
706 3986 803 4047 vel
847 4002 975 4044 suae
1020 3979 1277 4041 editioni
1318 3978 1652 4040 inserenda
1687 3977 2015 4056 judicavit,
2066 3976 2129 4035 in
2176 3976 2273 4036 his
2315 3993 2569 4055 quoque
2630 3975 2977 4037 recolendis
3037 3976 3118 4037 ad
3179 3978 3755 4058 manuscriptorum

350 4094 536 4155 fidem
584 4087 782 4149 multa
821 4081 1175 4142 invenimus
1217 4076 1609 4155 corrigenda,
1657 4081 1719 4137 et
1761 4074 2070 4136 nonnulla
2111 4074 2300 4134 etiam
2345 4072 2721 4153 supplenda,
2770 4079 2838 4134 ut
2881 4073 3282 4135 manifestum
3331 4075 3439 4137 fiet
3483 4096 3737 4157 praeser-

350 4193 464 4253 tim
506 4190 571 4250 in
614 4183 791 4246 libris
834 4178 904 4239 de
964 4176 1271 4237 Vocatione
1317 4174 1574 4234 omnium
1616 4173 1901 4253 gentium,
1948 4177 2011 4232 et
2051 4171 2113 4231 in
2157 4170 2382 4232 Codice
2425 4171 2749 4232 Canonum
2794 4176 2856 4232 et
2898 4171 3424 4234 Constitutionum
3490 4181 3751 4255 aposto-

350 4290 484 4351 licae
530 4283 713 4355 sedis,
758 4279 822 4339 in
866 4293 991 4355 quo
1038 4277 1352 4354 postremo
1396 4270 1640 4331 edendo
1684 4270 1787 4330 ille
1831 4269 2107 4331 codicem
2151 4269 2562 4331 recentiorem
2610 4275 2672 4331 et
2715 4271 3086 4332 mendosum
3150 4271 3522 4353 plerumque
3566 4292 3748 4335 secu-

351 4395 452 4450 tus
496 4387 611 4446 est.

428 4503 532 4564 XI.
579 4492 795 4571 Quoad
838 4488 1073 4551 inedita
1117 4504 1242 4546 non
1286 4484 1488 4546 solum
1533 4483 1595 4543 in
1640 4484 1870 4545 nostris
1927 4502 2070 4544 mss.
2136 4484 2602 4563 exemplaribus
2662 4501 2767 4545 eas
2828 4484 2957 4545 fere
3020 4502 3238 4546 omnes
3297 4486 3638 4566 Epistolas,
3684 4495 3750 4551 et

350 4598 563 4661 multis
620 4594 686 4655 in
757 4587 910 4650 locis
964 4583 1422 4646 emendatiores
1499 4580 1874 4655 invenimus,
1941 4600 2098 4660 quas
2167 4600 2244 4641 ex
2307 4580 2661 4642 Grimanico
2721 4581 3089 4653 Quesnellus
3149 4583 3455 4662 vulgavit,
3518 4602 3735 4648 verum

347 4698 536 4760 etiam
583 4711 661 4753 ex
701 4684 933 4765 insigni
976 4682 1186 4743 codice
1232 4679 1671 4757 Ratisponensi
1714 4684 1839 4740 tres
1882 4679 2035 4739 alias
2065 4696 2261 4739 novas
2280 4678 2504 4739 Leonis
2538 4677 2843 4757 Epistolas
2886 4680 3276 4758 proferemus
3316 4680 3381 4741 in
3418 4680 3645 4756 lucem,
3676 4701 3752 4744 ex

344 4793 647 4857 Vaticano
692 4790 900 4847 autem
947 4797 1136 4841 unam
1195 4779 1472 4838 Graecam
1527 4777 1803 4837 Anatolii
1863 4773 2544 4855 Constantinopolitani
2604 4775 2882 4855 episcopi
2941 4776 3023 4837 ad
3082 4779 3357 4839 Leonem
3420 4784 3740 4856 nostrum,

345 4911 487 4973 quae
530 4888 612 4950 ad
654 4880 1113 4963 Eutychianam
1158 4874 1481 4935 historiam
1527 4874 1961 4935 illustrandam
2010 4872 2744 4973 plurimumﬂconferunt.
2796 4873 3052 4954 Aliquot
3081 4879 3386 4973 praeterea
3427 4876 3745 4956 Epistolas

348 4970 577 5053 Graeca:
623 4973 1151 5058 interpretationis
1196 4972 1471 5050 antiquae
1518 4990 1591 5031 ex
1637 4972 1855 5032 eodem
1901 4972 2200 5032 Vaticano
2247 4970 2458 5030 codice
2505 4971 2801 5043 eruimus,
2850 4990 3009 5051 quas
3054 4972 3291 5051 publici
3327 4971 3498 5051 juris
3547 4974 3752 5037 facere

350 5092 656 5170 quantum
701 5076 966 5148 intersit,
1012 5074 1072 5133 in
1123 5070 1488 5170 praefatione
1532 5070 1611 5170 ad
1656 5070 1966 5170 Epistolas
2009 5069 2396 5170 ostendetur,
2439 5087 2620 5170 num.
2667 5070 2768 5128 51.
2838 5071 3151 5170 integram
3217 5071 3536 5170 actionem
3599 5090 3752 5133 con-

347 5164 468 5249 cilii
517 5171 1060 5246 Chalcedonensis,
1107 5187 1248 5248 quas
1293 5167 1355 5227 in
1401 5167 1667 5246 gratiam
1714 5168 1994 5247 epistolae
2038 5169 2116 5225 93
2160 5166 2385 5226 Leonis
2439 5164 2673 5236 habita,
2743 5167 3024 5228 nondum
3085 5167 3152 5228 in
3216 5168 3421 5230 lucem
3486 5170 3748 5248 prodiit,

346 5283 529 5345 nobis
571 5274 1055 5358 suppeditarunt
1099 5267 1223 5327 duo
1269 5265 1465 5326 Graeci
1496 5265 1739 5326 codices
1772 5266 1987 5326 Veneti
2029 5265 2092 5325 S.
2142 5264 2357 5335 Marci,
2423 5281 2564 5322 cum
2628 5264 2857 5342 quibus
2907 5266 3094 5326 etiam
3159 5266 3343 5327 valde
3388 5266 3627 5328 utiliter
3672 5268 3752 5329 ad

345 5382 530 5462 plura
571 5378 709 5438 loca
750 5366 1164 5439 emendanda,
1216 5364 1485 5425 Antonio
1531 5367 1791 5425 Zanetto
1834 5363 2204 5443 opitulante,
2253 5359 2960 5462 contulimus-Graecam
3004 5364 3343 5426 editionem
3407 5363 3749 5462 multarum

343 5456 793 5557 Epistolarum,
838 5487 978 5549 quae
1023 5465 1166 5525 licet
1210 5462 1521 5523 versiones
1565 5462 1713 5534 sint,
1759 5466 1990 5521 nostra:
2042 5465 2253 5519 tamen
2316 5456 2577 5518 editioni
2641 5458 2989 5522 inserendas
3055 5462 3332 5524 fuerunt.
3382 5460 3526 5523 Alia
3585 5461 3749 5523 actio

342 5555 621 5654 ejusdem
668 5567 910 5629 concilii
952 5566 1015 5625 in
1062 5579 1252 5623 causa
1292 5559 1517 5619 Domni
1560 5557 1959 5631 Antiocheni,
2004 5557 2066 5616 in
2112 5575 2239 5643 qua
2283 5555 2605 5635 pontificia
2647 5557 2870 5618 Leonis
2936 5560 3278 5621 auctoritas
3340 5557 3747 5620 commenda-

344 5652 464 5747 tur,
515 5690 589 5733 ex
636 5688 748 5729 ms.
798 5660 1232 5742 antiquissimo
1277 5657 1426 5716 olim
1473 5656 1838 5729 Veronensi,
1888 5674 2055 5717 nunc
2099 5661 2309 5716 autem
2354 5652 2654 5717 Vaticano
2698 5660 2877 5717 eruta
2919 5657 3161 5732 edetur,
3224 5663 3288 5719 et
3348 5657 3413 5718 in
3474 5674 3586 5719 suo
3648 5657 3747 5720 lu-
