4092 6178
312 326 390 387 Si
1154 324 1566 392 PREFATIO
1612 326 2055 393 GENERALIS
2099 329 2178 392 ΙΝ
2225 325 2433 393 HANC
2477 324 2937 397 EDlTIONEM.
3649 329 3726 398 29.

307 459 491 523 mine
529 458 957 523 collocabitur'
983 464 1151 525 torno
1194 461 1490 524 secundo.
1538 461 1757 526 Plures
1814 462 2084 527 ineditos
2127 481 2447 528 sermones
2488 464 2685 529 Leoni
2725 466 2789 529 in
2850 484 3001 530 mss.
3063 464 3536 550 exemplaribus
3606 468 3721 533 tri-

308 560 506 621 butos
548 559 997 641 excerpsimus,
1043 561 1151 641 qui
1193 561 1258 621 in
1304 561 1651 641 appendice
1695 563 1868 625 haud
1914 563 2245 626 omittendi
2287 563 2404 625 visi
2447 570 2617 626 sunt.

386 660 525 720 XII.
574 658 833 738 Aliquot
875 659 1295 739 Epistolarum
1344 660 1644 720 hactenus
1687 661 2154 741 incognitarum
2199 662 2397 723 nostri
2442 663 2777 743 pontiﬁcis,
2846 683 2985 744 quas
3027 664 3092 724 in
3155 664 3536 728 Vercellensi
3600 683 3716 727 an-

301 757 490 836 tiquo
533 757 695 818 libro
739 757 1234 831 continerentur,
1280 777 1454 838 spem
1498 758 1822 837 injecerat.
1871 764 1939 823 P.
1988 761 2357 822 Franciscus
2400 763 2664 823 Antonis
2727 762 3022 825 Zaccaria
3064 780 3189 824 soc.
3239 764 3383 825 Jesu
3440 763 3506 824 in
3551 765 3717 844 epis-

300 855 438 915 tola
480 857 717 915 inserta
750 858 900 915 tom.
946 856 1073 915 XLI
1120 856 1577 934 Opusculorum
1621 876 1760 936 quae
1806 877 1842 919 a
1893 860 1962 919 P.
2026 859 2265 938 Angelo
2322 859 2625 939 Calogera
2684 862 2958 924 Venetiis
3017 861 3187 923 edita
3247 868 3413 923 sunt.
3501 866 3710 925 Unum

300 954 481 1013 enim
526 973 606 1013 ex
648 953 1193 1032 praestantissimae
1238 954 1602 1033 capitularis
1642 956 2051 1018 Vercellensis
2095 957 2494 1019 bibliothecae
2555 958 2872 1021 codicibus
2932 977 3312 1033 memorans,
3370 979 3557 1039 quem
3613 962 3710 1022 in-

296 1050 767 1132 comparabilem
799 1060 859 1109 et
886 1049 1163 1110 ineditam
1194 1052 1738 1131 antiquissimorum
1769 1054 2148 1115 conciliorum
2179 1055 2563 1117 collectionem
2596 1062 2795 1133 vocat,
2845 1058 3009 1119 hanc
3051 1076 3128 1119 ex
3170 1056 3375 1118 verbis
3443 1059 3710 1122 celeber-

297 1149 451 1209 rimi
496 1148 751 1209 editoris
814 1148 1233 1227 Evangeliarii
1290 1149 1627 1210 Eusebiani
1687 1156 1952 1212 testatur
1992 1151 2060 1213 di
2099 1154 2409 1234 parere/cie
2456 1174 2572 1215 non
2620 1175 2729 1235 per
2783 1175 2928 1217 anco
3001 1153 3208 1217 vedute
3264 1155 3464 1217 lettere
3518 1157 3585 1219 di
3638 1159 3705 1220 S.

294 1248 523 1321 Leone,
554 1266 585 1306 e
614 1246 682 1305 di
705 1246 853 1306 altri
873 1246 1153 1327 ponte/lci
1179 1245 1657 1309 doviziosamente
1683 1258 1916 1311 ornata.
1949 1252 2031 1312 Ut
2076 1251 2210 1312 haec
2256 1257 2380 1312 tam
2427 1252 2698 1331 insignia
2744 1253 3125 1315 documenta
3168 1259 3402 1315 nostra;
3446 1255 3707 1316 editioni

295 1347 540 1407 certius
593 1343 985 1415 accederent,
1034 1343 1229 1423 ipsius
1271 1345 1501 1404 summi
1546 1347 1881 1426 pontiﬁcis,
1928 1348 2037 1428 qui
2079 1349 2414 1412 editionem
2460 1355 2866 1431 praeceperat,
2930 1350 3369 1412 auctoritatem
3423 1353 3709 1432 postula-

291 1445 537 1505 vimus.
581 1445 801 1522 Itaque
845 1443 1102 1522 expensi
1146 1442 1399 1503 fuerunt
1450 1444 1694 1506 codices
1756 1445 1994 1507 laudati
2053 1448 2311 1527 capituli
2356 1467 2546 1527 quam
2610 1448 3107 1528 diligentissime.
3172 1451 3251 1511 At
3313 1450 3489 1511 nulla
3548 1451 3711 1533 ejus-

296 1543 477 1604 modi
523 1542 811 1603 collectio
856 1541 1125 1602 inveniri
1170 1543 1393 1621 potuit,
1440 1562 1580 1622 quae
1625 1543 1721 1604 vel
1769 1562 1957 1604 unam
2001 1544 2305 1606 ineditam
2348 1545 2573 1606 Leonis
2615 1546 2945 1625 epistolam
3008 1553 3347 1627 promeret.
3416 1550 3707 1613 Codicem

294 1647 518 1703 autem
563 1640 673 1718 qui
717 1639 888 1699 aliud
931 1637 1149 1699 inediti
1187 1640 1507 1700 continere
1551 1641 1717 1701 visus
1762 1642 1987 1716 fuerat,
2043 1661 2118 1703 ex
2180 1642 2573 1704 documentis
2633 1643 3025 1724 transcriptis
3085 1649 3147 1706 et
3204 1646 3283 1706 ad
3346 1648 3706 1726 pontificem

294 1740 511 1801 missis
552 1757 695 1799 cum
745 1736 1079 1798 collatione
1123 1743 1493 1798 cmterorum
1538 1739 1647 1819 qui
1691 1739 1841 1799 editi
1883 1743 2051 1813 sunt,
2098 1759 2213 1801 nec
2256 1760 2381 1801 non
2427 1760 2503 1801 ex
2547 1741 2685 1801 aliis
2748 1741 2985 1803 notitiis
3033 1742 3259 1804 exinde
3320 1746 3616 1826 acceptis,
3647 1754 3711 1810 et

295 1839 377 1900 ab
434 1837 661 1899 eodem
714 1834 1135 1914 Evangeliarii
1181 1835 1520 1896 Eusebiani
1575 1836 1812 1898 editore
1870 1838 2211 1899 certissime
2270 1839 2703 1917 cognovimus,
2770 1857 2903 1900 esse
2950 1839 3208 1902 omnino
3256 1841 3522 1904 similem
3571 1845 3710 1906 aliis

293 1935 507 1997 tribus
556 1952 706 1994 mss.
755 1933 952 2005 libris,
999 1951 1156 2012 quos
1208 1935 1423 1994 Romae
1470 1933 1751 1996 invenire
1796 1941 1858 1996 et
1902 1936 2187 1997 conferre
2218 1936 2413 2010 licuit,
2449 1942 2512 1998 et
2543 1937 2874 2016 complecti
2912 1937 3345 2000 collectionem
3384 1941 3709 2022 Dionysio-

292 2033 728 2095 Hadrianeam
759 2048 901 2090 cum
934 2030 1378 2090 additamentis
1434 2030 1873 2109 peculiaribus,
1927 2050 2067 2111 quae
2116 2032 2564 2093 indicabantur
2610 2034 2672 2094 in
2725 2034 3097 2114 praefatione
3142 2035 3223 2095 ad
3271 2037 3590 2116 epistolas,
3642 2046 3706 2103 et

292 2138 471 2193 tomo
518 2129 706 2191 tertio
744 2127 807 2187 in
849 2132 1119 2188 tractatu
1164 2125 1235 2187 de
1276 2128 1539 2209 antiquis
1582 2126 2039 2189 Collectionibus
2088 2129 2282 2190 fusius
2334 2122 2787 2193 describentur.
2831 2134 2976 2193 Haec
3023 2132 3338 2213 praecipue
3390 2139 3704 2202 mouenda

292 2230 578 2300 fuerant,
644 2245 724 2287 ne
780 2243 895 2285 nos
950 2226 1015 2284 in
1066 2226 1466 2304 exquirendis
1512 2225 1762 2287 ineditis
1809 2227 2153 2307 quidquam
2203 2227 2543 2307 diligentiae
2593 2230 3095 2310 praetermississe
3144 2231 3520 2295 videremur.
3573 2239 3700 2297 Pu-

297 2334 504 2388 tamus
561 2330 776 2384 autem
833 2341 909 2383 ex
967 2322 1271 2384 hactenus
1326 2323 1508 2385 dictis
1564 2323 1775 2404 palam
1838 2324 2071 2386 factum
2126 2344 2260 2387 esse
2316 2326 2481 2387 hanc
2538 2328 2873 2389 editionem
2932 2328 3144 2408 quoad
3202 2334 3700 2396 textumLeonis

198 2494 206 2500 ,
293 2423 746 2499 Quesnelliana
802 2420 1292 2482 emendatiorem
1351 2426 1414 2483 et
1468 2424 1807 2482 auctiorem
1870 2425 2187 2497 futuram;
2248 2424 2406 2484 addc
2465 2425 2656 2486 etiam
2719 2426 2929 2504 quoad
2984 2427 3123 2506 ipsa
3193 2431 3415 2490 Leonis
3467 2434 3693 2511 Opera,

286 2522 727 2591 sinceriorem,
785 2517 1018 2598 quippe
1073 2519 1347 2596 genuina
1401 2518 1567 2579 illius
1625 2539 1820 2599 opera
1875 2527 2158 2583 secernet
2216 2541 2252 2582 a
2312 2523 2747 2600 supposititiis,
2809 2542 2951 2602 quae
3018 2524 3123 2584 ille
3181 2524 3369 2604 plane
3426 2510 3698 2591 arbitra-

287 2621 377 2681 rie
436 2625 507 2680 ct
565 2617 828 2678 omnino
887 2634 1217 2695 perperam
1278 2617 1468 2677 veluti
1525 2618 1804 2679 Leonina
1861 2619 2164 2681 traduxit.
2278 2614 2285 2621 ’

364 2719 541 2779 XIII.
575 2718 757 2775 Nunc
815 2713 891 2774 de
950 2713 1265 2784 Quesnelli
1328 2714 1893 2788 lucubrationibus,
1944 2736 2083 2796 quae
2127 2717 2466 2778 editionem
2526 2715 2661 2795 ejus
2720 2717 2989 2779 maxime
3043 2718 3351 2781 celebrem
3406 2722 3698 2801 reddunt,

285 2816 352 2878 Si
396 2814 590 2875 initio
641 2811 939 2873 eximium
992 2810 1265 2871 hominis
1306 2811 1626 2890 ingenium
1682 2820 1743 2873 et
1792 2813 2059 2875 eruditio
2106 2821 2339 2875 metum
2388 2813 2756 2893 injecerant,
2804 2820 3139 2896 postquam
3185 2816 3352 2896 ipsas
3400 2818 3699 2884 lucubra-

286 2915 498 2976 tiones
545 2911 827 2973 exactius
874 2909 953 2970 ad
1003 2909 1275 2971 calculos
1324 2916 1708 2983 revocantes,
1761 2931 2059 2990 magnum
2102 2913 2165 2972 in
2225 2913 2536 2993 plerisque
2592 2913 2829 2999 ingenii
2887 2918 2948 2974 et
3004 2914 3375 2977 eruditionis
3433 2918 3698 2982 abusum

282 3010 673 3081 deteximus,
725 3006 920 3067 animi
966 3007 1154 3067 erecti
1202 3013 1265 3067 et
1310 3007 1664 3068 conﬁrmati
1712 3009 1984 3069 fuerunt.
2036 3011 2168 3069 Etsi
2217 3011 2382 3070 enim
2424 3010 2529 3071 ille
2579 3011 2777 3071 multa
2820 3010 3133 3072 subtiliter
3181 3017 3243 3074 et
3290 3015 3529 3078 erudite
3559 3035 3703 3079 con-

280 3115 690 3190 gerat,‘quee
741 3124 864 3166 non
916 3123 1148 3184 paucos
1197 3123 1310 3166 nec
1356 3106 1558 3167 inﬁmi
1604 3107 1881 3168 subsellii
1930 3108 2217 3169 homines
2256 3108 2320 3167 in
2367 3107 2502 3187 ejus
2540 3109 2881 3170 sententias
2915 3129 3197 3191 rapuere,
3252 3111 3451 3176 nihilo
3484 3119 3696 3178 tamen

278 3207 498 3269 minus
549 3204 837 3283 diligenti
882 3203 1269 3281 singulorum
1320 3203 1608 3265 examine
1658 3205 2189 3285 deprehendimus
2235 3205 2707 3284 sagacissimum
2757 3207 3079 3270 hominem
3128 3210 3381 3288 ingenio
3453 3230 3527 3274 ac
3581 3233 3697 3276 no-

273 3306 462 3368 vitati
526 3302 986 3380 indulgentem,
1040 3307 1101 3361 et
1148 3303 1567 3381 quarumdam
1619 3304 1825 3364 studio
1874 3305 2148 3382 partium
2201 3305 2558 3383 abreptum,
2616 3305 2681 3364 in
2758 3304 3250 3384 conjectationes
3325 3308 3698 3392 plerumque

275 3403 728 3466 fallacissimae
785 3401 1282 3479 intemperanter
1332 3402 1696 3474 excurrisse,
1759 3402 1987 3481 quibus
2044 3422 2274 3481 magno
2328 3403 2617 3464 acumine
2668 3408 2730 3464 et
2773 3403 3038 3464 artiﬁcio
3070 3404 3387 3485 implexis,
3434 3426 3697 3488 magna-

275 3523 399 3584 que
449 3499 811 3563 eruditione
858 3499 1104 3571 fucatis,
1153 3499 1353 3560 multa
1395 3519 1559 3561 nova
1604 3506 1666 3561 et
1712 3501 1871 3561 falsa
1921 3500 2526 3562 verisimilitudinem
2589 3500 2928 3580 quamdam
2982 3501 3340 3565 induerent.
3403 3506 3492 3567 Ne
3545 3508 3698 3587 quid

279 3600 577 3662 acerbius
639 3596 1096 3658 contrariarum
1146 3598 1419 3676 partium
1470 3599 1701 3669 favore,
1752 3603 1860 3659 aut
1916 3597 2170 3671 Italicis,
2207 3598 2294 3659 uti
2325 3598 2673 3677 appellant,
2731 3596 3109 3675 prmjudiciis
3151 3599 3501 3662 afﬁrmasse
3561 3620 3700 3666 cre-

283 3699 538 3767 damur,
600 3701 942 3774 antequam
1003 3694 1261 3755 ulterius
1327 3696 1767 3774 progrediatur
1847 3715 2078 3769 sermo,
2154 3694 2462 3757 nonnulla
2534 3694 2876 3755 celebrium
2950 3695 3370 3773 quorumdam
3447 3704 3698 3763 extero-

290 3813 464 3867 rum,
524 3793 631 3872 qui
684 3791 997 3871 ejusmodi
1054 3791 1266 3851 favore
1324 3798 1435 3852 aut
1488 3793 1871 3872 prasjudiciis
1931 3794 2210 3855 accusari
2277 3812 2402 3854 non
2463 3796 2784 3872 poterunt,
2844 3792 3205 3855 testimonia
3262 3795 3704 3876 praemittenda

284 3899 459 3953 sunt.

360 3992 529 4051 XIV.
582 3990 921 4049 Enormcm
988 3985 1388 4065 conjectandi
1448 3987 1712 4048 abusum
1790 3988 1854 4047 in
1913 4006 1987 4047 ea
2059 3987 2521 4061 dissertatione,
2601 4006 2727 4068 qua
2804 3989 3176 4061 Quesnellus
3246 3990 3697 4058 Collectionem

280 4092 616 4152 Canonum
674 4086 785 4145 abs
842 4103 909 4144 se
964 4083 1195 4144 editam
1253 4087 1550 4145 Romana:
1610 4085 1899 4146 Ecclesia
1956 4092 2327 4158 asserturus,
2405 4084 2591 4146 multa
2645 4088 2806 4146 nisus
2883 4096 2965 4147 est
3016 4086 3495 4166 conjecturarum
3550 4092 3701 4155 mole

281 4185 522 4266 fulciri.
584 4183 735 4243 satis
786 4181 1130 4242 declaravit
1184 4183 1253 4241 P.
1288 4183 1691 4243 Constantius
1722 4184 1785 4243 in
1834 4184 2202 4263 praefatione
2258 4183 2466 4245 tomiI
2509 4183 2931 4262 Epistolarum
2994 4188 3418 4247 Romanorum
3476 4190 3691 4269 ponti-

282 4284 501 4355 ﬁcum,
563 4298 742 4341 num.
800 4279 901 4339 79.
960 4278 1119 4339 Dum
1175 4278 1468 4355 ejusmodi
1514 4281 1891 4360 conjecturis,
1951 4282 2175 4361 inquit,
2230 4283 2362 4363 plus
2419 4301 2586 4362 aequo
2662 4279 2926 4359 indulget
2978 4283 3072 4342 vir
3127 4283 3509 4362 clarissimus,
3571 4307 3691 4349 suae

284 4383 404 4463 ipse
460 4379 656 4459 magis
709 4376 1012 4457 magisque
1069 4375 1276 4457 prodit
1332 4378 1678 4439 inanitatem
1736 4379 2048 4459 epiniom's.
2110 4383 2187 4440 Et
2230 4380 2507 4459 apertius
2565 4397 2739 4439 num.
2812 4379 2911 4448 87,
2972 4379 3351 4460 conjecturis
3406 4383 3687 4447 fallacias

287 4478 569 4557 adjectus
614 4481 889 4535 notans:
944 4472 1218 4559 Singula,
1271 4475 1377 4547 ait,
1431 4475 1655 4537 eruditi
1709 4478 1831 4537 viri
1874 4486 2228 4556 argumenta
2283 4476 2583 4556 gradatim
2632 4478 2918 4558 prosequi
2965 4485 3020 4538 et
3072 4477 3154 4539 ad
3188 4497 3436 4540 examen
3480 4500 3694 4543 vocare

286 4572 543 4657 longum
575 4573 757 4653 foret.
804 4571 967 4632 Satis
1011 4579 1096 4631 est
1135 4573 1440 4653 praecipua
1488 4573 1787 4652 refellisse,
1843 4594 1973 4655 qua?
2026 4576 2081 4635 si
2121 4594 2196 4634 ea:
2244 4576 2491 4635 veritate
2546 4575 2936 4647 aestimantur,
2993 4573 3161 4635 aliud
3205 4575 3362 4637 nihil
3401 4587 3538 4638 sunt
3578 4579 3699 4640 nisi

285 4673 383 4734 vel
449 4670 809 4751 conjectura:
880 4678 1050 4730 acute
1103 4668 1362 4749 quidem,
1408 4680 1477 4729 ut
1522 4682 1746 4748 vocant,
1797 4681 1851 4731 et
1906 4670 2048 4732 belle
2093 4673 2457 4752 excogitata,
2509 4672 2607 4732 Sed
2663 4691 2836 4732 merae
2913 4681 3103 4732 tamen
3164 4673 3552 4754 conjectures,“
3605 4676 3700 4739 vel

284 4769 622 4832 testimonia
664 4787 781 4849 per
825 4768 939 4827 vim
995 4765 1246 4841 detorta,
1318 4787 1447 4849 qua:
1520 4788 1624 4828 suo
1704 4771 1979 4830 restituta
2048 4769 2169 4829 loco
2243 4789 2460 4852 suoque
2532 4790 2701 4830 sensu
2777 4769 3071 4832 intellecta
3109 4770 3296 4831 robur
3369 4774 3698 4850 amittunt;

281 4867 371 4930 vel
422 4866 681 4947 denique
730 4863 1103 4946 probationes
1147 4883 1222 4925 ex
1266 4866 1437 4925 certis
1495 4864 1681 4925 ductae
1740 4865 1900 4940 locis,
1960 4887 2091 4948 quze
2148 4868 2412 4927 Romani
2461 4866 2676 4928 codicis
2713 4868 2971 4947 propria
3010 4887 3127 4929 esse
3160 4888 3476 4951 perperam
3533 4873 3694 4933 exis-

287 4964 550 5025 timavit.
612 4962 771 5022 Hinc
833 4962 1231 5034 sententiam,
1298 4980 1487 5041 quam
1556 4963 1664 5023 ille
1732 4965 1927 5024 multo
1984 4964 2123 5025 nisu
2176 4965 2472 5037 defendit,
2534 4984 2757 5025 meram
2811 4962 3159 5046 hypotlcesin
3211 4974 3273 5028 et
3328 4968 3693 5049 ingeniosum

284 5060 550 5143 quidem,
581 5068 647 5121 at
692 5059 888 5118 minus
915 5059 1171 5123 firmum.
1201 5067 1452 5140 sgstema
1498 5061 1744 5121 vocavit
1790 5081 1962 5122 num.
1996 5065 2074 5122 43
2123 5069 2186 5123 et
2213 5065 2317 5136 63,
2349 5063 2411 5121 in
2462 5080 2586 5142 quo
2622 5061 2884 5123 miratus
2931 5068 3025 5124 est
3064 5065 3487 5140 nonnihilum,
3521 5067 3687 5127 idem

287 5165 565 5238 systema
615 5155 692 5216 ab
733 5156 1019 5216 acerrimi
1040 5155 1274 5237 jmlicii
1313 5158 1442 5217 viro
1490 5177 1607 5216 non
1664 5158 1795 5218 dico
1854 5161 2056 5232 asseri,
2104 5159 2207 5219 sed
2251 5160 2344 5220 vel
2396 5160 2592 5222 animo
2646 5159 2802 5239 ﬁngi
2847 5162 3122 5240 potuisse.
3197 5162 3477 5224 Similem
3536 5179 3692 5221 con-

284 5254 571 5336 jectandi
604 5253 1095 5315 imbecillitatem
1155 5255 1599 5315 animadvertit
1657 5257 1841 5317 etiam
1904 5263 2091 5336 atque
2151 5258 2514 5338 perstrinxit
2570 5256 2928 5336 Stephanus
2986 5258 3276 5319 Baluzius
3332 5260 3396 5318 in
3473 5256 3690 5317 obser-

289 5352 655 5413 vationibus
684 5350 764 5411 ad
795 5351 1292 5412 dissertationem
1325 5351 1637 5422 Quesnelli
1666 5354 1743 5414 de
1799 5354 2065 5416 concilio
2122 5356 2499 5436 Teleptensi,
2554 5355 2662 5417 ubi
2720 5355 2771 5415 is
2826 5355 3030 5417 eidem
3087 5354 3349 5416 concilio
3406 5354 3695 5435 supposi-

293 5449 482 5511 tionis
540 5453 758 5510 notam
824 5449 1174 5529 impingere
1250 5450 1459 5510 multis
1537 5453 1880 5513 contendit.
1937 5452 2081 5512 l’ost
2152 5473 2275 5513 rem
2340 5461 2613 5516 accurate
2683 5452 3022 5526 discussam,
3100 5450 3306 5529 inquit
3379 5451 3702 5527 Baluzius,

289 5547 468 5628 plane
490 5564 807 5627 persuasus
853 5566 1057 5607 sum...
1092 5567 1116 5608 .·
1166 5546 1462 5622 Quesnelli
1509 5549 1874 5630 opinationes
1920 5568 2090 5630 posse
2137 5550 2371 5630 quidem
2426 5552 2728 5612 oculorum
2781 5552 2962 5612 aciem
3004 5547 3427 5630 perstringere,
3480 5560 3706 5630 certum

293 5623 451 5707 nihil
491 5623 562 5706 in
633 5644 754 5706 illis
830 5663 944 5706 esse
1020 5643 1206 5706 solidi
1271 5623 1573 5727 ﬁrmique.
1648 5649 1757 5708 Hae
1813 5623 2286 5710 observationes
2346 5648 2586 5710 Baluzii
2661 5648 2911 5708 insertae
2982 5623 3290 5725 leguntur
3359 5623 3706 5713 ϐόησον*ιίιὲ
