4092 6178
301 229 382 296 23
1101 225 1521 296 PB/EFATIO
1569 225 1917 288 GENERAI

2086 225 2134 286 N
2187 225 2394 288 HANC
2439 221 2900 287 sermonem.
3622 222 3697 304 si

302 364 476 440 Petri
503 362 580 427 de
609 362 821 434 Marce
852 361 1140 450 editionis
1169 361 1716 444 Parisiensisanni
1755 360 1935 437 1704,
1995 378 2140 441 pag.
2177 360 2354 422 1341.
2390 359 2624 427 Ibidem
2675 363 3003 440 praeterea,
3055 375 3204 439 pag.
3253 355 3431 431 1347,
3478 375 3724 439 parum.

305 451 597 530 sincerum
653 482 724 524 ac
779 461 1114 539 diligentem
1176 449 1547 534 Quesnellum
1606 460 1668 518 in
1715 459 1847 525 _lzac
1918 456 2172 520 editione
2229 465 2516 532 testatur,
2596 477 2866 538 eumque
2926 455 3328 538 reprehendit
3401 474 3474 517 eo
3535 455 3722 535 quod-

306 568 479 627 certo
535 561 806 641 quodam
881 559 1022 630 loco
1078 566 1324 620 secutus
1398 559 1476 618 sit
1550 557 1914 618 mendosam
1991 557 2323 618 lectionem
2401 557 2634 618 codicis
2691 555 3084 627 Oxoniensis,
3161 553 3260 614 cui
3333 553 3704 614 Tbuaneum

305 660 628 740 exemplar
681 657 920 718 cunctis
977 657 1338 719 nominibus
1397 661 1531 717 erat
1588 656 2087 718 anteferendum.
2148 658 2225 716 Et
2280 655 2342 714 in
2402 655 2776 734 praefatione
2831 654 2911 714 ad
2967 652 3294 732 antiquam
3353 652 3703 713 versionem

303 760 591 824 Latinam
663 755 908 816 concilii
965 754 1511 827 Chalcedonensis,
1571 773 1746 820 num.
1807 755 1907 826 22,
1967 754 2252 814 eamdem
2311 752 2445 832 ejus
2523 753 2973 832 negligentiam
3030 751 3096 810 in
3153 750 3276 810 alio
3333 755 3704 829 argumento

306 869 653 919 accusans:
718 853 801 914 Si
847 853 967 928 ille,
1029 852 1254 932 inquit,
1327 861 1543 912 veteres
1596 848 1816 910 codices
1889 859 2181 925 accurate,
2245 859 2308 909 ut
2383 870 2486 910 nos
2535 850 2805 930 fecimus,
2885 849 3284 923 consuluisset,
3354 848 3505 909 hanc
3577 849 3685 929 opi-

305 955 536 1016 nionem
585 960 768 1013 mente
811 971 916 1013 sua
962 970 1075 1011 non
1126 947 1672 1030 comprehendisset.
1726 948 1958 1010 Eodem
2010 967 2261 1028 quoque
2313 967 2576 1009 numero
2624 951 2699 1009 22
2750 948 2826 1008 de
2857 948 3132 1027 quadam
3183 945 3318 1025 ejus
3346 946 3708 1025 conjectura

305 1051 442 1113 ait:
489 1050 660 1112 Mera
709 1039 998 1134 divinatio
1047 1058 1146 1123 est,
1202 1058 1270 1107 ut
1309 1066 1455 1127 pace
1502 1047 1626 1126 ejus
1677 1045 1954 1118 dixerim,
2007 1066 2138 1127 qua:
2188 1048 2416 1132 ratione
2463 1067 2580 1106 non
2611 1055 2856 1107 constat.
2887 1047 2958 1106 P.
2993 1045 3350 1106 Bernardus
3379 1045 3702 1106 Montfau-

311 1149 529 1212 conius
566 1167 674 1209 seu
723 1146 1017 1209 monachi
1063 1144 1452 1207 Benedictini
1501 1144 2006 1222 congregationis
2054 1145 2118 1205 S.
2171 1144 2371 1204 Mauri
2419 1145 2480 1203 in
2516 1144 2788 1205 diatriba
2832 1143 2895 1204 in
2927 1142 3284 1223 symbolum
3319 1141 3705 1222 Quicumque,

309 1255 463 1310 tom.
526 1248 579 1308 II
637 1247 908 1324 Operum
960 1247 1024 1306 S.
1077 1241 1424 1314 Athanasii,
1477 1259 1622 1328 pag.
1673 1243 1812 1313 724,
1869 1241 1943 1302 de
1989 1241 2346 1318 Quesnello,
2393 1241 2501 1320 qui
2548 1241 2835 1302 eumdem
2882 1240 3236 1320 symbolum
3286 1239 3510 1318 Vigilio
3543 1242 3710 1318 Tap-

311 1345 478 1409 sensi
531 1345 923 1423 ascripserat,
980 1341 1442 1422 pronuntiant:
1507 1340 1625 1414 Qui
1677 1348 1889 1412 tamen,
1950 1349 2015 1399 ut
2071 1339 2229 1401 valet
2283 1340 2604 1420 sagacitate
2658 1349 2716 1400 et
2771 1331 3118 1412 eruditione,
3172 1357 3289 1398 non
3319 1337 3438 1398 nisi
3476 1338 3712 1420 conjec-

313 1443 490 1508 tando
550 1443 814 1524 loquitur
843 1460 865 1502 .’
897 1439 1264 1501 Guillelmus
1307 1439 1541 1499 Caveas
1591 1437 1670 1497 ad
1714 1456 1950 1498 annum
1991 1440 2135 1510 440,
2187 1457 2331 1517 pag.
2385 1441 2524 1511 279,
2577 1438 2654 1498 de
2703 1437 3019 1510 Quesnelli
3074 1435 3534 1509 dissertatione,
3591 1455 3717 1514 qua

309 1542 506 1606 libros
563 1541 640 1601 de
695 1539 1035 1600 Vocatione
1090 1536 1374 1598 omnium
1420 1535 1734 1614 gentium
1809 1536 2000 1596 Leoni
2054 1535 2509 1615 adjudicandos
2583 1536 2878 1616 suscepit,
2958 1534 3193 1614 pariter
3248 1534 3537 1614 scripsit:
3587 1535 3715 1596 Eos

311 1641 500 1704 Leoni
551 1657 806 1702 asserere
861 1645 1130 1710 conatur,
1208 1634 1384 1716 idque
1443 1633 1617 1713 longo
1689 1634 2171 1714 conjecturarum
2221 1635 2434 1715 potius.
2489 1654 2668 1716 quam
2735 1643 3217 1713 argumentorum
3285 1633 3543 1712 agmine.
3607 1633 3716 1696 His

315 1723 528 1820 autem
584 1731 1146 1814 conjectationibus
1212 1732 1584 1812 compendio
1661 1733 1983 1794 recensitis
2050 1733 2306 1794 subdit:
2374 1732 2657 1793 Pluribus
2706 1732 2827 1793 haec
2885 1730 3032 1802 dicit
3081 1732 3177 1792 vir
3230 1729 3521 1805 eruditus,
3585 1751 3715 1812 qua}

318 1856 449 1914 cum
499 1853 612 1916 pro
669 1831 928 1914 cujusvis
984 1831 1222 1911 ingenio
1280 1831 1518 1891 variare
1571 1828 1777 1902 solent,
1827 1838 1884 1890 et
1931 1829 2066 1911 plus
2111 1830 2367 1891 minusve
2425 1832 2486 1890 in
2542 1829 2676 1891 aliis
2732 1829 2989 1910 reperiri
3037 1838 3298 1910 possunt,
3359 1828 3526 1890 haud
3563 1830 3706 1890 satis

317 1932 915 2017 ﬁrmum‘s'ententiaz
971 1929 1108 1989 huic
1160 1927 1612 2009 fundamentum
1666 1925 2019 2001 substruere,
2082 1927 2376 1990 videntur.
2410 1929 2489 1988 Et
2546 1931 2615 1988 Ρ.
2679 1926 3045 1989 Guillelmus
3103 1926 3380 2006 Cuperus
3429 1927 3493 1987 in
3549 1927 3718 1989 Actis

317 2015 680 2094 sanctorum
709 2029 808 2091 die
849 2029 926 2090 25
978 2027 1262 2105 Augusti,
1297 2043 1443 2106 pag.
1479 2026 1614 2099 133,
1649 2025 1725 2086 de
1773 2026 2046 2104 quodam
2090 2031 2461 2105 argumento
2509 2045 2634 2106 quo
2683 2024 3050 2097 Quesnellus
3099 2023 3318 2103 rejecit
3374 2024 3700 2086 historiam

319 2128 608 2192 miraculi
636 2133 702 2190 S.
737 2116 1004 2198 G'enesii,
1037 2125 1127 2184 ait
1160 2123 1349 2185 :Haec
1390 2122 1528 2184 levis
1576 2122 1934 2198 ratiuncula,
1970 2123 2066 2184 vel
2113 2123 2426 2184 temeraria
2478 2123 2772 2197 Quesnelli
2797 2122 3140 2200 conjectura
3181 2141 3455 2183 corruere
3484 2122 3718 2185 videtur

316 2247 393 2290 ex
439 2211 1032 2309 chronologia.‘Alia
1080 2222 1262 2302 plura
1308 2219 1591 2300 ejusdem
1634 2221 1880 2300 generis
1931 2222 2286 2284 testimonia
2339 2220 2922 2302 prmtermittimus:
2978 2219 3114 2280 haec
3167 2220 3336 2280 enim
3386 2221 3709 2302 proposito

319 2330 538 2388 nostro
567 2322 862 2398 videntur
892 2320 1200 2392 sufficere.

399 2424 531 2486 XV.
587 2423 900 2482 Hactenus
955 2415 1057 2479 isti
1119 2417 1196 2479 de
1253 2416 1675 2497 peculiaribus
1749 2417 2065 2490 Quesnelli
2120 2418 2645 2498 disputationibus
2719 2422 2780 2477 et
2838 2415 3250 2495 argumentis,
3312 2416 3546 2498 quippe
3603 2418 3713 2498 qui

324 2519 676 2603 peculiaria
716 2523 963 2579 tantum
1019 2516 1098 2576 ad
1153 2533 1414 2576 examen
1473 2520 1801 2575 vocarunt.
1860 2518 1984 2576 Nos
2030 2533 2200 2588 vero,
2262 2515 2372 2594 qui
2440 2514 2760 2575 universas
2827 2512 2962 2593 ejus
3031 2512 3500 2582 lucubrationes
3558 2518 3729 2582 Leos

320 2619 492 2681 ninae
558 2615 818 2677 editioni
860 2615 1126 2674 insertas
1173 2631 1249 2672 ex
1297 2611 1582 2671 instituto
1629 2611 2075 2690 expendendas
2123 2618 2184 2672 et
2227 2612 2307 2672 ad
2335 2612 2546 2671 vivum
2595 2610 2966 2684 resecandas
2995 2610 3410 2690 suscepimus,
3441 2612 3711 2692 idipsum

323 2705 663 2778 afﬁrmare
693 2729 1026 2792 possumus
1081 2709 1159 2769 de
1208 2709 1542 2788 plerisque,
1597 2728 1674 2770 ne
1723 2709 2006 2770 dicamus
2053 2709 2128 2770 de
2173 2709 2513 2770 omnibus:
2568 2709 2733 2769 unde
2783 2708 2958 2769 nulla
2989 2708 3117 2768 fere
3161 2708 3280 2769 erit
3325 2707 3462 2788 ejus
3492 2710 3718 2778 disser-

322 2811 500 2890 tatio,
562 2828 704 2892 quae
747 2807 1044 2888 subjectis
1102 2807 1330 2867 nostris
1385 2807 1928 2868 observationibus
1983 2806 2081 2868 vel
2135 2807 2199 2866 in
2271 2807 2590 2887 praecipuo
2669 2805 2947 2866 themate
3025 2807 3432 2882 confutanda,
3491 2807 3590 2870 vel
3652 2808 3717 2870 in

326 2905 1045 2992 pluribuslcorrigenda
1093 2923 1220 2965 non
1269 2903 1477 2964 fuerit.
1528 2904 1804 2983 Idipsum
1854 2904 2017 2966 notis
2066 2904 2200 2983 ejus
2231 2904 2710 2984 quamplurimis
2757 2903 3004 2972 accidit,
3039 2922 3180 2982 quae
3228 2904 3446 2967 fusiori
3475 2906 3720 2971 calamo

323 3007 425 3069 vel
482 3005 784 3088 appendit
834 3003 1058 3065 Leonis
1115 3001 1546 3074 Sermonibus,
1610 3008 1705 3064 vet
1763 3001 1828 3062 in
1894 3001 2205 3082 Epistolas
2261 3003 2542 3082 ejusdem
2601 3010 2742 3082 post
2797 3001 3268 3063 dissertationes
3325 3002 3566 3082 rejecit.
3629 3007 3717 3065 Nc

326 3124 476 3169 vero
537 3104 674 3164 haec
722 3102 802 3163 ad
841 3100 1213 3180 jactantiam
1262 3097 1829 3175 dictacredantur,
1880 3100 1978 3161 Vel
2026 3101 2294 3180 suspicio
2346 3100 2444 3174 sit,
2495 3119 2630 3174 nos,
2683 3100 2834 3160 dum
2865 3100 3267 3172 Quesnellum
3321 3101 3724 3182 impugnabi-

330 3222 492 3277 mus,
540 3199 829 3284 quasdam
879 3219 956 3261 ex
987 3199 1122 3280 ipso
1166 3215 1446 3277 carpere,
1498 3216 1638 3276 quae
1669 3216 1705 3258 a
1752 3203 2048 3259 contextu
2090 3197 2224 3276 ejus
2271 3199 2538 3258 dissecta
2586 3198 2767 3259 facile
2811 3197 2875 3257 in
2917 3197 3219 3258 invidiam
3269 3204 3330 3260 et
3380 3200 3721 3280 reprehen-

326 3302 567 3363 sionem
609 3297 970 3377 detorqueri
1018 3300 1276 3376 queant,
1322 3295 1655 3354 statuimus
1721 3295 1888 3374 ipsas
1934 3293 2216 3372 ejusdem
2285 3295 2754 3357 lucubrationes
2821 3296 3098 3376 integras
3166 3303 3394 3358 nostrae
3463 3297 3720 3359 editioni

323 3399 707 3472 inserere,et
731 3414 874 3457 suas
929 3395 1152 3475 cuique
1197 3393 1666 3454 observationes
1713 3393 2048 3473 subjicere,
2110 3394 2338 3474 quibus
2368 3412 2442 3455 ea
2491 3413 2632 3473 quae
2681 3393 3118 3455 confutatione
3164 3401 3309 3456 sunt
3367 3396 3559 3474 digna
3614 3397 3741 3462 ima

324 3499 689 3580 pugnentur
740 3494 840 3556 vel
897 3494 1314 3573 corrigantur.
1375 3493 1468 3552 Ita
1525 3492 1761 3552 scilicet
1816 3511 2018 3554 causae
2080 3497 2310 3552 nostrae
2367 3491 2763 3574 confidimus,
2817 3497 2886 3566 ut
2932 3492 3273 3553 adversarii
3322 3493 3545 3556 faciem
3595 3515 3722 3559 non

321 3594 727 3676 refugiamus.
788 3591 946 3653 Hinc
1001 3592 1191 3652 etiam
1249 3590 1355 3652 fiet
1413 3595 1484 3652 ut
1540 3591 1890 3652 necessaria
1937 3591 2206 3670 amplius
2258 3609 2384 3651 non
2434 3590 2513 3650 sit
2559 3589 2874 3661 Quesnelli
2931 3589 3144 3662 editio,
3208 3610 3349 3670 quas
3392 3598 3622 3662 nostrae
3653 3593 3718 3654 in

320 3695 520 3774 totam
568 3691 806 3771 inserta
850 3690 1241 3761 invenietur;
1276 3692 1338 3747 et
1381 3693 1447 3748 ut
1493 3687 1689 3768 ipsius
1739 3687 2224 3760 lucubrationes,
2273 3707 2414 3766 quae
2462 3687 2524 3746 in
2575 3687 2954 3748 etlitionibus
2986 3687 3121 3767 ejus
3148 3685 3494 3760 interdictas
3547 3699 3718 3766 sunt,

319 3773 534 3853 inhac
564 3795 780 3851 nostra
817 3787 1042 3865 cuique
1087 3785 1272 3845 liceat
1311 3785 1521 3862 legere
1551 3790 1612 3846 et
1657 3803 1800 3844 cum
1853 3785 2081 3844 nostris
2130 3784 2779 3845 animadversionibus
2822 3791 3014 3864 atque
3062 3786 3341 3847 censuris
3391 3773 3749 3866 conferret

321 3907 398 3950 ex
451 3906 578 3967 quo
633 3903 958 3972 speramus
1013 3884 1295 3943 futurum
1357 3890 1424 3942 ut
1498 3888 1560 3942 et
1617 3881 1842 3942 veritas
1921 3883 2164 3944 facilius
2238 3884 2610 3957 innotescat,
2687 3889 2749 3944 et
2824 3902 2976 3943 num
3052 3883 3317 3946 nimium
3375 3888 3721 3949 auserimus

321 3984 588 4066 quisque
617 3981 974 4064 perspiciat.

394 4076 558 4161 XVI.
592 4079 663 4143 Id
709 4083 917 4141 autem
968 4067 1246 4159 profiteri
1295 4077 1414 4138 hoc
1463 4077 1600 4139 loco
1662 4078 1756 4138 fas
1797 4083 1912 4152 est,
1963 4078 2126 4140 hanc
2173 4079 2576 4140 concertandi
2625 4079 2931 4140 rationem
2963 4098 3106 4141 cum
3150 4080 3512 4144 adversario
3553 4103 3737 4164 praes.

319 4185 494 4242 sente
537 4184 599 4240 et
645 4196 683 4239 a
713 4176 915 4238 fronte
966 4174 1301 4236 dimicante
1346 4173 1764 4236 difficiliorem
1817 4175 2026 4236 fuisse.
2081 4175 2431 4237 Ricbardus
2472 4176 2689 4237 Simon
2741 4194 2818 4237 ex
2848 4177 2984 4238 Elia
3013 4177 3284 4258 Dupinio
3315 4177 3386 4246 in,
3427 4181 3722 4252 Quesnel-

317 4274 492 4357 liana
543 4273 817 4338 editione
869 4274 994 4334 duo
1052 4271 1316 4346 notavit,
1376 4271 1672 4332 nimirum
1728 4272 2042 4343 Quesnelli
2097 4273 2563 4335 dissertationes
2626 4275 2889 4335 nimium
2947 4294 3089 4340 esse,
3138 4275 3444 4355 prolixas,
3476 4283 3539 4339 et
3567 4298 3718 4342 non-

320 4373 525 4436 nullas
589 4372 668 4434 ad
731 4371 953 4432 Leonis
1023 4373 1230 4450 Opera
1297 4388 1425 4431 non
1501 4369 1620 4429 nisi
1696 4370 1995 4430 remotius
2072 4371 2407 4451 pertinere.
2486 4370 2546 4431 Il
2617 4371 2970 4453 (Dupinius)
3047 4371 3148 4433 n‘a
3209 4392 3311 4451 .pu
3379 4374 3711 4454 cependant

318 4469 648 4534 dissimuler
703 4487 814 4552 que
871 4468 947 4528 les
1003 4466 1400 4528 dissertations
1454 4476 1582 4528 sont
1635 4476 1768 4550 trop
1827 4466 2084 4546 langues,
2146 4477 2201 4528 et
2269 4488 2382 4549 quc
2446 4469 2890 4550 quelques-unes
2966 4468 3132 4529 n’ont
3157 4511 3160 4514 μ
3205 4469 3388 4550 qu’un
3463 4485 3720 4556 rappprt
3793 4455 3796 4457 Δ

317 4569 553 4648 eloigné
604 4586 728 4629 aux
784 4565 1051 4628 (Euvres
1111 4563 1181 4625 de
1225 4566 1386 4626 saint
1437 4565 1596 4627 Le'on
1625 4564 1733 4647 (a.)
1781 4567 1927 4626 Haec
1983 4565 2108 4627 duo
2165 4566 2598 4628 difficultatem
2642 4567 3031 4647 potissimam
3073 4567 3460 4632 facesserunt
3493 4584 3508 4628 :
3541 4576 3604 4630 et
3646 4574 3719 4634 ut

316 4659 592 4748 primum
647 4663 929 4725 dicamus
987 4662 1064 4722 de
1121 4667 1436 4741 postremo
1484 4662 1712 4741 capite,
1764 4681 1906 4722 cum
1951 4663 2206 4724 editor-is
2239 4664 2318 4726 sit
2364 4683 2439 4725 ea
2469 4665 2800 4742 diligenter
2848 4665 3114 4726 scrutari
3144 4671 3207 4737 et
3246 4666 3534 4728 evolvere
3574 4688 3716 4748 qua:

321 4755 1096 4840 ad-Auctorem'ejusque
1144 4762 1349 4839 Opera
1396 4766 1705 4839 spectant,
1759 4778 1962 4841 pauca
2017 4761 2383 4834 admodum,
2434 4781 2576 4841 quae
2634 4762 3013 4832 Leonisaut
3062 4762 3196 4842 ejus
3245 4763 3520 4844 Operam
3572 4785 3711 4846 pro-

315 4861 456 4943 pria
496 4863 665 4934 sunt,
723 4859 789 4919 in
847 4857 1179 4930 Quesnello
1237 4857 1592 4936 expendere
1649 4864 1712 4919 et
1767 4863 2056 4919 excutere
2125 4877 2283 4940 opus
2341 4858 2596 4931 fuisset;
2650 4878 2854 4940 neque
2904 4860 3485 4933 fuissemuscoacti
3530 4862 3593 4922 in
3642 4883 3718 4930 ea

315 4956 579 5038 digredi,
636 4955 702 5016 in
758 4973 899 5036 qua:
954 4955 1058 5016 ille
1117 4953 1365 5032 longius
1423 4960 1483 5014 et
1539 4955 1794 5016 liberius
1850 4956 2163 5027 excurrit;
2226 4957 2438 5035 sicque
2512 4975 2639 5017 non
2697 4975 2898 5035 pauca
2974 4957 3330 5019 difﬁciliora
3390 4961 3709 5038 prmterire

314 5055 612 5118 licuisset.
668 5054 748 5114 At
806 5051 1226 5115 inserentibus
1300 5070 1517 5112 omnes
1602 5053 2095 5127 dissertationes,
2173 5053 2634 5115 admonitiones
2711 5060 2773 5114 et
2843 5055 3285 5118 annotationes
3363 5058 3706 5132 Quesnelli,

316 5152 566 5232 singula
612 5150 888 5214 examini
933 5147 1322 5228 subjicienda
1369 5150 1564 5224 fuere,
1623 5151 1750 5212 sive
1800 5171 1940 5231 quae
1990 5151 2069 5211 ad
2117 5154 2386 5212 Leonem
2443 5157 2556 5210 aut
2601 5150 2738 5228 ejus
2788 5155 2993 5232 Opera
3034 5154 3374 5233 pertinent,
3409 5155 3538 5216 sive
3569 5175 3712 5235 quae

315 5269 392 5314 ex
441 5250 766 5312 occasione
816 5248 1070 5309 inducta
1110 5246 1518 5308 remotissima
1566 5249 1963 5325 distrahunt;
2027 5269 2140 5311 nec
2206 5249 2574 5329 quidquam,
2630 5250 2775 5311 licet
2815 5251 3129 5314 difﬁcilius
3178 5258 3258 5314 et-
3293 5253 3700 5334 implicatius,

313 5347 696 5411 dissimulari
754 5353 864 5409 aut
919 5344 1260 5407 transcurri
1317 5346 1524 5425 potuit
1576 5366 1716 5409 cum
1776 5349 2121 5429 praesertim
2182 5348 2246 5408 in
2313 5348 2622 5426 ejusmodi
2672 5349 3523 5430 disputationibusaLeonis
3573 5354 3707 5415 edi-

384 5538 468 5620 (α)
495 5541 731 5613 Critique
787 5542 850 5599 de
904 5543 957 5598 la
1005 5542 1444 5636 Bibliotheque...
1493 5559 1598 5613 par
1647 5544 1722 5599 M.
1765 5543 1978 5618 Dupin,
2048 5542 2142 5598 liv.
2179 5559 2242 5614 ιι,
2273 5557 2321 5597 c.
2356 5545 2442 5597 16.
