4092 6178
320 299 403 375 25
1131 296 1549 360 PB/E‘FATIO
1596 295 2034 360 GENERALIS
2079 296 2158 359 IN
2205 295 2414 360 HANC
2457 295 2915 361 EDITIONEM.
3650 306 3728 369 96

321 435 498 512 tione
519 430 704 496 valde
761 429 1017 496 remotis
1072 449 1200 504 non
1257 451 1462 513 pauca
1491 429 1706 508 insint,
1756 445 1897 513 quae
1951 447 2279 495 censuram
2305 439 2438 494 non
2469 430 2759 513 exiguam
2817 431 3045 498 mereri
3093 431 3227 498 visa
3255 439 3424 499 sunt.
3485 437 3554 501 Id
3582 439 3723 503 cum

323 551 440 614 pro
495 532 804 594 varietate
863 539 922 594 et
970 531 1339 592 difficultate
1391 549 1623 606 rerum,
1657 532 1721 592 in
1780 551 1921 611 quae
1981 531 2350 604 Quesnellus
2398 531 2694 605 excurrit,
2745 532 3093 612 longiorem
3146 534 3617 602 meditationem
3651 537 3744 600 ac'

319 631 538 710 plures
589 631 1059 692 observationes
1119 629 1485 710 postularet,
1541 631 1628 704 id,
1688 631 1972 710 inquam,
2027 629 2421 710 potissimum
2479 629 2541 690 in
2604 647 2792 690 causa
2851 631 2970 692 fuit
3020 638 3089 692 ut
3119 632 3254 695 haec
3285 634 3478 696 editio
3518 639 3728 699 serius

321 747 519 810 quam
549 729 730 790 initio
761 729 1135 792 credebatur
1165 729 1329 810 typis
1362 729 1654 791 mandari
1683 729 1978 808 potuerit.

401 829 592 889 XVII.
652 827 747 888 Ad
806 827 1228 907 prolixitatem
1287 845 1435 907 vero
1493 827 2000 888 dissertationum
2059 825 2369 898 Quesnelli
2429 843 2466 886 a
2523 826 2793 906 Dupinio
2853 831 3136 888 notatam
3196 830 3364 908 quod
3422 832 3720 910 pertinet,

321 945 432 987 eas
463 926 679 986 multis
737 925 1104 1004 protrahere
1159 925 1279 1004 ipsi
1334 927 1706 1004 plerumque
1765 924 2183 985 necessarium
2214 923 2352 983 fuit.
2388 924 2541 984 Cum
2599 922 2765 985 enim
2797 925 2862 984 in
2897 925 3223 1005 permultis
3266 927 3394 987 suis
3445 929 3728 993 thesibus

323 1031 571 1086 careret
628 1025 970 1104 exploratis
1025 1024 1372 1085 rationibus
1427 1029 1488 1084 et
1543 1023 1960 1097 documentis,
2021 1041 2162 1102 quae
2223 1022 2329 1084 ubi
2390 1022 2640 1096 adsunt,
2675 1023 2751 1083 ad
2815 1043 2943 1085 rem
2977 1024 3473 1086 concludendam
3524 1047 3726 1107 pauca

325 1123 673 1196 sufﬁciunt,
735 1123 817 1183 ad
875 1122 1037 1182 solas
1095 1120 1584 1200 conjectaliones
1639 1139 1868 1200 easque
1917 1121 2262 1181 imbecilles
2320 1121 2806 1199 confugiendum
2861 1122 2998 1182 fuit.
3060 1125 3214 1183 Cum
3273 1142 3460 1203 porro
3511 1132 3730 1188 acutus

325 1221 521 1282 homo
575 1221 957 1299 intelligeret
1011 1220 1144 1293 has,
1210 1221 1262 1281 si
1321 1238 1535 1300 paucas
1594 1220 1720 1280 sint
1775 1228 1836 1280 et
1892 1219 2110 1298 paucis
2169 1223 2627 1298 proponantur,
2717 1219 3048 1280 minimum
3110 1223 3314 1300 posse,
3375 1222 3731 1302 complures

322 1321 518 1380 simul
575 1337 913 1398 congerere
969 1319 1229 1389 studuit,
1292 1337 1523 1397 easque
1580 1318 1669 1379 ita
1692 1317 1962 1378 invicem
2021 1317 2341 1396 colligare,
2375 1323 2438 1378 et
2469 1317 2728 1378 eruditis
2787 1319 3126 1380 identidem
3187 1319 3733 1393 notitiis,-dicendi

323 1425 467 1480 arte
497 1437 568 1480 ac
596 1418 928 1478 subtilibus
969 1417 1310 1478 ratiociniis
1345 1417 1608 1488 munire,
1663 1423 1734 1477 ut
1790 1416 2053 1477 lectores
2083 1416 2310 1477 sensim
2345 1421 2406 1476 et
2459 1416 2703 1476 facilius
2760 1416 3088 1491 illicerent,
3155 1436 3226 1478 ac
3277 1419 3342 1477 in
3396 1419 3533 1499 ejus
3587 1439 3730 1482 sen-

322 1518 596 1579 tentiam
653 1517 1068 1578 attraherent.
1129 1515 1354 1581 Iisdem
1411 1515 1688 1593 vestigiis
1748 1514 2056 1594 principio
2114 1515 2295 1575 nobis
2353 1533 2606 1594 quoque
2665 1515 3102 1588 insistendum,
3138 1522 3200 1577 et
3253 1518 3471 1578 omnia
3500 1537 3573 1579 ac
3603 1519 3772 1580 sin--

325 1617 485 1697 gula
538 1635 683 1696 quae
739 1633 1070 1676 censuram
1129 1619 1417 1694 peterent
1468 1614 1812 1675 refellenda
1859 1613 2257 1674 videbantur.
2318 1616 2395 1674 At
2450 1613 2572 1673 hac
2648 1613 2944 1675 methodo
3024 1614 3088 1674 in
3156 1616 3441 1676 eamdem
3518 1618 3730 1680 nimiae

327 1713 713 1794 prolixitatis
767 1719 980 1774 notam
1040 1712 1496 1774 incidissemus.
1558 1715 1645 1773 Ne
1703 1731 1850 1773 vero
1904 1712 2022 1773 hoc
2079 1711 2312 1773 laboris
2374 1717 2488 1772 aut
2544 1711 2932 1774 difﬁcultatis
2989 1713 3378 1776 declinanda)
3439 1716 3733 1780 credatur

327 1812 659 1890 eﬂ‘ugium.
709 1811 1116 1874 observamus
1170 1811 1498 1873 veritatem
1534 1810 2080 1891 propugnantibus
2131 1809 2279 1870 satis
2309 1828 2441 1870 esse
2499 1810 2548 1870 si
2598 1811 2892 1890 capitalia
2921 1816 2984 1871 et
3037 1811 3302 1872 fortiora
3356 1821 3734 1891 argumenta

324 1909 737 1971 convellant:
801 1909 900 1970 his
955 1909 1123 1972 enim
1181 1909 1466 1984 sublatis,
1527 1913 1754 1970 caetera
1812 1908 2070 1981 leviora,
2132 1927 2273 1986 qua:
2305 1908 2526 1969 iisdem
2585 1909 2950 1985 fulciuntur,
2983 1928 3098 1989 per
3126 1927 3192 1970 se
3242 1910 3494 1985 cadunt,
3543 1913 3635 1974 ita
3663 1918 3734 1974 ut

321 2007 596 2070 nimium
655 2007 889 2069 morosi
945 2007 1216 2068 hominis
1245 2008 1324 2069 sit
1353 2007 1416 2067 in
1477 2006 1572 2068 his
1629 2007 2030 2068 confutandis
2081 2007 2345 2068 lectores
2402 2006 2640 2068 diutius
2689 2006 3007 2069 distinere.
3069 2010 3302 2070 Verum
3335 2009 3397 2070 in
3443 2010 3562 2072 hac
3592 2011 3733 2091 ipsa

321 2105 589 2180 laboris,
623 2111 692 2166 ut
721 2105 990 2176 videtur,
1049 2106 1490 2168 imminutione
1548 2105 1988 2166 difficillimum
2048 2123 2526 2184 nonnumquam
2561 2105 2696 2177 fuit,
2742 2105 2904 2167 inter
2949 2105 3194 2168 .multas
3244 2107 3735 2187 conjectationes

326 2222 436 2266 eas
467 2223 816 2277 secernere,
875 2223 1017 2284 quae
1073 2204 1374 2284 capitales
1429 2210 1492 2265 et
1548 2204 1865 2283 praecipue
1922 2203 2284 2264 refellendae
2337 2210 2566 2264 essent.
2628 2205 2726 2264 Ita
2765 2204 3146 2284 enimtplura
3175 2207 3544 2278 Quesnellus
3575 2209 3734 2270 miro

330 2302 598 2363 artiﬁcio
649 2302 864 2381 jungit
914 2320 986 2362 ac
1038 2301 1275 2375 miscet,
1312 2309 1380 2362 ut
1435 2303 1538 2363 vix
1596 2302 1926 2380 detegatur
1983 2301 2134 2380 quid
2192 2306 2468 2380 praestet.
2525 2303 2676 2364 Cum
2738 2303 3066 2382 proposuit
3121 2303 3411 2382 quaedam
3469 2305 3733 2383 leviora,

332 2399 564 2477 quibus
620 2399 820 2463 facilis
879 2404 1039 2460 esset
1086 2399 1427 2478 responsio,
1493 2399 1765 2460 elabitur
1820 2405 2076 2479 repente
2134 2405 2204 2459 ut
2259 2400 2502 2477 anguis,
2567 2405 2630 2460 et
2683 2399 2762 2459 ad
2817 2400 2942 2460 alia
2997 2401 3388 2475 transcurrit,
3450 2422 3592 2482 quae
3623 2406 3739 2466 etsi

330 2499 496 2578 forte
553 2497 972 2576 sint-pariter
1028 2497 1212 2569 levia,
1272 2497 1564 2575 graviora
1607 2502 1817 2558 tamen
1848 2515 1926 2558 ex
1955 2497 2469 2558 antecedentibus
2524 2497 2839 2558 videntur.
2894 2501 3073 2558 Nunc
3123 2499 3465 2578 quaerendo
3527 2501 3738 2582 potius

327 2615 529 2677 quam
585 2595 963 2658 afﬁrmando
1023 2595 1450 2674 conjectatur;
1514 2614 1682 2657 nunc
1738 2596 2072 2675 quaestioni
2127 2596 2282 2668 alias
2337 2596 2655 2657 interserit
2711 2596 3112 2676 quaestiones,
3146 2597 3243 2658 vel
3273 2596 3492 2658 saltem
3545 2599 3741 2661 dubia

324 2695 626 2777 quaedam
680 2693 1010 2774 inspergit,
1069 2693 1298 2772 quibus
1352 2694 1600 2771 longius
1655 2700 1718 2755 et
1767 2695 2136 2774 eloquenter
2189 2694 2578 2774 subdoleque
2634 2693 2974 2775 productis
3012 2693 3326 2775 deceptio'
3371 2713 3498 2757 non
3556 2698 3740 2762 facile

321 2793 731 2866 discernitur,
789 2797 852 2853 et
910 2790 1305 2870 conjecturas
1361 2791 1740 2870 coniecturis
1795 2792 2119 2870 adjiciens,
2183 2793 2354 2871 quod
2414 2793 2632 2872 paucis
2668 2788 2972 2854 'obtinere
3002 2810 3127 2854 non
3185 2791 3416 2872 potuit,
3451 2795 3740 2858 multitu-

320 2892 476 2952 dine
534 2909 599 2953 se
658 2894 1140 2952 consecuturum
1198 2888 1477 2949 conﬁdit.
1538 2891 1607 2950 In
1671 2889 2117 2950 hisomnibus
2177 2896 2393 2952 exacte
2443 2889 2869 2970 expendendis
2898 2886 2963 2951 et
2990 2891 3068 2951 ad
3101 2888 3273 2952 eerta
3337 2893 3638 2971 pauciora
3670 2911 3744 2956 ac

321 2989 581 3070 potiora
639 2988 846 3068 capita
903 2987 1288 3061 revocandis,
1349 3005 1428 3048 ne
1474 2987 1723 3066 longior
1781 2988 2128 3049 confutatio
2186 2988 2576 3066 procederet,
2637 2993 2698 3049 et
2755 2989 3093 3050 lectoribus
3148 2989 3488 3052 fastidium.
3533 3010 3607 3053 ac
3662 3009 3736 3053 ex

324 3086 804 3167 multiplicitate
861 3087 1288 3147 confusionem
1348 3087 1536 3147 etiam
1585 3092 1852 3166 pareret,
1918 3093 2156 3166 quanta
2213 3087 2558 3148 attentione
2614 3105 2688 3148 ac
2715 3086 3042 3166 diligentia
3097 3106 3257 3166 opus
3288 3088 3496 3162 fuerit,
3557 3089 3732 3170 quis-

326 3205 459 3266 que
519 3184 760 3266 peritus
814 3184 1144 3263 intelliget.
1203 3185 1382 3256 Quod
1437 3184 1588 3245 siin
1641 3185 1739 3245 his
1792 3184 2141 3264 potioribus
2197 3183 2506 3264 capitibus
2563 3181 2918 3246 refellendis
2974 3185 3446 3247 observatiOnes
3505 3193 3740 3250 nostrae

327 3284 661 3362 longiores
716 3301 1197 3362 nonnumquam
1257 3282 1530 3362 cuipiam
1587 3283 1988 3356 videbuntur,
2021 3283 2074 3342 is
2129 3283 2481 3344 consideret
2538 3284 2720 3362 plura
2750 3283 2980 3364 saepius
3034 3279 3378 3344 desiderari
3421 3283 3502 3344 ad
3531 3286 3740 3346 revin-

329 3383 608 3446 cendum
663 3398 856 3460 quam
915 3380 992 3441 ad
1046 3381 1528 3459 proponendum
1588 3399 1888 3442 errorem.
1941 3382 2030 3456 Ea
2058 3399 2247 3460 porro
2307 3381 2475 3441 facili
2533 3379 2870 3461 partitione
2929 3378 3002 3442 ac
3033 3377 3330 3444 methodo
3362 3387 3636 3456 utemur,
3670 3390 3748 3446 ut

329 3481 535 3542 lector
589 3479 803 3539 statim
862 3478 1170 3555 intelligat
1226 3477 1377 3557 quid
1435 3484 1682 3557 agatur,
1743 3484 1804 3539 et
1834 3497 1944 3539 cur
2001 3477 2303 3558 prolixior
2332 3479 2671 3557 disputatio
2732 3479 3095 3540 necessaria
3134 3476 3326 3540 fuerit
3378 3481 3443 3540 in
3474 3481 3738 3560 quibus-

330 3577 486 3638 dam
545 3577 879 3656 capitibus,
940 3595 1016 3636 ex
1047 3575 1274 3655 quibus
1331 3582 1582 3637 caetera.
1617 3576 1914 3656 pendent.
1973 3576 2313 3656 Speremus
2370 3595 2515 3637 vero
2571 3577 2690 3637 hac
2720 3577 2961 3637 ratione
3012 3576 3334 3656 cognitum
3365 3577 3462 3651 iri,
3499 3598 3636 3652 nos,
3672 3585 3744 3640 ut

329 3676 655 3749 brevitati,
716 3680 1024 3754 quantum
1082 3674 1220 3735 ﬁeri
1276 3680 1546 3753 poterat,
1607 3675 2097 3748 consuleremus,
2161 3675 2318 3734 nihil
2374 3673 2748 3753 praeteriisse
2807 3675 2976 3754 quod
3031 3674 3299 3753 capitale
3354 3681 3552 3749 esset;
3605 3677 3742 3738 sola

335 3781 559 3837 autem
625 3773 986 3844 minutiora,
1065 3791 1208 3851 quae
1265 3773 1615 3852 potioribus
1671 3772 1931 3834 divulsis
1986 3778 2310 3845 corruunt,
2367 3772 2510 3852 jure
2570 3773 2944 3850 neglexisse.
3009 3772 3187 3845 Quod
3243 3773 3292 3833 si
3352 3773 3643 3853 quaedam
3703 3793 3744 3836 a

331 3870 669 3944 Quesnello
696 3871 769 3931 in.
813 3869 1355 3932 dissertationibus
1386 3870 1621 3931 inserta
1650 3871 2030 3950 peculiarem
2064 3890 2394 3933 censuram
2423 3869 2856 3951 postulabunt,
2892 3891 3033 3951 quae
3063 3871 3127 3931 in
3162 3877 3462 3933 contextu
3491 3879 3739 3934 nostra-

324 3989 470 4032 rum
525 3969 1036 4032 Observationum
1094 3969 1173 4028 ad
1231 3968 1510 4047 singulas
1568 3969 2040 4030 dissertationes
2095 3975 2524 4049 opportunum
2583 3969 2792 4031 locum
2852 3990 2979 4031 non
3035 3969 3378 4044 invenient,
3431 3989 3730 4034 censuras

325 4067 670 4148 ejusmodi,
700 4085 780 4128 ne
836 4067 988 4147 quid
1042 4067 1462 4129 necessarium
1521 4066 1703 4140 desit,
1735 4066 1801 4127 in
1859 4067 2396 4142 annotationibus,
2434 4087 2574 4148 qum
2627 4068 2847 4130 iisdem
2906 4068 3062 4130 locis
3099 4068 3459 4148 afﬁgentur,
3519 4070 3741 4152 paucis

326 4164 776 4246 indicabimus.

413 4263 635 4324 XVIII.
665 4261 1017 4324 Richardus
1047 4261 1290 4334 Simon,
1347 4261 1526 4340 cujus
1557 4261 1747 4341 paulo
1778 4266 1924 4322 ante
1957 4261 2379 4335 meminimus,
2414 4261 2491 4322 de
2553 4261 2997 4334 Quesnelliana
3054 4265 3120 4325 S.
3181 4263 3407 4324 Leonis
3463 4262 3742 4328 editione

337 4358 774 4424 testimonium
832 4359 1031 4438 ponit,
1067 4359 1234 4438 quod
1267 4359 1388 4420 hoc
1442 4359 1578 4420 loco
1632 4359 1805 4420 haud
1857 4359 2462 4439 praetermittendum
2516 4366 2834 4439 putamus.
2892 4359 3172 4422 Rccitato
3216 4360 3420 4440 elogio
3451 4379 3580 4442 quo
3610 4364 3740 4424 Du-

323 4456 543 4537 pinius
573 4456 888 4529 Queenelli
916 4457 1384 4519 dissertationes
1440 4457 2011 4532 commendaverat,
2077 4457 2214 4519 haec
2268 4455 2562 4537 subjicit':
2592 4501 2594 4504 μ
2623 4456 2920 4519 L’édz'tz'on
2979 4458 3074 4518 des
3118 4457 3400 4520 (Euvres
3453 4457 3525 4519 de
3578 4460 3742 4520 scim

319 4555 501 4618 Leon.
541 4553 778 4636 publiée
799 4574 932 4616 εοω
963 4554 1016 4616 le
1050 4575 1186 4616 nom
1219 4554 1309 4616 du.
1338 4555 1414 4616 P.
1450 4555 1700 4630 Quesnel
1752 4557 1957 4617 mérz'te
2011 4575 2148 4617 sans
2203 4555 2377 4616 doute
2433 4564 2573 4615 cette
2629 4554 2932 4635 louange;
2984 4575 3134 4617 mare
3194 4555 3244 4617 le
3305 4555 3743 4620 bz'b'lz'othécaz're

317 4654 430 4727 n’q
449 4671 566 4732 pas
591 4671 662 4713 su
690 4671 804 4734 que
832 4663 922 4714 cet
947 4672 1210 4734 ouvrage
1238 4663 1322 4714 est
1348 4655 1500 4714 sorti
1523 4653 1593 4714 de
1610 4653 2152 4736 plusieursmalns.
2212 4653 2296 4714 Le
2348 4653 2430 4713 Ρ.
2492 4653 2742 4729 Quesnel
2793 4672 2860 4714 en
2918 4673 2955 4716 a
3010 4655 3274 4716 ramassé
3327 4651 3556 4717 durant
3594 4657 3740 4739 plur-

313 4751 520 4811 δίαινε
574 4753 784 4813 années
837 4751 916 4814 les
970 4754 1334 4829 mate’rlauw,
1393 4754 1504 4832 qui
1553 4751 1646 4813 lui
1693 4753 1900 4833 furem
1952 4751 2188 4832 fam-ms
2225 4769 2296 4811 en
2339 4752 2543 4832 parile
2570 4769 2694 4830 par
2743 4751 3047 4832 plusa'eurs
3097 4771 3418 4834 personnes
3468 4763 3739 4816 savantes

316 4847 418 4912 de,
454 4847 680 4916 Paris;
729 4851 879 4912 male
931 4869 1154 4912 comme
1200 4870 1261 4911 ce
1313 4849 1467 4911 Pére
1522 4869 1594 4912 ne
1620 4852 1820 4912 savaz't
1841 4870 1954 4931 pas
1981 4869 2139 4911 asses
2169 4848 2405 4910 letlatz'n
2443 4867 2610 4930 pour
2662 4868 2964 4931 compaser
3018 4870 3125 4912 son
3168 4869 3433 4931 ouvr-age
3461 4871 3558 4912 en
3597 4860 3743 4915 cette

313 4945 568 5024 langue,
606 4947 654 5008 il
682 4946 734 5009 le
777 4967 1051 5030 composa
1107 4947 1359 5010 d’abord
1384 4968 1456 5009 en
1511 4948 1808 5028 frangais,
1838 4958 1894 5010 et
1927 4949 1972 5010 il
2001 4948 2054 5010 Ie
2107 4947 2307 5008 donna
2335 4949 2372 5009 ὰ
2399 4956 2608 5008 mettre
2637 4968 2706 5010 en
2739 4948 2885 5010 latin
2914 4949 2951 5010 ἀ
2998 4969 3080 5009 un
3135 4959 3352 5011 savant
3390 4949 3748 5027 Hiberum},

314 5045 440 5126 qui
477 5045 659 5107 αυαιέ·
689 5048 781 5107 e'te'
835 5056 1216 5129 auparavant
1271 5046 1717 5120 denl’Oratoz're,
1768 5057 1827 5107 et
1869 5048 1981 5129 qui
2026 5047 2348 5128 pro/essm?
2401 5045 2561 5108 alors
2616 5046 2678 5107 la
2732 5047 3072 5128 rhétorique
3126 5045 3278 5109 dum
3335 5047 3394 5109 le
3426 5047 3640 5128 college
3667 5046 3742 5107 de

314 5142 653 5205 Beauvais.
712 5143 773 5208 ll
823 5146 1312 5226 composueussi
1360 5163 1432 5205 en
1485 5144 1758 5224 frangals
1789 5144 1848 5205 la
1893 5147 1984 5206 υιέ
2031 5144 2102 5206 de
2152 5143 2223 5205 S.
2257 5144 2465 5216 Le'on;
2512 5153 2569 5204 et
2614 5143 2721 5204 elle
2766 5144 2869 5224 fut
2915 5143 3178 5207 traduite
3212 5166 3284 5207 en
3332 5145 3483 5207 latin
3519 5163 3643 5224 par
3688 5142 3742 5203 le

315 5239 418 5301 Ρν
441 5238 790 5303 Gér’arddu
821 5243 984 5317 Bois,
1018 5243 1130 5323 qui.
1171 5243 1320 5303 e'laz't
1346 5241 1512 5302 alors
1559 5241 1708 5303 dans
1740 5242 1804 5303 la
1833 5245 2058 5304 maz'son
2085 5241 2183 5303 des
2216 5241 2394 5301 Péres
2423 5240 2491 5302 de
2519 5240 2844 5303 l’0ratolre
2874 5263 2982 5304 rue
3011 5243 3476 5307 Saint—Honore'
3518 5240 3742 5304 aveo-le

315 5337 412 5398 P.-
455 5338 842 5412 Quesnel.~Le
883 5340 960 5401 P.
993 5341 1075 5402 du
1093 5341 1248 5402 Bais
1299 5339 1564 5421 changed
1615 5340 1762 5402 dans
1814 5351 1954 5402 cetle
1997 5341 2092 5401 Vz'e
2147 5339 2423 5421 quelques
2478 5338 2760 5415 endroz'ts,
2793 5342 3021 5422 quc'luz'
3063 5349 3360 5425 pararent
3405 5347 3540 5420 trop
3597 5338 3741 5402 durs

319 5443 526 5496 contra
561 5435 1221 5517 Rome;.clzangemmls
1246 5455 1358 5519 que
1384 5436 1436 5498 le
1461 5437 1538 5498 P.
1576 5437 1824 5513 Quesnel
1865 5457 1934 5497 ne
1961 5446 2074 5516 put
2103 5454 2476 5518 approuver;
2510 5437 2663 5497 male
2689 5437 2790 5498 s’a'l
2842 5441 3006 5502 avait
3025 5439 3252 5521 pro/ile
3295 5435 3394 5498 de:
3433 5435 3573 5498 bons
3614 5440 3742 5499 αυιίς

314 5551 434 5612 que
461 5553 567 5594 son
593 5535 874 5616 con/rere
897 5535 988 5596 lui
1007 5535 1229 5609 donna,
1262 5535 1311 5596 εἰ
1335 5536 1600 5597 n’auraz'l
1626 5537 1926 5618 peut-étre
1957 5555 2069 5618 pas
2093 5555 2162 5596 eu
2194 5535 2244 5595 le
2270 5533 2559 5616 de’plaz'sz'r
2585 5535 2654 5596 de
2683 5538 2814 5598 υοίν
2843 5558 2948 5599 son
2978 5556 3238 5616 ouvrage
3265 5537 3436 5617 ﬂe’tri
3463 5536 3500 5597 ἀ
3528 5535 3733 5598 Rome.

315 5631 421 5691 Au
447 5641 612 5709 reste,
635 5634 708 5714 je
734 5633 1020 5696 n’avance
1049 5635 1180 5696 rien
1212 5635 1291 5697 lci
1334 5633 1560 5716 dontje
1589 5635 1743 5696 n’az’e
1771 5637 1861 5697 e'té
1887 5634 2018 5697 bz'en
2047 5634 2324 5703 instruit:
2361 5641 2614 5696 ensorte
2641 5635 2820 5716 qu’on
2871 5643 3016 5715 peut
3071 5633 3200 5695 diu
3255 5633 3328 5696 de
3357 5634 3628 5712 l’auteur.
3665 5634 3736 5695 de
