4092 6178
343 308 425 370 27
1144 305 1562 372 PREFATIO
1609 307 1959 374 GENERAI

2125 310 2174 374 N
2220 313 2430 376 HANC
2476 310 2934 379 EDITIONEM.
3661 315 3737 377 28

345 446 609 508 l’édition
637 444 709 508 de
737 446 808 508 S.
868 443 1051 518 Leon,
1077 441 1310 526 publie'e
1353 463 1485 506 sous
1515 442 1566 505 le
1594 462 1731 506 nam
1756 441 1838 505 du
1887 444 1964 507 P.
2024 447 2306 524 Quesnel:
2364 449 2578 513 Sumus
2634 467 2809 514 LEGIO
2841 449 2947 533 (a).
3008 451 3322 514 Hactenus
3379 449 3734 515 Richardus

344 551 585 624 Simon,
619 548 727 628 qui
756 547 817 606 in
847 544 1333 623 congregatione
1364 544 1634 606 Oratorii
1658 563 1783 605 una
1811 564 1951 606 cum
1987 547 2317 619 Quesnello
2348 548 2581 610 diutius
2611 551 2767 612 vixit
2797 571 2994 632 usque
3025 552 3103 612 ad
3127 552 3420 614 Leoninaa
3445 552 3737 614 editionis

342 655 585 716 circiter
613 657 918 727 tempora.
952 646 1024 706 In
1054 642 1172 704 hoc
1233 649 1441 704 autem
1503 642 1858 704 testimonio
1915 645 2070 704 illud
2129 648 2474 725 praesertim
2532 648 2991 710 observandum
3051 655 3164 723 est,
3217 651 3374 711 adeo
3431 651 3728 712 acerbum

341 751 735 813 etjnfensum
765 744 828 804 in
863 745 1208 803 ltomanam
1243 741 1448 800 sedem
1513 740 1698 801 fuisse
1731 742 2156 816 Quesnellum,
2217 752 2285 804 ut
2314 745 2419 804 uni
2445 763 2478 806 e
2509 746 2635 806 suis
2667 766 2918 828 quoque
2964 748 3385 809 confratribus
3440 748 3729 828 quaedam
3814 823 3816 825 _

338 850 474 910 loca
505 841 960 924 displicuerint,
994 839 1103 919 qui
1131 838 1362 898 idcirco
1407 839 1468 897 in
1504 837 2023 918 interpretatione
2056 841 2279 902 Latina
2305 861 2379 901 ea
2431 844 2808 904 emollienda
2855 847 3253 906 existimavit.
3289 847 3439 906 Cum
3473 865 3620 907 vero
3669 846 3728 905 id

338 941 702 1018 Quesnellus
731 937 1061 1019 respuerit,
1093 935 1247 996 nihil
1283 936 1400 996 hac
1430 937 1491 995 in
1524 942 1702 1016 parte
1735 938 1814 996 ab
1846 939 2292 1018 interpretibus
2322 941 2603 1003 additum
2653 943 2750 1003 vel
2799 950 3246 1023 exaggeratum
3300 944 3420 1004 diei
3477 949 3727 1024 potest;

335 1041 438 1102 sed
472 1037 779 1120 quidquid
809 1037 1093 1099 acerbius
1117 1035 1178 1095 in
1211 1052 1285 1095 ea
1313 1033 1584 1094 editione
1626 1034 1871 1113 legitur,
1937 1041 2138 1096 totum
2171 1055 2248 1097 ex
2298 1037 2492 1116 ipsius
2537 1039 2853 1110 Quesnelli
2909 1047 3117 1102 mente
3174 1047 3364 1120 atque
3415 1042 3729 1103 sententia

334 1141 683 1220 profectum
716 1135 1099 1216 agnoscitur.

411 1239 569 1298 XIX.
599 1237 734 1296 Duo
792 1232 1112 1313 praecipua
1166 1232 1418 1291 fuerunt
1474 1229 1840 1310 pri-ejudicia
1871 1231 2099 1311 quibus
2131 1231 2232 1292 hic
2293 1233 2642 1307 laborabat,
2706 1234 2971 1295 alterum
3033 1235 3095 1295 in
3155 1235 3420 1297 materia
3476 1237 3723 1316 gratias,

332 1336 595 1396 alterum
628 1352 776 1394 vero
810 1332 1104 1392 adversus
1134 1329 1438 1409 quasdam
1471 1331 1769 1389 Romanae
1824 1330 1986 1391 sedis
2041 1332 2513 1409 praerogativae.
2547 1334 2613 1392 In
2680 1335 2943 1394 materia
2997 1334 3242 1412 gratias,
3301 1353 3492 1414 quam
3557 1336 3722 1396 male

330 1434 592 1496 senserit
645 1431 855 1512 palam
915 1429 1153 1489 faciunt
1208 1447 1282 1488 ea
1337 1447 1478 1506 quas
1538 1432 1754 1506 postea
1806 1427 2024 1500 edidit,
2076 1434 2137 1488 et
2193 1429 2456 1490 solemni
2513 1431 2974 1492 Constitutione
3032 1433 3381 1512 proscripta
3441 1434 3721 1494 fuerunt.

329 1536 421 1596 Ex
479 1533 576 1593 his
629 1527 936 1592 nonnulla
992 1525 1249 1588 editioni
1306 1524 1530 1585 Leonis
1586 1525 1899 1603 inspersit,
1961 1524 2069 1584 sed
2129 1525 2399 1587 latenter
2468 1533 2531 1588 et
2587 1528 2875 1606 parcius:
2939 1528 3016 1588 de
3075 1529 3303 1607 quibus
3359 1529 3422 1588 in
3483 1529 3727 1609 aliquot

328 1628 865 1694 observationibus
923 1625 1003 1686 ad
1039 1624 1256 1685 Leonis
1314 1625 1649 1685 Sermones
1693 1627 1754 1682 et
1810 1622 1888 1682 ad
1945 1623 2448 1684 dissertationem
2509 1625 2849 1686 secundam
2907 1626 2971 1685 in
3027 1626 3220 1687 libros
3263 1627 3339 1688 de
3413 1626 3726 1689 Vocatione

326 1731 596 1792 omnium
637 1727 926 1808 gentium,
985 1723 1382 1784 nonnihilum
1441 1721 1801 1781 disseretur.
1864 1722 1931 1780 In
1991 1721 2344 1800 pontiﬁcias
2397 1727 2605 1782 autem
2639 1724 3091 1802 praerogativas
3134 1725 3412 1803 apertius
3444 1732 3506 1785 et
3536 1726 3725 1786 latius

325 1830 654 1908 divagatus
709 1830 822 1886 est.
872 1824 944 1884 In
1000 1821 1117 1882 has
1170 1839 1318 1881 vero
1380 1819 1542 1880 male
1601 1819 1745 1879 licet
1773 1818 2110 1892 animatus,
2146 1826 2215 1880 ut
2249 1821 2599 1899 passionem
2658 1840 2909 1882 omnem
2943 1840 3014 1882 ac
3058 1822 3499 1902 praejudicium
3531 1841 3724 1884 occu-

323 1928 499 2000 leret,
558 1921 1041 2007 protestationes
1096 1919 1402 1999 quasdam
1459 1916 1896 1992 observantiae,
1956 1917 2161 1977 cultus
2217 1924 2279 1978 et
2331 1920 2692 1980 reverentiae
2745 1920 2809 1979 in
2869 1921 3278 1999 apostolicam
3338 1921 3548 1982 sedem
3581 1941 3720 1984 ma-

323 2021 852 2105 gnificentissimis
906 2018 1111 2079 verbis
1139 2015 1476 2076 identidem
1511 2014 1840 2094 exposuit;
1902 2033 1967 2074 re
2029 2021 2237 2075 autem
2296 2017 2732 2077 auctoritatem
2783 2015 2918 2095 ejus
2971 2017 3474 2098 quibuscumque
3531 2019 3719 2081 rebus

323 2127 534 2205 posset
588 2125 926 2182 extenuare
983 2120 1046 2176 ct
1099 2113 1473 2174 imminuere
1531 2112 1702 2172 nisus
1759 2117 1874 2171 est.
1933 2113 2204 2172 Tantum
2254 2131 2400 2173 vero
2432 2131 2496 2174 se
2522 2131 2714 2192 supra
2769 2119 3029 2174 caeteros
3085 2113 3366 2192 ejusdem
3429 2115 3721 2177 factionis

321 2221 611 2286 homines
641 2216 851 2280 hacin
883 2233 948 2275 re
1004 2215 1395 2292 prteventum
1456 2209 1822 2282 Quesnellus
1884 2210 2178 2288 prodidit,
2215 2216 2283 2270 ut
2341 2211 2720 2271 documenta
2779 2231 2918 2290 quae
2955 2212 3250 2272 Romanis
3284 2214 3719 2292 praerogativis

322 2324 532 2383 favere
602 2315 998 2384 videbantur,
1058 2311 1203 2371 licet
1257 2309 1516 2370 omnino
1573 2313 1764 2380 certa,
1827 2307 1957 2386 ipse
2017 2307 2188 2368 velut
2240 2309 2640 2388 supposititia
2697 2311 2793 2370 vel
2855 2310 3076 2370 saltem
3133 2310 3327 2370 dubia
3382 2312 3713 2373 traducere

322 2415 700 2482 inanissimis
746 2408 1309 2490 conjectationibus
1365 2406 1695 2468 studuerit.
1757 2408 1907 2478 Hac,
1968 2412 2039 2466 ut
2067 2406 2334 2478 videtur,
2372 2405 2448 2467 de
2507 2425 2696 2467 causa
2747 2407 3187 2486 expungenda,
3249 2426 3348 2468 ex.
3383 2428 3505 2488 gr.,
3570 2429 3716 2471 cen-

323 2519 446 2582 suit
475 2511 808 2579 concilium
865 2509 1233 2588 Teleptense
1287 2525 1426 2567 cum
1486 2505 1750 2584 epistola
1807 2504 2011 2564 Siricii
2069 2522 2272 2582 papae,
2333 2504 2644 2564 actionem
2699 2504 3272 2565 Chalcedonensem
3324 2506 3402 2568 de
3447 2509 3712 2582 Domno,

322 2622 387 2679 et
413 2615 602 2676 vitam
634 2612 698 2672 S.
740 2606 1026 2675 Romani,
1083 2609 1195 2666 aut
1249 2605 1470 2664 saltem
1525 2608 1787 2674 textum,
1848 2620 2036 2679 quem
2092 2601 2294 2661 eidem
2345 2601 2650 2662 insertum
2709 2607 2771 2660 et
2819 2601 3128 2662 intrusum
3191 2604 3711 2666 comminiscitur.

320 2712 462 2774 Alia
517 2709 717 2789 plura,
779 2723 919 2783 quae
979 2700 1297 2761 hominem
1354 2699 1417 2758 in
1478 2700 1791 2758 Romanos
1846 2697 2172 2776 pontifices
2231 2716 2357 2758 non
2415 2697 2574 2758 bene
2633 2697 2925 2758 affectum
2987 2699 3302 2778 detegent,
3361 2701 3424 2761 in
3486 2703 3716 2764 nostris

322 2803 864 2871 observationibus
918 2805 1109 2878 atque
1191 2796 1380 2858 etiam
1433 2795 1496 2855 in
1552 2794 1870 2855 nonnullis
1945 2793 2456 2856 annotationibus
2512 2793 2860 2856 identidem
2915 2802 3288 2857 occurrent:
3353 2817 3512 2877 quas
3567 2801 3720 2878 qui-

323 2923 593 2986 cumque
649 2919 832 2980 aequo
887 2897 1100 2959 animo
1146 2895 1386 2975 legerit,
1449 2894 1770 2966 fatebitur,
1832 2893 1895 2952 ni
1956 2893 2252 2965 fallimur,
2316 2891 2736 2954 necessarium
2795 2893 2982 2955 fuisse
3039 2894 3315 2974 aliquam
3373 2896 3710 2959 editionem

323 3001 780 3080 Quesnellianw
837 3014 1175 3077 Opponere,
1240 3011 1366 3072 qua
1417 3011 1635 3053 omnes
1689 2990 1878 3070 hujus
1935 2991 2404 3052 lucubrationes
2468 2991 2835 3069 singillatim
2895 2992 3355 3071 subjicerentur
3413 2997 3708 3072 examini,

320 3123 396 3166 ao
439 3101 626 3182 justis
681 3095 958 3160 censuris
1013 3097 1368 3174 opportune
1421 3095 1812 3151 notarentur.
1874 3090 2090 3152 Solum
2145 3089 2452 3168 displicet,
2514 3089 2578 3148 id
2636 3089 2872 3167 negotii
2927 3091 3002 3150 iis
3059 3091 3245 3152 fuisse
3314 3093 3707 3172 impositum,

320 3202 521 3283 quiet
575 3195 921 3259 eruditione
953 3197 1014 3254 et
1071 3189 1332 3251 scientia
1389 3188 1594 3248 minus
1652 3187 1857 3267 parati
1913 3192 2082 3250 sunt.
2113 3187 2183 3249 Id
2240 3192 2454 3248 tamen
2508 3187 2836 3249 veritatem
2895 3189 3093 3267 magis
3152 3191 3477 3270 magisque
3510 3192 3715 3252 mani-

319 3301 544 3362 festam
575 3294 782 3358 faciet.
814 3291 880 3353 Si
907 3290 1074 3351 enim
1109 3306 1242 3360 nos,
1278 3286 1386 3366 qui
1437 3285 1749 3346 modicum
1799 3285 2102 3358 valemus,
2165 3285 2554 3359 evicerimus,
2617 3305 2808 3365 quam
2869 3305 3194 3366 perperam
3255 3289 3621 3360 Quesnellus
3652 3291 3714 3351 in

319 3397 532 3460 multis
558 3391 894 3474 scripserit,
926 3388 987 3449 id
1021 3405 1146 3448 non
1176 3385 1450 3466 ingenio,
1488 3403 1613 3445 non
1645 3390 1800 3458 arte,
1835 3403 1958 3445 non
1994 3384 2118 3445 ullo
2151 3384 2453 3465 peculiari
2482 3385 2780 3458 subsidio,
2815 3385 2922 3445 sed
2950 3385 3214 3447 veritate
3253 3386 3389 3466 ipsa
3418 3387 3715 3450 demons-

318 3501 526 3559 trante
556 3495 788 3555 factum
822 3486 1082 3569 patebit.

397 3596 529 3656 XX.
561 3595 741 3654 Nunc
797 3587 1109 3667 reliquum
1165 3588 1259 3645 est
1291 3588 1359 3644 ut
1410 3585 1639 3643 nostra
1692 3580 1983 3642 editionis
2038 3579 2321 3641 ordinem
2377 3579 2780 3660 explicemus.
2843 3580 3158 3651 Quesnelli
3215 3581 3407 3644 editio
3463 3582 3714 3646 duobus

317 3691 506 3756 tomis
561 3687 934 3752 continetur.
993 3681 1240 3742 Primus
1294 3679 1519 3740 Leonis
1571 3679 1777 3758 Opera
1843 3695 1970 3738 non
2031 3681 2158 3736 tam
2217 3677 2491 3754 genuina
2545 3696 2735 3756 quam
2792 3677 3193 3757 supposititia
3247 3679 3714 3760 complectitur.

319 3789 604 3854 Genuina
661 3789 808 3847 sunt
865 3783 1199 3842 Sermones
1228 3783 1290 3839 et
1343 3777 1666 3856 Epistolaa.
1699 3775 1869 3835 Libri
1917 3779 2128 3835 autem
2159 3775 2282 3835 duo
2315 3775 2390 3836 de
2422 3775 2766 3837 Vocatione
2824 3776 3105 3836 omnium
3165 3778 3472 3855 gentium,
3533 3779 3717 3859 Capi-

318 3887 452 3949 tula
483 3886 560 3946 de
589 3882 812 3963 gratia,
850 3884 912 3940 et
965 3876 1244 3955 Epistola
1274 3874 1353 3935 ad
1412 3872 1897 3944 Demetriadem,
1959 3891 2067 3934 seu
2099 3872 2258 3932 liber
2315 3873 2390 3933 de
2449 3874 2839 3946 Humilitate,
2895 3892 3054 3952 quos
3104 3875 3296 3936 Leoni
3343 3875 3716 3946 Quesnellus

317 4000 646 4066 perperam
707 3976 946 4048 tribuit,
1009 3974 1176 4034 inter
1231 3972 1630 4052 supposititia
1684 3971 2032 4031 referimus.
2094 3972 2159 4030 In
2187 3971 2309 4032 ﬁne
2339 3970 2620 4049 ejusdem
2681 3972 2835 4033 tomi
2866 3971 3096 4050 adjecit
3127 3975 3192 4034 S.
3227 3973 3446 4034 Hilarii
3502 3975 3717 4037 Arela-

315 4082 508 4144 tensis
562 4079 792 4148 Vitam,
848 4079 910 4135 et
965 4070 1273 4132 nonnulla
1327 4069 1609 4149 ejusdem
1666 4069 2004 4148 Opuscula.
2063 4069 2350 4130 Secundo
2409 4075 2582 4131 tomo
2640 4069 3142 4148 antiquissimam
3203 4075 3266 4131 et
3323 4072 3718 4150 praestantis-

314 4180 537 4242 simam
597 4172 1041 4238 Collectionem
1087 4171 1411 4231 Canonum
1469 4173 1531 4228 et
1589 4166 2125 4229 Constitutionum
2158 4168 2518 4247 apostolicae
2562 4167 2723 4228 sedis
2779 4185 2813 4227 e
2868 4167 3188 4228 codicibus
3247 4168 3462 4241 edidit,
3525 4189 3714 4249 quam

317 4274 592 4340 Codicem
669 4271 980 4335 Canonum
1035 4277 1091 4328 et
1169 4266 1657 4330 Constitutionum
1733 4263 2012 4326 Ecclesiae
2089 4264 2368 4326 Romanae
2441 4265 2907 4326 inscribendam
2988 4265 3255 4344 putavit,
3337 4285 3465 4327 non
3544 4267 3712 4346 quod

317 4375 482 4436 hanc
537 4369 1006 4446 inscriptionem
1064 4365 1404 4444 praeferant
1461 4362 1724 4434 codices,
1789 4363 1894 4422 sed
1951 4361 2102 4441 quia
2157 4362 2321 4424 hanc
2378 4362 2824 4424 Collectionem
2885 4365 3182 4424 Romanae
3243 4364 3534 4425 Ecclesia:
3567 4383 3715 4444 pro-

315 4472 542 4552 priam,
579 4466 796 4532 Leonis
827 4470 1010 4526 aetate
1039 4463 1376 4542 vigentem,
1413 4466 1476 4522 et
1503 4461 1584 4523 ab
1618 4459 1838 4522 eodem
1871 4459 2155 4539 pluribus
2213 4465 2462 4520 auctam
2521 4459 2814 4538 opinatus
2869 4465 2986 4520 est.
3044 4461 3204 4522 Tum
3263 4460 3530 4540 subjecit
3572 4480 3712 4522 sex-

315 4568 518 4630 decim
574 4562 1041 4627 dissertationes
1069 4560 1133 4620 in
1189 4559 1413 4622 Leonis
1469 4560 1672 4638 Opera
1713 4562 1775 4619 et
1826 4557 1888 4618 in
1945 4557 2265 4619 laudatam
2326 4557 2827 4636 antiquissimam
2885 4556 3328 4618 Collectionem
3387 4560 3712 4620 Canonum

315 4672 506 4746 atque
562 4660 1090 4726 Constitutionum
1149 4657 1311 4718 sedis
1357 4656 1742 4737 apostolica.
1803 4656 2083 4718 Tandem
2137 4657 2200 4716 in
2251 4655 2566 4736 Epistolas
2616 4657 2680 4717 S.
2728 4655 3049 4716 Pontiﬁcis
3114 4656 3320 4717 varias
3388 4656 3710 4732 lectiones,

315 4769 498 4826 notas
526 4766 589 4823 et
641 4757 1109 4822 observationes
1162 4755 1499 4835 impressit.
1559 4753 1919 4816 Notandum
1975 4773 2124 4818 vero
2166 4759 2259 4814 est
2291 4752 2690 4825 Quesnellum
2723 4753 2786 4812 in
2835 4753 3109 4814 secunda
3138 4753 3410 4815 editione
3461 4754 3716 4833 Lugdu-

316 4861 496 4922 nensi
551 4857 702 4920 anni
759 4856 914 4916 1700
945 4873 1070 4915 non
1128 4871 1330 4933 pauca
1385 4852 1697 4914 addidisse
1760 4871 1901 4932 quae
1941 4853 2203 4913 deerant
2232 4851 2296 4910 in
2350 4850 2553 4930 prima
2609 4850 2887 4912 editione
2942 4850 3279 4912 Parisiensi
3335 4851 3485 4912 anni
3532 4853 3712 4912 1675.

315 4958 615 5032 Quaedam
664 4954 831 5017 enim
881 4955 1292 5013 monumenta
1347 4970 1488 5030 qua).
1540 4955 1680 5030 post
1729 4951 1998 5031 primam
2047 4949 2388 5011 editionem
2439 4948 2811 5029 prodierunt
2839 4949 2904 5009 in
2937 4949 3162 5021 lucem,
3203 4948 3486 5023 inseruit,
3526 4949 3715 5010 nimi-

316 5077 457 5119 rum
488 5055 645 5116 duas
675 5055 919 5115 Grascas
949 5049 1241 5110 Martiani
1293 5049 1589 5128 epistolas
1620 5049 1699 5108 ad
1731 5051 1998 5109 Leonem
2050 5047 2128 5107 ab
2161 5045 2440 5108 Arnoldo
2473 5047 2694 5119 editas,
2732 5064 2925 5106 unam
2956 5045 3260 5125 Eutychis
3289 5045 3369 5106 ad
3407 5045 3715 5119 eumdem

318 5155 679 5236 pontiﬁcem
710 5150 1194 5227 vulgatamaP.
1227 5149 1421 5226 Lupo,
1491 5148 1914 5224 fragmentum
1977 5143 2267 5222 Epistolas
2330 5143 2608 5206 Anatolii
2663 5142 3366 5223 Constantinopolitani,
3429 5148 3492 5204 et
3541 5145 3714 5204 Grae—

317 5251 459 5314 cum
519 5256 758 5313 textum
817 5246 1111 5325 Epistolas
1167 5245 1474 5318 Flaviani,
1507 5263 1648 5324 qua:
1683 5243 1844 5322 typis
1901 5241 2072 5302 dedit
2099 5241 2463 5314 Cotelerius,
2498 5258 2571 5300 ac
2626 5241 3133 5303 dissertationem
3187 5241 3448 5304 Joannis
3503 5240 3718 5303 Ciam-

319 5349 450 5430 pini
509 5347 578 5408 de
637 5345 789 5407 vocis
831 5343 1188 5404 correctione
1245 5343 1304 5402 in
1361 5361 1621 5403 sermone
1652 5343 1759 5402 VII
1821 5339 1892 5400 S.
1928 5338 2140 5399 Leonis
2193 5338 2264 5400 de
2318 5337 2649 5400 Nativitale
2698 5337 2961 5400 Domini.
3020 5341 3335 5402 Przeterea
3379 5357 3457 5400 ex
3514 5339 3718 5400 tribus

318 5465 465 5508 mss.
497 5441 852 5506 Barberinis
909 5441 1326 5521 Epistolarum
1385 5440 1719 5508 variantes,
1755 5455 1914 5516 quas
1945 5442 2162 5516 postea
2205 5437 2467 5517 accepit,
2502 5436 2565 5497 in
2597 5437 2763 5499 notis
2818 5439 2917 5499 vel
2946 5438 3013 5499 in
3072 5439 3338 5518 postillis
3396 5455 3716 5500 nonnum-

389 5649 466 5722 (α)
499 5647 738 5720 Graique
761 5646 826 5704 de
854 5647 911 5703 la
937 5643 1383 5716 Bibliothéque...
1417 5659 1522 5715 par
1543 5641 1620 5699 M.
1653 5639 1866 5714 Dupin.
1898 5640 1938 5698 l.
1971 5656 2030 5711 v,
2058 5657 2120 5712 ιι,
2144 5658 2196 5698 c.
2229 5642 2320 5700 16.
