4092 6178
318 323 398 386 29
1133 324 1546 390 ΡΒιΕΡΑΤΙΟ
1593 323 1934 390 GENERAI

2103 327 2151 390 N
2197 324 2406 390 HANC
2451 325 2910 394 EDITIONEM.
3639 325 3717 390 30

320 474 513 539 quam
573 455 888 520 adhibuit.
947 460 1081 521 Non
1135 478 1340 539 pauca
1369 459 1558 521 etiam
1612 460 1675 521 in
1734 460 2274 524 dissertationibus
2330 479 2404 524 ac
2459 461 2624 523 notis
2675 461 2926 542 adjecit,
2984 462 3214 545 quibus
3269 464 3512 546 priores
3572 483 3716 527 suas

317 559 661 620 sententias
691 577 730 619 a
756 561 952 639 Lupo,
984 558 1234 620 Baluzio
1261 559 1524 639 aliisque
1549 561 1910 622 censoribus
1931 567 2330 643 oppugnatas
2352 560 2688 623 defendere
2709 567 2772 622 et
2791 562 3162 625 confirmare
3185 569 3254 625 ut
3278 582 3420 626 cum
3447 565 3716 626 maxime

317 657 491 717 nisus
523 663 642 717 est.

395 755 560 815 XXI.
597 758 886 816 Nostram
936 754 1276 816 editionem
1308 755 1372 815 in
1423 761 1625 818 tomos
1673 762 1798 818 tres
1843 757 2211 837 partiemur.
2265 757 2508 818 Primus
2558 762 2768 819 tomus
2813 758 3134 821 exhibebit
3180 761 3392 822 omnia
3442 761 3720 840 genuina

317 852 543 912 Leonis
599 855 825 933 Opera,
883 853 947 912 id
979 857 1072 913 est
1129 855 1463 914 Sermones
1492 859 1555 914 et
1600 855 1913 934 Epistolas
1969 855 2266 928 sinceras,
2300 855 2364 915 in
2417 855 2645 934 quibus
2703 857 3223 935 recognoscendis
3252 864 3315 919 et
3368 859 3712 920 emendan-

317 947 413 1009 dis
445 951 534 1010 ita
590 951 822 1012 nostris
877 950 1195 1011 codicibus
1252 951 1348 1010 usi
1378 970 1613 1026 sumus,
1657 958 1725 1011 ut
1771 953 2090 1024 Quesnelli
2149 953 2336 1012 etiam
2392 953 2708 1014 variantes
2763 954 3269 1033 expenderimus.
3326 957 3426 1016 Sic
3482 962 3545 1018 et
3601 976 3716 1017 nov

317 1060 456 1113 stra
487 1056 550 1111 et
603 1047 922 1120 Quesnelli
979 1048 1367 1128 exemplaria
1422 1049 1500 1109 ad
1559 1049 1725 1110 hanc
1783 1051 2118 1112 editionem
2172 1051 2626 1129 perﬁciendam
2683 1053 3110 1113 contulerunt.
3169 1053 3596 1128 Preefationes,
3658 1060 3721 1116 et

324 1148 813 1220 admonitiones,
872 1146 983 1206 ubi
1037 1165 1195 1226 opus
1245 1147 1386 1221 fuit,
1444 1149 1888 1227 prsemisimus.
1947 1150 2401 1210 Annotationes
2461 1151 2869 1212 Sermonibus
2927 1169 2998 1212 ac
3051 1151 3349 1230 Epistolis
3423 1151 3719 1230 subjectae

320 1246 834 1312 emendationum
897 1245 1203 1306 rationem
1262 1246 1551 1319 reddent,
1609 1252 1672 1308 et
1720 1247 2036 1309 variantes
2093 1247 2390 1308 lectiones
2445 1253 2578 1308 tum
2639 1255 3022 1322 nostrorum,
3081 1255 3215 1311 tum
3274 1250 3588 1322 Quesnelli
3629 1269 3726 1311 co-

318 1347 532 1407 dicum
590 1349 883 1405 accurate
929 1343 1373 1421 designabunt,
1434 1350 1495 1405 et
1540 1345 1746 1424 ipsum
1806 1345 2120 1425 pontificis
2177 1352 2442 1419 textum,
2505 1346 2614 1406 ubi
2671 1347 2950 1426 indigere
3007 1347 3173 1408 visus
3247 1354 3363 1418 est,
3441 1349 3719 1409 illustra-

316 1445 508 1506 bunt.
541 1445 610 1504 In
667 1442 764 1502 his
794 1436 982 1502 etiam
1043 1442 1250 1503 locum
1310 1442 1634 1504 habebunt
1663 1444 1786 1504 lllEB
1836 1449 1999 1504 notae
2057 1463 2214 1524 quas
2265 1445 2632 1516 Quesnellus
2662 1444 3070 1506 Sermonibus
3119 1446 3216 1507 vel
3245 1447 3541 1526 Epistolis
3570 1445 3724 1527 ipsis

317 1541 705 1623 quandoque
736 1539 1055 1619 apposuit,
1116 1546 1184 1601 ut
1236 1540 1543 1621 quidquid
1598 1541 1767 1602 illius
1807 1547 1900 1602 est
1929 1561 2055 1602 non
2112 1541 2522 1604 desideretur.
2582 1544 2736 1604 Cum
2791 1561 2940 1604 vero
2969 1544 3022 1604 is
3081 1545 3488 1608 Sermonibus
3544 1565 3726 1626 quas-

320 1641 473 1701 dam
524 1639 882 1700 notatioues
929 1644 1039 1698 aut
1069 1639 1353 1718 postillas
1405 1640 1700 1714 afﬁxerit,
1743 1659 1882 1720 quas
1930 1641 2280 1718 longiorem
2329 1641 2819 1721 disputationem
2867 1643 3208 1722 postulant,
3255 1643 3480 1705 harum
3535 1663 3726 1706 causa

318 1743 466 1818 post
520 1737 858 1797 Sermones
915 1735 1171 1796 edemus
1231 1735 1673 1798 Observationes
1735 1744 1979 1798 nostras
2026 1738 2090 1797 in
2148 1738 2437 1817 quaedam
2493 1740 2834 1818 peculiaria
2889 1740 3030 1801 locu
3076 1741 3440 1802 eorumdem
3469 1743 3724 1804 Sermo-

317 1853 518 1907 num;
553 1833 707 1895 etin
740 1833 836 1894 his
866 1833 1116 1895 insertae
1172 1833 1574 1896 invenientur
1629 1841 1994 1896 memoratae
2049 1836 2366 1908 Quesnelli
2409 1837 2764 1898 notationes
2812 1837 2909 1898 vel
2961 1837 3249 1917 postillze,
3312 1839 3472 1900 sicut
3498 1846 3560 1902 et
3589 1841 3724 1902 lau-

317 1934 474 1994 data
522 1930 835 2011 Ciampini
891 1931 1270 2004 dissertatio,
1304 1951 1446 2012 quae
1479 1934 1554 1993 ad
1590 1953 1784 1994 unum
1844 1952 2196 1995 sermonem
2247 1935 2690 1996 illustrandum
2741 1935 3034 2014 pertinet.
3096 1937 3432 1998 Sermones
3478 1938 3725 2013 dubios,

316 2032 418 2092 vel
455 2031 650 2092 Leoni
709 2030 873 2090 male
930 2029 1172 2090 afﬁctos
1231 2031 1458 2109 partim
1519 2031 1738 2105 editos,
1801 2032 2172 2111 plerumque
2232 2037 2442 2094 autem
2501 2032 2769 2093 ineditos
2827 2032 3160 2110 rejecimus
3189 2034 3252 2094 in
3314 2036 3726 2115 appendicem

317 2129 724 2201 Sermonum,
780 2127 846 2187 in
905 2127 1083 2205 cujus
1141 2128 1509 2206 praefatione
1540 2128 1705 2189 inter
1760 2135 1986 2189 caetera
2045 2129 2270 2190 notitia
2323 2130 2584 2192 affertur
2640 2129 2907 2190 aliorum
2941 2130 3313 2193 Sermonum
3345 2135 3544 2214 quiin
3578 2154 3731 2197 non-

320 2226 516 2286 nullis
548 2244 697 2286 mss.
730 2224 1194 2304 exemplaribus
1224 2226 1416 2286 Leoni
1447 2245 1775 2307 perperam
1804 2227 2080 2308 ascripti,
2111 2234 2173 2289 et
2199 2228 2336 2289 aliis
2365 2235 2554 2306 atque
2586 2228 2723 2289 aliis
2753 2228 3116 2290 auctoribus
3146 2229 3210 2289 in
3242 2231 3382 2291 aliis
3411 2233 3730 2294 codicibus

325 2323 642 2396 attributi,
677 2341 816 2383 cum
847 2323 1012 2382 inter
1041 2323 1305 2383 aliorum
1345 2324 1603 2384 Patrum
1652 2326 1857 2404 Opera
1915 2325 2282 2404 prodierint,
2347 2325 2671 2404 repetendi
2720 2344 2846 2387 non
2882 2327 3092 2399 fuere;
3144 2328 3380 2407 quibus"
3421 2335 3630 2391 autem
3661 2331 3727 2392 in

313 2421 492 2482 libris
554 2419 709 2481 editi
766 2421 912 2491 sint,
963 2421 1398 2481 indicavimus.
1461 2422 1686 2482 Leonis
1740 2422 2055 2500 Epistolas
2111 2422 2384 2500 excipiet
2441 2423 2792 2482 dissertatio
2844 2422 2914 2482 de
2940 2423 3199 2503 epistolis
3228 2423 3547 2505 deperdz'tzs
3599 2437 3721 2488 tum

314 2520 382 2580 S.
419 2519 638 2580 Leonis
667 2517 749 2578 ad
771 2517 938 2590 alios,
951 2527 1072 2577 tum
1098 2517 1353 2578 aliorum
1376 2516 1457 2578 ad
1486 2518 1834 2595 S.Leonem,
1856 2539 1926 2579 ac
1952 2518 2021 2579 de
2049 2517 2184 2579 aliis
2212 2527 2599 2580 monumentis
2626 2519 2708 2578 ad
2735 2519 3008 2598 epistolas
3032 2522 3484 2601 pertinentibus,
3516 2524 3716 2604 despa-

311 2620 447 2679 sz'tz's
479 2617 689 2678 ordine
716 2615 1170 2694 chronologz’co;
1235 2616 1343 2676 ubi
1371 2617 1644 2677 Leonina
1707 2618 2060 2695 fragmenta
2119 2636 2260 2696 qua:
2319 2622 2655 2696 supersunt
2707 2617 3081 2678 inserentur.
3141 2619 3452 2698 Sequetur
3500 2621 3724 2682 notitia

316 2716 725 2776 decretorum
805 2733 944 2792 quas
1017 2713 1207 2772 Leoni
1290 2714 1353 2773 in
1430 2713 1783 2775 Pontificali
1859 2715 2018 2776 libro
2099 2715 2485 2775 tribuuntur.
2561 2715 2840 2776 'l‘andem
2923 2716 3238 2795 appendix
3319 2717 3728 2797 epistolaru'n

317 2814 382 2874 S.
423 2813 654 2874 Leonis
686 2811 920 2890 Magni,
957 2810 1200 2890 aliquot
1232 2811 1470 2872 litteras
1517 2813 1964 2892 supposititias,
2005 2813 2254 2892 aliaque
2284 2813 2663 2873 documenta
2693 2812 2772 2872 ad
2799 2812 3114 2892 Epistolas
3146 2814 3526 2894 pertinentia
3559 2836 3729 2878 com-

319 2909 709 2990 prehendet,
745 2928 886 2988 quas
917 2909 1080 2970 inter
1111 2908 1247 2978 eius
1275 2909 1584 2989 Epistolas
1614 2911 1982 2971 collocanda
2014 2929 2138 2971 non
2169 2911 2447 2970 fuerunt.

396 3008 600 3068 XXII.
661 3009 897 3067 Tomus
951 3007 1262 3070 secundus
1319 3006 1642 3068 exhibebit
1700 3008 2112 3088 appendicem
2197 3008 2604 3088 prolixiorum
2680 3009 2954 3087 Operum
3013 3026 3155 3088 qua:
3208 3011 3289 3070 Le
3313 3011 3400 3071 .:ni
3457 3013 3730 3092 ascripta

314 3105 524 3164 fuere.
587 3103 798 3164 Primo
855 3103 1076 3165 edetur
1131 3105 1705 3166 Sacramentarium
1766 3106 2049 3166 omnium
2103 3105 2615 3178 vetustissimum,
2675 3105 3003 3167 Leoninum
3057 3106 3120 3166 in
3179 3107 3450 3186 vulgatis
3505 3110 3728 3190 appel-

316 3203 548 3273 latum,
587 3219 661 3261 eo
720 3200 890 3280 quod
947 3202 1139 3262 Leoni
1199 3200 1532 3262 tribuatur.
1591 3205 1758 3264 Inter
1789 3209 1960 3264 certa
2014 3202 2204 3282 hujus
2260 3203 2572 3282 pontiﬁcis
2631 3205 2836 3282 Opera
2893 3204 3110 3265 referri
3159 3223 3284 3266 non
3320 3206 3548 3285 potuit,
3583 3226 3726 3270 cum

317 3319 438 3360 nec
487 3299 874 3378 omniaquae
925 3297 986 3358 in
1050 3318 1122 3360 eo
1173 3299 1575 3360 continentur
1620 3302 1847 3361 Leonis
1903 3301 2050 3374 sint,
2087 3319 2200 3362 nec
2258 3300 2454 3380 ipsius
2485 3300 2932 3379 compingendi
2989 3306 3208 3362 auctor
3254 3302 3418 3364 idem
3449 3306 3732 3384 pontifex

318 3396 638 3477 appellari
668 3401 836 3456 certo
896 3401 1108 3474 queat.
1145 3401 1224 3457 At
1253 3416 1397 3456 cum
1454 3398 1744 3476 quaedam
1800 3400 2082 3460 Leonina
2135 3400 2198 3460 in
2237 3417 2309 3460 eo
2367 3399 2602 3460 inserta
2657 3400 2972 3478 legantur,
3027 3418 3104 3460 ex
3165 3399 3394 3479 quibus
3425 3403 3618 3464 Leoni
3665 3404 3730 3466 in

317 3494 508 3555 editis
566 3492 997 3571 adjudicatum
1057 3494 1192 3567 fuit,
1253 3495 1458 3554 omitti
1516 3513 1642 3555 non
1701 3495 1918 3556 debuit
1973 3496 2039 3556 in
2083 3497 2432 3576 appendice
2462 3497 2527 3556 in
2561 3515 2686 3576 qua
2741 3496 2985 3558 edenda
3028 3498 3284 3558 fuerunt
3339 3499 3465 3560 alia
3520 3503 3730 3581 Opera

319 3591 519 3652 Leoni
574 3590 836 3666 tributa,
898 3609 1037 3669 quae
1097 3590 1254 3650 nihil
1311 3591 1660 3652 Leoninum
1720 3593 2061 3654 certissime
2120 3594 2465 3654 continent.
2524 3595 2593 3654 Id
2648 3599 2857 3654 autem
2921 3593 3119 3653 multo
3177 3596 3378 3673 magis
3442 3605 3579 3660 erat
3634 3601 3730 3660 fa-

323 3687 644 3759 ciendum,
702 3688 852 3766 quia
925 3688 1296 3759 Quesnellus
1357 3694 1482 3748 tres
1557 3690 1956 3769 praefationes
2030 3691 2222 3752 veluti
2296 3691 2606 3752 Leoninas
2680 3691 2744 3750 in
2813 3691 2982 3750 calce
3058 3692 3434 3752 Sermonum
3509 3696 3726 3769 edidit,

330 3801 601 3862 quarum
654 3783 796 3844 duas
854 3783 918 3844 in
977 3802 1051 3844 ea
1122 3783 1401 3863 eiusdem
1463 3786 1950 3850 Sacramentarii
2006 3795 2185 3868 parte
2243 3809 2383 3870 quae
2443 3792 2728 3867 superest
2783 3787 3207 3861 inveniuntur,
3271 3790 3520 3851 tertiam
3579 3811 3728 3855 vero

323 3880 390 3941 in
452 3899 525 3941 ea
581 3887 758 3960 parte
820 3900 962 3961 quae
1018 3881 1357 3956 intercidit,
1415 3885 1724 3947 exstitisse
1786 3887 2195 3965 probabiliter
2252 3887 2586 3947 credimus.
2639 3886 2930 3948 Secundo
2989 3887 3249 3948 edemus
3321 3887 3481 3950 duos
3536 3889 3732 3952 libros

320 3978 401 4040 de
461 3979 804 4039 Vocatione
863 3978 1145 4039 omnium
1219 3979 1526 4057 gentium,
1605 3981 1898 4060 Capitula
1952 4001 2060 4044 seu
2135 3985 2555 4046 Auctoritates
2614 3985 2691 4046 de
2741 3985 2953 4046 Gratia
3010 3991 3072 4046 et
3127 3986 3350 4047 Libero
3429 3988 3728 4063 Arbitrio,

321 4083 384 4136 et
442 4075 795 4156 Epistolam
877 4075 957 4135 ad
1030 4076 1340 4155 virginem
1413 4079 1901 4153 Demetriadem,
1959 4099 2068 4141 seu
2139 4086 2478 4143 tractatum
2553 4082 2632 4143 de
2688 4083 3094 4158 Humilitate;
3156 4083 3386 4163 quibus
3441 4086 3734 4148 omnibus

322 4174 699 4247 Quesnellus
756 4173 982 4236 Leonis
1051 4193 1281 4235 nomen
1359 4175 1650 4254 prmﬁxit.
1713 4178 1860 4238 Haac
1931 4177 2012 4237 ad
2085 4196 2231 4238 mss.
2308 4178 2550 4240 codices
2631 4180 3132 4258 recognovimus,
3215 4200 3484 4260 quorum
3567 4203 3730 4264 pras-

321 4272 488 4333 sidio
549 4289 693 4332 cum
772 4290 901 4332 non
961 4289 1163 4351 pauca
1219 4273 1713 4346 emendavimus,
1775 4279 1907 4334 tum
1987 4275 2295 4336 nonnulla
2353 4277 2542 4338 etiam
2621 4295 2762 4356 quas
2820 4276 3051 4337 alicubi
3134 4277 3396 4339 deerant
3477 4283 3730 4362 supple-

318 4371 551 4430 vimus.
615 4369 997 4448 Subjicietur
1049 4369 1435 4430 Brevz'arium
1491 4371 1772 4432 adversus
1830 4371 2130 4433 haereticos
2213 4373 2391 4454 (alias
2446 4379 2737 4435 vocatum
2809 4375 3194 4435 Brevz‘arz‘um
3251 4375 3397 4455 ﬁdei
3452 4377 3733 4442 adversus

318 4466 638 4547 Aricinos),
698 4467 868 4547 quod
943 4469 1012 4528 P.
1081 4467 1452 4528 Sirmondus
1531 4467 1664 4529 sine
1723 4469 1996 4531 auctoris
2047 4471 2302 4532 nomine
2359 4470 2594 4532 edidit:
2675 4472 2867 4532 Leoni
2940 4472 3107 4532 enim
3184 4479 3489 4535 assertum
3555 4476 3700 4539 inve

318 4567 537 4627 nimus
592 4565 658 4625 in
716 4565 962 4626 duobus
1019 4566 1306 4645 antiquis
1379 4565 1702 4628 codtcibus
1779 4568 2082 4630 Patavina
2139 4575 2330 4648 atque
2386 4567 2856 4643 Mediolanensi,
2915 4569 3026 4649 qui
3083 4571 3324 4650 aliquot
3397 4575 3731 4637 correctio-

319 4683 434 4725 nes
493 4662 842 4742 praebuere.
903 4665 1030 4724 Cur
1084 4669 1294 4726 autem
1351 4663 1522 4725 hunc
1580 4683 1706 4724 non
1782 4665 1947 4726 inter
2002 4667 2236 4736 Leonis,
2281 4668 2508 4745 Opera,
2564 4665 2671 4726 sed
2726 4665 2891 4727 inter
2949 4668 3347 4748 supposititia
3391 4687 3730 4734 recensue-

317 4760 548 4832 rimus,
580 4778 657 4820 ex
713 4761 1038 4840 praemissa
1067 4761 1494 4823 admonitione
1524 4753 2202 4844 patebititPost‘lemc";
2260 4753 2735 4844 uefqéld‘désit
2788 4764 2956 4843 quod
3008 4765 3378 4837 Quesnellus
3435 4786 3564 4829 sum
3596 4769 3730 4830 edi-

322 4858 490 4918 tioni
547 4857 833 4918 inseruit.
898 4860 964 4919 S.
1024 4858 1247 4918 Hilarii
1301 4857 1679 4920 Arelatensis
1718 4848 1906 4933 'Vita,
1956 4865 2018 4921 et
2074 4843 2372 4938 ejusdem.
2415 4860 2731 4940 Opuscula
2785 4861 3057 4939 (duobus
3112 4881 3226 4942 per
3271 4883 3388 4926 nos
3444 4865 3732 4946 adjectis)

319 4973 468 5014 cum
523 4954 764 5032 aliquot
820 4974 968 5015 mss.
1029 4956 1900 5045 exemplaribuskcollataet
1955 4958 2720 5045 emendata_'prodibunt.-
2774 4959 2884 5045 Hic
2941 4960 3307 5040 appendicis
3335 4961 3502 5023 finis.
3539 4966 3729 5023 Porro

319 5056 392 5112 ut
421 5052 743 5122 Quesnelli
793 5052 1283 5126 lucubrationes,
1345 5043 1880 5134 quemadmodum
1933 5040 2706 5136 spopond'itnns,w'516st'r.‘2
2744 5043 3026 5117 ἐἷάίῑίοηί
3065 5058 3442 5134 inserantur,
3483 5079 3559 5120 ex
3589 5077 3730 5118 sex-

318 5150 526 5210 decim
559 5149 697 5228 ejus
745 5149 1292 5211 dissertationibus
1347 5151 1633 5211 undecim
1683 5151 1803 5212 hoc
1851 5158 2024 5214 tomo
2073 5154 2473 5227 recudentur,
2526 5172 2668 5232 quae
2713 5153 2806 5214 vel
2855 5154 2934 5214 ad
2978 5157 3275 5231 Leonem,
3308 5158 3406 5219 vel
3453 5155 3533 5216 ad
3565 5174 3728 5234 pra:-

321 5248 515 5307 missa
544 5251 752 5327 Opera
783 5247 1135 5327 pertinent;
1198 5253 1439 5308 caeteras
1499 5249 1664 5308 enim
1723 5250 2002 5329 quinque
2058 5257 2459 5312 reservantur
2516 5257 2686 5312 torno
2747 5252 2954 5326 tertio,
2987 5271 3059 5315 eo
3091 5257 3260 5334 quod
3312 5257 3597 5335 spectent
3649 5255 3730 5316 ad

317 5345 615 5406 Codicem
675 5346 1001 5407 Canonum
1035 5352 1097 5407 et
1153 5347 1686 5408 Constitutionum
1741 5350 2100 5428 apostolicae
2151 5350 2336 5422 sedis,
2386 5368 2574 5429 quem
2636 5349 2701 5409 in
2757 5355 2999 5412 tomum
3058 5354 3308 5413 tertium
3371 5351 3728 5431 rejecimus.

319 5441 557 5522 Guique
586 5443 1036 5518 dissertationi,
1095 5463 1236 5504 cum
1280 5444 1666 5524 praacipuum
1696 5445 1912 5506 thema
1941 5465 1977 5506 a
2033 5447 2366 5518 Quesnello
2422 5447 2819 5529 propositum
2878 5450 3286 5510 refellendum
3348 5451 3486 5524 erit,
3523 5453 3725 5534 subji-

319 5539 564 5600 cientur
593 5541 1066 5604 observationes
1101 5563 1241 5623 quae
1274 5543 1729 5603 dissertationis
1773 5545 2071 5606 censoriae
2129 5546 2326 5607 vicem
2384 5551 2627 5624 gerent.
2687 5546 2807 5608 Ubi
2868 5552 3075 5606 autem
3138 5548 3430 5626 quaedam
3480 5557 3728 5612 tantum

321 5636 388 5696 in
443 5639 982 5702 dissertationibus
1036 5641 1410 5721 corrigenda
1468 5647 1576 5702 aut
1650 5642 2080 5706 confirmanda
2146 5648 2351 5717 erunt,
2414 5643 2770 5705 notationes
2825 5642 2890 5702 in
2950 5641 3118 5706 calce
3176 5647 3550 5727 paginarum
3613 5667 3729 5729 ιη)-
