4092 6178
325 299 399 367 31
1136 307 2036 380 PRAZFATIOGENERALIS
2079 315 2170 382 IN.
2206 316 2416 384 ΗΑΝο
2458 320 2920 424 EDITIONEM.
3641 339 3742 400 32-

328 443 638 525 ponendm
663 443 1003 550 sufﬁcient.
1041 442 1111 550 Id
1138 446 1516 550 Apraesertim
1571 449 1806 512 servari
1861 450 2081 515 debuit
2135 457 2352 535 quoad
2403 459 2672 538 primam
2730 462 3251 544 dissertationem,
3286 488 3426 550 qua
3459 471 3524 535 S.
3558 474 3715 536 Leo-

326 543 424 604 nis
450 541 1013 615 Vitamdescribit;
1047 540 1156 602 ubi
1210 544 1327 604 etsi
1385 565 1509 606 non
1569 566 1770 627 pauca
1825 551 2214 631 castiganda,
2273 558 2579 618 nonnulla
2634 559 2822 623 etiam
2880 540 3247 645 adjicienda.
3281 540 3487 645 erunt,
3524 571 3708 652 plura

325 646 536 704 tamen
576 640 724 700 satis
781 644 1092 700 constant.
1157 641 1334 702 Hunc
1394 649 1632 704 tomum
1691 647 2069 711 concludant
2127 652 2407 730 ejusdem
2467 657 2782 728 Quesnelli
2834 640 3302 727 observationes
3359 674 3422 729 et
3452 640 3618 732 notae
3651 672 3710 731 in

319 741 539 802 Leonis
568 738 900 818 Epistolas,
933 748 1090 818 Quas
1119 739 1210 799 nti
1261 741 1628 819 prolixiores
1658 744 1790 823 ipse
1821 765 2070 826 quoque
2102 757 2242 828 post
2273 753 2740 817 dissertationes
2769 760 3048 840 vulgavit
3074 781 3086 836 ;
3123 783 3373 846 easque,
3415 768 3520 829 ubi
3552 788 3713 850 opus

319 839 458 909 erit,
491 838 630 898 aliis
659 837 888 898 nostris
919 838 1432 898 annotationibus
1460 840 1751 902 distincte
1785 847 2122 924 propositis
2151 850 2648 914 emendabimus.

390 937 598 997 XXIII.
626 935 836 997 Tertio
893 942 1065 996 tomo
1119 935 1455 1015 separatim
1517 939 1758 1000 edendo
1791 946 1853 1002 et
1881 943 1960 1002 ad
2009 943 2246 1023 justam
2284 950 2512 1010 molem
2567 954 3024 1034 compingendo
3081 961 3475 1024 occasionem
3536 965 3710 1028 dedit

308 1033 730 1095 vetustissima
802 1033 1098 1094 Collectio
1176 1033 1501 1095 Canonum
1559 1042 1621 1096 et
1676 1038 2203 1104 Constitutionum
2280 1048 2643 1125 apostolicae
2698 1033 2882 1125 sedis,
2947 1074 3136 1134 quam
3197 1059 3312 1119 sub
3373 1061 3707 1125 arbitrario

306 1135 368 1192 et-
399 1129 555 1194 falso
587 1131 767 1227 titulo
826 1129 1058 1192 Codicis
1122 1131 1425 1193 Canonum
1457 1143 1514 1192 et
1575 1134 2073 1199 Constitutiomcm
2128 1142 2408 1203 Romanae
2464 1145 2750 1208 Ecclesia:
2807 1129 3176 1222 Quesnellus
3234 1156 3295 1216 in
3329 1157 3532 1220 lucem
3567 1180 3707 1240 pro-

305 1230 506 1290 duxit:
539 1213 720 1290 initio
775 1228 930 1290 tomi
986 1229 1266 1290 secundi.
1324 1231 1470 1290 Haec
1527 1230 1606 1291 ab
1657 1231 1880 1293 eodem
1937 1253 2013 1295 ex
2065 1255 2180 1298 ms.
2241 1242 2580 1303 Oxoniensi
2639 1246 2799 1307 libro
2833 1251 3165 1312 recentiori
3225 1259 3286 1314 et
3316 1256 3498 1318 valde
3529 1213 3702 1320 nien—

306 1329 459 1390 doso
516 1327 772 1406 vulgata
828 1326 989 1386 fuit:
1045 1326 1347 1387 Thuaneo
1381 1328 1548 1388 enim
1607 1329 1946 1409 antiquiori
1976 1337 2038 1392 et
2082 1335 2346 1413 optimae.
2394 1346 2558 1400 notae
2616 1346 2985 1424 exemplari,
3051 1349 3217 1427 quod
3274 1352 3472 1414 serius
3505 1357 3698 1430 novit,

307 1427 621 1488 modicum
655 1443 768 1486 nec
797 1424 948 1485 satis
976 1430 1120 1503 apte
1150 1443 1298 1485 usus
1329 1432 1442 1486 est.
1504 1427 1624 1486 Nos
1683 1429 1879 1488 multo
1937 1430 2121 1510 plura
2149 1452 2225 1493 ex
2276 1435 2395 1496 hoc
2453 1439 2663 1500 codice
2721 1442 2972 1505 aliunde
3035 1424 3412 1527 accepimus.
3475 1455 3702 1515 Acces-

301 1529 532 1586 serunt.
573 1527 782 1584 autem
839 1521 1305 1600 quamplurima
1360 1541 1437 1583 ex
1495 1523 1618 1583 alio
1650 1524 1954 1587 hactenus
2007 1528 2248 1607 ignoto,
2310 1540 2375 1592 at
2431 1542 2788 1613 pcrvetusto
2848 1521 3242 1605 bibliothecae
3293 1550 3696 1612 Caesareaeli-

297 1621 411 1682 bro
467 1619 749 1698 ejusdem
799 1618 1222 1691 collectionis;
1284 1624 1345 1678 et
1376 1618 1471 1680 his
1500 1620 1791 1682 subsidiis
1849 1627 2166 1702 permulta
2226 1631 2454 1691 menda
2511 1635 2845 1715 corrigere,
2907 1646 2968 1700 et
2994 1641 3196 1720 ipsam
3257 1646 3695 1711 collectionem

296 1718 540 1780 meliori
594 1735 668 1778 ac
717 1715 1105 1796 primigeniis
1154 1717 1390 1777 formae
1433 1719 1760 1780 restituere
1819 1723 2161 1800 potuimus.
2225 1727 2375 1787 Cum
2441 1749 2607 1803 vero,
2675 1739 2741 1794 ut
2772 1735 2915 1796 huic
2972 1739 3326 1804 collectioni
3357 1763 3463 1806 seu
3495 1750 3692 1810 corri-

292 1817 511 1898 gendae
541 1833 652 1877 seu
680 1814 1068 1875 illustrandae
1107 1833 1182 1874 ex
1223 1814 1361 1875 aliis
1417 1834 1668 1896 quoque
1717 1818 2188 1882 collectionibus
2242 1824 2480 1904 aliquid
2543 1828 2891 1908 adjumenti
2949 1845 3309 1915 quaerentes
3368 1844 3582 1905 Romae
3634 1852 3696 1907 et

291 1914 440 1975 alibi
511 1911 993 1992 expenderimus
1067 1917 1380 1991 quotquot
1458 1913 1974 1978 invenire'licuit
2049 1924 2478 2003 manuscripts
2535 1928 2803 1990 aliarum
2880 1911 3160 1995 veterum
3249 1939 3688 2004 collectionum

288 2010 698 2091 exemplaria,
728 2009 789 2069 in
853 2009 1082 2088 quibus
1134 2008 1350 2070 omnia
1398 2009 1497 2070 vel
1529 2011 1654 2072 fere
1712 2014 1927 2075 omnia
1981 2016 2253 2079 laudatae
2314 2022 2702 2087 collectiouis
2757 2029 3162 2108 documenta,
3223 2034 3372 2097 licet
3426 2041 3687 2119 sparsim

284 2105 546 2182 inserta,
583 2106 881 2186 reperire
911 2111 973 2167 et
1026 2123 1470 2185 recognoscere
1504 2127 1627 2168 non
1683 2109 1990 2172 inutiliter
2038 2117 2320 2196 contigit,
2361 2122 2549 2182 aliam
2582 2143 2657 2185 ex
2687 2123 2805 2188 hoc
2865 2130 3070 2192 studio
3123 2105 3322 2195 multo
3352 2177 3356 2184 .
3382 2105 3690 2216 praestan-

286 2208 511 2270 tiorem
535 2205 876 2268 utilitatem
937 2203 1325 2283 collegimus.
1387 2207 1566 2266 Nacti
1614 2207 1779 2268 enim
1838 2229 2053 2273 sumus
2107 2214 2170 2274 in
2229 2216 2327 2276 his
2383 2220 2702 2283 codicibus
2759 2244 2886 2286 non
2940 2247 3140 2307 pauca
3200 2203 3540 2308 rarissima,
3591 2238 3688 2298 vel

284 2307 476 2368 etiam
533 2301 790 2367 omnino
847 2303 1068 2381 ignota
1124 2303 1543 2382 antiquissimi
1598 2307 1885 2368 canonici
1927 2309 2093 2387 juris
2151 2325 2582 2392 monumenta,
2616 2340 2777 2400 quae
2815 2301 2959 2403 post
3015 2336 3426 2392 memoratam
3483 2334 3686 2397 Colle-

282 2405 557 2467 ctionem
611 2402 710 2464 vel
766 2400 1204 2463 emendatiora.
1255 2401 1556 2480 proferre,
1600 2403 1698 2462 vel
1759 2405 2032 2483 primum
2089 2409 2273 2472 edere
2329 2420 2576 2490 gratum
2638 2424 2700 2479 et
2731 2400 2881 2482 utile
2940 2423 3221 2485 futurum
3272 2428 3680 2494 arbitramur.

281 2505 436 2566 Haac.
456 2505 693 2583 quaeet
748 2500 926 2580 cujus
981 2518 1131 2560 usus
1187 2504 1377 2578 atque
1407 2502 1788 2580 praestantiae
1845 2504 1992 2579 sint,
2054 2508 2246 2568 exiis.
2292 2510 2665 2592 intelligitur
2710 2536 2851 2596 quae
2881 2519 3170 2582 dicentur
3198 2524 3260 2584 in
3315 2528 3683 2605 praefatione

278 2601 363 2662 ad
390 2606 633 2663 tomum
681 2599 958 2660 tertium.
1012 2601 1143 2657 Hoc
1190 2616 1332 2658 vero
1391 2598 1676 2675 diligenti
1728 2603 2198 2680 quamplurium
2260 2612 2833 2692 manuscriptarum
2891 2619 3329 2684 collectionum
3395 2627 3682 2690 examine

277 2697 514 2759 factum
562 2701 678 2768 est,
727 2700 798 2754 ut
854 2711 979 2754 non
1040 2693 1241 2754 solum
1303 2693 1545 2772 aliquot
1603 2694 1852 2773 ignotas
1883 2704 1946 2758 et
2001 2699 2270 2762 ineditas
2327 2706 2739 2771 Collectiones
2797 2713 3123 2777 Canonum
3182 2719 3677 2800 deprehenderi-

277 2813 442 2870 mus,
475 2794 581 2856 sed
615 2793 824 2873 plures
853 2791 1045 2852 etiam
1078 2789 1333 2851 notitias
1371 2791 1539 2852 nacti
1595 2793 1790 2854 simus
1842 2796 2008 2857 circa
2064 2798 2463 2863 collectiones
2518 2805 2826 2885 vulgatae,
2891 2830 3034 2890 quae
3083 2789 3456 2878 novissimos
3512 2840 3673 2900 quo-

277 2911 399 2973 que
452 2898 516 2955 et
571 2889 1022 2952 eruditissimos
1078 2887 1302 2948 harum
1357 2907 1565 2950 rerum
1619 2891 1953 2971 scriptores
2021 2895 2366 2973 latuerunt,
2442 2902 2796 2985 quibusque
2874 2887 3120 2991 antiqui
3177 2912 3329 2992 juris
3385 2887 3671 2981 cano‘nici

271 2990 536 3052 historia
588 2986 890 3050 illustrari
927 2986 1204 3048 maxime
1262 2991 1486 3066 potest.
1547 2989 1704 3050 Hinc
1761 2995 2094 3053 tractatum
2146 2995 2216 3056 de
2265 2998 2530 3079 antiquis
2585 3010 2705 3063 tum
2759 3003 2955 3081 editis,
3020 2986 3142 3070 iam
3177 2986 3437 3075 'inedilis
3472 3015 3667 3078 rolle-

272 3089 564 3162 ctitmibus
615 3095 670 3148 et
745 3083 1152 3147 collectos-ibus
1228 3082 1536 3145 Canonum
1591 3086 1674 3147 ad
1729 3086 2082 3151 Gratianum
2139 3112 2320 3174 usque
2381 3097 2839 3168 Quesnellianae
2913 3105 3266 3169 collectioni
3326 3113 3669 3190 praemitte-

271 3206 434 3261 mus,
488 3204 613 3266 quo
671 3184 807 3246 haec
855 3182 1070 3244 omnia
1121 3183 1258 3243 fuse
1313 3183 1817 3262 explicabuntur.
1871 3186 2149 3248 Tandem
2228 3198 2368 3270 post
2432 3195 2638 3273 prisca
2713 3199 3090 3264 documenta
3141 3182 3410 3271 edentur
3481 3211 3667 3289 quiu-

269 3303 392 3364 que
438 3283 906 3354 dissertationes
961 3279 1300 3353 Quesnelli,
1356 3298 1534 3359 quas,
1569 3300 1708 3342 cum
1742 3283 1821 3344 ad
1863 3285 2308 3349 Collectionem
2339 3291 2664 3354 Canonum
2700 3297 2786 3357 ab
2811 3317 2886 3360 eo
2933 3303 3250 3381 vulgatam
3285 3279 3665 3384 pertineant,

267 3383 396 3445 huc
421 3380 1020 3444 reservavimusnec
1051 3396 1179 3438 non
1209 3377 1678 3441 observationes
1710 3387 1960 3455 nostras,
1994 3401 2136 3462 quas
2189 3387 2420 3449 eisdem
2472 3392 2896 3473 confutandis,
2932 3399 3040 3460 ubi
3086 3419 3415 3481 perperam
3447 3407 3662 3479 sensit,

265 3498 342 3542 ex
369 3484 662 3559 suscepto
693 3476 954 3538 consilio
982 3476 1345 3537 necessariae
1377 3476 1784 3539 videbuntur.

338 3579 560 3640 XXIV.
621 3575 990 3637 Distinctam
1075 3573 1464 3652 singularum
1520 3575 1867 3636 editionum
1928 3579 2238 3654 notitiam,
2326 3603 2467 3663 quas
2528 3587 2590 3647 in
2651 3593 2929 3668 generali
2986 3597 3356 3673 praefatione
3415 3592 3666 3680 aequum

261 3674 490 3738 locum.
525 3674 868 3745 habuisset,
929 3672 1287 3734 omisimus:
1353 3672 1488 3734 haec
1543 3673 1709 3734 enim
1769 3675 2105 3736 exhibetur
2160 3679 2224 3738 in
2283 3684 2652 3760 praefatione
2713 3672 3048 3767 Quesnelli,
3101 3714 3315 3774 quam,
3375 3717 3456 3758 ne
3515 3699 3664 3778 quid

264 3772 720 3845 Quesneltianae
772 3769 1062 3831 editionis
1119 3788 1196 3830 ex
1252 3769 1522 3831 instituti
1581 3771 1776 3832 nostri
1828 3773 2071 3835 ratione
2127 3777 2532 3855 desideretur,
2591 3785 2820 3848 additis
2876 3769 3665 3868 paucis-annotationibus

265 3889 412 3931 mox
466 3869 859 3947 subjicimus.
903 3867 1063 3928 Illud
1092 3867 1208 3926 sub
1239 3867 1426 3928 finem
1488 3886 1837 3943 monemus,
1899 3872 2069 3950 quod
2125 3892 2269 3936 cum
2302 3880 2517 3940 Romae
2548 3887 2609 3941 et
2637 3883 2789 3944 alibi
2844 3867 3268 3951 studiosorum
3326 3891 3658 3955 hominum

261 3967 550 4048 querelas
595 3965 978 4027 aud-ierimus
1032 3963 1108 4024 de
1165 3963 1484 4024 hodiernis
1541 3965 1942 4042 editionibus,
2005 3989 2147 4060 qua;
2205 3973 2356 4036 folio
2407 3996 2638 4057 magno
2681 3982 2757 4042 ad
2815 3985 3345 4063 magniﬁcentiam
3403 3990 3664 4071 impres-

261 4063 689 4127 szetractandi
732 4081 806 4123 ac
856 4061 1107 4140 legendi
1163 4061 1325 4135 usui,
1386 4063 1732 4170 praesertim
1791 4071 2100 4130 nocturno
2156 4075 2465 4153 tempore,
2515 4077 2800 4143 difficiles
2855 4061 3022 4158 sunt,
3066 4085 3197 4147 folii
3256 4088 3457 4168 parvi,
3491 4061 3659 4170 quod

259 4159 824 4236 commodeevolvi
854 4159 1082 4239 aclegi
1104 4160 1320 4240 possit,
1354 4162 1622 4222 formam
1654 4163 2009 4243 eligendam
2042 4171 2427 4248 putavimus.

257 4325 2702 4361 Μ

2707 4345 3660 4376 ῃ

1551 4440 1646 4523 Ρ.
1709 4439 2365 4552 QUESNELLI

628 4639 885 4792 PR
925 4638 1116 4792 fE

1669 4501 3285 4855 ξέεέεέξεβξῌεωίκωδ

971 4893 1048 4953 IN
1091 4889 2926 4999 SUAM,.EQLTIPF§¥,.9PERHM.§-.PE0}Y1$.MAGNI-

1256 4991 1273 5009 .
1314 4977 1388 4994 ’ν’
1439 4977 1458 4993 .
1495 4977 1514 4993 ο
1559 4977 1577 5010 ὅ
1623 4977 1746 5012 ;.-.
1782 4977 1864 5001 .-ο
1965 4977 1983 4985 ν
2038 4977 2397 5009 .-.συ-...ο
2477 4980 2533 4998 ιν
2591 4985 2637 5002 ιι,

1304 5004 1321 5021 ο
1382 5004 1446 5026 ,ο
1508 5006 1526 5024 ο
1740 5010 1758 5029 ⁸
1845 5012 1863 5030 ο
1976 5004 2044 5021 οι
2105 5003 2122 5019 ο
2178 5007 2235 5021 υ.
2291 5011 2404 5026 ..υ
2465 5019 2476 5028 ι
2519 5009 2568 5027 »³

1255 5021 1319 5055 ο.
1382 5037 1446 5061 ,⁸
1507 5023 1641 5059 ..οι
1733 5025 2355 5070 τ-εο--υν--ιι-υυξδι.
2404 5049 2462 5061 ,κ
2512 5039 2556 5058 θ·

1255 5051 1387 5098 δὀο
1439 5067 1516 5098 ⁸-⁸
1558 5054 1578 5098 ξ
1621 5054 1743 5098 2⁸..
1781 5077 1863 5098 .-ο
2000 5063 2036 5098 ,"
2103 5061 2120 5098 9
2175 5063 2254 5097 ’⁵ο
2289 5070 2305 5086 "
2338 5069 2356 5086 ’⁸
2411 5073 2452 5091 ⁸*
2511 5075 2560 5092 δ·
2620 5077 2637 5091 ⁸⁷

316 5109 362 5161 I.
395 5106 619 5164 Sanctae
679 5103 942 5164 Ecclesiae
992 5079 1287 5162 catholicae
1918 5113 1974 5178 Α
2000 5079 2190 5170 senda;
2211 5079 2317 5186 é'sé,
2487 5079 2637 5176 ineo
2656 5121 2911 5193 ponitur,
2943 5128 3008 5182 ut
3035 5127 3308 5199 geminus
3339 5127 3438 5186 ille
3455 5129 3653 5188 catho-

245 5191 475 5253 Christo.
503 5193 759 5268 positum
782 5211 966 5250 unum
988 5199 1095 5261 est,
1121 5195 1266 5250 fides
1296 5193 1510 5293 divina:
1540 5195 1695 5293 Fidei
1717 5214 1888 5268 porro
1998 5199 2119 5256 licae
2143 5202 2274 5259 ﬁdei
2289 5205 2485 5263 alveus
2506 5209 2578 5264 ab
2595 5191 2910 5268 adventitia
2933 5191 3179 5293 collvuvie
3192 5218 3396 5290 purior
3422 5236 3657 5293 semper

244 5283 375 5340 fons
399 5284 626 5350 unicus,
650 5284 892 5341 verbum
913 5282 1033 5352 Dei,
1060 5300 1162 5338 seu
1192 5282 1336 5337 illud
1360 5283 1511 5355 quod
1537 5285 1719 5339 sacris
1742 5286 1892 5340 littc-
2000 5291 2233 5348 evadat:
2256 5312 2346 5359 ne,
2375 5296 2518 5353 vivis
2538 5297 2654 5354 illis
2677 5316 2742 5356 ac
2766 5291 3101 5361 coelestibus
3135 5306 3396 5363 veritatis
3441 5308 3652 5366 divina:

242 5370 324 5429 ris
354 5390 692 5445 eXpressum
724 5373 958 5446 legitur,
984 5389 1086 5428 seu
1119 5371 1584 5444 quod'apostolis
1612 5373 1736 5429 viva
1756 5391 1892 5432 voce
2000 5379 2170 5450 aquis
2197 5384 2637 5455 peregrinarum
2662 5389 3056 5448 doctrinarum
3077 5393 3198 5451 luto
3220 5396 3495 5463 turbatis,
3520 5396 3651 5453 inti-

242 5461 527 5520 credi-tum
548 5479 649 5536 per
669 5467 1004 5518 sanctorum
1029 5461 1264 5515 Patrum
1288 5459 1662 5517 traditionem
1688 5464 1759 5518 ad
1785 5482 1889 5520 nos
2003 5466 2229 5524 ciantur
2258 5473 2451 5543 potius
2503 5491 2679 5546 quam
2733 5479 3068 5538 reﬁciantur
3112 5483 3370 5541 fidelium
3403 5490 3650 5546 mentes.

240 5559 428 5624 usque
438 5550 854 5609 transmissum
868 5547 1608 5620 accepimus.Quamobrem
1625 5551 1891 5609 hiclabor
2069 5559 2450 5619 Secernendis
2467 5564 2849 5640 eluendisque
2872 5572 3099 5628 mendis
3120 5574 3336 5645 quibus
3353 5589 3529 5631 sacrae
3553 5593 3652 5649 pa-

240 5641 364 5701 haac
386 5653 562 5714 opera
582 5639 819 5700 homine
839 5638 1230 5698 ecclesiastico
1253 5638 1431 5712 digna
1447 5639 1505 5695 in
1529 5640 1736 5712 primis
1753 5659 1886 5700 cen-
1998 5645 2148 5717 ginae
2171 5665 2272 5705 seu
2298 5638 3104 5729 temporumignorantia,seu
3122 5638 3650 5722 malitiahmretico-
