4092 6178
273 334 352 396 41

1044 332 1117 399 Ρ.
1160 334 1600 408 QUESNELLI
1647 338 2063 403 PRJEFATIO
2106 340 2186 402 ΙΝ
2232 341 2448 404 SUAM
2492 342 2951 405 EDlTIONEM.

3614 350 3697 409 42

286 466 424 523 dem
452 462 716 534 Mor-cllo,
749 464 1130 523 doctissimus
1160 467 1433 526 Petavius
1464 470 1524 526 in
1546 486 1654 526 sua
1682 469 1946 527 omnium
1973 475 2031 538 Α
2062 472 2254 528 Leonis
2283 472 2518 530 codicem
2530 473 2675 528 hunc
2703 476 3030 546 antiquitate
3055 475 3424 534 venerabilem
3443 477 3514 534 ad
3542 481 3591 534 te
3609 479 3697 537 do.

269 553 502 626 Synesii
534 553 795 628 Operum
825 553 1078 612 editione
1107 557 1250 613 anni
1281 558 1441 626 1612,
1484 559 1656 615 annis
1689 560 1822 616 1631
1885 564 1943 616 et

272 644 420 706 16Δο
446 644 717 717 repetita.
754 645 1027 702 Servatur
1053 646 1230 702 modo
1264 647 1445 703 codex
1486 647 1597 704 iste
1626 648 1687 704 in
1746 649 1944 705 Orato-

270 733 450 791 riana
477 735 687 790 eadem
721 732 1196 791 Sammichaelini
1229 735 1500 792 suburbii
1532 735 1902 794 bibliotheca.

270 830 276 833 “
341 822 608 879 Vcnctiis
630 822 812 896 igitur
830 816 1168 897 asportatus
1190 825 1249 879 in
1268 823 1491 882 Gallias
1513 831 1746 881 nostras
1763 828 1942 883 codex

268 911 676 986 Epistolarum
696 913 753 970 S.
770 912 1006 979 Leonis,
1025 914 1125 985 qui
1142 912 1287 985 olim
1308 914 1495 970 fuerat
1515 914 1762 971 celebris
1780 915 1938 973 illius

267 1001 561 1057 Dominici
590 998 856 1058 Grimani
877 1001 1193 1058 cardinalis
1214 1020 1235 1055 :
1264 1002 1349 1058 ita
1376 1003 1534 1058 enim
1559 1003 1818 1060 codicem
1842 1022 1940 1061 no-

265 1094 464 1146 tatum
490 1106 653 1147 num.
688 1090 831 1147 1124
859 1090 1115 1164 propria,
1139 1094 1206 1147 ut
1243 1090 1494 1163 videtur,
1527 1109 1710 1151 manu
1736 1094 1939 1151 inscri-

271 1183 478 1253 pserat
506 1196 519 1236 :
536 1179 707 1236 Liber
720 1178 1002 1236 Domum
1023 1180 1274 1237 Garmm
1291 1197 1625 1238 mammas
1640 1186 1695 1238 S.
1722 1182 1932 1240 MARCI.

274 1270 339 1325 Is
367 1268 476 1325 fuit
502 1268 736 1325 Antonii
749 1269 1125 1327 Venetiarum
1145 1270 1313 1327 ducis
1331 1269 1508 1339 ﬁlius,
1531 1271 1823 1343 Sabellici,
1842 1272 1937 1329 Ni-

267 1355 672 1429 phi,qErasmi,
700 1355 821 1413 Pici
850 1357 1218 1424 Mirandula,
1270 1357 1641 1432 aliorumque
1690 1360 1932 1434 scriptis

261 1444 787 1514 celebratissimus,
820 1447 1132 1520 episcopus
1153 1447 1495 1504 Portucnsis
1517 1453 1575 1505 et
1596 1448 1933 1523 patriarcha

256 1533 683 1607 Aquileiensis,
696 1534 787 1591 vir
806 1534 1290 1609 inculpatissimm
1302 1536 1453 1607 vitis,
1470 1555 1616 1596 rarae
1629 1538 1688 1594 in
1705 1544 1929 1613 patrem

263 1623 525 1696 pietatis,
551 1625 820 1681 omnium
854 1624 1234 1681 scientiarum
1267 1625 1693 1699 peritissimus;
1719 1628 1819 1701 qui
1848 1629 1930 1685 in-

259 1714 724 1771 structissimam
738 1714 881 1770 8000
896 1713 1267 1771 voluminum
1282 1714 1719 1786 bibliothecam,
1740 1716 1925 1773 omni-

249 1803 439 1876 jugis,
452 1805 517 1860 ut
533 1803 604 1877 de
624 1802 966 1877 ealoquitur
982 1803 1285 1871 Erasmus,
1306 1804 1571 1862 omnium
1588 1805 1921 1880 linguarum
1943 1864 1947 1869 ,

262 1890 438 1949 libris
467 1892 741 1950 refertam
770 1892 1030 1967 reliquit,
1061 1909 1243 1967 quam
1276 1895 1473 1951 nescio
1526 1911 1600 1951 an
1653 1896 1922 1953 eamdem

260 1980 427 2038 illam
459 1996 588 2039 esse
614 1985 772 2039 recte
800 1981 1146 2039 crediderim
1170 1981 1610 2050 bibliothecam,
1645 2001 1823 2058 quam
1858 1987 1922 2041 in

255 2071 501 2129 coenobio
532 2071 599 2129 Β.
629 2070 859 2128 Antonii
888 2066 1233 2131 Venetiarum
1262 2072 1405 2129 idem
1432 2073 1752 2130 Dominicus
1797 2073 1921 2131 Gri-

254 2177 458 2217 manus
472 2160 782 2217 cardinalis
805 2162 1098 2241 exstruxit,
1122 2164 1498 2234 instruxitque
1516 2148 1925 2220 marmoreissi-

256 2241 472 2322 gnis'ac
530 2247 691 2329 libris
739 2251 1187 2323 exquisitissimis
1234 2251 1472 2324 publica
1527 2252 1919 2324 commoditati,

260 2340 741 2411 Sumptuvmaximo
751 2356 772 2394 :
786 2338 941 2412 quod
956 2337 1040 2395 ita
1048 2342 1298 2395 testatur
1307 2339 1563 2397 Joannes
1575 2341 1919 2398 Dominicus

260 2428 547 2499 Trajanus
574 2426 636 2482 in
666 2426 1007 2500 praefatione
1048 2427 1301 2500 Operum
1331 2426 1631 2485 Guillelmi
1685 2428 1918 2485 Alverni

251 2515 520 2589 episcopi
572 2514 893 2585 Pariensis,
955 2532 1205 2589 quorum
1267 2515 1583 2573 editionem
1656 2516 1919 2575 Venetiis

249 2605 593 2680 procuravit
611 2621 707 2660 an.
738 2603 904 2674 4591,
935 2621 1043 2678 ope
1072 2604 1369 2687 imprimis
1392 2604 1712 2663 Grimanici
1736 2605 1919 2679 hujus

249 2693 623 2751 bibliotheca
636 2691 871 2750 codicis.
894 2692 1083 2749 Exhis
1105 2692 1273 2749 libris
1298 2695 1737 2768 manuscriptus
1762 2713 1918 2753 unus

247 2783 392 2850 fuit,
412 2799 588 2856 quem
604 2782 939 2850 laudamus,
962 2798 1256 2859 quemque
1276 2788 1340 2838 ut
1355 2784 1578 2840 eximias
1601 2788 1750 2840 nota:
1767 2784 1919 2841 codi-

252 2888 389 2929 cem
419 2871 703 2928 cardinali
732 2871 1023 2928 obtulerat
1051 2872 1298 2945 quidam
1323 2872 1615 2930 Antonius
1633 2872 1917 2930 Bellonus

250 2959 557 3017 Utinensis
584 2957 843 3016 Tabellio
874 2959 971 3032 (a),
1006 2960 1163 3032 quod
1210 2961 1477 3033 ejusdem
1535 2960 1782 3034 epistola
1810 2978 1915 3019 seu

250 3047 602 3105 Donationis
629 3046 863 3104 libellus
891 3048 1079 3105 codici
1129 3050 1398 3122 prmﬁxus
1428 3053 1697 3107 testatur.
1748 3052 1915 3107 Hunc

251 3135 676 3206 describimus,
698 3136 949 3210 posteris
979 3136 1202 3195 scilicet
1219 3137 1692 3210 significaturum
1709 3155 1778 3195 ex
1799 3154 1914 3212 quo

248 3226 520 3300 primum
545 3224 724 3295 ionte,
748 3242 930 3303 quem
947 3226 1185 3300 quidem
1210 3226 1564 3299 noverimus,
1592 3210 1914 3301 prodierint
1941 3210 1986 3286 Ε

250 3320 346 3372 tot
370 3315 620 3389 egregiae
649 3315 822 3372 Leoni
852 3314 1048 3391 Magni
1080 3314 1361 3390 epistolae.

252 3438 724 3497 Ra'erendissimo
777 3441 913 3496 D.D.
970 3441 1251 3497 Dominico
1318 3440 1576 3498 Grimano
1637 3442 1917 3499 cardinali

325 3510 711 3639 ἓωὲετίῡπανει
737 3511 1002 3570 Antonius
1032 3512 1290 3569 Bellonus
1351 3514 1623 3570 Utinensis
1680 3514 1914 3570 Tabellio

341 3697 530 3755 Audio
560 3703 613 3754 te
645 3699 884 3756 l’enetiis
905 3700 1118 3771 erigere
1147 3699 1551 3766 bibliothecam,
1605 3701 1918 3772 pulcherri-

259 3804 424 3844 mum
450 3786 721 3843 Grimanae
749 3788 968 3844 virtutis
996 3792 1158 3860 atque
1185 3791 1578 3862 muniﬁcentia
1604 3791 1916 3847 monimen-

254 3881 409 3943 tum,
442 3884 495 3932 et
507 3879 746 3933 maxime
768 3877 961 3935 lwtor:
985 3878 1120 3950 ipsa:
1138 3879 1289 3933 enim
1314 3882 1461 3934 artes
1484 3878 1756 3948 liberales,
1775 3878 1920 3936 unde

254 3967 447 4023 clarus
473 3966 659 4036 Itonos,
692 3967 937 4022 celentur
963 3967 1025 4021 in
1057 3983 1217 4022 omne
1244 3975 1476 4039 tempus.
1536 3968 1813 4024 Debebunt
1868 3976 1922 4025 et

252 4058 366 4111 tibi
384 4056 701 4127 plurimum
733 4053 983 4124 studiosi,
1015 4057 1111 4127 qui
1133 4063 1376 4128 posteros
1398 4072 1582 4112 omnes
1617 4058 1918 4114 multorum

250 4147 636 4219 partipatione
692 4144 1033 4210 voluminum
1085 4146 1396 4216 quaesiveris
1441 4148 1568 4218 ﬁeri
1622 4149 1915 4220 sapientes.

257 4237 374 4291 Nec
401 4236 647 4290 mirum:
678 4235 875 4305 quippe
903 4233 1004 4289 ille
1031 4250 1108 4301 es,
1145 4234 1203 4289 in
1233 4251 1335 4305 quo
1360 4236 1631 4307 sapientia
1670 4253 1793 4293 cum
1849 4237 1919 4292 li-

263 4323 573 4391 beralitate,
601 4322 917 4379 liberalitas
936 4339 1061 4378 cum
1087 4325 1361 4394 sapientia
1375 4324 1440 4380 de
1463 4327 1783 4398 principatu
1801 4342 1925 4382 conp

270 4411 523 4469 tendunt.
558 4413 621 4470 Ut
650 4416 832 4469 autem
862 4413 977 4485 ipsc
1003 4411 1502 4486 quantulocumque
1533 4430 1749 4486 possum
1800 4432 1922 4472 mu-

2060 562 2287 629 Videbis,
2318 571 2371 619 et
2396 565 2446 617 si
2470 562 2666 634 dignus
2696 563 2837 618 visus
2867 565 3053 635 fuerit,
3086 564 3302 621 delectis
3330 567 3556 623 inseres.
3591 567 3701 623 Cte-

2047 651 2228 706 terum
2255 667 2427 722 spero,
2461 652 2512 706 si
2540 652 2740 706 virtuti
2764 654 2986 722 fortuna
3005 669 3059 708 se
3086 654 3425 711 substribere
3477 656 3704 728 dignata

2046 741 2240 811 fuerit,
2272 744 2323 795 te
2345 739 2799 811 quemadmodum
2817 743 3047 796 scientia
3073 751 3124 797 et
3137 745 3443 811 sanctitate,
3468 747 3548 801 ita
3564 763 3698 817 gra-

2048 827 2121 883 du
2150 837 2203 883 et
2231 828 2372 897 sede,
2405 828 2545 900 quod
2574 830 2659 885 nil
2690 845 2822 884 sane
2853 829 3008 885 bonis
3036 832 3283 887 omnibus
3313 832 3697 904 desideratius,

2046 918 2352 973 relaturum
2383 918 2661 990 quondam
2677 920 2908 974 Leonem
2930 921 3132 991 ipsum,
3159 921 3383 987 decimo,
3407 924 3502 993 qui
3524 923 3692 992 sedet,

2044 1006 2097 1061 si
2123 1007 2314 1077 forsan
2341 1007 2606 1077 majorem
2632 1023 2743 1063 non
2775 1007 2900 1063 licet
2927 1008 3124 1080 dicere,
3161 1010 3217 1064 in
3257 1008 3432 1067 nihilo
3446 1020 3584 1071 certe
3604 1014 3692 1068 in~

2042 1096 2320 1167 feriorem.
2351 1096 2492 1152 Vale.
2919 1118 2925 1123 ν

2115 1184 2157 1238 Ε
2190 1184 2425 1257 regione
2454 1184 2626 1241 istius
2656 1184 2913 1257 epistolae
2935 1185 3184 1244 habetur
3199 1187 3374 1245 etiam
3395 1205 3698 1263 nuncupa-

2041 1271 2262 1328 torium
2279 1274 2496 1330 codicis
2510 1274 2772 1344 ejusdem
2786 1274 3429 1350 epigrammaGermani
3445 1276 3690 1349 Bclloni,

2038 1362 2299 1423 Antonii.
2331 1367 2395 1418 ut
2424 1367 2762 1437 promptum
2780 1369 2868 1420 est
2892 1364 3145 1428 crcdore.
3165 1367 3607 1441 consanguinei.
3625 1368 3696 1425 Et

2039 1449 2148 1507 hoc
2176 1451 2380 1509 lectori
2397 1456 2764 1525 repraesento.

2160 1539 2260 1607 En,
2289 1541 2560 1607 primane,
2592 1544 2712 1607 Leo,
2746 1543 2914 1607 veteri
2942 1544 3034 1607 qui
3056 1544 3288 1607 scriptus
3313 1546 3371 1597 in
3402 1545 3536 1599 Albo

2226 1604 2307 1671 ᾼά
2339 1609 2399 1671 te
2418 1604 2900 1671 cmlestiAcOnvolat
2928 1604 2976 1671 εξ
2986 1604 3222 1671 specula.

2159 1665 2473 1733 Cujusdiva
2502 1667 2597 1717 tibi
2626 1667 2796 1717 fauete
2827 1667 2919 1733 dat
2947 1665 3132 1720 dextra
3160 1669 3438 1733 Libellum,

2264 1728 2559 1797 elicemque
2589 1732 2976 1797 noyonuntiat
3004 1746 3094 1782 ore
3124 1746 3342 1797 senem;

2158 1789 2592 1858 Perpetuumque
2615 1793 2713 1843 tibi
2745 1793 2961 1858 tandem
2987 1796 3254 1858 promittit
3280 1789 3563 1858 honorem,

2217 1854 2317 1910 Qui
2349 1854 2550 1905 celera
2580 1855 2715 1921 ltBVQ
2744 1854 3113 1921 Juppiter‘axe
3140 1861 3312 1921 tonat.

2154 1914 2291 1982 Ergo
2321 1930 2470 1982 cape,
2501 1921 2660 1982 atque
2688 1914 2833 1970 inter
2853 1914 3066 1982 sacrata
3092 1914 3368 1982 volumina
3395 1919 3563 1972 Pallas

2217 1979 2439 2044 Condet,
2462 1983 2517 2029 et
2544 1979 2599 2044 in
2630 1984 2861 2044 prepriis
2889 1980 3005 2031 haec
3032 1981 3181 2033 dabit
3210 1997 3325 2033 esse
3351 1982 3503 2036 locis.

2158 2041 2375 2112 At_qute
2395 2042 2550 2112 hunc
2564 2041 2746 2112 dejxtra
2761 2044 2927 2112 dedit,
2944 2045 3171 2112 propria
3191 2049 3244 2112 te
3272 2044 3399 2100 sede
3428 2048 3672 2112 reponet,

2216 2104 2283 2157 Et
2309 2107 2360 2154 te
2388 2104 2594 2155 felicem
2620 2106 2870 2171 luppiter
2890 2104 3063 2172 usque
3089 2108 3253 2159 dabit.

2099 2182 2510 2240 Leoninusiste
2522 2184 2785 2242 Grimani
2798 2186 2975 2243 codex
2987 2202 3277 2244 annorum
3298 2183 3418 2245 fere
3430 2191 3522 2245 est
3540 2204 3683 2245 non-

2027 2274 2360 2345 gentorum,
2388 2272 2763 2347 continetque
2793 2280 3029 2331 centum
3084 2280 3143 2333 et
3190 2280 3415 2350 septem
3474 2275 3681 2335 Leonis

2026 2358 2326 2433 epistolas,
2346 2376 2592 2432 quarum
2620 2362 2825 2435 viginti
2845 2368 2903 2420 ct
2932 2368 3058 2421 octo
3085 2364 3331 2422 antehac
3350 2381 3679 2440 numquam

2027 2448 2193 2505 editae
2219 2467 2232 2518 ;
2269 2446 2415 2522 quas
2428 2449 2796 2507 authentioas
2806 2467 3234 2525 germanaeque
3251 2469 3382 2510 esse
3393 2457 3451 2510 et
3472 2451 3679 2523 stylus,

2030 2541 2087 2593 et
2100 2537 2399 2606 materies,
2413 2541 2470 2593 et
2483 2538 2700 2595 codicis
2714 2538 3057 2612 antiquitas,
3073 2540 3430 2614 etquidquid
3444 2540 3678 2613 optimm

2026 2631 2173 2682 nota:
2206 2625 2531 2682 sinceritati
2556 2626 2709 2685 fetus
2748 2628 3275 2701 suﬁ‘ragaripotest,
3317 2628 3677 2686 manifestis-

2026 2716 2173 2772 sime
2194 2716 2617 2772 demonstrant.
2646 2720 2861 2773 Earum
2887 2722 3163 2790 praeterea
3178 2716 3493 2775 nonnullas
3509 2717 3678 2774 indu-

2024 2805 2221 2861 bitatae
2247 2804 2383 2860 ﬁdei
2411 2810 2683 2862 asserunt
2715 2811 2889 2864 testes
2919 2805 3364 2883 locupletissimi
3384 2824 3455 2864 ex
3491 2807 3669 2866 variis

2024 2893 2182 2951 orbis
2212 2893 2525 2950 Christiani
2543 2894 2898 2968 regionibus,
2932 2913 3000 2952 ex
3028 2897 3242 2965 Africa,
3266 2896 3530 2970 inquam,
3554 2897 3668 2954 Ita-

2021 2982 2119 3051 lia,
2155 2982 2359 3052 Gallia,
2390 2988 2447 3039 et
2473 2984 2975 3057 Angliaadvocati,
3009 2986 3161 3042 sedis
3180 2986 3512 3059 apostolicae
3530 3003 3669 3059 pon-

2020 3071 2488 3145 tiﬁcesVigilius
2516 3090 2670 3146 papa
2697 3078 2754 3130 et
2775 3074 3043 3148 Pelagius
3068 3075 3137 3142 II,
3173 3074 3484 3132 Facundus
3526 3076 3669 3132 Her-

2024 3162 2348 3219 miancnsis
2403 3162 2731 3235 cpiscopus,
2764 3162 3115 3220 Prudentius
3139 3164 3677 3238 Tricassinusepis-

2021 3267 2226 3323 copus,
2258 3253 2315 3307 et
2341 3251 2496 3307 Beda
2526 3253 2848 3325 presbyter,
2876 3253 2973 3325 qui
3000 3252 3323 3327 lragmenta
3352 3270 3554 3309 earum
3572 3253 3674 3309 ali-

2022 3352 2140 3415 qua
2166 3338 2534 3412 protulerunt
2560 3341 2686 3397 suis
2717 3340 2862 3398 locis
2888 3344 3161 3400 notanda.
3187 3338 3300 3401 Leo
3326 3343 3450 3415 ipse
3471 3343 3672 3416 plurcs

2022 3430 2362 3485 earumdem
2393 3428 2613 3484 indicat
2644 3429 2702 3485 in
2735 3429 2866 3487 aliis
2897 3432 3163 3503 ejusdem
3203 3433 3461 3488 materiae
3513 3431 3672 3505 cpis-

2021 3517 2177 3588 tolis,
2210 3522 2277 3574 ut
2304 3518 2364 3573 in
2390 3517 2543 3574 notis
2560 3519 2777 3574 nostris
2798 3518 3172 3576 observatum
3192 3519 3372 3577 lector
3392 3521 3670 3578 inveniet.

2093 3606 2208 3663 Nec
2238 3605 2346 3662 hoc
2369 3604 2561 3661 solum
2591 3607 2874 3663 debemus
2901 3607 3234 3664 Grimanico
3278 3608 3485 3675 codici,
3518 3609 3677 3680 quod

2025 3694 2622 3770 plurimisfmagnique
2636 3695 2917 3751 momenti
2931 3695 3193 3768 epistolis
3209 3695 3470 3761 auctiora
3500 3695 3677 3751 Leoni

2023 3785 2245 3857 scripta
2257 3782 2587 3850 reddiderit,
2602 3784 2701 3839 sed
2717 3785 2893 3840 etiam
2908 3785 3061 3857 quod
3086 3785 3257 3857 longe
3278 3783 3679 3840 emendatiora

2027 3892 2204 3949 quam
2217 3877 2348 3930 ante
2361 3877 2574 3930 essent.
2597 3872 2804 3928 Nullus
2822 3875 2979 3929 enim
3003 3875 3183 3930 codex
3208 3873 3463 3930 occurrit
3476 3890 3546 3929 ex
3560 3890 3676 3946 quo

2024 3964 2221 4038 plures
2249 3962 2718 4035 insigniorcsque
2747 3962 3155 4035 castigationes
3172 3961 3568 4020 hauserimus.

2098 4054 2237 4108 Post
2264 4052 2538 4124 epistolas
2568 4053 2749 4108 habes
2779 4052 3033 4109 aliaraem
3065 4053 3290 4126 aliquot
3330 4055 3676 4126 fragmenta,

2028 4147 2094 4200 ut
2122 4147 2179 4199 et
2208 4140 2645 4198 Commonitorii
2677 4142 2886 4214 legatis
2908 4143 2981 4199 ad
3003 4142 3472 4199 Chalcedonense
3487 4141 3681 4198 conci-

2029 4231 2176 4289 lium
2195 4230 2698 4304 proﬁciscentibus
2718 4230 2840 4289 dati
2861 4249 2875 4301 ;
2899 4231 3116 4303 quibus
3138 4240 3190 4289 et
3215 4231 3386 4288 unica
3405 4230 3681 4304 adjicitur

2032 4339 2159 4394 quas
2192 4323 2370 4376 restat
2399 4318 2618 4376 Juliani
2651 4319 2911 4393 episcopi
2933 4319 3165 4377 Coensis
3187 4321 3259 4375 ad
3291 4320 3541 4376 Leonem
3572 4320 3683 4375 Au-

2031 4413 2270 4485 gustum
2283 4408 2549 4481 cpistola;
2566 4410 2734 4479 cujus
2749 4410 2779 4466 J
2788 4408 2967 4465 uliani
2980 4408 3399 4469 lotadLeoncm
3412 4412 3682 4465 nostrum

264 4500 507 4556 nusculo
534 4508 679 4556 tuam
729 4517 961 4571 augeam
1008 4502 1175 4557 istam
1214 4501 1592 4560 bibliothecam
1638 4502 1926 4576 (librorum
2033 4500 2179 4557 datae
2206 4516 2274 4555 ex
2301 4497 2609 4571 legationis
2635 4496 2826 4554 ofﬁcio
2854 4499 3055 4554 litteras
3086 4496 3201 4554 nisi
3226 4501 3557 4569 temporum
3588 4496 3684 4551 in-

260 4604 515 4662 namque
542 4591 823 4658 vetustate,
859 4590 1038 4663 capia,
1083 4589 1292 4645 delectu
1343 4590 1750 4666 condecoratur)
1805 4593 1930 4649 divi
1958 4578 2004 4646 D
2029 4587 2185 4661 juria
2213 4587 2582 4654 excidissent,
2614 4591 2673 4643 et
2702 4587 2911 4644 Leonis
2930 4586 3113 4644 nostri
3137 4584 3395 4660 epistolae
3414 4588 3471 4642 et
3484 4601 3684 4643 rerum

336 4695 421 4766 (a)
452 4699 530 4749 De
564 4693 675 4750 hoc
714 4695 1016 4766 praestanti
1036 4694 1157 4750 viro
1188 4695 1317 4751 vide
1330 4696 1710 4752 Muratorium
1736 4699 1935 4755 Rerum

259 4767 446 4839 Italic.
482 4771 627 4839 tom.
666 4766 812 4836 XVI,
848 4782 985 4839 pag.
1054 4766 1088 4821 3
1110 4771 1166 4820 et
1194 4768 1284 4823 67.
1316 4766 1476 4823 Alias
1506 4784 1639 4823 vero
1668 4770 1932 4837 ejusdem

260 4836 533 4893 Bellonis
565 4836 795 4909 litteras
826 4836 1076 4909 scriptas
1108 4854 1261 4909 anno
1293 4839 1451 4908 1515,
1486 4838 1557 4893 iis
1596 4836 1911 4898 anteriores

309 4925 424 4984 nas
455 4907 813 4984 Quesnellus
834 4907 973 4984 huic
995 4908 1315 4981 praefationi
1334 4907 1701 4984 i_nscruit,hic
1723 4929 1937 4984 appen-

309 4927 424 4964 nas
455 4927 813 4973 uuesneuus
836 4927 973 4963 nuic
995 4927 1315 4981 primariam
1334 4927 1701 4976 1nscru1t,nlc
1723 4929 1934 4984 appen-

261 4927 502 5037 3imus.
532 4981 613 5036 Ex
647 4979 741 5035 his
759 4980 914 5036 enim
938 4980 1091 5035 inter
1106 4984 1314 5036 caetera
1329 4981 1632 5047 discimus,
1656 4985 1934 5040 eximium

266 5052 439 5107 hunc
466 5051 1072 5123 Leoninumcodicem
1085 5050 1407 5123 abtequam
1434 5051 1492 5106 in
1509 5051 1697 5123 ipsius
1719 5054 1936 5112 Bclloni

266 5128 329 5180 et
364 5122 686 5180 cardinalis
713 5121 975 5179 Grimani
1006 5121 1346 5188 potestatem
1378 5121 1623 5188 veniret,
1642 5123 1822 5181 fuisse
1840 5127 1940 5183 Pe-

266 5194 349 5275 tri
382 5194 719 5275 Passerinj,
736 5192 984 5275 celebris
1006 5192 1645 5275 Forojulicnsispatrize
1666 5196 1938 5269 antiqua-

268 5265 372 5333 rii,
413 5265 500 5338 de,
517 5282 633 5338 quo
664 5265 1127 5338 idem‘Bellonus
1159 5265 1219 5320 in
1244 5265 1491 5338 epistola
1529 5266 1733 5338 eodem
1788 5265 1938 5324 anno

271 5283 372 5333 ru,
413 5283 488 5321 oe
556 5283 633 5322 uo
664 5283 820 5321 108m
853 5283 1127 5321 ueuonus
1159 5283 1219 5320 in
1244 5283 1491 5338 episwia
1529 5283 1733 5322 eouem
1788 5285 1938 5324 anno

271 5338 423 5411 data
437 5336 508 5392 ad
517 5283 809 5411 ilacobum
824 5335 1210 5411 Purlilianum
1224 5335 1498 5392 comitem
1511 5336 1749 5411 scripsit
1762 5356 1779 5411 ξ
1788 5340 1943 5399 Nihil

274 5412 355 5464 est
384 5410 450 5463 in
478 5409 738 5481 universa
756 5408 946 5481 patria
974 5407 1242 5464 librorum
1270 5407 1782 5481 vetuslorumﬁihil
1802 5412 1944 5466 anti-

277 5492 414 5605 qugz
440 5478 772 5605 Wtuzz{
794 5478 935 5550 quod
952 5494 1062 5535 non
1076 5481 1329 5535 accurate
1356 5480 1574 5549 viderit,
1605 5481 1945 5539 adamassim

278 5566 343 5605 co
399 5566 458 5605 ea
572 5593 586 5605 .
615 5567 647 5605 e
677 5566 728 5605 c.

278 5551 586 5621 collegerit,
615 5554 728 5607 etc.

355 5620 630 5679 Antonius
660 5620 923 5681 Bellonus
950 5622 1111 5678 Petro
1136 5621 1425 5679 Passerino
1454 5621 1571 5681 Sal.

2041 4704 2092 4754 te
2118 4694 2259 4749 mihi
2287 4693 2553 4764 quondam
2581 4694 2789 4765 datum,
2820 4710 2931 4749 non
2970 4699 3030 4750 ut
3058 4711 3258 4762 meum,
3285 4695 3382 4749 sed
3419 4698 3481 4749 ut
3533 4701 3688 4750 tuum

2041 4767 2217 4823 adimo
2244 4766 2859 4839 reverentercustodivi.
2893 4768 2973 4822 Ita
3006 4769 3153 4821 enim
3181 4769 3425 4839 accipere
3440 4781 3687 4839 servare-

2042 4854 2144 4911 que
2170 4837 2359 4911 nolui,
2380 4841 2437 4890 ut
2460 4837 2524 4891 de
2538 4838 2708 4911 Leone
2730 4839 2830 4911 tibi
2860 4840 3045 4911 liceret
3072 4854 3181 4892 non
3209 4835 3396 4893 minus
3414 4854 3577 4908 quam
3601 4835 3691 4911 de

2042 4908 2129 4966 me
2158 4911 2273 4980 ipso
2301 4908 2601 4977 disponere.
2619 4910 2784 4979 Cupio
2804 4926 2949 4963 nunc
2977 4909 3045 4965 ad
3066 4911 3152 4964 tui
3178 4910 3543 4964 imitationem
3571 4910 3690 4963 An-

2042 4983 2225 5053 gelum
2256 4980 2561 5053 Gabrielem
2592 4980 2743 5034 illius
2774 4996 3014 5053 munere,
3045 4982 3097 5036 si
3122 4981 3400 5053 concedas,
3442 4982 3680 5052 afﬁcere'

2042 5051 2249 5110 Poterit
2270 5051 2435 5114 enim,
2468 5066 2592 5105 cum
2618 5053 2693 5123 sit
2715 5052 2985 5122 patricius
3017 5054 3076 5107 in
3102 5052 3383 5123 republica
3426 5052 3691 5123 Venetaet

2047 5123 2321 5180 litterario
2338 5121 2845 5193 praestantissimus,
2876 5126 2928 5177 et
2950 5121 3177 5178 Leonem
3200 5138 3318 5181 suae
3328 5122 3589 5193 dignitati
3603 5134 3691 5193 re-

2046 5197 2289 5259 stituere,
2322 5189 2373 5248 et
2400 5193 2556 5248 nobis
2570 5189 2837 5265 prodesse
2848 5194 3175 5265 plurimum.
3202 5196 3275 5250 Tu
3294 5189 3420 5265 vero
3438 5191 3503 5265 de
3548 5189 3690 5245 libro

2045 5283 2157 5323 non
2173 5265 2410 5336 amplius
2430 5262 2655 5336 poteris,
2685 5262 3051 5322 demetam?»
3072 5273 3135 5321 ut
3160 5280 3371 5336 semper
3386 5262 3689 5333 disponere.

2049 5338 2219 5397 Vale..
2630 5356 2633 5357 '
3186 5386 3193 5392 .
3648 5394 3655 5401 ,

2122 5409 2281 5479 Hanc
2293 5404 2509 5479 Belloni
2526 5405 2855 5479 epistolam,
2876 5409 3029 5465 sicut
3043 5411 3100 5464 et
3125 5405 3431 5479 recitatum
3452 5402 3695 5475 alterius

2051 5477 2307 5553 epistolae
2324 5474 2738 5553 fragmentum,
2754 5474 2924 5553 nobis
2936 5496 3040 5553 pro
3050 5474 3418 5553 humanitate
3426 5486 3533 5553 sua
3545 5492 3675 5553 com

2053 5546 2375 5608 municavit
2392 5546 2585 5606 comes
2605 5546 2956 5608 Franciscus
2967 5548 3192 5607 Florius
3213 5547 3563 5604 cathedralis
3582 5546 3700 5604 Uti-

2052 5622 2253 5694 nensis
2277 5621 2674 5694 primicerius,
2705 5624 2803 5694 qui
2832 5618 3492 5694 deopt‘imis‘studiismc
3508 5621 3580 5676 de
3597 5633 3697 5694 ve-

352 5692 590 5760 Μῦν-ατη
618 5694 957 5752 sanctisstmi
979 5694 1174 5753 uanis
1196 5707 1383 5772 papae,
1408 5692 1549 5756 dono
1576 5698 1824 5772 quamvis
1848 5696 1949 5759 abs
2049 5693 2229 5756 tustis
2255 5691 2622 5753 documentis
2652 5691 2826 5751 rebus
2854 5691 3125 5768 pluribus
3150 5691 3301 5755 bene
3316 5693 3568 5755 meritus
3586 5693 3700 5770 est:

603 5822 872 5889 Parant.
914 5819 1068 5889 LIV.

3341 5894 3376 5905 ..δ
