4092 6178
397 322 475 382 43
1159 317 1228 376 Ρ.
1277 313 1711 386 QUESNELLI
1755 307 2170 391 PREFATIO
2213 306 2293 368 IN
2338 305 2556 370 SUAM
2600 301 3059 368 EDITIONEM.
3722 301 3802 376 44

399 459 541 511 tunc
567 455 631 510 in
664 452 918 510 Ecclesia
947 452 1246 524 gestarum
1270 445 1554 504 memoria
1571 443 1887 501 maximam
1913 440 2047 496 inde
2076 440 2133 509 Α
2159 443 2252 495 tos
2283 454 2535 495 canones
2558 438 2683 495 sola
2695 432 3534 502 consuetudineecclesiastica,
3556 430 3697 489 solis
3718 448 3802 488 re-

401 542 592 601 lucem
627 542 1058 599 mutuarentur.

472 628 720 680 Tomum
779 621 1038 694 primum
1096 619 1212 674 fere
1253 615 1473 673 claudit
1529 613 1663 670 Vita
1709 613 1764 668 S.
1841 610 2048 666 Hilarii

401 711 756 772 Arelatensis
789 708 1044 784 episcopi
1103 706 1383 778 scriptore
1433 708 1490 760 8.
1549 703 1837 758 Honorato
1895 699 2047 772 epis-

405 817 546 874 copo
579 797 927 856 Massiliensi
966 795 1124 851 illius
1180 793 1486 866 discipulo.
1531 793 1662 848 Haec
1717 794 1782 846 ut
1839 789 2048 845 Leonis

405 891 690 964 Operibus
721 888 1129 958 subjiceretur,
1171 883 1486 957 postulavit
1515 881 1725 938 initum
1789 897 1822 934 a
1880 878 2050 934 nobis

395 979 697 1052 Apologia;
777 975 1083 1032 Hilariana:
1175 971 1606 1030 conscribendas
1689 967 2049 1036 consilium;

409 1068 578 1138 cujus
617 1064 920 1120 occasione
944 1079 1077 1118 cum
1111 1061 1367 1135 plurima
1396 1076 1465 1115 ex
1496 1059 1622 1130 ejus
1665 1057 1797 1112 Vita
1855 1058 2052 1112 decer-

409 1154 704 1228 pserimus
737 1152 798 1208 in
855 1151 1262 1209 dissertatione
1315 1147 1520 1222 quinta
1572 1146 1772 1203 lectori
1834 1147 2052 1201 fontem

410 1243 608 1316 ipsum
641 1242 800 1299 adire
853 1239 1112 1314 cupienti
1169 1237 1546 1295 commodum
1596 1237 1708 1292 erit
1753 1251 1888 1311 eum
1942 1235 2053 1290 sub

400 1321 595 1389 oculis
627 1331 907 1390 invenire.
967 1330 1082 1386 Nec
1139 1329 1226 1384 fas
1287 1327 1396 1382 fuit
1434 1326 1559 1396 ejus
1612 1324 2053 1397 consanguinei,

410 1420 697 1494 magistri,
730 1424 789 1477 et
814 1421 873 1476 in
904 1417 1236 1492 episcopatu
1267 1413 1592 1472 Arelatensi
1613 1413 2058 1487 praedecessoris

411 1510 690 1568 Honorati
718 1508 914 1565 Vitam
944 1508 1017 1562 ab
1069 1507 1197 1581 ipso
1253 1504 1470 1562 Hilario
1534 1503 1923 1576 conscriptam
1983 1502 2057 1559 ab

413 1600 592 1671 hujus
615 1598 750 1654 Vita
782 1598 1110 1670 sejungere,
1141 1599 1269 1651 tum
1302 1597 1537 1668 propter
1566 1597 1792 1649 arctum
1840 1591 2058 1648 utrius-

418 1704 531 1763 que
563 1703 800 1754 nexum,
832 1690 960 1742 tum
993 1689 1057 1740 ut
1075 1685 1225 1756 quod
1244 1682 1540 1756 reliquum
1571 1682 1858 1738 habemus
1881 1684 2063 1753 Opus-

2156 528 2308 602 gulis
2340 528 2548 600 partim
2582 545 2615 584 a
2649 527 3016 601 principibus
3052 523 3472 599 apostolorum,
3520 523 3733 596 partim
3765 539 3801 578 a

2156 617 2435 689 proximis
2452 634 2652 674 eorum
2671 617 3112 674 successoribus
3129 633 3240 672 usu
3264 614 3391 688 ipso
3417 613 3671 685 vivaeque
3691 614 3803 667 tra-

2157 707 2398 764 ditionis
2413 723 2586 763 manu
2600 707 2852 779 acceptis
2856 707 2958 779 jus
2971 704 3422 762 ecclesiasticum
3437 703 3658 759 dictum
3672 701 3803 758 vide

2157 801 2256 854 tur
2282 796 2341 852 in
2373 796 2630 852 Ecclesia
2659 797 2948 865 Romana;
2983 799 3114 868 post
3142 794 3548 851 Sardicensem
3565 806 3697 848 vero
3712 808 3804 864 sy-

2159 886 2403 956 nodum,
2435 886 2505 941 de
2537 885 2836 942 condendo
2861 901 3146 942 canonum
3170 885 3366 940 codice
3393 881 3632 955 cogitari
3689 897 3806 937 caa-

2161 976 2267 1049 pit,
2301 975 2399 1048 qui
2423 992 2491 1031 ex
2509 974 2759 1033 Nicaanis
2780 974 3343 1046 Sardicensibusque
3360 961 3680 1028 canonibus
3701 970 3810 1026 sub

2161 1081 2281 1120 una
2310 1080 2687 1120 numerorum
2702 1063 2850 1121 serie
2884 1063 3172 1136 colligatis
3197 1063 3510 1131 conﬂatus,
3532 1059 3694 1117 solus
3706 1075 3809 1132 per

2165 1153 2400 1226 aliquod
2417 1157 2652 1224 tempus
2669 1169 2863 1208 rerum
2876 1151 3402 1208 ecclesiasticarum
3422 1150 3807 1224 regendarum

2164 1243 2349 1316 leng
2383 1241 2593 1311 sanxit,
2628 1259 2692 1297 ac
2722 1242 2895 1298 variis
2915 1257 3020 1314 per
3067 1241 3442 1298 succedentes
3482 1243 3679 1296 aetates
3708 1254 3810 1293 ac-

2166 1332 2527 1389 cessionibus
2559 1339 2762 1387 auctus
2795 1348 2924 1387 eam
2948 1331 3194 1386 formam
3221 1327 3628 1402 induit,quam
3651 1345 3809 1384 nunc

2165 1422 2346 1478 habes
2377 1438 2492 1494 prae
2537 1420 2744 1488 oculis,
2785 1437 3032 1493 quaeque
3091 1421 3476 1477 ducentorum
3534 1417 3811 1475 beatioris

2166 1511 2325 1568 illius
2378 1509 2480 1567 aevi
2533 1526 2823 1568 annorum
2873 1507 3249 1582 disciplinam
3304 1507 3556 1582 genuine
3604 1523 3812 1580 repue-

2169 1603 2380 1659 sentat.

2242 1690 2344 1746 Vel
2375 1706 2443 1746 ex
2475 1688 2582 1745 hoc
2615 1704 2726 1744 uno
2759 1686 3034 1761 intelligit
3056 1687 3306 1761 quisque
3329 1687 3496 1758 cujus
3517 1686 3711 1758 palato
3731 1702 3816 1742 sa-

415 1777 682 1836 culorum
713 1775 914 1833 Hilarii
945 1775 992 1832 si
1025 1774 1159 1846 quis
1191 1790 1320 1829 cum
1374 1773 1500 1844 ejus
1520 1771 1652 1826 Vita
1679 1774 1734 1827 0t
1780 1769 2062 1843 ΑΡοῙοΒία
2094 1817 2143 1882 Β
2173 1778 2672 1854 piunlantiquitas
2693 1776 3086 1836 ecclesiastica
3127 1781 3184 1833 et
3204 1777 3485 1833 canonica
3511 1773 3818 1848 disciplina

535 1867 558 1882 ιι
779 1864 792 1882 1
882 1864 946 1882 ,3:
1017 1879 1066 1882 -_
1113 1863 1175 1882 ,Δ
1213 1878 1450 1882 ---μ----
1483 1860 1692 1882 ι.-ι--ι
1747 1863 1796 1882 ΑΙ.
1827 1859 2054 1882 ---ΞΔΑῌ
2245 1873 2254 1882 .
2564 1873 2569 1878 -
2781 1867 2824 1882 .ι
2915 1866 2928 1882 I
2991 1867 3004 1882 ι
3125 1867 3140 1882 9
3427 1881 3432 1882 ,
3484 1864 3496 1877 ο
3563 1881 3592 1882 η
3663 1863 3675 1877 ν
3719 1868 3730 1882 ι
3764 1881 3769 1882 ,
3799 1864 3812 1882 I

417 1867 678 1924 conferre
707 1864 975 1932 voluerit,
1009 1879 1078 1919 ea
1107 1863 1178 1918 ad
1213 1878 1457 1917 manum
1483 1860 1716 1930 habeat,
1743 1863 1799 1915 et
1823 1859 2060 1931 quidem

417 1954 788 2030 castigatiora
817 1953 1073 2025 antiquis
1095 1951 1544 2023 exemplaribus,
1578 1967 1704 2022 qua:
1737 1950 1911 2005 etiam
1935 1965 2066 2004 rara

419 2049 577 2103 sunt.
639 2045 828 2100 Habes
887 2043 1088 2098 eodem
1141 2042 1266 2098 loco
1293 2042 1542 2096 Metrum
1593 2041 1664 2095 de
1726 2037 1931 2094 Genesi
1991 2040 2062 2095 ad

417 2140 474 2190 S.
525 2135 772 2192 Leonem
832 2148 1060 2204 papam,
1123 2132 1277 2204 quod
1346 2130 1454 2186 sub
1543 2127 1743 2184 llilarii
1830 2127 2066 2184 nomine

404 2216 853 2283 circumfertur.
884 2226 941 2277 et
971 2221 1308 2293 perbrevem
1341 2219 1603 2290 ejusdem
1654 2216 1960 2290 epistolam
1992 2219 2064 2273 ad

417 2311 770 2370 Eucherium
813 2311 1263 2383 Lugdunensem
1295 2307 1633 2381 episcopum
1675 2307 1974 2378 scriptam.

489 2405 587 2457 VI.
609 2405 812 2457 Tomos
832 2416 1010 2455 ALTER
1023 2399 1200 2468 hujus
1216 2396 1404 2470 cperis
1419 2395 1825 2467 complectitur
1842 2401 2070 2468 Appen-

417 2491 608 2548 dicem
635 2507 738 2546 seu
768 2488 1033 2546 Codicem
1055 2503 1347 2544 canonum
1365 2489 1422 2542 et
1435 2486 1885 2541 constitutorum
1909 2485 2066 2541 sedis

402 2576 746 2652 ‘apostolicaa
778 2594 844 2634 ex
877 2577 1180 2633 codicibus
1209 2593 1354 2643 mss,
1385 2574 1662 2629 Thuanco
1685 2573 2068 2630 ctOxoniensi

419 2685 577 2724 nunc
607 2667 866 2740 primum
888 2667 1132 2731 editum,
1163 2663 1374 2719 deinde
1404 2663 1846 2718 Dissertationcs
1863 2662 2068 2716 tumin

417 2755 615 2830 ipsum
628 2756 785 2811 hunc
801 2753 1089 2819 Codicem,
1105 2756 1233 2807 tum
1247 2751 1306 2806 in
1321 2751 1571 2807 Leonem
1587 2754 1856 2806 nostrum
1883 2751 2072 2820 ;deni-

419 2863 533 2920 que
545 2848 734 2915 notas,
748 2842 937 2899 varias
950 2841 1226 2897 lectiones
1240 2843 1296 2896 et
1307 2840 1738 2896 observationes
1757 2839 2070 2897 nonnullas

488 2933 757 2992 Codicem
769 2930 937 2987 illum
952 2931 1030 3004 (a)
1040 2928 1473 3002 amplissimum
1487 2927 2073 3002 vetustiSsimumque

417 3010 691 3096 inscripsi
723 3020 990 3078 omnium
1012 3018 1439 3092 quihucusque
1469 3017 2067 3088 editisuntinlucem,

418 3131 525 3170 nec
557 3117 759 3169 contra
779 3110 1033 3182 aliquem
1047 3108 1343 3165 dicturum
1364 3124 1469 3164 con
1480 3108 1611 3163 ﬁdo.
1634 3109 1797 3164 Certe
1816 3109 1864 3164 si
1889 3109 1960 3164 de
1981 3125 2072 3164 eo-

419 3201 650 3260 dicibus
677 3215 968 3257 canonum
985 3202 1042 3254 et
1067 3196 1450 3254 constilorum
1491 3200 1760 3253 Romanae
1800 3197 2070 3254 Ecclesia;
2097 3185 2142 3253 C

420 3289 583 3364 loqui
624 3289 895 3358 velimus,
956 3286 1210 3360 amplius
1253 3285 1472 3357 aliquid
1523 3285 1748 3342 audeo:
1788 3302 1892 3343 nec
1913 3287 2070 3343 enim

422 3377 892 3437 vetustissimum
923 3376 1098 3432 modo
1119 3379 1176 3431 et
1203 3373 1658 3446 amplissimum,
1683 3374 1781 3430 sed
1829 3375 2072 3432 unicum

428 3469 622 3525 dicere
637 3468 974 3524 debueram.
994 3469 1072 3521 De
1091 3461 1326 3521 Justelli
1346 3462 1537 3536 prisco
1563 3462 1760 3520 codice
1781 3465 1922 3536 quid
1947 3482 2074 3521 sen-

428 3557 716 3627 tiendum,
731 3554 1063 3612 dissertatio
1081 3557 1280 3609 nostra
1294 3551 1641 3609 duodecima
1658 3553 1926 3626 explicat.
1950 3555 2073 3611 Dio-

409 3647 580 3722 'nysii
608 3663 744 3704 vero
765 3643 966 3718 Exigui
990 3647 1233 3716 uterque
1253 3642 1451 3711 codex,
1480 3659 1636 3698 unus
1651 3658 1943 3699 canonum
1974 3661 2073 3716 sy-

409 3737 788 3804 nodicorum,
821 3734 968 3790 alter
988 3731 1381 3804 Epistolarum
1410 3729 1864 3803 pontiﬁciarum,
1897 3750 2070 3789 num-

421 3841 598 3899 quam
626 3823 894 3880 condilus
915 3825 1003 3876 est
1023 3820 1097 3876 ad
1131 3835 1307 3876 usum
1330 3818 1598 3874 Ecclesiae
1654 3820 1924 3877 Romanis
1981 3822 2070 3880 vel

421 3915 830 3986 episcoporum
854 3911 1247 3965 Romanorum
1263 3925 1364 3964 seu
1379 3907 1654 3963 mandato
1677 3925 1776 3964 seu
1794 3910 2068 3978 consilio;

421 4001 525 4058 sed
539 3999 636 4055 ille
649 3999 886 4071 quidem
901 3996 1179 4053 instantia
1192 3995 1470 4068 Stephani
1484 3995 1739 4069 episcopi
1753 3999 2071 4058 Salonitani

422 4089 517 4146 hic
542 4105 674 4145 vero
699 4086 917 4144 Juliani
940 4085 1262 4159 presbyteri
1303 4089 1521 4140 Sancta:
1572 4087 1891 4144 Anastasis;
1936 4091 2070 4160 piis,

424 4177 627 4250 utipse
639 4176 738 4244 ait,
765 4175 980 4232 studiis
1001 4179 1059 4230 et
1080 4173 1505 4242 sollicitudine;
1529 4190 1676 4245 quos
1693 4179 2071 4247 postmodum

426 4285 531 4324 usu
557 4266 902 4323 celeberrimo
939 4264 1178 4320 Ecclesia
1220 4267 1464 4317 Romam
1505 4264 1786 4334 complexa
1821 4271 1939 4322 est:
1995 4267 2076 4324 ita

403 4346 584 4412 -enim
607 4372 675 4411 ex
699 4352 1040 4410 Cassiodoro
1064 4352 1204 4423 (Dw.
1230 4354 1369 4406 Lcct.
1393 4367 1510 4422 cap.
1534 4351 1584 4421 3)
1610 4360 1882 4409 asserunt
1905 4357 2074 4430 vulgo

405 4445 741 4518 scriptores
772 4431 1156 4499 reicanonicze
1177 4458 1190 4508 ;
1209 4440 1423 4495 licetde
1445 4439 1567 4495 solo
1597 4447 2076 4502 canonumeccle-

2171 1873 2352 1937 vetus,
2387 1884 2501 1939 quo
2560 1873 2620 1922 in
2671 1867 2863 1939 pretio
2915 1866 3250 1924 habendum
3309 1864 3605 1938 egregium
3661 1863 3817 1920 istud

2172 1958 2765 2029 utriusqueupnxtov,
2817 1971 2929 2028 quo
2987 1955 3197 2012 melius
3255 1955 3475 2028 aliquid
3532 1958 3590 2010 et
3637 1953 3818 2009 eccle-

2173 2045 2421 2103 siasticae
2440 2045 2520 2101 rei
2542 2045 2977 2101 convenientius
2991 2044 3145 2100 haud
3171 2043 3290 2100 scio
3313 2061 3385 2100 an
3411 2046 3696 2116 praesente
3713 2057 3817 2099 sae-

2173 2134 2302 2192 culo
2324 2133 2496 2191 fuerit
2512 2151 2542 2189 a
2565 2133 2822 2189 tenebris
2837 2133 3218 2190 vindicatum.
3236 2131 3410 2206 Plura
3420 2136 3615 2190 tamen
3629 2133 3819 2189 adhuc

2175 2228 2314 2281 sunt
2341 2241 2467 2296 quae
2500 2223 2758 2280 codicem
2791 2223 3222 2279 commendent.
3284 2221 3431 2289 Quid
3475 2222 3631 2278 enim
3663 2222 3818 2294 quod

2175 2313 2410 2370 exhibet
2425 2313 2728 2383 antiquam
2744 2311 2904 2368 illam
2916 2328 3206 2368 canonum
3223 2311 3822 2368 Orientahumversio—

2176 2419 2332 2469 nem,
2368 2419 2492 2474 quae
2525 2401 2585 2456 in
2617 2417 2726 2456 usu
2756 2399 2867 2456 fuit
2896 2417 2999 2472 per
3019 2399 3217 2472 plures
3235 2400 3520 2456 Ecclesias
3545 2400 3819 2456 Occiden-

2177 2491 2328 2547 tales
2359 2495 2492 2546 ante
2516 2489 2928 2562 Dionysianam
2948 2489 2976 2544 ‘I
3003 2489 3162 2546 Hanc
3187 2488 3425 2562 quidem
3447 2507 3514 2546 ex
3535 2493 3692 2562 parte
3714 2489 3816 2546 ha-

2177 2582 2386 2636 bemus
2409 2580 2466 2635 in
2486 2578 2812 2634 Isidoriana
2836 2577 3186 2634 Collectione
3213 2580 3342 2647 ;sed
3365 2597 3470 2636 nec
3490 2579 3636 2636 hanc
3658 2578 3821 2635 illam

2179 2669 2479 2738 antiquam
2507 2684 2635 2724 esse
2667 2667 3056 2724 confidentius
3083 2668 3219 2740 quis
3249 2668 3630 2741 pronuntiare
3644 2685 3822 2725 ausus

2179 2761 2352 2827 esset,
2386 2761 2696 2828 antequam
2727 2755 2785 2810 id
2823 2773 2891 2812 ex
2921 2757 3046 2828 ejus
3105 2755 3413 2814 collatione
3460 2773 3596 2814 cum
3627 2762 3826 2815 nostra

2179 2849 2519 2920 appareret;
2555 2861 2659 2900 nec
2691 2846 2917 2902 sincera
2945 2844 3184 2904 omnino
3206 2845 3454 2902 habetur
3469 2848 3622 2920 apud
3641 2847 3826 2903 Isido-

2181 2952 2334 3003 rum,
2362 2935 2459 2990 sed
2483 2932 2730 2999 mendis,
2756 2932 3329 3005 interpolationihus,
3349 2932 3602 3006 aliisque
3633 2951 3827 2990 corru-

2181 3023 2354 3097 ptelis
2380 3022 2600 3078 vitiata.
2636 3022 2917 3079 Praeterea
2956 3021 3200 3094 antiqua
3253 3023 3526 3079 Romanae
3559 3023 3823 3080 Ecclesia:

2181 3111 2495 3185 disciplina
2525 3128 2591 3167 ex
2624 3112 2737 3168 ista
2765 3111 3031 3167 versione
3061 3110 3390 3179 innotescit,
3422 3112 3563 3168 dum
3595 3111 3826 3185 aliquos

2181 3217 2433 3258 canones
2461 3199 2781 3257 Orientales
2811 3201 2883 3256 ab
2905 3217 2974 3256 ea
3003 3218 3065 3257 re
3071 3201 3253 3272 jectos
3269 3202 3457 3269 docet,
3481 3201 3626 3258 alios
3645 3207 3830 3258 muta-

2182 3295 2275 3347 tos
2305 3305 2530 3361 suoque
2561 3290 2968 3346 accomodatos
3027 3288 3195 3346 usui:
3231 3290 3384 3362 quod
3444 3306 3512 3346 ex
3569 3289 3829 3362 Dionysii

2187 3381 2448 3437 versione
2496 3378 2808 3435 obscurum
2837 3382 3056 3446 manet,
3089 3379 3304 3451 quippe
3327 3379 3428 3451 qui
3473 3396 3723 3436 canones
3753 3380 3827 3435 ad

2183 3469 2550 3525 ﬁdemGraeci
2571 3467 3098 3536 textustranstulit,
3133 3485 3248 3524 non
3275 3467 3476 3524 habita
3503 3468 3727 3525 ratione
3744 3484 3831 3524 re-

2183 3562 2360 3632 cepta:
2383 3559 2455 3613 ab
2485 3556 2742 3613 Ecclesia
2772 3558 3036 3613 Romana
3065 3555 3407 3629 disciplinae.
3463 3557 3626 3614 Mitto
3671 3557 3832 3630 quod

2183 3646 2457 3718 antiquas
2476 3645 2816 3718 primasque
2846 3645 3024 3700 habet
3045 3645 3345 3701 versiones
3401 3651 3834 3717 opusculorum

2168 3729 2518 3792 sanctorum
2551 3734 2774 3806 aliquot
2796 3738 3058 3802 Patrum,
3088 3733 3190 3805 qui
3223 3731 3620 3806 saeculiquinti
3663 3733 3839 3791 initio

2182 3823 2433 3880 celebres
2457 3824 2634 3891 fuere,
2667 3827 2725 3878 et
2754 3822 3098 3892 pontificum
3132 3823 3528 3891 Romanorum
3557 3821 3842 3880 concilio-

2181 3929 2432 3984 rumque
2445 3929 2555 3967 usu
2568 3915 2942 3980 consecrata;
2961 3912 3115 3983 quod
3129 3915 3400 3968 Romanas
3433 3911 3844 3984 Africanae-que

2180 4000 2501 4073 disciplina
2535 4017 2748 4056 nexum
2783 3999 3066 4056 notiorem
3095 4000 3231 4056 facit
3257 4018 3269 4067 ;
3295 4000 3449 4072 quod
3479 3999 3675 4072 plures
3698 4002 3845 4058 fidei

2180 4087 2403 4146 libellos
2419 4107 2536 4162 qua
2547 4089 2752 4157 editos,
2774 4106 2890 4161 qua
2915 4105 3031 4144 non
3049 4089 3336 4145 anthcbac
3350 4090 3537 4146 editos
3556 4090 3853 4161 continet;

2183 4180 2337 4252 quod
2371 4178 2570 4250 aliqua
2590 4179 2995 4234 Africanorum
3021 4178 3329 4234 decretain
3373 4177 3542 4234 editis
3589 4183 3836 4250 praeter-

2184 4268 2368 4324 missa
2397 4266 2750 4339 redintegrat
2774 4284 2786 4333 ;
2821 4267 2975 4338 quod
2993 4264 3265 4338 epistolas
3297 4265 3522 4338 aliquot
3546 4270 3847 4323 Romano-

2185 4374 2316 4412 rum
2348 4356 2690 4429 pontilicum
2712 4355 2940 4428 aliaque
2970 4359 3346 4411 monumenta
3372 4355 3599 4427 egregie
3659 4355 3847 4412 inter-

2185 4446 2377 4518 polala
2407 4444 2726 4500 sinceritati
2759 4460 2877 4500 sua)
2907 4443 3164 4500 restituit
3195 4461 3209 4513 ;
3235 4444 3389 4515 quod
3419 4459 3530 4499 non
3555 4460 3621 4499 ea
3639 4445 3840 4503 solum

403 4525 795 4618 lsiasticorum
828 4531 1024 4622 codice
1047 4529 1316 4622 precibus
1343 4528 1620 4600 Stephani
1642 4531 1939 4601 adornato,
1959 4552 2073 4591 non
2105 4557 2152 4622 D
2182 4534 2555 4605 exhibetquze
2567 4533 2638 4587 ad
2662 4530 3037 4604 disciplinam
3051 4531 3501 4587 ecclesiasticam
3518 4531 3838 4604 pertinent,

405 4625 504 4679 "de
536 4623 735 4690 altero,
769 4621 824 4677 id
857 4619 1241 4675 Cassiodorus
1291 4623 1595 4674 asseveret.
1622 4620 1835 4676 Verum
1887 4624 1964 4678 sit
1995 4625 2076 4682 ita
2107 4619 2141 4622 “
2185 4625 2282 4680 sed
2303 4623 2478 4679 etiam
2507 4620 2794 4692 quidquid
2826 4621 2942 4676 fere
2973 4638 3076 4693 pro
3106 4620 3237 4676 ﬁdei
3263 4637 3439 4675 causa
3464 4624 3658 4674 actum
3685 4621 3834 4677 scri-

400 4711 499 4767 ‘de
531 4714 806 4782 utroque;
840 4709 958 4764 haec
979 4712 1173 4764 tamen
1205 4724 1323 4762 una
1343 4706 1470 4762 laus
1487 4707 2072 4783 CodicisDionysiani,

400 4790 412 4798 ’
428 4801 584 4872 quod
607 4799 819 4872 privati
835 4797 1090 4853 hominis
1110 4795 1401 4852 industria
1414 4796 1707 4865 conditus,
1731 4799 1802 4854 ab
1821 4801 2075 4857 Ecclesia

428 4889 693 4944 Romana
721 4886 1000 4954 meruerit
1018 4884 1302 4957 adoptari,
1323 4885 1565 4956 suisque
1586 4887 2072 4958 deputariusibus

427 4981 588 5034 sexto
619 4975 831 5033 saeculo
848 4977 971 5046 jam
1004 4973 1256 5031 mediam
1289 4978 1513 5046 partem
1553 4975 1770 5047 elapso.
1795 4979 1866 5032 At
1894 4980 2072 5034 codex

427 5069 629 5122 noster
654 5065 704 5120 is
722 5065 846 5136 ipse
859 5069 944 5119 est
958 5079 1131 5135 quem
1149 5063 1257 5118 sibi
1272 5063 1520 5118 confecit
1546 5063 1796 5120 Ecclesia
1809 5066 2072 5123 Romana

392 5146 406 5156 ’
425 5155 627 5211 statim
649 5157 822 5226 atque
852 5151 1066 5224 scripto
1082 5151 1212 5222 jure
1243 5155 1300 5206 et
1329 5151 1453 5222 ipsa
1484 5151 1881 5209 administrari
1899 5157 2072 5228 coepit

423 5247 480 5299 et
505 5241 789 5299 Ecclesias
814 5241 885 5297 ad
918 5257 1086 5297 suam
1118 5240 1546 5295 ordinationem
1579 5240 1934 5311 pertinentes
1966 5261 2068 5300 re-

395 5325 404 5332 ’
424 5346 578 5404 gere.
608 5332 908 5388 Enimvero
937 5335 1070 5387 ante
1093 5329 1356 5386 Nicaenos
1371 5326 1857 5401 Sardicensesque
1874 5333 2070 5389 condi-

495 5453 573 5528 (a)
605 5457 777 5528 Hunc,
797 5455 1054 5528 codicem
1083 5455 1376 5528 vetustum
1409 5449 1660 5528 quidem
1693 5456 1749 5528 et
1783 5454 2066 5513 eximium

387 5568 402 5580 .
418 5521 564 5582 esse
581 5543 751 5584 nemo
765 5525 1009 5582 inﬂciari
1034 5526 1243 5596 potest.
1270 5523 1342 5576 At
1359 5537 1463 5576 nec
1485 5521 1919 5596 amplissimum
1938 5545 2067 5586 esse

418 5597 684 5655 omnium
717 5594 1148 5658 collectionem,
1184 5608 1288 5648 nec
1319 5597 1639 5648 Romanam
1663 5594 2065 5656 collectionem

388 5668 706 5743 exhibere,
738 5667 960 5747 patebit
994 5683 1064 5738 ex
1092 5665 1164 5728 iis
1194 5680 1324 5760 quae
1353 5667 1512 5725 ιοωο
1544 5665 1713 5728 tertio
1754 5669 1824 5741 de
1859 5671 2063 5737 eodem

2181 4717 2470 4784 ptumque
2498 4714 2586 4765 est
2615 4709 2699 4764 vel
2721 4710 2790 4765 ab
2817 4709 3130 4779 apostolica
3144 4709 3299 4776 sede,
3326 4707 3415 4763 vel
3436 4709 3507 4763 ab
3531 4707 3662 4764 aliis
3707 4709 3838 4782 epi-

2182 4800 2372 4872 scopis
2402 4815 2502 4870 per
2532 4798 2632 4854 illa
2653 4802 2934 4871 tempora,
2971 4799 3028 4854 id
3063 4799 3242 4855 codex
3263 4796 3738 4869 comprehendit;
3771 4798 3839 4855 in

2181 4906 2296 4960 quo
2329 4891 2566 4960 praestat
2595 4892 2651 4942 et
2683 4887 3031 4960 Dionysiano
3063 4895 3118 4942 et
3137 4887 3358 4942 caeteris
3379 4903 3671 4942 canonum
3695 4903 3836 4942 con-

2179 4977 2636 5048 stitutorumque
2666 4977 2989 5042 codicibue,
3021 4975 3120 5046 qui
3162 4974 3308 5030 nihil
3341 4975 3412 5030 de
3458 4975 3634 5030 rebus
3665 4975 3834 5032 'ﬁdei

2179 5065 2498 5137 attingunt,
2529 5068 2576 5120 si
2603 5063 2857 5135 capitula
2881 5064 2951 5118 de
2972 5062 3160 5134 gratia
3177 5062 3424 5118 etlibero
3441 5062 3681 5118 arbitrio
3704 5067 3839 5124 Cm-

2177 5152 2370 5208 lestini
2403 5149 2663 5222 epistolas
2692 5167 2918 5206 annexa
2946 5150 3218 5223 excipias,
3245 5167 3372 5223 quae
3421 5151 3576 5224 apud
3607 5151 3833 5226 Diony-

2178 5245 2334 5299 sium
2365 5241 2657 5296 habentur
2684 5244 2741 5295 et
2767 5240 3180 5296 desiderantur
3223 5241 3283 5295 in
3306 5243 3524 5307 nostro,
3578 5245 3635 5298 et
3675 5241 3835 5298 Gan-

2177 5346 2416 5405 grenses
2447 5327 2992 5387 anathematismos.

2175 5455 2370 5513 codice
2399 5469 2465 5508 ac
2487 5452 2558 5526 de
2579 5451 2707 5509 aliis
2727 5453 3037 5526 incognitis
3058 5452 3499 5526 collectionibus
3530 5469 3826 5512 canonum

2176 5534 2228 5584 et
2251 5523 2738 5596 constitutionum
2757 5523 3090 5596 apostolicae
3102 5525 3258 5582 sedis
3278 5525 3411 5581 fuse
3432 5523 3825 5596 disputabun-

2175 5604 2302 5667 tur;
2339 5595 2644 5669 ubietiam‘
2685 5611 2753 5651 ea
2795 5595 3234 5669 confutabimus
3290 5613 3421 5669 quis
3476 5595 3828 5669 Paschasius

2174 5659 2525 5745 Quesnellus
2545 5667 2749 5732 eodem
2780 5684 2887 5730 suo
2931 5668 3262 5746 praejudioio
3282 5659 3530 5736 subinde
3578 5668 3823 5752 colligit.
