4092 6178
282 359 356 433 l5
1038 373 1110 435 Ρ.
1155 373 1595 446 QUESNELLI
1641 371 2055 436 PRIEFATIO
2097 373 2176 436 IN
2221 374 2435 440 SUAM
2478 377 2937 442 EDITIONEM.
3607 383 3686 444 46

349 507 481 564 Haec
513 508 571 563 et
600 502 715 562 alia
743 503 1242 579 hujusmodi,quze
1268 507 1394 564 suis
1424 505 1570 564 locis
1603 511 1931 577 occurrent,
1960 507 2016 574 Α
2044 508 2237 566 teries.
2272 510 2384 567 Sed
2417 511 2608 583 potior
2632 513 2776 570 ratio
2807 513 2940 583 fuit,
2972 513 3129 588 quod
3160 512 3368 574 Leonis
3413 513 3685 589 Epistolis

282 594 556 672 praeclara
585 594 826 667 quidem
854 598 1010 650 sunt.
1042 596 1167 653 Duo
1200 601 1399 653 tamen
1423 598 1632 670 praeter
1659 593 1762 652 illa
1791 599 1932 653 sunt
2039 613 2168 669 quis
2200 598 2454 672 Operam
2485 601 2615 672 ejus
2649 618 2786 674 pars
2807 605 2896 658 est
2924 601 3233 677 insignior,
3255 607 3396 662 sunt
3413 604 3573 662 velut
3590 620 3688 661 ne-

281 703 401 760 qua:
417 683 693 741 Ecclesiae
709 683 982 740 Romanis
1000 685 1298 742 studiosos
1317 684 1538 758 (ecquis
1558 701 1730 757 porro
1751 684 1931 758 hujus
2038 687 2361 745 cessarium
2393 689 2609 746 codicis
2638 690 3111 764 supplementum
3133 711 3146 763 ;
3171 709 3287 766 quo
3310 698 3552 765 resecto,
3585 709 3685 751 co-

281 775 582 832 studiosus
600 789 720 830 non
734 772 830 839 sit,
856 772 904 828 si
922 772 1250 830 catholicus
1266 774 1293 828 ‘?
1309 778 1364 830 et
1377 772 1934 846 antiquitatiseccle-
2038 777 2148 833 dex
2177 777 2461 835 nobiliore
2482 778 2574 835 sui
2589 783 2753 852 parte
2773 780 3038 838 minutus
3061 798 3418 856 mancusque
3429 783 3556 853 erit;
3572 798 3688 856 quo

280 863 525 921 siastica:
556 865 849 918 amatores
870 863 1060 934 magis
1090 862 1366 920 efﬁcient.
1400 862 1617 933 Unum,
1635 863 1792 935 quod
1824 879 1930 935 ope
2037 866 2286 937 adjecto,
2301 869 2428 939 jam
2450 868 2740 940 perfectus
2757 869 3284 943 est,integramque
3299 871 3689 944 exhibetjuris

281 955 455 1027 hujus
487 951 706 1009 codicis
722 951 1102 1024 dignoscitur,
1119 969 1246 1026 quae
1266 969 1450 1025 quove
1461 957 1722 1025 tempore
1735 950 1932 1008 Orien—
2037 953 2302 1010 canonici
2325 954 2535 1011 veteris
2554 955 2800 1012 Romani
2824 955 3263 1027 bibliothecam,
3287 973 3357 1014 ex
3377 975 3493 1030 qua
3511 957 3690 1016 eccle-

282 1044 422 1103 tales
452 1041 660 1115 synodi
679 1040 741 1099 in
757 1057 933 1096 usum
955 1047 1197 1114 recepta
1221 1041 1441 1098 fuerint
1468 1041 1527 1096 in
1545 1040 1802 1097 Ecclesia
1823 1041 1930 1097 Ro-
2037 1042 2285 1099 siasticaa
2315 1044 2843 1102 administrationis
2872 1043 3031 1119 leges
3062 1046 3417 1120 depromptae
3459 1063 3559 1120 per
3595 1050 3686 1106 tot

285 1149 474 1202 manu,
488 1147 603 1203 quo
622 1129 970 1186 Antiocheni
985 1147 1258 1200 canones,
1277 1129 1926 1203 Constantinopolitani,
2037 1133 2250 1189 secula
2279 1133 2517 1190 fuerunt
2547 1134 2619 1190 ab
2647 1134 2979 1208 apostolicae
3009 1136 3168 1194 sedis
3196 1134 3569 1208 praesulibus.

284 1220 554 1289 Africani,
585 1223 644 1278 et
672 1218 724 1276 si
757 1219 859 1292 qui
889 1218 988 1275 alii
1019 1218 1080 1275 in
1118 1219 1575 1276 controversiam
1621 1222 1924 1275 vocantur.
2108 1221 2396 1294 Epistolas
2421 1222 2626 1280 Leonis
2657 1223 3054 1280 necessarium
3079 1224 3198 1281 dixi
3215 1223 3434 1282 codicis
3453 1224 3687 1298 supple-

349 1310 611 1368 Alterum
643 1311 755 1375 est,
804 1324 875 1364 ex
903 1309 1106 1366 eodem
1153 1312 1354 1364 nostro
1403 1307 1599 1364 codice
1629 1306 1831 1380 repelli
1862 1324 1928 1364 ac
2040 1314 2326 1379 mentum,
2360 1310 2499 1383 quia
2527 1311 2676 1367 nihil
2707 1313 2946 1369 omnino
2978 1313 3135 1386 quod
3167 1313 3378 1370 Leonis
3403 1312 3482 1371 sit
3502 1313 3687 1371 codici

286 1401 551 1457 funditus
564 1396 806 1454 convelli
824 1397 1225 1471 impudentem
1254 1397 1635 1466 calumniam,
1655 1413 1832 1469 quam
1852 1397 1929 1452 fa-
2033 1396 2321 1456 insertum
2352 1399 2640 1457 habemus
2657 1400 2915 1474 (a):oum
2931 1406 3130 1459 tamen
3160 1402 3426 1461 omnium
3439 1401 3686 1467 aSiricio

283 1491 428 1548 mosi
459 1488 546 1544 illi
601 1486 1131 1560 Magdeburgenses
1180 1485 1600 1543 centuriatores
1649 1486 1927 1542 adevrsus
2036 1503 2188 1560 papa
2202 1505 2388 1562 usque
2400 1491 2472 1545 ad
2486 1490 2864 1546 Anastasium
2880 1491 3259 1564 Ilpraasulum
3281 1493 3685 1550 Romanorum

282 1577 685 1638 sanctissimos
708 1575 1015 1648 pontiﬁces
1040 1576 1334 1632 Romanos
1355 1575 1675 1642 Zosimum,
1695 1575 1927 1631 Bonifa-
2035 1577 2313 1649 epistolas
2344 1579 2669 1652 praecipuas
2691 1579 3132 1653 complectatur,
3157 1583 3414 1655 exceptis
3443 1583 3689 1640 Anasta-

281 1670 434 1727 cium
453 1664 899 1724 ethslestinum
925 1664 1377 1723 sceleratissime
1407 1667 1767 1729 struxerunt,
1791 1680 1925 1720 cum
2035 1665 2121 1722 sio
2153 1671 2195 1732 Ι,
2229 1667 2400 1739 cujus
2433 1667 2576 1723 nihil
2611 1673 2900 1741 superest,
2933 1670 3092 1726 Sixto
3126 1671 3221 1738 III,
3269 1671 3369 1743 qui
3399 1671 3500 1727 vix
3537 1671 3687 1729 duas

280 1776 375 1816 eos
407 1756 600 1832 palam
613 1758 672 1811 ct
701 1752 1432 1827 publicetraducuntvelut
1459 1754 1825 1810 Nicanorum
1837 1769 1926 1809 ca~
2033 1753 2328 1827 epistolas,
2357 1755 2624 1814 etHilaro
2640 1758 2768 1827 PP.,
2796 1758 2895 1830 qui
2913 1758 3112 1831 plures
3129 1758 3385 1833 scripsit.
3407 1759 3686 1818 Ettamen

280 1863 497 1906 nonum
522 1843 940 1911 atlulleratores,
999 1843 1288 1916 falsalores
1330 1853 1703 1916 corruptores:
1755 1840 1924 1914 quasi
1951 1880 2001 1948 Β
2033 1845 2201 1916 cujus
2233 1845 2700 1919 potiusepistolaa
2718 1848 2966 1904 suumin
2999 1849 3199 1906 codice
3213 1849 3408 1906 locum
3423 1848 3685 1906 obtinere

274 1955 370 2012 per
395 1939 637 1994 iamnane
663 1934 843 1991 scelus
860 1937 911 1990 et
935 1935 1291 2006 impietatem,
1313 1950 1378 1988 ac
1419 1934 1696 2005 furiosam
1739 1930 1923 1988 ambi-
1951 1930 2000 1948 "
2031 1933 2379 2004 debuerant,
2402 1951 2581 2007 quam
2613 1935 2846 2005 Leonis,
2878 1936 2978 2009 qui
3011 1941 3069 1993 et
3095 1936 3267 2011 plura
3295 1937 3518 1996 caeteris
3547 1938 3687 1996 scri-

277 2031 476 2085 tionem
505 2042 542 2081 a
569 2023 797 2082 Zosimo
824 2039 977 2096 papa
1006 2023 1222 2081 sciente
1251 2040 1317 2080 ac
1359 2023 1588 2080 volente
1633 2021 1924 2096 suppositi
2034 2023 2150 2094 psit
2177 2024 2250 2080 de
2279 2023 2602 2097 disciplinae
2651 2024 3058 2083 ecclesiasticis
3105 2027 3494 2096 observantia,
3535 2030 3593 2084 et
3621 2027 3683 2084 in

279 2118 393 2174 sint
422 2112 797 2172 Sardicenses
819 2129 1072 2170 canones
1096 2130 1200 2187 pro
1219 2112 1490 2181 Nicmnis,
1510 2129 1646 2169 cum
1662 2111 1794 2169 illos
1810 2112 1928 2170 sub
2031 2109 2354 2184 Pelagianis
2385 2111 2877 2187 Eutychianisque
2891 2115 3247 2173 damnandis
3267 2114 3418 2189 (quas
3433 2114 3683 2174 hareses

278 2207 640 2262 Nicenorum
656 2202 892 2260 nomine
905 2201 1350 2275 Carthaginensi
1380 2200 1632 2258 concilio
1650 2217 1752 2274 per
1771 2199 1923 2274 lega-
2031 2198 2323 2272 reliquum
2354 2200 2472 2258 fere
2502 2202 2718 2260 codicis
2747 2207 3058 2278 occupant)
3087 2220 3454 2279 parsmagna
3473 2204 3605 2276 fuit,
3624 2207 3684 2263 et

279 2301 370 2353 tos
399 2309 539 2351 suos
568 2290 779 2348 obtulit
805 2291 867 2347 in
887 2291 1349 2348 celebratissima
1376 2289 1481 2347 illa
1507 2288 1768 2364 Appiarii
1792 2306 1924 2362 pre-
2029 2286 2090 2347 in
2120 2288 2428 2361 posteriori
2449 2290 2626 2347 etiam
2639 2292 3148 2365 precipua‘ﬂstam
3166 2293 3548 2352 omissionem
3561 2310 3680 2351 non

282 2382 493 2457 sbyteri
523 2395 727 2438 causa:
747 2381 811 2436 In
838 2381 1177 2452 quone/aria
1203 2380 1552 2437 decretorum
1579 2381 1922 2436 Nicanorum
2030 2392 2100 2432 ex
2124 2393 2264 2435 casu
2276 2377 2364 2434 vel
2381 2378 2668 2437 oblivione
2685 2381 3023 2454 contigisse,
3051 2381 3237 2440 multo
3251 2382 3448 2440 minus
3460 2398 3529 2440 ex
3543 2399 3683 2440 con-

279 2472 679 2530 adalteratione
700 2469 1063 2542 pervicaciter
1085 2469 1742 2541 perstiterztBoni/acius,
1764 2467 1920 2525 homo
2027 2469 2255 2538 temptu
2285 2471 2482 2523 natam
2503 2468 2818 2541 quisquam
2839 2469 3067 2525 dixerit.
3085 2470 3163 2526 Ex
3191 2470 3485 2528 industria
3500 2471 3684 2544 igitur

275 2563 621 2626 ambitiosus,
651 2557 949 2631 inquiunt,
970 2561 1022 2613 et
1038 2559 1260 2631 impius,
1287 2575 1352 2613 ac
1362 2558 1724 2630 pertinaciter
1737 2571 1920 2629 perse-
2029 2555 2248 2611 factum
2285 2556 2357 2611 ab
2388 2555 2460 2611 iis
2483 2556 2584 2628 qui
2597 2557 2817 2614 codicis
2829 2557 3122 2630 capitibus
3137 2558 3198 2616 41
3231 2563 3289 2616 et
3315 2559 3386 2615 42
3413 2559 3566 2633 (quae
3585 2560 3690 2627 ad-

273 2651 544 2709 veraverit
574 2648 917 2704 Calatinus:
941 2647 1064 2704 licet
1079 2648 1400 2718 Africanam
1419 2646 1690 2720 syuodum
1701 2648 1922 2703 veriora
2028 2659 2235 2700 versus
2262 2643 2563 2717 Eutychen
2588 2649 2755 2718 gesta
2783 2645 3084 2703 continent
3110 2649 3170 2702 et
3198 2664 3234 2703 a
3256 2647 3444 2704 Leone
3480 2646 3684 2706 viden-

273 2739 612 2813 exemplaria
652 2738 1004 2795 Nicomomm
1043 2752 1317 2794 canonum
1349 2737 1831 2809 Constantinopoli
1869 2742 1922 2792 et
2028 2737 2128 2790 tur
2156 2732 2396 2806 inserta)
2429 2734 2616 2790 satius
2638 2734 2935 2791 duxerunt
2961 2751 3081 2792 una
3101 2735 3252 2792 serie
3301 2735 3681 2810 subiungere,
3766 2802 3771 2810 _

272 2827 612 2888 Alexandria
657 2827 944 2899 accepisse,
977 2841 1042 2880 ac
1087 2826 1407 2882 sceleratam
1448 2825 1703 2898 fraudem
1748 2825 1920 2897 falsa-
2029 2838 2158 2894 quas
2174 2822 3678 2900 adversuseosdemhaereticosactaerantSimplicio,

274 2928 460 2977 torum
486 2931 757 2973 canonum
786 2915 1048 2971 delectam
1075 2929 1207 2985 esse,
1226 2916 1394 2988 probe
1419 2917 1601 2972 sciret.
1634 2912 1924 2971 Certaerit
2030 2910 2218 2968 Felice
2246 2914 2304 2968 et
2330 2911 2558 2969 Gelasio
2590 2912 2868 2970 Romanis
2894 2911 3294 2986 pontiﬁcibus,
3317 2930 3496 2987 quam
3525 2917 3681 2972 acto-

276 3003 1228 3078 deincepsexcodicisinspectione
1243 3020 1358 3059 non
1376 3004 1567 3060 dicam
1580 3003 1920 3076 modoapud
2030 3017 2163 3056 rum
2190 3000 2354 3057 ﬁlum
2386 3000 2814 3074 interrumpere
2851 3000 3092 3074 prolixis
3133 3002 3341 3060 Leonis
3386 3003 3574 3061 nostri
3604 3003 3676 3063 de

279 3093 614 3160 catholicos,
647 3093 750 3149 sed
782 3095 838 3148 et
867 3092 1023 3164 apud
1045 3093 1282 3164 quosvis
1311 3109 1428 3148 non
1459 3092 1774 3164 desperatae
1792 3107 1924 3147 con-
2031 3089 2342 3163 multiplici
2355 3089 2600 3146 materia
2615 3089 2878 3163 epistolis
2898 3090 3223 3164 ;exquibus
3245 3091 3296 3148 si
3316 3095 3548 3150 tantum
3571 3091 3686 3150 ali-

281 3183 536 3242 scientise
562 3181 853 3248 homines,
877 3183 934 3237 et
953 3179 1237 3238 scelerata
1252 3180 1560 3237 hominum
1592 3183 1785 3236 mente
1798 3196 1921 3235 cor-
1966 3250 1974 3251 ί
2031 3178 2173 3251 quid
2191 3178 2549 3236 delibassent
2563 3179 2748 3235 codici
2765 3179 3165 3250 inserendum,
3190 3197 3314 3238 rem
3337 3181 3538 3240 minus
3557 3181 3678 3238 uti-

285 3276 586 3345 rupton
615 3269 924 3342 protervis,
939 3271 998 3325 et
1017 3268 1323 3326 sinceritas
1340 3269 1674 3340 candorque
1695 3268 1916 3340 episco-
1947 3250 1992 3321 (ἶ
2029 3250 2146 3322 lem
2176 3269 2234 3323 et
2261 3268 2629 3324 commodam
2653 3267 2862 3324 facturi
2875 3272 3090 3340 essent,
3113 3286 3293 3342 quam
3306 3286 3441 3327 cum
3461 3270 3656 3344 pleras
3671 3299 3690 3315 ο

289 3378 492 3434 porum
512 3357 1031 3430 Romanorum,qui
1045 3358 1201 3430 quod
1220 3362 1522 3431 acceptum
1538 3375 1572 3413 a
1594 3357 1922 3430 majoribus
2031 3373 2144 3428 que
2173 3356 2436 3428 ejusdem
2467 3356 2744 3429 epistolas
2774 3356 2835 3413 in
2866 3374 3051 3414 unum
3074 3375 3288 3432 corpus
3317 3358 3590 3418 collectas
3608 3359 3684 3417 ad

293 3450 358 3507 in
385 3466 486 3506 suo
512 3447 702 3504 codice
726 3446 1018 3520 legebant,
1051 3447 1206 3503 bona
1231 3446 1343 3502 fide
1360 3445 1749 3520 protulerunt;
1775 3463 1923 3519 quos
2037 3445 2255 3502 calcem
2288 3444 2503 3502 codicis
2531 3461 2798 3518 posuere,
2833 3450 2899 3502 ut
2926 3463 3032 3520 ego
3064 3448 3284 3506 factum
3315 3449 3605 3522 suspicor.

299 3554 423 3594 eam
449 3536 514 3593 ob
540 3553 657 3593 rem
689 3534 1032 3609 ignorantia:
1062 3551 1339 3591 accusare
1369 3552 1484 3591 non
1516 3535 1730 3607 possis,
1781 3534 1924 3607 quin
2103 3535 2460 3606 Conjecturzs
2481 3534 2616 3590 huic
2636 3537 2846 3591 nostrae
2871 3535 3226 3609 suffragatur
3244 3541 3564 3612 utrumque
3598 3554 3691 3596 co-

303 3625 575 3682 Africanos
593 3624 920 3698 episcopos,
948 3623 1296 3692 Orientales,
1331 3641 1396 3680 ac
1416 3623 1728 3697 plerosque
1757 3624 1924 3680 Occi-
2033 3622 2179 3679 dicis
2209 3621 2506 3694 exemplar
2519 3622 2993 3678 ms.Thuaneum
3026 3626 3083 3678 et
3103 3623 3526 3689 Oxoniense,ad
3547 3641 3692 3697 quo-

315 3713 545 3770 dentales
572 3712 1136 3788 pariterinsimules,
1154 3712 1370 3785 quibus
1385 3712 1820 3770 velnullatenus
1835 3712 1925 3769 vel
2034 3729 2165 3768 rum
2186 3710 2405 3768 calcem
2437 3710 2642 3767 Leonis
2662 3709 2921 3782 epistola:
2944 3711 3131 3768 instar
3160 3711 3556 3785 supplementi
3587 3714 3690 3770 de-

304 3802 853 3877 obscureadmodum
871 3802 1246 3858 innotuerant
1264 3802 1642 3859 Sardicenses
1672 3819 1926 3859 canones
2035 3800 2260 3873 scriptis
2287 3802 2453 3868 sunt;
2471 3799 2607 3855 utin
2620 3799 3031 3857 dissertatione
3047 3799 3394 3858 duodecima
3404 3800 3689 3874 diximus,

324 3905 387 3944 ac
405 3888 730 3947 Nicanorun:
763 3905 1073 3959 numerus,
1103 3891 1174 3946 de
1205 3908 1321 3964 quo
1343 3891 1414 3947 ad
1444 3895 1707 3948 nostram
1737 3907 1928 3964 usque
2035 3893 2092 3947 et
2121 3889 2180 3944 in
2209 3887 2398 3944 indice
2427 3887 2654 3962 integro
2687 3887 2974 3957 Thuanei,
3008 3905 3183 3962 quem
3214 3887 3397 3947 codici
3438 3889 3688 3964 praaﬁxi-

325 3981 517 4035 atatem
544 3978 928 4052 perseveravit
957 3979 1322 4036 eruditorum
1354 3981 1766 4038 controversia.
2037 3995 2190 4045 mus,
2222 3976 2475 4049 quisque
2506 3993 2740 4034 cernere
2771 3981 2980 4050 potest.

384 4066 487 4125 νη.
515 4068 633 4124 Hac
661 4068 900 4141 quidem
918 4068 1158 4141 optime,
1174 4068 1327 4125 dicet
1347 4068 1582 4142 aliquis,
1606 4087 1671 4125 ac
1684 4069 1929 4142 probata
2104 4071 2184 4122 De
2205 4066 2430 4122 caeteris
2441 4066 2622 4138 hujus
2634 4066 2952 4124 voluminis
2969 4067 3236 4140 partibus
3251 4065 3577 4142 vixaliquid
3591 4065 3687 4124 hic

327 4157 714 4214 manetutilitas
729 4157 1155 4228 sinceritasque
1166 4155 1383 4214 codicis
1403 4158 1531 4214 :sed
1545 4157 1929 4230 quamobrem
2035 4155 2321 4211 habemus
2352 4155 2740 4226 praefandum.
2760 4155 3249 4214 Dissertationum
3271 4157 3576 4214 materiem
3596 4173 3690 4214 cx-

326 4240 506 4300 Leonis
531 4246 806 4320 Operibus
822 4262 1106 4313 annexus,
1125 4244 1720 4318 utsimulprodirent?
1737 4245 1785 4302 si
1799 4245 1929 4318 qui-
2036 4244 2200 4301 hibet
2226 4243 2462 4299 illarum
2496 4244 2671 4300 index
2696 4261 2832 4300 mox
2853 4249 3184 4302 secuturus.
3206 4246 3387 4316 Notae,
3419 4246 3688 4304 observa-

325 4329 444 4388 dem
467 4333 551 4390 ille
577 4351 690 4390 una
704 4351 838 4390 cum
860 4333 1375 4390 dissertationibus
1389 4333 1499 4390 sibi
1514 4333 1934 4407 propriisvolu-
2036 4331 2637 4405 tioneslectionesque
2647 4333 2818 4389 varis:
2849 4350 2952 4406 per
2965 4349 3028 4390 se
3049 4333 3218 4390 claraa
3248 4336 3407 4391 sunt.
3425 4333 3690 4391 Plerum-

329 4417 457 4474 mini
482 4423 702 4479 seorsim
734 4422 1074 4480 excudendo
1105 4423 1372 4478 sufﬁcere
1401 4427 1644 4496 poterat.
2040 4439 2153 4496 que
2165 4421 2393 4479 codices
2406 4439 2550 4478 mss.
2585 4439 2653 4479 ex
2673 4422 2891 4494 quibus
2915 4422 3040 4478 ista:
3068 4426 3332 4491 manant,
3354 4421 3443 4478 vel
3457 4439 3584 4496 quea
3597 4437 3694 4496 ge-

398 4510 504 4564 Non
527 4528 629 4567 una
658 4512 916 4585 profecto
948 4510 1095 4567 ratio
1123 4511 1182 4566 id
1214 4510 1443 4567 consilii
1463 4511 1773 4584 persuasit.
1805 4513 1932 4568 Non
2040 4511 2286 4569 nuinam
2299 4509 3694 4584 restituere,designavi;saapebosomisirecense-

322 4595 496 4652 dicam
509 4615 599 4672 per
623 4601 676 4656 id
697 4599 983 4672 temporis
997 4617 1031 4655 a
1060 4616 1154 4656 me
1184 4599 1437 4656 codicem
1461 4599 1784 4669 inventum,
1799 4618 1933 4662 cum
1960 4623 2010 4691 Ι)
2039 4619 2124 4669 re,
2147 4618 2281 4657 cum
2293 4599 2918 4657 videlicetindubitatea
2929 4598 3297 4657 certitudinis
3311 4601 3402 4656 est
3416 4599 3697 4656 emenda-

316 4682 480 4741 Leoni
505 4688 713 4745 edendo
742 4689 1111 4757 incubarem,
1137 4691 1195 4743 et
1224 4688 1360 4744 inde
1391 4692 1587 4744 natam
1619 4693 1934 4762 utrumque
1960 4682 2002 4691 ’⁷
2041 4691 2124 4748 tio
2136 4690 2276 4747 etad
2289 4705 2418 4746 eam
2432 4689 2660 4746 codices
2673 4688 3471 4761 omnesconspirant.Earum
3485 4687 3697 4762 aliqua

313 4790 424 4830 uno
449 4780 602 4848 partu
649 4776 954 4834 emittendi
1003 4776 1450 4851 cogitationem;
1503 4779 1706 4834 eodem
1739 4779 1935 4835 codice
2043 4779 2383 4852 prolixiores
2413 4776 2682 4834 fortassis
2705 4775 3058 4833 videbuntur
3083 4780 3139 4832 et
3157 4775 3530 4848 aliquotenus
3555 4775 3700 4833 alie-

307 4877 436 4917 sum
463 4880 577 4922 esse
606 4867 857 4923 Leonem
882 4870 1184 4934 nostrum;
1208 4865 1551 4922 nonnullam
1568 4866 1758 4924 lucem
1783 4885 1852 4924 ex
1867 4884 1934 4924 eo
2043 4884 2163 4925 me:
2199 4867 2259 4923 in
2281 4866 2391 4923 hoc
2422 4865 2811 4938 plurimorum
2833 4864 3315 4937 eruditorumque
3337 4865 3695 4940 scriptorum

305 4952 582 5010 conciliari
613 4954 823 5012 Leonis
853 4955 1161 5028 Operibus,
1191 4971 1256 5010 ac
1270 4956 1594 5028 paresertim
1611 4973 1676 5012 eo
1703 4955 1812 5012 loci
1835 4956 1934 5012 ubi
2043 4955 2306 5028 exemplo
2318 4955 2631 5011 obsecutus
2655 4971 2810 5021 sum,
2830 4953 2930 5026 qui
2944 4953 3348 5028 perspicuitati
3366 4955 3555 5027 magis
3573 4957 3698 5010 stu-

304 5042 658 5100 Sardicenses
690 5060 942 5101 canones
972 5061 1079 5117 pro
1111 5043 1361 5100 Nicwnis
1393 5044 1463 5100 ab
1495 5060 1560 5100 eo
1591 5043 1931 5101 laudantur:
2044 5045 2223 5102 duere
2255 5061 2433 5116 quam
2456 5043 2744 5111 brevitati,
2777 5043 3059 5115 nefasque
3075 5044 3369 5100 duxerunt
3385 5059 3500 5099 non
3526 5039 3696 5098 eavel

305 5129 483 5186 multa
509 5133 631 5204 ejus
661 5138 830 5190 (etate
859 5133 918 5189 in
951 5133 1209 5189 codicem
1237 5133 1422 5189 fuisse
1451 5132 1634 5201 illata,
1660 5150 1934 5206 magnam
2045 5133 2234 5190 alieno
2266 5131 2391 5187 loco
2414 5130 2729 5198 illustrare,
2754 5147 2882 5203 quae
2912 5130 3264 5188 illustranda
3294 5130 3498 5204 quavis
3529 5145 3701 5186 occa-

308 5221 515 5286 partem
547 5222 615 5276 ab
635 5223 839 5278 eodem
866 5220 953 5276 illi
977 5222 1288 5290 insertam;
1315 5221 1630 5278 maximam
1662 5223 1940 5295 Eutychis
2046 5222 2210 5281 sione
2241 5221 2614 5277 occurebant.

308 5311 765 5382 sectatorumque
781 5311 912 5383 ejus
932 5313 1211 5368 damnata
1229 5311 1506 5383 dogmata
1534 5311 1798 5380 attinere,
1813 5328 1940 5384 quas
2119 5312 2184 5369 In
2197 5311 2290 5366 his
2303 5325 2752 5381 nonnumquam
2771 5326 2804 5365 a
2815 5307 3292 5366 doctissimorum
3305 5305 3562 5362 virorum
3576 5303 3705 5380 opi-

308 5397 529 5469 propria
546 5402 635 5456 est
655 5405 711 5456 et
731 5400 944 5458 Leonis
961 5399 1203 5458 victOria
1227 5403 1285 5456 et
1300 5399 1653 5472 scriptorum
1670 5402 1801 5474 ejus
1817 5418 1941 5458 ma-
2049 5399 2328 5457 nionibus
2355 5397 2706 5466 recedimus,
2739 5414 2838 5454 eas
2864 5397 3179 5472 aliquando
3197 5394 3372 5452 etiam
3391 5392 3710 5468 impugna-

371 5519 446 5598 ζα)
475 5521 681 5598 Leonis
712 5522 989 5598 epistolas
1020 5522 1264 5598 triginta
1281 5522 1596 5598 duas_huic
1616 5523 1943 5598 collectioni
2048 5523 2384 5583 vationibus
2399 5523 2472 5580 ad
2489 5523 2962 5598 dissertationem
2980 5520 3247 5598 ejusdem
3277 5519 3712 5597 duodecimam,

298 5585 483 5678 fuisse
509 5585 772 5678 insertas
792 5585 1314 5678 ianuimus‘annot.
1344 5597 1400 5678 ξε
1424 5595 1717 5678 Quesnelli
1737 5597 1946 5678 prteju-
2068 5613 2198 5678 quae
2228 5600 2387 5658 torno
2415 5595 2588 5657 tertio
2617 5595 2841 5660 edatur.

283 5659 679 5734 .diciumunde
689 5667 978 5747 originem
989 5659 1946 5746 duxerit,explicabimusin'obssra
