  <div class='ocr_page' id='page_1' title='image "/cluster/home/n/w/nwhite01/storage/ocr_20150623/54/hvd.32044054758636/031.png"; bbox 0 0 4092 6178; ppageno 0'>
   <div class='ocr_carea' id='block_1_1' title="bbox 422 342 3826 439">
    <p class='ocr_par' dir='ltr' id='par_1_1' title="bbox 422 342 3826 439">
     <span class='ocr_line' id='line_1_1' title="bbox 422 342 3826 439; baseline 0 -8"><span class='ocrx_word' id='word_1_1' title='bbox 422 373 498 432; x_wconf 75' lang='lat'><strong>47</strong></span> <span class='ocrx_word' id='word_1_2' title='bbox 1172 369 1242 426; x_wconf 76' lang='grc' dir='ltr'>ι).</span> <span class='ocrx_word' id='word_1_3' title='bbox 1288 366 1726 439; x_wconf 86' lang='lat' dir='ltr'>QUESNELLI</span> <span class='ocrx_word' id='word_1_4' title='bbox 1769 370 2191 433; x_wconf 65' lang='lat' dir='ltr'>PREFATIO</span> <span class='ocrx_word' id='word_1_5' title='bbox 2233 372 2313 432; x_wconf 87' lang='lat' dir='ltr'>1N</span> <span class='ocrx_word' id='word_1_6' title='bbox 2359 366 2572 434; x_wconf 88' lang='lat' dir='ltr'>SUAM</span> <span class='ocrx_word' id='word_1_7' title='bbox 2616 368 3078 434; x_wconf 78' lang='lat' dir='ltr'>EDITIONEM.</span> <span class='ocrx_word' id='word_1_8' title='bbox 3744 342 3826 432; x_wconf 54' lang='grc' dir='ltr'>δὲ</span> 
     </span>
    </p>
   </div>
   <div class='ocr_carea' id='block_1_2' title="bbox 422 467 3829 578">
    <p class='ocr_par' dir='ltr' id='par_1_2' title="bbox 422 467 3829 578">
     <span class='ocr_line' id='line_1_2' title="bbox 422 467 3829 578; baseline 0 -18"><span class='ocrx_word' id='word_1_9' title='bbox 422 496 712 573; x_wconf 89' lang='lat' dir='ltr'>mus;non</span> <span class='ocrx_word' id='word_1_10' title='bbox 724 499 1199 570; x_wconf 84' lang='lat' dir='ltr'>alloductiquam</span> <span class='ocrx_word' id='word_1_11' title='bbox 1210 467 1471 556; x_wconf 75' lang='lat' dir='ltr'>veritatis</span> <span class='ocrx_word' id='word_1_12' title='bbox 1498 499 1823 573; x_wconf 67' lang='lat' dir='ltr'>aperienda</span> <span class='ocrx_word' id='word_1_13' title='bbox 1842 502 2058 559; x_wconf 85' lang='lat' dir='ltr'>studio.</span> <span class='ocrx_word' id='word_1_14' title='bbox 2089 501 2147 572; x_wconf 75' lang='grc' dir='ltr'><strong>Α</strong></span> <span class='ocrx_word' id='word_1_15' title='bbox 2174 498 2506 559; x_wconf 71' lang='lat' dir='ltr'>Bernartius</span> <span class='ocrx_word' id='word_1_16' title='bbox 2521 500 2832 578; x_wconf 79' lang='lat' dir='ltr'>significat,</span> <span class='ocrx_word' id='word_1_17' title='bbox 2845 501 3265 577; x_wconf 79' lang='lat' dir='ltr'>ingratussim,</span> <span class='ocrx_word' id='word_1_18' title='bbox 3289 500 3341 559; x_wconf 89' lang='lat' dir='ltr'>si</span> <span class='ocrx_word' id='word_1_19' title='bbox 3350 490 3461 559; x_wconf 89' lang='lat' dir='ltr'>viri</span> <span class='ocrx_word' id='word_1_20' title='bbox 3481 514 3698 560; x_wconf 82' lang='lat' dir='ltr'><strong>nomen</strong></span> <span class='ocrx_word' id='word_1_21' title='bbox 3710 503 3829 561; x_wconf 83' lang='lat' dir='ltr'>hoc</span> 
     </span>
    </p>
   </div>
   <div class='ocr_carea' id='block_1_3' title="bbox 423 584 2067 664">
    <p class='ocr_par' dir='ltr' id='par_1_3' title="bbox 423 584 2067 664">
     <span class='ocr_line' id='line_1_3' title="bbox 423 584 2067 664; baseline -0.001 -15"><span class='ocrx_word' id='word_1_22' title='bbox 423 593 583 649; x_wconf 88' lang='lat' dir='ltr'>Hanc</span> <span class='ocrx_word' id='word_1_23' title='bbox 612 593 752 647; x_wconf 88' lang='lat' dir='ltr'>dum</span> <span class='ocrx_word' id='word_1_24' title='bbox 784 584 1007 644; x_wconf 85' lang='lat' dir='ltr'>sincere</span> <span class='ocrx_word' id='word_1_25' title='bbox 1055 586 1396 660; x_wconf 67' lang='lat' dir='ltr'>qumrimus,</span> <span class='ocrx_word' id='word_1_26' title='bbox 1428 589 1479 647; x_wconf 87' lang='lat' dir='ltr'>si</span> <span class='ocrx_word' id='word_1_27' title='bbox 1511 588 1583 644; x_wconf 88' lang='lat' dir='ltr'>ab</span> <span class='ocrx_word' id='word_1_28' title='bbox 1614 604 1684 646; x_wconf 90' lang='lat' dir='ltr'>ea</span> <span class='ocrx_word' id='word_1_29' title='bbox 1712 592 2067 664; x_wconf 79' lang='lat' dir='ltr'>quandoque</span> 
     </span>
    </p>
   </div>
   <div class='ocr_carea' id='block_1_4' title="bbox 422 676 2067 750">
    <p class='ocr_par' dir='ltr' id='par_1_4' title="bbox 422 676 2067 750">
     <span class='ocr_line' id='line_1_4' title="bbox 422 676 2067 750; baseline -0.001 -12"><span class='ocrx_word' id='word_1_30' title='bbox 422 683 689 738; x_wconf 81' lang='lat' dir='ltr'>aberrare</span> <span class='ocrx_word' id='word_1_31' title='bbox 708 676 972 750; x_wconf 86' lang='lat' dir='ltr'>eontigit,</span> <span class='ocrx_word' id='word_1_32' title='bbox 1008 678 1164 749; x_wconf 92' lang='lat' dir='ltr'>quod</span> <span class='ocrx_word' id='word_1_33' title='bbox 1195 693 1349 750; x_wconf 59' lang='lat' dir='ltr'>saepe</span> <span class='ocrx_word' id='word_1_34' title='bbox 1378 677 1663 736; x_wconf 86' lang='lat' dir='ltr'>accidisse</span> <span class='ocrx_word' id='word_1_35' title='bbox 1684 679 1831 735; x_wconf 88' lang='lat' dir='ltr'>mihi</span> <span class='ocrx_word' id='word_1_36' title='bbox 1855 680 2067 737; x_wconf 85' lang='lat' dir='ltr'>merito</span> 
     </span>
    </p>
   </div>
   <div class='ocr_carea' id='block_1_5' title="bbox 415 765 2070 840">
    <p class='ocr_par' dir='ltr' id='par_1_5' title="bbox 415 765 2070 840">
     <span class='ocr_line' id='line_1_5' title="bbox 415 765 2070 840; baseline -0.001 -13"><span class='ocrx_word' id='word_1_37' title='bbox 415 786 634 840; x_wconf 87' lang='lat' dir='ltr'>vereor,</span> <span class='ocrx_word' id='word_1_38' title='bbox 667 768 737 823; x_wconf 90' lang='lat' dir='ltr'>de</span> <span class='ocrx_word' id='word_1_39' title='bbox 765 782 959 822; x_wconf 87' lang='lat' dir='ltr'>errore</span> <span class='ocrx_word' id='word_1_40' title='bbox 987 783 1022 822; x_wconf 88' lang='lat' dir='ltr'>a</span> <span class='ocrx_word' id='word_1_41' title='bbox 1042 765 1322 839; x_wconf 89' lang='lat' dir='ltr'>quolibet,</span> <span class='ocrx_word' id='word_1_42' title='bbox 1348 766 1467 824; x_wconf 85' lang='lat' dir='ltr'>sive</span> <span class='ocrx_word' id='word_1_43' title='bbox 1496 768 1687 826; x_wconf 85' lang='lat' dir='ltr'>amico</span> <span class='ocrx_word' id='word_1_44' title='bbox 1705 769 1925 837; x_wconf 91' lang='lat' dir='ltr'>animo,</span> <span class='ocrx_word' id='word_1_45' title='bbox 1947 769 2070 827; x_wconf 86' lang='lat' dir='ltr'>sive</span> 
     </span>
    </p>
   </div>
   <div class='ocr_carea' id='block_1_6' title="bbox 414 854 2072 922">
    <p class='ocr_par' dir='ltr' id='par_1_6' title="bbox 414 854 2072 922">
     <span class='ocr_line' id='line_1_6' title="bbox 414 854 2072 922; baseline -0.001 -7"><span class='ocrx_word' id='word_1_46' title='bbox 414 856 652 915; x_wconf 91' lang='lat' dir='ltr'>inimico</span> <span class='ocrx_word' id='word_1_47' title='bbox 682 855 1007 922; x_wconf 78' lang='lat' dir='ltr'>admoneri,</span> <span class='ocrx_word' id='word_1_48' title='bbox 1042 855 1100 910; x_wconf 91' lang='lat' dir='ltr'>id</span> <span class='ocrx_word' id='word_1_49' title='bbox 1134 854 1327 912; x_wconf 80' lang='lat' dir='ltr'>laudis</span> <span class='ocrx_word' id='word_1_50' title='bbox 1359 873 1425 913; x_wconf 90' lang='lat' dir='ltr'>ao</span> <span class='ocrx_word' id='word_1_51' title='bbox 1453 858 1723 914; x_wconf 81' lang='lat' dir='ltr'>beneficii</span> <span class='ocrx_word' id='word_1_52' title='bbox 1759 858 1886 915; x_wconf 93' lang='lat' dir='ltr'>loco</span> <span class='ocrx_word' id='word_1_53' title='bbox 1917 857 2072 915; x_wconf 83' lang='lat' dir='ltr'>refe-</span> 
     </span>
    </p>
   </div>
   <div class='ocr_carea' id='block_1_7' title="bbox 417 945 2069 1021">
    <p class='ocr_par' dir='ltr' id='par_1_7' title="bbox 417 945 2069 1021">
     <span class='ocr_line' id='line_1_7' title="bbox 417 945 2069 1021; baseline -0.001 -17"><span class='ocrx_word' id='word_1_54' title='bbox 417 963 575 1016; x_wconf 89' lang='lat' dir='ltr'>ram;</span> <span class='ocrx_word' id='word_1_55' title='bbox 599 945 874 1003; x_wconf 90' lang='lat' dir='ltr'>eumdem</span> <span class='ocrx_word' id='word_1_56' title='bbox 905 959 1222 1018; x_wconf 84' lang='lat' dir='ltr'>agnoscere</span> <span class='ocrx_word' id='word_1_57' title='bbox 1252 962 1320 1002; x_wconf 91' lang='lat' dir='ltr'>ac</span> <span class='ocrx_word' id='word_1_58' title='bbox 1352 946 1564 1015; x_wconf 90' lang='lat' dir='ltr'>delere,</span> <span class='ocrx_word' id='word_1_59' title='bbox 1595 947 1852 1005; x_wconf 83' lang='lat' dir='ltr'>victoriae</span> <span class='ocrx_word' id='word_1_60' title='bbox 1887 948 2069 1021; x_wconf 83' lang='lat' dir='ltr'>depu-</span> 
     </span>
    </p>
   </div>
   <div class='ocr_carea' id='block_1_8' title="bbox 417 1038 577 1094">
    <p class='ocr_par' dir='ltr' id='par_1_8' title="bbox 417 1038 577 1094">
     <span class='ocr_line' id='line_1_8' title="bbox 417 1038 577 1094; baseline -0.013 -1"><span class='ocrx_word' id='word_1_61' title='bbox 417 1038 577 1094; x_wconf 87' lang='lat' dir='ltr'>tabo.</span> 
     </span>
    </p>
   </div>
   <div class='ocr_carea' id='block_1_9' title="bbox 494 1123 2074 1199">
    <p class='ocr_par' dir='ltr' id='par_1_9' title="bbox 494 1123 2074 1199">
     <span class='ocr_line' id='line_1_9' title="bbox 494 1123 2074 1199; baseline 0.002 -19"><span class='ocrx_word' id='word_1_62' title='bbox 494 1126 644 1181; x_wconf 86' lang='lat' dir='ltr'><strong>VIII.</strong></span> <span class='ocrx_word' id='word_1_63' title='bbox 678 1123 912 1180; x_wconf 70' lang='lat' dir='ltr'>Przefari</span> <span class='ocrx_word' id='word_1_64' title='bbox 940 1123 1291 1193; x_wconf 89' lang='lat' dir='ltr'>desinam,si</span> <span class='ocrx_word' id='word_1_65' title='bbox 1310 1124 1472 1198; x_wconf 89' lang='lat' dir='ltr'>prius</span> <span class='ocrx_word' id='word_1_66' title='bbox 1503 1126 1827 1199; x_wconf 72' lang='lat' dir='ltr'>praestitero</span> <span class='ocrx_word' id='word_1_67' title='bbox 1843 1125 2074 1183; x_wconf 88' lang='lat' dir='ltr'>nelitte-</span> 
     </span>
    </p>
   </div>
   <div class='ocr_carea' id='block_1_10' title="bbox 426 1213 2075 1289">
    <p class='ocr_par' dir='ltr' id='par_1_10' title="bbox 426 1213 2075 1289">
     <span class='ocr_line' id='line_1_10' title="bbox 426 1213 2075 1289; baseline 0 -18"><span class='ocrx_word' id='word_1_68' title='bbox 426 1214 619 1271; x_wconf 87' lang='lat' dir='ltr'>rarius</span> <span class='ocrx_word' id='word_1_69' title='bbox 651 1213 811 1270; x_wconf 84' lang='lat' dir='ltr'><strong>orbis</strong></span> <span class='ocrx_word' id='word_1_70' title='bbox 840 1214 1088 1286; x_wconf 84' lang='lat' dir='ltr'>ignoret,</span> <span class='ocrx_word' id='word_1_71' title='bbox 1121 1228 1372 1286; x_wconf 89' lang='lat' dir='ltr'>quorum</span> <span class='ocrx_word' id='word_1_72' title='bbox 1401 1215 1682 1272; x_wconf 85' lang='lat' dir='ltr'>beneﬁcio</span> <span class='ocrx_word' id='word_1_73' title='bbox 1721 1221 1989 1289; x_wconf 86' lang='lat' dir='ltr'>promota</span> <span class='ocrx_word' id='word_1_74' title='bbox 2018 1219 2075 1272; x_wconf 88' lang='lat' dir='ltr'>et</span> 
     </span>
    </p>
   </div>
   <div class='ocr_carea' id='block_1_11' title="bbox 422 1302 2073 1378">
    <p class='ocr_par' dir='ltr' id='par_1_11' title="bbox 422 1302 2073 1378">
     <span class='ocr_line' id='line_1_11' title="bbox 422 1302 2073 1378; baseline 0 -17"><span class='ocrx_word' id='word_1_75' title='bbox 422 1304 632 1376; x_wconf 78' lang='lat' dir='ltr'>adiuta</span> <span class='ocrx_word' id='word_1_76' title='bbox 659 1303 738 1359; x_wconf 87' lang='lat' dir='ltr'>sit</span> <span class='ocrx_word' id='word_1_77' title='bbox 765 1306 967 1359; x_wconf 87' lang='lat' dir='ltr'>nostra</span> <span class='ocrx_word' id='word_1_78' title='bbox 993 1302 1054 1359; x_wconf 90' lang='lat' dir='ltr'>in</span> <span class='ocrx_word' id='word_1_79' title='bbox 1085 1305 1460 1377; x_wconf 83' lang='lat' dir='ltr'>expurgando</span> <span class='ocrx_word' id='word_1_80' title='bbox 1493 1304 1683 1362; x_wconf 90' lang='lat' dir='ltr'>Leone</span> <span class='ocrx_word' id='word_1_81' title='bbox 1706 1316 1908 1378; x_wconf 83' lang='lat' dir='ltr'>‘opera,</span> <span class='ocrx_word' id='word_1_82' title='bbox 1931 1306 2073 1362; x_wconf 86' lang='lat' dir='ltr'>dum</span> 
     </span>
    </p>
   </div>
   <div class='ocr_carea' id='block_1_12' title="bbox 429 1392 2078 1469">
    <p class='ocr_par' dir='ltr' id='par_1_12' title="bbox 429 1392 2078 1469">
     <span class='ocr_line' id='line_1_12' title="bbox 429 1392 2078 1469; baseline 0.001 -18"><span class='ocrx_word' id='word_1_83' title='bbox 429 1392 697 1452; x_wconf 84' lang='lat' dir='ltr'>codicum</span> <span class='ocrx_word' id='word_1_84' title='bbox 728 1406 872 1449; x_wconf 82' lang='lat' dir='ltr'>mss.</span> <span class='ocrx_word' id='word_1_85' title='bbox 887 1392 1116 1465; x_wconf 88' lang='lat' dir='ltr'>copiam</span> <span class='ocrx_word' id='word_1_86' title='bbox 1131 1394 1414 1461; x_wconf 85' lang='lat' dir='ltr'>fecerunt,</span> <span class='ocrx_word' id='word_1_87' title='bbox 1428 1406 1778 1468; x_wconf 87' lang='lat' dir='ltr'>omnemque</span> <span class='ocrx_word' id='word_1_88' title='bbox 1796 1411 1966 1469; x_wconf 90' lang='lat' dir='ltr'>opem</span> <span class='ocrx_word' id='word_1_89' title='bbox 1982 1396 2078 1452; x_wconf 83' lang='lat' dir='ltr'>he-</span> 
     </span>
    </p>
   </div>
   <div class='ocr_carea' id='block_1_13' title="bbox 428 1481 2077 1554">
    <p class='ocr_par' dir='ltr' id='par_1_13' title="bbox 428 1481 2077 1554">
     <span class='ocr_line' id='line_1_13' title="bbox 428 1481 2077 1554; baseline 0.001 -15"><span class='ocrx_word' id='word_1_90' title='bbox 428 1481 635 1539; x_wconf 90' lang='lat' dir='ltr'>nevole</span> <span class='ocrx_word' id='word_1_91' title='bbox 665 1481 1059 1539; x_wconf 82' lang='lat' dir='ltr'>centulerunt.</span> <span class='ocrx_word' id='word_1_92' title='bbox 1094 1481 1274 1554; x_wconf 80' lang='lat' dir='ltr'>Regia</span> <span class='ocrx_word' id='word_1_93' title='bbox 1302 1481 1588 1538; x_wconf 91' lang='lat' dir='ltr'>librorum</span> <span class='ocrx_word' id='word_1_94' title='bbox 1618 1499 1762 1540; x_wconf 88' lang='lat' dir='ltr'>mss.</span> <span class='ocrx_word' id='word_1_95' title='bbox 1809 1483 1963 1540; x_wconf 84' lang='lat' dir='ltr'><strong>Gaza</strong></span> <span class='ocrx_word' id='word_1_96' title='bbox 1990 1483 2077 1540; x_wconf 81' lang='lat' dir='ltr'>uti</span> 
     </span>
    </p>
   </div>
   <div class='ocr_carea' id='block_1_14' title="bbox 429 1569 2080 1648">
    <p class='ocr_par' dir='ltr' id='par_1_14' title="bbox 429 1569 2080 1648">
     <span class='ocr_line' id='line_1_14' title="bbox 429 1569 2080 1648; baseline 0.001 -20"><span class='ocrx_word' id='word_1_97' title='bbox 429 1569 822 1630; x_wconf 86' lang='lat' dir='ltr'>libentissime</span> <span class='ocrx_word' id='word_1_98' title='bbox 838 1570 1105 1643; x_wconf 84' lang='lat' dir='ltr'>permisit</span> <span class='ocrx_word' id='word_1_99' title='bbox 1123 1571 1210 1626; x_wconf 90' lang='lat' dir='ltr'>vir</span> <span class='ocrx_word' id='word_1_100' title='bbox 1228 1570 1762 1629; x_wconf 83' lang='lat' dir='ltr'>clariss-D.Carcavi</span> <span class='ocrx_word' id='word_1_101' title='bbox 1783 1572 1965 1645; x_wconf 85' lang='lat' dir='ltr'>hujus</span> <span class='ocrx_word' id='word_1_102' title='bbox 1984 1582 2080 1648; x_wconf 81' lang='lat' dir='ltr'><strong>ga-</strong></span> 
     </span>
    </p>
   </div>
   <div class='ocr_carea' id='block_1_15' title="bbox 429 1659 2078 1734">
    <p class='ocr_par' dir='ltr' id='par_1_15' title="bbox 429 1659 2078 1734">
     <span class='ocr_line' id='line_1_15' title="bbox 429 1659 2078 1734; baseline 0.001 -17"><span class='ocrx_word' id='word_1_103' title='bbox 429 1659 1269 1733; x_wconf 69' lang='lat' dir='ltr'>zophylaciivigilantissimus‘</span> <span class='ocrx_word' id='word_1_104' title='bbox 1285 1660 1911 1734; x_wconf 78' lang='lat' dir='ltr'>praefectus.0uidquid</span> <span class='ocrx_word' id='word_1_105' title='bbox 1931 1679 1962 1718; x_wconf 91' lang='lat' dir='ltr'>e</span> <span class='ocrx_word' id='word_1_106' title='bbox 1981 1679 2078 1718; x_wconf 83' lang='lat' dir='ltr'>ce-</span> 
     </span>
    </p>
   </div>
   <div class='ocr_carea' id='block_1_16' title="bbox 2172 589 3824 665">
    <p class='ocr_par' dir='ltr' id='par_1_16' title="bbox 2172 589 3824 665">
     <span class='ocr_line' id='line_1_16' title="bbox 2172 589 3824 665; baseline 0.002 -18"><span class='ocrx_word' id='word_1_107' title='bbox 2172 589 2300 647; x_wconf 91' lang='lat' dir='ltr'>loco</span> <span class='ocrx_word' id='word_1_108' title='bbox 2331 590 2624 648; x_wconf 89' lang='lat' dir='ltr'>reticeam.</span> <span class='ocrx_word' id='word_1_109' title='bbox 2644 591 2841 664; x_wconf 87' lang='lat' dir='ltr'>Neque</span> <span class='ocrx_word' id='word_1_110' title='bbox 2863 596 3061 660; x_wconf 88' lang='lat' dir='ltr'>tuum,</span> <span class='ocrx_word' id='word_1_111' title='bbox 3091 590 3348 665; x_wconf 83' lang='lat' dir='ltr'>Josephe</span> <span class='ocrx_word' id='word_1_112' title='bbox 3377 591 3461 648; x_wconf 92' lang='lat' dir='ltr'>mi</span> <span class='ocrx_word' id='word_1_113' title='bbox 3484 592 3824 663; x_wconf 79' lang='lat' dir='ltr'>&#39;Quesnelle,</span> 
     </span>
    </p>
   </div>
   <div class='ocr_carea' id='block_1_17' title="bbox 2175 679 3829 755">
    <p class='ocr_par' dir='ltr' id='par_1_17' title="bbox 2175 679 3829 755">
     <span class='ocr_line' id='line_1_17' title="bbox 2175 679 3829 755; baseline 0.002 -19"><span class='ocrx_word' id='word_1_114' title='bbox 2175 679 2521 737; x_wconf 89' lang='lat' dir='ltr'>charissime</span> <span class='ocrx_word' id='word_1_115' title='bbox 2550 684 2782 753; x_wconf 80' lang='lat' dir='ltr'>agnata,</span> <span class='ocrx_word' id='word_1_116' title='bbox 2804 679 2896 738; x_wconf 83' lang='lat' dir='ltr'>vel</span> <span class='ocrx_word' id='word_1_117' title='bbox 2916 679 3150 738; x_wconf 87' lang='lat' dir='ltr'>silentio</span> <span class='ocrx_word' id='word_1_118' title='bbox 3181 694 3445 754; x_wconf 74' lang='lat' dir='ltr'>premere</span> <span class='ocrx_word' id='word_1_119' title='bbox 3464 690 3710 755; x_wconf 82' lang='lat' dir='ltr'>queam,</span> <span class='ocrx_word' id='word_1_120' title='bbox 3734 681 3829 741; x_wconf 87' lang='lat' dir='ltr'>vel</span> 
     </span>
    </p>
   </div>
   <div class='ocr_carea' id='block_1_18' title="bbox 2174 769 3828 845">
    <p class='ocr_par' dir='ltr' id='par_1_18' title="bbox 2174 769 3828 845">
     <span class='ocr_line' id='line_1_18' title="bbox 2174 769 3828 845; baseline 0.003 -20"><span class='ocrx_word' id='word_1_121' title='bbox 2174 770 2305 826; x_wconf 89' lang='lat' dir='ltr'>sine</span> <span class='ocrx_word' id='word_1_122' title='bbox 2325 769 2473 844; x_wconf 82' lang='lat' dir='ltr'><strong>grati</strong></span> <span class='ocrx_word' id='word_1_123' title='bbox 2495 769 2677 827; x_wconf 83' lang='lat' dir='ltr'>animi</span> <span class='ocrx_word' id='word_1_124' title='bbox 2698 769 3127 844; x_wconf 79' lang='lat' dir='ltr'>significatione</span> <span class='ocrx_word' id='word_1_125' title='bbox 3142 774 3733 845; x_wconf 82' lang='lat' dir='ltr'>commemorare,qui</span> <span class='ocrx_word' id='word_1_126' title='bbox 3746 788 3828 830; x_wconf 74' lang='lat' dir='ltr'>ex</span> 
     </span>
    </p>
   </div>
   <div class='ocr_carea' id='block_1_19' title="bbox 2176 858 3827 941">
    <p class='ocr_par' dir='ltr' id='par_1_19' title="bbox 2176 858 3827 941">
     <span class='ocr_line' id='line_1_19' title="bbox 2176 858 3827 941; baseline 0.004 -27"><span class='ocrx_word' id='word_1_127' title='bbox 2176 859 2470 916; x_wconf 89' lang='lat' dir='ltr'>ditissimo</span> <span class='ocrx_word' id='word_1_128' title='bbox 2501 858 2599 916; x_wconf 92' lang='lat' dir='ltr'>illo</span> <span class='ocrx_word' id='word_1_129' title='bbox 2631 858 3020 917; x_wconf 82' lang='lat' dir='ltr'>illustrissimi</span> <span class='ocrx_word' id='word_1_130' title='bbox 3052 860 3286 917; x_wconf 88' lang='lat' dir='ltr'>Thuani</span> <span class='ocrx_word' id='word_1_131' title='bbox 3314 876 3468 941; x_wconf 85' lang='lat' dir='ltr'>penu</span> <span class='ocrx_word' id='word_1_132' title='bbox 3520 860 3827 932; x_wconf 81' lang='lat' dir='ltr'>litterario,</span> 
     </span>
    </p>
   </div>
   <div class='ocr_carea' id='block_1_20' title="bbox 2178 948 3830 1022">
    <p class='ocr_par' dir='ltr' id='par_1_20' title="bbox 2178 948 3830 1022">
     <span class='ocr_line' id='line_1_20' title="bbox 2178 948 3830 1022; baseline 0.001 -17"><span class='ocrx_word' id='word_1_133' title='bbox 2178 948 2349 1020; x_wconf 89' lang='lat' dir='ltr'>cujus</span> <span class='ocrx_word' id='word_1_134' title='bbox 2361 948 2765 1006; x_wconf 80' lang='lat' dir='ltr'>ﬁdissimuses</span> <span class='ocrx_word' id='word_1_135' title='bbox 2775 965 3016 1022; x_wconf 88' lang='lat' dir='ltr'>promus</span> <span class='ocrx_word' id='word_1_136' title='bbox 3029 950 3272 1021; x_wconf 86' lang='lat' dir='ltr'>condus,</span> <span class='ocrx_word' id='word_1_137' title='bbox 3279 954 3336 1005; x_wconf 88' lang='lat' dir='ltr'>et</span> <span class='ocrx_word' id='word_1_138' title='bbox 3346 948 3563 1007; x_wconf 89' lang='lat' dir='ltr'>codicis</span> <span class='ocrx_word' id='word_1_139' title='bbox 3580 950 3830 1008; x_wconf 80' lang='lat' dir='ltr'>Romani</span> 
     </span>
    </p>
   </div>
   <div class='ocr_carea' id='block_1_21' title="bbox 2179 1037 3832 1110">
    <p class='ocr_par' dir='ltr' id='par_1_21' title="bbox 2179 1037 3832 1110">
     <span class='ocr_line' id='line_1_21' title="bbox 2179 1037 3832 1110; baseline 0.002 -16"><span class='ocrx_word' id='word_1_140' title='bbox 2179 1037 2599 1110; x_wconf 82' lang='lat' dir='ltr'>exemplarms.</span> <span class='ocrx_word' id='word_1_141' title='bbox 2614 1042 2671 1094; x_wconf 91' lang='lat' dir='ltr'>et</span> <span class='ocrx_word' id='word_1_142' title='bbox 2683 1041 2769 1094; x_wconf 88' lang='lat' dir='ltr'>tot</span> <span class='ocrx_word' id='word_1_143' title='bbox 2793 1037 3003 1095; x_wconf 89' lang='lat' dir='ltr'>Leonis</span> <span class='ocrx_word' id='word_1_144' title='bbox 3014 1054 3159 1096; x_wconf 88' lang='lat' dir='ltr'>mss.</span> <span class='ocrx_word' id='word_1_145' title='bbox 3177 1038 3409 1096; x_wconf 80' lang='lat' dir='ltr'>codices</span> <span class='ocrx_word' id='word_1_146' title='bbox 3420 1039 3832 1098; x_wconf 76' lang='lat' dir='ltr'>subministre-</span> 
     </span>
    </p>
   </div>
   <div class='ocr_carea' id='block_1_22' title="bbox 2180 1125 3829 1201">
    <p class='ocr_par' dir='ltr' id='par_1_22' title="bbox 2180 1125 3829 1201">
     <span class='ocr_line' id='line_1_22' title="bbox 2180 1125 3829 1201; baseline 0.003 -19"><span class='ocrx_word' id='word_1_147' title='bbox 2180 1127 2279 1194; x_wconf 89' lang='lat' dir='ltr'>sti,</span> <span class='ocrx_word' id='word_1_148' title='bbox 2311 1142 2428 1183; x_wconf 90' lang='lat' dir='ltr'>non</span> <span class='ocrx_word' id='word_1_149' title='bbox 2457 1125 2745 1201; x_wconf 84' lang='lat' dir='ltr'>singulari</span> <span class='ocrx_word' id='word_1_150' title='bbox 2771 1126 2834 1183; x_wconf 91' lang='lat' dir='ltr'>in</span> <span class='ocrx_word' id='word_1_151' title='bbox 2865 1142 2960 1184; x_wconf 89' lang='lat' dir='ltr'>me</span> <span class='ocrx_word' id='word_1_152' title='bbox 3008 1127 3222 1197; x_wconf 88' lang='lat' dir='ltr'>solum,</span> <span class='ocrx_word' id='word_1_153' title='bbox 3273 1128 3378 1184; x_wconf 91' lang='lat' dir='ltr'>sed</span> <span class='ocrx_word' id='word_1_154' title='bbox 3419 1132 3479 1185; x_wconf 91' lang='lat' dir='ltr'>et</span> <span class='ocrx_word' id='word_1_155' title='bbox 3513 1127 3576 1185; x_wconf 81' lang='lat' dir='ltr'>in</span> <span class='ocrx_word' id='word_1_156' title='bbox 3603 1127 3829 1187; x_wconf 72' lang='lat' dir='ltr'>litteras</span> 
     </span>
    </p>
   </div>
   <div class='ocr_carea' id='block_1_23' title="bbox 2182 1215 3831 1278">
    <p class='ocr_par' dir='ltr' id='par_1_23' title="bbox 2182 1215 3831 1278">
     <span class='ocr_line' id='line_1_23' title="bbox 2182 1215 3831 1278; baseline 0.004 -6"><span class='ocrx_word' id='word_1_157' title='bbox 2182 1232 2398 1273; x_wconf 89' lang='lat' dir='ltr'>amore.</span> <span class='ocrx_word' id='word_1_158' title='bbox 2428 1215 2837 1273; x_wconf 87' lang='lat' dir='ltr'>Clarissimum</span> <span class='ocrx_word' id='word_1_159' title='bbox 2882 1216 3077 1273; x_wconf 88' lang='lat' dir='ltr'>virum</span> <span class='ocrx_word' id='word_1_160' title='bbox 3100 1216 3169 1273; x_wconf 90' lang='lat' dir='ltr'>D.</span> <span class='ocrx_word' id='word_1_161' title='bbox 3218 1216 3366 1275; x_wconf 84' lang='lat' dir='ltr'>Vion</span> <span class='ocrx_word' id='word_1_162' title='bbox 3407 1216 3749 1276; x_wconf 83' lang='lat' dir='ltr'>d&#39;Herouval</span> <span class='ocrx_word' id='word_1_163' title='bbox 3778 1218 3831 1278; x_wconf 77' lang='lat' dir='ltr'>ei</span> 
     </span>
    </p>
   </div>
   <div class='ocr_carea' id='block_1_24' title="bbox 2180 1302 3831 1378">
    <p class='ocr_par' dir='ltr' id='par_1_24' title="bbox 2180 1302 3831 1378">
     <span class='ocr_line' id='line_1_24' title="bbox 2180 1302 3831 1378; baseline 0.002 -17"><span class='ocrx_word' id='word_1_164' title='bbox 2180 1321 2286 1378; x_wconf 89' lang='lat' dir='ltr'>pro</span> <span class='ocrx_word' id='word_1_165' title='bbox 2315 1302 2525 1360; x_wconf 88' lang='lat' dir='ltr'>collata</span> <span class='ocrx_word' id='word_1_166' title='bbox 2551 1304 2819 1363; x_wconf 83' lang='lat' dir='ltr'>codicum</span> <span class='ocrx_word' id='word_1_167' title='bbox 2848 1321 2956 1378; x_wconf 89' lang='lat' dir='ltr'>ope</span> <span class='ocrx_word' id='word_1_168' title='bbox 2974 1303 3217 1362; x_wconf 85' lang='lat' dir='ltr'>laudare</span> <span class='ocrx_word' id='word_1_169' title='bbox 3245 1305 3516 1377; x_wconf 84' lang='lat' dir='ltr'>omisero,</span> <span class='ocrx_word' id='word_1_170' title='bbox 3550 1306 3712 1366; x_wconf 88' lang='lat' dir='ltr'>solus</span> <span class='ocrx_word' id='word_1_171' title='bbox 3728 1324 3831 1365; x_wconf 82' lang='lat' dir='ltr'>ero</span> 
     </span>
    </p>
   </div>
   <div class='ocr_carea' id='block_1_25' title="bbox 2182 1392 3832 1470">
    <p class='ocr_par' dir='ltr' id='par_1_25' title="bbox 2182 1392 3832 1470">
     <span class='ocr_line' id='line_1_25' title="bbox 2182 1392 3832 1470; baseline 0.002 -20"><span class='ocrx_word' id='word_1_172' title='bbox 2182 1393 2450 1450; x_wconf 89' lang='lat' dir='ltr'>omnium</span> <span class='ocrx_word' id='word_1_173' title='bbox 2483 1393 2966 1466; x_wconf 65' lang='lat' dir='ltr'>quiveleruende</span> <span class='ocrx_word' id='word_1_174' title='bbox 2995 1393 3085 1452; x_wconf 90' lang='lat' dir='ltr'>vel</span> <span class='ocrx_word' id='word_1_175' title='bbox 3099 1392 3462 1453; x_wconf 75' lang='lat' dir='ltr'>illustrandae</span> <span class='ocrx_word' id='word_1_176' title='bbox 3492 1396 3832 1470; x_wconf 74' lang='lat' dir='ltr'>antiquitati</span> 
     </span>
    </p>
   </div>
   <div class='ocr_carea' id='block_1_26' title="bbox 2183 1481 3834 1559">
    <p class='ocr_par' dir='ltr' id='par_1_26' title="bbox 2183 1481 3834 1559">
     <span class='ocr_line' id='line_1_26' title="bbox 2183 1481 3834 1559; baseline 0.005 -20"><span class='ocrx_word' id='word_1_177' title='bbox 2183 1481 2546 1549; x_wconf 84' lang='lat' dir='ltr'>adlaborant,</span> <span class='ocrx_word' id='word_1_178' title='bbox 2578 1482 2701 1555; x_wconf 87' lang='lat' dir='ltr'>qui,</span> <span class='ocrx_word' id='word_1_179' title='bbox 2735 1498 2841 1539; x_wconf 88' lang='lat' dir='ltr'>nec</span> <span class='ocrx_word' id='word_1_180' title='bbox 2857 1482 2909 1539; x_wconf 91' lang='lat' dir='ltr'>si</span> <span class='ocrx_word' id='word_1_181' title='bbox 2932 1482 3133 1553; x_wconf 80' lang='lat' dir='ltr'>veiint,</span> <span class='ocrx_word' id='word_1_182' title='bbox 3156 1494 3221 1541; x_wconf 86' lang='lat' dir='ltr'>se</span> <span class='ocrx_word' id='word_1_183' title='bbox 3249 1484 3594 1543; x_wconf 75' lang='lat' dir='ltr'>subtrahere</span> <span class='ocrx_word' id='word_1_184' title='bbox 3615 1490 3834 1559; x_wconf 69' lang='lat' dir='ltr'>queant</span> 
     </span>
    </p>
   </div>
   <div class='ocr_carea' id='block_1_27' title="bbox 2185 1564 3833 1648">
    <p class='ocr_par' dir='ltr' id='par_1_27' title="bbox 2185 1564 3833 1648">
     <span class='ocr_line' id='line_1_27' title="bbox 2185 1564 3833 1648; baseline 0.003 -21"><span class='ocrx_word' id='word_1_185' title='bbox 2185 1570 2714 1628; x_wconf 84' lang='lat' dir='ltr'>beneﬁcentissimo</span> <span class='ocrx_word' id='word_1_186' title='bbox 2729 1572 2861 1645; x_wconf 84' lang='lat' dir='ltr'>ejus</span> <span class='ocrx_word' id='word_1_187' title='bbox 2872 1587 3015 1646; x_wconf 85' lang='lat' dir='ltr'>erga</span> <span class='ocrx_word' id='word_1_188' title='bbox 3039 1570 3266 1631; x_wconf 86' lang='lat' dir='ltr'>litteras</span> <span class='ocrx_word' id='word_1_189' title='bbox 3280 1564 3688 1648; x_wconf 75' lang='lat' dir='ltr'>litteratosque</span> <span class='ocrx_word' id='word_1_190' title='bbox 3706 1579 3833 1632; x_wconf 82' lang='lat' dir='ltr'>stu-</span> 
     </span>
    </p>
   </div>
   <div class='ocr_carea' id='block_1_28' title="bbox 2184 1658 3832 1738">
    <p class='ocr_par' dir='ltr' id='par_1_28' title="bbox 2184 1658 3832 1738">
     <span class='ocr_line' id='line_1_28' title="bbox 2184 1658 3832 1738; baseline 0.004 -22"><span class='ocrx_word' id='word_1_191' title='bbox 2184 1660 2305 1716; x_wconf 90' lang='lat' dir='ltr'>dio.</span> <span class='ocrx_word' id='word_1_192' title='bbox 2339 1658 2607 1727; x_wconf 74' lang='lat' dir='ltr'>Caeteros,</span> <span class='ocrx_word' id='word_1_193' title='bbox 2622 1660 2839 1734; x_wconf 84' lang='lat' dir='ltr'>quibus</span> <span class='ocrx_word' id='word_1_194' title='bbox 2854 1660 3081 1735; x_wconf 86' lang='lat' dir='ltr'>aliquid</span> <span class='ocrx_word' id='word_1_195' title='bbox 3090 1661 3361 1720; x_wconf 65' lang='lat' dir='ltr'>oﬂloiosae</span> <span class='ocrx_word' id='word_1_196' title='bbox 3373 1662 3504 1738; x_wconf 89' lang='lat' dir='ltr'>opis</span> <span class='ocrx_word' id='word_1_197' title='bbox 3525 1664 3832 1734; x_wconf 83' lang='lat' dir='ltr'>debemus,</span> 
     </span>
    </p>
   </div>
   <div class='ocr_carea' id='block_1_29' title="bbox 428 1748 3699 1823">
    <p class='ocr_par' dir='ltr' id='par_1_29' title="bbox 428 1748 3699 1823">
     <span class='ocr_line' id='line_1_29' title="bbox 428 1748 3699 1823; baseline 0.002 -17"><span class='ocrx_word' id='word_1_198' title='bbox 428 1749 745 1806; x_wconf 90' lang='lat' dir='ltr'>leberrima</span> <span class='ocrx_word' id='word_1_199' title='bbox 772 1748 1298 1820; x_wconf 84' lang='lat' dir='ltr'>Sangermanensis</span> <span class='ocrx_word' id='word_1_200' title='bbox 1309 1749 1555 1805; x_wconf 86' lang='lat' dir='ltr'>coenobii</span> <span class='ocrx_word' id='word_1_201' title='bbox 1568 1749 1919 1808; x_wconf 86' lang='lat' dir='ltr'>bibliotheca</span> <span class='ocrx_word' id='word_1_202' title='bbox 1947 1751 2083 1808; x_wconf 74' lang='lat' dir='ltr'>usui</span> <span class='ocrx_word' id='word_1_203' title='bbox 2186 1766 2297 1808; x_wconf 91' lang='lat' dir='ltr'>sua</span> <span class='ocrx_word' id='word_1_204' title='bbox 2323 1749 2451 1807; x_wconf 88' lang='lat' dir='ltr'>laus</span> <span class='ocrx_word' id='word_1_205' title='bbox 2481 1754 2681 1806; x_wconf 89' lang='lat' dir='ltr'>manet</span> <span class='ocrx_word' id='word_1_206' title='bbox 2708 1749 2959 1823; x_wconf 81' lang='lat' dir='ltr'>propriis</span> <span class='ocrx_word' id='word_1_207' title='bbox 2991 1750 3135 1809; x_wconf 86' lang='lat' dir='ltr'>locis</span> <span class='ocrx_word' id='word_1_208' title='bbox 3163 1754 3699 1813; x_wconf 81' lang='lat' dir='ltr'>commemoranda.</span> 
     </span>
    </p>
   </div>
   <div class='ocr_carea' id='block_1_30' title="bbox 433 1837 3837 1946">
    <p class='ocr_par' dir='ltr' id='par_1_30' title="bbox 433 1837 3837 1946">
     <span class='ocr_line' id='line_1_30' title="bbox 433 1837 3837 1946; baseline 0.002 -52"><span class='ocrx_word' id='word_1_209' title='bbox 433 1839 603 1895; x_wconf 92' lang='lat' dir='ltr'>nobis</span> <span class='ocrx_word' id='word_1_210' title='bbox 620 1854 748 1894; x_wconf 89' lang='lat' dir='ltr'>esse</span> <span class='ocrx_word' id='word_1_211' title='bbox 759 1837 968 1910; x_wconf 89' lang='lat' dir='ltr'>potuit,</span> <span class='ocrx_word' id='word_1_212' title='bbox 989 1853 1106 1910; x_wconf 85' lang='lat' dir='ltr'>qua</span> <span class='ocrx_word' id='word_1_213' title='bbox 1116 1850 1572 1911; x_wconf 86' lang='lat' dir='ltr'>excursum,qua</span> <span class='ocrx_word' id='word_1_214' title='bbox 1586 1839 2077 1913; x_wconf 84' lang='lat' dir='ltr'>m&#39;anuscriptum,</span> <span class='ocrx_word' id='word_1_215' title='bbox 2106 1878 2157 1946; x_wconf 80' lang='grc' dir='ltr'>Β</span> <span class='ocrx_word' id='word_1_216' title='bbox 2256 1840 2419 1905; x_wconf 87' lang='lat' dir='ltr'>Quod</span> <span class='ocrx_word' id='word_1_217' title='bbox 2451 1854 2557 1895; x_wconf 88' lang='lat' dir='ltr'>nec</span> <span class='ocrx_word' id='word_1_218' title='bbox 2576 1839 2901 1896; x_wconf 64' lang='lat' dir='ltr'>Caesaream</span> <span class='ocrx_word' id='word_1_219' title='bbox 2923 1839 3158 1897; x_wconf 79' lang='lat' dir='ltr'>Viennae</span> <span class='ocrx_word' id='word_1_220' title='bbox 3177 1840 3587 1900; x_wconf 83' lang='lat' dir='ltr'>bibliothecam</span> <span class='ocrx_word' id='word_1_221' title='bbox 3606 1844 3710 1917; x_wconf 75' lang='grc' dir='ltr'>(α),</span> <span class='ocrx_word' id='word_1_222' title='bbox 3726 1857 3837 1902; x_wconf 81' lang='lat' dir='ltr'>nec</span> 
     </span>
    </p>
   </div>
   <div class='ocr_carea' id='block_1_31' title="bbox 425 1926 3841 2006">
    <p class='ocr_par' dir='ltr' id='par_1_31' title="bbox 425 1926 3841 2006">
     <span class='ocr_line' id='line_1_31' title="bbox 425 1926 3841 2006; baseline 0.002 -22"><span class='ocrx_word' id='word_1_223' title='bbox 425 1929 482 1984; x_wconf 90' lang='lat' dir='ltr'>id</span> <span class='ocrx_word' id='word_1_224' title='bbox 508 1926 1102 1984; x_wconf 83' lang='lat' dir='ltr'>omnelib‘eralissime</span> <span class='ocrx_word' id='word_1_225' title='bbox 1116 1927 1376 1999; x_wconf 81' lang='lat' dir='ltr'>profudit</span> <span class='ocrx_word' id='word_1_226' title='bbox 1405 1928 1468 1984; x_wconf 77' lang='grc' dir='ltr'>Β.</span> <span class='ocrx_word' id='word_1_227' title='bbox 1499 1933 1564 1983; x_wconf 86' lang='grc' dir='ltr'>Ρ.</span> <span class='ocrx_word' id='word_1_228' title='bbox 1595 1928 1858 1985; x_wconf 89' lang='lat' dir='ltr'>Domnus</span> <span class='ocrx_word' id='word_1_229' title='bbox 1890 1930 2077 1986; x_wconf 86' lang='lat' dir='ltr'>Lucas</span> <span class='ocrx_word' id='word_1_230' title='bbox 2109 1926 2157 1946; x_wconf 82' lang='lat'><em>”</em></span> <span class='ocrx_word' id='word_1_231' title='bbox 2188 1929 2483 1985; x_wconf 78' lang='lat' dir='ltr'>Romanas</span> <span class='ocrx_word' id='word_1_232' title='bbox 2514 1927 2711 1998; x_wconf 80' lang='lat' dir='ltr'>laudo,</span> <span class='ocrx_word' id='word_1_233' title='bbox 2741 1929 2854 1985; x_wconf 87' lang='lat' dir='ltr'>erit</span> <span class='ocrx_word' id='word_1_234' title='bbox 2883 1929 2985 2002; x_wconf 88' lang='lat' dir='ltr'>qui</span> <span class='ocrx_word' id='word_1_235' title='bbox 3016 1936 3378 1998; x_wconf 79' lang='lat' dir='ltr'>succenseat,</span> <span class='ocrx_word' id='word_1_236' title='bbox 3408 1932 3579 2005; x_wconf 88' lang='lat' dir='ltr'>quasi</span> <span class='ocrx_word' id='word_1_237' title='bbox 3593 1933 3841 2006; x_wconf 82' lang='lat' dir='ltr'>opulen-</span> 
     </span>
    </p>
   </div>
   <div class='ocr_carea' id='block_1_32' title="bbox 428 2015 2080 2089">
    <p class='ocr_par' dir='ltr' id='par_1_32' title="bbox 428 2015 2080 2089">
     <span class='ocr_line' id='line_1_32' title="bbox 428 2015 2080 2089; baseline 0.001 -16"><span class='ocrx_word' id='word_1_238' title='bbox 428 2016 693 2084; x_wconf 87' lang='lat' dir='ltr'>Dacheri,</span> <span class='ocrx_word' id='word_1_239' title='bbox 728 2016 899 2087; x_wconf 83' lang='lat' dir='ltr'>cujus</span> <span class='ocrx_word' id='word_1_240' title='bbox 925 2015 1251 2072; x_wconf 86' lang='lat' dir='ltr'>doctrinam</span> <span class='ocrx_word' id='word_1_241' title='bbox 1270 2020 1327 2072; x_wconf 89' lang='lat' dir='ltr'>et</span> <span class='ocrx_word' id='word_1_242' title='bbox 1352 2017 1625 2089; x_wconf 83' lang='lat' dir='ltr'>pietatem</span> <span class='ocrx_word' id='word_1_243' title='bbox 1646 2033 1782 2073; x_wconf 90' lang='lat' dir='ltr'>cum</span> <span class='ocrx_word' id='word_1_244' title='bbox 1804 2017 2080 2075; x_wconf 83' lang='lat' dir='ltr'>omnibus</span> 
     </span>
    </p>
   </div>
   <div class='ocr_carea' id='block_1_33' title="bbox 428 2105 2079 2179">
    <p class='ocr_par' dir='ltr' id='par_1_33' title="bbox 428 2105 2079 2179">
     <span class='ocr_line' id='line_1_33' title="bbox 428 2105 2079 2179; baseline 0 -16"><span class='ocrx_word' id='word_1_245' title='bbox 428 2105 708 2178; x_wconf 89' lang='lat' dir='ltr'>suspicio,</span> <span class='ocrx_word' id='word_1_246' title='bbox 724 2107 816 2176; x_wconf 89' lang='lat' dir='ltr'>cuj</span> <span class='ocrx_word' id='word_1_247' title='bbox 826 2122 896 2161; x_wconf 90' lang='lat' dir='ltr'>us</span> <span class='ocrx_word' id='word_1_248' title='bbox 912 2105 1171 2161; x_wconf 84' lang='lat' dir='ltr'>amicitia</span> <span class='ocrx_word' id='word_1_249' title='bbox 1183 2121 1317 2161; x_wconf 89' lang='lat' dir='ltr'>cum</span> <span class='ocrx_word' id='word_1_250' title='bbox 1346 2106 1549 2178; x_wconf 86' lang='lat' dir='ltr'>paucis</span> <span class='ocrx_word' id='word_1_251' title='bbox 1561 2105 1705 2179; x_wconf 83' lang='lat' dir='ltr'><strong>glori</strong></span> <span class='ocrx_word' id='word_1_252' title='bbox 1713 2123 1796 2162; x_wconf 87' lang='lat' dir='ltr'>or.</span> <span class='ocrx_word' id='word_1_253' title='bbox 1809 2107 2079 2164; x_wconf 79' lang='lat' dir='ltr'>Codicem</span> 
     </span>
    </p>
   </div>
   <div class='ocr_carea' id='block_1_34' title="bbox 430 2192 2082 2266">
    <p class='ocr_par' dir='ltr' id='par_1_34' title="bbox 430 2192 2082 2266">
     <span class='ocr_line' id='line_1_34' title="bbox 430 2192 2082 2266; baseline 0.001 -15"><span class='ocrx_word' id='word_1_254' title='bbox 430 2193 640 2251; x_wconf 86' lang='lat' dir='ltr'>Leonis</span> <span class='ocrx_word' id='word_1_255' title='bbox 660 2194 1130 2266; x_wconf 81' lang='lat' dir='ltr'>manuscriptum</span> <span class='ocrx_word' id='word_1_256' title='bbox 1164 2192 1605 2266; x_wconf 88' lang='lat' dir='ltr'>perhumaniter</span> <span class='ocrx_word' id='word_1_257' title='bbox 1628 2194 2082 2253; x_wconf 86' lang='lat' dir='ltr'>communicavit</span> 
     </span>
    </p>
   </div>
   <div class='ocr_carea' id='block_1_35' title="bbox 430 2281 2079 2343">
    <p class='ocr_par' dir='ltr' id='par_1_35' title="bbox 430 2281 2079 2343">
     <span class='ocr_line' id='line_1_35' title="bbox 430 2281 2079 2343; baseline 0.002 -4"><span class='ocrx_word' id='word_1_258' title='bbox 430 2282 1056 2339; x_wconf 79' lang='lat' dir='ltr'>ditissimaeS.Victoris</span> <span class='ocrx_word' id='word_1_259' title='bbox 1069 2281 1428 2338; x_wconf 75' lang='lat' dir='ltr'>bibliothecae</span> <span class='ocrx_word' id='word_1_260' title='bbox 1441 2283 1869 2341; x_wconf 88' lang='lat' dir='ltr'>scientissimus</span> <span class='ocrx_word' id='word_1_261' title='bbox 1880 2290 2079 2343; x_wconf 85' lang='lat' dir='ltr'>custos</span> 
     </span>
    </p>
   </div>
   <div class='ocr_carea' id='block_1_36' title="bbox 431 2370 2079 2435">
    <p class='ocr_par' dir='ltr' id='par_1_36' title="bbox 431 2370 2079 2435">
     <span class='ocr_line' id='line_1_36' title="bbox 431 2370 2079 2435; baseline 0.001 -7"><span class='ocrx_word' id='word_1_262' title='bbox 431 2378 497 2428; x_wconf 84' lang='grc' dir='ltr'>Ι).</span> <span class='ocrx_word' id='word_1_263' title='bbox 531 2372 585 2428; x_wconf 92' lang='lat' dir='ltr'>le</span> <span class='ocrx_word' id='word_1_264' title='bbox 615 2370 968 2427; x_wconf 88' lang='lat' dir='ltr'>Tonnellier.</span> <span class='ocrx_word' id='word_1_265' title='bbox 999 2371 1295 2435; x_wconf 89' lang='lat' dir='ltr'>Quantum</span> <span class='ocrx_word' id='word_1_266' title='bbox 1319 2371 1562 2427; x_wconf 89' lang='lat' dir='ltr'>debeam</span> <span class='ocrx_word' id='word_1_267' title='bbox 1584 2370 1707 2429; x_wconf 89' lang='lat' dir='ltr'>viro</span> <span class='ocrx_word' id='word_1_268' title='bbox 1738 2374 2079 2431; x_wconf 87' lang='lat' dir='ltr'>doctissimo</span> 
     </span>
    </p>
   </div>
   <div class='ocr_carea' id='block_1_37' title="bbox 430 2459 2081 2520">
    <p class='ocr_par' dir='ltr' id='par_1_37' title="bbox 430 2459 2081 2520">
     <span class='ocr_line' id='line_1_37' title="bbox 430 2459 2081 2520; baseline 0.001 -2"><span class='ocrx_word' id='word_1_269' title='bbox 430 2462 702 2519; x_wconf 82' lang='lat' dir='ltr'>Eduardo</span> <span class='ocrx_word' id='word_1_270' title='bbox 733 2459 1025 2515; x_wconf 89' lang='lat' dir='ltr'>Bernardo</span> <span class='ocrx_word' id='word_1_271' title='bbox 1055 2460 1426 2515; x_wconf 66' lang='lat' dir='ltr'>astronomiae</span> <span class='ocrx_word' id='word_1_272' title='bbox 1450 2460 1512 2515; x_wconf 90' lang='lat' dir='ltr'>in</span> <span class='ocrx_word' id='word_1_273' title='bbox 1536 2461 1849 2519; x_wconf 83' lang='lat' dir='ltr'>Oxoniensi</span> <span class='ocrx_word' id='word_1_274' title='bbox 1880 2465 2081 2520; x_wconf 83' lang='lat' dir='ltr'>acade-</span> 
     </span>
    </p>
   </div>
   <div class='ocr_carea' id='block_1_38' title="bbox 412 2548 2079 2620">
    <p class='ocr_par' dir='ltr' id='par_1_38' title="bbox 412 2548 2079 2620">
     <span class='ocr_line' id='line_1_38' title="bbox 412 2548 2079 2620; baseline 0.001 -13"><span class='ocrx_word' id='word_1_275' title='bbox 412 2552 553 2608; x_wconf 60' lang='lat' dir='ltr'>‘mia</span> <span class='ocrx_word' id='word_1_276' title='bbox 569 2548 1216 2620; x_wconf 61' lang='lat' dir='ltr'>Savilianojprafessori,</span> <span class='ocrx_word' id='word_1_277' title='bbox 1244 2549 1435 2604; x_wconf 84' lang='lat' dir='ltr'>dicere</span> <span class='ocrx_word' id='word_1_278' title='bbox 1456 2566 1569 2605; x_wconf 92' lang='lat' dir='ltr'>non</span> <span class='ocrx_word' id='word_1_279' title='bbox 1599 2549 1781 2607; x_wconf 86' lang='lat' dir='ltr'>valeo.</span> <span class='ocrx_word' id='word_1_280' title='bbox 1803 2552 1930 2607; x_wconf 90' lang='lat' dir='ltr'>Non</span> <span class='ocrx_word' id='word_1_281' title='bbox 1950 2555 2079 2608; x_wconf 87' lang='lat' dir='ltr'>tan-</span> 
     </span>
    </p>
   </div>
   <div class='ocr_carea' id='block_1_39' title="bbox 431 2634 2081 2697">
    <p class='ocr_par' dir='ltr' id='par_1_39' title="bbox 431 2634 2081 2697">
     <span class='ocr_line' id='line_1_39' title="bbox 431 2634 2081 2697; baseline -0.001 0"><span class='ocrx_word' id='word_1_282' title='bbox 431 2645 561 2697; x_wconf 91' lang='lat' dir='ltr'>tum</span> <span class='ocrx_word' id='word_1_283' title='bbox 591 2638 750 2695; x_wconf 90' lang='lat' dir='ltr'>enim</span> <span class='ocrx_word' id='word_1_284' title='bbox 780 2634 997 2692; x_wconf 87' lang='lat' dir='ltr'>codicis</span> <span class='ocrx_word' id='word_1_285' title='bbox 1022 2635 1272 2692; x_wconf 82' lang='lat' dir='ltr'>Romani</span> <span class='ocrx_word' id='word_1_286' title='bbox 1290 2654 1499 2692; x_wconf 90' lang='lat' dir='ltr'>aurum</span> <span class='ocrx_word' id='word_1_287' title='bbox 1531 2644 1733 2696; x_wconf 88' lang='lat' dir='ltr'>contra</span> <span class='ocrx_word' id='word_1_288' title='bbox 1750 2639 2081 2696; x_wconf 79' lang='lat' dir='ltr'>aestimandi</span> 
     </span>
    </p>
   </div>
   <div class='ocr_carea' id='block_1_40' title="bbox 437 2725 2078 2802">
    <p class='ocr_par' dir='ltr' id='par_1_40' title="bbox 437 2725 2078 2802">
     <span class='ocr_line' id='line_1_40' title="bbox 437 2725 2078 2802; baseline 0.001 -18"><span class='ocrx_word' id='word_1_289' title='bbox 437 2727 839 2802; x_wconf 87' lang='lat' dir='ltr'>apographum</span> <span class='ocrx_word' id='word_1_290' title='bbox 854 2742 995 2782; x_wconf 91' lang='lat' dir='ltr'>cura</span> <span class='ocrx_word' id='word_1_291' title='bbox 1017 2742 1125 2781; x_wconf 90' lang='lat' dir='ltr'>sua</span> <span class='ocrx_word' id='word_1_292' title='bbox 1140 2725 1499 2799; x_wconf 88' lang='lat' dir='ltr'>descriptum</span> <span class='ocrx_word' id='word_1_293' title='bbox 1523 2725 1594 2782; x_wconf 90' lang='lat' dir='ltr'>ad</span> <span class='ocrx_word' id='word_1_294' title='bbox 1616 2742 1710 2783; x_wconf 92' lang='lat' dir='ltr'>me</span> <span class='ocrx_word' id='word_1_295' title='bbox 1728 2729 2078 2798; x_wconf 88' lang='lat' dir='ltr'>transmisit,</span> 
     </span>
    </p>
   </div>
   <div class='ocr_carea' id='block_1_41' title="bbox 433 2813 2081 2889">
    <p class='ocr_par' dir='ltr' id='par_1_41' title="bbox 433 2813 2081 2889">
     <span class='ocr_line' id='line_1_41' title="bbox 433 2813 2081 2889; baseline -0.001 -13"><span class='ocrx_word' id='word_1_296' title='bbox 433 2819 534 2876; x_wconf 88' lang='lat' dir='ltr'>sed</span> <span class='ocrx_word' id='word_1_297' title='bbox 557 2822 614 2874; x_wconf 92' lang='lat' dir='ltr'>et</span> <span class='ocrx_word' id='word_1_298' title='bbox 629 2813 1371 2872; x_wconf 83' lang='lat' dir='ltr'>bibliothecasOxonienses</span> <span class='ocrx_word' id='word_1_299' title='bbox 1388 2831 1623 2871; x_wconf 89' lang='lat' dir='ltr'>summa</span> <span class='ocrx_word' id='word_1_300' title='bbox 1641 2815 2081 2889; x_wconf 87' lang='lat' dir='ltr'>diligentiaipse</span> 
     </span>
    </p>
   </div>
   <div class='ocr_carea' id='block_1_42' title="bbox 417 2903 2078 2975">
    <p class='ocr_par' dir='ltr' id='par_1_42' title="bbox 417 2903 2078 2975">
     <span class='ocr_line' id='line_1_42' title="bbox 417 2903 2078 2975; baseline 0.001 -12"><span class='ocrx_word' id='word_1_301' title='bbox 417 2909 726 2964; x_wconf 78' lang='lat' dir='ltr'>scrutatus</span> <span class='ocrx_word' id='word_1_302' title='bbox 738 2903 1373 2971; x_wconf 87' lang='lat' dir='ltr'>e‘st,archivaLaudina,</span> <span class='ocrx_word' id='word_1_303' title='bbox 1396 2903 2078 2975; x_wconf 90' lang='lat' dir='ltr'>Bodleiana,0rielensia,</span> 
     </span>
    </p>
   </div>
   <div class='ocr_carea' id='block_1_43' title="bbox 426 2984 2080 3066">
    <p class='ocr_par' dir='ltr' id='par_1_43' title="bbox 426 2984 2080 3066">
     <span class='ocr_line' id='line_1_43' title="bbox 426 2984 2080 3066; baseline 0 -14"><span class='ocrx_word' id='word_1_304' title='bbox 426 2994 801 3066; x_wconf 88' lang='lat' dir='ltr'>Baliolensia,</span> <span class='ocrx_word' id='word_1_305' title='bbox 818 2984 1298 3061; x_wconf 75' lang='lat' dir='ltr'>‘Pemhrochiana,</span> <span class='ocrx_word' id='word_1_306' title='bbox 1324 2998 1455 3061; x_wconf 90' lang='lat' dir='ltr'>etc.,</span> <span class='ocrx_word' id='word_1_307' title='bbox 1470 2993 1747 3063; x_wconf 85' lang='lat' dir='ltr'>excussit,</span> <span class='ocrx_word' id='word_1_308' title='bbox 1762 2994 1855 3051; x_wconf 89' lang='lat' dir='ltr'>edi</span> <span class='ocrx_word' id='word_1_309' title='bbox 1867 3000 1923 3052; x_wconf 88' lang='lat' dir='ltr'>ta</span> <span class='ocrx_word' id='word_1_310' title='bbox 1943 3012 2080 3052; x_wconf 90' lang='lat' dir='ltr'>cum</span> 
     </span>
    </p>
   </div>
   <div class='ocr_carea' id='block_1_44' title="bbox 429 3071 2083 3157">
    <p class='ocr_par' dir='ltr' id='par_1_44' title="bbox 429 3071 2083 3157">
     <span class='ocr_line' id='line_1_44' title="bbox 429 3071 2083 3157; baseline -0.001 -14"><span class='ocrx_word' id='word_1_311' title='bbox 429 3088 585 3143; x_wconf 74' lang='lat' dir='ltr'>mss.</span> <span class='ocrx_word' id='word_1_312' title='bbox 610 3083 908 3140; x_wconf 87' lang='lat' dir='ltr'>codicibus</span> <span class='ocrx_word' id='word_1_313' title='bbox 934 3080 1199 3149; x_wconf 88' lang='lat' dir='ltr'>contulit,</span> <span class='ocrx_word' id='word_1_314' title='bbox 1220 3083 1411 3138; x_wconf 87' lang='lat' dir='ltr'>varias</span> <span class='ocrx_word' id='word_1_315' title='bbox 1432 3082 1713 3139; x_wconf 84' lang='lat' dir='ltr'>lectiones</span> <span class='ocrx_word' id='word_1_316' title='bbox 1730 3071 1967 3157; x_wconf 81' lang='lat' dir='ltr'>propria</span> <span class='ocrx_word' id='word_1_317' title='bbox 1986 3087 2083 3142; x_wconf 89' lang='lat' dir='ltr'>de-</span> 
     </span>
    </p>
   </div>
   <div class='ocr_carea' id='block_1_45' title="bbox 433 3170 2081 3246">
    <p class='ocr_par' dir='ltr' id='par_1_45' title="bbox 433 3170 2081 3246">
     <span class='ocr_line' id='line_1_45' title="bbox 433 3170 2081 3246; baseline -0.001 -16"><span class='ocrx_word' id='word_1_318' title='bbox 433 3173 672 3246; x_wconf 87' lang='lat' dir='ltr'>scripsit</span> <span class='ocrx_word' id='word_1_319' title='bbox 692 3189 891 3239; x_wconf 88' lang='lat' dir='ltr'>manu,</span> <span class='ocrx_word' id='word_1_320' title='bbox 915 3187 982 3226; x_wconf 90' lang='lat' dir='ltr'>ea</span> <span class='ocrx_word' id='word_1_321' title='bbox 998 3187 1156 3239; x_wconf 90' lang='lat' dir='ltr'>cura,</span> <span class='ocrx_word' id='word_1_322' title='bbox 1181 3187 1246 3225; x_wconf 91' lang='lat' dir='ltr'>eo</span> <span class='ocrx_word' id='word_1_323' title='bbox 1269 3170 1483 3238; x_wconf 90' lang='lat' dir='ltr'>studio,</span> <span class='ocrx_word' id='word_1_324' title='bbox 1504 3187 1571 3227; x_wconf 90' lang='lat' dir='ltr'>ea</span> <span class='ocrx_word' id='word_1_325' title='bbox 1589 3171 2081 3243; x_wconf 84' lang='lat' dir='ltr'>humanitate,cui</span> 
     </span>
    </p>
   </div>
   <div class='ocr_carea' id='block_1_46' title="bbox 2185 2015 3839 2095">
    <p class='ocr_par' dir='ltr' id='par_1_46' title="bbox 2185 2015 3839 2095">
     <span class='ocr_line' id='line_1_46' title="bbox 2185 2015 3839 2095; baseline 0.004 -22"><span class='ocrx_word' id='word_1_326' title='bbox 2185 2017 2421 2074; x_wconf 90' lang='lat' dir='ltr'>tissima</span> <span class='ocrx_word' id='word_1_327' title='bbox 2445 2015 2551 2073; x_wconf 90' lang='lat' dir='ltr'>illa</span> <span class='ocrx_word' id='word_1_328' title='bbox 2574 2024 2753 2092; x_wconf 72' lang='grc' dir='ltr'>ἀρχεεα</span> <span class='ocrx_word' id='word_1_329' title='bbox 2775 2018 2935 2074; x_wconf 90' lang='lat' dir='ltr'>adire</span> <span class='ocrx_word' id='word_1_330' title='bbox 2977 2017 3354 2092; x_wconf 80' lang='lat' dir='ltr'>neglexerim.</span> <span class='ocrx_word' id='word_1_331' title='bbox 3401 2020 3528 2076; x_wconf 84' lang='lat' dir='ltr'>Non</span> <span class='ocrx_word' id='word_1_332' title='bbox 3574 2021 3839 2095; x_wconf 70' lang='lat' dir='ltr'>proiecto</span> 
     </span>
    </p>
   </div>
   <div class='ocr_carea' id='block_1_47' title="bbox 2187 2106 3841 2180">
    <p class='ocr_par' dir='ltr' id='par_1_47' title="bbox 2187 2106 3841 2180">
     <span class='ocr_line' id='line_1_47' title="bbox 2187 2106 3841 2180; baseline 0.003 -17"><span class='ocrx_word' id='word_1_333' title='bbox 2187 2106 2420 2180; x_wconf 87' lang='lat' dir='ltr'>peperci</span> <span class='ocrx_word' id='word_1_334' title='bbox 2438 2122 2646 2178; x_wconf 70' lang='lat' dir='ltr'>operm,</span> <span class='ocrx_word' id='word_1_335' title='bbox 2678 2122 2795 2163; x_wconf 89' lang='lat' dir='ltr'>non</span> <span class='ocrx_word' id='word_1_336' title='bbox 2825 2106 3054 2176; x_wconf 83' lang='lat' dir='ltr'>amicis,</span> <span class='ocrx_word' id='word_1_337' title='bbox 3086 2122 3203 2180; x_wconf 91' lang='lat' dir='ltr'>quo</span> <span class='ocrx_word' id='word_1_338' title='bbox 3232 2109 3306 2164; x_wconf 85' lang='lat' dir='ltr'>ad</span> <span class='ocrx_word' id='word_1_339' title='bbox 3354 2107 3458 2164; x_wconf 86' lang='lat' dir='ltr'>illa</span> <span class='ocrx_word' id='word_1_340' title='bbox 3503 2106 3841 2168; x_wconf 80' lang='lat' dir='ltr'>litterarum</span> 
     </span>
    </p>
   </div>
   <div class='ocr_carea' id='block_1_48' title="bbox 2189 2194 3842 2271">
    <p class='ocr_par' dir='ltr' id='par_1_48' title="bbox 2189 2194 3842 2271">
     <span class='ocr_line' id='line_1_48' title="bbox 2189 2194 3842 2271; baseline 0.002 -20"><span class='ocrx_word' id='word_1_341' title='bbox 2189 2195 2365 2268; x_wconf 84' lang='lat' dir='ltr'>adyta</span> <span class='ocrx_word' id='word_1_342' title='bbox 2392 2194 2593 2252; x_wconf 87' lang='lat' dir='ltr'>liceret</span> <span class='ocrx_word' id='word_1_343' title='bbox 2620 2199 2951 2268; x_wconf 87' lang='lat' dir='ltr'>penetrare;</span> <span class='ocrx_word' id='word_1_344' title='bbox 2967 2195 3068 2252; x_wconf 89' lang='lat' dir='ltr'>sed</span> <span class='ocrx_word' id='word_1_345' title='bbox 3083 2196 3249 2253; x_wconf 80' lang='lat' dir='ltr'>irrito</span> <span class='ocrx_word' id='word_1_346' title='bbox 3262 2201 3504 2256; x_wconf 72' lang='lat' dir='ltr'>Iconatu.</span> <span class='ocrx_word' id='word_1_347' title='bbox 3526 2197 3842 2271; x_wconf 73' lang='lat' dir='ltr'>Optassem</span> 
     </span>
    </p>
   </div>
   <div class='ocr_carea' id='block_1_49' title="bbox 2186 2282 3840 2359">
    <p class='ocr_par' dir='ltr' id='par_1_49' title="bbox 2186 2282 3840 2359">
     <span class='ocr_line' id='line_1_49' title="bbox 2186 2282 3840 2359; baseline 0.004 -20"><span class='ocrx_word' id='word_1_348' title='bbox 2186 2282 2249 2339; x_wconf 91' lang='lat' dir='ltr'>in</span> <span class='ocrx_word' id='word_1_349' title='bbox 2282 2283 2491 2356; x_wconf 86' lang='lat' dir='ltr'>primis</span> <span class='ocrx_word' id='word_1_350' title='bbox 2521 2283 2816 2358; x_wconf 84' lang='lat' dir='ltr'>particeps</span> <span class='ocrx_word' id='word_1_351' title='bbox 2836 2283 2962 2341; x_wconf 82' lang='lat' dir='ltr'>fieri</span> <span class='ocrx_word' id='word_1_352' title='bbox 2983 2283 3203 2342; x_wconf 86' lang='lat' dir='ltr'>codicis</span> <span class='ocrx_word' id='word_1_353' title='bbox 3232 2285 3487 2359; x_wconf 63' lang='lat' dir='ltr'>Operam</span> <span class='ocrx_word' id='word_1_354' title='bbox 3514 2287 3574 2344; x_wconf 83' lang='lat'>8.</span> <span class='ocrx_word' id='word_1_355' title='bbox 3598 2286 3840 2359; x_wconf 76' lang='lat' dir='ltr'>Leonis,</span> 
     </span>
    </p>
   </div>
   <div class='ocr_carea' id='block_1_50' title="bbox 2188 2365 3843 2450">
    <p class='ocr_par' dir='ltr' id='par_1_50' title="bbox 2188 2365 3843 2450">
     <span class='ocr_line' id='line_1_50' title="bbox 2188 2365 3843 2450; baseline 0.003 -22"><span class='ocrx_word' id='word_1_356' title='bbox 2188 2387 2364 2445; x_wconf 88' lang='lat' dir='ltr'>quem</span> <span class='ocrx_word' id='word_1_357' title='bbox 2378 2372 2766 2429; x_wconf 83' lang='lat' dir='ltr'>adoctissimo</span> <span class='ocrx_word' id='word_1_358' title='bbox 2776 2373 2900 2429; x_wconf 90' lang='lat' dir='ltr'>viro</span> <span class='ocrx_word' id='word_1_359' title='bbox 2919 2365 3227 2431; x_wconf 71' lang='lat' dir='ltr'>Franciseo</span> <span class='ocrx_word' id='word_1_360' title='bbox 3252 2374 3445 2448; x_wconf 88' lang='lat' dir='ltr'>Pegna</span> <span class='ocrx_word' id='word_1_361' title='bbox 3463 2390 3599 2432; x_wconf 85' lang='lat' dir='ltr'>cum</span> <span class='ocrx_word' id='word_1_362' title='bbox 3622 2375 3843 2450; x_wconf 79' lang='lat' dir='ltr'>Roma-</span> 
     </span>
    </p>
   </div>
   <div class='ocr_carea' id='block_1_51' title="bbox 2188 2459 3842 2521">
    <p class='ocr_par' dir='ltr' id='par_1_51' title="bbox 2188 2459 3842 2521">
     <span class='ocr_line' id='line_1_51' title="bbox 2188 2459 3842 2521; baseline 0.003 -5"><span class='ocrx_word' id='word_1_363' title='bbox 2188 2474 2399 2517; x_wconf 87' lang='lat' dir='ltr'>narum</span> <span class='ocrx_word' id='word_1_364' title='bbox 2412 2459 2900 2517; x_wconf 77' lang='lat' dir='ltr'>bibliothecarum</span> <span class='ocrx_word' id='word_1_365' title='bbox 2928 2476 3072 2518; x_wconf 90' lang='lat' dir='ltr'>mss.</span> <span class='ocrx_word' id='word_1_366' title='bbox 3085 2461 3385 2519; x_wconf 83' lang='lat' dir='ltr'>codicibus</span> <span class='ocrx_word' id='word_1_367' title='bbox 3396 2462 3536 2520; x_wconf 73' lang='lat' dir='ltr'>olim</span> <span class='ocrx_word' id='word_1_368' title='bbox 3552 2462 3842 2521; x_wconf 71' lang='lat' dir='ltr'>scitatum</span> 
     </span>
    </p>
   </div>
   <div class='ocr_carea' id='block_1_52' title="bbox 2186 2548 3845 2627">
    <p class='ocr_par' dir='ltr' id='par_1_52' title="bbox 2186 2548 3845 2627">
     <span class='ocr_line' id='line_1_52' title="bbox 2186 2548 3845 2627; baseline 0.004 -22"><span class='ocrx_word' id='word_1_369' title='bbox 2186 2548 2510 2605; x_wconf 80' lang='lat' dir='ltr'>didiceram</span> <span class='ocrx_word' id='word_1_370' title='bbox 2537 2565 2572 2605; x_wconf 84' lang='lat' dir='ltr'>a</span> <span class='ocrx_word' id='word_1_371' title='bbox 2599 2548 2673 2605; x_wconf 91' lang='lat' dir='ltr'>cl.</span> <span class='ocrx_word' id='word_1_372' title='bbox 2696 2549 2819 2606; x_wconf 90' lang='lat' dir='ltr'>viro</span> <span class='ocrx_word' id='word_1_373' title='bbox 2838 2550 3111 2608; x_wconf 55' lang='lat' dir='ltr'>.Emerico</span> <span class='ocrx_word' id='word_1_374' title='bbox 3128 2551 3353 2625; x_wconf 88' lang='lat' dir='ltr'>Bigotio</span> <span class='ocrx_word' id='word_1_375' title='bbox 3383 2551 3845 2627; x_wconf 81' lang='lat' dir='ltr'>Rothomagenei</span> 
     </span>
    </p>
   </div>
   <div class='ocr_carea' id='block_1_53' title="bbox 2188 2637 3844 2699">
    <p class='ocr_par' dir='ltr' id='par_1_53' title="bbox 2188 2637 3844 2699">
     <span class='ocr_line' id='line_1_53' title="bbox 2188 2637 3844 2699; baseline 0.002 -5"><span class='ocrx_word' id='word_1_376' title='bbox 2188 2637 2534 2695; x_wconf 88' lang='lat' dir='ltr'>eruditionis</span> <span class='ocrx_word' id='word_1_377' title='bbox 2562 2638 2842 2695; x_wconf 75' lang='lat' dir='ltr'>omnibus</span> <span class='ocrx_word' id='word_1_378' title='bbox 2868 2637 3212 2697; x_wconf 81' lang='lat' dir='ltr'>notissimae.</span> <span class='ocrx_word' id='word_1_379' title='bbox 3242 2639 3439 2697; x_wconf 80' lang='lat' dir='ltr'>Codex</span> <span class='ocrx_word' id='word_1_380' title='bbox 3468 2640 3569 2698; x_wconf 85' lang='lat' dir='ltr'>ille</span> <span class='ocrx_word' id='word_1_381' title='bbox 3602 2645 3844 2699; x_wconf 73' lang='lat' dir='ltr'>mortuo</span> 
     </span>
    </p>
   </div>
   <div class='ocr_carea' id='block_1_54' title="bbox 2184 2726 3847 2804">
    <p class='ocr_par' dir='ltr' id='par_1_54' title="bbox 2184 2726 3847 2804">
     <span class='ocr_line' id='line_1_54' title="bbox 2184 2726 3847 2804; baseline 0.004 -22"><span class='ocrx_word' id='word_1_382' title='bbox 2184 2726 2498 2783; x_wconf 77' lang='lat' dir='ltr'>Francisco</span> <span class='ocrx_word' id='word_1_383' title='bbox 2530 2726 2819 2800; x_wconf 37' lang='lat' dir='ltr'>Pegnatad</span> <span class='ocrx_word' id='word_1_384' title='bbox 2849 2727 3103 2784; x_wconf 85' lang='lat' dir='ltr'>Marium</span> <span class='ocrx_word' id='word_1_385' title='bbox 3132 2729 3193 2785; x_wconf 71' lang='grc' dir='ltr'>Β.</span> <span class='ocrx_word' id='word_1_386' title='bbox 3234 2727 3442 2804; x_wconf 78' lang='lat' dir='ltr'>Angeli</span> <span class='ocrx_word' id='word_1_387' title='bbox 3490 2730 3847 2789; x_wconf 76' lang='lat' dir='ltr'>canonicum</span> 
     </span>
    </p>
   </div>
   <div class='ocr_carea' id='block_1_55' title="bbox 2176 2815 3853 2892">
    <p class='ocr_par' dir='ltr' id='par_1_55' title="bbox 2176 2815 3853 2892">
     <span class='ocr_line' id='line_1_55' title="bbox 2176 2815 3853 2892; baseline 0.004 -21"><span class='ocrx_word' id='word_1_388' title='bbox 2176 2815 2800 2889; x_wconf 40' lang='lat' dir='ltr'>’venerat,huncquein</span> <span class='ocrx_word' id='word_1_389' title='bbox 2813 2817 2945 2888; x_wconf 88' lang='lat' dir='ltr'>ejus</span> <span class='ocrx_word' id='word_1_390' title='bbox 2956 2816 3441 2892; x_wconf 69' lang='lat' dir='ltr'>bibliothecapras</span> <span class='ocrx_word' id='word_1_391' title='bbox 3454 2820 3733 2876; x_wconf 74' lang='lat' dir='ltr'>manibus</span> <span class='ocrx_word' id='word_1_392' title='bbox 3743 2818 3853 2877; x_wconf 80' lang='lat' dir='ltr'>ha-</span> 
     </span>
    </p>
   </div>
   <div class='ocr_carea' id='block_1_56' title="bbox 2188 2905 3854 2983">
    <p class='ocr_par' dir='ltr' id='par_1_56' title="bbox 2188 2905 3854 2983">
     <span class='ocr_line' id='line_1_56' title="bbox 2188 2905 3854 2983; baseline 0.005 -23"><span class='ocrx_word' id='word_1_393' title='bbox 2188 2905 2320 2961; x_wconf 89' lang='lat' dir='ltr'>buit</span> <span class='ocrx_word' id='word_1_394' title='bbox 2349 2905 2630 2979; x_wconf 86' lang='lat' dir='ltr'>Bigotius,</span> <span class='ocrx_word' id='word_1_395' title='bbox 2662 2905 2767 2977; x_wconf 82' lang='lat' dir='ltr'>qui</span> <span class='ocrx_word' id='word_1_396' title='bbox 2798 2908 2932 2978; x_wconf 88' lang='lat' dir='ltr'>post</span> <span class='ocrx_word' id='word_1_397' title='bbox 2958 2906 3127 2963; x_wconf 82' lang='lat' dir='ltr'>Marii</span> <span class='ocrx_word' id='word_1_398' title='bbox 3157 2912 3408 2965; x_wconf 88' lang='lat' dir='ltr'>mortem</span> <span class='ocrx_word' id='word_1_399' title='bbox 3428 2909 3501 2966; x_wconf 88' lang='lat' dir='ltr'>de</span> <span class='ocrx_word' id='word_1_400' title='bbox 3518 2909 3718 2967; x_wconf 84' lang='lat' dir='ltr'>codice</span> <span class='ocrx_word' id='word_1_401' title='bbox 3737 2924 3854 2983; x_wconf 78' lang='lat' dir='ltr'>per</span> 
     </span>
    </p>
   </div>
   <div class='ocr_carea' id='block_1_57' title="bbox 2189 2992 3852 3070">
    <p class='ocr_par' dir='ltr' id='par_1_57' title="bbox 2189 2992 3852 3070">
     <span class='ocr_line' id='line_1_57' title="bbox 2189 2992 3852 3070; baseline 0.005 -21"><span class='ocrx_word' id='word_1_402' title='bbox 2189 2992 2416 3051; x_wconf 86' lang='lat' dir='ltr'>litteras</span> <span class='ocrx_word' id='word_1_403' title='bbox 2446 2993 2779 3064; x_wconf 84' lang='lat' dir='ltr'>sciscitans,</span> <span class='ocrx_word' id='word_1_404' title='bbox 2799 2994 2958 3052; x_wconf 89' lang='lat' dir='ltr'>aliud</span> <span class='ocrx_word' id='word_1_405' title='bbox 2971 3010 3321 3070; x_wconf 82' lang='lat' dir='ltr'>responsum</span> <span class='ocrx_word' id='word_1_406' title='bbox 3352 3012 3471 3055; x_wconf 86' lang='lat' dir='ltr'>non</span> <span class='ocrx_word' id='word_1_407' title='bbox 3486 2997 3713 3068; x_wconf 79' lang='lat' dir='ltr'>retulit,</span> <span class='ocrx_word' id='word_1_408' title='bbox 3727 2998 3852 3057; x_wconf 73' lang='lat' dir='ltr'>nisi</span> 
     </span>
    </p>
   </div>
   <div class='ocr_carea' id='block_1_58' title="bbox 2189 3082 3852 3159">
    <p class='ocr_par' dir='ltr' id='par_1_58' title="bbox 2189 3082 3852 3159">
     <span class='ocr_line' id='line_1_58' title="bbox 2189 3082 3852 3159; baseline 0.003 -21"><span class='ocrx_word' id='word_1_409' title='bbox 2189 3082 2330 3155; x_wconf 90' lang='lat' dir='ltr'>quid</span> <span class='ocrx_word' id='word_1_410' title='bbox 2361 3083 2433 3139; x_wconf 90' lang='lat' dir='ltr'>de</span> <span class='ocrx_word' id='word_1_411' title='bbox 2453 3083 2555 3140; x_wconf 89' lang='lat' dir='ltr'>illo</span> <span class='ocrx_word' id='word_1_412' title='bbox 2566 3084 2785 3140; x_wconf 85' lang='lat' dir='ltr'>factum</span> <span class='ocrx_word' id='word_1_413' title='bbox 2798 3084 3236 3157; x_wconf 82' lang='lat' dir='ltr'>esset,ignorari</span> <span class='ocrx_word' id='word_1_414' title='bbox 3246 3085 3482 3142; x_wconf 87' lang='lat' dir='ltr'>.Forsan</span> <span class='ocrx_word' id='word_1_415' title='bbox 3495 3101 3622 3159; x_wconf 75' lang='lat' dir='ltr'>quas</span> <span class='ocrx_word' id='word_1_416' title='bbox 3639 3086 3852 3159; x_wconf 63' lang='lat' dir='ltr'>prima</span> 
     </span>
    </p>
   </div>
   <div class='ocr_carea' id='block_1_59' title="bbox 2191 3171 3852 3248">
    <p class='ocr_par' dir='ltr' id='par_1_59' title="bbox 2191 3171 3852 3248">
     <span class='ocr_line' id='line_1_59' title="bbox 2191 3171 3852 3248; baseline 0.004 -21"><span class='ocrx_word' id='word_1_417' title='bbox 2191 3171 2328 3228; x_wconf 87' lang='lat' dir='ltr'>huic</span> <span class='ocrx_word' id='word_1_418' title='bbox 2341 3171 2585 3228; x_wconf 86' lang='lat' dir='ltr'>editioni</span> <span class='ocrx_word' id='word_1_419' title='bbox 2594 3187 2709 3228; x_wconf 87' lang='lat' dir='ltr'>non</span> <span class='ocrx_word' id='word_1_420' title='bbox 2720 3172 3149 3240; x_wconf 79' lang='lat' dir='ltr'>adfuere,alteri</span> <span class='ocrx_word' id='word_1_421' title='bbox 3161 3174 3588 3244; x_wconf 73' lang='lat' dir='ltr'>adomandzn,si</span> <span class='ocrx_word' id='word_1_422' title='bbox 3603 3174 3852 3248; x_wconf 83' lang='lat' dir='ltr'>quando</span> 
     </span>
    </p>
   </div>
   <div class='ocr_carea' id='block_1_60' title="bbox 436 3241 3850 3338">
    <p class='ocr_par' dir='ltr' id='par_1_60' title="bbox 436 3241 3850 3338">
     <span class='ocr_line' id='line_1_60' title="bbox 436 3241 3850 3338; baseline 0.001 -18"><span class='ocrx_word' id='word_1_423' title='bbox 436 3241 637 3338; x_wconf 81' lang='lat' dir='ltr'>parem</span> <span class='ocrx_word' id='word_1_424' title='bbox 667 3262 763 3318; x_wconf 84' lang='lat' dir='ltr'>vix</span> <span class='ocrx_word' id='word_1_425' title='bbox 792 3277 858 3316; x_wconf 91' lang='lat' dir='ltr'>ac</span> <span class='ocrx_word' id='word_1_426' title='bbox 887 3277 962 3316; x_wconf 92' lang='lat' dir='ltr'>ne</span> <span class='ocrx_word' id='word_1_427' title='bbox 985 3259 1078 3313; x_wconf 82' lang='lat' dir='ltr'>vix</span> <span class='ocrx_word' id='word_1_428' title='bbox 1098 3259 1336 3331; x_wconf 88' lang='lat' dir='ltr'>quidem</span> <span class='ocrx_word' id='word_1_429' title='bbox 1358 3259 1640 3317; x_wconf 84' lang='lat' dir='ltr'>invenias.</span> <span class='ocrx_word' id='word_1_430' title='bbox 1668 3261 1783 3318; x_wconf 86' lang='lat' dir='ltr'>Nec</span> <span class='ocrx_word' id='word_1_431' title='bbox 1794 3262 1942 3319; x_wconf 86' lang='lat' dir='ltr'>satis</span> <span class='ocrx_word' id='word_1_432' title='bbox 1966 3241 2084 3320; x_wconf 62' lang='lat' dir='ltr'>fuit</span> <span class='ocrx_word' id='word_1_433' title='bbox 2103 3241 2157 3316; x_wconf 60' lang='grc' dir='ltr'><strong><em>ε</em></strong></span> <span class='ocrx_word' id='word_1_434' title='bbox 2189 3261 2250 3317; x_wconf 88' lang='lat' dir='ltr'>id</span> <span class='ocrx_word' id='word_1_435' title='bbox 2281 3261 2602 3335; x_wconf 82' lang='lat' dir='ltr'>contingat,</span> <span class='ocrx_word' id='word_1_436' title='bbox 2630 3262 3197 3335; x_wconf 76' lang='lat' dir='ltr'>suppeditabuutur;</span> <span class='ocrx_word' id='word_1_437' title='bbox 3227 3264 3386 3335; x_wconf 89' lang='lat' dir='ltr'>quod</span> <span class='ocrx_word' id='word_1_438' title='bbox 3411 3267 3474 3320; x_wconf 78' lang='lat' dir='ltr'>ut</span> <span class='ocrx_word' id='word_1_439' title='bbox 3493 3241 3850 3323; x_wconf 68' lang='lat' dir='ltr'>aberu‘d-itis</span> 
     </span>
    </p>
   </div>
   <div class='ocr_carea' id='block_1_61' title="bbox 437 3348 2083 3420">
    <p class='ocr_par' dir='ltr' id='par_1_61' title="bbox 437 3348 2083 3420">
     <span class='ocr_line' id='line_1_61' title="bbox 437 3348 2083 3420; baseline 0.001 -11"><span class='ocrx_word' id='word_1_440' title='bbox 437 3354 560 3409; x_wconf 88' lang='lat' dir='ltr'>viro</span> <span class='ocrx_word' id='word_1_441' title='bbox 591 3348 1005 3406; x_wconf 88' lang='lat' dir='ltr'>liberalissimo</span> <span class='ocrx_word' id='word_1_442' title='bbox 1026 3364 1136 3404; x_wconf 91' lang='lat' dir='ltr'>sua</span> <span class='ocrx_word' id='word_1_443' title='bbox 1155 3348 1505 3420; x_wconf 86' lang='lat' dir='ltr'>profudisse,</span> <span class='ocrx_word' id='word_1_444' title='bbox 1528 3349 1643 3406; x_wconf 91' lang='lat' dir='ltr'>nisi</span> <span class='ocrx_word' id='word_1_445' title='bbox 1673 3355 1729 3406; x_wconf 88' lang='lat' dir='ltr'>et</span> <span class='ocrx_word' id='word_1_446' title='bbox 1758 3351 2083 3410; x_wconf 86' lang='lat' dir='ltr'>amicorum</span> 
     </span>
    </p>
   </div>
   <div class='ocr_carea' id='block_1_62' title="bbox 440 3436 2089 3512">
    <p class='ocr_par' dir='ltr' id='par_1_62' title="bbox 440 3436 2089 3512">
     <span class='ocr_line' id='line_1_62' title="bbox 440 3436 2089 3512; baseline -0.001 -13"><span class='ocrx_word' id='word_1_447' title='bbox 440 3440 703 3500; x_wconf 86' lang='lat' dir='ltr'>studium</span> <span class='ocrx_word' id='word_1_448' title='bbox 717 3455 783 3495; x_wconf 90' lang='lat' dir='ltr'>ac</span> <span class='ocrx_word' id='word_1_449' title='bbox 795 3438 1052 3493; x_wconf 87' lang='lat' dir='ltr'>laborem</span> <span class='ocrx_word' id='word_1_450' title='bbox 1069 3436 1732 3512; x_wconf 86' lang='lat' dir='ltr'>impcndisset.quorum</span> <span class='ocrx_word' id='word_1_451' title='bbox 1744 3440 1929 3497; x_wconf 90' lang='lat' dir='ltr'>oculis</span> <span class='ocrx_word' id='word_1_452' title='bbox 1944 3441 2089 3498; x_wconf 87' lang='lat' dir='ltr'>Can-</span> 
     </span>
    </p>
   </div>
   <div class='ocr_carea' id='block_1_63' title="bbox 441 3525 2091 3603">
    <p class='ocr_par' dir='ltr' id='par_1_63' title="bbox 441 3525 2091 3603">
     <span class='ocr_line' id='line_1_63' title="bbox 441 3525 2091 3603; baseline 0 -16"><span class='ocrx_word' id='word_1_453' title='bbox 441 3530 805 3603; x_wconf 81' lang='lat' dir='ltr'>tabrigenses</span> <span class='ocrx_word' id='word_1_454' title='bbox 815 3525 1198 3584; x_wconf 88' lang='lat' dir='ltr'>bibliothecas</span> <span class='ocrx_word' id='word_1_455' title='bbox 1210 3530 1267 3582; x_wconf 91' lang='lat' dir='ltr'>et</span> <span class='ocrx_word' id='word_1_456' title='bbox 1284 3526 1514 3583; x_wconf 89' lang='lat' dir='ltr'>codices</span> <span class='ocrx_word' id='word_1_457' title='bbox 1536 3543 1680 3584; x_wconf 90' lang='lat' dir='ltr'>mss.</span> <span class='ocrx_word' id='word_1_458' title='bbox 1698 3528 1986 3596; x_wconf 86' lang='lat' dir='ltr'>lustravit,</span> <span class='ocrx_word' id='word_1_459' title='bbox 2005 3532 2091 3587; x_wconf 90' lang='lat' dir='ltr'>in-</span> 
     </span>
    </p>
   </div>
   <div class='ocr_carea' id='block_1_64' title="bbox 441 3614 2087 3693">
    <p class='ocr_par' dir='ltr' id='par_1_64' title="bbox 441 3614 2087 3693">
     <span class='ocr_line' id='line_1_64' title="bbox 441 3614 2087 3693; baseline -0.001 -16"><span class='ocrx_word' id='word_1_460' title='bbox 441 3621 629 3693; x_wconf 90' lang='lat' dir='ltr'>deque</span> <span class='ocrx_word' id='word_1_461' title='bbox 651 3620 950 3691; x_wconf 86' lang='lat' dir='ltr'>excerptas</span> <span class='ocrx_word' id='word_1_462' title='bbox 964 3614 1125 3671; x_wconf 90' lang='lat' dir='ltr'>misit</span> <span class='ocrx_word' id='word_1_463' title='bbox 1144 3615 1434 3673; x_wconf 87' lang='lat' dir='ltr'>variantes</span> <span class='ocrx_word' id='word_1_464' title='bbox 1460 3616 1754 3675; x_wconf 89' lang='lat' dir='ltr'>lectiones.</span> <span class='ocrx_word' id='word_1_465' title='bbox 1773 3619 2087 3676; x_wconf 85' lang='lat' dir='ltr'>Humanis-</span> 
     </span>
    </p>
   </div>
   <div class='ocr_carea' id='block_1_65' title="bbox 437 3696 2084 3779">
    <p class='ocr_par' dir='ltr' id='par_1_65' title="bbox 437 3696 2084 3779">
     <span class='ocr_line' id='line_1_65' title="bbox 437 3696 2084 3779; baseline -0.001 -13"><span class='ocrx_word' id='word_1_466' title='bbox 437 3710 589 3767; x_wconf 92' lang='lat' dir='ltr'>simo</span> <span class='ocrx_word' id='word_1_467' title='bbox 621 3709 689 3765; x_wconf 93' lang='lat' dir='ltr'>D.</span> <span class='ocrx_word' id='word_1_468' title='bbox 719 3707 954 3763; x_wconf 63' lang='lat' dir='ltr'>Thoma:</span> <span class='ocrx_word' id='word_1_469' title='bbox 984 3705 1122 3761; x_wconf 88' lang='lat' dir='ltr'>Gale</span> <span class='ocrx_word' id='word_1_470' title='bbox 1142 3705 1291 3760; x_wconf 86' lang='lat' dir='ltr'>hanc</span> <span class='ocrx_word' id='word_1_471' title='bbox 1309 3721 1401 3761; x_wconf 89' lang='lat' dir='ltr'>me</span> <span class='ocrx_word' id='word_1_472' title='bbox 1432 3722 1601 3778; x_wconf 93' lang='lat' dir='ltr'>opem</span> <span class='ocrx_word' id='word_1_473' title='bbox 1617 3696 1829 3763; x_wconf 88' lang='lat' dir='ltr'>debere</span> <span class='ocrx_word' id='word_1_474' title='bbox 1849 3708 2084 3779; x_wconf 88' lang='lat' dir='ltr'>quando</span> 
     </span>
    </p>
   </div>
   <div class='ocr_carea' id='block_1_66' title="bbox 505 3852 2082 3930">
    <p class='ocr_par' dir='ltr' id='par_1_66' title="bbox 505 3852 2082 3930">
     <span class='ocr_line' id='line_1_66' title="bbox 505 3852 2082 3930; baseline 0 -17"><span class='ocrx_word' id='word_1_475' title='bbox 505 3859 583 3930; x_wconf 80' lang='grc' dir='ltr'>(α)</span> <span class='ocrx_word' id='word_1_476' title='bbox 615 3862 701 3930; x_wconf 21' lang='grc' dir='ltr'>ΒΘΑ</span> <span class='ocrx_word' id='word_1_477' title='bbox 716 3856 1096 3930; x_wconf 60' lang='lat' dir='ltr'>Vindebonen</span> <span class='ocrx_word' id='word_1_478' title='bbox 1105 3852 1185 3930; x_wconf 84' lang='lat' dir='ltr'>sis</span> <span class='ocrx_word' id='word_1_479' title='bbox 1212 3857 1276 3930; x_wconf 80' lang='lat' dir='ltr'>et</span> <span class='ocrx_word' id='word_1_480' title='bbox 1290 3853 1684 3930; x_wconf 73' lang='lat' dir='ltr'>Romanorum</span> <span class='ocrx_word' id='word_1_481' title='bbox 1702 3855 2082 3930; x_wconf 78' lang='lat' dir='ltr'>bibliotheca-</span> 
     </span>
    </p>
   </div>
   <div class='ocr_carea' id='block_1_67' title="bbox 435 3925 2083 4010">
    <p class='ocr_par' dir='ltr' id='par_1_67' title="bbox 435 3925 2083 4010">
     <span class='ocr_line' id='line_1_67' title="bbox 435 3925 2083 4010; baseline 0 -25"><span class='ocrx_word' id='word_1_482' title='bbox 435 3925 588 4010; x_wconf 43' lang='lat' dir='ltr'>rum;</span> <span class='ocrx_word' id='word_1_483' title='bbox 603 3926 921 4010; x_wconf 60' lang='lat' dir='ltr'>codicibus,</span> <span class='ocrx_word' id='word_1_484' title='bbox 957 3927 1056 4010; x_wconf 77' lang='lat' dir='ltr'>qui</span> <span class='ocrx_word' id='word_1_485' title='bbox 1090 3925 1257 4010; x_wconf 69' lang='lat' dir='ltr'>nobis</span> <span class='ocrx_word' id='word_1_486' title='bbox 1288 3925 1421 3981; x_wconf 88' lang='lat' dir='ltr'>usui</span> <span class='ocrx_word' id='word_1_487' title='bbox 1453 3926 1708 4010; x_wconf 71' lang='lat' dir='ltr'>fuerunt,</span> <span class='ocrx_word' id='word_1_488' title='bbox 1742 3926 1801 4010; x_wconf 72' lang='lat' dir='ltr'>in</span> <span class='ocrx_word' id='word_1_489' title='bbox 1826 3929 2083 4010; x_wconf 74' lang='lat' dir='ltr'>generali</span> 
     </span>
    </p>
   </div>
   <div class='ocr_carea' id='block_1_68' title="bbox 438 3995 2081 4123">
    <p class='ocr_par' dir='ltr' id='par_1_68' title="bbox 438 3995 2081 4123">
     <span class='ocr_line' id='line_1_68' title="bbox 438 3995 2081 4073; baseline 0.001 -17"><span class='ocrx_word' id='word_1_490' title='bbox 438 3999 779 4073; x_wconf 68' lang='lat' dir='ltr'>precfatione</span> <span class='ocrx_word' id='word_1_491' title='bbox 800 3996 874 4053; x_wconf 87' lang='lat' dir='ltr'>ali</span> <span class='ocrx_word' id='word_1_492' title='bbox 922 3995 1024 4051; x_wconf 77' lang='lat' dir='ltr'>uid</span> <span class='ocrx_word' id='word_1_493' title='bbox 1052 3996 1384 4069; x_wconf 85' lang='lat' dir='ltr'>attigimus;</span> <span class='ocrx_word' id='word_1_494' title='bbox 1419 3995 1519 4051; x_wconf 89' lang='lat' dir='ltr'>sed</span> <span class='ocrx_word' id='word_1_495' title='bbox 1551 3997 1609 4051; x_wconf 90' lang='lat' dir='ltr'>in</span> <span class='ocrx_word' id='word_1_496' title='bbox 1682 3995 2081 4058; x_wconf 74' lang='lat' dir='ltr'>rzel‘afionibus</span> 
     </span>
     <span class='ocr_line' id='line_1_69' title="bbox 438 4014 2078 4123; baseline 0 0"><span class='ocrx_word' id='word_1_497' title='bbox 438 4069 826 4123; x_wconf 82' lang='lat' dir='ltr'>neculiaribus</span> <span class='ocrx_word' id='word_1_498' title='bbox 841 4014 1224 4123; x_wconf 58' lang='lat' dir='ltr'>agSermones</span> <span class='ocrx_word' id='word_1_499' title='bbox 1238 4070 1295 4122; x_wconf 87' lang='lat' dir='ltr'>et</span> <span class='ocrx_word' id='word_1_500' title='bbox 1311 4066 1600 4123; x_wconf 77' lang='lat' dir='ltr'>Epistolas</span> <span class='ocrx_word' id='word_1_501' title='bbox 1614 4015 1712 4123; x_wconf 54' lang='lat' dir='ltr'>plin</span> <span class='ocrx_word' id='word_1_502' title='bbox 1721 4069 2078 4123; x_wconf 86' lang='lat' dir='ltr'>ra.Codicem</span> 
     </span>
    </p>
   </div>
   <div class='ocr_carea' id='block_1_69' title="bbox 430 4066 2079 4146">
    <p class='ocr_par' dir='ltr' id='par_1_69' title="bbox 430 4066 2079 4146">
     <span class='ocr_line' id='line_1_70' title="bbox 430 4066 2079 4146; baseline 0.001 -18"><span class='ocrx_word' id='word_1_503' title='bbox 430 4066 826 4146; x_wconf 79' lang='lat' dir='ltr'>peculiaribus</span> <span class='ocrx_word' id='word_1_504' title='bbox 841 4066 1224 4123; x_wconf 80' lang='lat' dir='ltr'>adSermones</span> <span class='ocrx_word' id='word_1_505' title='bbox 1238 4070 1295 4122; x_wconf 87' lang='lat' dir='ltr'>et</span> <span class='ocrx_word' id='word_1_506' title='bbox 1311 4066 1600 4139; x_wconf 89' lang='lat' dir='ltr'>Epistolas</span> <span class='ocrx_word' id='word_1_507' title='bbox 1613 4066 1712 4141; x_wconf 74' lang='lat' dir='ltr'>plu</span> <span class='ocrx_word' id='word_1_508' title='bbox 1721 4069 2079 4129; x_wconf 88' lang='lat' dir='ltr'>ra.Codicem</span> 
     </span>
    </p>
   </div>
   <div class='ocr_carea' id='block_1_70' title="bbox 2193 3351 3850 3425">
    <p class='ocr_par' dir='ltr' id='par_1_70' title="bbox 2193 3351 3850 3425">
     <span class='ocr_line' id='line_1_71' title="bbox 2193 3351 3850 3425; baseline 0.004 -18"><span class='ocrx_word' id='word_1_509' title='bbox 2193 3351 2470 3407; x_wconf 89' lang='lat' dir='ltr'>omnibus</span> <span class='ocrx_word' id='word_1_510' title='bbox 2501 3355 2768 3423; x_wconf 88' lang='lat' dir='ltr'>prompto</span> <span class='ocrx_word' id='word_1_511' title='bbox 2800 3351 2996 3408; x_wconf 90' lang='lat' dir='ltr'>animo</span> <span class='ocrx_word' id='word_1_512' title='bbox 3026 3355 3350 3424; x_wconf 62' lang='lat' dir='ltr'>praetetur,</span> <span class='ocrx_word' id='word_1_513' title='bbox 3381 3369 3488 3425; x_wconf 91' lang='lat' dir='ltr'>pro</span> <span class='ocrx_word' id='word_1_514' title='bbox 3515 3368 3749 3410; x_wconf 83' lang='lat' dir='ltr'>suaeos</span> <span class='ocrx_word' id='word_1_515' title='bbox 3770 3352 3850 3415; x_wconf 78' lang='lat' dir='ltr'>in</span> 
     </span>
    </p>
   </div>
   <div class='ocr_carea' id='block_1_71' title="bbox 2193 3438 3854 3513">
    <p class='ocr_par' dir='ltr' id='par_1_71' title="bbox 2193 3438 3854 3513">
     <span class='ocr_line' id='line_1_72' title="bbox 2193 3438 3854 3513; baseline 0.002 -16"><span class='ocrx_word' id='word_1_516' title='bbox 2193 3438 2634 3497; x_wconf 86' lang='lat' dir='ltr'>sonctissimum</span> <span class='ocrx_word' id='word_1_517' title='bbox 2646 3438 2977 3511; x_wconf 80' lang='lat' dir='ltr'>aposton</span> <span class='ocrx_word' id='word_1_518' title='bbox 2996 3441 3153 3497; x_wconf 83' lang='lat' dir='ltr'>sedis</span> <span class='ocrx_word' id='word_1_519' title='bbox 3170 3441 3503 3513; x_wconf 76' lang='lat' dir='ltr'>pontiﬁcem</span> <span class='ocrx_word' id='word_1_520' title='bbox 3521 3441 3854 3500; x_wconf 80' lang='lat' dir='ltr'>doctorem-</span> 
     </span>
    </p>
   </div>
   <div class='ocr_carea' id='block_1_72' title="bbox 2194 3528 3850 3605">
    <p class='ocr_par' dir='ltr' id='par_1_72' title="bbox 2194 3528 3850 3605">
     <span class='ocr_line' id='line_1_73' title="bbox 2194 3528 3850 3605; baseline 0.004 -20"><span class='ocrx_word' id='word_1_521' title='bbox 2194 3545 2308 3602; x_wconf 90' lang='lat' dir='ltr'>que</span> <span class='ocrx_word' id='word_1_522' title='bbox 2336 3528 2606 3586; x_wconf 79' lang='lat' dir='ltr'>Ecclesiae</span> <span class='ocrx_word' id='word_1_523' title='bbox 2624 3528 2964 3598; x_wconf 87' lang='lat' dir='ltr'>reverentia,</span> <span class='ocrx_word' id='word_1_524' title='bbox 2991 3529 3287 3602; x_wconf 87' lang='lat' dir='ltr'>prosuoin</span> <span class='ocrx_word' id='word_1_525' title='bbox 3306 3530 3625 3588; x_wconf 87' lang='lat' dir='ltr'>Eeclesiam</span> <span class='ocrx_word' id='word_1_526' title='bbox 3646 3531 3850 3605; x_wconf 78' lang='lat' dir='ltr'>ipsam</span> 
     </span>
    </p>
   </div>
   <div class='ocr_carea' id='block_1_73' title="bbox 2193 3616 3340 3691">
    <p class='ocr_par' dir='ltr' id='par_1_73' title="bbox 2193 3616 3340 3691">
     <span class='ocr_line' id='line_1_74' title="bbox 2193 3616 3340 3691; baseline 0.002 -17"><span class='ocrx_word' id='word_1_527' title='bbox 2193 3616 2391 3675; x_wconf 90' lang='lat' dir='ltr'>studio</span> <span class='ocrx_word' id='word_1_528' title='bbox 2419 3618 2609 3675; x_wconf 82' lang='lat' dir='ltr'>enixis</span> <span class='ocrx_word' id='word_1_529' title='bbox 2638 3618 2913 3691; x_wconf 86' lang='lat' dir='ltr'>precibus</span> <span class='ocrx_word' id='word_1_530' title='bbox 2944 3618 3340 3676; x_wconf 85' lang='lat' dir='ltr'>cohortamur.</span> 
     </span>
    </p>
   </div>
   <div class='ocr_carea' id='block_1_74' title="bbox 2190 3856 3850 3935">
    <p class='ocr_par' dir='ltr' id='par_1_74' title="bbox 2190 3856 3850 3935">
     <span class='ocr_line' id='line_1_75' title="bbox 2190 3856 3850 3935; baseline 0.003 -20"><span class='ocrx_word' id='word_1_531' title='bbox 2190 3875 2323 3935; x_wconf 86' lang='lat' dir='ltr'>vero</span> <span class='ocrx_word' id='word_1_532' title='bbox 2348 3856 2451 3930; x_wconf 88' lang='lat' dir='ltr'>qui</span> <span class='ocrx_word' id='word_1_533' title='bbox 2477 3857 2727 3935; x_wconf 79' lang='lat' dir='ltr'>Joannis</span> <span class='ocrx_word' id='word_1_534' title='bbox 2753 3858 3026 3935; x_wconf 60' lang='lat' dir='ltr'>Baptista</span> <span class='ocrx_word' id='word_1_535' title='bbox 3054 3857 3200 3917; x_wconf 84' lang='lat' dir='ltr'>Mari</span> <span class='ocrx_word' id='word_1_536' title='bbox 3233 3859 3498 3935; x_wconf 68' lang='lat' dir='ltr'>canonici</span> <span class='ocrx_word' id='word_1_537' title='bbox 3528 3859 3588 3916; x_wconf 90' lang='lat' dir='ltr'>S.</span> <span class='ocrx_word' id='word_1_538' title='bbox 3626 3861 3850 3935; x_wconf 82' lang='lat' dir='ltr'>Angeli</span> 
     </span>
    </p>
   </div>
   <div class='ocr_carea' id='block_1_75' title="bbox 2188 3928 3850 3996">
    <p class='ocr_par' dir='ltr' id='par_1_75' title="bbox 2188 3928 3850 3996">
     <span class='ocr_line' id='line_1_76' title="bbox 2188 3928 3850 3996; baseline 0.004 -11"><span class='ocrx_word' id='word_1_539' title='bbox 2188 3928 2500 3996; x_wconf 76' lang='lat' dir='ltr'>variantes,</span> <span class='ocrx_word' id='word_1_540' title='bbox 2531 3928 2810 3986; x_wconf 88' lang='lat' dir='ltr'>lectiones</span> <span class='ocrx_word' id='word_1_541' title='bbox 2836 3928 3184 3987; x_wconf 54' lang='lat' dir='ltr'>&#39;Sermonun</span> <span class='ocrx_word' id='word_1_542' title='bbox 3233 3931 3293 3988; x_wconf 90' lang='lat' dir='ltr'>S.</span> <span class='ocrx_word' id='word_1_543' title='bbox 3326 3931 3534 3989; x_wconf 89' lang='lat' dir='ltr'>Leonis</span> <span class='ocrx_word' id='word_1_544' title='bbox 3579 3928 3850 3991; x_wconf 64' lang='lat' dir='ltr'>tantum-</span> 
     </span>
    </p>
   </div>
   <div class='ocr_carea' id='block_1_76' title="bbox 2190 4000 3849 4073">
    <p class='ocr_par' dir='ltr' id='par_1_76' title="bbox 2190 4000 3849 4073">
     <span class='ocr_line' id='line_1_77' title="bbox 2190 4000 3849 4073; baseline 0.004 -16"><span class='ocrx_word' id='word_1_545' title='bbox 2190 4001 2363 4057; x_wconf 92' lang='lat' dir='ltr'>modo</span> <span class='ocrx_word' id='word_1_546' title='bbox 2396 4000 2646 4073; x_wconf 72' lang='lat' dir='ltr'>praafert,</span> <span class='ocrx_word' id='word_1_547' title='bbox 2671 4000 2730 4057; x_wconf 92' lang='lat' dir='ltr'>in</span> <span class='ocrx_word' id='word_1_548' title='bbox 2758 4000 3114 4073; x_wconf 86' lang='lat' dir='ltr'>bibliotheca</span> <span class='ocrx_word' id='word_1_549' title='bbox 3145 4002 3460 4059; x_wconf 87' lang='lat' dir='ltr'>Barberina</span> <span class='ocrx_word' id='word_1_550' title='bbox 3486 4002 3849 4063; x_wconf 83' lang='lat' dir='ltr'>invenimus.</span> 
     </span>
    </p>
   </div>
   <div class='ocr_carea' id='block_1_77' title="bbox 2186 4071 3847 4146">
    <p class='ocr_par' dir='ltr' id='par_1_77' title="bbox 2186 4071 3847 4146">
     <span class='ocr_line' id='line_1_78' title="bbox 2186 4071 3847 4146; baseline 0.002 -18"><span class='ocrx_word' id='word_1_551' title='bbox 2186 4073 2332 4129; x_wconf 84' lang='lat' dir='ltr'>Vide</span> <span class='ocrx_word' id='word_1_552' title='bbox 2362 4071 2471 4130; x_wconf 81' lang='lat' dir='ltr'>hac</span> <span class='ocrx_word' id='word_1_553' title='bbox 2486 4084 2665 4146; x_wconf 85' lang='lat' dir='ltr'>super</span> <span class='ocrx_word' id='word_1_554' title='bbox 2683 4088 2744 4128; x_wconf 90' lang='lat' dir='ltr'>re</span> <span class='ocrx_word' id='word_1_555' title='bbox 2754 4071 3847 4146; x_wconf 59' lang='lat' dir='ltr'>praefationemadSermones,num.27.</span> 
     </span>
    </p>
   </div>
   <div class='ocr_carea' id='block_1_78' title="bbox 1046 4338 3223 4452">
    <p class='ocr_par' dir='ltr' id='par_1_78' title="bbox 1046 4338 3223 4452">
     <span class='ocr_line' id='line_1_79' title="bbox 1046 4338 3223 4452; baseline 0.001 -25"><span class='ocrx_word' id='word_1_556' title='bbox 1046 4338 1564 4429; x_wconf 79' lang='lat' dir='ltr'>EJUSDEM</span> <span class='ocrx_word' id='word_1_557' title='bbox 1621 4338 2265 4452; x_wconf 86' lang='lat' dir='ltr'>QUESNELLI</span> <span class='ocrx_word' id='word_1_558' title='bbox 2318 4341 3223 4434; x_wconf 79' lang='lat' dir='ltr'>NUNCUPATOBIA</span> 
     </span>
    </p>
   </div>
   <div class='ocr_carea' id='block_1_79' title="bbox 1682 4489 2581 4555">
    <p class='ocr_par' dir='ltr' id='par_1_79' title="bbox 1682 4489 2581 4555">
     <span class='ocr_line' id='line_1_80' title="bbox 1682 4489 2581 4555; baseline 0.007 -9"><span class='ocrx_word' id='word_1_559' title='bbox 1682 4489 1840 4547; x_wconf 66' lang='grc' dir='ltr'>εἰ]ίὲ</span> <span class='ocrx_word' id='word_1_560' title='bbox 1876 4492 2197 4553; x_wconf 87' lang='lat' dir='ltr'>EDITIONI</span> <span class='ocrx_word' id='word_1_561' title='bbox 2233 4493 2581 4555; x_wconf 67' lang='lat' dir='ltr'>PREFIXA.</span> 
     </span>
    </p>
   </div>
   <div class='ocr_carea' id='block_1_80' title="bbox 1930 4626 2250 4646">
    <p class='ocr_par' dir='ltr' id='par_1_80' title="bbox 1930 4626 2250 4646">
     <span class='ocr_line' id='line_1_81' title="bbox 1930 4626 2250 4646; baseline 0.003 -2"><span class='ocrx_word' id='word_1_562' title='bbox 1930 4626 2250 4646; x_wconf 45' lang='lat'>—-—*_</span> 
     </span>
    </p>
   </div>
   <div class='ocr_carea' id='block_1_81' title="bbox 502 4722 3847 4800">
    <p class='ocr_par' dir='ltr' id='par_1_81' title="bbox 502 4722 3847 4800">
     <span class='ocr_line' id='line_1_82' title="bbox 502 4722 3847 4800; baseline -0.001 -13"><span class='ocrx_word' id='word_1_563' title='bbox 502 4732 699 4787; x_wconf 84' lang='lat' dir='ltr'>Sancto</span> <span class='ocrx_word' id='word_1_564' title='bbox 732 4728 896 4786; x_wconf 81' lang='lat' dir='ltr'>Leoni</span> <span class='ocrx_word' id='word_1_565' title='bbox 950 4726 1140 4796; x_wconf 76' lang='lat' dir='ltr'>Magno</span> <span class='ocrx_word' id='word_1_566' title='bbox 1193 4722 1447 4779; x_wconf 75' lang='lat' dir='ltr'>Ecclesue</span> <span class='ocrx_word' id='word_1_567' title='bbox 1504 4723 1760 4779; x_wconf 71' lang='lat' dir='ltr'>Romana:</span> <span class='ocrx_word' id='word_1_568' title='bbox 1809 4727 2077 4800; x_wconf 76' lang='lat' dir='ltr'>episcopo,</span> <span class='ocrx_word' id='word_1_569' title='bbox 2110 4729 2158 4794; x_wconf 85' lang='lat' dir='ltr'><strong>D</strong></span> <span class='ocrx_word' id='word_1_570' title='bbox 2187 4729 2415 4786; x_wconf 72' lang='lat' dir='ltr'>tentiam</span> <span class='ocrx_word' id='word_1_571' title='bbox 2438 4723 2704 4798; x_wconf 75' lang='lat' dir='ltr'>quidquid</span> <span class='ocrx_word' id='word_1_572' title='bbox 2733 4722 2933 4799; x_wconf 81' lang='lat' dir='ltr'>ubique</span> <span class='ocrx_word' id='word_1_573' title='bbox 2960 4722 3392 4781; x_wconf 79' lang='lat' dir='ltr'>catholicumest</span> <span class='ocrx_word' id='word_1_574' title='bbox 3423 4724 3528 4799; x_wconf 71' lang='grc' dir='ltr'>(ἡ),</span> <span class='ocrx_word' id='word_1_575' title='bbox 3556 4723 3706 4782; x_wconf 85' lang='lat' dir='ltr'>velut</span> <span class='ocrx_word' id='word_1_576' title='bbox 3732 4742 3847 4785; x_wconf 75' lang='grc' dir='ltr'>σιε-</span> 
     </span>
    </p>
   </div>
   <div class='ocr_carea' id='block_1_82' title="bbox 425 4812 3848 4899">
    <p class='ocr_par' dir='ltr' id='par_1_82' title="bbox 425 4812 3848 4899">
     <span class='ocr_line' id='line_1_83' title="bbox 425 4812 3848 4899; baseline -0.001 -22"><span class='ocrx_word' id='word_1_577' title='bbox 425 4837 526 4879; x_wconf 78' lang='lat' dir='ltr'>ncc</span> <span class='ocrx_word' id='word_1_578' title='bbox 553 4823 721 4877; x_wconf 65' lang='lat' dir='ltr'>tanta:</span> <span class='ocrx_word' id='word_1_579' title='bbox 757 4816 897 4874; x_wconf 79' lang='lat' dir='ltr'>sedis</span> <span class='ocrx_word' id='word_1_580' title='bbox 926 4816 1151 4889; x_wconf 75' lang='lat' dir='ltr'>impari,</span> <span class='ocrx_word' id='word_1_581' title='bbox 1191 4815 1307 4869; x_wconf 79' lang='lat' dir='ltr'>viro</span> <span class='ocrx_word' id='word_1_582' title='bbox 1352 4812 1641 4883; x_wconf 79' lang='lat' dir='ltr'>apostolico</span> <span class='ocrx_word' id='word_1_583' title='bbox 1672 4814 1772 4883; x_wconf 78' lang='grc' dir='ltr'>(α),</span> <span class='ocrx_word' id='word_1_584' title='bbox 1827 4814 2076 4870; x_wconf 73' lang='lat' dir='ltr'>Ecclesiae</span> <span class='ocrx_word' id='word_1_585' title='bbox 2186 4815 2315 4870; x_wconf 86' lang='lat' dir='ltr'>lesle</span> <span class='ocrx_word' id='word_1_586' title='bbox 2339 4815 2625 4871; x_wconf 79' lang='lat' dir='ltr'>oraculum</span> <span class='ocrx_word' id='word_1_587' title='bbox 2638 4815 2899 4884; x_wconf 77' lang='lat' dir='ltr'>miratur,</span> <span class='ocrx_word' id='word_1_588' title='bbox 2927 4812 3186 4882; x_wconf 75' lang='lat' dir='ltr'>celebrat,</span> <span class='ocrx_word' id='word_1_589' title='bbox 3204 4817 3529 4899; x_wconf 78' lang='lat' dir='ltr'>veneratur;</span> <span class='ocrx_word' id='word_1_590' title='bbox 3550 4813 3848 4875; x_wconf 76' lang='grc' dir='ltr'>εαιΙιοιίι-ιε</span> 
     </span>
    </p>
   </div>
   <div class='ocr_carea' id='block_1_83' title="bbox 421 4898 3844 4979">
    <p class='ocr_par' dir='ltr' id='par_1_83' title="bbox 421 4898 3844 4979">
     <span class='ocr_line' id='line_1_84' title="bbox 421 4898 3844 4979; baseline -0.001 -12"><span class='ocrx_word' id='word_1_591' title='bbox 421 4910 704 4967; x_wconf 78' lang='lat' dir='ltr'>luminarz&#39;</span> <span class='ocrx_word' id='word_1_592' title='bbox 735 4907 830 4979; x_wconf 90' lang='lat' dir='ltr'>(b),</span> <span class='ocrx_word' id='word_1_593' title='bbox 859 4904 1168 4962; x_wconf 64' lang='lat' dir='ltr'>orthodoxa:</span> <span class='ocrx_word' id='word_1_594' title='bbox 1197 4901 1325 4973; x_wconf 78' lang='lat' dir='ltr'>ﬁdei</span> <span class='ocrx_word' id='word_1_595' title='bbox 1348 4901 1616 4956; x_wconf 66' lang='lat' dir='ltr'>columna:</span> <span class='ocrx_word' id='word_1_596' title='bbox 1637 4898 1726 4971; x_wconf 75' lang='grc' dir='ltr'>(ε),</span> <span class='ocrx_word' id='word_1_597' title='bbox 1754 4902 1896 4957; x_wconf 74' lang='lat' dir='ltr'>vocis</span> <span class='ocrx_word' id='word_1_598' title='bbox 1922 4904 2077 4958; x_wconf 80' lang='lat' dir='ltr'>Petri</span> <span class='ocrx_word' id='word_1_599' title='bbox 2180 4904 2431 4959; x_wconf 72' lang='lat' dir='ltr'>veritatis</span> <span class='ocrx_word' id='word_1_600' title='bbox 2461 4905 2722 4959; x_wconf 76' lang='lat' dir='ltr'>assertori</span> <span class='ocrx_word' id='word_1_601' title='bbox 2742 4902 2828 4976; x_wconf 79' lang='grc' dir='ltr'>(ἰ),</span> <span class='ocrx_word' id='word_1_602' title='bbox 2877 4902 2971 4959; x_wconf 87' lang='lat' dir='ltr'>sed</span> <span class='ocrx_word' id='word_1_603' title='bbox 2988 4903 3256 4974; x_wconf 80' lang='lat' dir='ltr'>paciﬁca;</span> <span class='ocrx_word' id='word_1_604' title='bbox 3281 4903 3663 4961; x_wconf 65' lang='lat' dir='ltr'>ecclesiastica</span> <span class='ocrx_word' id='word_1_605' title='bbox 3680 4906 3844 4977; x_wconf 70' lang='lat' dir='ltr'>paci:</span> 
     </span>
    </p>
   </div>
   <div class='ocr_carea' id='block_1_84' title="bbox 418 4987 2069 5071">
    <p class='ocr_par' dir='ltr' id='par_1_84' title="bbox 418 4987 2069 5071">
     <span class='ocr_line' id='line_1_85' title="bbox 418 4987 2069 5071; baseline -0.007 -14"><span class='ocrx_word' id='word_1_606' title='bbox 418 4999 710 5071; x_wconf 73' lang='lat' dir='ltr'>interpreti</span> <span class='ocrx_word' id='word_1_607' title='bbox 736 4996 836 5068; x_wconf 72' lang='grc' dir='ltr'>(ά),</span> <span class='ocrx_word' id='word_1_608' title='bbox 869 4994 1296 5066; x_wconf 83' lang='lat' dir='ltr'>apostolicorum</span> <span class='ocrx_word' id='word_1_609' title='bbox 1325 4989 1639 5060; x_wconf 80' lang='lat' dir='ltr'>dogmalum</span> <span class='ocrx_word' id='word_1_610' title='bbox 1664 4987 1939 5060; x_wconf 76' lang='lat' dir='ltr'>defensori</span> <span class='ocrx_word' id='word_1_611' title='bbox 1980 4990 2069 5063; x_wconf 84' lang='lat' dir='ltr'>(e),</span> 
     </span>
    </p>
   </div>
   <div class='ocr_carea' id='block_1_85' title="bbox 417 5076 2073 5162">
    <p class='ocr_par' dir='ltr' id='par_1_85' title="bbox 417 5076 2073 5162">
     <span class='ocr_line' id='line_1_86' title="bbox 417 5076 2073 5162; baseline -0.008 -16"><span class='ocrx_word' id='word_1_612' title='bbox 417 5089 677 5162; x_wconf 69' lang='lat' dir='ltr'>apostolis</span> <span class='ocrx_word' id='word_1_613' title='bbox 706 5082 1039 5155; x_wconf 63' lang='lat' dir='ltr'>coaequando</span> <span class='ocrx_word' id='word_1_614' title='bbox 1066 5082 1152 5151; x_wconf 66' lang='grc' dir='ltr'>(Γ),</span> <span class='ocrx_word' id='word_1_615' title='bbox 1184 5079 1394 5152; x_wconf 78' lang='lat' dir='ltr'>angelis</span> <span class='ocrx_word' id='word_1_616' title='bbox 1420 5077 1624 5150; x_wconf 67' lang='lat' dir='ltr'>aequali</span> <span class='ocrx_word' id='word_1_617' title='bbox 1651 5076 1750 5150; x_wconf 85' lang='lat' dir='ltr'>(g);</span> <span class='ocrx_word' id='word_1_618' title='bbox 1779 5079 1934 5151; x_wconf 81' lang='lat' dir='ltr'>cujus</span> <span class='ocrx_word' id='word_1_619' title='bbox 1948 5088 2073 5134; x_wconf 50' lang='lat' dir='ltr'>son:</span> 
     </span>
    </p>
   </div>
   <div class='ocr_carea' id='block_1_86' title="bbox 490 5225 1695 5308">
    <p class='ocr_par' dir='ltr' id='par_1_86' title="bbox 490 5225 1695 5308">
     <span class='ocr_line' id='line_1_87' title="bbox 490 5225 1695 5308; baseline -0.012 -14"><span class='ocrx_word' id='word_1_620' title='bbox 490 5241 568 5308; x_wconf 81' lang='grc' dir='ltr'>(α)</span> <span class='ocrx_word' id='word_1_621' title='bbox 597 5238 829 5308; x_wconf 78' lang='lat' dir='ltr'>Hinom.</span> <span class='ocrx_word' id='word_1_622' title='bbox 865 5235 1029 5308; x_wconf 64' lang='lat' dir='ltr'>Rem.</span> <span class='ocrx_word' id='word_1_623' title='bbox 1062 5232 1101 5287; x_wconf 95' lang='lat' dir='ltr'>l.</span> <span class='ocrx_word' id='word_1_624' title='bbox 1137 5230 1509 5308; x_wconf 29' lang='lat' dir='ltr'>deuPrezdest.</span> <span class='ocrx_word' id='word_1_625' title='bbox 1543 5244 1592 5282; x_wconf 91' lang='lat' dir='ltr'>c.</span> <span class='ocrx_word' id='word_1_626' title='bbox 1626 5225 1695 5281; x_wconf 89' lang='lat'>33</span> 
     </span>
    </p>
   </div>
   <div class='ocr_carea' id='block_1_87' title="bbox 390 5304 1254 5387">
    <p class='ocr_par' dir='ltr' id='par_1_87' title="bbox 390 5304 1254 5387">
     <span class='ocr_line' id='line_1_88' title="bbox 390 5304 1254 5387; baseline -0.015 -19"><span class='ocrx_word' id='word_1_627' title='bbox 390 5316 399 5319; x_wconf 80' lang='grc'><strong><em>“</em></strong></span> <span class='ocrx_word' id='word_1_628' title='bbox 489 5304 855 5387; x_wconf 49' lang='lat' dir='ltr'>(olfacund.</span> <span class='ocrx_word' id='word_1_629' title='bbox 961 5322 1169 5387; x_wconf 29' lang='lat' dir='ltr'>vncap.</span> 
     </span>
    </p>
   </div>
   <div class='ocr_carea' id='block_1_88' title="bbox 487 5366 1902 5451">
    <p class='ocr_par' dir='ltr' id='par_1_88' title="bbox 487 5366 1902 5451">
     <span class='ocr_line' id='line_1_89' title="bbox 487 5366 1902 5451; baseline -0.008 -16"><span class='ocrx_word' id='word_1_630' title='bbox 487 5366 561 5451; x_wconf 50' lang='lat' dir='ltr'>(‘ej</span> <span class='ocrx_word' id='word_1_631' title='bbox 581 5379 781 5435; x_wconf 88' lang='lat' dir='ltr'>Libell.</span> <span class='ocrx_word' id='word_1_632' title='bbox 813 5366 1302 5451; x_wconf 53' lang='lat' dir='ltr'>episc.&#39;(_)rien_ta1.</span> <span class='ocrx_word' id='word_1_633' title='bbox 1338 5370 1408 5451; x_wconf 82' lang='lat' dir='ltr'>ad</span> <span class='ocrx_word' id='word_1_634' title='bbox 1440 5370 1763 5451; x_wconf 59' lang='lat' dir='ltr'>Agapetum</span> <span class='ocrx_word' id='word_1_635' title='bbox 1793 5366 1902 5424; x_wconf 83' lang='lat' dir='ltr'>PP.</span> 
     </span>
    </p>
   </div>
   <div class='ocr_carea' id='block_1_89' title="bbox 486 5444 1882 5521">
    <p class='ocr_par' dir='ltr' id='par_1_89' title="bbox 486 5444 1882 5521">
     <span class='ocr_line' id='line_1_90' title="bbox 486 5444 1882 5521; baseline -0.007 -17"><span class='ocrx_word' id='word_1_636' title='bbox 486 5444 565 5521; x_wconf 70' lang='grc' dir='ltr'>(ά)</span> <span class='ocrx_word' id='word_1_637' title='bbox 595 5451 718 5519; x_wconf 87' lang='lat' dir='ltr'>Lib,</span> <span class='ocrx_word' id='word_1_638' title='bbox 752 5444 909 5521; x_wconf 53' lang='lat' dir='ltr'>ep.&#39;2</span> <span class='ocrx_word' id='word_1_639' title='bbox 936 5445 1215 5521; x_wconf 64' lang='lat' dir='ltr'>Syrieead</span> <span class='ocrx_word' id='word_1_640' title='bbox 1237 5444 1882 5521; x_wconf 54' lang='lat' dir='ltr'>Justinianurnlmper,</span> 
     </span>
    </p>
   </div>
   <div class='ocr_carea' id='block_1_90' title="bbox 384 5508 1716 5648">
    <p class='ocr_par' dir='ltr' id='par_1_90' title="bbox 384 5508 1716 5648">
     <span class='ocr_line' id='line_1_91' title="bbox 384 5508 1716 5648; baseline -0.007 -70"><span class='ocrx_word' id='word_1_641' title='bbox 384 5558 395 5565; x_wconf 61' lang='grc' dir='ltr'><strong>ι</strong></span> <span class='ocrx_word' id='word_1_642' title='bbox 590 5508 1198 5602; x_wconf 59' lang='grc' dir='ltr'>Βρὶὰῐ.ὀοηο.ᾬὶιαὶο.</span> <span class='ocrx_word' id='word_1_643' title='bbox 1231 5514 1302 5569; x_wconf 89' lang='lat' dir='ltr'>ad</span> <span class='ocrx_word' id='word_1_644' title='bbox 1331 5512 1578 5568; x_wconf 82' lang='lat' dir='ltr'>Leonem</span> <span class='ocrx_word' id='word_1_645' title='bbox 1611 5508 1716 5569; x_wconf 87' lang='lat' dir='ltr'>PP.</span> 
     </span>
     <span class='ocr_line' id='line_1_92' title="bbox 505 5584 1346 5648; baseline -0.012 0"><span class='ocrx_word' id='word_1_646' title='bbox 505 5595 552 5648; x_wconf 74' lang='grc' dir='ltr'>Γ)</span> <span class='ocrx_word' id='word_1_647' title='bbox 584 5591 787 5648; x_wconf 83' lang='lat' dir='ltr'>Llhell.</span> <span class='ocrx_word' id='word_1_648' title='bbox 824 5590 1141 5648; x_wconf 79' lang='lat' dir='ltr'>svnodicus</span> <span class='ocrx_word' id='word_1_649' title='bbox 1171 5601 1222 5642; x_wconf 91' lang='lat' dir='ltr'>c.</span> <span class='ocrx_word' id='word_1_650' title='bbox 1250 5584 1346 5640; x_wconf 84' lang='lat'>89.</span> 
     </span>
    </p>
   </div>
   <div class='ocr_carea' id='block_1_91' title="bbox 498 5595 1108 5739">
    <p class='ocr_par' dir='ltr' id='par_1_91' title="bbox 498 5595 1108 5739">
     <span class='ocr_line' id='line_1_93' title="bbox 498 5595 1108 5664; baseline -0.007 -16"><span class='ocrx_word' id='word_1_651' title='bbox 498 5595 552 5663; x_wconf 70' lang='lat' dir='ltr'>&#39;f)</span> <span class='ocrx_word' id='word_1_652' title='bbox 584 5595 787 5648; x_wconf 89' lang='lat' dir='ltr'>Libell.</span> <span class='ocrx_word' id='word_1_653' title='bbox 824 5595 1108 5664; x_wconf 84' lang='lat' dir='ltr'>synodicu</span> 
     </span>
     <span class='ocr_line' id='line_1_94' title="bbox 498 5660 977 5739; baseline -0.015 -18"><span class='ocrx_word' id='word_1_654' title='bbox 498 5664 554 5739; x_wconf 85' lang='lat' dir='ltr'><strong><em>g)</em></strong></span> <span class='ocrx_word' id='word_1_655' title='bbox 586 5663 766 5732; x_wconf 88' lang='lat' dir='ltr'>Idem,</span> <span class='ocrx_word' id='word_1_656' title='bbox 802 5677 853 5719; x_wconf 91' lang='lat' dir='ltr'>c.</span> <span class='ocrx_word' id='word_1_657' title='bbox 888 5660 977 5717; x_wconf 81' lang='grc'>94.</span> 
     </span>
    </p>
   </div>
   <div class='ocr_carea' id='block_1_92' title="bbox 2181 4989 3839 5069">
    <p class='ocr_par' dir='ltr' id='par_1_92' title="bbox 2181 4989 3839 5069">
     <span class='ocr_line' id='line_1_95' title="bbox 2181 4989 3839 5069; baseline 0.001 -20"><span class='ocrx_word' id='word_1_658' title='bbox 2181 4993 2436 5059; x_wconf 82' lang='lat' dir='ltr'>amatori,</span> <span class='ocrx_word' id='word_1_659' title='bbox 2463 4992 2555 5049; x_wconf 85' lang='lat' dir='ltr'>sed</span> <span class='ocrx_word' id='word_1_660' title='bbox 2576 4992 2844 5064; x_wconf 75' lang='lat' dir='ltr'>intrepde</span> <span class='ocrx_word' id='word_1_661' title='bbox 2875 4990 2979 5064; x_wconf 80' lang='lat' dir='ltr'>(j);</span> <span class='ocrx_word' id='word_1_662' title='bbox 3008 4989 3342 5062; x_wconf 74' lang='lat' dir='ltr'>evangelicae</span> <span class='ocrx_word' id='word_1_663' title='bbox 3374 4989 3839 5069; x_wconf 71' lang='lat' dir='ltr'>legisiutm&#39;preti,</span> 
     </span>
    </p>
   </div>
   <div class='ocr_carea' id='block_1_93' title="bbox 2177 5079 3836 5154">
    <p class='ocr_par' dir='ltr' id='par_1_93' title="bbox 2177 5079 3836 5154">
     <span class='ocr_line' id='line_1_96' title="bbox 2177 5079 3836 5154; baseline 0.002 -18"><span class='ocrx_word' id='word_1_664' title='bbox 2177 5081 2272 5136; x_wconf 83' lang='lat' dir='ltr'>sed</span> <span class='ocrx_word' id='word_1_665' title='bbox 2298 5098 2410 5137; x_wconf 74' lang='lat' dir='ltr'>non</span> <span class='ocrx_word' id='word_1_666' title='bbox 2428 5098 2502 5136; x_wconf 76' lang='lat' dir='ltr'>ea:</span> <span class='ocrx_word' id='word_1_667' title='bbox 2527 5098 2625 5138; x_wconf 81' lang='lat' dir='ltr'>suo</span> <span class='ocrx_word' id='word_1_668' title='bbox 2656 5081 2763 5152; x_wconf 61' lang='lat' dir='ltr'>(In);</span> <span class='ocrx_word' id='word_1_669' title='bbox 2782 5079 3140 5139; x_wconf 74' lang='lat' dir='ltr'>sacerdotalis</span> <span class='ocrx_word' id='word_1_670' title='bbox 3158 5082 3544 5138; x_wconf 68' lang='lat' dir='ltr'>sanctimoniae</span> <span class='ocrx_word' id='word_1_671' title='bbox 3558 5085 3836 5154; x_wconf 63' lang='lat' dir='ltr'>praeconi,</span> 
     </span>
    </p>
   </div>
   <div class='ocr_carea' id='block_1_94' title="bbox 2247 5230 3096 5371">
    <p class='ocr_par' dir='ltr' id='par_1_94' title="bbox 2247 5230 3096 5371">
     <span class='ocr_line' id='line_1_97' title="bbox 2247 5230 3096 5371; baseline 0.002 -84"><span class='ocrx_word' id='word_1_672' title='bbox 2247 5233 2328 5371; x_wconf 52' lang='grc' dir='ltr'>ἑᾷ)</span> <span class='ocrx_word' id='word_1_673' title='bbox 2359 5232 2514 5314; x_wconf 69' lang='lat' dir='ltr'>Prat.</span> <span class='ocrx_word' id='word_1_674' title='bbox 2547 5230 2748 5302; x_wconf 87' lang='lat' dir='ltr'>Spirit.</span> <span class='ocrx_word' id='word_1_675' title='bbox 2783 5231 2993 5315; x_wconf 27' lang='lat'>03149.</span> <span class='ocrx_word' id='word_1_676' title='bbox 3085 5304 3096 5315; x_wconf 80' lang='lat'>_</span> 
     </span>
     <span class='ocr_line' id='line_1_98' title="bbox 2268 5302 3096 5371; baseline 0.002 -13"><span class='ocrx_word' id='word_1_677' title='bbox 2268 5302 2312 5371; x_wconf 74' lang='grc' dir='ltr'>ι)</span> <span class='ocrx_word' id='word_1_678' title='bbox 2342 5303 2581 5358; x_wconf 76' lang='lat' dir='ltr'>Adrian.</span> <span class='ocrx_word' id='word_1_679' title='bbox 2615 5304 2724 5357; x_wconf 88' lang='lat' dir='ltr'>PP.</span> <span class='ocrx_word' id='word_1_680' title='bbox 2763 5302 2812 5359; x_wconf 91' lang='grc' dir='ltr'>ΙΙ</span> <span class='ocrx_word' id='word_1_681' title='bbox 2842 5319 2904 5358; x_wconf 89' lang='lat' dir='ltr'>1n</span> <span class='ocrx_word' id='word_1_682' title='bbox 2934 5318 3096 5360; x_wconf 79' lang='lat' dir='ltr'>conci</span> 
     </span>
    </p>
   </div>
   <div class='ocr_carea' id='block_1_95' title="bbox 2268 5302 3392 5375">
    <p class='ocr_par' dir='ltr' id='par_1_95' title="bbox 2268 5302 3392 5375">
     <span class='ocr_line' id='line_1_99' title="bbox 2268 5302 3392 5375; baseline 0.004 -17"><span class='ocrx_word' id='word_1_683' title='bbox 2268 5302 2312 5375; x_wconf 67' lang='grc' dir='ltr'>ί)</span> <span class='ocrx_word' id='word_1_684' title='bbox 2342 5302 2581 5375; x_wconf 56' lang='grc' dir='ltr'>ῥάνίιω.</span> <span class='ocrx_word' id='word_1_685' title='bbox 2615 5304 2724 5357; x_wconf 87' lang='lat' dir='ltr'>PP.</span> <span class='ocrx_word' id='word_1_686' title='bbox 2763 5302 2821 5375; x_wconf 20' lang='lat' dir='ltr'>II,</span> <span class='ocrx_word' id='word_1_687' title='bbox 2842 5302 2904 5375; x_wconf 89' lang='lat' dir='ltr'>in</span> <span class='ocrx_word' id='word_1_688' title='bbox 2934 5303 3143 5360; x_wconf 81' lang='lat' dir='ltr'>consil.</span> <span class='ocrx_word' id='word_1_689' title='bbox 3177 5303 3283 5362; x_wconf 87' lang='lat' dir='ltr'>GP.</span> <span class='ocrx_word' id='word_1_690' title='bbox 3316 5321 3392 5362; x_wconf 85' lang='lat' dir='ltr'>Iv.</span> 
     </span>
    </p>
   </div>
   <div class='ocr_carea' id='block_1_96' title="bbox 2245 5373 3827 5450">
    <p class='ocr_par' dir='ltr' id='par_1_96' title="bbox 2245 5373 3827 5450">
     <span class='ocr_line' id='line_1_100' title="bbox 2245 5373 3827 5450; baseline -0.004 -10"><span class='ocrx_word' id='word_1_691' title='bbox 2245 5373 2310 5443; x_wconf 77' lang='lat' dir='ltr'>(il</span> <span class='ocrx_word' id='word_1_692' title='bbox 2340 5374 2445 5447; x_wconf 79' lang='lat' dir='ltr'>Ep.</span> <span class='ocrx_word' id='word_1_693' title='bbox 2474 5375 2547 5450; x_wconf 62' lang='lat'><strong>29</strong></span> <span class='ocrx_word' id='word_1_694' title='bbox 2576 5377 2744 5450; x_wconf 60' lang='lat' dir='ltr'>(nunc</span> <span class='ocrx_word' id='word_1_695' title='bbox 2763 5374 2858 5447; x_wconf 82' lang='lat'>23)</span> <span class='ocrx_word' id='word_1_696' title='bbox 2880 5375 2940 5433; x_wconf 88' lang='lat' dir='ltr'>S.</span> <span class='ocrx_word' id='word_1_697' title='bbox 2973 5377 3151 5433; x_wconf 79' lang='lat' dir='ltr'>Lnon.</span> <span class='ocrx_word' id='word_1_698' title='bbox 3169 5376 3245 5434; x_wconf 83' lang='lat' dir='ltr'>ad</span> <span class='ocrx_word' id='word_1_699' title='bbox 3263 5376 3421 5437; x_wconf 82' lang='lat' dir='ltr'>Flav.</span> <span class='ocrx_word' id='word_1_700' title='bbox 3448 5390 3501 5435; x_wconf 82' lang='grc' dir='ltr'>ο.</span> <span class='ocrx_word' id='word_1_701' title='bbox 3517 5379 3587 5447; x_wconf 83' lang='grc'>2;</span> <span class='ocrx_word' id='word_1_702' title='bbox 3613 5393 3708 5450; x_wconf 86' lang='lat' dir='ltr'>ep.</span> <span class='ocrx_word' id='word_1_703' title='bbox 3728 5376 3827 5448; x_wconf 78' lang='lat'>69,</span> 
     </span>
    </p>
   </div>
   <div class='ocr_carea' id='block_1_97' title="bbox 2170 5445 2882 5516">
    <p class='ocr_par' dir='ltr' id='par_1_97' title="bbox 2170 5445 2882 5516">
     <span class='ocr_line' id='line_1_101' title="bbox 2170 5445 2882 5516; baseline 0.001 -16"><span class='ocrx_word' id='word_1_704' title='bbox 2170 5446 2242 5500; x_wconf 90' lang='lat'>86</span> <span class='ocrx_word' id='word_1_705' title='bbox 2271 5445 2439 5516; x_wconf 58' lang='lat' dir='ltr'>(nunc</span> <span class='ocrx_word' id='word_1_706' title='bbox 2467 5445 2558 5503; x_wconf 87' lang='lat'>89.</span> <span class='ocrx_word' id='word_1_707' title='bbox 2594 5446 2739 5516; x_wconf 83' lang='grc'>115),</span> <span class='ocrx_word' id='word_1_708' title='bbox 2773 5445 2882 5502; x_wconf 86' lang='lat' dir='ltr'>etc.</span> 
     </span>
    </p>
   </div>
   <div class='ocr_carea' id='block_1_98' title="bbox 2236 5513 3828 5593">
    <p class='ocr_par' dir='ltr' id='par_1_98' title="bbox 2236 5513 3828 5593">
     <span class='ocr_line' id='line_1_102' title="bbox 2236 5513 3828 5593; baseline -0.011 0"><span class='ocrx_word' id='word_1_709' title='bbox 2236 5515 2318 5593; x_wconf 39' lang='grc' dir='ltr'>θρα)</span> <span class='ocrx_word' id='word_1_710' title='bbox 2386 5513 2488 5593; x_wconf 73' lang='grc' dir='ltr'>ΕΡ-</span> <span class='ocrx_word' id='word_1_711' title='bbox 2539 5516 2629 5586; x_wconf 73' lang='lat'>78.</span> <span class='ocrx_word' id='word_1_712' title='bbox 2678 5513 2777 5590; x_wconf 76' lang='lat'>79.</span> <span class='ocrx_word' id='word_1_713' title='bbox 2826 5518 2920 5590; x_wconf 82' lang='lat'>80.</span> <span class='ocrx_word' id='word_1_714' title='bbox 2966 5517 3038 5576; x_wconf 85' lang='lat'>81</span> <span class='ocrx_word' id='word_1_715' title='bbox 3092 5516 3264 5593; x_wconf 67' lang='lat' dir='ltr'>(nunc</span> <span class='ocrx_word' id='word_1_716' title='bbox 3319 5519 3445 5590; x_wconf 69' lang='lat' dir='ltr'>m4,</span> <span class='ocrx_word' id='word_1_717' title='bbox 3502 5519 3627 5591; x_wconf 76' lang='lat'>105,</span> <span class='ocrx_word' id='word_1_718' title='bbox 3687 5518 3828 5585; x_wconf 66' lang='lat' dir='ltr'>ioc-</span> 
     </span>
    </p>
   </div>
   <div class='ocr_carea' id='block_1_99' title="bbox 2145 5585 2458 5685">
    <p class='ocr_par' dir='ltr' id='par_1_99' title="bbox 2145 5585 2458 5685">
     <span class='ocr_line' id='line_1_103' title="bbox 2145 5585 2458 5685; baseline 0 -39"><span class='ocrx_word' id='word_1_719' title='bbox 2145 5585 2317 5685; x_wconf 34' lang='lat'>.407),</span> <span class='ocrx_word' id='word_1_720' title='bbox 2349 5585 2458 5648; x_wconf 68' lang='lat' dir='ltr'>etc.</span> 
     </span>
    </p>
   </div>
  </div>
