4060 6180
420 322 498 392 89
843 319 1448 390 ΒΟΗίῈΝΕΜΑΝΝῙ
1491 318 1812 385 NOTITIA
1854 321 2086 389 HISTO

2183 314 2792 387 BO-LITTERARIA
2832 320 2913 384 IN
2957 320 3022 384 S.
3065 317 3412 385 LEONEM.
3749 320 3836 384 60

420 458 593 522 annis
617 462 676 520 et
691 452 877 519 Pauli.
911 452 1015 514 Hic
1042 454 1366 525 constituit,
1398 458 1464 512 ut
1499 456 1788 515 monacha
1815 458 1934 516 neu
1966 474 2064 517 αο-
2090 461 2149 529 Α
2173 456 2571 517 ordinationes
2600 459 2854 532 quatuor
2897 454 2960 513 in
2990 453 3135 514 urbe
3180 454 3366 513 Roma
3410 469 3517 530 per
3558 470 3835 515 mensem

420 553 638 627 ciperet
647 546 954 607 velaminis
965 544 1172 619 capitis
1184 544 1672 615 benedictionem,
1695 547 1808 605 nisi
1824 548 2066 622 probata

418 640 592 698 fuerit
619 638 679 695 in
708 636 1045 710 virginitate
1093 635 1396 709 sexaginta
1425 652 1738 692 annorum.
1791 638 1894 694 Hic
1926 654 2064 694 con-

416 728 608 788 stituit
637 742 817 799 supra
859 723 1130 797 sepulcra
1176 724 1575 796 apostolorum
1620 727 1915 796 custodes,
1964 728 2065 801 qui

414 818 692 874 dicuntur
739 812 1106 883 cubicularii,
1159 828 1229 869 ex
1258 812 1413 870 clero
1456 814 1741 872 Romano.
1793 815 1899 873 Hic
1928 818 2066 874 fecit

414 954 2064 1031 enimMassiIienses,sanctiVictorismonasterium,quod

413 1029 569 1086 inter
617 1025 993 1084 occidentalis
1038 1024 1307 1082 Ecclesiae
1375 1028 1639 1083 coenobia
1688 1024 2067 1087 celeberrima

413 1106 474 1158 et
502 1099 921 1172 antiquissima
946 1103 1326 1172 memoratur,
1368 1098 1738 1172 fundatorem
1789 1101 2065 1158 habuisse

415 1168 1031 1244 cassianum,‘_Leonis_
1067 1169 1262 1244 Magni
1294 1168 1721 1244 amicissimum
1749 1189 1762 1228 :
1795 1172 1896 1244 qui
1928 1190 2063 1229 san-

416 1242 498 1319 cti_
526 1240 837 1319 Pacho_mii_
874 1238 1125 1319 regulas,
1166 1238 1838 1319 waliorumque_Patruni
1890 1245 2065 1319 Egy-

416 1314 678 1388 ptiorum
707 1313 769 1368 in
801 1311 1169 1368 Occidentem
1203 1311 1520 1384 perferens,
1554 1312 1703 1370 duas
1733 1311 2067 1387 quoque'o'c-

416 1385 627 1442 clesias
657 1399 943 1440 una*cum
974 1381 1327 1439 monasterio
1358 1383 1558 1439 erexit.
1592 1385 1841 1441 Easdem
1873 1404 1906 1442 a
1929 1404 2065 1443 san-

417 1461 508 1513 cto
541 1457 729 1512 Leone
757 1454 966 1526 Magno
1008 1454 1189 1510 fuisse
1236 1453 1535 1526 dedicatas
1564 1454 1828 1513 historici
1858 1459 2064 1515 Maem-

415 1523 917 1601 liensestradun't,
940 1541 1058 1598 prae
1076 1523 1288 1601 ceteris
1309 1525 1624 1601 diligentes
1642 1528 1797 1601 Bufﬁ
1819 1536 1988 1601 pater
2010 1534 2067 1587 et

416 1599 598 1664 filius,
629 1597 733 1654 lib.
760 1615 839 1671 xi,
885 1597 1011 1671 cap.
1058 1597 1117 1671 ξ,
1158 1610 1322 1671 num.
1368 1597 1843 1671 5.'_Superioreui
1890 1601 2064 1658 titulo

417 1673 759 1727 sanctorum
789 1666 942 1724 Petri
955 1666 1034 1740 'et
1058 1666 1223 1740 Pauli
1254 1666 1652 1740 apostolorum
1696 1670 2061 1740 insignitam,

417 1740 755 1799 inferiorem
781 1756 917 1797 vero
948 1738 1060 1796 sub
1089 1729 1454 1796 invocatione
1474 1740 1755 1815 Deiparas,
1787 1729 1848 1800 et
1882 1729 2072 1801 sancti
2099 1729 2150 1796 B

2172 548 2530 617 Decembris,
2574 547 2911 621 perbyteros
2960 563 3151 613 LXXXI,
3205 545 3482 603 diaconos
3510 562 3667 615 xxxx,
3703 545 3834 619 epi-

2172 654 2379 710 scopos
2408 653 2513 711 per
2541 637 2770 693 diversa
2798 635 2927 693 loca
2955 651 3200 692 numero
3232 651 3476 704 CLXXXV;
3504 636 3607 708 qui
3649 635 3838 691 etiam

2173 726 2441 800 sepultus
2471 730 2561 783 est
2606 725 2762 798 apud
2794 724 3098 781 basilicam
3146 723 3301 781 beati
3344 723 3501 780 Petri
3553 725 3834 797 apostoli,

2170 816 2342 872 tertio
2374 815 2512 872 Idus
2541 812 2778 888 Aprilis,
2826 818 2883 870 et
2914 813 3161 870 cessavit
3210 812 3584 885 episcopatus
3615 813 3745 870 dies
3773 815 3840 871 7.

2170 958 2415 1030 Joannis
2460 956 2979 1030 Baptistae;_unde
3002 957 3186 1030 etiam
3217 971 3431 1030 nomen
3483 957 3838 1013 eorumdem

2172 1027 2930 1113 apostolownirmtulissa
2951 1029 3268 1113 θετίῑςαξειξιὲν
3303 1027 3438 1083 licet
3465 1032 3607 1113 se?
3629 1034 3840 1113 Poste-

2172 1099 2292 1173 rior
2322 1118 2357 1156 a
2385 1099 2651 1173 reliquiis
2665 1099 3347 1173 sanctiVictorisibidem
3371 1099 3836 1173 conditisieccle-

2173 1172 2344 1241 siam,
2418 1170 2717 1228 abbatiam
2760 1177 2816 1227 et
2863 1171 3289 1227 monasterium
3342 1170 3533 1226 sancti
3571 1170 3836 1227 Victoris

2172 1248 2365 1325 tractu
2376 1242 2680 1325 temporis
2693 1242 3088 1325 appellaverit.
3124 1242 3255 1325 Et_a
3284 1241 3470 1325 Leone
3501 1241 3749 1325 quidem
3771 1242 3841 1299 id

2173 1316 2499 1388 praestitum
2520 1313 2790 1388 Cassiani
2818 1314 3091 1388 precibus
3113 1316 3462 1388 autumant,
3480 1313 3546 1369 ut
3561 1314 3839 1388 gratiam

2173 1384 2516 1466 rependerat
2546 1402 2648 1466 pro
2680 1384 3114 1466 insig‘nilopere,
3146 1385 3384 1466 hortatu
3409 1384 3675 1466 ejusdem
3694 1386 3845 1466 Leo:

2172 1456 2267 1514 nis
2298 1474 2401 1531 per
2428 1456 2778 1513 Cassianum
2799 1456 3035 1540 scripto,
3061 1457 3134 1512 de
3156 1456 3563 1513 IncarnatiOne
3594 1456 3842 1515 Domini

2173 1534 2376 1584 contra
2404 1527 2675 1584 heresim
2704 1528 3141 1584 Nestornanam:
3186 1527 3343 1584 quod
3374 1543 3524 1584 onus
3548 1527 3659 1584 insi
3681 1529 3834 1584 Leo-

2173 1534 2376 1586 contra
2404 1532 2675 1585 heresim
2704 1532 3141 1584 Nestorianam:
3186 1532 3343 1600 quod
3374 1543 3524 1655 opus
3548 1532 3659 1602 ipsi
3681 1532 3834 1585 Leo-

2175 1601 2235 1657 ni
2267 1600 2587 1673 dicaverat,
2630 1599 2772 1656 dum
2825 1599 3107 1657 diaconus
3152 1598 3314 1673 Xysti
3361 1598 3412 1655 II
3499 1597 3561 1655 in
3628 1598 3848 1657 Galliis

2175 1676 2526 1729 versaretur.
2560 1671 2818 1727 BLANCH.

1355 1958 1474 2046 IN
1527 1957 1979 2047 SCRIPTA
2039 1960 2433 2050 SANCTI
2489 1955 2895 2047 LEONIS

987 2082 1529 2198 NOTITIA
1632 2087 3258 2205 HISTORICO-LITTERAIIIA

1600 2234 1699 2297 (Ex
1726 2233 1959 2295 Samum,
1989 2233 2120 2285 Bibl.
2148 2233 2311 2285 litter.
2342 2234 2484 2284 Patr.
2513 2233 2649 2297 Lat.)

1197 2388 1567 2455 MONITUM
1612 2391 1978 2457 EDITORIS
2022 2396 2108 2457 IN
2153 2393 2630 2466 SEQUENTEM
2675 2394 3059 2457 NO'I‘I'I‘IAM

484 2496 974 2584 Schanemannus,’
985 2510 1062 2584 rex
1087 2511 1191 2584 quo
1219 2498 1519 2584 accipimus
1549 2500 1842 2584 inscripta
1869 2501 2045 2584 sancti
2075 2502 2265 2557 Leonis
2292 2499 2555 2584 Notitiam
2608 2499 2945 2584 litterariam
2961 2572 2971 2583 .
3001 2507 3332 2584 sequentem“,
3363 2517 3393 2557 e
3420 2517 3586 2584 grege
3611 2505 3845 2584 acatho-

414 2568 653 2640 licorum
669 2570 746 2624 est
773 2565 1060 2640 oriundus.
1093 2565 1156 2622 In
1186 2584 1251 2640 ea
1281 2565 1454 2640 igitur
1479 2571 1658 2626 multa
1705 2565 2078 2628 Sectariorum
2125 2587 2337 2628 errores
2384 2570 2668 2638 desudant,

1430 2640 1729 2718 Quesnello,
1762 2645 1815 2697 et
1854 2659 1980 2699 cum
2029 2642 2487 2718 aliae_editiones,
2518 2640 2727 2718 scilicet
2764 2642 2982 2709 Poletti,
3005 2644 3164 2718 Petri
3200 2640 3483 2718 Caeciarii
3506 2654 3560 2702 et
3583 2648 3837 2718 fratrum

414 2640 592 2695 sancti
620 2638 850 2694 doctoris
883 2638 1118 2709 Operam
1169 2638 1335 2694 editio
1366 2656 1401 2694 a

2711 2572 3027 2644 prasertim
3062 2572 3124 2627 in
3152 2573 3344 2641 elogiis
3373 2572 3571 2644 quibus
3602 2574 3847 2633 donatur

419 2709 868 2787 Daltemniorum,
895 2708 1510 2787 pgstguesnellianam,
1541 2711 2044 2787 redarguuntuno,
2064 2731 2119 2787 g.
2153 2712 2409 2787 dogmata
2427 2712 2696 2768 catholica
2718 2720 2983 2787 uocantur
3001 2714 3303 2787 inveterati
3328 2708 3592 2787 errores,
3607 2719 3712 2774 col.
3735 2720 3838 2787 84,

419 2780 522 2837 lin.
549 2780 620 2835 38
643 2796 656 2847 ;
679 2786 730 2835 et
756 2779 859 2843 col,
891 2778 986 2853 8_8_,_
1011 2778 1105 2845 89,
1146 2781 1383 2853 crimini
1427 2780 1666 2839 vertitur
1704 2778 1929 2840 Rndrem
1977 2778 2195 2853 Pol'etti,

2244 2784 2385 2862 quod
2425 2801 2586 2862 suam
2630 2785 3233 2862 anti-Quesnellianam
3275 2784 3594 2856 editionem,
3625 2784 3837 2862 expur4

415 2849 1012 2932 generatcpntumeliis
1055 2850 1277 2932 quibus.
1308 2861 1556 2932 sanctum
1582 2855 1815 2911 Leonem
1841 2856 2093 2929 aﬂ'ecerat
2121 2849 2459 2932 Ques'nellus.
2499 2859 2754 2912 Attamen
2781 2849 2941 2912 nobis
2969 2858 3147 2932 nisum
3173 2866 3271 2923 est,
3305 2849 3624 2932 contemptis
3651 2849 3833 2918 haere-

535 2920 1002 2999 cavillationibus,
1043 2920 1163 2999 Quae
1191 2922 1519 2999 injuriosius
1555 2920 1906 2999 exponuntur
1945 2943 2110 2999 quam
2139 2920 2535 2999 periculosius,
2568 2942 2681 2982 non
2704 2928 3230 2999 praetermittendam
3255 2920 3374 2985 esse
3401 2920 3835 2990 Schisenemanni

415 2994 700 3053 Notitiam.
727 2994 952 3049 Frustra
980 2994 1129 3049 enim
1156 2993 1384 3051 aliunde
1406 2996 1526 3054 haec
1574 2993 2037 3055 eruditissima-in
2055 2993 2232 3071 san-eti
2249 2999 2444 3056 Leonis
2471 2993 2677 3071 scripta
2703 2993 3016 3071 disquisitio
3043 3004 3393 3072 repeteretur.

945 3169 1179 3228 CAPUT
1225 3171 1539 3231 PRIMUM.

905 3258 980 3316 De
1017 3259 1247 3333 Scriptis
1276 3262 1334 3319 S.
1364 3263 1576 3320 Leonis.

487 3348 702 3423 Scripta
717 3345 926 3406 Leonis
944 3348 1024 3406 M.
1045 3348 1399 3408 Sermonibus
1413 3356 1471 3409 et
1487 3354 1747 3426 Epistolis
1770 3360 2059 3414 constant.

413 3438 742 3512 Utrumque
752 3439 1119 3512 genusjuxta
1129 3438 1572 3500 Balleriniorum
1591 3443 1804 3502 edition
1814 3462 1908 3503 em
1930 3464 1998 3504 en
2008 3464 2073 3503 u-

414 3526 796 3596 merabimus,
822 3527 1022 3588 addito
1053 3527 1349 3596 Quesnelli
1378 3534 1437 3588 et
1466 3532 1827 3591 anteriorum
1854 3536 2062 3593 editio-

416 3633 561 3674 num
596 3615 821 3673 ordine.

1033 3705 1076 3762 I.
1120 3706 1448 3766 Sermones.

410 3794 434 3851 Ι
463 3825 532 3834 -
561 3793 629 3849 ν.
661 3793 737 3848 De
761 3792 949 3849 Natali
992 3793 1185 3864 ipsius,
1218 3794 1402 3851 habiti
1453 3797 1513 3854 in
1546 3798 1639 3855 die
1676 3799 2065 3859 ordinationis

482 3897 601 3938 sum
632 3884 692 3936 et
718 3879 1114 3938 anniversario
1144 3883 1602 3960 ejusdem.Apud
1634 3889 1829 3958 Quesn.
1855 3891 1948 3945 I—
1968 3891 2061 3947 IV.

482 3984 620 4048 nam
652 3967 883 4041 primus
905 3984 939 4023 a
958 3967 1295 4027 Ballariniis
1315 3971 1375 4027 in
1396 3973 1546 4032 duos
1562 3980 1651 4031 est
1672 3976 2068 4053 divisus,quo-

480 4072 614 4113 rum
661 4056 821 4131 prior
868 4057 1054 4129 cepite
1094 4059 1146 4129 1,
1181 4060 1469 4133 posterior
1516 4064 1809 4138 capitibus
1837 4070 1874 4123 2
1922 4072 1980 4125 et
2006 4069 2061 4139 3,

436 4140 445 4152 ’
484 4148 743 4202 constat.

406 4234 485 4291 VI
515 4263 583 4276 -
611 4233 685 4290 XI
712 4235 788 4291 De
815 4234 1088 4292 Collectis.
1115 4236 1287 4310 Apud
1320 4238 1520 4309 Quesn.
1551 4240 1600 4295 V
1630 4272 1700 4284 —-
1729 4242 1796 4299 X.

407 4322 506 4381 XII
535 4353 606 4366 —
633 4322 746 4380 XX.
791 4324 866 4382 De
903 4324 1117 4398 jejunio
1145 4325 1344 4384 decimi
1390 4330 1615 4387 mensis.
1654 4333 1822 4406 Apud
1855 4334 2057 4404 Quesn.

480 4412 553 4469 XI
582 4443 649 4456 -
678 4413 825 4470 XIX.

408 4499 535 4558 XXI
567 4532 633 4544 α-
682 4502 834 4559 XXX
887 4504 962 4561 De
1006 4506 1296 4564 nativitatc
1341 4508 1580 4566 Domini.
1627 4511 1796 4585 Apud
1855 4514 2057 4583 Quesn.

480 4589 581 4645 XX
609 4620 679 4634 —-
705 4591 983 4651 XXXVII.

409 4677 578 4735 XXXI
635 4709 705 4720 —
751 4680 1039 4739 XXXVIII.
1085 4682 1154 4740 In
1212 4687 1523 4761 Epiphania
1583 4690 1823 4748 Domini.
1885 4693 2056 4767 Apud

481 4767 681 4836 Quesn.
712 4768 855 4826 XXX
884 4796 953 4813 -ι
980 4771 1245 4831 XXXVII.

409 4855 627 4913 XXXIX
696 4887 761 4900 —
820 4859 884 4915 L.
939 4861 1016 4918 De
1089 4862 1537 4937 Quadragesima.
1611 4871 1780 4943 Apud
1858 4872 2056 4942 Quesn.

481 4943 757 5002 XXXXIII
786 4977 855 4988 —
883 4946 1071 5005 XLIX.

410 5033 501 5090 LI.
533 5032 792 5090 Homilia
810 5034 1013 5093 habita
1032 5043 1164 5097 ante
1185 5043 1505 5101 secundam
1526 5045 1892 5107 Dominicam
1914 5052 2062 5118 Qua-

482 5120 826 5196 dragesima:
836 5124 908 5181 de
919 5125 1228 5200 Evangelio
1245 5134 1570 5190 secundum
1584 5135 1924 5196 Matthmum
1949 5157 1962 5197 :
1995 5143 2059 5198 In

411 5212 515 5303 illo
878 5218 1175 5303 assumpsit
1207 5222 1368 5276 Jesus
1412 5222 1659 5295 Petrum,
1718 5230 1827 5283 etc.
1889 5230 2059 5303 Apud

484 5301 681 5369 Quesn.
710 5302 896 5373 XCIV,
927 5302 1105 5373 inscr,
1135 5305 1202 5362 de
1223 5308 1721 5382 Transﬁguratione
1750 5301 1984 5374 Domini.

412 5386 511 5477 LII
581 5421 650 5431 -—-
708 5391 842 5449 LXX
898 5395 971 5452 De
1047 5395 1306 5454 Passione
1357 5399 1597 5472 Domini,
1667 5406 1824 5477 apud
1881 5408 2060 5476 Quesn

356 5589 360 5593 -
414 5563 581 5659 LXXI
626 5570 944 5659 —-‘LXXII
985 5573 1061 5630 De
1117 5575 1522 5635 Resurrectione
1587 5583 1831 5640 Domini.
1888 5585 2060 5659 Apud

488 5653 687 5723 Quesn.
716 5655 881 5716 LXIX
910 5693 979 5704 -—
1009 5663 1172 5722 LXX.

2092 3179 2137 3249 ί]
2176 3176 2366 3233 LXXV
2420 3208 2488 3218 —
2542 3175 2800 3234 LXXVII.
2870 3178 2946 3234 De
3010 3178 3337 3236 Pentecoste.
3396 3179 3566 3254 Apud
3620 3183 3828 3252 Quesn.

2480 3385 2550 3398 -
2574 3265 2822 3411 ‘IIIXXXI.
2859 3359 2938 3412 De
2983 3356 3198 3428 Jejunio
3243 3356 3595 3417 Pentecostes.
3655 3361 3833 3435 Apud

2249 3445 2448 3514 Quesn.
2482 3443 2693 3501 LXXVI
2722 3476 2790 3488 —
2820 3444 2912 3502 IX.
2992 3482 3005 3491 κ

2177 3532 2415 3590 LXXXII
2442 3534 2506 3589 In
2530 3534 2715 3590 Natali
2756 3534 3122 3607 apostolorum
3162 3536 3319 3592 Petri
3345 3537 3397 3593 et
3424 3537 3606 3593 Pauli.
3656 3539 3834 3611 Apud

2249 3623 2448 3691 Quesn.
2482 3621 2684 3678 LXXX.

2176 3709 2458 3767 LXXXIII.
2488 3712 2553 3768 In
2581 3711 2771 3769 Natali
2804 3711 2862 3768 S.
2913 3712 3066 3769 Petri
3091 3713 3346 3785 apostoli.
3392 3713 3455 3771 In
3483 3714 3837 3788 Appendiee

2246 3800 2442 3868 Quesn.
2477 3816 2670 3856 sermo
2700 3800 2793 3856 IV.

2174 3885 2455 3942 LXXXIV.
2486 3889 2551 3944 In
2573 3888 2784 3945 Octavis
2804 3889 3172 3961 apostolorum
3190 3892 3345 3948 Petri
3360 3900 3412 3949 et
3446 3893 3626 3950 Pauli.
3653 3895 3829 3968 Apud

2245 3985 2444 4053 Quesn.
2479 3984 2710 4055 LXXXI,

2172 4072 2426 4130 LXXXV.
2478 4075 2544 4130 In
2600 4075 2787 4131 Natali
2835 4074 2890 4132 S.
2953 4077 3245 4135 Laurentii
3299 4081 3593 4152 martyris.
3651 4083 3827 4156 Apud

2248 4162 2426 4230 Quesn
2456 4160 2747 4219 LXXXIII.

2170 4248 2435 4306 LXXXVI
2465 4280 2532 4291 --
2562 4249 2745 4308 XCIV.
2773 4251 2850 4308 De
2891 4252 3112 4324 Jejunio
3138 4256 3361 4326 septimi
3399 4259 3621 4315 mensis.
3652 4260 3828 4333 Apud

2240 4339 2436 4408 Quesn.
2472 4338 2738 4396 LXXXIV
2764 4369 2836 4382 -—
2868 4339 3033 4397 XCII.

2168 4426 2329 4484 XCV.
2359 4429 2435 4484 De
2466 4426 2733 4485 Gradibus
2761 4431 3093 4488 ascensionis
3120 4431 3192 4489 ad
3221 4432 3631 4494 beatitudinem.
3654 4438 3827 4511 Apud

2089 4555 2138 4623 Β
2167 4516 2448 4623 ‘MQ‘u'esn;
2478 4516 2639 4574 XCV.

2167 4605 2377 4684 XCVI..
2406 4609 2680 4664 Tractatvs
2728 4615 2916 4666 contra
2982 4608 3237 4669 heresim
3314 4613 3594 4688 Eutychis.
3653 4616 3829 4689 Apud

2242 4697 2442 4766 Quem.
2477 4696 2668 4754 XCIII.

2239 4785 2322 4841 Ab
2341 4784 2435 4842 his
2451 4785 2740 4859 segregati
2763 4789 2903 4843 sunt
2917 4790 2976 4844 et
2989 4788 3048 4845 in
3073 4789 3433 4864 Appendicem
3453 4792 3655 4866 rejeoti
3677 4797 3832 4851 tam-

2169 4889 2346 4948 quam
2374 4874 2519 4947 falso
2549 4874 2726 4932 Leoni
2749 4875 2981 4933 tributi.

2240 4964 2283 5020 Ι.
2332 4963 2609 5021 Tractalus
2657 4964 2913 5021 adversus
2958 4981 3167 5024 errores
3219 4970 3537 5043 Eutychetis
3583 4976 3639 5030 ct
3681 4972 3828 5030 olio-

2308 5069 2437 5110 rum
2463 5053 2863 5112 hsereticorum.
2884 5054 2947 5111 In
2977 5056 3309 5129 Appendice
3341 5060 3825 5134 quesnallionaV.

2238 5142 2310 5199 II.
2340 5147 2409 5198 In
2435 5142 2731 5199 Nativitate
2758 5142 2998 5200 Domini.
3030 5148 3098 5203 In
3126 5147 3315 5207 eadem
3341 5150 3649 5224 Appendice
3676 5151 3747 5211 II.

2239 5231 2336 5288 III.
2368 5230 2463 5287 IV.
2527 5230 2599 5287 De
2629 5230 3077 5305 Quadragesima.

2236 5320 2306 5376 V.
2338 5318 2433 5376 VI.
2465 5319 2541 5376 De
2568 5321 2833 5378 Passione
2860 5323 3104 5381 Domini.

2236 5408 2359 5466 VII.
2390 5409 2454 5464 In
2482 5409 2770 5468 Dominica
2796 5411 3146 5472 Palmarum.

2236 5497 2388 5556 VIII.
2418 5528 2490 5541 —-
2519 5497 2586 5555 X.
2616 5499 2693 5557 De
2721 5500 3129 5562 Resurrectione
3156 5506 3395 5565 Domini.

2236 5587 2327 5645 XI.
2358 5589 2423 5645 In
2449 5587 2772 5648 Ascensione
2793 5592 3037 5651 Domini.
3070 5594 3135 5652 In
3164 5596 3352 5655 eadem
3377 5597 3624 5672 Append.
3648 5598 3750 5656 III.

2237 5677 2357 5735 XII.
2389 5678 2464 5736 De
2492 5678 2853 5738 Sanctissima
2885 5683 3168 5744 Trinitate.

2238 5766 2382 5914 x13.
2412 5768 2479 5824 In
2501 5768 2712 5917 galati.
2761 5771 2821 5828 s.
2882 5738 3167 5832 ante;
3195 5738 3480 5851 Martyris;
3533 5777 3596 5836 In
3625 5779 3829 5837 eadem

2360 5871 2500 5917 om
2542 5898 2556 5914 ρ
2620 5900 2634 5914 .

2353 5871 2556 5931 ppena.
2589 5871 2634 5917 ι.
