4092 6178
437 318 521 395 Ἦ
578 390 587 394 -
861 328 1467 395 SCHCENEMANNI
1513 328 1835 392 NOTITIA
1879 325 2826 395 HISTORICO-LITTEBARIA
2866 331 2942 396 1N
2986 336 3053 398 s.
3097 330 3446 398 LEONE‘M.
3778 306 3864 394 '72

515 465 804 523 Voiumen
833 466 927 520 est
946 460 1223 519 foliorum
1255 461 1743 535 12h,impressum
1771 462 2101 519 charactere
2216 478 2369 519 anno
2399 462 2752 539 assignando
2786 466 3127 539 quastione,
3164 478 3368 526 curare
3410 464 3668 524 vo’luissc
3693 467 3761 521 ut
3790 466 3864 523 ab

446 554 678 630 gothico
700 550 947 613 breviori
977 553 1039 606 et
1063 550 1398 624 pingui,sed
1438 550 1646 622 nitido,
1680 551 1839 608 binis
1887 549 2104 609 colum-
2211 552 2487 608 omnibus
2520 554 3056 627 quamcertissime
3075 556 3529 630 dignosceretur.
3547 555 3671 623 Quo
3702 554 3866 610 futu-

444 643 558 710 nis,
591 640 763 697 lineis
783 656 888 712 per
906 636 1180 712 paginam
1204 636 1524 693 38.0hartas
1546 642 1689 693 sunt
1717 637 1938 706 densae,
1958 636 2101 694 satis

447 728 705 787 candidas
735 732 795 784 at
819 725 998 801 paulo
1017 725 1347 795 crudiores;
1367 725 1674 799 margines
1705 729 1762 782 et
1789 726 2103 784 interstitia

432 816 852 875 columnarum
880 813 1018 883 lata;
1043 815 1440 872 distinctionis
1460 813 1828 890 signa,oolon
1861 818 1917 870 et
1946 831 2101 889 pun-

441 910 605 962 ctum
630 922 644 974 ;
676 904 884 960 litteras
908 903 1726 971 initiales,numeri,custodes
1755 909 1814 960 et
1840 903 2100 978 signatu-

2211 656 2344 696 rum
2374 642 2651 715 putavi,si
2666 661 2778 699 non
2794 642 2951 701 ultro
2972 644 3297 721 editionum
3326 644 3526 716 absque
3556 659 3704 700 anno
3728 659 3865 717 pro-

2208 726 2462 785 latarum
2479 747 2788 788 numerum
2805 749 3078 808 augerem
3092 734 3223 790 etad
3243 732 3659 793 Maettarianam
3674 730 3864 801 illam,

2210 817 2356 875 alias
2399 818 2755 893 incognitam
2804 821 2896 895 (ε),
2946 821 3198 896 digitum
3252 820 3429 877 altius
3472 820 3862 879 intenderem.

2208 906 2427 963 Deinde
2456 925 2591 964 vero
2620 926 2727 966 nec
2776 927 3128 985 magnopere
3174 926 3269 969 me
3299 927 3530 968 errasse
3559 909 3863 977 existimo,

2208 995 2683 1068 quandoquidem
2699 998 2815 1054 tria
2834 997 2934 1054 illa
2948 997 3232 1077 opuscula
3252 1004 3309 1055 et
3328 999 3660 1073 argumenti
3672 998 3864 1054 uiiiui-

2206 1084 2489 1141 tateinter
2507 1102 2570 1142 se
2608 1102 2867 1143 connexa
2904 1091 2963 1143 et
2978 1087 3121 1160 preli
3159 1087 3524 1145 exsecutione
3538 1088 3649 1146 sibi
3671 1084 3862 1144 simil-

440 1010 520 1050 τω
550 991 975 1051 desunt.Tituli
998 1004 1338 1050 sermonum
1358 1008 1497 1050 vero
1518 1007 1724 1049 omnes
1740 992 1944 1049 eodem
1968 993 2102 1048 cha-

428 1087 664 1140 ractene
689 1086 833 1138 sunt
852 1081 1157 1154 impressi.
1180 1083 1428 1139 Textum
1458 1083 1796 1156 praecedunt
1824 1080 1964 1138 folia
1987 1080 2102 1138 tria

434 1173 521 1230 J0.
544 1170 842 1243 Aleﬁbnsis
854 1172 1243 1243 perationem
1253 1175 1311 1228 et
1321 1173 1578 1229 rubricas
1597 1187 1913 1229 sermonum
1934 1186 2098 1227 com-

430 1260 780 1333 plexa;'se'd
809 1260 1056 1318 rubrica
1087 1277 1204 1316 non
1237 1260 1350 1317 nisi
1382 1259 1443 1316 in
1491 1259 1709 1317 lineam
1756 1260 1825 1316 13
1869 1259 2096 1333 paginas

432 1348 789 1422 primerfolii
816 1347 973 1404 tertii
1004 1365 1107 1422 per
1136 1354 1454 1422 utramque
1502 1349 1839 1405 columnam
1862 1353 2095 1421 proten-
2124 1416 2139 1433 ﬁ

439 1438 1057 1509 dunturﬂuamqiuam
1073 1442 1270 1494 autem
1284 1441 1523 1512 propter
1542 1436 1839 1495 laudatam
1852 1436 2098 1493 Alerien-

430 1529 515 1584 δίε
537 1527 1199 1601 episeopi'prtefationem
1238 1526 1422 1584 videri
1466 1525 1655 1600 possit
1700 1526 1860 1584 hunc
1888 1530 2094 1600 typum

430 1616 611 1689 .plane
637 1616 963 1679 Romanam
1011 1616 1332 1673 editionem
1380 1617 1617 1685 referre,
1652 1632 1850 1673 revera
1895 1619 2093 1673 tamen

428 1721 694 1762 eamnon
711 1705 908 1773 refert,
933 1705 1151 1778 quippe
1198 1705 1299 1777 qui
1338 1722 1459 1762 una
1493 1720 1628 1762 cum
1648 1709 1880 1762 tractatu
1904 1708 2095 1761 contra

2206 1171 2349 1229 lima
2367 1181 2525 1244 sunt,
2553 1192 2744 1248 neque
2768 1175 2827 1232 id
2851 1176 2922 1233 ab
2946 1176 3325 1250 antiquorum
3356 1176 3863 1255 typographorum

2206 1276 2366 1318 more
2380 1261 2548 1319 valde
2579 1263 2868 1334 abhorret,
2902 1268 2963 1321 ut
3012 1282 3081 1322 ex
3120 1264 3413 1338 pluribus,
3447 1282 3574 1339 quae
3599 1264 3860 1339 junctim

2205 1350 2558 1415 excuderunt
2586 1352 2883 1425 operibus,
2912 1350 3105 1410 solum
3135 1353 3413 1413 ultimum
3443 1369 3597 1411 anno
3642 1357 3701 1410 et
3730 1353 3858 1413 loco

2203 1439 2612 1512 impressionis
2640 1438 2961 1516 signarent.

2274 1529 2438 1590 11182.
2476 1530 2835 1604 Venetiis,per
2852 1532 3056 1589 Lucam
3082 1534 3336 1589 Venatum
3354 1518 3632 1589 Dominiei
3647 1532 3854 1603 ﬁlium.

2202 1633 2283 1673 vn
2315 1618 2371 1674 id
2397 1619 2621 1691 August.
2654 1618 2844 1690 in-fol.
2878 1619 2938 1676 S.
2972 1620 3180 1677 Leonis
3224 1636 3386 1695 papae
3443 1624 3755 1678 Sermones
3795 1626 3856 1678 et

2198 1705 2470 1780 Epistolas
2491 1722 2626 1762 cum
2649 1709 2985 1781 praefatione
3022 1700 3112 1765 Jo.
3148 1708 3486 1767 Aleriensis.
3527 1708 3696 1768 Μαίη.
3730 1714 3773 1766 t.
3806 1710 3852 1780 Ι,

436 1795 678 1852 heeresin
724 1794 1058 1907 Eutychen}
1095 1794 1211 1866 qui-
1246 1793 1495 1895 ultimus
1551 1798 1662 1861 est,
1695 1809 1997 1907 sermonpp
2021 1793 2096 1850 ὦ
2123 1840 2170 1907 Β
2201 1798 2351 1867 part.
2385 1812 2448 1863 ιι,
2479 1795 2603 1907 4Ξ9.
2632 1794 2902 1855 Occurrit
2931 1796 2990 1853 in
3024 1797 3138 1855 Cat.
3173 1799 3303 1855 bibl.
3337 1799 3498 1857 ducis
3550 1798 3618 1856 de
3644 1799 3697 1856 la
3732 1800 3852 1858 ναι.

438 1882 1098 1955 numerat,etepistolis,
1125 1882 1325 1955 quaein
1339 1900 1407 1940 su
1415 1882 2090 1956 perioribusexstabhnt,

423 1988 681 2029 'necnon
704 1988 833 2045 quae
854 1971 1207 2045 'appendicis
1246 1971 1373 2028 loco
1406 1971 1671 2046 epistolis
1701 1974 2087 2039 accesserant,

432 2060 700 2135 symbolo
712 2060 1012 2117 Nicaeae-st
1025 2058 1380 2118 testimoniis
1411 2076 1479 2118 ex
1496 2059 1854 2132 PP.scriptis
1882 2075 1916 2116 a
1946 2060 2086 2115 Leo-

424 2149 1036 2223 ‘necollectisprorsus
1067 2154 1246 2206 caret.
1275 2150 1611 2222 Optandum
1636 2148 1818 2222 igitur
1845 2153 2011 2206 esset.
2024 2151 2090 2204 ut

422 2240 510 2297 ab
522 2238 723 2313 aliquo
737 2239 948 2295 harum
962 2253 1160 2295 rerum
1174 2238 1404 2295 curioso
1432 2238 1775 2311 diligentius
1789 2241 2086 2294 excutere-

423 2333 684 2384 turnum
698 2327 947 2383 fortasse
963 2327 1025 2383 in
1052 2326 1306 2400 singulis
1345 2327 1522 2382 etiam
1544 2324 1943 2383 lcctionibusa
1972 2326 2086 2382 Ito-

424 2417 628 2473 mauis
656 2416 904 2472 differat.
934 2416 1052 2472 Sed
1093 2416 1220 2487 jam
1251 2420 1578 2488 quaerentes
1620 2431 1691 2471 ex
1723 2431 1819 2471 me
1838 2414 2084 2471 lectores

423 2503 1059 2572 .audio,undbtandem,
1092 2504 1143 2559 si
1155 2503 1426 2576 ampliori
1445 2503 1875 2577 subscriptione
1890 2505 2086 2560 careat

433 2594 545 2651 hoc
567 2592 959 2651 Ieeninorum
981 2592 1332 2650 Sermonum
1345 2592 1869 2661 volumen,annum
1882 2608 1951 2647 su
1959 2608 2085 2664 pra-

433 2681 717 2754 scriptum
747 2680 1069 2736 hauserim.
1100 2679 1389 2735 Nimirum
1429 2679 1552 2735 haec
1594 2683 1686 2734 est
1726 2678 1827 2733 illa
1877 2677 2077 2745 editio,

426 2770 604 2843 cujus
634 2770 696 2826 iu
714 2768 1082 2829 Mwuarianis
1130 2766 1425 2823 indicibus
1467 2771 1506 2821 t.
1542 2767 1760 2841 1,.part.
1794 2783 1833 2832 I,
1862 2782 1919 2838 ρ.
1950 2765 2078 2831 351,

431 2859 501 2917 ﬁt
526 2857 767 2927 mentio,
801 2858 973 2930 cujus
998 2860 1195 2913 tamen
1225 2859 1433 2928 praeter
1467 2854 1635 2910 illum
1667 2871 1838 2911 nemo
1870 2853 2078 2910 biblio-

424 2945 790 3021 ,graphorum
805 2943 1492 3017 meminit.Quamobr_em
1506 2943 1864 3000 succinctam
1881 2960 1947 2998 ac
1964 2959 2082 2999 cer-

431 3041 552 3092 tam
571 3035 699 3109 ejus
712 3033 980 3091 notitiam
996 3032 1312 3089 lectoribus
1327 3031 1552 3089 diutius
1574 3048 1689 3088 non
1702 3031 2077 3088 invidendam

431 3123 733 3181 duximus.
764 3122 1176 3179 Videlicetuno
1214 3120 1880 3194 eodemquecharactere
1902 3124 2076 3194 atque

2202 1886 2242 1938 t.
2280 1885 2324 1951 Ι,
2352 1898 2412 1955 p.
2453 1882 2573 1950 180,
2602 1901 2669 1937 ηε
2690 1883 2815 1940 495.

2273 1971 2433 2027 1482.
2495 1971 2670 2044 Spirm
2711 1989 2815 2046 per
2866 1973 3095 2030 Petrum
3141 1974 3337 2032 Drach.
3396 1976 3589 2050 in-fol.
3639 1975 3852 2034 Leonis

2198 2061 2508 2118 Sermones
2555 2061 2812 2134 aliquot;
2870 2062 2931 2118 in
2961 2065 3284 2122 Homiliario
3342 2064 3624 2123 doctorum
3684 2065 3853 2139 vulgo

2199 2150 2393 2208 Caroli
2418 2151 2620 2222 Magni.
2643 2149 2955 2208 Sermones
2973 2156 3112 2209 sunt
3141 2156 3230 2209 2t.
3262 2154 3344 2211 De
3376 2154 3506 2228 ipsa
3534 2154 3645 2212 hac
3675 2142 3852 2212 rariS-

2194 2239 2348 2297 sima
2376 2239 2628 2297 editione
2641 2256 2820 2313 supra
2848 2242 3151 2299 occasione
3188 2243 3538 2300 Sermonum
3573 2242 3852 2321 Augusti-

2192 2327 2255 2384 ni
2275 2328 2617 2402 egimus.Gf.
2640 2328 2936 2386 Ballerinii
2956 2331 3014 2387 in
3037 2332 3195 2405 praf.
3229 2332 3614 2390 Sermonibus
3636 2332 3849 2392 Leonis

2194 2420 2517 2490 praemissa,
2550 2419 2658 2487 §6,
2689 2436 2747 2474 n.
2775 2420 2868 2476 26.
2896 2418 2968 2476 Hl
3001 2421 3239 2493 quidem
3289 2436 3408 2478 non
3455 2410 3848 2496 perfunctorie

2191 2505 2300 2561 hac
2320 2506 2571 2564 editione
2586 2496 2679 2562 usi
2695 2511 2853 2578 sunt,
2881 2509 2983 2565 sed
3013 2512 3078 2564 ut
3096 2526 3410 2583 germanas
3431 2509 3597 2569 Pauli
3615 2510 3845 2568 diaconi

2182 2594 2470 2651 lectiones
2502 2600 2937 2667 cognoscerent,
2958 2614 3093 2653 cum
3117 2598 3426 2656 Basileensi
3447 2598 3664 2657 Nicolai
3676 2594 3845 2658 'Kess-

2186 2683 2272 2739 ler
2299 2699 2351 2738 a.
2384 2682 2524 2744 11196
2552 2683 2861 2756 diligenter
2881 2687 3324 2743 contenderunt.

2260 2771 2420 2827 i485.
2460 2773 2694 2830 l’enetiis
2707 2789 2810 2844 per
2827 2773 3102 2830 Andream
3122 2776 3840 2849 Parmensem,in-fol.min.

2188 2861 2312 2916 Divi
2338 2860 2543 2917 Leonis
2572 2861 2834 2917 Homiliaa
2866 2864 3198 2935 (Sermones
3246 2869 3303 2921 et
3331 2865 3625 2939 Epistolas)
3654 2867 3831 2925 Μαίη.

2187 2957 2226 3006 t.
2262 2949 2303 3018 Ι,
2336 2953 2485 3022 part.
2517 2966 2581 3019 11,
2598 2968 2659 3023 ρ.
2692 2951 2816 3007 470.
2849 2951 2985 3008 Erat
3034 2952 3096 3008 in
3143 2954 3288 3009 Bibl.
3344 2953 3658 3014 Creveanae.
3692 2955 3825 3013 Vid.

2188 3037 2301 3095 Cat.
2339 3034 2696 3095 novissimus
2727 3039 2919 3112 (in-8°)
2948 3044 2990 3096 t.
3027 3042 3067 3111 Ι,
3096 3058 3155 3114 p.
3189 3042 3314 3113 412,
3343 3056 3402 3098 η.
3435 3040 3559 3101 498.

2264 3129 2417 3188 1493.
2464 3129 2709 3185 ‘Basilea?
2745 3144 2847 3200 per
2900 3130 3073 3186 Niool.
3106 3130 3353 3199 'Kessler,
3397 3133 3588 3204 in-fol.
3621 3132 3832 3191 Leonis

429 3213 634 3270 habitu
666 3210 845 3269 simul
875 3228 1010 3267 cum
1041 3209 1250 3266 Leonis
1277 3203 1655 3267 Sermonibus
1692 3225 1915 3267 excusa:
1941 3212 2082 3265 sunt
2108 3203 2152 3271 C
2186 3221 2493 3274 Sermones
2522 3217 2778 3288 aliquot;
2822 3215 2883 3273 in
2944 3218 3271 3275 Homiliario
3312 3220 3624 3289 "doctorum,
3665 3223 3834 3295 juxta

428 3304 687 3361 Homilies
715 3300 964 3373 Gregorii
983 3300 1052 3356 Μ.
1086 3303 1262 3373 atque
1299 3298 1571 3369 Origenis,
1617 3299 1700 3355 ita
1744 3298 1985 3371 quidem
2012 3301 2078 3353 ut

430 3393 717 3463 cujusque
746 3385 1000 3446 auctoris
1030 3405 1178 3461 opus
1204 3388 1276 3444 ab
1304 3387 1544 3444 alterius
1601 3403 1774 3460 opere
1819 3386 2077 3459 separari

428 3479 733 3541 commode
762 3478 967 3555 possit,
986 3472 1314 3551 posteriora
1335 3477 1449 3532 duo
1480 3480 1678 3535 tamen
1699 3493 1816 3532 una
1844 3476 2076 3532 eadem-

429 3585 544 3642 que
571 3561 1007 3642 subscriptione
1024 3566 1101 3623 ad
1127 3566 1345 3624 calcem
1391 3565 1781 3625 Homiliarum
1810 3564 2076 3639 Origenis

427 3656 851 3732 comprehensa
865 3657 984 3713 sint
1003 3644 1103 3730 (ιι).
1135 3656 1281 3712 Hinc
1305 3655 1526 3712 factum
1546 3659 1636 3712 est
1665 3660 1730 3711 ut
1758 3653 1973 3726 saepius
1994 3653 2077 3708 in-

425 3749 613 3805 vicem
625 3746 1038 3804 divellerentur
1062 3749 1118 3800 et
1142 3745 1486 3817 conjunctae
1515 3760 1748 3800 cernere
1779 3742 2075 3798 rarissime

418 3837 546 3910 jam
560 3835 845 3907 obtingat.
870 3834 964 3890 Sic
977 3832 1224 3902 Gregorii
1241 3835 1291 3887 et
1313 3831 1560 3904 Origenis
1591 3831 1868 3897 Homilies,
1892 3829 2077 3885 Leone

428 3922 654 3991 avulso,
685 3924 1001 3979 occurrunt
1028 3920 1089 3976 in
1139 3920 1254 3976 Cat.
1306 3921 1437 4001 bibl.
1486 3920 1638 3975 ducis
1684 3919 1749 3975 de
1797 3920 1852 3974 la
1886 3918 1998 3977 Val.
2032 3924 2074 3974 ι.

429 4011 473 4080 I,
501 4029 558 4084 ρ.
590 4011 713 4083 180,
745 4028 804 4066 η.
834 4010 960 4079 499,
1001 4009 1344 4083 eademque,
1399 4007 1513 4064 nisi
1570 4008 1718 4064 forte
1769 4007 1924 4064 solas
1956 4007 2078 4064 Ori-

424 4100 616 4175 geuis,
648 4098 1011 4175 Vallarsium
1023 4100 1308 4155 tractasse
1337 4096 1571 4165 dixeris,
1604 4097 1748 4152 dum
1791 4095 1852 4152 in
1882 4097 2080 4154 Hiero-

428 4174 721 4264 nymianis
733 4174 1228 4246 subsidiislaudat
1240 4185 1618 4243 homiliarum
1635 4185 1858 4259 aliquot
1877 4185 2076 4261 Orige-

428 4278 851 4339 niseditionem
889 4266 1286 4334 Basileensem
1316 4293 1370 4332 a.
1407 4276 1567 4343 1475,
1597 4292 1776 4349 quam
1807 4276 2078 4349 ignorare

428 4385 522 4426 me
550 4368 610 4424 in
639 4366 1041 4441 superioribus
1071 4366 1374 4440 professus
1421 4382 1556 4422 sum
1599 4365 1695 4439 (b).
1728 4365 1846 4439 Ego
1878 4370 2077 4422 tamen

429 4457 721 4517 diversam
733 4456 805 4513 ab
824 4455 934 4513 hac
949 4471 1176 4512 censeo.
1204 4453 1371 4510 Certe
1391 4452 1442 4510 si
1458 4454 1580 4511 hinc
1593 4454 1722 4527 ipsa
1735 4453 1861 4524 fuit,
1896 4471 2074 4528 quam

2183 3306 2448 3362 ordinem
2477 3304 2946 3362 vetustissimum
2975 3307 3339 3364 bibliothecae
3375 3308 3643 3367 Ecclesiae
3674 3312 3832 3369 Basi-

2183 3393 2388 3451 liensis
2419 3394 2727 3466 impresso,
2758 3393 2843 3450 Cf.
2874 3395 3322 3469 Augustiniana.

2261 3484 2416 3540 1491.
2443 3484 2809 3556 Norimbergaa
2830 3499 2933 3557 per
2958 3486 3124 3542 Anth.
3156 3487 3453 3557 Koburger,
3486 3490 3658 3552 ἱη-ιιο.
3689 3490 3831 3547 Leo-

2183 3573 2278 3629 nis
2308 3573 2518 3645 alipuot
2545 3573 2891 3642 Sermones;
2916 3575 2975 3629 in
3004 3575 3189 3631 eadem
3216 3577 3546 3634 collectione.

2257 3663 2415 3718 1496.
2448 3662 2683 3720 Basilea?
2704 3678 2806 3734 per
2831 3662 2949 3718 Nic.
2977 3664 3206 3734 Kessler,
3255 3666 3444 3738 in-fol.
3487 3665 3696 3723 Leonis
3722 3667 3833 3723 ali-

2184 3758 2312 3823 quot
2355 3750 2704 3819 Sermones;
2756 3749 2817 3806 in
2873 3751 3200 3809 Homiliario
3240 3753 3520 3811 doctorum
3575 3756 3835 3832 repetita

2184 3838 2447 3895 editioni.

2258 3927 2415 3983 1498.
2447 3929 2765 3993 Βαδίιθεε..,.
2799 3929 2981 4001 in-fol.
3016 3930 3222 3987 Leonis
3256 3932 3607 4001 Sermones;
3642 3935 3705 3989 in
3733 3949 3834 3991 ea-

2183 4016 2305 4072 dem
2331 4017 2664 4083 collectione,
2703 4033 2881 4089 quam
2929 4015 3131 4074 laudat
3178 4019 3347 4077 Maitt.
3410 4024 3448 4077 t.
3492 4025 3538 4089 Ι,
3583 4031 3734 4095 part.
3767 4040 3831 4094 ιι,

2179 4122 2240 4178 p.
2274 4105 2400 4161 675.

2255 4193 2384 4250 Sine
2412 4209 2555 4250 anno
2583 4202 2634 4251 et
2662 4195 2794 4263 loco,
2828 4195 3017 4268 in-fol.
3048 4195 3117 4268 (II
3149 4195 3234 4253 vel
3291 4198 3472 4254 etiam
3529 4199 3606 4256 III
3650 4199 3836 4273 hujus

2182 4283 2433 4357 generis)
2461 4282 2518 4339 S.
2554 4283 2762 4340 Leonis
2794 4283 2818 4340 Ι
2848 4301 3010 4359 papae
3040 4285 3372 4344 Sermones.

2256 4370 2467 4446 Incipit
2493 4389 2527 4428 a
2554 4372 2890 4445 praefatione
2936 4372 3273 4442 Aleriensis,
3316 4368 3444 4449 quae
3465 4376 3739 4434 similiter
3767 4394 3840 4436 ac

2182 4462 2243 4518 in
2261 4461 2515 4517 editione
2556 4477 2611 4519 a.
2650 4462 2786 4518 1475
2814 4461 3190 4519 inscribitur:
3224 4464 3451 4521 Joannis
3486 4466 3693 4525 Andra
3717 4469 3836 4540 epi-

429 4546 677 4603 t‘ortasse
704 4546 1040 4618 conjectura
1069 4544 1282 4600 ductus
1305 4542 1692 4600 Basileensem
1718 4543 1950 4613 dixerit,
1982 4560 2075 4600 me
2100 4567 2153 4635 Β
2182 4551 2332 4623 scopi
2349 4550 2633 4606 aleriensis
2658 4550 2728 4605 ad
2754 4564 3032 4606 summum
3044 4553 3359 4624 pontiﬁcem
3382 4556 3617 4627 paulum
3642 4568 3837 4612 scam-

429 4634 847 4692 assentientem
860 4650 975 4690 non
993 4632 1485 4702 habet.Nam,nisi
1512 4632 1708 4688 omnia
1728 4649 1822 4690 me
1842 4631 2072 4702 fallunt,

431 4720 795 4779 inItaliahoc
812 4722 1082 4778 volumen
1105 4738 1387 4778 excusum
1417 4725 1525 4777 est.
1549 4722 1631 4777 Ne
1660 4721 1792 4794 quis
1805 4739 1937 4778 vero
1968 4724 2077 4782 hac

432 4816 633 4867 nostra
643 4810 1146 4884 argumentatione
1158 4810 1515 4866 contrarium
1530 4810 1723 4882 potius
1737 4814 2076 4885 quamquod

429 4899 794 4956 intendimus
806 4899 955 4955 effici
981 4898 1292 4966 existimet,
1316 4899 1563 4971 cogique
1581 4916 1684 4954 nos
1714 4916 1883 4971 posse
1914 4907 2079 4973 putet

432 4989 709 5061 utabsque
740 4988 847 5044 loci
868 4990 925 5043 et
953 4989 1092 5043 anni
1121 4992 1279 5050 nota,
1313 4986 1427 5043 alio
1458 4988 1663 5059 quovis
1687 4993 1947 5061 tempore
1976 5008 2079 5046 ex-

434 5093 639 5133 cusam
670 5076 1001 5133 scribamus
1050 5076 1202 5133 hanc
1244 5076 1452 5132 Leonis
1506 5075 1842 5144 editionem,
1878 5082 2077 5151 utpote

434 5166 599 5224 nulla
626 5165 741 5222 alia
768 5164 841 5221 de
870 5182 1049 5222 causa
1097 5182 1250 5221 anno
1296 5167 1435 5221 1475
1465 5170 1867 5237 praenotatam,
1897 5184 2076 5238 quam

434 5256 575 5328 quia
602 5270 738 5312 cum
759 5253 1125 5328 operesimili
1141 5254 1251 5311 hoc
1270 5271 1423 5311 anno
1450 5253 1740 5327 exscripta
1778 5260 2081 5326 compacta

436 5342 534 5411 sit,
564 5342 1071 5417 respondebimus,
1104 5342 1316 5417 primo,
1350 5358 1480 5410 nos,
1513 5340 1696 5399 missa
1736 5344 1977 5400 omnino
2007 5345 2080 5402 de

531 5477 585 5540 a)
615 5468 829 5551 Sonat:
861 5469 1190 5552 Empliciunt
1218 5466 1410 5522 omelie
1438 5465 1583 5521 beati
1609 5469 1849 5549 gregarii
1862 5484 2003 5595 paﬂe
2030 5474 2082 5527 et

531 5553 679 5595 aenis
703 5539 1028 5595 vresbuteri.
1045 5539 1255 5595 Addita
1281 5552 1446 5595 anno.
1472 5553 1589 5593 non
1607 5541 1751 5593 item
1770 5536 1915 5595 loco.
1980 5540 2080 5595 be-

561 5536 1028 5613 cnis_presbyteri.
1045 5537 1255 5613 Addita
1281 5552 1446 5613 anno,
1458 5553 1589 5613 Anon
1770 5536 1915 5613 loco.
1929 5536 2080 5597 Ube-

430 5607 652 5669 riorem
665 5607 1376 5685 descriptionemaccipies
1386 5607 1539 5666 inter
1565 5607 1848 5668 editiones
1873 5609 2083 5687 Grego-

2183 4639 2315 4695 dum
2349 4640 2604 4695 Venetam
2626 4639 2687 4693 in
2735 4638 2953 4695 laudem
2989 4640 3162 4712 ipsius
3217 4642 3399 4699 sancti
3452 4644 3648 4701 Leonis
3673 4658 3838 4718 pape.

2185 4729 2479 4800 Impressa
2500 4743 2633 4782 vero
2660 4726 2988 4783 cerniturin
3016 4745 3219 4785 aversa
3250 4729 3371 4785 folii
3394 4730 3567 4803 primi
3598 4732 3839 4805 pagina,

2186 4821 2242 4872 et
2252 4814 2288 4870 li
2300 4817 2487 4871 nea28
2500 4814 2840 4884 absolvitur,
2874 4817 3252 4890 proximeque
3265 4820 3644 4879 succedentes
3662 4822 3841 4878 habet

2184 4905 2592 4975 rubricas,quaa
2606 4903 2795 4976 prima
2823 4903 2945 4960 folii
2976 4905 3131 4961 tertii
3153 4908 3367 4980 pagina
3390 4907 3544 4964 linea
3555 4911 3625 4966 35
3638 4908 3844 4966 termi-

2187 4996 2423 5059 nantur,
2457 5007 2660 5048 aversa
2690 5009 2874 5048 vacua
2902 4991 3124 5049 relicta.
3154 4994 3379 5052 Textus
3397 4996 3606 5071 incipit
3635 5001 3843 5055 eadem

2187 5081 2569 5153 inscriptione
2600 5096 2666 5136 ac
2696 5080 2785 5135 ed.
2817 5094 2869 5135 a.
2910 5081 3064 5136 i475.
3099 5083 3163 5139 In
3214 5085 3326 5142 fine
3358 5086 3578 5158 pariter
3603 5102 3617 5144 :
3639 5087 3841 5161 Expli-

2185 5172 2343 5227 ciunt
2372 5169 2650 5225 Sermones
2680 5169 2849 5224 leonis
2872 5185 3036 5242 pape.

2257 5255 2876 5329 Constat'opusculum
2902 5256 3056 5314 foliis
3086 5259 3191 5316 152
3231 5262 3588 5336 impressum
3634 5263 3843 5322 chara-

2188 5351 2342 5405 ctere
2362 5345 2595 5419 gothico
2626 5338 2957 5418 majusculo
2987 5346 3048 5404 in
3077 5349 3282 5409 charta
3309 5351 3443 5409 alba
3470 5352 3837 5428 mundaque,

2187 5471 2386 5528 rianas
2416 5468 2476 5524 in
2506 5474 2663 5526 tomo
2694 5469 2983 5528 sequenti.

2258 5541 2335 5689 (eg
2367 5540 2500 5597 Vid.
2533 5548 2570 5599 t.
2606 5540 2736 5615 1,p,
2771 5538 2894 5599 475.
3381 5596 3399 5606 -

2264 5619 2314 5689 (ο
2356 5611 2486 5672 Vid.
2519 5611 2722 5673 Denis.
2753 5611 2965 5673 Garuli.
2996 5611 3146 5675 Bibl.
3163 5632 3225 5689 p.
3259 5616 3383 5678 195.

2264 5611 2335 5690 (ο)
2356 5611 2486 5672 Vid.
2519 5611 2722 5673 Denié.
2753 5611 2965 5673 Garuli.
2996 5611 3146 5675 Bibl.
3163 5632 3225 5691 ρ.
3259 5616 3383 5678 195.
