  <div class='ocr_page' id='page_1' title='image "/cluster/home/n/w/nwhite01/storage/ocr_20150623/54/hvd.32044054758636/044.png"; bbox 0 0 4092 6178; ppageno 0'>
   <div class='ocr_carea' id='block_1_1' title="bbox 249 315 327 375">
    <p class='ocr_par' dir='ltr' id='par_1_1' title="bbox 249 315 327 375">
     <span class='ocr_line' id='line_1_1' title="bbox 249 315 327 375; baseline -0.013 0"><span class='ocrx_word' id='word_1_1' title='bbox 249 315 327 375; x_wconf 84' lang='lat'><strong>73</strong></span> 
     </span>
    </p>
   </div>
   <div class='ocr_carea' id='block_1_2' title="bbox 247 535 1913 613">
    <p class='ocr_par' dir='ltr' id='par_1_2' title="bbox 247 535 1913 613">
     <span class='ocr_line' id='line_1_2' title="bbox 247 535 1913 613; baseline 0.001 -20"><span class='ocrx_word' id='word_1_2' title='bbox 247 537 448 593; x_wconf 92' lang='lat' dir='ltr'>stodes</span> <span class='ocrx_word' id='word_1_3' title='bbox 481 541 539 594; x_wconf 89' lang='lat' dir='ltr'>et</span> <span class='ocrx_word' id='word_1_4' title='bbox 570 535 778 604; x_wconf 70' lang='lat' dir='ltr'>littera:</span> <span class='ocrx_word' id='word_1_5' title='bbox 801 538 1057 596; x_wconf 88' lang='lat' dir='ltr'>initiales</span> <span class='ocrx_word' id='word_1_6' title='bbox 1079 540 1314 597; x_wconf 90' lang='lat' dir='ltr'>absunt.</span> <span class='ocrx_word' id='word_1_7' title='bbox 1342 539 1803 613; x_wconf 89' lang='lat' dir='ltr'>Interpunctioni</span> <span class='ocrx_word' id='word_1_8' title='bbox 1824 558 1913 597; x_wconf 91' lang='lat' dir='ltr'>so-</span> 
     </span>
    </p>
   </div>
   <div class='ocr_carea' id='block_1_3' title="bbox 243 623 1909 702">
    <p class='ocr_par' dir='ltr' id='par_1_3' title="bbox 243 623 1909 702">
     <span class='ocr_line' id='line_1_3' title="bbox 243 623 1909 702; baseline 0.003 -21"><span class='ocrx_word' id='word_1_9' title='bbox 243 625 367 682; x_wconf 90' lang='lat' dir='ltr'>lum</span> <span class='ocrx_word' id='word_1_10' title='bbox 419 631 712 700; x_wconf 89' lang='lat' dir='ltr'>punctum</span> <span class='ocrx_word' id='word_1_11' title='bbox 762 627 1028 686; x_wconf 77' lang='lat' dir='ltr'>inseruit.</span> <span class='ocrx_word' id='word_1_12' title='bbox 1082 629 1242 687; x_wconf 89' lang='lat' dir='ltr'>Hanc</span> <span class='ocrx_word' id='word_1_13' title='bbox 1291 629 1410 686; x_wconf 84' lang='lat' dir='ltr'>fere</span> <span class='ocrx_word' id='word_1_14' title='bbox 1459 623 1909 702; x_wconf 81' lang='lat' dir='ltr'>descriptionem</span> 
     </span>
    </p>
   </div>
   <div class='ocr_carea' id='block_1_4' title="bbox 241 714 1910 791">
    <p class='ocr_par' dir='ltr' id='par_1_4' title="bbox 241 714 1910 791">
     <span class='ocr_line' id='line_1_4' title="bbox 241 714 1910 791; baseline 0.001 -19"><span class='ocrx_word' id='word_1_15' title='bbox 241 714 522 772; x_wconf 78' lang='lat' dir='ltr'>editionis</span> <span class='ocrx_word' id='word_1_16' title='bbox 564 715 712 771; x_wconf 91' lang='lat' dir='ltr'>mihi</span> <span class='ocrx_word' id='word_1_17' title='bbox 746 716 1050 791; x_wconf 69' lang='lat' dir='ltr'>incognitae</span> <span class='ocrx_word' id='word_1_18' title='bbox 1089 719 1309 790; x_wconf 68' lang='lat' dir='ltr'>praebet</span> <span class='ocrx_word' id='word_1_19' title='bbox 1340 718 1399 774; x_wconf 92' lang='lat' dir='ltr'>P.</span> <span class='ocrx_word' id='word_1_20' title='bbox 1431 718 1690 775; x_wconf 80' lang='lat' dir='ltr'>Placidus</span> <span class='ocrx_word' id='word_1_21' title='bbox 1720 721 1910 775; x_wconf 86' lang='lat' dir='ltr'>Braun</span> 
     </span>
    </p>
   </div>
   <div class='ocr_carea' id='block_1_5' title="bbox 239 805 1907 880">
    <p class='ocr_par' dir='ltr' id='par_1_5' title="bbox 239 805 1907 880">
     <span class='ocr_line' id='line_1_5' title="bbox 239 805 1907 880; baseline 0.002 -20"><span class='ocrx_word' id='word_1_22' title='bbox 239 805 298 860; x_wconf 90' lang='lat' dir='ltr'>in</span> <span class='ocrx_word' id='word_1_23' title='bbox 329 806 456 862; x_wconf 80' lang='lat' dir='ltr'>Not.</span> <span class='ocrx_word' id='word_1_24' title='bbox 507 807 648 863; x_wconf 82' lang='lat' dir='ltr'>Hist.</span> <span class='ocrx_word' id='word_1_25' title='bbox 683 807 790 862; x_wconf 90' lang='lat' dir='ltr'>Lit.</span> <span class='ocrx_word' id='word_1_26' title='bbox 824 808 869 876; x_wconf 87' lang='grc' dir='ltr'>Ι,</span> <span class='ocrx_word' id='word_1_27' title='bbox 895 823 954 879; x_wconf 90' lang='lat' dir='ltr'>p.</span> <span class='ocrx_word' id='word_1_28' title='bbox 981 808 1072 876; x_wconf 89' lang='lat'>56,</span> <span class='ocrx_word' id='word_1_29' title='bbox 1097 823 1346 880; x_wconf 84' lang='lat' dir='ltr'>eamque</span> <span class='ocrx_word' id='word_1_30' title='bbox 1387 809 1514 880; x_wconf 88' lang='lat' dir='ltr'>jam</span> <span class='ocrx_word' id='word_1_31' title='bbox 1546 826 1580 864; x_wconf 88' lang='lat' dir='ltr'>a</span> <span class='ocrx_word' id='word_1_32' title='bbox 1607 809 1812 866; x_wconf 86' lang='lat' dir='ltr'>Bavero</span> <span class='ocrx_word' id='word_1_33' title='bbox 1847 808 1907 864; x_wconf 89' lang='lat' dir='ltr'>in</span> 
     </span>
    </p>
   </div>
   <div class='ocr_carea' id='block_1_6' title="bbox 240 894 1910 971">
    <p class='ocr_par' dir='ltr' id='par_1_6' title="bbox 240 894 1910 971">
     <span class='ocr_line' id='line_1_6' title="bbox 240 894 1910 971; baseline 0.002 -22"><span class='ocrx_word' id='word_1_34' title='bbox 240 895 381 950; x_wconf 87' lang='lat' dir='ltr'>Bibl.</span> <span class='ocrx_word' id='word_1_35' title='bbox 418 896 668 951; x_wconf 84' lang='lat' dir='ltr'>univers.</span> <span class='ocrx_word' id='word_1_36' title='bbox 696 897 747 951; x_wconf 91' lang='lat' dir='ltr'>T.</span> <span class='ocrx_word' id='word_1_37' title='bbox 771 894 840 962; x_wconf 89' lang='lat' dir='ltr'>II,</span> <span class='ocrx_word' id='word_1_38' title='bbox 865 913 922 968; x_wconf 89' lang='lat' dir='ltr'>p.</span> <span class='ocrx_word' id='word_1_39' title='bbox 947 896 1076 966; x_wconf 80' lang='lat'>275,</span> <span class='ocrx_word' id='word_1_40' title='bbox 1103 901 1364 954; x_wconf 78' lang='lat' dir='ltr'>notatam</span> <span class='ocrx_word' id='word_1_41' title='bbox 1396 914 1525 954; x_wconf 91' lang='lat' dir='ltr'>esse</span> <span class='ocrx_word' id='word_1_42' title='bbox 1554 900 1772 954; x_wconf 90' lang='lat' dir='ltr'>monet.</span> <span class='ocrx_word' id='word_1_43' title='bbox 1799 898 1910 971; x_wconf 91' lang='lat' dir='ltr'>Ap-</span> 
     </span>
    </p>
   </div>
   <div class='ocr_carea' id='block_1_7' title="bbox 238 983 1904 1058">
    <p class='ocr_par' dir='ltr' id='par_1_7' title="bbox 238 983 1904 1058">
     <span class='ocr_line' id='line_1_7' title="bbox 238 983 1904 1058; baseline 0.002 -18"><span class='ocrx_word' id='word_1_44' title='bbox 238 988 404 1058; x_wconf 81' lang='lat' dir='ltr'>paret</span> <span class='ocrx_word' id='word_1_45' title='bbox 425 988 629 1041; x_wconf 90' lang='lat' dir='ltr'>autem</span> <span class='ocrx_word' id='word_1_46' title='bbox 652 1001 780 1041; x_wconf 88' lang='lat' dir='ltr'>eam</span> <span class='ocrx_word' id='word_1_47' title='bbox 804 984 876 1040; x_wconf 87' lang='lat' dir='ltr'>ab</span> <span class='ocrx_word' id='word_1_48' title='bbox 900 983 1002 1040; x_wconf 89' lang='lat' dir='ltr'>illa</span> <span class='ocrx_word' id='word_1_49' title='bbox 1025 1001 1202 1058; x_wconf 90' lang='lat' dir='ltr'>quam</span> <span class='ocrx_word' id='word_1_50' title='bbox 1227 986 1336 1044; x_wconf 89' lang='lat' dir='ltr'>sub</span> <span class='ocrx_word' id='word_1_51' title='bbox 1361 1003 1513 1043; x_wconf 90' lang='lat' dir='ltr'>anno</span> <span class='ocrx_word' id='word_1_52' title='bbox 1538 987 1676 1042; x_wconf 86' lang='grc'>1475</span> <span class='ocrx_word' id='word_1_53' title='bbox 1707 1002 1904 1043; x_wconf 89' lang='lat' dir='ltr'>recen-</span> 
     </span>
    </p>
   </div>
   <div class='ocr_carea' id='block_1_8' title="bbox 239 1073 1904 1142">
    <p class='ocr_par' dir='ltr' id='par_1_8' title="bbox 239 1073 1904 1142">
     <span class='ocr_line' id='line_1_8' title="bbox 239 1073 1904 1142; baseline 0 -12"><span class='ocrx_word' id='word_1_54' title='bbox 239 1073 329 1130; x_wconf 91' lang='lat' dir='ltr'>sui</span> <span class='ocrx_word' id='word_1_55' title='bbox 352 1074 682 1130; x_wconf 83' lang='lat' dir='ltr'>admodum</span> <span class='ocrx_word' id='word_1_56' title='bbox 704 1089 833 1129; x_wconf 90' lang='lat' dir='ltr'>esse</span> <span class='ocrx_word' id='word_1_57' title='bbox 854 1073 1171 1142; x_wconf 81' lang='lat' dir='ltr'>diversam,</span> <span class='ocrx_word' id='word_1_58' title='bbox 1193 1075 1429 1139; x_wconf 87' lang='lat' dir='ltr'>tametsi</span> <span class='ocrx_word' id='word_1_59' title='bbox 1450 1091 1519 1132; x_wconf 85' lang='lat' dir='ltr'>ex</span> <span class='ocrx_word' id='word_1_60' title='bbox 1547 1073 1737 1132; x_wconf 82' lang='lat' dir='ltr'>titulis</span> <span class='ocrx_word' id='word_1_61' title='bbox 1769 1091 1904 1131; x_wconf 86' lang='lat' dir='ltr'>con-</span> 
     </span>
    </p>
   </div>
   <div class='ocr_carea' id='block_1_9' title="bbox 240 1162 1903 1237">
    <p class='ocr_par' dir='ltr' id='par_1_9' title="bbox 240 1162 1903 1237">
     <span class='ocr_line' id='line_1_9' title="bbox 240 1162 1903 1237; baseline 0.002 -19"><span class='ocrx_word' id='word_1_62' title='bbox 240 1163 449 1220; x_wconf 80' lang='lat' dir='ltr'>eludas</span> <span class='ocrx_word' id='word_1_63' title='bbox 477 1179 660 1218; x_wconf 87' lang='lat' dir='ltr'>unam</span> <span class='ocrx_word' id='word_1_64' title='bbox 683 1179 753 1218; x_wconf 78' lang='lat' dir='ltr'>ex</span> <span class='ocrx_word' id='word_1_65' title='bbox 772 1162 955 1219; x_wconf 87' lang='lat' dir='ltr'>altera</span> <span class='ocrx_word' id='word_1_66' title='bbox 975 1163 1159 1220; x_wconf 82' lang='lat' dir='ltr'>fuisse</span> <span class='ocrx_word' id='word_1_67' title='bbox 1180 1179 1537 1236; x_wconf 83' lang='lat' dir='ltr'>expressam,</span> <span class='ocrx_word' id='word_1_68' title='bbox 1563 1169 1740 1237; x_wconf 89' lang='lat' dir='ltr'>atque</span> <span class='ocrx_word' id='word_1_69' title='bbox 1760 1165 1903 1222; x_wconf 90' lang='lat' dir='ltr'>adeo</span> 
     </span>
    </p>
   </div>
   <div class='ocr_carea' id='block_1_10' title="bbox 238 1248 1910 1327">
    <p class='ocr_par' dir='ltr' id='par_1_10' title="bbox 238 1248 1910 1327">
     <span class='ocr_line' id='line_1_10' title="bbox 238 1248 1910 1327; baseline 0.001 -19"><span class='ocrx_word' id='word_1_70' title='bbox 238 1252 455 1308; x_wconf 87' lang='lat' dir='ltr'>habere</span> <span class='ocrx_word' id='word_1_71' title='bbox 480 1251 542 1307; x_wconf 91' lang='lat' dir='ltr'>in</span> <span class='ocrx_word' id='word_1_72' title='bbox 560 1251 780 1324; x_wconf 85' lang='lat' dir='ltr'>quibus</span> <span class='ocrx_word' id='word_1_73' title='bbox 802 1269 836 1308; x_wconf 87' lang='lat' dir='ltr'>a</span> <span class='ocrx_word' id='word_1_74' title='bbox 854 1251 1132 1309; x_wconf 81' lang='lat' dir='ltr'>Romanis</span> <span class='ocrx_word' id='word_1_75' title='bbox 1149 1252 1480 1327; x_wconf 81' lang='lat' dir='ltr'>archetypis</span> <span class='ocrx_word' id='word_1_76' title='bbox 1497 1248 1910 1327; x_wconf 67' lang='lat' dir='ltr'>diﬂ&#39;erantDp&#39;</span> 
     </span>
    </p>
   </div>
   <div class='ocr_carea' id='block_1_11' title="bbox 235 1339 1902 1416">
    <p class='ocr_par' dir='ltr' id='par_1_11' title="bbox 235 1339 1902 1416">
     <span class='ocr_line' id='line_1_11' title="bbox 235 1339 1902 1416; baseline 0.001 -17"><span class='ocrx_word' id='word_1_77' title='bbox 235 1341 484 1399; x_wconf 81' lang='lat' dir='ltr'>taverim</span> <span class='ocrx_word' id='word_1_78' title='bbox 507 1341 694 1415; x_wconf 80' lang='lat' dir='ltr'>igitur</span> <span class='ocrx_word' id='word_1_79' title='bbox 709 1346 774 1398; x_wconf 92' lang='lat' dir='ltr'>ut</span> <span class='ocrx_word' id='word_1_80' title='bbox 791 1339 912 1398; x_wconf 85' lang='lat' dir='ltr'>viro</span> <span class='ocrx_word' id='word_1_81' title='bbox 930 1341 1315 1399; x_wconf 87' lang='lat' dir='ltr'>solertissime</span> <span class='ocrx_word' id='word_1_82' title='bbox 1333 1341 1654 1416; x_wconf 86' lang='lat' dir='ltr'>placuisset</span> <span class='ocrx_word' id='word_1_83' title='bbox 1670 1347 1902 1400; x_wconf 90' lang='lat' dir='ltr'>conten-</span> 
     </span>
    </p>
   </div>
   <div class='ocr_carea' id='block_1_12' title="bbox 235 1431 1896 1506">
    <p class='ocr_par' dir='ltr' id='par_1_12' title="bbox 235 1431 1896 1506">
     <span class='ocr_line' id='line_1_12' title="bbox 235 1431 1896 1506; baseline 0 -18"><span class='ocrx_word' id='word_1_84' title='bbox 235 1438 293 1488; x_wconf 88' lang='lat' dir='ltr'>ta</span> <span class='ocrx_word' id='word_1_85' title='bbox 314 1431 592 1504; x_wconf 86' lang='lat' dir='ltr'>ejusdem</span> <span class='ocrx_word' id='word_1_86' title='bbox 617 1431 833 1488; x_wconf 85' lang='lat' dir='ltr'>diserte</span> <span class='ocrx_word' id='word_1_87' title='bbox 854 1431 1130 1488; x_wconf 88' lang='lat' dir='ltr'>indicare.</span> <span class='ocrx_word' id='word_1_88' title='bbox 1150 1431 1422 1488; x_wconf 62' lang='lat' dir='ltr'>Hmsitavi</span> <span class='ocrx_word' id='word_1_89' title='bbox 1441 1431 1896 1506; x_wconf 87' lang='lat' dir='ltr'>aliquantulum,</span> 
     </span>
    </p>
   </div>
   <div class='ocr_carea' id='block_1_13' title="bbox 234 1520 1897 1595">
    <p class='ocr_par' dir='ltr' id='par_1_13' title="bbox 234 1520 1897 1595">
     <span class='ocr_line' id='line_1_13' title="bbox 234 1520 1897 1595; baseline 0 -19"><span class='ocrx_word' id='word_1_90' title='bbox 234 1521 332 1595; x_wconf 87' lang='lat' dir='ltr'>qui</span> <span class='ocrx_word' id='word_1_91' title='bbox 351 1520 579 1576; x_wconf 85' lang='lat' dir='ltr'>factum</span> <span class='ocrx_word' id='word_1_92' title='bbox 601 1520 772 1589; x_wconf 92' lang='lat' dir='ltr'>sit,ut</span> <span class='ocrx_word' id='word_1_93' title='bbox 793 1526 922 1578; x_wconf 89' lang='lat' dir='ltr'>tum</span> <span class='ocrx_word' id='word_1_94' title='bbox 941 1522 1374 1592; x_wconf 85' lang='lat' dir='ltr'>Braunius,tum</span> <span class='ocrx_word' id='word_1_95' title='bbox 1392 1521 1491 1576; x_wconf 90' lang='lat' dir='ltr'>alii</span> <span class='ocrx_word' id='word_1_96' title='bbox 1509 1521 1897 1595; x_wconf 88' lang='lat' dir='ltr'>bibliographi</span> 
     </span>
    </p>
   </div>
   <div class='ocr_carea' id='block_1_14' title="bbox 233 1608 1895 1667">
    <p class='ocr_par' dir='ltr' id='par_1_14' title="bbox 233 1608 1895 1667">
     <span class='ocr_line' id='line_1_14' title="bbox 233 1608 1895 1667; baseline 0.001 -1"><span class='ocrx_word' id='word_1_97' title='bbox 233 1612 287 1666; x_wconf 92' lang='lat' dir='ltr'>in</span> <span class='ocrx_word' id='word_1_98' title='bbox 301 1610 662 1666; x_wconf 80' lang='lat' dir='ltr'>aestimanda</span> <span class='ocrx_word' id='word_1_99' title='bbox 675 1608 998 1665; x_wconf 86' lang='lat' dir='ltr'>editionum</span> <span class='ocrx_word' id='word_1_100' title='bbox 1017 1609 1519 1666; x_wconf 87' lang='lat' dir='ltr'>innominatarum</span> <span class='ocrx_word' id='word_1_101' title='bbox 1533 1615 1698 1667; x_wconf 71' lang='lat' dir='ltr'>aztate</span> <span class='ocrx_word' id='word_1_102' title='bbox 1716 1626 1895 1667; x_wconf 86' lang='lat' dir='ltr'>unam</span> 
     </span>
    </p>
   </div>
   <div class='ocr_carea' id='block_1_15' title="bbox 231 1698 1896 1758">
    <p class='ocr_par' dir='ltr' id='par_1_15' title="bbox 231 1698 1896 1758">
     <span class='ocr_line' id='line_1_15' title="bbox 231 1698 1896 1758; baseline 0.001 -2"><span class='ocrx_word' id='word_1_103' title='bbox 231 1700 586 1758; x_wconf 66' lang='lat' dir='ltr'>estimanda</span> <span class='ocrx_word' id='word_1_104' title='bbox 616 1698 940 1756; x_wconf 85' lang='lat' dir='ltr'>editionum</span> <span class='ocrx_word' id='word_1_105' title='bbox 985 1698 1488 1756; x_wconf 75' lang='lat' dir='ltr'>innomin‘atorum</span> <span class='ocrx_word' id='word_1_106' title='bbox 1519 1704 1684 1756; x_wconf 69' lang='lat' dir='ltr'>aetate</span> <span class='ocrx_word' id='word_1_107' title='bbox 1714 1716 1896 1757; x_wconf 90' lang='lat' dir='ltr'>unam</span> 
     </span>
    </p>
   </div>
   <div class='ocr_carea' id='block_1_16' title="bbox 231 1789 1896 1861">
    <p class='ocr_par' dir='ltr' id='par_1_16' title="bbox 231 1789 1896 1861">
     <span class='ocr_line' id='line_1_16' title="bbox 231 1789 1896 1861; baseline 0 -15"><span class='ocrx_word' id='word_1_108' title='bbox 231 1791 344 1847; x_wconf 78' lang='lat' dir='ltr'>fere</span> <span class='ocrx_word' id='word_1_109' title='bbox 377 1804 659 1846; x_wconf 81' lang='lat' dir='ltr'>normam</span> <span class='ocrx_word' id='word_1_110' title='bbox 689 1789 830 1845; x_wconf 90' lang='lat' dir='ltr'>anni</span> <span class='ocrx_word' id='word_1_111' title='bbox 864 1789 1000 1844; x_wconf 80' lang='grc'>1475</span> <span class='ocrx_word' id='word_1_112' title='bbox 1032 1795 1436 1861; x_wconf 79' lang='lat' dir='ltr'>sequerentur.</span> <span class='ocrx_word' id='word_1_113' title='bbox 1457 1790 1590 1846; x_wconf 86' lang='lat' dir='ltr'>Jam</span> <span class='ocrx_word' id='word_1_114' title='bbox 1620 1791 1896 1847; x_wconf 86' lang='lat' dir='ltr'>Braunius</span> 
     </span>
    </p>
   </div>
   <div class='ocr_carea' id='block_1_17' title="bbox 232 1875 1892 1953">
    <p class='ocr_par' dir='ltr' id='par_1_17' title="bbox 232 1875 1892 1953">
     <span class='ocr_line' id='line_1_17' title="bbox 232 1875 1892 1953; baseline -0.002 -16"><span class='ocrx_word' id='word_1_115' title='bbox 232 1879 462 1938; x_wconf 85' lang='lat' dir='ltr'>addidit</span> <span class='ocrx_word' id='word_1_116' title='bbox 491 1895 549 1935; x_wconf 89' lang='lat' dir='ltr'>a.</span> <span class='ocrx_word' id='word_1_117' title='bbox 585 1879 744 1934; x_wconf 75' lang='grc'>1475.</span> <span class='ocrx_word' id='word_1_118' title='bbox 767 1875 944 1934; x_wconf 89' lang='lat' dir='ltr'>aliam</span> <span class='ocrx_word' id='word_1_119' title='bbox 968 1877 1283 1936; x_wconf 82' lang='lat' dir='ltr'>editionem</span> <span class='ocrx_word' id='word_1_120' title='bbox 1305 1880 1527 1951; x_wconf 79' lang='lat' dir='ltr'>absque</span> <span class='ocrx_word' id='word_1_121' title='bbox 1547 1877 1892 1953; x_wconf 85' lang='lat' dir='ltr'>typographi</span> 
     </span>
    </p>
   </div>
   <div class='ocr_carea' id='block_1_18' title="bbox 229 1965 1894 2040">
    <p class='ocr_par' dir='ltr' id='par_1_18' title="bbox 229 1965 1894 2040">
     <span class='ocr_line' id='line_1_18' title="bbox 229 1965 1894 2040; baseline 0 -15"><span class='ocrx_word' id='word_1_122' title='bbox 229 1973 283 2025; x_wconf 90' lang='lat' dir='ltr'>et</span> <span class='ocrx_word' id='word_1_123' title='bbox 309 1967 430 2024; x_wconf 91' lang='lat' dir='ltr'>loci</span> <span class='ocrx_word' id='word_1_124' title='bbox 463 1971 607 2023; x_wconf 91' lang='lat' dir='ltr'>nota</span> <span class='ocrx_word' id='word_1_125' title='bbox 647 1965 956 2038; x_wconf 90' lang='lat' dir='ltr'>prodiisse.</span> <span class='ocrx_word' id='word_1_126' title='bbox 991 1966 1137 2022; x_wconf 83' lang='lat' dir='ltr'>Cave</span> <span class='ocrx_word' id='word_1_127' title='bbox 1175 1983 1311 2024; x_wconf 86' lang='lat' dir='ltr'>vero</span> <span class='ocrx_word' id='word_1_128' title='bbox 1343 1985 1413 2024; x_wconf 89' lang='lat' dir='ltr'>ne</span> <span class='ocrx_word' id='word_1_129' title='bbox 1453 1984 1633 2040; x_wconf 87' lang='lat' dir='ltr'>supra</span> <span class='ocrx_word' id='word_1_130' title='bbox 1661 1985 1694 2024; x_wconf 90' lang='lat' dir='ltr'>a</span> <span class='ocrx_word' id='word_1_131' title='bbox 1723 1968 1894 2026; x_wconf 85' lang='lat' dir='ltr'>nobis</span> 
     </span>
    </p>
   </div>
   <div class='ocr_carea' id='block_1_19' title="bbox 229 2054 1892 2130">
    <p class='ocr_par' dir='ltr' id='par_1_19' title="bbox 229 2054 1892 2130">
     <span class='ocr_line' id='line_1_19' title="bbox 229 2054 1892 2130; baseline 0 -16"><span class='ocrx_word' id='word_1_132' title='bbox 229 2056 592 2130; x_wconf 82' lang='lat' dir='ltr'>descriptam</span> <span class='ocrx_word' id='word_1_133' title='bbox 625 2054 922 2128; x_wconf 80' lang='lat' dir='ltr'>cognitam</span> <span class='ocrx_word' id='word_1_134' title='bbox 954 2055 1064 2128; x_wconf 91' lang='lat' dir='ltr'>ipsi</span> <span class='ocrx_word' id='word_1_135' title='bbox 1085 2055 1407 2114; x_wconf 82' lang='lat' dir='ltr'>existimes.</span> <span class='ocrx_word' id='word_1_136' title='bbox 1429 2057 1556 2114; x_wconf 89' lang='lat' dir='ltr'>Alia</span> <span class='ocrx_word' id='word_1_137' title='bbox 1583 2073 1762 2114; x_wconf 86' lang='lat' dir='ltr'>causa</span> <span class='ocrx_word' id='word_1_138' title='bbox 1791 2073 1892 2114; x_wconf 89' lang='lat' dir='ltr'>su-</span> 
     </span>
    </p>
   </div>
   <div class='ocr_carea' id='block_1_20' title="bbox 229 2144 1890 2218">
    <p class='ocr_par' dir='ltr' id='par_1_20' title="bbox 229 2144 1890 2218">
     <span class='ocr_line' id='line_1_20' title="bbox 229 2144 1890 2218; baseline 0 -14"><span class='ocrx_word' id='word_1_139' title='bbox 229 2149 378 2215; x_wconf 83' lang='lat' dir='ltr'>best,</span> <span class='ocrx_word' id='word_1_140' title='bbox 412 2144 659 2202; x_wconf 88' lang='lat' dir='ltr'>Deburii</span> <span class='ocrx_word' id='word_1_141' title='bbox 689 2159 896 2217; x_wconf 83' lang='lat' dir='ltr'>nempe</span> <span class='ocrx_word' id='word_1_142' title='bbox 925 2150 1344 2217; x_wconf 85' lang='lat' dir='ltr'>commentum,</span> <span class='ocrx_word' id='word_1_143' title='bbox 1372 2151 1540 2218; x_wconf 86' lang='lat' dir='ltr'>quasi</span> <span class='ocrx_word' id='word_1_144' title='bbox 1571 2146 1746 2203; x_wconf 88' lang='lat' dir='ltr'>editio</span> <span class='ocrx_word' id='word_1_145' title='bbox 1779 2147 1890 2204; x_wconf 83' lang='lat' dir='ltr'>Ro-</span> 
     </span>
    </p>
   </div>
   <div class='ocr_carea' id='block_1_21' title="bbox 231 2233 1893 2308">
    <p class='ocr_par' dir='ltr' id='par_1_21' title="bbox 231 2233 1893 2308">
     <span class='ocr_line' id='line_1_21' title="bbox 231 2233 1893 2308; baseline -0.001 -14"><span class='ocrx_word' id='word_1_146' title='bbox 231 2253 410 2294; x_wconf 81' lang='lat' dir='ltr'>mana</span> <span class='ocrx_word' id='word_1_147' title='bbox 466 2235 696 2306; x_wconf 78' lang='lat' dir='ltr'>absque</span> <span class='ocrx_word' id='word_1_148' title='bbox 752 2233 891 2289; x_wconf 88' lang='lat' dir='ltr'>anni</span> <span class='ocrx_word' id='word_1_149' title='bbox 920 2237 1058 2290; x_wconf 89' lang='lat' dir='ltr'>nota</span> <span class='ocrx_word' id='word_1_150' title='bbox 1086 2233 1286 2307; x_wconf 84' lang='lat' dir='ltr'>(Ulrici</span> <span class='ocrx_word' id='word_1_151' title='bbox 1313 2235 1506 2308; x_wconf 87' lang='lat' dir='ltr'>Galli),</span> <span class='ocrx_word' id='word_1_152' title='bbox 1540 2252 1693 2292; x_wconf 89' lang='lat' dir='ltr'>anno</span> <span class='ocrx_word' id='word_1_153' title='bbox 1754 2236 1893 2293; x_wconf 81' lang='grc'>1475</span> 
     </span>
    </p>
   </div>
   <div class='ocr_carea' id='block_1_22' title="bbox 230 2323 1889 2400">
    <p class='ocr_par' dir='ltr' id='par_1_22' title="bbox 230 2323 1889 2400">
     <span class='ocr_line' id='line_1_22' title="bbox 230 2323 1889 2400; baseline -0.001 -16"><span class='ocrx_word' id='word_1_154' title='bbox 230 2341 483 2400; x_wconf 82' lang='lat' dir='ltr'>proeusa</span> <span class='ocrx_word' id='word_1_155' title='bbox 545 2323 742 2380; x_wconf 84' lang='lat' dir='ltr'>fuerit.</span> <span class='ocrx_word' id='word_1_156' title='bbox 779 2323 920 2380; x_wconf 82' lang='lat' dir='ltr'>[lino</span> <span class='ocrx_word' id='word_1_157' title='bbox 978 2341 1168 2381; x_wconf 88' lang='lat' dir='ltr'>annus</span> <span class='ocrx_word' id='word_1_158' title='bbox 1228 2324 1338 2382; x_wconf 87' lang='lat' dir='ltr'>iste</span> <span class='ocrx_word' id='word_1_159' title='bbox 1371 2325 1743 2398; x_wconf 81' lang='lat' dir='ltr'>percrebuit.</span> <span class='ocrx_word' id='word_1_160' title='bbox 1776 2326 1889 2382; x_wconf 91' lang='lat' dir='ltr'>Sed</span> 
     </span>
    </p>
   </div>
   <div class='ocr_carea' id='block_1_23' title="bbox 231 2413 1886 2488">
    <p class='ocr_par' dir='ltr' id='par_1_23' title="bbox 231 2413 1886 2488">
     <span class='ocr_line' id='line_1_23' title="bbox 231 2413 1886 2488; baseline -0.001 -15"><span class='ocrx_word' id='word_1_161' title='bbox 231 2417 389 2474; x_wconf 86' lang='lat' dir='ltr'>hunc</span> <span class='ocrx_word' id='word_1_162' title='bbox 448 2413 693 2471; x_wconf 83' lang='lat' dir='ltr'>Deburii</span> <span class='ocrx_word' id='word_1_163' title='bbox 749 2428 1004 2470; x_wconf 88' lang='lat' dir='ltr'>errorem</span> <span class='ocrx_word' id='word_1_164' title='bbox 1044 2413 1105 2469; x_wconf 88' lang='lat' dir='ltr'>P.</span> <span class='ocrx_word' id='word_1_165' title='bbox 1137 2417 1283 2470; x_wconf 81' lang='lat' dir='ltr'>Xav.</span> <span class='ocrx_word' id='word_1_166' title='bbox 1317 2414 1482 2472; x_wconf 81' lang='lat' dir='ltr'>Laire</span> <span class='ocrx_word' id='word_1_167' title='bbox 1540 2415 1600 2471; x_wconf 92' lang='lat' dir='ltr'>in</span> <span class='ocrx_word' id='word_1_168' title='bbox 1655 2415 1886 2488; x_wconf 83' lang='lat' dir='ltr'>Specim.</span> 
     </span>
    </p>
   </div>
   <div class='ocr_carea' id='block_1_24' title="bbox 231 2502 857 2578">
    <p class='ocr_par' dir='ltr' id='par_1_24' title="bbox 231 2502 857 2578">
     <span class='ocr_line' id='line_1_24' title="bbox 231 2502 857 2578; baseline -0.006 -18"><span class='ocrx_word' id='word_1_169' title='bbox 231 2523 284 2578; x_wconf 89' lang='lat' dir='ltr'>p,</span> <span class='ocrx_word' id='word_1_170' title='bbox 320 2505 428 2560; x_wconf 86' lang='lat'>153</span> <span class='ocrx_word' id='word_1_171' title='bbox 459 2502 857 2575; x_wconf 83' lang='lat' dir='ltr'>reprehendit.</span> 
     </span>
    </p>
   </div>
   <div class='ocr_carea' id='block_1_25' title="bbox 295 2591 1885 2666">
    <p class='ocr_par' dir='ltr' id='par_1_25' title="bbox 295 2591 1885 2666">
     <span class='ocr_line' id='line_1_25' title="bbox 295 2591 1885 2666; baseline 0 -17"><span class='ocrx_word' id='word_1_172' title='bbox 295 2594 440 2649; x_wconf 78' lang='lat' dir='ltr'>Sine</span> <span class='ocrx_word' id='word_1_173' title='bbox 466 2607 636 2659; x_wconf 83' lang='lat' dir='ltr'>anno,</span> <span class='ocrx_word' id='word_1_174' title='bbox 689 2591 803 2647; x_wconf 87' lang='lat' dir='ltr'>loco</span> <span class='ocrx_word' id='word_1_175' title='bbox 852 2594 902 2648; x_wconf 78' lang='lat' dir='ltr'>et</span> <span class='ocrx_word' id='word_1_176' title='bbox 952 2596 1167 2665; x_wconf 83' lang='lat' dir='ltr'>typogr.</span> <span class='ocrx_word' id='word_1_177' title='bbox 1201 2593 1392 2664; x_wconf 82' lang='lat' dir='ltr'>in-fol.</span> <span class='ocrx_word' id='word_1_178' title='bbox 1429 2592 1529 2665; x_wconf 89' lang='grc' dir='ltr'>(ΙΙΙ</span> <span class='ocrx_word' id='word_1_179' title='bbox 1557 2592 1648 2648; x_wconf 88' lang='lat' dir='ltr'>vel</span> <span class='ocrx_word' id='word_1_180' title='bbox 1680 2593 1796 2666; x_wconf 81' lang='grc' dir='ltr'>Ν).</span> <span class='ocrx_word' id='word_1_181' title='bbox 1829 2597 1885 2649; x_wconf 83' lang='lat'>8.</span> 
     </span>
    </p>
   </div>
   <div class='ocr_carea' id='block_1_26' title="bbox 229 2680 1894 2754">
    <p class='ocr_par' dir='ltr' id='par_1_26' title="bbox 229 2680 1894 2754">
     <span class='ocr_line' id='line_1_26' title="bbox 229 2680 1894 2754; baseline 0.001 -16"><span class='ocrx_word' id='word_1_182' title='bbox 229 2682 439 2738; x_wconf 84' lang='lat' dir='ltr'>Leonis</span> <span class='ocrx_word' id='word_1_183' title='bbox 469 2697 637 2754; x_wconf 75' lang='lat' dir='ltr'>papas</span> <span class='ocrx_word' id='word_1_184' title='bbox 659 2681 990 2736; x_wconf 84' lang='lat' dir='ltr'>Sermones.</span> <span class='ocrx_word' id='word_1_185' title='bbox 1013 2680 1100 2736; x_wconf 89' lang='lat' dir='ltr'>Ab</span> <span class='ocrx_word' id='word_1_186' title='bbox 1120 2680 1288 2737; x_wconf 86' lang='lat' dir='ltr'>initio</span> <span class='ocrx_word' id='word_1_187' title='bbox 1311 2699 1323 2737; x_wconf 91' lang='lat'>:</span> <span class='ocrx_word' id='word_1_188' title='bbox 1348 2684 1548 2754; x_wconf 76' lang='lat' dir='ltr'>Incipit</span> <span class='ocrx_word' id='word_1_189' title='bbox 1580 2683 1720 2739; x_wconf 86' lang='lat' dir='ltr'>liber</span> <span class='ocrx_word' id='word_1_190' title='bbox 1747 2683 1894 2739; x_wconf 78' lang='lat' dir='ltr'>beati</span> 
     </span>
    </p>
   </div>
   <div class='ocr_carea' id='block_1_27' title="bbox 227 2771 1889 2843">
    <p class='ocr_par' dir='ltr' id='par_1_27' title="bbox 227 2771 1889 2843">
     <span class='ocr_line' id='line_1_27' title="bbox 227 2771 1889 2843; baseline -0.001 -14"><span class='ocrx_word' id='word_1_191' title='bbox 227 2773 422 2829; x_wconf 76' lang='lat' dir='ltr'>Leonis</span> <span class='ocrx_word' id='word_1_192' title='bbox 447 2783 620 2842; x_wconf 70' lang='lat' dir='ltr'>papae</span> <span class='ocrx_word' id='word_1_193' title='bbox 656 2771 1000 2837; x_wconf 79' lang='lat' dir='ltr'>Sermo-num,</span> <span class='ocrx_word' id='word_1_194' title='bbox 1034 2773 1085 2825; x_wconf 80' lang='lat' dir='ltr'>et</span> <span class='ocrx_word' id='word_1_195' title='bbox 1112 2786 1288 2827; x_wconf 82' lang='lat' dir='ltr'>sermo</span> <span class='ocrx_word' id='word_1_196' title='bbox 1325 2773 1540 2843; x_wconf 84' lang='lat' dir='ltr'>primus</span> <span class='ocrx_word' id='word_1_197' title='bbox 1568 2771 1635 2827; x_wconf 87' lang='lat' dir='ltr'>de</span> <span class='ocrx_word' id='word_1_198' title='bbox 1659 2771 1889 2829; x_wconf 80' lang='lat' dir='ltr'>ordina-</span> 
     </span>
    </p>
   </div>
   <div class='ocr_carea' id='block_1_28' title="bbox 226 2858 1885 2930">
    <p class='ocr_par' dir='ltr' id='par_1_28' title="bbox 226 2858 1885 2930">
     <span class='ocr_line' id='line_1_28' title="bbox 226 2858 1885 2930; baseline 0 -13"><span class='ocrx_word' id='word_1_199' title='bbox 226 2863 370 2917; x_wconf 79' lang='lat' dir='ltr'>tione</span> <span class='ocrx_word' id='word_1_200' title='bbox 417 2876 525 2915; x_wconf 83' lang='lat' dir='ltr'>sua</span> <span class='ocrx_word' id='word_1_201' title='bbox 582 2859 848 2930; x_wconf 78' lang='lat' dir='ltr'>sequitur.</span> <span class='ocrx_word' id='word_1_202' title='bbox 881 2861 947 2913; x_wconf 90' lang='lat' dir='ltr'>In</span> <span class='ocrx_word' id='word_1_203' title='bbox 995 2858 1156 2915; x_wconf 84' lang='lat' dir='ltr'>ﬁne:</span> <span class='ocrx_word' id='word_1_204' title='bbox 1192 2860 1349 2915; x_wconf 79' lang='lat' dir='ltr'>lhesu</span> <span class='ocrx_word' id='word_1_205' title='bbox 1399 2859 1648 2916; x_wconf 79' lang='lat' dir='ltr'>Christus</span> <span class='ocrx_word' id='word_1_206' title='bbox 1690 2861 1885 2918; x_wconf 80' lang='lat' dir='ltr'>Maria.</span> 
     </span>
    </p>
   </div>
   <div class='ocr_carea' id='block_1_29' title="bbox 227 2943 1890 3022">
    <p class='ocr_par' dir='ltr' id='par_1_29' title="bbox 227 2943 1890 3022">
     <span class='ocr_line' id='line_1_29' title="bbox 227 2943 1890 3022; baseline 0.001 -15"><span class='ocrx_word' id='word_1_207' title='bbox 227 2951 435 3007; x_wconf 81' lang='lat' dir='ltr'>Insunt</span> <span class='ocrx_word' id='word_1_208' title='bbox 465 2949 782 3005; x_wconf 81' lang='lat' dir='ltr'>Sermones</span> <span class='ocrx_word' id='word_1_209' title='bbox 811 2948 901 3015; x_wconf 81' lang='grc'>94,</span> <span class='ocrx_word' id='word_1_210' title='bbox 929 2965 1180 3020; x_wconf 84' lang='lat' dir='ltr'>quorum</span> <span class='ocrx_word' id='word_1_211' title='bbox 1224 2948 1587 3022; x_wconf 86' lang='lat' dir='ltr'>penultimus</span> <span class='ocrx_word' id='word_1_212' title='bbox 1626 2943 1890 3008; x_wconf 77' lang='lat' dir='ltr'>tractatus</span> 
     </span>
    </p>
   </div>
   <div class='ocr_carea' id='block_1_30' title="bbox 653 306 3269 404">
    <p class='ocr_par' dir='ltr' id='par_1_30' title="bbox 653 306 3269 404">
     <span class='ocr_line' id='line_1_30' title="bbox 653 306 3269 404; baseline 0.003 -27"><span class='ocrx_word' id='word_1_213' title='bbox 653 311 1273 404; x_wconf 10' lang='lat' dir='ltr'>.SCHCENEMVANNI</span> <span class='ocrx_word' id='word_1_214' title='bbox 1319 317 1643 379; x_wconf 86' lang='lat' dir='ltr'>NOTITIA</span> <span class='ocrx_word' id='word_1_215' title='bbox 1689 306 2624 384; x_wconf 60' lang='lat' dir='ltr'>HISTORICO-LITTERARIK</span> <span class='ocrx_word' id='word_1_216' title='bbox 2668 323 2745 384; x_wconf 87' lang='lat' dir='ltr'><strong>IN</strong></span> <span class='ocrx_word' id='word_1_217' title='bbox 2790 315 2857 385; x_wconf 82' lang='lat' dir='ltr'>S.</span> <span class='ocrx_word' id='word_1_218' title='bbox 2901 311 3269 387; x_wconf 55' lang='lat' dir='ltr'>LEONEM.</span> 
     </span>
    </p>
   </div>
   <div class='ocr_carea' id='block_1_31' title="bbox 247 444 1995 523">
    <p class='ocr_par' dir='ltr' id='par_1_31' title="bbox 247 444 1995 523">
     <span class='ocr_line' id='line_1_31' title="bbox 247 444 1995 523; baseline -0.001 -20"><span class='ocrx_word' id='word_1_219' title='bbox 247 446 418 504; x_wconf 87' lang='lat' dir='ltr'>lineis</span> <span class='ocrx_word' id='word_1_220' title='bbox 453 446 515 503; x_wconf 90' lang='lat' dir='ltr'>in</span> <span class='ocrx_word' id='word_1_221' title='bbox 548 447 778 521; x_wconf 89' lang='lat' dir='ltr'>integra</span> <span class='ocrx_word' id='word_1_222' title='bbox 806 447 1023 522; x_wconf 84' lang='lat' dir='ltr'>pagina</span> <span class='ocrx_word' id='word_1_223' title='bbox 1052 444 1509 523; x_wconf 71' lang='lat' dir='ltr'>3a.Signatura3,</span> <span class='ocrx_word' id='word_1_224' title='bbox 1533 448 1786 516; x_wconf 89' lang='lat' dir='ltr'>numeri,</span> <span class='ocrx_word' id='word_1_225' title='bbox 1814 467 1911 507; x_wconf 51' lang='lat' dir='ltr'>cu.</span> <span class='ocrx_word' id='word_1_226' title='bbox 1936 449 1995 519; x_wconf 75' lang='grc' dir='ltr'><strong>Α</strong></span> 
     </span>
    </p>
   </div>
   <div class='ocr_carea' id='block_1_32' title="bbox 3593 315 3672 382">
    <p class='ocr_par' dir='ltr' id='par_1_32' title="bbox 3593 315 3672 382">
     <span class='ocr_line' id='line_1_32' title="bbox 3593 315 3672 382; baseline 0.025 -2"><span class='ocrx_word' id='word_1_227' title='bbox 3593 315 3672 382; x_wconf 65' lang='grc'>74</span> 
     </span>
    </p>
   </div>
   <div class='ocr_carea' id='block_1_33' title="bbox 2652 471 3428 516">
    <p class='ocr_par' dir='ltr' id='par_1_33' title="bbox 2652 471 3428 516">
     <span class='ocr_line' id='line_1_33' title="bbox 2652 471 3428 516; baseline 0.012 -4"><span class='ocrx_word' id='word_1_228' title='bbox 2652 471 2878 514; x_wconf 67' lang='lat' dir='ltr'>SECULO</span> <span class='ocrx_word' id='word_1_229' title='bbox 2916 474 3034 516; x_wconf 75' lang='lat' dir='ltr'>XVI.</span> <span class='ocrx_word' id='word_1_230' title='bbox 3323 492 3326 496; x_wconf 85' lang='lat'>&#39;</span> <span class='ocrx_word' id='word_1_231' title='bbox 3421 492 3428 500; x_wconf 88' lang='lat'>&#39;</span> 
     </span>
    </p>
   </div>
   <div class='ocr_carea' id='block_1_34' title="bbox 2071 531 3672 618">
    <p class='ocr_par' dir='ltr' id='par_1_34' title="bbox 2071 531 3672 618">
     <span class='ocr_line' id='line_1_34' title="bbox 2071 531 3672 618; baseline 0.003 -23"><span class='ocrx_word' id='word_1_232' title='bbox 2071 591 2073 594; x_wconf 37' lang='lat'>.</span> <span class='ocrx_word' id='word_1_233' title='bbox 2096 542 2254 597; x_wconf 90' lang='grc'>1505.</span> <span class='ocrx_word' id='word_1_234' title='bbox 2295 544 2533 600; x_wconf 74' lang='grc' dir='ltr'>νσηειίἱει</span> <span class='ocrx_word' id='word_1_235' title='bbox 2553 543 2616 599; x_wconf 91' lang='lat' dir='ltr'>in</span> <span class='ocrx_word' id='word_1_236' title='bbox 2644 535 3026 618; x_wconf 70' lang='lat' dir='ltr'>typographeio</span> <span class='ocrx_word' id='word_1_237' title='bbox 3055 531 3453 606; x_wconf 56' lang='lat' dir='ltr'>Bartholomae&#39;i</span> <span class='ocrx_word' id='word_1_238' title='bbox 3477 532 3544 602; x_wconf 71' lang='lat' dir='ltr'>de</span> <span class='ocrx_word' id='word_1_239' title='bbox 3569 542 3672 618; x_wconf 84' lang='lat' dir='ltr'>Za-</span> 
     </span>
    </p>
   </div>
   <div class='ocr_carea' id='block_1_35' title="bbox 2019 617 3686 708">
    <p class='ocr_par' dir='ltr' id='par_1_35' title="bbox 2019 617 3686 708">
     <span class='ocr_line' id='line_1_35' title="bbox 2019 617 3686 708; baseline 0.004 -23"><span class='ocrx_word' id='word_1_240' title='bbox 2019 632 2106 687; x_wconf 87' lang='lat' dir='ltr'>nis</span> <span class='ocrx_word' id='word_1_241' title='bbox 2142 630 2208 688; x_wconf 85' lang='lat' dir='ltr'>de</span> <span class='ocrx_word' id='word_1_242' title='bbox 2250 632 2494 690; x_wconf 83' lang='lat' dir='ltr'>Portesio</span> <span class='ocrx_word' id='word_1_243' title='bbox 2539 633 2786 690; x_wconf 57' lang='lat' dir='ltr'>libraria</span> <span class='ocrx_word' id='word_1_244' title='bbox 2833 617 2972 691; x_wconf 80' lang='lat' dir='ltr'>artis</span> <span class='ocrx_word' id='word_1_245' title='bbox 3013 623 3370 708; x_wconf 79' lang='lat' dir='ltr'>peritissimo,</span> <span class='ocrx_word' id='word_1_246' title='bbox 3417 617 3686 706; x_wconf 66' lang='lat' dir='ltr'>expensis.-</span> 
     </span>
    </p>
   </div>
   <div class='ocr_carea' id='block_1_36' title="bbox 2019 709 3670 792">
    <p class='ocr_par' dir='ltr' id='par_1_36' title="bbox 2019 709 3670 792">
     <span class='ocr_line' id='line_1_36' title="bbox 2019 709 3670 792; baseline 0.004 -19"><span class='ocrx_word' id='word_1_247' title='bbox 2019 717 2301 777; x_wconf 69' lang='lat' dir='ltr'>haeredum</span> <span class='ocrx_word' id='word_1_248' title='bbox 2329 722 2533 778; x_wconf 87' lang='lat' dir='ltr'>nobilis</span> <span class='ocrx_word' id='word_1_249' title='bbox 2563 723 2677 778; x_wconf 79' lang='lat' dir='ltr'>uiri</span> <span class='ocrx_word' id='word_1_250' title='bbox 2717 721 2776 790; x_wconf 77' lang='grc' dir='ltr'>ρ.</span> <span class='ocrx_word' id='word_1_251' title='bbox 2809 724 3030 779; x_wconf 78' lang='lat' dir='ltr'>Domini</span> <span class='ocrx_word' id='word_1_252' title='bbox 3072 722 3354 781; x_wconf 81' lang='lat' dir='ltr'>Octaviani</span> <span class='ocrx_word' id='word_1_253' title='bbox 3380 709 3554 792; x_wconf 69' lang='lat' dir='ltr'>Scoti,</span> <span class='ocrx_word' id='word_1_254' title='bbox 3580 723 3670 780; x_wconf 71' lang='lat' dir='ltr'>m-</span> 
     </span>
    </p>
   </div>
   <div class='ocr_carea' id='block_1_37' title="bbox 2015 799 3668 881">
    <p class='ocr_par' dir='ltr' id='par_1_37' title="bbox 2015 799 3668 881">
     <span class='ocr_line' id='line_1_37' title="bbox 2015 799 3668 881; baseline 0.004 -15"><span class='ocrx_word' id='word_1_255' title='bbox 2015 809 2114 881; x_wconf 84' lang='lat' dir='ltr'>fol.</span> <span class='ocrx_word' id='word_1_256' title='bbox 2148 810 2206 866; x_wconf 91' lang='lat' dir='ltr'>S.</span> <span class='ocrx_word' id='word_1_257' title='bbox 2238 810 2445 868; x_wconf 86' lang='lat' dir='ltr'>Leonis</span> <span class='ocrx_word' id='word_1_258' title='bbox 2489 811 2820 868; x_wconf 90' lang='lat' dir='ltr'>Sermones.</span> <span class='ocrx_word' id='word_1_259' title='bbox 2844 811 3020 868; x_wconf 80' lang='lat' dir='ltr'>Juxta</span> <span class='ocrx_word' id='word_1_260' title='bbox 3047 812 3364 870; x_wconf 85' lang='lat' dir='ltr'>editionem</span> <span class='ocrx_word' id='word_1_261' title='bbox 3389 799 3668 872; x_wconf 76' lang='lat' dir='ltr'>Parmen-</span> 
     </span>
    </p>
   </div>
   <div class='ocr_carea' id='block_1_38' title="bbox 2017 887 3622 982">
    <p class='ocr_par' dir='ltr' id='par_1_38' title="bbox 2017 887 3622 982">
     <span class='ocr_line' id='line_1_38' title="bbox 2017 887 3622 982; baseline 0.001 -27"><span class='ocrx_word' id='word_1_262' title='bbox 2017 915 2162 955; x_wconf 90' lang='lat' dir='ltr'>sem.</span> <span class='ocrx_word' id='word_1_263' title='bbox 2195 887 2626 956; x_wconf 80' lang='lat' dir='ltr'>Commemorat</span> <span class='ocrx_word' id='word_1_264' title='bbox 2657 901 2975 970; x_wconf 85' lang='lat' dir='ltr'>Quesncllus</span> <span class='ocrx_word' id='word_1_265' title='bbox 3005 901 3066 957; x_wconf 89' lang='lat' dir='ltr'>in</span> <span class='ocrx_word' id='word_1_266' title='bbox 3093 889 3476 976; x_wconf 46' lang='lat' dir='ltr'>Praefatqen&#39;.</span> <span class='ocrx_word' id='word_1_267' title='bbox 3617 955 3622 982; x_wconf 31' lang='grc' dir='ltr'><strong>ί</strong></span> 
     </span>
    </p>
   </div>
   <div class='ocr_carea' id='block_1_39' title="bbox 2090 987 3662 1063">
    <p class='ocr_par' dir='ltr' id='par_1_39' title="bbox 2090 987 3662 1063">
     <span class='ocr_line' id='line_1_39' title="bbox 2090 987 3662 1063; baseline 0.003 -21"><span class='ocrx_word' id='word_1_268' title='bbox 2090 987 2246 1043; x_wconf 86' lang='grc'>1511.</span> <span class='ocrx_word' id='word_1_269' title='bbox 2276 989 2518 1045; x_wconf 76' lang='lat' dir='ltr'>Parisiis</span> <span class='ocrx_word' id='word_1_270' title='bbox 2561 1006 2663 1062; x_wconf 91' lang='lat' dir='ltr'>per</span> <span class='ocrx_word' id='word_1_271' title='bbox 2707 993 2788 1047; x_wconf 82' lang='lat' dir='ltr'>J0.</span> <span class='ocrx_word' id='word_1_272' title='bbox 2838 989 3081 1047; x_wconf 79' lang='lat' dir='ltr'>Badium</span> <span class='ocrx_word' id='word_1_273' title='bbox 3121 989 3454 1063; x_wconf 74' lang='lat' dir='ltr'>Ascensium.</span> <span class='ocrx_word' id='word_1_274' title='bbox 3486 988 3662 1048; x_wconf 69' lang='lat' dir='ltr'>iri-49.</span> 
     </span>
    </p>
   </div>
   <div class='ocr_carea' id='block_1_40' title="bbox 2013 1076 3668 1151">
    <p class='ocr_par' dir='ltr' id='par_1_40' title="bbox 2013 1076 3668 1151">
     <span class='ocr_line' id='line_1_40' title="bbox 2013 1076 3668 1151; baseline 0.002 -20"><span class='ocrx_word' id='word_1_275' title='bbox 2013 1076 2073 1131; x_wconf 93' lang='lat' dir='ltr'>S.</span> <span class='ocrx_word' id='word_1_276' title='bbox 2098 1076 2304 1135; x_wconf 86' lang='lat' dir='ltr'>Leonis</span> <span class='ocrx_word' id='word_1_277' title='bbox 2334 1095 2497 1151; x_wconf 67' lang='lat' dir='ltr'>papae</span> <span class='ocrx_word' id='word_1_278' title='bbox 2520 1077 2787 1151; x_wconf 63' lang='lat' dir='ltr'>Epistolas</span> <span class='ocrx_word' id='word_1_279' title='bbox 2816 1079 3128 1137; x_wconf 82' lang='lat' dir='ltr'>catholicae.</span> <span class='ocrx_word' id='word_1_280' title='bbox 3145 1083 3204 1135; x_wconf 91' lang='lat' dir='ltr'>et</span> <span class='ocrx_word' id='word_1_281' title='bbox 3231 1082 3446 1138; x_wconf 76' lang='lat' dir='ltr'>sanctas</span> <span class='ocrx_word' id='word_1_282' title='bbox 3476 1077 3668 1136; x_wconf 82' lang='lat' dir='ltr'>erudi-</span> 
     </span>
    </p>
   </div>
   <div class='ocr_carea' id='block_1_41' title="bbox 2011 1165 3660 1246">
    <p class='ocr_par' dir='ltr' id='par_1_41' title="bbox 2011 1165 3660 1246">
     <span class='ocr_line' id='line_1_41' title="bbox 2011 1165 3660 1246; baseline 0.003 -25"><span class='ocrx_word' id='word_1_283' title='bbox 2011 1165 2193 1246; x_wconf 85' lang='lat' dir='ltr'>tionis</span> <span class='ocrx_word' id='word_1_284' title='bbox 2238 1165 2616 1238; x_wconf 74' lang='lat' dir='ltr'>plenissimae.</span> <span class='ocrx_word' id='word_1_285' title='bbox 2642 1170 2760 1225; x_wconf 89' lang='lat' dir='ltr'>Cat.</span> <span class='ocrx_word' id='word_1_286' title='bbox 2799 1168 2943 1224; x_wconf 85' lang='lat' dir='ltr'>Bibl.</span> <span class='ocrx_word' id='word_1_287' title='bbox 2975 1168 3102 1238; x_wconf 82' lang='lat' dir='ltr'>Reg.</span> <span class='ocrx_word' id='word_1_288' title='bbox 3134 1169 3320 1224; x_wconf 84' lang='lat' dir='ltr'>Paris.</span> <span class='ocrx_word' id='word_1_289' title='bbox 3350 1166 3416 1224; x_wconf 92' lang='lat' dir='ltr'>it.</span> <span class='ocrx_word' id='word_1_290' title='bbox 3445 1167 3660 1246; x_wconf 71' lang='lat' dir='ltr'>Bunau.</span> 
     </span>
    </p>
   </div>
   <div class='ocr_carea' id='block_1_42' title="bbox 2011 1253 3664 1328">
    <p class='ocr_par' dir='ltr' id='par_1_42' title="bbox 2011 1253 3664 1328">
     <span class='ocr_line' id='line_1_42' title="bbox 2011 1253 3664 1328; baseline 0.002 -17"><span class='ocrx_word' id='word_1_291' title='bbox 2011 1257 2068 1311; x_wconf 91' lang='lat' dir='ltr'>et</span> <span class='ocrx_word' id='word_1_292' title='bbox 2095 1254 2304 1311; x_wconf 85' lang='lat' dir='ltr'>Bodlei.</span> <span class='ocrx_word' id='word_1_293' title='bbox 2327 1255 2585 1313; x_wconf 89' lang='lat' dir='ltr'>Insertus</span> <span class='ocrx_word' id='word_1_294' title='bbox 2615 1259 2704 1312; x_wconf 89' lang='lat' dir='ltr'>est</span> <span class='ocrx_word' id='word_1_295' title='bbox 2740 1255 2976 1314; x_wconf 87' lang='lat' dir='ltr'>libellus</span> <span class='ocrx_word' id='word_1_296' title='bbox 3005 1256 3077 1312; x_wconf 94' lang='lat' dir='ltr'>de</span> <span class='ocrx_word' id='word_1_297' title='bbox 3107 1256 3375 1328; x_wconf 81' lang='lat' dir='ltr'>Conﬂictu</span> <span class='ocrx_word' id='word_1_298' title='bbox 3399 1253 3664 1316; x_wconf 78' lang='lat' dir='ltr'>uitiorum</span> 
     </span>
    </p>
   </div>
   <div class='ocr_carea' id='block_1_43' title="bbox 2008 1335 3662 1421">
    <p class='ocr_par' dir='ltr' id='par_1_43' title="bbox 2008 1335 3662 1421">
     <span class='ocr_line' id='line_1_43' title="bbox 2008 1335 3662 1421; baseline 0.004 -21"><span class='ocrx_word' id='word_1_299' title='bbox 2008 1347 2062 1400; x_wconf 85' lang='lat' dir='ltr'>et</span> <span class='ocrx_word' id='word_1_300' title='bbox 2091 1345 2378 1415; x_wconf 83' lang='lat' dir='ltr'>virtutum,</span> <span class='ocrx_word' id='word_1_301' title='bbox 2412 1344 2606 1415; x_wconf 89' lang='lat' dir='ltr'>Leoni,</span> <span class='ocrx_word' id='word_1_302' title='bbox 2639 1349 2704 1402; x_wconf 89' lang='lat' dir='ltr'>ut</span> <span class='ocrx_word' id='word_1_303' title='bbox 2730 1348 2816 1403; x_wconf 88' lang='lat' dir='ltr'>tot</span> <span class='ocrx_word' id='word_1_304' title='bbox 2859 1345 2990 1404; x_wconf 84' lang='lat' dir='ltr'>aliis</span> <span class='ocrx_word' id='word_1_305' title='bbox 3029 1345 3322 1419; x_wconf 86' lang='lat' dir='ltr'>Patribus,</span> <span class='ocrx_word' id='word_1_306' title='bbox 3353 1335 3662 1421; x_wconf 66' lang='lat' dir='ltr'>perperam</span> 
     </span>
    </p>
   </div>
   <div class='ocr_carea' id='block_1_44' title="bbox 2008 1419 3658 1506">
    <p class='ocr_par' dir='ltr' id='par_1_44' title="bbox 2008 1419 3658 1506">
     <span class='ocr_line' id='line_1_44' title="bbox 2008 1419 3658 1506; baseline -0.001 -16"><span class='ocrx_word' id='word_1_307' title='bbox 2008 1434 2318 1506; x_wconf 83' lang='lat' dir='ltr'>ascriptus.</span> <span class='ocrx_word' id='word_1_308' title='bbox 3355 1419 3374 1421; x_wconf 18' lang='grc' dir='ltr'><strong>ἡ</strong></span> <span class='ocrx_word' id='word_1_309' title='bbox 3458 1419 3479 1421; x_wconf 17' lang='grc' dir='ltr'><strong>ἡ</strong></span> <span class='ocrx_word' id='word_1_310' title='bbox 3562 1419 3566 1426; x_wconf 49' lang='grc'><em>’</em></span> <span class='ocrx_word' id='word_1_311' title='bbox 3656 1421 3658 1424; x_wconf 40' lang='grc'><em>’</em></span> 
     </span>
    </p>
   </div>
   <div class='ocr_carea' id='block_1_45' title="bbox 2080 1520 3670 1603">
    <p class='ocr_par' dir='ltr' id='par_1_45' title="bbox 2080 1520 3670 1603">
     <span class='ocr_line' id='line_1_45' title="bbox 2080 1520 3670 1603; baseline 0.002 -26"><span class='ocrx_word' id='word_1_312' title='bbox 2080 1523 2236 1578; x_wconf 89' lang='lat'><strong>1515.</strong></span> <span class='ocrx_word' id='word_1_313' title='bbox 2262 1523 2520 1593; x_wconf 85' lang='lat' dir='ltr'>Parisiis,</span> <span class='ocrx_word' id='word_1_314' title='bbox 2576 1523 2746 1592; x_wconf 66' lang='lat' dir='ltr'>iri-4°,</span> <span class='ocrx_word' id='word_1_315' title='bbox 2798 1522 3006 1580; x_wconf 86' lang='lat' dir='ltr'>Leonis</span> <span class='ocrx_word' id='word_1_316' title='bbox 3060 1521 3358 1596; x_wconf 83' lang='lat' dir='ltr'>pontiﬁcis</span> <span class='ocrx_word' id='word_1_317' title='bbox 3412 1520 3670 1603; x_wconf 74' lang='lat' dir='ltr'>maximi</span> 
     </span>
    </p>
   </div>
   <div class='ocr_carea' id='block_1_46' title="bbox 2005 1611 3660 1692">
    <p class='ocr_par' dir='ltr' id='par_1_46' title="bbox 2005 1611 3660 1692">
     <span class='ocr_line' id='line_1_46' title="bbox 2005 1611 3660 1692; baseline 0.001 -24"><span class='ocrx_word' id='word_1_318' title='bbox 2005 1612 2315 1668; x_wconf 88' lang='lat' dir='ltr'>Sermones</span> <span class='ocrx_word' id='word_1_319' title='bbox 2342 1629 2519 1684; x_wconf 88' lang='lat' dir='ltr'>quam</span> <span class='ocrx_word' id='word_1_320' title='bbox 2548 1611 2996 1686; x_wconf 83' lang='lat' dir='ltr'>diligentissime</span> <span class='ocrx_word' id='word_1_321' title='bbox 3021 1611 3360 1692; x_wconf 66' lang='lat' dir='ltr'>nuperriJne</span> <span class='ocrx_word' id='word_1_322' title='bbox 3387 1611 3660 1691; x_wconf 80' lang='lat' dir='ltr'>castigati</span> 
     </span>
    </p>
   </div>
   <div class='ocr_carea' id='block_1_47' title="bbox 1979 1699 3672 1782">
    <p class='ocr_par' dir='ltr' id='par_1_47' title="bbox 1979 1699 3672 1782">
     <span class='ocr_line' id='line_1_47' title="bbox 1979 1699 3672 1782; baseline 0.002 -26"><span class='ocrx_word' id='word_1_323' title='bbox 1979 1705 2063 1782; x_wconf 87' lang='lat' dir='ltr'>_ct</span> <span class='ocrx_word' id='word_1_324' title='bbox 2095 1704 2384 1773; x_wconf 89' lang='lat' dir='ltr'>quantum</span> <span class='ocrx_word' id='word_1_325' title='bbox 2415 1701 2599 1757; x_wconf 88' lang='lat' dir='ltr'>anniti</span> <span class='ocrx_word' id='word_1_326' title='bbox 2632 1719 2728 1758; x_wconf 89' lang='lat' dir='ltr'>ars</span> <span class='ocrx_word' id='word_1_327' title='bbox 2756 1701 2946 1775; x_wconf 88' lang='lat' dir='ltr'>potuit</span> <span class='ocrx_word' id='word_1_328' title='bbox 2977 1699 3219 1758; x_wconf 77' lang='lat' dir='ltr'>feliciter</span> <span class='ocrx_word' id='word_1_329' title='bbox 3245 1699 3542 1778; x_wconf 76' lang='lat' dir='ltr'>impressi.</span> <span class='ocrx_word' id='word_1_330' title='bbox 3567 1701 3672 1779; x_wconf 72' lang='grc' dir='ltr'>νε-Δ</span> 
     </span>
    </p>
   </div>
   <div class='ocr_carea' id='block_1_48' title="bbox 1983 1789 3656 1864">
    <p class='ocr_par' dir='ltr' id='par_1_48' title="bbox 1983 1789 3656 1864">
     <span class='ocr_line' id='line_1_48' title="bbox 1983 1789 3656 1864; baseline 0.001 -18"><span class='ocrx_word' id='word_1_331' title='bbox 1983 1790 2345 1846; x_wconf 68' lang='grc' dir='ltr'>ητιηιιίαηιτιν</span> <span class='ocrx_word' id='word_1_332' title='bbox 2369 1791 2622 1846; x_wconf 83' lang='lat' dir='ltr'>Parisius</span> <span class='ocrx_word' id='word_1_333' title='bbox 2652 1789 2783 1864; x_wconf 86' lang='lat' dir='ltr'>(sic)</span> <span class='ocrx_word' id='word_1_334' title='bbox 2805 1792 2865 1846; x_wconf 88' lang='lat' dir='ltr'>in</span> <span class='ocrx_word' id='word_1_335' title='bbox 2895 1791 3010 1847; x_wconf 83' lang='lat' dir='ltr'>vico</span> <span class='ocrx_word' id='word_1_336' title='bbox 3040 1790 3154 1848; x_wconf 81' lang='lat' dir='ltr'>divi</span> <span class='ocrx_word' id='word_1_337' title='bbox 3176 1789 3363 1850; x_wconf 78' lang='lat' dir='ltr'>Jacobi</span> <span class='ocrx_word' id='word_1_338' title='bbox 3384 1790 3484 1848; x_wconf 79' lang='lat' dir='ltr'>sub</span> <span class='ocrx_word' id='word_1_339' title='bbox 3509 1790 3656 1851; x_wconf 75' lang='lat' dir='ltr'>Lilia</span> 
     </span>
    </p>
   </div>
   <div class='ocr_carea' id='block_1_49' title="bbox 2003 1879 3240 1953">
    <p class='ocr_par' dir='ltr' id='par_1_49' title="bbox 2003 1879 3240 1953">
     <span class='ocr_line' id='line_1_49' title="bbox 2003 1879 3240 1953; baseline -0.002 -19"><span class='ocrx_word' id='word_1_340' title='bbox 2003 1895 2171 1936; x_wconf 84' lang='lat' dir='ltr'>aureo</span> <span class='ocrx_word' id='word_1_341' title='bbox 2198 1896 2234 1936; x_wconf 90' lang='lat' dir='ltr'>a</span> <span class='ocrx_word' id='word_1_342' title='bbox 2259 1881 2467 1936; x_wconf 84' lang='lat' dir='ltr'>Joanne</span> <span class='ocrx_word' id='word_1_343' title='bbox 2492 1881 2669 1935; x_wconf 85' lang='lat' dir='ltr'>Parvo</span> <span class='ocrx_word' id='word_1_344' title='bbox 2702 1882 2860 1953; x_wconf 83' lang='lat' dir='ltr'>(Jean</span> <span class='ocrx_word' id='word_1_345' title='bbox 2885 1879 3078 1951; x_wconf 75' lang='lat' dir='ltr'>Petit).</span> <span class='ocrx_word' id='word_1_346' title='bbox 3233 1927 3240 1932; x_wconf 86' lang='lat'>.</span> 
     </span>
    </p>
   </div>
   <div class='ocr_carea' id='block_1_50' title="bbox 2071 1957 3672 2042">
    <p class='ocr_par' dir='ltr' id='par_1_50' title="bbox 2071 1957 3672 2042">
     <span class='ocr_line' id='line_1_50' title="bbox 2071 1957 3672 2042; baseline 0.001 -18"><span class='ocrx_word' id='word_1_347' title='bbox 2071 1967 2382 2041; x_wconf 80' lang='lat' dir='ltr'>Exemplar</span> <span class='ocrx_word' id='word_1_348' title='bbox 2425 1969 2598 2041; x_wconf 83' lang='lat' dir='ltr'>juxta</span> <span class='ocrx_word' id='word_1_349' title='bbox 2643 1969 2798 2042; x_wconf 91' lang='lat' dir='ltr'>quod</span> <span class='ocrx_word' id='word_1_350' title='bbox 2855 1967 3133 2042; x_wconf 88' lang='lat' dir='ltr'>descripti</span> <span class='ocrx_word' id='word_1_351' title='bbox 3187 1971 3353 2038; x_wconf 84' lang='lat' dir='ltr'>sunt,</span> <span class='ocrx_word' id='word_1_352' title='bbox 3379 1957 3672 2027; x_wconf 76' lang='lat' dir='ltr'>editionis</span> 
     </span>
    </p>
   </div>
   <div class='ocr_carea' id='block_1_51' title="bbox 2001 2056 3674 2136">
    <p class='ocr_par' dir='ltr' id='par_1_51' title="bbox 2001 2056 3674 2136">
     <span class='ocr_line' id='line_1_51' title="bbox 2001 2056 3674 2136; baseline 0 -22"><span class='ocrx_word' id='word_1_353' title='bbox 2001 2057 2274 2114; x_wconf 62' lang='lat' dir='ltr'>Romana;</span> <span class='ocrx_word' id='word_1_354' title='bbox 2323 2057 2453 2113; x_wconf 80' lang='lat' dir='ltr'>fuit.</span> <span class='ocrx_word' id='word_1_355' title='bbox 2487 2058 2692 2116; x_wconf 90' lang='lat' dir='ltr'>Insunt</span> <span class='ocrx_word' id='word_1_356' title='bbox 2733 2057 2914 2130; x_wconf 85' lang='lat' dir='ltr'>igitur</span> <span class='ocrx_word' id='word_1_357' title='bbox 2959 2061 3017 2114; x_wconf 81' lang='lat' dir='ltr'>et</span> <span class='ocrx_word' id='word_1_358' title='bbox 3057 2056 3323 2131; x_wconf 71' lang='lat' dir='ltr'>epistolae</span> <span class='ocrx_word' id='word_1_359' title='bbox 3359 2056 3674 2136; x_wconf 39' lang='lat' dir='ltr'>5,~eodem_v</span> 
     </span>
    </p>
   </div>
   <div class='ocr_carea' id='block_1_52' title="bbox 1998 2143 3651 2222">
    <p class='ocr_par' dir='ltr' id='par_1_52' title="bbox 1998 2143 3651 2222">
     <span class='ocr_line' id='line_1_52' title="bbox 1998 2143 3651 2222; baseline 0.001 -20"><span class='ocrx_word' id='word_1_360' title='bbox 1998 2162 2204 2203; x_wconf 88' lang='lat' dir='ltr'>omnes</span> <span class='ocrx_word' id='word_1_361' title='bbox 2233 2144 2437 2204; x_wconf 88' lang='lat' dir='ltr'>ordine</span> <span class='ocrx_word' id='word_1_362' title='bbox 2458 2150 2514 2202; x_wconf 90' lang='lat' dir='ltr'>et</span> <span class='ocrx_word' id='word_1_363' title='bbox 2533 2145 2905 2220; x_wconf 86' lang='lat' dir='ltr'>appendices.</span> <span class='ocrx_word' id='word_1_364' title='bbox 2929 2146 2996 2203; x_wconf 91' lang='lat' dir='ltr'>In</span> <span class='ocrx_word' id='word_1_365' title='bbox 3023 2145 3154 2215; x_wconf 84' lang='lat' dir='ltr'>(ine,</span> <span class='ocrx_word' id='word_1_366' title='bbox 3182 2143 3452 2222; x_wconf 75' lang='lat' dir='ltr'>absoluto</span> <span class='ocrx_word' id='word_1_367' title='bbox 3477 2144 3651 2219; x_wconf 81' lang='lat' dir='ltr'>plane</span> 
     </span>
    </p>
   </div>
   <div class='ocr_carea' id='block_1_53' title="bbox 1998 2234 3750 2310">
    <p class='ocr_par' dir='ltr' id='par_1_53' title="bbox 1998 2234 3750 2310">
     <span class='ocr_line' id='line_1_53' title="bbox 1998 2234 3750 2310; baseline 0.001 -18"><span class='ocrx_word' id='word_1_368' title='bbox 1998 2234 2446 2308; x_wconf 87' lang='lat' dir='ltr'>reliquoopere,</span> <span class='ocrx_word' id='word_1_369' title='bbox 2471 2239 2604 2309; x_wconf 89' lang='lat' dir='ltr'>post</span> <span class='ocrx_word' id='word_1_370' title='bbox 2633 2235 2908 2310; x_wconf 88' lang='lat' dir='ltr'>paginam</span> <span class='ocrx_word' id='word_1_371' title='bbox 2929 2251 3173 2294; x_wconf 87' lang='lat' dir='ltr'>vacuam</span> <span class='ocrx_word' id='word_1_372' title='bbox 3200 2234 3321 2293; x_wconf 80' lang='lat' dir='ltr'>folii</span> <span class='ocrx_word' id='word_1_373' title='bbox 3352 2234 3565 2302; x_wconf 85' lang='lat' dir='ltr'>ultimi,</span> <span class='ocrx_word' id='word_1_374' title='bbox 3589 2234 3653 2293; x_wconf 84' lang='lat' dir='ltr'>id</span> <span class='ocrx_word' id='word_1_375' title='bbox 3747 2293 3750 2298; x_wconf 79' lang='grc'>,</span> 
     </span>
    </p>
   </div>
   <div class='ocr_carea' id='block_1_54' title="bbox 1998 2323 3648 2399">
    <p class='ocr_par' dir='ltr' id='par_1_54' title="bbox 1998 2323 3648 2399">
     <span class='ocr_line' id='line_1_54' title="bbox 1998 2323 3648 2399; baseline 0 -17"><span class='ocrx_word' id='word_1_376' title='bbox 1998 2329 2107 2393; x_wconf 89' lang='lat' dir='ltr'>est,</span> <span class='ocrx_word' id='word_1_377' title='bbox 2122 2324 2424 2381; x_wconf 88' lang='lat' dir='ltr'>centesimi</span> <span class='ocrx_word' id='word_1_378' title='bbox 2446 2324 2651 2394; x_wconf 87' lang='lat' dir='ltr'>octavi,</span> <span class='ocrx_word' id='word_1_379' title='bbox 2671 2325 2814 2383; x_wconf 90' lang='lat' dir='ltr'>adeo</span> <span class='ocrx_word' id='word_1_380' title='bbox 2831 2330 2896 2383; x_wconf 88' lang='lat' dir='ltr'>ut</span> <span class='ocrx_word' id='word_1_381' title='bbox 2911 2325 3169 2399; x_wconf 81' lang='lat' dir='ltr'>separari</span> <span class='ocrx_word' id='word_1_382' title='bbox 3189 2324 3395 2398; x_wconf 87' lang='lat' dir='ltr'>possit,</span> <span class='ocrx_word' id='word_1_383' title='bbox 3409 2323 3648 2382; x_wconf 87' lang='lat' dir='ltr'>additus</span> 
     </span>
    </p>
   </div>
   <div class='ocr_carea' id='block_1_55' title="bbox 1997 2412 3648 2488">
    <p class='ocr_par' dir='ltr' id='par_1_55' title="bbox 1997 2412 3648 2488">
     <span class='ocr_line' id='line_1_55' title="bbox 1997 2412 3648 2488; baseline 0.001 -17"><span class='ocrx_word' id='word_1_384' title='bbox 1997 2419 2088 2472; x_wconf 90' lang='lat' dir='ltr'>est</span> <span class='ocrx_word' id='word_1_385' title='bbox 2115 2415 2332 2471; x_wconf 85' lang='lat' dir='ltr'>libellus</span> <span class='ocrx_word' id='word_1_386' title='bbox 2361 2415 2552 2471; x_wconf 82' lang='lat' dir='ltr'>Leonis</span> <span class='ocrx_word' id='word_1_387' title='bbox 2580 2429 2742 2488; x_wconf 71' lang='lat' dir='ltr'>papae</span> <span class='ocrx_word' id='word_1_388' title='bbox 2783 2415 2847 2472; x_wconf 86' lang='lat' dir='ltr'>de</span> <span class='ocrx_word' id='word_1_389' title='bbox 2893 2414 3159 2485; x_wconf 83' lang='lat' dir='ltr'>Canﬂictu</span> <span class='ocrx_word' id='word_1_390' title='bbox 3185 2415 3466 2473; x_wconf 84' lang='lat' dir='ltr'>uitiorum.</span> <span class='ocrx_word' id='word_1_391' title='bbox 3498 2412 3648 2474; x_wconf 76' lang='lat' dir='ltr'>Huic</span> 
     </span>
    </p>
   </div>
   <div class='ocr_carea' id='block_1_56' title="bbox 1997 2501 3648 2576">
    <p class='ocr_par' dir='ltr' id='par_1_56' title="bbox 1997 2501 3648 2576">
     <span class='ocr_line' id='line_1_56' title="bbox 1997 2501 3648 2576; baseline 0.002 -17"><span class='ocrx_word' id='word_1_392' title='bbox 1997 2502 2186 2572; x_wconf 87' lang='lat' dir='ltr'>titulo,</span> <span class='ocrx_word' id='word_1_393' title='bbox 2221 2502 2322 2576; x_wconf 90' lang='lat' dir='ltr'>qui</span> <span class='ocrx_word' id='word_1_394' title='bbox 2352 2503 2411 2558; x_wconf 88' lang='lat' dir='ltr'>in</span> <span class='ocrx_word' id='word_1_395' title='bbox 2443 2519 2679 2560; x_wconf 85' lang='lat' dir='ltr'>summa</span> <span class='ocrx_word' id='word_1_396' title='bbox 2720 2503 2937 2576; x_wconf 84' lang='lat' dir='ltr'>pagina</span> <span class='ocrx_word' id='word_1_397' title='bbox 2960 2503 3236 2574; x_wconf 86' lang='lat' dir='ltr'>cernitur,</span> <span class='ocrx_word' id='word_1_398' title='bbox 3267 2501 3648 2576; x_wconf 77' lang='lat' dir='ltr'>sﬁbjungitur</span> 
     </span>
    </p>
   </div>
   <div class='ocr_carea' id='block_1_57' title="bbox 1998 2590 3647 2666">
    <p class='ocr_par' dir='ltr' id='par_1_57' title="bbox 1998 2590 3647 2666">
     <span class='ocr_line' id='line_1_57' title="bbox 1998 2590 3647 2666; baseline -0.001 -16"><span class='ocrx_word' id='word_1_399' title='bbox 1998 2592 2198 2650; x_wconf 83' lang='lat' dir='ltr'>statim</span> <span class='ocrx_word' id='word_1_400' title='bbox 2219 2590 2422 2648; x_wconf 90' lang='lat' dir='ltr'>notula</span> <span class='ocrx_word' id='word_1_401' title='bbox 2445 2609 2458 2648; x_wconf 86' lang='lat'><strong>:</strong></span> <span class='ocrx_word' id='word_1_402' title='bbox 2481 2592 2648 2648; x_wconf 80' lang='lat' dir='ltr'>Leoni</span> <span class='ocrx_word' id='word_1_403' title='bbox 2667 2593 2895 2664; x_wconf 81' lang='lat' dir='ltr'>insuper</span> <span class='ocrx_word' id='word_1_404' title='bbox 2909 2592 3054 2666; x_wconf 88' lang='lat' dir='ltr'>quod</span> <span class='ocrx_word' id='word_1_405' title='bbox 3070 2593 3324 2664; x_wconf 82' lang='lat' dir='ltr'>sequitur</span> <span class='ocrx_word' id='word_1_406' title='bbox 3345 2591 3647 2651; x_wconf 82' lang='lat' dir='ltr'>ascribitur</span> 
     </span>
    </p>
   </div>
   <div class='ocr_carea' id='block_1_58' title="bbox 1995 2680 3653 2758">
    <p class='ocr_par' dir='ltr' id='par_1_58' title="bbox 1995 2680 3653 2758">
     <span class='ocr_line' id='line_1_58' title="bbox 1995 2680 3653 2758; baseline 0 -20"><span class='ocrx_word' id='word_1_407' title='bbox 1995 2681 2334 2758; x_wconf 83' lang='lat' dir='ltr'>opusculum.</span> <span class='ocrx_word' id='word_1_408' title='bbox 2366 2680 2511 2736; x_wconf 88' lang='lat' dir='ltr'>Illud</span> <span class='ocrx_word' id='word_1_409' title='bbox 2537 2697 2663 2751; x_wconf 81' lang='lat' dir='ltr'>ergo</span> <span class='ocrx_word' id='word_1_410' title='bbox 2694 2681 2856 2753; x_wconf 86' lang='lat' dir='ltr'>(quod</span> <span class='ocrx_word' id='word_1_411' title='bbox 2883 2682 3180 2739; x_wconf 84' lang='lat' dir='ltr'>conducere</span> <span class='ocrx_word' id='word_1_412' title='bbox 3203 2680 3514 2754; x_wconf 72' lang='lat' dir='ltr'>videbatur)</span> <span class='ocrx_word' id='word_1_413' title='bbox 3541 2681 3653 2738; x_wconf 83' lang='lat' dir='ltr'>ad-</span> 
     </span>
    </p>
   </div>
   <div class='ocr_carea' id='block_1_59' title="bbox 1995 2769 3651 2844">
    <p class='ocr_par' dir='ltr' id='par_1_59' title="bbox 1995 2769 3651 2844">
     <span class='ocr_line' id='line_1_59' title="bbox 1995 2769 3651 2844; baseline 0.001 -17"><span class='ocrx_word' id='word_1_414' title='bbox 1995 2771 2256 2827; x_wconf 84' lang='lat' dir='ltr'>didimus.</span> <span class='ocrx_word' id='word_1_415' title='bbox 2309 2770 2567 2842; x_wconf 83' lang='lat' dir='ltr'>Tuitaquc</span> <span class='ocrx_word' id='word_1_416' title='bbox 2613 2770 2879 2844; x_wconf 78' lang='lat' dir='ltr'>quidquid</span> <span class='ocrx_word' id='word_1_417' title='bbox 2921 2774 2974 2828; x_wconf 84' lang='lat' dir='ltr'>et</span> <span class='ocrx_word' id='word_1_418' title='bbox 3019 2769 3162 2827; x_wconf 85' lang='lat' dir='ltr'>illud</span> <span class='ocrx_word' id='word_1_419' title='bbox 3205 2778 3306 2838; x_wconf 82' lang='lat' dir='ltr'>est,</span> <span class='ocrx_word' id='word_1_420' title='bbox 3336 2770 3651 2843; x_wconf 70' lang='lat' dir='ltr'>aequilactor</span> 
     </span>
    </p>
   </div>
   <div class='ocr_carea' id='block_1_60' title="bbox 1995 2858 3648 2935">
    <p class='ocr_par' dir='ltr' id='par_1_60' title="bbox 1995 2858 3648 2935">
     <span class='ocr_line' id='line_1_60' title="bbox 1995 2858 3648 2935; baseline -0.001 -18"><span class='ocrx_word' id='word_1_421' title='bbox 1995 2862 2196 2933; x_wconf 85' lang='lat' dir='ltr'>optime</span> <span class='ocrx_word' id='word_1_422' title='bbox 2227 2861 2481 2931; x_wconf 83' lang='lat' dir='ltr'>bonique,</span> <span class='ocrx_word' id='word_1_423' title='bbox 2509 2861 2796 2916; x_wconf 83' lang='lat' dir='ltr'>consulilo.</span> <span class='ocrx_word' id='word_1_424' title='bbox 2825 2860 3084 2933; x_wconf 86' lang='lat' dir='ltr'>Occupat</span> <span class='ocrx_word' id='word_1_425' title='bbox 3121 2858 3263 2918; x_wconf 83' lang='lat' dir='ltr'>folia</span> <span class='ocrx_word' id='word_1_426' title='bbox 3289 2861 3344 2935; x_wconf 87' lang='lat'>8,</span> <span class='ocrx_word' id='word_1_427' title='bbox 3378 2876 3513 2934; x_wconf 71' lang='lat' dir='ltr'>quas</span> <span class='ocrx_word' id='word_1_428' title='bbox 3536 2876 3648 2917; x_wconf 80' lang='lat' dir='ltr'>nu-</span> 
     </span>
    </p>
   </div>
   <div class='ocr_carea' id='block_1_61' title="bbox 1995 2948 3648 3022">
    <p class='ocr_par' dir='ltr' id='par_1_61' title="bbox 1995 2948 3648 3022">
     <span class='ocr_line' id='line_1_61' title="bbox 1995 2948 3648 3022; baseline 0.001 -16"><span class='ocrx_word' id='word_1_429' title='bbox 1995 2949 2174 3008; x_wconf 89' lang='lat' dir='ltr'>meris</span> <span class='ocrx_word' id='word_1_430' title='bbox 2203 2965 2318 3004; x_wconf 90' lang='lat' dir='ltr'>non</span> <span class='ocrx_word' id='word_1_431' title='bbox 2346 2948 2678 3021; x_wconf 84' lang='lat' dir='ltr'>signantur.</span> <span class='ocrx_word' id='word_1_432' title='bbox 2701 2949 2764 3004; x_wconf 90' lang='lat' dir='ltr'>In</span> <span class='ocrx_word' id='word_1_433' title='bbox 2788 2949 2905 3006; x_wconf 83' lang='lat' dir='ltr'>ﬁne</span> <span class='ocrx_word' id='word_1_434' title='bbox 2934 2949 3056 3006; x_wconf 69' lang='lat' dir='ltr'>haec</span> <span class='ocrx_word' id='word_1_435' title='bbox 3084 2948 3351 3008; x_wconf 78' lang='lat' dir='ltr'>clausula</span> <span class='ocrx_word' id='word_1_436' title='bbox 3369 2965 3390 3006; x_wconf 89' lang='lat'>:-.</span> <span class='ocrx_word' id='word_1_437' title='bbox 3408 2949 3648 3022; x_wconf 60' lang='lat' dir='ltr'>impluit</span> 
     </span>
    </p>
   </div>
   <div class='ocr_carea' id='block_1_62' title="bbox 225 3037 3650 3113">
    <p class='ocr_par' dir='ltr' id='par_1_62' title="bbox 225 3037 3650 3113">
     <span class='ocr_line' id='line_1_62' title="bbox 225 3037 3650 3113; baseline 0 -18"><span class='ocrx_word' id='word_1_438' title='bbox 225 3044 414 3096; x_wconf 84' lang='lat' dir='ltr'>contra</span> <span class='ocrx_word' id='word_1_439' title='bbox 444 3038 686 3094; x_wconf 80' lang='lat' dir='ltr'>heresim</span> <span class='ocrx_word' id='word_1_440' title='bbox 710 3037 1038 3110; x_wconf 78' lang='lat' dir='ltr'>Eutychetis,</span> <span class='ocrx_word' id='word_1_441' title='bbox 1063 3038 1308 3096; x_wconf 90' lang='lat' dir='ltr'>ultimus</span> <span class='ocrx_word' id='word_1_442' title='bbox 1333 3055 1530 3096; x_wconf 89' lang='lat' dir='ltr'>sermo</span> <span class='ocrx_word' id='word_1_443' title='bbox 1556 3040 1628 3096; x_wconf 92' lang='lat' dir='ltr'>de</span> <span class='ocrx_word' id='word_1_444' title='bbox 1655 3040 1890 3098; x_wconf 80' lang='lat' dir='ltr'>Absalon</span> <span class='ocrx_word' id='word_1_445' title='bbox 1989 3039 2296 3113; x_wconf 69' lang='lat' dir='ltr'>praeclarus</span> <span class='ocrx_word' id='word_1_446' title='bbox 2327 3040 2379 3093; x_wconf 86' lang='lat' dir='ltr'>et</span> <span class='ocrx_word' id='word_1_447' title='bbox 2398 3039 2630 3108; x_wconf 83' lang='lat' dir='ltr'>insignis</span> <span class='ocrx_word' id='word_1_448' title='bbox 2653 3041 2919 3096; x_wconf 84' lang='lat' dir='ltr'>tractatus</span> <span class='ocrx_word' id='word_1_449' title='bbox 2936 3039 3132 3098; x_wconf 82' lang='lat' dir='ltr'>Leonis</span> <span class='ocrx_word' id='word_1_450' title='bbox 3141 3054 3287 3112; x_wconf 74' lang='lat' dir='ltr'>papa</span> <span class='ocrx_word' id='word_1_451' title='bbox 3302 3038 3374 3095; x_wconf 83' lang='lat' dir='ltr'>de</span> <span class='ocrx_word' id='word_1_452' title='bbox 3392 3039 3650 3110; x_wconf 74' lang='lat' dir='ltr'>conﬂictu</span> 
     </span>
    </p>
   </div>
   <div class='ocr_carea' id='block_1_63' title="bbox 226 3125 3644 3203">
    <p class='ocr_par' dir='ltr' id='par_1_63' title="bbox 226 3125 3644 3203">
     <span class='ocr_line' id='line_1_63' title="bbox 226 3125 3644 3203; baseline -0.001 -17"><span class='ocrx_word' id='word_1_453' title='bbox 226 3135 308 3186; x_wconf 86' lang='lat' dir='ltr'>est</span> <span class='ocrx_word' id='word_1_454' title='bbox 341 3126 720 3201; x_wconf 87' lang='lat' dir='ltr'>suppositus.</span> <span class='ocrx_word' id='word_1_455' title='bbox 745 3125 940 3183; x_wconf 87' lang='lat' dir='ltr'>Tertia</span> <span class='ocrx_word' id='word_1_456' title='bbox 970 3126 1092 3183; x_wconf 66' lang='lat' dir='ltr'>haec</span> <span class='ocrx_word' id='word_1_457' title='bbox 1121 3132 1230 3196; x_wconf 89' lang='lat' dir='ltr'>est,</span> <span class='ocrx_word' id='word_1_458' title='bbox 1251 3127 1341 3184; x_wconf 87' lang='lat' dir='ltr'>vel</span> <span class='ocrx_word' id='word_1_459' title='bbox 1372 3127 1423 3184; x_wconf 91' lang='lat' dir='ltr'>si</span> <span class='ocrx_word' id='word_1_460' title='bbox 1452 3129 1659 3198; x_wconf 82' lang='lat' dir='ltr'>mavis,</span> <span class='ocrx_word' id='word_1_461' title='bbox 1679 3133 1888 3203; x_wconf 82' lang='lat' dir='ltr'>quarta</span> <span class='ocrx_word' id='word_1_462' title='bbox 1925 3196 1958 3203; x_wconf 82' lang='lat'>_</span> <span class='ocrx_word' id='word_1_463' title='bbox 1993 3129 2252 3186; x_wconf 86' lang='lat' dir='ltr'>vitiorum</span> <span class='ocrx_word' id='word_1_464' title='bbox 2281 3131 2334 3184; x_wconf 88' lang='lat' dir='ltr'>et</span> <span class='ocrx_word' id='word_1_465' title='bbox 2359 3129 2660 3190; x_wconf 81' lang='lat' dir='ltr'>uirtutum;</span> <span class='ocrx_word' id='word_1_466' title='bbox 2692 3143 2802 3184; x_wconf 82' lang='lat' dir='ltr'>vna</span> <span class='ocrx_word' id='word_1_467' title='bbox 2845 3144 2972 3183; x_wconf 86' lang='lat' dir='ltr'>cum</span> <span class='ocrx_word' id='word_1_468' title='bbox 2999 3127 3340 3184; x_wconf 82' lang='lat' dir='ltr'>sermonibus</span> 
     </span>
    </p>
   </div>
   <div class='ocr_carea' id='block_1_64' title="bbox 227 3196 3646 3292">
    <p class='ocr_par' dir='ltr' id='par_1_64' title="bbox 227 3196 3646 3292">
     <span class='ocr_line' id='line_1_64' title="bbox 227 3196 3646 3292; baseline -0.001 -17"><span class='ocrx_word' id='word_1_469' title='bbox 227 3196 556 3276; x_wconf 72' lang='lat' dir='ltr'>editionum</span> <span class='ocrx_word' id='word_1_470' title='bbox 592 3216 807 3272; x_wconf 84' lang='lat' dir='ltr'>Leonis</span> <span class='ocrx_word' id='word_1_471' title='bbox 848 3215 1024 3272; x_wconf 85' lang='lat' dir='ltr'>locum</span> <span class='ocrx_word' id='word_1_472' title='bbox 1053 3219 1109 3272; x_wconf 88' lang='lat' dir='ltr'>et</span> <span class='ocrx_word' id='word_1_473' title='bbox 1148 3233 1360 3273; x_wconf 83' lang='lat' dir='ltr'>annum</span> <span class='ocrx_word' id='word_1_474' title='bbox 1389 3217 1546 3274; x_wconf 84' lang='lat' dir='ltr'>haud</span> <span class='ocrx_word' id='word_1_475' title='bbox 1577 3196 1884 3292; x_wconf 6' lang='lat' dir='ltr'>prlael&#39;eren-</span> <span class='ocrx_word' id='word_1_476' title='bbox 1915 3196 1959 3265; x_wconf 69' lang='grc' dir='ltr'>(ἶ</span> <span class='ocrx_word' id='word_1_477' title='bbox 1994 3217 2405 3287; x_wconf 78' lang='lat' dir='ltr'>Parrhtsiisquc</span> <span class='ocrx_word' id='word_1_478' title='bbox 2433 3217 2727 3288; x_wconf 75' lang='lat' dir='ltr'>impressus</span> <span class='ocrx_word' id='word_1_479' title='bbox 2759 3217 2816 3288; x_wconf 87' lang='lat' dir='ltr'>in</span> <span class='ocrx_word' id='word_1_480' title='bbox 2847 3217 2960 3274; x_wconf 83' lang='lat' dir='ltr'>sole</span> <span class='ocrx_word' id='word_1_481' title='bbox 2985 3233 3149 3274; x_wconf 85' lang='lat' dir='ltr'>aureo</span> <span class='ocrx_word' id='word_1_482' title='bbox 3179 3217 3289 3273; x_wconf 87' lang='lat' dir='ltr'>vici</span> <span class='ocrx_word' id='word_1_483' title='bbox 3313 3215 3440 3273; x_wconf 85' lang='lat' dir='ltr'>diui</span> <span class='ocrx_word' id='word_1_484' title='bbox 3463 3196 3646 3274; x_wconf 76' lang='lat' dir='ltr'>Iacobi</span> 
     </span>
    </p>
   </div>
   <div class='ocr_carea' id='block_1_65' title="bbox 226 3304 1884 3379">
    <p class='ocr_par' dir='ltr' id='par_1_65' title="bbox 226 3304 1884 3379">
     <span class='ocr_line' id='line_1_65' title="bbox 226 3304 1884 3379; baseline 0.001 -15"><span class='ocrx_word' id='word_1_485' title='bbox 226 3310 394 3373; x_wconf 87' lang='lat' dir='ltr'>tium,</span> <span class='ocrx_word' id='word_1_486' title='bbox 408 3311 598 3379; x_wconf 87' lang='lat' dir='ltr'>atque</span> <span class='ocrx_word' id='word_1_487' title='bbox 618 3304 888 3360; x_wconf 89' lang='lat' dir='ltr'>omnium</span> <span class='ocrx_word' id='word_1_488' title='bbox 907 3305 1145 3362; x_wconf 90' lang='lat' dir='ltr'>omnino</span> <span class='ocrx_word' id='word_1_489' title='bbox 1163 3307 1537 3378; x_wconf 85' lang='lat' dir='ltr'>antiquarum</span> <span class='ocrx_word' id='word_1_490' title='bbox 1563 3309 1884 3366; x_wconf 86' lang='lat' dir='ltr'>rarissima.</span> 
     </span>
    </p>
   </div>
   <div class='ocr_carea' id='block_1_66' title="bbox 228 3394 1884 3467">
    <p class='ocr_par' dir='ltr' id='par_1_66' title="bbox 228 3394 1884 3467">
     <span class='ocr_line' id='line_1_66' title="bbox 228 3394 1884 3467; baseline 0.001 -13"><span class='ocrx_word' id='word_1_491' title='bbox 228 3397 444 3453; x_wconf 82' lang='lat' dir='ltr'>Notitia</span> <span class='ocrx_word' id='word_1_492' title='bbox 468 3397 604 3467; x_wconf 86' lang='lat' dir='ltr'>ejus</span> <span class='ocrx_word' id='word_1_493' title='bbox 634 3394 883 3450; x_wconf 89' lang='lat' dir='ltr'>debetur</span> <span class='ocrx_word' id='word_1_494' title='bbox 913 3395 1132 3452; x_wconf 85' lang='lat' dir='ltr'>Denisio</span> <span class='ocrx_word' id='word_1_495' title='bbox 1161 3396 1230 3452; x_wconf 88' lang='lat' dir='ltr'>V.</span> <span class='ocrx_word' id='word_1_496' title='bbox 1257 3396 1372 3451; x_wconf 90' lang='lat' dir='ltr'>Cel.</span> <span class='ocrx_word' id='word_1_497' title='bbox 1397 3396 1457 3452; x_wconf 90' lang='lat' dir='ltr'>in</span> <span class='ocrx_word' id='word_1_498' title='bbox 1490 3398 1884 3455; x_wconf 82' lang='lat' dir='ltr'>Mcmorabilib.</span> 
     </span>
    </p>
   </div>
   <div class='ocr_carea' id='block_1_67' title="bbox 229 3483 1892 3558">
    <p class='ocr_par' dir='ltr' id='par_1_67' title="bbox 229 3483 1892 3558">
     <span class='ocr_line' id='line_1_67' title="bbox 229 3483 1892 3558; baseline 0.001 -16"><span class='ocrx_word' id='word_1_499' title='bbox 229 3487 364 3542; x_wconf 80' lang='lat' dir='ltr'>Bibl.</span> <span class='ocrx_word' id='word_1_500' title='bbox 391 3485 602 3541; x_wconf 83' lang='lat' dir='ltr'>Garell.</span> <span class='ocrx_word' id='word_1_501' title='bbox 628 3499 686 3556; x_wconf 93' lang='lat' dir='ltr'>p.</span> <span class='ocrx_word' id='word_1_502' title='bbox 710 3483 836 3553; x_wconf 80' lang='grc'>194,</span> <span class='ocrx_word' id='word_1_503' title='bbox 855 3499 960 3539; x_wconf 91' lang='lat' dir='ltr'>nec</span> <span class='ocrx_word' id='word_1_504' title='bbox 981 3489 1188 3556; x_wconf 78' lang='lat' dir='ltr'>przeter</span> <span class='ocrx_word' id='word_1_505' title='bbox 1207 3501 1343 3541; x_wconf 86' lang='lat' dir='ltr'>eum</span> <span class='ocrx_word' id='word_1_506' title='bbox 1365 3485 1676 3558; x_wconf 87' lang='lat' dir='ltr'>quisquam</span> <span class='ocrx_word' id='word_1_507' title='bbox 1699 3487 1892 3545; x_wconf 87' lang='lat' dir='ltr'>hacte-</span> 
     </span>
    </p>
   </div>
   <div class='ocr_carea' id='block_1_68' title="bbox 232 3571 1890 3648">
    <p class='ocr_par' dir='ltr' id='par_1_68' title="bbox 232 3571 1890 3648">
     <span class='ocr_line' id='line_1_68' title="bbox 232 3571 1890 3648; baseline 0.002 -18"><span class='ocrx_word' id='word_1_508' title='bbox 232 3593 338 3632; x_wconf 90' lang='lat' dir='ltr'>nus</span> <span class='ocrx_word' id='word_1_509' title='bbox 366 3571 710 3646; x_wconf 79' lang='lat' dir='ltr'>exemplum</span> <span class='ocrx_word' id='word_1_510' title='bbox 737 3571 897 3628; x_wconf 88' lang='lat' dir='ltr'>illius</span> <span class='ocrx_word' id='word_1_511' title='bbox 928 3574 1215 3630; x_wconf 88' lang='lat' dir='ltr'>tractavit.</span> <span class='ocrx_word' id='word_1_512' title='bbox 1236 3575 1500 3630; x_wconf 91' lang='lat' dir='ltr'>Prodidit</span> <span class='ocrx_word' id='word_1_513' title='bbox 1526 3576 1723 3648; x_wconf 86' lang='lat' dir='ltr'>itaque</span> <span class='ocrx_word' id='word_1_514' title='bbox 1753 3577 1890 3634; x_wconf 87' lang='lat' dir='ltr'>folia</span> 
     </span>
    </p>
   </div>
   <div class='ocr_carea' id='block_1_69' title="bbox 229 3663 1886 3736">
    <p class='ocr_par' dir='ltr' id='par_1_69' title="bbox 229 3663 1886 3736">
     <span class='ocr_line' id='line_1_69' title="bbox 229 3663 1886 3736; baseline 0.001 -15"><span class='ocrx_word' id='word_1_515' title='bbox 229 3664 403 3736; x_wconf 85' lang='lat' dir='ltr'>hujus</span> <span class='ocrx_word' id='word_1_516' title='bbox 416 3663 741 3719; x_wconf 85' lang='lat' dir='ltr'>voluminis</span> <span class='ocrx_word' id='word_1_517' title='bbox 760 3679 793 3717; x_wconf 88' lang='lat' dir='ltr'>a</span> <span class='ocrx_word' id='word_1_518' title='bbox 809 3678 873 3717; x_wconf 90' lang='lat' dir='ltr'>se</span> <span class='ocrx_word' id='word_1_519' title='bbox 891 3666 1198 3722; x_wconf 87' lang='lat' dir='ltr'>numerata</span> <span class='ocrx_word' id='word_1_520' title='bbox 1212 3679 1340 3720; x_wconf 88' lang='lat' dir='ltr'>esse</span> <span class='ocrx_word' id='word_1_521' title='bbox 1359 3664 1478 3732; x_wconf 87' lang='grc'>133,</span> <span class='ocrx_word' id='word_1_522' title='bbox 1494 3664 1780 3722; x_wconf 90' lang='lat' dir='ltr'>linearum</span> <span class='ocrx_word' id='word_1_523' title='bbox 1797 3668 1886 3735; x_wconf 87' lang='lat'>37,</span> 
     </span>
    </p>
   </div>
   <div class='ocr_carea' id='block_1_70' title="bbox 228 3751 1888 3827">
    <p class='ocr_par' dir='ltr' id='par_1_70' title="bbox 228 3751 1888 3827">
     <span class='ocr_line' id='line_1_70' title="bbox 228 3751 1888 3827; baseline 0.002 -19"><span class='ocrx_word' id='word_1_524' title='bbox 228 3754 455 3810; x_wconf 85' lang='lat' dir='ltr'>litteras</span> <span class='ocrx_word' id='word_1_525' title='bbox 483 3769 614 3809; x_wconf 85' lang='lat' dir='ltr'>esse</span> <span class='ocrx_word' id='word_1_526' title='bbox 645 3751 934 3824; x_wconf 87' lang='lat' dir='ltr'>gothicas,</span> <span class='ocrx_word' id='word_1_527' title='bbox 960 3751 1058 3807; x_wconf 89' lang='lat' dir='ltr'>sed</span> <span class='ocrx_word' id='word_1_528' title='bbox 1109 3751 1239 3808; x_wconf 87' lang='lat' dir='ltr'>novi</span> <span class='ocrx_word' id='word_1_529' title='bbox 1280 3753 1452 3826; x_wconf 90' lang='lat' dir='ltr'>plane</span> <span class='ocrx_word' id='word_1_530' title='bbox 1483 3755 1734 3827; x_wconf 88' lang='lat' dir='ltr'>generis,</span> <span class='ocrx_word' id='word_1_531' title='bbox 1764 3771 1888 3812; x_wconf 89' lang='lat' dir='ltr'>ma-</span> 
     </span>
    </p>
   </div>
   <div class='ocr_carea' id='block_1_71' title="bbox 217 3840 1889 3917">
    <p class='ocr_par' dir='ltr' id='par_1_71' title="bbox 217 3840 1889 3917">
     <span class='ocr_line' id='line_1_71' title="bbox 217 3840 1889 3917; baseline 0.002 -20"><span class='ocrx_word' id='word_1_532' title='bbox 217 3841 494 3914; x_wconf 87' lang='lat' dir='ltr'>jusculas</span> <span class='ocrx_word' id='word_1_533' title='bbox 511 3840 817 3908; x_wconf 86' lang='lat' dir='ltr'>nimirum,</span> <span class='ocrx_word' id='word_1_534' title='bbox 841 3840 1192 3897; x_wconf 86' lang='lat' dir='ltr'>ﬂuctuantes</span> <span class='ocrx_word' id='word_1_535' title='bbox 1215 3845 1269 3898; x_wconf 92' lang='lat' dir='ltr'>et</span> <span class='ocrx_word' id='word_1_536' title='bbox 1292 3859 1551 3914; x_wconf 83' lang='lat' dir='ltr'>asperas,</span> <span class='ocrx_word' id='word_1_537' title='bbox 1568 3861 1694 3916; x_wconf 65' lang='lat' dir='ltr'>qua:</span> <span class='ocrx_word' id='word_1_538' title='bbox 1721 3845 1889 3917; x_wconf 86' lang='lat' dir='ltr'>quasi</span> 
     </span>
    </p>
   </div>
   <div class='ocr_carea' id='block_1_72' title="bbox 226 3928 1894 4004">
    <p class='ocr_par' dir='ltr' id='par_1_72' title="bbox 226 3928 1894 4004">
     <span class='ocr_line' id='line_1_72' title="bbox 226 3928 1894 4004; baseline 0.002 -17"><span class='ocrx_word' id='word_1_539' title='bbox 226 3931 460 4004; x_wconf 79' lang='lat' dir='ltr'>scalpro</span> <span class='ocrx_word' id='word_1_540' title='bbox 485 3932 734 3986; x_wconf 61' lang='lat' dir='ltr'>exaratis</span> <span class='ocrx_word' id='word_1_541' title='bbox 762 3928 1088 3984; x_wconf 88' lang='lat' dir='ltr'>videantur.</span> <span class='ocrx_word' id='word_1_542' title='bbox 1118 3929 1326 3987; x_wconf 90' lang='lat' dir='ltr'>Mediis</span> <span class='ocrx_word' id='word_1_543' title='bbox 1359 3931 1417 3986; x_wconf 90' lang='lat' dir='ltr'>in</span> <span class='ocrx_word' id='word_1_544' title='bbox 1441 3932 1682 3990; x_wconf 88' lang='lat' dir='ltr'>vocibus</span> <span class='ocrx_word' id='word_1_545' title='bbox 1712 3934 1894 3990; x_wconf 83' lang='lat' dir='ltr'>tradit</span> 
     </span>
    </p>
   </div>
   <div class='ocr_carea' id='block_1_73' title="bbox 226 4017 1892 4096">
    <p class='ocr_par' dir='ltr' id='par_1_73' title="bbox 226 4017 1892 4096">
     <span class='ocr_line' id='line_1_73' title="bbox 226 4017 1892 4096; baseline 0.001 -19"><span class='ocrx_word' id='word_1_546' title='bbox 226 4020 484 4093; x_wconf 88' lang='lat' dir='ltr'>conspici</span> <span class='ocrx_word' id='word_1_547' title='bbox 518 4018 745 4092; x_wconf 89' lang='lat' dir='ltr'>passim</span> <span class='ocrx_word' id='word_1_548' title='bbox 771 4017 997 4074; x_wconf 87' lang='lat' dir='ltr'>litteras</span> <span class='ocrx_word' id='word_1_549' title='bbox 1029 4019 1312 4076; x_wconf 88' lang='lat' dir='ltr'>rotundas</span> <span class='ocrx_word' id='word_1_550' title='bbox 1341 4036 1399 4088; x_wconf 87' lang='lat' dir='ltr'>a,</span> <span class='ocrx_word' id='word_1_551' title='bbox 1429 4023 1497 4090; x_wconf 82' lang='lat' dir='ltr'>st,</span> <span class='ocrx_word' id='word_1_552' title='bbox 1533 4024 1591 4076; x_wconf 90' lang='lat' dir='ltr'>et</span> <span class='ocrx_word' id='word_1_553' title='bbox 1618 4029 1688 4089; x_wconf 87' lang='lat' dir='ltr'>ct,</span> <span class='ocrx_word' id='word_1_554' title='bbox 1715 4025 1892 4096; x_wconf 88' lang='lat' dir='ltr'>atque</span> 
     </span>
    </p>
   </div>
   <div class='ocr_carea' id='block_1_74' title="bbox 227 4107 1928 4180">
    <p class='ocr_par' dir='ltr' id='par_1_74' title="bbox 227 4107 1928 4180">
     <span class='ocr_line' id='line_1_74' title="bbox 227 4107 1928 4180; baseline 0.001 -14"><span class='ocrx_word' id='word_1_555' title='bbox 227 4109 490 4166; x_wconf 81' lang='lat' dir='ltr'>unciales</span> <span class='ocrx_word' id='word_1_556' title='bbox 515 4113 576 4177; x_wconf 89' lang='lat' dir='ltr'>C,</span> <span class='ocrx_word' id='word_1_557' title='bbox 604 4108 672 4174; x_wconf 89' lang='grc' dir='ltr'>Ο,</span> <span class='ocrx_word' id='word_1_558' title='bbox 696 4108 755 4174; x_wconf 92' lang='lat' dir='ltr'>S,</span> <span class='ocrx_word' id='word_1_559' title='bbox 776 4107 844 4176; x_wconf 88' lang='lat' dir='ltr'>T,</span> <span class='ocrx_word' id='word_1_560' title='bbox 882 4107 1097 4180; x_wconf 67' lang='lat' dir='ltr'>saepius</span> <span class='ocrx_word' id='word_1_561' title='bbox 1147 4108 1473 4165; x_wconf 84' lang='lat' dir='ltr'>Romanam</span> <span class='ocrx_word' id='word_1_562' title='bbox 1521 4109 1770 4167; x_wconf 89' lang='lat' dir='ltr'>formam</span> <span class='ocrx_word' id='word_1_563' title='bbox 1801 4129 1890 4168; x_wconf 91' lang='lat' dir='ltr'>re-</span> <span class='ocrx_word' id='word_1_564' title='bbox 1926 4151 1928 4153; x_wconf 61' lang='grc'><strong>›</strong></span> 
     </span>
    </p>
   </div>
   <div class='ocr_carea' id='block_1_75' title="bbox 231 4196 1891 4270">
    <p class='ocr_par' dir='ltr' id='par_1_75' title="bbox 231 4196 1891 4270">
     <span class='ocr_line' id='line_1_75' title="bbox 231 4196 1891 4270; baseline 0.001 -15"><span class='ocrx_word' id='word_1_565' title='bbox 231 4199 400 4255; x_wconf 80' lang='lat' dir='ltr'>ferre.</span> <span class='ocrx_word' id='word_1_566' title='bbox 424 4199 580 4254; x_wconf 80' lang='lat' dir='ltr'>Rara</span> <span class='ocrx_word' id='word_1_567' title='bbox 621 4196 948 4253; x_wconf 87' lang='lat' dir='ltr'>litterarum</span> <span class='ocrx_word' id='word_1_568' title='bbox 982 4196 1347 4270; x_wconf 87' lang='lat' dir='ltr'>compendia.</span> <span class='ocrx_word' id='word_1_569' title='bbox 1383 4197 1782 4256; x_wconf 88' lang='lat' dir='ltr'>Distinctionis</span> <span class='ocrx_word' id='word_1_570' title='bbox 1814 4199 1891 4256; x_wconf 87' lang='lat' dir='ltr'>si-</span> 
     </span>
    </p>
   </div>
   <div class='ocr_carea' id='block_1_76' title="bbox 231 4283 1894 4361">
    <p class='ocr_par' dir='ltr' id='par_1_76' title="bbox 231 4283 1894 4361">
     <span class='ocr_line' id='line_1_76' title="bbox 231 4283 1894 4361; baseline 0.003 -21"><span class='ocrx_word' id='word_1_571' title='bbox 231 4301 367 4358; x_wconf 82' lang='lat' dir='ltr'>gna,</span> <span class='ocrx_word' id='word_1_572' title='bbox 387 4288 674 4358; x_wconf 86' lang='lat' dir='ltr'>punctum</span> <span class='ocrx_word' id='word_1_573' title='bbox 697 4288 757 4341; x_wconf 90' lang='lat' dir='ltr'>et</span> <span class='ocrx_word' id='word_1_574' title='bbox 775 4283 968 4341; x_wconf 90' lang='lat' dir='ltr'>colon.</span> <span class='ocrx_word' id='word_1_575' title='bbox 990 4285 1222 4341; x_wconf 89' lang='lat' dir='ltr'>Absunt</span> <span class='ocrx_word' id='word_1_576' title='bbox 1243 4287 1538 4356; x_wconf 89' lang='lat' dir='ltr'>custodes,</span> <span class='ocrx_word' id='word_1_577' title='bbox 1554 4286 1894 4361; x_wconf 64' lang='lat' dir='ltr'>signatura,</span> 
     </span>
    </p>
   </div>
   <div class='ocr_carea' id='block_1_77' title="bbox 233 4373 1895 4448">
    <p class='ocr_par' dir='ltr' id='par_1_77' title="bbox 233 4373 1895 4448">
     <span class='ocr_line' id='line_1_77' title="bbox 233 4373 1895 4448; baseline 0.002 -18"><span class='ocrx_word' id='word_1_578' title='bbox 233 4374 486 4440; x_wconf 83' lang='lat' dir='ltr'>numeri,</span> <span class='ocrx_word' id='word_1_579' title='bbox 526 4374 853 4447; x_wconf 59' lang='lat' dir='ltr'>litteraeque</span> <span class='ocrx_word' id='word_1_580' title='bbox 904 4373 1179 4431; x_wconf 88' lang='lat' dir='ltr'>initiales.</span> <span class='ocrx_word' id='word_1_581' title='bbox 1213 4373 1476 4448; x_wconf 78' lang='lat' dir='ltr'>Singulis</span> <span class='ocrx_word' id='word_1_582' title='bbox 1520 4377 1895 4434; x_wconf 89' lang='lat' dir='ltr'>sermonibus</span> 
     </span>
    </p>
   </div>
   <div class='ocr_carea' id='block_1_78' title="bbox 235 4461 1895 4536">
    <p class='ocr_par' dir='ltr' id='par_1_78' title="bbox 235 4461 1895 4536">
     <span class='ocr_line' id='line_1_78' title="bbox 235 4461 1895 4536; baseline 0.002 -18"><span class='ocrx_word' id='word_1_583' title='bbox 235 4463 401 4518; x_wconf 86' lang='lat' dir='ltr'>tituli</span> <span class='ocrx_word' id='word_1_584' title='bbox 438 4463 526 4519; x_wconf 82' lang='lat' dir='ltr'>sui</span> <span class='ocrx_word' id='word_1_585' title='bbox 553 4468 698 4520; x_wconf 87' lang='lat' dir='ltr'>sunt</span> <span class='ocrx_word' id='word_1_586' title='bbox 737 4461 1006 4536; x_wconf 79' lang='lat' dir='ltr'>ascripti;</span> <span class='ocrx_word' id='word_1_587' title='bbox 1038 4461 1288 4535; x_wconf 89' lang='lat' dir='ltr'>singulis</span> <span class='ocrx_word' id='word_1_588' title='bbox 1319 4464 1381 4519; x_wconf 90' lang='lat' dir='ltr'>in</span> <span class='ocrx_word' id='word_1_589' title='bbox 1415 4464 1528 4520; x_wconf 85' lang='lat' dir='ltr'>ﬁne</span> <span class='ocrx_word' id='word_1_590' title='bbox 1559 4465 1758 4522; x_wconf 87' lang='lat' dir='ltr'>addita</span> <span class='ocrx_word' id='word_1_591' title='bbox 1785 4482 1895 4522; x_wconf 87' lang='lat' dir='ltr'>vox</span> 
     </span>
    </p>
   </div>
   <div class='ocr_carea' id='block_1_79' title="bbox 1988 3301 3640 3380">
    <p class='ocr_par' dir='ltr' id='par_1_79' title="bbox 1988 3301 3640 3380">
     <span class='ocr_line' id='line_1_79' title="bbox 1988 3301 3640 3380; baseline -0.002 -16"><span class='ocrx_word' id='word_1_592' title='bbox 1988 3323 2092 3380; x_wconf 82' lang='lat' dir='ltr'>per</span> <span class='ocrx_word' id='word_1_593' title='bbox 2140 3307 2470 3376; x_wconf 84' lang='lat' dir='ltr'>magistrum</span> <span class='ocrx_word' id='word_1_594' title='bbox 2522 3301 2874 3362; x_wconf 69' lang='lat' dir='ltr'>Bertholium</span> <span class='ocrx_word' id='word_1_595' title='bbox 2929 3306 3173 3363; x_wconf 84' lang='lat' dir='ltr'>rembolt.</span> <span class='ocrx_word' id='word_1_596' title='bbox 3215 3305 3374 3362; x_wconf 80' lang='lat' dir='ltr'>Auno</span> <span class='ocrx_word' id='word_1_597' title='bbox 3421 3304 3538 3362; x_wconf 86' lang='lat' dir='ltr'>dni.</span> <span class='ocrx_word' id='word_1_598' title='bbox 3570 3304 3640 3360; x_wconf 75' lang='grc' dir='ltr'>Μ.</span> 
     </span>
    </p>
   </div>
   <div class='ocr_carea' id='block_1_80' title="bbox 1995 3394 3644 3468">
    <p class='ocr_par' dir='ltr' id='par_1_80' title="bbox 1995 3394 3644 3468">
     <span class='ocr_line' id='line_1_80' title="bbox 1995 3394 3644 3468; baseline -0.002 -13"><span class='ocrx_word' id='word_1_599' title='bbox 1995 3394 2434 3455; x_wconf 82' lang='lat' dir='ltr'>CCCCC.XV.die</span> <span class='ocrx_word' id='word_1_600' title='bbox 2463 3410 2587 3450; x_wconf 82' lang='lat' dir='ltr'>vero</span> <span class='ocrx_word' id='word_1_601' title='bbox 2624 3395 2691 3451; x_wconf 89' lang='lat' dir='ltr'>II.</span> <span class='ocrx_word' id='word_1_602' title='bbox 2724 3396 2936 3452; x_wconf 84' lang='lat' dir='ltr'>martii.</span> <span class='ocrx_word' id='word_1_603' title='bbox 2963 3395 3340 3452; x_wconf 87' lang='lat' dir='ltr'>Characteres</span> <span class='ocrx_word' id='word_1_604' title='bbox 3369 3397 3510 3452; x_wconf 82' lang='lat' dir='ltr'>sunt</span> <span class='ocrx_word' id='word_1_605' title='bbox 3537 3410 3644 3468; x_wconf 87' lang='lat' dir='ltr'>go-</span> 
     </span>
    </p>
   </div>
   <div class='ocr_carea' id='block_1_81' title="bbox 1994 3481 3643 3556">
    <p class='ocr_par' dir='ltr' id='par_1_81' title="bbox 1994 3481 3643 3556">
     <span class='ocr_line' id='line_1_81' title="bbox 1994 3481 3643 3556; baseline -0.001 -15"><span class='ocrx_word' id='word_1_606' title='bbox 1994 3485 2135 3541; x_wconf 90' lang='lat' dir='ltr'>thici</span> <span class='ocrx_word' id='word_1_607' title='bbox 2167 3482 2400 3550; x_wconf 89' lang='lat' dir='ltr'>minuti,</span> <span class='ocrx_word' id='word_1_608' title='bbox 2433 3483 2611 3539; x_wconf 89' lang='lat' dir='ltr'>verba</span> <span class='ocrx_word' id='word_1_609' title='bbox 2652 3481 2871 3540; x_wconf 91' lang='lat' dir='ltr'>crebris</span> <span class='ocrx_word' id='word_1_610' title='bbox 2900 3482 3264 3556; x_wconf 89' lang='lat' dir='ltr'>compendiis</span> <span class='ocrx_word' id='word_1_611' title='bbox 3293 3483 3546 3551; x_wconf 85' lang='lat' dir='ltr'>concisa,</span> <span class='ocrx_word' id='word_1_612' title='bbox 3579 3482 3643 3540; x_wconf 86' lang='lat' dir='ltr'>in</span> 
     </span>
    </p>
   </div>
   <div class='ocr_carea' id='block_1_82' title="bbox 1997 3571 3644 3646">
    <p class='ocr_par' dir='ltr' id='par_1_82' title="bbox 1997 3571 3644 3646">
     <span class='ocr_line' id='line_1_82' title="bbox 1997 3571 3644 3646; baseline -0.001 -16"><span class='ocrx_word' id='word_1_613' title='bbox 1997 3573 2262 3646; x_wconf 86' lang='lat' dir='ltr'>margine</span> <span class='ocrx_word' id='word_1_614' title='bbox 2290 3571 2420 3626; x_wconf 93' lang='lat' dir='ltr'>loca</span> <span class='ocrx_word' id='word_1_615' title='bbox 2445 3571 2767 3644; x_wconf 88' lang='lat' dir='ltr'>insigniora</span> <span class='ocrx_word' id='word_1_616' title='bbox 2797 3571 3002 3628; x_wconf 90' lang='lat' dir='ltr'>Leonis</span> <span class='ocrx_word' id='word_1_617' title='bbox 3040 3571 3314 3628; x_wconf 88' lang='lat' dir='ltr'>lemmate</span> <span class='ocrx_word' id='word_1_618' title='bbox 3344 3576 3644 3644; x_wconf 83' lang='lat' dir='ltr'>notantur,</span> 
     </span>
    </p>
   </div>
   <div class='ocr_carea' id='block_1_83' title="bbox 1997 3659 3156 3732">
    <p class='ocr_par' dir='ltr' id='par_1_83' title="bbox 1997 3659 3156 3732">
     <span class='ocr_line' id='line_1_83' title="bbox 1997 3659 3156 3732; baseline -0.003 -12"><span class='ocrx_word' id='word_1_619' title='bbox 1997 3668 2054 3720; x_wconf 90' lang='lat' dir='ltr'>et</span> <span class='ocrx_word' id='word_1_620' title='bbox 2083 3661 2432 3719; x_wconf 91' lang='lat' dir='ltr'>biblicorum</span> <span class='ocrx_word' id='word_1_621' title='bbox 2465 3659 2696 3724; x_wconf 84' lang='lat' dir='ltr'>numeri</span> <span class='ocrx_word' id='word_1_622' title='bbox 2728 3663 2866 3716; x_wconf 93' lang='lat' dir='ltr'>sunt</span> <span class='ocrx_word' id='word_1_623' title='bbox 2896 3659 3156 3732; x_wconf 88' lang='lat' dir='ltr'>ascripti.</span> 
     </span>
    </p>
   </div>
   <div class='ocr_carea' id='block_1_84' title="bbox 2070 3747 3645 3822">
    <p class='ocr_par' dir='ltr' id='par_1_84' title="bbox 2070 3747 3645 3822">
     <span class='ocr_line' id='line_1_84' title="bbox 2070 3747 3645 3822; baseline -0.001 -14"><span class='ocrx_word' id='word_1_624' title='bbox 2070 3751 2227 3808; x_wconf 88' lang='lat'><strong>1516.</strong></span> <span class='ocrx_word' id='word_1_625' title='bbox 2260 3749 2523 3822; x_wconf 79' lang='lat' dir='ltr'>Lugduni</span> <span class='ocrx_word' id='word_1_626' title='bbox 2544 3765 2646 3822; x_wconf 81' lang='lat' dir='ltr'>per</span> <span class='ocrx_word' id='word_1_627' title='bbox 2679 3751 2987 3806; x_wconf 87' lang='lat' dir='ltr'>Johannem</span> <span class='ocrx_word' id='word_1_628' title='bbox 3015 3749 3187 3805; x_wconf 85' lang='lat' dir='ltr'>Clein.</span> <span class='ocrx_word' id='word_1_629' title='bbox 3219 3749 3411 3822; x_wconf 83' lang='lat' dir='ltr'>in-fol.</span> <span class='ocrx_word' id='word_1_630' title='bbox 3436 3747 3645 3816; x_wconf 78' lang='lat' dir='ltr'>Leonis</span> 
     </span>
    </p>
   </div>
   <div class='ocr_carea' id='block_1_85' title="bbox 1996 3837 3651 3913">
    <p class='ocr_par' dir='ltr' id='par_1_85' title="bbox 1996 3837 3651 3913">
     <span class='ocr_line' id='line_1_85' title="bbox 1996 3837 3651 3913; baseline 0 -15"><span class='ocrx_word' id='word_1_631' title='bbox 1996 3846 2306 3900; x_wconf 84' lang='lat' dir='ltr'>Sermones</span> <span class='ocrx_word' id='word_1_632' title='bbox 2334 3840 2568 3911; x_wconf 85' lang='lat' dir='ltr'>aliquot,</span> <span class='ocrx_word' id='word_1_633' title='bbox 2592 3837 2652 3894; x_wconf 90' lang='lat' dir='ltr'>in</span> <span class='ocrx_word' id='word_1_634' title='bbox 2685 3837 3023 3896; x_wconf 90' lang='lat' dir='ltr'>Homiliario</span> <span class='ocrx_word' id='word_1_635' title='bbox 3048 3839 3356 3897; x_wconf 89' lang='lat' dir='ltr'>doctorum</span> <span class='ocrx_word' id='word_1_636' title='bbox 3386 3838 3428 3897; x_wconf 83' lang='lat' dir='ltr'>f.</span> <span class='ocrx_word' id='word_1_637' title='bbox 3456 3840 3651 3913; x_wconf 78' lang='lat' dir='ltr'>Augu-</span> 
     </span>
    </p>
   </div>
   <div class='ocr_carea' id='block_1_86' title="bbox 1999 3932 2213 3990">
    <p class='ocr_par' dir='ltr' id='par_1_86' title="bbox 1999 3932 2213 3990">
     <span class='ocr_line' id='line_1_86' title="bbox 1999 3932 2213 3990; baseline -0.019 0"><span class='ocrx_word' id='word_1_638' title='bbox 1999 3932 2213 3990; x_wconf 87' lang='lat' dir='ltr'>stinus.</span> 
     </span>
    </p>
   </div>
   <div class='ocr_carea' id='block_1_87' title="bbox 2073 4016 3652 4091">
    <p class='ocr_par' dir='ltr' id='par_1_87' title="bbox 2073 4016 3652 4091">
     <span class='ocr_line' id='line_1_87' title="bbox 2073 4016 3652 4091; baseline -0.001 -15"><span class='ocrx_word' id='word_1_639' title='bbox 2073 4019 2228 4076; x_wconf 61' lang='lat'><strong>1524.</strong></span> <span class='ocrx_word' id='word_1_640' title='bbox 2262 4018 2589 4074; x_wconf 67' lang='lat' dir='ltr'>Parisiis...</span> <span class='ocrx_word' id='word_1_641' title='bbox 2620 4017 2804 4090; x_wconf 82' lang='lat' dir='ltr'>in-fol.</span> <span class='ocrx_word' id='word_1_642' title='bbox 2830 4016 3102 4090; x_wconf 72' lang='lat' dir='ltr'>Epistolas</span> <span class='ocrx_word' id='word_1_643' title='bbox 3133 4017 3341 4076; x_wconf 88' lang='lat' dir='ltr'>Leonis</span> <span class='ocrx_word' id='word_1_644' title='bbox 3376 4034 3564 4091; x_wconf 67' lang='lat' dir='ltr'>papa,</span> <span class='ocrx_word' id='word_1_645' title='bbox 3589 4018 3652 4074; x_wconf 84' lang='lat' dir='ltr'>in</span> 
     </span>
    </p>
   </div>
   <div class='ocr_carea' id='block_1_88' title="bbox 2000 4105 3694 4178">
    <p class='ocr_par' dir='ltr' id='par_1_88' title="bbox 2000 4105 3694 4178">
     <span class='ocr_line' id='line_1_88' title="bbox 2000 4105 3694 4178; baseline -0.001 -12"><span class='ocrx_word' id='word_1_646' title='bbox 2000 4109 2183 4166; x_wconf 87' lang='lat' dir='ltr'>Jacobi</span> <span class='ocrx_word' id='word_1_647' title='bbox 2229 4107 2448 4164; x_wconf 82' lang='lat' dir='ltr'>Merlini</span> <span class='ocrx_word' id='word_1_648' title='bbox 2476 4105 2824 4164; x_wconf 87' lang='lat' dir='ltr'>Collectione</span> <span class='ocrx_word' id='word_1_649' title='bbox 2863 4107 3224 4164; x_wconf 83' lang='lat' dir='ltr'>concitiorum</span> <span class='ocrx_word' id='word_1_650' title='bbox 3248 4123 3376 4164; x_wconf 88' lang='lat' dir='ltr'>cum</span> <span class='ocrx_word' id='word_1_651' title='bbox 3420 4122 3651 4178; x_wconf 82' lang='lat' dir='ltr'>genera-</span> <span class='ocrx_word' id='word_1_652' title='bbox 3692 4125 3694 4127; x_wconf 63' lang='grc'><em>’</em></span> 
     </span>
    </p>
   </div>
   <div class='ocr_carea' id='block_1_89' title="bbox 2003 4196 3420 4269">
    <p class='ocr_par' dir='ltr' id='par_1_89' title="bbox 2003 4196 3420 4269">
     <span class='ocr_line' id='line_1_89' title="bbox 2003 4196 3420 4269; baseline 0.001 -15"><span class='ocrx_word' id='word_1_653' title='bbox 2003 4199 2162 4265; x_wconf 81' lang='lat' dir='ltr'>lium,</span> <span class='ocrx_word' id='word_1_654' title='bbox 2185 4205 2302 4254; x_wconf 80' lang='lat' dir='ltr'>tum</span> <span class='ocrx_word' id='word_1_655' title='bbox 2319 4197 2592 4269; x_wconf 86' lang='lat' dir='ltr'>provinc.,</span> <span class='ocrx_word' id='word_1_656' title='bbox 2626 4203 2679 4252; x_wconf 85' lang='lat' dir='ltr'>et</span> <span class='ocrx_word' id='word_1_657' title='bbox 2704 4196 2965 4253; x_wconf 84' lang='lat' dir='ltr'>decretor.</span> <span class='ocrx_word' id='word_1_658' title='bbox 2996 4197 3420 4268; x_wconf 80' lang='lat' dir='ltr'>pontiﬁciorum.</span> 
     </span>
    </p>
   </div>
   <div class='ocr_carea' id='block_1_90' title="bbox 2069 4284 3650 4360">
    <p class='ocr_par' dir='ltr' id='par_1_90' title="bbox 2069 4284 3650 4360">
     <span class='ocr_line' id='line_1_90' title="bbox 2069 4284 3650 4360; baseline -0.001 -17"><span class='ocrx_word' id='word_1_659' title='bbox 2069 4286 2260 4344; x_wconf 89' lang='lat' dir='ltr'>Testis</span> <span class='ocrx_word' id='word_1_660' title='bbox 2289 4289 2378 4343; x_wconf 89' lang='lat' dir='ltr'>est</span> <span class='ocrx_word' id='word_1_661' title='bbox 2401 4286 2750 4357; x_wconf 85' lang='lat' dir='ltr'>Quesnellus,</span> <span class='ocrx_word' id='word_1_662' title='bbox 2782 4285 2883 4357; x_wconf 91' lang='lat' dir='ltr'>qui</span> <span class='ocrx_word' id='word_1_663' title='bbox 2918 4287 3227 4356; x_wconf 84' lang='lat' dir='ltr'>nonaginta</span> <span class='ocrx_word' id='word_1_664' title='bbox 3266 4289 3502 4359; x_wconf 80' lang='lat' dir='ltr'>quatuor</span> <span class='ocrx_word' id='word_1_665' title='bbox 3527 4284 3650 4360; x_wconf 86' lang='lat' dir='ltr'>epi-</span> 
     </span>
    </p>
   </div>
   <div class='ocr_carea' id='block_1_91' title="bbox 2000 4373 3654 4446">
    <p class='ocr_par' dir='ltr' id='par_1_91' title="bbox 2000 4373 3654 4446">
     <span class='ocr_line' id='line_1_91' title="bbox 2000 4373 3654 4446; baseline -0.001 -12"><span class='ocrx_word' id='word_1_666' title='bbox 2000 4377 2151 4434; x_wconf 86' lang='lat' dir='ltr'>tolas</span> <span class='ocrx_word' id='word_1_667' title='bbox 2200 4374 2656 4444; x_wconf 88' lang='lat' dir='ltr'>Leonis,multis</span> <span class='ocrx_word' id='word_1_668' title='bbox 2702 4373 2940 4446; x_wconf 88' lang='lat' dir='ltr'>quidem</span> <span class='ocrx_word' id='word_1_669' title='bbox 2987 4373 3132 4432; x_wconf 90' lang='lat' dir='ltr'>locis</span> <span class='ocrx_word' id='word_1_670' title='bbox 3180 4374 3514 4445; x_wconf 80' lang='lat' dir='ltr'>mendosae,</span> <span class='ocrx_word' id='word_1_671' title='bbox 3545 4375 3654 4433; x_wconf 81' lang='lat' dir='ltr'>sed</span> 
     </span>
    </p>
   </div>
   <div class='ocr_carea' id='block_1_92' title="bbox 1999 4462 3652 4537">
    <p class='ocr_par' dir='ltr' id='par_1_92' title="bbox 1999 4462 3652 4537">
     <span class='ocr_line' id='line_1_92' title="bbox 1999 4462 3652 4537; baseline -0.001 -14"><span class='ocrx_word' id='word_1_672' title='bbox 1999 4464 2258 4524; x_wconf 88' lang='lat' dir='ltr'>vicissim</span> <span class='ocrx_word' id='word_1_673' title='bbox 2289 4465 2350 4521; x_wconf 92' lang='lat' dir='ltr'>in</span> <span class='ocrx_word' id='word_1_674' title='bbox 2380 4463 2678 4537; x_wconf 88' lang='lat' dir='ltr'>aliquibus</span> <span class='ocrx_word' id='word_1_675' title='bbox 2709 4462 2894 4520; x_wconf 92' lang='lat' dir='ltr'>multo</span> <span class='ocrx_word' id='word_1_676' title='bbox 2925 4463 3344 4522; x_wconf 83' lang='lat' dir='ltr'>recentioribus</span> <span class='ocrx_word' id='word_1_677' title='bbox 3372 4463 3652 4522; x_wconf 78' lang='lat' dir='ltr'>emenda—</span> 
     </span>
    </p>
   </div>
   <div class='ocr_carea' id='block_1_93' title="bbox 226 4551 2653 4640">
    <p class='ocr_par' dir='ltr' id='par_1_93' title="bbox 226 4551 2653 4640">
     <span class='ocr_line' id='line_1_93' title="bbox 226 4551 2653 4640; baseline 0 -34"><span class='ocrx_word' id='word_1_678' title='bbox 226 4553 430 4618; x_wconf 76' lang='lat' dir='ltr'>Amen,</span> <span class='ocrx_word' id='word_1_679' title='bbox 448 4551 651 4640; x_wconf 82' lang='lat' dir='ltr'>litteris</span> <span class='ocrx_word' id='word_1_680' title='bbox 672 4552 794 4609; x_wconf 86' lang='lat' dir='ltr'>late</span> <span class='ocrx_word' id='word_1_681' title='bbox 819 4551 1202 4609; x_wconf 90' lang='lat' dir='ltr'>distantibus.</span> <span class='ocrx_word' id='word_1_682' title='bbox 1222 4553 1528 4626; x_wconf 83' lang='lat' dir='ltr'>Ascriptus</span> <span class='ocrx_word' id='word_1_683' title='bbox 1559 4557 1684 4610; x_wconf 89' lang='lat' dir='ltr'>erat</span> <span class='ocrx_word' id='word_1_684' title='bbox 1702 4571 1896 4610; x_wconf 81' lang='lat' dir='ltr'>exem-</span> <span class='ocrx_word' id='word_1_685' title='bbox 1925 4574 1972 4640; x_wconf 76' lang='grc' dir='ltr'><strong>Ι)</strong></span> <span class='ocrx_word' id='word_1_686' title='bbox 2001 4557 2180 4613; x_wconf 89' lang='lat' dir='ltr'>tiores</span> <span class='ocrx_word' id='word_1_687' title='bbox 2207 4554 2401 4611; x_wconf 89' lang='lat' dir='ltr'>inesse</span> <span class='ocrx_word' id='word_1_688' title='bbox 2430 4553 2653 4610; x_wconf 87' lang='lat' dir='ltr'>scribit.</span> 
     </span>
    </p>
   </div>
   <div class='ocr_carea' id='block_1_94' title="bbox 222 4639 1896 4715">
    <p class='ocr_par' dir='ltr' id='par_1_94' title="bbox 222 4639 1896 4715">
     <span class='ocr_line' id='line_1_94' title="bbox 222 4639 1896 4715; baseline 0.002 -19"><span class='ocrx_word' id='word_1_689' title='bbox 222 4641 380 4714; x_wconf 82' lang='lat' dir='ltr'>piari</span> <span class='ocrx_word' id='word_1_690' title='bbox 414 4639 745 4698; x_wconf 87' lang='lat' dir='ltr'>Garelliano</span> <span class='ocrx_word' id='word_1_691' title='bbox 793 4641 982 4698; x_wconf 91' lang='lat' dir='ltr'>colore</span> <span class='ocrx_word' id='word_1_692' title='bbox 1023 4657 1320 4715; x_wconf 86' lang='lat' dir='ltr'>purpureo</span> <span class='ocrx_word' id='word_1_693' title='bbox 1363 4659 1556 4699; x_wconf 85' lang='lat' dir='ltr'>annus</span> <span class='ocrx_word' id='word_1_694' title='bbox 1605 4644 1762 4712; x_wconf 80' lang='grc'>1461,</span> <span class='ocrx_word' id='word_1_695' title='bbox 1796 4643 1896 4700; x_wconf 89' lang='lat' dir='ltr'>sed</span> 
     </span>
    </p>
   </div>
   <div class='ocr_carea' id='block_1_95' title="bbox 220 4731 1892 4809">
    <p class='ocr_par' dir='ltr' id='par_1_95' title="bbox 220 4731 1892 4809">
     <span class='ocr_line' id='line_1_95' title="bbox 220 4731 1892 4809; baseline 0.002 -23"><span class='ocrx_word' id='word_1_696' title='bbox 220 4731 639 4787; x_wconf 84' lang='lat' dir='ltr'>fraudulenter</span> <span class='ocrx_word' id='word_1_697' title='bbox 667 4731 777 4788; x_wconf 89' lang='lat' dir='ltr'>hoc</span> <span class='ocrx_word' id='word_1_698' title='bbox 817 4732 1036 4809; x_wconf 78' lang='lat' dir='ltr'>factum</span> <span class='ocrx_word' id='word_1_699' title='bbox 1066 4748 1196 4788; x_wconf 89' lang='lat' dir='ltr'>esse</span> <span class='ocrx_word' id='word_1_700' title='bbox 1236 4732 1572 4804; x_wconf 84' lang='lat' dir='ltr'>suspicatur</span> <span class='ocrx_word' id='word_1_701' title='bbox 1599 4732 1892 4790; x_wconf 88' lang='lat' dir='ltr'>Denisius.</span> 
     </span>
    </p>
   </div>
   <div class='ocr_carea' id='block_1_96' title="bbox 219 4819 1895 4892">
    <p class='ocr_par' dir='ltr' id='par_1_96' title="bbox 219 4819 1895 4892">
     <span class='ocr_line' id='line_1_96' title="bbox 219 4819 1895 4892; baseline 0.002 -16"><span class='ocrx_word' id='word_1_702' title='bbox 219 4819 346 4876; x_wconf 82' lang='lat' dir='ltr'>Sibi</span> <span class='ocrx_word' id='word_1_703' title='bbox 397 4819 515 4892; x_wconf 89' lang='lat' dir='ltr'>ipsi</span> <span class='ocrx_word' id='word_1_704' title='bbox 559 4821 961 4890; x_wconf 86' lang='lat' dir='ltr'>conjecturam</span> <span class='ocrx_word' id='word_1_705' title='bbox 1021 4821 1169 4876; x_wconf 86' lang='lat' dir='ltr'>ferre</span> <span class='ocrx_word' id='word_1_706' title='bbox 1228 4825 1424 4877; x_wconf 87' lang='lat' dir='ltr'>coacto</span> <span class='ocrx_word' id='word_1_707' title='bbox 1456 4820 1541 4877; x_wconf 89' lang='lat' dir='ltr'>vel</span> <span class='ocrx_word' id='word_1_708' title='bbox 1598 4821 1895 4879; x_wconf 83' lang='lat' dir='ltr'>Antonium</span> 
     </span>
    </p>
   </div>
   <div class='ocr_carea' id='block_1_97' title="bbox 223 4908 1896 4980">
    <p class='ocr_par' dir='ltr' id='par_1_97' title="bbox 223 4908 1896 4980">
     <span class='ocr_line' id='line_1_97' title="bbox 223 4908 1896 4980; baseline 0.001 -15"><span class='ocrx_word' id='word_1_709' title='bbox 223 4910 382 4979; x_wconf 73' lang='lat' dir='ltr'>Sora,</span> <span class='ocrx_word' id='word_1_710' title='bbox 407 4911 448 4964; x_wconf 78' lang='grc' dir='ltr'><em>Α</em></span> <span class='ocrx_word' id='word_1_711' title='bbox 456 4918 814 4979; x_wconf 85' lang='lat' dir='ltr'>ugustanum,</span> <span class='ocrx_word' id='word_1_712' title='bbox 841 4908 930 4965; x_wconf 87' lang='lat' dir='ltr'>vel</span> <span class='ocrx_word' id='word_1_713' title='bbox 960 4909 1269 4967; x_wconf 86' lang='lat' dir='ltr'>Conradum</span> <span class='ocrx_word' id='word_1_714' title='bbox 1288 4912 1469 4976; x_wconf 85' lang='lat' dir='ltr'>Finer,</span> <span class='ocrx_word' id='word_1_715' title='bbox 1495 4911 1896 4980; x_wconf 83' lang='lat' dir='ltr'>Esslingensem</span> 
     </span>
    </p>
   </div>
   <div class='ocr_carea' id='block_1_98' title="bbox 222 4997 1896 5071">
    <p class='ocr_par' dir='ltr' id='par_1_98' title="bbox 222 4997 1896 5071">
     <span class='ocr_line' id='line_1_98' title="bbox 222 4997 1896 5071; baseline 0.001 -17"><span class='ocrx_word' id='word_1_716' title='bbox 222 4999 544 5066; x_wconf 80' lang='lat' dir='ltr'>artiﬁcem,</span> <span class='ocrx_word' id='word_1_717' title='bbox 567 4998 750 5055; x_wconf 88' lang='lat' dir='ltr'>videri</span> <span class='ocrx_word' id='word_1_718' title='bbox 778 4999 1140 5071; x_wconf 89' lang='lat' dir='ltr'>pronuntiat.</span> <span class='ocrx_word' id='word_1_719' title='bbox 1167 4997 1316 5056; x_wconf 85' lang='lat' dir='ltr'>Illud</span> <span class='ocrx_word' id='word_1_720' title='bbox 1346 5015 1481 5055; x_wconf 90' lang='lat' dir='ltr'>vero</span> <span class='ocrx_word' id='word_1_721' title='bbox 1510 5015 1580 5054; x_wconf 85' lang='lat' dir='ltr'>ex</span> <span class='ocrx_word' id='word_1_722' title='bbox 1608 4999 1896 5056; x_wconf 87' lang='lat' dir='ltr'>contentis</span> 
     </span>
    </p>
   </div>
   <div class='ocr_carea' id='block_1_99' title="bbox 224 5088 1894 5160">
    <p class='ocr_par' dir='ltr' id='par_1_99' title="bbox 224 5088 1894 5160">
     <span class='ocr_line' id='line_1_99' title="bbox 224 5088 1894 5160; baseline 0 -16"><span class='ocrx_word' id='word_1_723' title='bbox 224 5088 643 5156; x_wconf 84' lang='lat' dir='ltr'>manifestum,</span> <span class='ocrx_word' id='word_1_724' title='bbox 666 5104 782 5144; x_wconf 88' lang='lat' dir='ltr'>non</span> <span class='ocrx_word' id='word_1_725' title='bbox 822 5105 891 5144; x_wconf 80' lang='lat' dir='ltr'>ex</span> <span class='ocrx_word' id='word_1_726' title='bbox 921 5088 1224 5156; x_wconf 80' lang='lat' dir='ltr'>Romanis,</span> <span class='ocrx_word' id='word_1_727' title='bbox 1246 5103 1567 5160; x_wconf 86' lang='lat' dir='ltr'>earumque</span> <span class='ocrx_word' id='word_1_728' title='bbox 1594 5088 1894 5160; x_wconf 88' lang='lat' dir='ltr'>repetitio-</span> 
     </span>
    </p>
   </div>
   <div class='ocr_carea' id='block_1_100' title="bbox 226 5177 1898 5250">
    <p class='ocr_par' dir='ltr' id='par_1_100' title="bbox 226 5177 1898 5250">
     <span class='ocr_line' id='line_1_100' title="bbox 226 5177 1898 5250; baseline 0 -16"><span class='ocrx_word' id='word_1_729' title='bbox 226 5177 433 5246; x_wconf 85' lang='lat' dir='ltr'>nibus,</span> <span class='ocrx_word' id='word_1_730' title='bbox 454 5177 724 5246; x_wconf 82' lang='lat' dir='ltr'>Venetis,</span> <span class='ocrx_word' id='word_1_731' title='bbox 751 5179 852 5234; x_wconf 87' lang='lat' dir='ltr'>sed</span> <span class='ocrx_word' id='word_1_732' title='bbox 891 5194 967 5234; x_wconf 77' lang='lat' dir='ltr'>ex</span> <span class='ocrx_word' id='word_1_733' title='bbox 1001 5196 1120 5234; x_wconf 89' lang='lat' dir='ltr'>una</span> <span class='ocrx_word' id='word_1_734' title='bbox 1158 5177 1542 5249; x_wconf 87' lang='lat' dir='ltr'>reliquarum,</span> <span class='ocrx_word' id='word_1_735' title='bbox 1567 5194 1716 5250; x_wconf 86' lang='lat' dir='ltr'>quas</span> <span class='ocrx_word' id='word_1_736' title='bbox 1764 5182 1898 5234; x_wconf 88' lang='lat' dir='ltr'>ante</span> 
     </span>
    </p>
   </div>
   <div class='ocr_carea' id='block_1_101' title="bbox 225 5265 1896 5339">
    <p class='ocr_par' dir='ltr' id='par_1_101' title="bbox 225 5265 1896 5339">
     <span class='ocr_line' id='line_1_101' title="bbox 225 5265 1896 5339; baseline 0 -15"><span class='ocrx_word' id='word_1_737' title='bbox 225 5266 932 5334; x_wconf 77' lang='lat' dir='ltr'>recensuimus,omissis</span> <span class='ocrx_word' id='word_1_738' title='bbox 979 5266 1337 5339; x_wconf 85' lang='lat' dir='ltr'>quibusdam</span> <span class='ocrx_word' id='word_1_739' title='bbox 1388 5270 1446 5324; x_wconf 88' lang='lat' dir='ltr'>et</span> <span class='ocrx_word' id='word_1_740' title='bbox 1493 5265 1710 5324; x_wconf 90' lang='lat' dir='ltr'>additis</span> <span class='ocrx_word' id='word_1_741' title='bbox 1744 5265 1896 5338; x_wconf 89' lang='lat' dir='ltr'>aliis,</span> 
     </span>
    </p>
   </div>
   <div class='ocr_carea' id='block_1_102' title="bbox 227 5354 1364 5428">
    <p class='ocr_par' dir='ltr' id='par_1_102' title="bbox 227 5354 1364 5428">
     <span class='ocr_line' id='line_1_102' title="bbox 227 5354 1364 5428; baseline -0.003 -15"><span class='ocrx_word' id='word_1_742' title='bbox 227 5355 381 5413; x_wconf 87' lang='lat' dir='ltr'>hanc</span> <span class='ocrx_word' id='word_1_743' title='bbox 415 5354 745 5412; x_wconf 81' lang='lat' dir='ltr'>editionem</span> <span class='ocrx_word' id='word_1_744' title='bbox 777 5356 960 5413; x_wconf 83' lang='lat' dir='ltr'>fuisse</span> <span class='ocrx_word' id='word_1_745' title='bbox 991 5355 1364 5428; x_wconf 89' lang='lat' dir='ltr'>descriptam.</span> 
     </span>
    </p>
   </div>
   <div class='ocr_carea' id='block_1_103' title="bbox 291 5444 1900 5519">
    <p class='ocr_par' dir='ltr' id='par_1_103' title="bbox 291 5444 1900 5519">
     <span class='ocr_line' id='line_1_103' title="bbox 291 5444 1900 5519; baseline -0.001 -17"><span class='ocrx_word' id='word_1_746' title='bbox 291 5446 440 5502; x_wconf 80' lang='lat' dir='ltr'>Sine</span> <span class='ocrx_word' id='word_1_747' title='bbox 466 5451 638 5514; x_wconf 80' lang='lat' dir='ltr'>anno,</span> <span class='ocrx_word' id='word_1_748' title='bbox 673 5446 911 5503; x_wconf 57' lang='lat' dir='ltr'>Colonia</span> <span class='ocrx_word' id='word_1_749' title='bbox 955 5461 1056 5519; x_wconf 83' lang='lat' dir='ltr'>per</span> <span class='ocrx_word' id='word_1_750' title='bbox 1100 5445 1334 5503; x_wconf 78' lang='lat' dir='ltr'>Conrad.</span> <span class='ocrx_word' id='word_1_751' title='bbox 1367 5444 1434 5502; x_wconf 85' lang='lat' dir='ltr'>de</span> <span class='ocrx_word' id='word_1_752' title='bbox 1460 5445 1778 5502; x_wconf 85' lang='lat' dir='ltr'>Homborch.</span> <span class='ocrx_word' id='word_1_753' title='bbox 1812 5446 1900 5501; x_wconf 88' lang='lat' dir='ltr'>in-</span> 
     </span>
    </p>
   </div>
   <div class='ocr_carea' id='block_1_104' title="bbox 225 5533 1902 5608">
    <p class='ocr_par' dir='ltr' id='par_1_104' title="bbox 225 5533 1902 5608">
     <span class='ocr_line' id='line_1_104' title="bbox 225 5533 1902 5608; baseline 0.002 -18"><span class='ocrx_word' id='word_1_754' title='bbox 225 5535 326 5606; x_wconf 83' lang='lat' dir='ltr'>fol.</span> <span class='ocrx_word' id='word_1_755' title='bbox 357 5533 580 5593; x_wconf 81' lang='lat' dir='ltr'>Leonis</span> <span class='ocrx_word' id='word_1_756' title='bbox 627 5551 932 5593; x_wconf 86' lang='lat' dir='ltr'>sermones</span> <span class='ocrx_word' id='word_1_757' title='bbox 970 5536 1209 5608; x_wconf 82' lang='lat' dir='ltr'>aliquot;</span> <span class='ocrx_word' id='word_1_758' title='bbox 1240 5534 1301 5591; x_wconf 90' lang='lat' dir='ltr'>in</span> <span class='ocrx_word' id='word_1_759' title='bbox 1351 5534 1678 5592; x_wconf 85' lang='lat' dir='ltr'>Homiliario</span> <span class='ocrx_word' id='word_1_760' title='bbox 1724 5534 1902 5593; x_wconf 83' lang='lat' dir='ltr'>docto-</span> 
     </span>
    </p>
   </div>
   <div class='ocr_carea' id='block_1_105' title="bbox 227 5622 1903 5703">
    <p class='ocr_par' dir='ltr' id='par_1_105' title="bbox 227 5622 1903 5703">
     <span class='ocr_line' id='line_1_105' title="bbox 227 5622 1903 5703; baseline 0.001 -21"><span class='ocrx_word' id='word_1_761' title='bbox 227 5640 381 5694; x_wconf 83' lang='lat' dir='ltr'>rum,</span> <span class='ocrx_word' id='word_1_762' title='bbox 415 5623 680 5682; x_wconf 90' lang='lat' dir='ltr'>editione</span> <span class='ocrx_word' id='word_1_763' title='bbox 717 5641 902 5698; x_wconf 88' lang='lat' dir='ltr'>supra</span> <span class='ocrx_word' id='word_1_764' title='bbox 938 5623 1091 5682; x_wconf 89' lang='lat' dir='ltr'>inter</span> <span class='ocrx_word' id='word_1_765' title='bbox 1116 5622 1549 5703; x_wconf 83' lang='lat' dir='ltr'>Augustiniana</span> <span class='ocrx_word' id='word_1_766' title='bbox 1589 5623 1903 5700; x_wconf 86' lang='lat' dir='ltr'>descripta.</span> 
     </span>
    </p>
   </div>
   <div class='ocr_carea' id='block_1_106' title="bbox 576 5750 1051 5824">
    <p class='ocr_par' dir='ltr' id='par_1_106' title="bbox 576 5750 1051 5824">
     <span class='ocr_line' id='line_1_106' title="bbox 576 5750 1051 5824; baseline 0.013 -6"><span class='ocrx_word' id='word_1_767' title='bbox 576 5750 850 5820; x_wconf 61' lang='lat' dir='ltr'>Panos.</span> <span class='ocrx_word' id='word_1_768' title='bbox 894 5750 1051 5824; x_wconf 77' lang='lat' dir='ltr'>LIV.</span> 
     </span>
    </p>
   </div>
   <div class='ocr_carea' id='block_1_107' title="bbox 2075 4640 3656 4715">
    <p class='ocr_par' dir='ltr' id='par_1_107' title="bbox 2075 4640 3656 4715">
     <span class='ocr_line' id='line_1_107' title="bbox 2075 4640 3656 4715; baseline 0.003 -15"><span class='ocrx_word' id='word_1_769' title='bbox 2075 4645 2233 4700; x_wconf 85' lang='lat'><strong>1525.</strong></span> <span class='ocrx_word' id='word_1_770' title='bbox 2255 4642 2512 4715; x_wconf 83' lang='lat' dir='ltr'>Lugduni</span> <span class='ocrx_word' id='word_1_771' title='bbox 2533 4657 2634 4713; x_wconf 81' lang='lat' dir='ltr'>per</span> <span class='ocrx_word' id='word_1_772' title='bbox 2661 4645 2924 4698; x_wconf 87' lang='lat' dir='ltr'>Joannem</span> <span class='ocrx_word' id='word_1_773' title='bbox 2958 4641 3204 4715; x_wconf 84' lang='lat' dir='ltr'>Crespin.</span> <span class='ocrx_word' id='word_1_774' title='bbox 3235 4643 3422 4715; x_wconf 82' lang='lat' dir='ltr'>in-fol.</span> <span class='ocrx_word' id='word_1_775' title='bbox 3444 4640 3656 4704; x_wconf 66' lang='lat' dir='ltr'>Leonis</span> 
     </span>
    </p>
   </div>
   <div class='ocr_carea' id='block_1_108' title="bbox 2004 4728 3654 4803">
    <p class='ocr_par' dir='ltr' id='par_1_108' title="bbox 2004 4728 3654 4803">
     <span class='ocr_line' id='line_1_108' title="bbox 2004 4728 3654 4803; baseline 0.001 -14"><span class='ocrx_word' id='word_1_776' title='bbox 2004 4733 2316 4789; x_wconf 90' lang='lat' dir='ltr'>Sermones</span> <span class='ocrx_word' id='word_1_777' title='bbox 2364 4732 2601 4803; x_wconf 86' lang='lat' dir='ltr'>aliquot;</span> <span class='ocrx_word' id='word_1_778' title='bbox 2631 4728 2785 4786; x_wconf 90' lang='lat' dir='ltr'>inter</span> <span class='ocrx_word' id='word_1_779' title='bbox 2809 4731 3074 4788; x_wconf 76' lang='lat' dir='ltr'>Homilies</span> <span class='ocrx_word' id='word_1_780' title='bbox 3116 4732 3421 4790; x_wconf 88' lang='lat' dir='ltr'>doctorum</span> <span class='ocrx_word' id='word_1_781' title='bbox 3465 4731 3654 4791; x_wconf 79' lang='lat' dir='ltr'>eccle-</span> 
     </span>
    </p>
   </div>
   <div class='ocr_carea' id='block_1_109' title="bbox 2003 4821 2542 4888">
    <p class='ocr_par' dir='ltr' id='par_1_109' title="bbox 2003 4821 2542 4888">
     <span class='ocr_line' id='line_1_109' title="bbox 2003 4821 2542 4888; baseline -0.007 -10"><span class='ocrx_word' id='word_1_782' title='bbox 2003 4821 2398 4888; x_wconf 90' lang='lat' dir='ltr'>siasticorum,</span> <span class='ocrx_word' id='word_1_783' title='bbox 2431 4824 2542 4875; x_wconf 89' lang='lat' dir='ltr'>etc.</span> 
     </span>
    </p>
   </div>
   <div class='ocr_carea' id='block_1_110' title="bbox 2076 4907 3660 4984">
    <p class='ocr_par' dir='ltr' id='par_1_110' title="bbox 2076 4907 3660 4984">
     <span class='ocr_line' id='line_1_110' title="bbox 2076 4907 3660 4984; baseline 0.002 -19"><span class='ocrx_word' id='word_1_784' title='bbox 2076 4911 2234 4966; x_wconf 85' lang='lat'><strong>1525.</strong></span> <span class='ocrx_word' id='word_1_785' title='bbox 2267 4909 2559 4979; x_wconf 68' lang='lat' dir='ltr'>Moguntina</span> <span class='ocrx_word' id='word_1_786' title='bbox 2601 4907 2748 4980; x_wconf 87' lang='lat' dir='ltr'>apud</span> <span class='ocrx_word' id='word_1_787' title='bbox 2782 4909 2864 4966; x_wconf 84' lang='lat' dir='ltr'>Jo.</span> <span class='ocrx_word' id='word_1_788' title='bbox 2898 4909 3181 4983; x_wconf 69' lang='lat' dir='ltr'>Schaeﬂ‘er,</span> <span class='ocrx_word' id='word_1_789' title='bbox 3212 4911 3500 4984; x_wconf 80' lang='lat' dir='ltr'>in-fol.....</span> <span class='ocrx_word' id='word_1_790' title='bbox 3545 4909 3660 4968; x_wconf 86' lang='lat' dir='ltr'>De-</span> 
     </span>
    </p>
   </div>
   <div class='ocr_carea' id='block_1_111' title="bbox 2006 4997 3667 5074">
    <p class='ocr_par' dir='ltr' id='par_1_111' title="bbox 2006 4997 3667 5074">
     <span class='ocr_line' id='line_1_111' title="bbox 2006 4997 3667 5074; baseline 0.002 -19"><span class='ocrx_word' id='word_1_791' title='bbox 2006 5003 2165 5056; x_wconf 88' lang='lat' dir='ltr'>creta</span> <span class='ocrx_word' id='word_1_792' title='bbox 2195 4997 2404 5055; x_wconf 91' lang='lat' dir='ltr'>Leonis</span> <span class='ocrx_word' id='word_1_793' title='bbox 2433 5013 2594 5069; x_wconf 67' lang='lat' dir='ltr'>papae</span> <span class='ocrx_word' id='word_1_794' title='bbox 2644 4997 2733 5069; x_wconf 82' lang='grc'>49,</span> <span class='ocrx_word' id='word_1_795' title='bbox 2766 4997 2827 5053; x_wconf 94' lang='lat' dir='ltr'>in</span> <span class='ocrx_word' id='word_1_796' title='bbox 2871 4998 2962 5055; x_wconf 91' lang='lat' dir='ltr'>ed.</span> <span class='ocrx_word' id='word_1_797' title='bbox 2996 4999 3260 5074; x_wconf 90' lang='lat' dir='ltr'>principe</span> <span class='ocrx_word' id='word_1_798' title='bbox 3288 4997 3667 5058; x_wconf 46' lang='lat' dir='ltr'>Collectionil:</span> 
     </span>
    </p>
   </div>
   <div class='ocr_carea' id='block_1_112' title="bbox 2008 5087 3659 5163">
    <p class='ocr_par' dir='ltr' id='par_1_112' title="bbox 2008 5087 3659 5163">
     <span class='ocr_line' id='line_1_112' title="bbox 2008 5087 3659 5163; baseline -0.001 -18"><span class='ocrx_word' id='word_1_799' title='bbox 2008 5088 2213 5145; x_wconf 83' lang='lat' dir='ltr'>Concil.</span> <span class='ocrx_word' id='word_1_800' title='bbox 2241 5095 2292 5144; x_wconf 85' lang='lat' dir='ltr'>et</span> <span class='ocrx_word' id='word_1_801' title='bbox 2338 5089 2548 5145; x_wconf 79' lang='lat' dir='ltr'>Conon.</span> <span class='ocrx_word' id='word_1_802' title='bbox 2579 5087 2835 5159; x_wconf 86' lang='lat' dir='ltr'>Dionysii</span> <span class='ocrx_word' id='word_1_803' title='bbox 2873 5090 3100 5159; x_wconf 73' lang='lat' dir='ltr'>Exigui,</span> <span class='ocrx_word' id='word_1_804' title='bbox 3133 5103 3310 5163; x_wconf 91' lang='lat' dir='ltr'>quem</span> <span class='ocrx_word' id='word_1_805' title='bbox 3339 5105 3492 5162; x_wconf 64' lang='lat' dir='ltr'>sape</span> <span class='ocrx_word' id='word_1_806' title='bbox 3530 5088 3659 5159; x_wconf 80' lang='lat' dir='ltr'>jam</span> 
     </span>
    </p>
   </div>
   <div class='ocr_carea' id='block_1_113' title="bbox 2007 5174 2936 5249">
    <p class='ocr_par' dir='ltr' id='par_1_113' title="bbox 2007 5174 2936 5249">
     <span class='ocr_line' id='line_1_113' title="bbox 2007 5174 2936 5249; baseline 0 -15"><span class='ocrx_word' id='word_1_807' title='bbox 2007 5177 2068 5234; x_wconf 93' lang='lat' dir='ltr'>in</span> <span class='ocrx_word' id='word_1_808' title='bbox 2099 5175 2498 5249; x_wconf 89' lang='lat' dir='ltr'>superioribus</span> <span class='ocrx_word' id='word_1_809' title='bbox 2531 5174 2936 5249; x_wconf 88' lang='lat' dir='ltr'>allegavimus.</span> 
     </span>
    </p>
   </div>
   <div class='ocr_carea' id='block_1_114' title="bbox 2082 5261 3726 5340">
    <p class='ocr_par' dir='ltr' id='par_1_114' title="bbox 2082 5261 3726 5340">
     <span class='ocr_line' id='line_1_114' title="bbox 2082 5261 3726 5340; baseline -0.002 -18"><span class='ocrx_word' id='word_1_810' title='bbox 2082 5267 2240 5323; x_wconf 91' lang='lat'><strong>1530.</strong></span> <span class='ocrx_word' id='word_1_811' title='bbox 2274 5264 2515 5322; x_wconf 69' lang='lat' dir='ltr'>Coloniae</span> <span class='ocrx_word' id='word_1_812' title='bbox 2559 5281 2628 5320; x_wconf 82' lang='lat' dir='ltr'>ex</span> <span class='ocrx_word' id='word_1_813' title='bbox 2675 5266 2767 5338; x_wconf 74' lang='lat' dir='ltr'>off.</span> <span class='ocrx_word' id='word_1_814' title='bbox 2799 5268 2951 5323; x_wconf 88' lang='lat' dir='ltr'>Petri</span> <span class='ocrx_word' id='word_1_815' title='bbox 2999 5269 3246 5338; x_wconf 82' lang='lat' dir='ltr'>Quentel.</span> <span class='ocrx_word' id='word_1_816' title='bbox 3277 5265 3478 5340; x_wconf 84' lang='lat' dir='ltr'>in-fol.</span> <span class='ocrx_word' id='word_1_817' title='bbox 3525 5261 3661 5336; x_wconf 86' lang='lat' dir='ltr'>Epi-</span> <span class='ocrx_word' id='word_1_818' title='bbox 3717 5295 3726 5304; x_wconf 72' lang='grc' dir='ltr'><em>ο</em></span> 
     </span>
    </p>
   </div>
   <div class='ocr_carea' id='block_1_115' title="bbox 2012 5352 3664 5429">
    <p class='ocr_par' dir='ltr' id='par_1_115' title="bbox 2012 5352 3664 5429">
     <span class='ocr_line' id='line_1_115' title="bbox 2012 5352 3664 5429; baseline -0.002 -16"><span class='ocrx_word' id='word_1_819' title='bbox 2012 5355 2172 5413; x_wconf 66' lang='lat' dir='ltr'>stolen</span> <span class='ocrx_word' id='word_1_820' title='bbox 2217 5354 2422 5411; x_wconf 91' lang='lat' dir='ltr'>Leonis</span> <span class='ocrx_word' id='word_1_821' title='bbox 2471 5369 2660 5428; x_wconf 63' lang='lat' dir='ltr'>papa;</span> <span class='ocrx_word' id='word_1_822' title='bbox 2717 5354 2778 5411; x_wconf 92' lang='lat' dir='ltr'>in</span> <span class='ocrx_word' id='word_1_823' title='bbox 2835 5357 3080 5429; x_wconf 89' lang='lat' dir='ltr'>repetita</span> <span class='ocrx_word' id='word_1_824' title='bbox 3129 5355 3396 5428; x_wconf 85' lang='lat' dir='ltr'>ejusdem</span> <span class='ocrx_word' id='word_1_825' title='bbox 3442 5352 3664 5411; x_wconf 77' lang='lat' dir='ltr'>Merlini</span> 
     </span>
    </p>
   </div>
   <div class='ocr_carea' id='block_1_116' title="bbox 2012 5440 3668 5516">
    <p class='ocr_par' dir='ltr' id='par_1_116' title="bbox 2012 5440 3668 5516">
     <span class='ocr_line' id='line_1_116' title="bbox 2012 5440 3668 5516; baseline 0 -14"><span class='ocrx_word' id='word_1_826' title='bbox 2012 5445 2360 5502; x_wconf 87' lang='lat' dir='ltr'>Collectione</span> <span class='ocrx_word' id='word_1_827' title='bbox 2407 5459 2558 5501; x_wconf 87' lang='lat' dir='ltr'>conc.</span> <span class='ocrx_word' id='word_1_828' title='bbox 2602 5459 2748 5513; x_wconf 87' lang='lat' dir='ltr'>gen.,</span> <span class='ocrx_word' id='word_1_829' title='bbox 2781 5448 2892 5502; x_wconf 90' lang='lat' dir='ltr'>etc.</span> <span class='ocrx_word' id='word_1_830' title='bbox 2926 5447 2978 5504; x_wconf 88' lang='lat' dir='ltr'>T.</span> <span class='ocrx_word' id='word_1_831' title='bbox 3014 5446 3082 5516; x_wconf 90' lang='lat' dir='ltr'>II,</span> <span class='ocrx_word' id='word_1_832' title='bbox 3111 5462 3146 5502; x_wconf 87' lang='lat' dir='ltr'>a</span> <span class='ocrx_word' id='word_1_833' title='bbox 3190 5444 3289 5516; x_wconf 80' lang='lat' dir='ltr'>fol.</span> <span class='ocrx_word' id='word_1_834' title='bbox 3324 5443 3433 5502; x_wconf 85' lang='lat'>188</span> <span class='ocrx_word' id='word_1_835' title='bbox 3457 5443 3532 5503; x_wconf 86' lang='lat' dir='ltr'>ad</span> <span class='ocrx_word' id='word_1_836' title='bbox 3555 5440 3668 5502; x_wconf 70' lang='lat'>228</span> 
     </span>
    </p>
   </div>
   <div class='ocr_carea' id='block_1_117' title="bbox 2011 5533 3541 5610">
    <p class='ocr_par' dir='ltr' id='par_1_117' title="bbox 2011 5533 3541 5610">
     <span class='ocr_line' id='line_1_117' title="bbox 2011 5533 3541 5610; baseline -0.001 -17"><span class='ocrx_word' id='word_1_837' title='bbox 2011 5533 2284 5610; x_wconf 66' lang='lat' dir='ltr'>Epistolis</span> <span class='ocrx_word' id='word_1_838' title='bbox 2314 5536 2698 5591; x_wconf 89' lang='lat' dir='ltr'>numerantur</span> <span class='ocrx_word' id='word_1_839' title='bbox 2725 5533 2940 5591; x_wconf 79' lang='lat' dir='ltr'>XCVII.</span> <span class='ocrx_word' id='word_1_840' title='bbox 3532 5542 3541 5556; x_wconf 92' lang='lat'><strong><em>‘</em></strong></span> 
     </span>
    </p>
   </div>
   <div class='ocr_carea' id='block_1_118' title="bbox 2085 5620 3669 5701">
    <p class='ocr_par' dir='ltr' id='par_1_118' title="bbox 2085 5620 3669 5701">
     <span class='ocr_line' id='line_1_118' title="bbox 2085 5620 3669 5701; baseline -0.003 -15"><span class='ocrx_word' id='word_1_841' title='bbox 2085 5624 2248 5687; x_wconf 86' lang='grc'>1530.</span> <span class='ocrx_word' id='word_1_842' title='bbox 2280 5622 2523 5684; x_wconf 69' lang='lat' dir='ltr'>Coloniae</span> <span class='ocrx_word' id='word_1_843' title='bbox 2563 5639 2634 5685; x_wconf 63' lang='lat' dir='ltr'>ex</span> <span class='ocrx_word' id='word_1_844' title='bbox 2659 5623 2752 5698; x_wconf 74' lang='lat' dir='ltr'>o/f.</span> <span class='ocrx_word' id='word_1_845' title='bbox 2781 5621 3048 5681; x_wconf 74' lang='lat' dir='ltr'>Eucherii</span> <span class='ocrx_word' id='word_1_846' title='bbox 3092 5621 3428 5696; x_wconf 76' lang='lat' dir='ltr'>Cervicmi,</span> <span class='ocrx_word' id='word_1_847' title='bbox 3472 5620 3669 5701; x_wconf 79' lang='lat' dir='ltr'>in-fal.</span> 
     </span>
    </p>
   </div>
  </div>
