4092 6178
371 238 453 312 ’75

792 242 1395 310 SCHtENEMANNI
1438 234 1761 309 No'mm
1803 220 2024 305 ms'rc

2138 234 2745 305 CO-LITTERARIA
2789 234 2870 303 IN
2916 239 2984 303 S.
3027 230 3378 305 LEONEM.

3716 236 3796 304 76

376 350 589 439 Leonis
618 380 931 438 Sermones
976 350 1225 448 aliquott
1246 374 1308 431 in
1347 376 1599 433 Homiliis
1640 375 2032 449 prastantissi-
2060 378 2117 445 Α
2218 376 2374 431 1561.
2408 372 2717 446 (Coloniae).
2741 373 2800 430 S.
2826 372 3037 431 Leonis
3065 388 3241 446 opera
3278 373 3474 431 studio
3502 374 3801 431 Laurentii

377 485 598 528 morum
623 468 879 533 Ecclesiae
901 467 1196 523 doctorum.

400 560 407 563 ’
446 559 606 616 1535.
646 557 882 614 Parisiis
928 554 1076 627 apud
1123 556 1478 612 Franciscum
1518 552 1807 626 Regnault,
1856 552 2030 609 iii-8°.

374 645 644 723 Epistolas
693 636 902 700 Leonis
933 660 1126 718 papae;
1160 643 1220 700 in
1266 642 1477 701 iisdem
1509 643 1770 701 Conciliis
1799 641 1862 698 h.
1892 659 1946 698 a.
1978 645 2037 699 et

374 736 414 793 l.
448 736 638 792 denuo
668 733 958 805 repetitis,
992 750 1027 791 a
1053 734 1188 805 folio
1217 734 1325 789 202
1355 734 1425 791 ad
1458 734 1582 789 447.

444 814 605 880 1536.
640 822 876 880 Βαδίιεέε
906 823 1098 895 in-fol.
1128 821 1338 879 Leonis
1367 838 1531 895 papa
1570 817 1830 895 epistolae
1861 820 2034 893 quin-

372 910 684 986 quaginta;
717 926 839 966 una
864 925 1004 966 cum
1032 909 1164 966 aliis
1189 910 1539 983 pontificum
1569 909 1737 966 Rom.
1770 906 2036 982 epistolis

374 989 586 1056 additis
648 997 938 1055 Clementis
987 996 1218 1055 Romani
1270 999 1771 1070 Recognitionibus,
1830 998 2037 1054 edente

374 1088 464 1146 Jo.
498 1087 761 1167 Sicbardo
786 1105 820 1144 a
836 1105 964 1160 pag.
987 1087 1094 1144 306
1116 1103 1302 1160 usque
1322 1089 1393 1144 ad
1420 1088 1594 1144 finem
1619 1088 1699 1159 (id
1721 1092 1812 1144 est
1831 1087 1978 1160 374).

409 1193 417 1202 ·
446 1176 576 1232 Jam
604 1175 804 1248 prima:
829 1193 949 1232 sua:
982 1178 1272 1233 Clementis
1301 1178 1751 1248 Recognitionum
1770 1175 2033 1245 editioni,

380 1280 508 1338 quea
551 1281 605 1322 a.
640 1265 779 1321 1526
810 1258 1047 1322 Basileae
1079 1265 1233 1337 apud
1260 1270 1349 1324 Jo.
1381 1265 1664 1322 Bebelium
1693 1265 1875 1337 in-fol.
1909 1282 2039 1338 pro-

379 1348 513 1425 diit,
542 1352 848 1409 addiderat
867 1351 1187 1411 Sichardus
1211 1352 1554 1426 pontificum
1580 1353 1803 1426 aliquot
1832 1354 2040 1410 Roma-

384 1457 598 1518 norum
628 1440 920 1515 Epistolas
942 1441 1253 1514 plerasque
1284 1441 1712 1516 supposititias.
1734 1443 1846 1498 Sed
1866 1441 2038 1515 longe

386 1529 622 1588 uberior
650 1531 906 1587 accessio
957 1530 1079 1587 haec
1116 1530 1273 1601 tulit,
1297 1533 1489 1587 Leonis
1518 1530 1697 1586 simul
1748 1548 1865 1587 non
1918 1530 2041 1587 exi-

380 1614 557 1695 guam
587 1623 813 1708 partem
856 1618 1176 1693 complexa.
1210 1620 1531 1693 Diligenter
1574 1635 1704 1676 eam
1733 1618 2040 1677 consulue-

386 1713 527 1766 r‘unt
554 1706 764 1765 fratres
793 1707 1111 1766 Ballerinii.
1959 1706 1964 1710 ’

458 1798 620 1854 1538.
647 1796 892 1855 Coloniae
919 1797 1068 1870 apud
1093 1798 1243 1854 Petr.
1272 1798 1542 1867 Quentel.,
1567 1798 1748 1870 in-fol.
1770 1795 2039 1871 Epistolas

383 1887 593 1944 Leonis
625 1903 789 1961 papa:
820 1886 1018 1960 primi,
1044 1891 1101 1944 et
1142 1887 1415 1955 Decreta;
1446 1886 1505 1942 in
1537 1886 1881 1944 Collectione
1908 1903 2035 1943 con-

378 1975 641 2032 ciliorum
672 1977 940 2049 omnium,
965 1979 1198 2033 auctore
1222 1978 1381 2033 Petro
1404 1975 1608 2032 Crabbe
1635 1973 2037 2032 Mechliniensi

386 2064 440 2121 τ.
475 2064 518 2134 1,
553 2082 588 2121 a
611 2063 711 2137 fol.
739 2063 844 2120 343
873 2064 946 2120 ad
974 2063 1101 2121 392.

449 2151 764 2224 Pollicetur
793 2150 981 2209 editor
1000 2154 1191 2226 magis
1217 2155 1505 2226 propriam
1523 2155 1573 2210 et
1598 2161 1786 2225 aptam
1812 2152 2037 2225 Episto-

381 2228 577 2301 larum
636 2240 843 2299 Leonis
910 2242 1328 2299 ordinationem.
1389 2242 1522 2306 Quae
1581 2243 1760 2311 enim,
1819 2241 2035 2315 inquit,

370 2333 536 2405 prius
562 2333 801 2404 confusa:
836 2332 1152 2404 conscriptae
1196 2338 1341 2399 sunt,
1373 2347 1523 2386 nunc
1566 2330 1864 2387 secundum
1909 2346 2038 2386 con—

376 2418 564 2477 sutum
592 2418 769 2491 (modo
795 2420 932 2476 sciri
962 2420 1194 2492 possint)
1226 2436 1291 2476 ac
1319 2421 1590 2475 mensium
1618 2419 1862 2476 debitum
1888 2419 2036 2475 ordi-

374 2520 503 2564 nem
528 2514 656 2564 sunt
699 2509 1030 2574 constitutae,
1061 2508 1257 2580 quibus
1304 2507 1701 2579 deficientibus,
1733 2506 1863 2563 ordo
1909 2508 2039 2564 reli-

378 2613 618 2670 quarum
645 2596 1036 2670 Epistolarum,
1068 2599 1164 2668 qui
1211 2598 1390 2668 aptior
1435 2597 1588 2652 visus
1635 2603 1733 2664 est,
1764 2600 2033 2651 servatur.

379 2686 605 2759 Cuique
625 2683 885 2760 epistola
906 2685 1281 2760 praemittitur
1301 2684 1693 2757 capitulorum
1716 2683 2033 2741 indiculus.

378 2772 669 2832 Notautur
697 2774 760 2831 in
789 2774 1055 2848 margine
1085 2774 1211 2831 loca
1240 2773 1479 2843 Biblica,
1513 2774 1868 2846 adjectazque
1899 2777 2038 2830 sunt

379 2863 602 2938 passim
634 2863 913 2921 lectiones
937 2863 1251 2920 variantes.

452 2953 994 3022 1546-47.Coloniae,
1027 2954 1197 3008 in-80.
1222 2954 1396 3009 Tomis
1426 2952 1495 3008 II.
1519 2952 1586 3009 D.
1611 2952 1818 3008 Leonis
1849 2968 2032 3025 papas,

378 3045 514 3111 etc.,
550 3041 822 3115 Epistola:
880 3039 1195 3097 decretales
1252 3044 1309 3097 et
1362 3040 1704 3108 familiares.
1755 3040 2033 3112 Ejusdem

2141 461 2313 519 Su-rii.

2213 592 2245 623 «ι
2279 571 2606 627 Laurentius
2654 570 2850 626 Surius
2896 568 3277 628 Cartusianus
3323 569 3387 626 in
3434 568 3689 626 editione
3742 586 3798 626 a.

2142 660 2277 715 1561
2304 658 2558 714 multum
2588 657 2868 731 temporis
2898 675 2965 715 ac
2995 675 3181 732 operze
3221 675 3284 714 se
3315 658 3584 731 posuisse
3614 659 3798 731 proﬁ-

2143 751 2299 805 tetur
2327 747 2387 803 in
2409 746 2769 821 corrigendis
2804 748 3016 805 Leonis
3037 747 3344 821 Operibus,
3369 745 3504 803 licet
3531 751 3665 804 ante
3695 763 3803 804 an-

2142 854 2251 894 nos
2281 837 2525 909 aliquot,
2549 836 3075 909 inquit,doctorum
3095 836 3354 893 virorum
3382 837 3578 893 studio
3597 831 3804 893 emen-

2144 926 2280 983 data
2307 925 2684 1000 prodiissent.
2708 926 2946 983 Fatetur
2972 929 3170 982 tamen
3202 942 3318 981 non
3350 941 3413 982 se
3440 927 3628 981 totum
3658 925 3800 982 Leo-

2143 1032 2281 1072 nem
2311 1032 2429 1072 suae
2459 1014 2776 1089 integritati
2805 1014 2887 1072 ita
2916 1015 3264 1084 restituisse,
3289 1018 3355 1070 ut
3382 1013 3528 1070 nihil
3551 1014 3677 1086 jam
3710 1030 3801 1071 re-

2143 1114 2373 1187 liquum
2398 1118 2553 1171 esset
2571 1112 2950 1187 castigatione
2971 1113 3249 1186 dignum;
3276 1128 3382 1168 nec
3405 1111 3623 1168 mirum
3646 1128 3798 1180 esse,

2145 1204 2248 1271 ait,
2272 1220 2409 1259 cum
2437 1202 2564 1276 ipse
2599 1203 2710 1259 Leo
2765 1203 3028 1270 fateatur,
3062 1202 3241 1258 etiam
3284 1204 3409 1257 tum
3443 1218 3577 1257 cum
3609 1200 3803 1257 adhuc

2144 1293 2205 1349 in
2235 1291 2511 1350 humanis
2540 1294 2756 1365 ageret,
2775 1290 3038 1347 vitiatam
3072 1290 3254 1347 fuisse
3285 1288 3603 1363 Epistolam
3634 1288 3803 1346 illam

2144 1397 2336 1453 suam,
2360 1398 2489 1454 quis
2519 1385 2610 1437 est
2637 1381 2708 1437 ad
2742 1379 3144 1438 Flavianum.»
3162 1379 3293 1436 Haec
3312 1377 3687 1446 Quesnellus,
3721 1377 3806 1434 ita

2146 1474 2210 1526 ut
2236 1468 2347 1525 loci
2378 1469 2479 1525 ubi
2509 1468 2631 1526 haec
2660 1468 2836 1526 editio
2866 1485 3140 1541 expressa
3170 1467 3249 1524 sit
3283 1468 3643 1524 mentionem
3675 1465 3805 1523 nul-

2144 1557 2265 1615 lam
2295 1557 2646 1631 faceret,qui
2674 1562 2872 1615 tamen
2900 1556 2995 1613 vix
3025 1557 3178 1613 alius
3209 1572 3386 1629 quam
3408 1554 3648 1613 Colonia
3673 1571 3803 1612 esse

2144 1649 2357 1718 potest.
2380 1647 2498 1719 Ego
2523 1663 2656 1702 vero
2678 1644 2882 1701 dubito
2912 1662 2985 1701 an
3012 1644 3253 1701 omnino
3289 1643 3470 1716 hujus
3508 1644 3646 1700 anni
3676 1644 3804 1700 edi-

2064 1746 2115 1813 B
2144 1734 2225 1790 tio
2257 1738 2461 1790 exstet.
2487 1737 2650 1790 Certe
2672 1733 3031 1789 Harzhemius
3050 1732 3109 1788 in
3133 1733 3471 1789 Bibliotheca
3493 1733 3806 1790 Coloniensi

2146 1821 2420 1895 (Coloniae
2452 1823 2609 1893 1747,
2636 1822 2866 1895 in-fol.),
2891 1839 2949 1896 p.
2971 1823 3098 1892 220,
3122 1839 3240 1879 non
3270 1821 3386 1878 nisi
3420 1823 3803 1900 1568Ifactam

2146 1912 2325 1969 novit.

2218 2019 2376 2074 1566.
2409 2019 2640 2074 Lovanii
2679 2016 2827 2090 apud
2869 2018 3269 2089 Hieronymum
3300 2017 3591 2075 Welleeum
3619 2016 3691 2072 ad
3713 2019 3804 2073 in-

2145 2109 2382 2178 tersigne
2423 2108 2748 2173 Diamantis,
2797 2107 2950 2162 iri-8°
2984 2107 3114 2162 Volt.
3148 2106 3219 2162 II.
3253 2107 3442 2162 Tomus
3471 2106 3496 2162 l
3527 2106 3805 2164 inscribi-

2144 2200 2244 2252 tur
2267 2214 2280 2253 :
2303 2197 2368 2252 D.
2391 2197 2584 2252 Leonis
2605 2212 2788 2269 papas,
2813 2194 2994 2267 hujus
3019 2193 3276 2251 nominis
3298 2194 3494 2268 primi,
3520 2194 3621 2268 qui
3644 2211 3804 2252 sum-

2147 2302 2243 2342 mo
2274 2286 2399 2358 iure
2444 2284 2638 2358 Magni
2685 2300 3007 2357 cognomen
3031 2284 3160 2356 jam
3207 2282 3350 2340 olim
3395 2283 3642 2351 obtinet,
3673 2283 3806 2340 Ser-

2142 2390 2328 2435 mones
2382 2378 2432 2431 et
2487 2374 2757 2442 Homilim,
2805 2389 2933 2446 quae
2993 2372 3232 2445 quidem
3289 2376 3520 2429 exstant
3575 2389 3805 2430 omnes.

2144 2463 2342 2543 Altera
2361 2465 2489 2536 jam
2522 2463 2643 2518 vice
2669 2478 2904 2518 summa
2923 2478 3060 2518 cum
3089 2459 3392 2534 diligentia
3414 2461 3487 2517 ad
3515 2460 3803 2533 antiquis-

2146 2552 2299 2610 sima
2345 2551 2699 2624 exemplaria
2747 2550 2946 2607 omnia
2992 2548 3280 2623 castigata
3326 2553 3384 2605 et
3434 2554 3626 2606 aucta.
3658 2554 3803 2606 Cum

2145 2639 2365 2715 duplici
2394 2639 2605 2697 indice.
2639 2641 2831 2696 Tomus
2875 2638 3017 2695 alter
3062 2637 3240 2695 habet
3271 2655 3284 2695 :
3321 2641 3388 2694 ι).
3419 2639 3615 2694 Leonis
3637 2653 3803 2711 papa:

2143 2729 2395 2801 Episton
2440 2727 2734 2784 decretales
2762 2743 2827 2783 ac
2864 2728 3197 2800 familiares,
3228 2743 3357 2799 quae
3407 2727 3646 2800 quidem
3695 2726 3801 2783 ha-

2144 2821 2349 2874 ctenus
2378 2816 2617 2891 reperiri
2660 2820 2977 2890 potuerunt
3003 2831 3230 2872 omnes.
3262 2814 3460 2872 Altera
3496 2818 3626 2889 jam
3675 2816 3801 2873 vice

2144 2918 2383 2962 summa
2410 2921 2542 2961 cum
2575 2905 2942 2978 providentia
2959 2905 3031 2961 ad
3053 2903 3473 2978 antiquissima
3502 2903 3799 2978 exempla-

2143 2994 2231 3051 ria
2254 2998 2544 3052 correctae.

375 3098 684 3187 Sermoues
715 3134 771 3185 et
815 3127 1097 3196 Homilies,
1130 3129 1335 3184 edente
1378 3129 1538 3185 Petro
1559 3098 2029 3186 'Canisio'Novio-
2059 3112 2103 3180 C
2214 3101 2351 3196 Uti"
2396 3101 2556 3196 Prior
2582 3100 2940 3196 Ροβίίῖτίοννθ
2984 3103 3185 3156 tomus
3215 3100 3312 3168 Siti
3334 3098 3401 3196 in
3427 3098 3649 3196 ,δίωῙῆ
3679 3116 3797 3196 "ﬂ"

374 3217 664 3292 magensi,
698 3232 875 3289 quem
923 3215 1268 3284 Quesnellus
1302 3216 1506 3273 scribit
1551 3217 1903 3291 professum,
1935 3218 2037 3274 ad-

369 3307 641 3363 miniculo
669 3304 963 3362 admodum
991 3309 1325 3362 vetustorum
1369 3309 1421 3362 et
1468 3300 2037 3362 emendatissimorum

371 3395 847 3468 exemplariorum
872 3410 931 3449 se
959 3393 1208 3466 adjutum
1235 3395 1429 3467 fuisse.
1454 3394 1601 3450 Vide
1633 3394 2033 3467 repetitionem

370 3484 552 3556 hujus
603 3483 696 3539 ed.
730 3497 784 3539 a.
820 3483 979 3539 1566.
1010 3482 1403 3556 Reprehendit
1451 3486 1646 3540 autem
1684 3483 2032 3548 Quesnellus

371 3573 527 3647 quod
560 3570 776 3628 librum
808 3572 881 3628 de
913 3571 1178 3643 Conﬂictu
1208 3574 1467 3629 vitiorum
1495 3576 1547 3629 et
1573 3573 1860 3644 virtutum,
1884 3579 2033 3631 tam.

370 3677 552 3742 quam
584 3660 817 3740 Leonis,
852 3659 1160 3717 addiderit.

444 3751 604 3807 1551.
639 3748 876 3806 Coloniae
903 3749 1051 3820 apud
1071 3751 1219 3805 Petr.
1248 3750 1517 3819 Quentel.,
1542 3750 1723 3822 iri-fol.
1757 3750 2028 3823 Epistolas

370 3837 583 3894 Leonis
638 3853 801 3910 papa:
860 3837 1034 3909 primi
1083 3841 1142 3892 et
1188 3836 1459 3905 Decreta;
1512 3838 1573 3893 in
1628 3838 1817 3909 ejusd.
1875 3841 2030 3896 Petri

372 3924 578 3983 Crabbe
610 3924 873 3980 Consiliis
903 3924 1176 3981 editionis
1207 3925 1483 3997 repetitas.

440 4014 599 4070 1551.
631 4011 857 4080 Ibidem,
888 4014 1078 4084 in-f‘ol.
1111 4014 1171 4069 S.
1196 4014 1404 4069 Leonis
1441 4014 1771 4072 Sermones.
1802 4016 2027 4074 Laudat

364 4102 519 4160 hanc
549 4101 887 4169 editionem,
915 4102 1056 4175 quid
1091 4102 1248 4175 quod
1278 4105 1560 4159 tractasse
1590 4120 1653 4159 se
1683 4103 1902 4161 scribit.
1932 4110 2020 4163 Jo.

367 4192 688 4265 Ciampinus
736 4192 795 4247 in
848 4191 1101 4265 Epistola
1142 4191 1213 4247 ad
1263 4191 1475 4248 Erasm.
1510 4192 1718 4249 Gottola
1745 4210 1779 4249 a
1814 4193 2018 4252 Caieta.

360 4281 632 4339 Attamen
656 4296 729 4337 ne
750 4279 860 4337 hac
890 4279 1128 4353 quidem
1154 4279 1514 4354 professione
1535 4297 1770 4338 omnem
1792 4283 2022 4341 dubita-

362 4369 583 4426 tionem
627 4369 797 4426 nobis
847 4370 1082 4437 exemit,
1115 4369 1332 4442 quippe
1382 4386 1558 4443 quem
1590 4369 1651 4427 in
1684 4368 1837 4440 aliis,
1868 4390 2018 4445 quas

360 4458 503 4515 item
533 4457 856 4516 versavisse
903 4458 1087 4515 videri
1117 4457 1260 4525 vult,
1293 4458 1608 4515 manifesto
1638 4458 1870 4533 lapsum
1917 4462 2016 4519 de-

358 4546 803 4620 prehendimus,
846 4546 1141 4603 laudando
1188 4546 1473 4604 editiones
1522 4548 1737 4605 Lovan.
1770 4551 1909 4607 1566
1957 4554 2014 4607 et

355 4636 638 4707 Antuerp.
674 4636 833 4705 1583,
882 4636 1163 4708 quaternis
1202 4650 1465 4691 excusas.
1496 4635 1614 4692 Nec
1661 4652 2012 4711 magnopere

355 4722 534 4779 etiam
565 4722 893 4781 doctrinam
924 4740 1094 4780 suam
1138 4723 1308 4779 nobis
1347 4724 1710 4797 approbavit,
1744 4728 1865 4798 qui,
1898 4727 2009 4783 Ro-

354 4827 571 4867 manus
623 4811 747 4885 ipse
779 4817 836 4868 et
865 4812 1059 4869 Roma;
1108 4812 1325 4885 degens
1376 4812 1778 4870 Coloniensem
1828 4804 2008 4888 hujus

351 4898 492 4954 anni
524 4898 841 4957 editionem
871 4902 1317 4974 antiquissimam
1345 4917 1661 4958 sermonum
1690 4903 1880 4962 dicere
1909 4924 2008 4978 po-

347 4986 487 5044 tuit.
1926 5016 1929 5017 '

2143 3190 2543 3262 significatum
2588 3192 2699 3247 est.
2732 3189 2797 3246 In
2835 3204 2903 3245 eo
2941 3204 3077 3245 vero
3124 3187 3463 3260 exemplari,
3497 3186 3653 3260 quod
3701 3187 3798 3243 Bi-

2143 3278 2436 3336 bliotheca
2466 3278 2649 3351 Regia
2675 3277 2845 3334 nobis
2884 3276 3297 3350 suppeditavit,
3332 3275 3563 3333 inverso
3594 3276 3799 3333 ordine

2143 3384 2210 3429 ac
2240 3384 2347 3424 nos
2377 3365 2921 3440 repraesentavimus
2964 3365 3250 3438 compecti
3281 3368 3441 3421 sunt.
3473 3364 3585 3421 Sed
3632 3369 3797 3420 ante-

2140 3473 2356 3529 ponere
2382 3455 2577 3513 visum
2604 3458 2696 3511 est
2722 3470 2860 3510 eum
2881 3453 2978 3533 cui
3008 3452 3267 3526 praefatio
3298 3451 3541 3510 editoris
3571 3456 3629 3509 et
3659 3453 3798 3509 Leo-

2140 3546 2233 3601 nis
2262 3544 2381 3601 vita
2408 3546 2502 3618 (ex
2527 3543 2720 3617 prima
2754 3544 2844 3600 ed.
2882 3543 3155 3612 1546-47)
3193 3541 3437 3609 accedit,
3471 3541 3708 3614 quique,
3741 3540 3793 3597 si

2136 3638 2373 3707 tempus
2402 3636 2696 3706 spectetur
2724 3649 2839 3705 quo
2886 3630 3143 3705 primum
3173 3634 3483 3687 Sermones
3527 3634 3630 3686 aut
3653 3630 3793 3703 Epi-

2137 3721 2298 3779 stolas
2343 3722 2404 3778 in
2453 3721 2645 3778 lucem
2677 3719 2817 3777 editi
2849 3718 3084 3788 fuerint,
3118 3718 3328 3775 merito
3372 3718 3625 3790 priorem
3675 3717 3791 3775 sibi

2134 3811 2392 3868 vindicat
2420 3810 2636 3879 locum,
2659 3826 2836 3882 quem
2877 3809 2939 3865 in
2982 3807 3260 3864 omnibus
3309 3806 3482 3863 etiam
3514 3806 3791 3879 deinceps

2134 3900 2417 3957 insecutis
2445 3898 2801 3956 editionibus
2831 3912 3063 3968 semper
3091 3895 3367 3952 obtinuit.
3401 3895 3616 3951 Canisii
3641 3912 3789 3967 pra;-

2135 3990 2273 4046 fatio
2303 3989 2375 4045 ad
2400 3990 2665 4046 Joannem
2690 3987 3059 4059 Lippiensem,
3083 3987 3397 4057 episcopum
3417 3982 3785 4052 Cirenensem,

2129 4089 2543 4160 suffraganeum
2569 4093 2622 4142 et
2647 4084 3009 4141 ecclesiastem
3031 4083 3371 4154 primarium
3394 4080 3629 4137 Coloniae
3659 4084 3785 4136 ten-

2131 4176 2235 4232 dit.
2263 4177 2497 4232 Incusat
2524 4175 2770 4245 furorem
2795 4172 2990 4229 saeculi
3018 4172 3266 4242 ejusque
3293 4185 3556 4232 causam,
3586 4170 3785 4224 imma-

2126 4281 2255 4321 nem
2280 4264 2577 4337 philautiae
2617 4262 2846 4328 rabiem,
2880 4260 3037 4317 unde
3069 4275 3338 4332 perversa
3384 4256 3574 4314 studia
3620 4272 3787 4313 novos

2126 4353 2401 4411 scribendi
2430 4353 2620 4419 libros,
2650 4351 2941 4407 ambitiosa
2985 4348 3254 4405 doctrinae
3300 4346 3608 4411 ostentatio,
3632 4360 3782 4418 prae-

2123 4446 2409 4517 fractaque
2427 4440 2677 4514 qutedam
2693 4439 2984 4512 sapientiae
2996 4436 3371 4511 praesumptio,
3394 4433 3537 4491 item
3559 4434 3783 4507 effrenis

2124 4531 2293 4588 libido
2347 4527 2794 4587 comminiscendi
2845 4542 2985 4583 nova
3031 4525 3306 4597 dogmata,
3352 4523 3553 4596 quibus
3597 4526 3782 4580 vetera

2118 4620 2373 4693 fastidire
2398 4618 2567 4673 simul
2590 4620 2645 4672 et
2668 4616 2954 4688 antiquari
2970 4614 3294 4670 documenta
3315 4612 3606 4682 incipiant,
3630 4615 3781 4666 tam-

2120 4733 2297 4791 quam
2329 4732 2398 4771 ex
2428 4715 2584 4784 fonte
2625 4714 2909 4770 oriantur.
2932 4715 3041 4770 Per
3077 4712 3173 4768 hos
3201 4709 3419 4766 domum
3445 4724 3544 4765 seu
3570 4707 3778 4780 gradus

2116 4807 2295 4862 omnis
2324 4804 2621 4875 impietatis
2667 4802 2878 4874 inquit,
2910 4802 3016 4858 huc
3036 4802 3177 4873 jam.
3218 4840 3230 4855 .
3269 4839 3283 4853 .
3316 4795 3591 4853 inculcat.
3640 4795 3774 4853 Jam

2116 4895 2361 4950 Leonem
2394 4891 2550 4948 haud
2602 4890 3001 4965 benigniorem
3046 4888 3201 4961 apud
3252 4886 3429 4942 hosce
3461 4889 3580 4940 tam
3615 4900 3773 4940 reve-

2114 4982 2428 5039 rendarum
2459 4980 2655 5055 legum
2676 4985 2735 5036 et
2763 4979 3167 5036 institutorum
3200 4976 3496 5046 majorum
3519 4975 3773 5029 contem-

416 5076 580 5133 1553.
617 5077 846 5136 Venetiis
875 5080 1065 5151 in-fol.
1100 5079 1160 5136 S.
1195 5078 1406 5136 Leonis
1438 5079 1768 5148 Sermones,
1797 5082 2002 5139 eodem
2111 5076 2308 5146 ptores
2337 5071 2635 5126 fortunam
2672 5067 3015 5124 habiturum
3048 5063 3340 5138 praesagit.
3361 5076 3509 5151 quo?
3545 5064 3768 5151 tamen.

346 5164 632 5238 Ciampino
661 5170 830 5224 teste.
864 5168 927 5225 In
959 5183 1249 5241 suspenso
1294 5164 1494 5239 itaque
1525 5166 1812 5237 sinamus,
1845 5186 1999 5227 seor-

342 5253 455 5311 sim
488 5271 562 5310 an
594 5254 652 5311 in
684 5255 1022 5314 collectione
1053 5256 1251 5328 aliqua
1278 5254 1419 5309 editi
1454 5259 1615 5312 sunt.

2110 5161 2285 5218 modo
2333 5158 2524 5231 legere
2551 5156 2751 5223 veﬁnt,
2783 5171 2989 5212 omnes
3037 5154 3110 5212 ad
3161 5149 3609 5224 suspiciendum
3656 5148 3770 5204 viri

2109 5258 2374 5316 animum
2405 5260 2463 5311 et
2491 5252 2880 5327 amplexanda
2915 5270 3045 5327 quae
3076 5248 3390 5309 temerario
3421 5262 3571 5303 ausu
3602 5261 3767 5318 spre-

415 5342 570 5399 1555-
604 5345 835 5402 Basilew
862 5363 966 5419 per
993 5348 1154 5401 Henr.
1181 5343 1359 5409 Petri,
1387 5343 1577 5413 in-f‘ol.
1602 5344 1807 5403 Leonis
1835 5364 1997 5421 papae
2104 5347 2293 5405 verint
2320 5345 2598 5418 dogmata
2625 5341 2998 5418 compulsum
3024 5341 3097 5398 iri
3124 5341 3341 5414 sperat.
3367 5333 3767 5409 Epistolarum

338 5427 516 5503 primi
546 5430 806 5505 Epistola
832 5435 906 5492 ad
954 5433 1295 5490 Flavianum
1326 5433 1529 5487 contra
1568 5431 1901 5509 Eutychen;
1935 5437 1994 5496 in
2105 5438 2246 5497 ordo
2277 5437 2346 5491 ut
2375 5432 2545 5490 nobis
2571 5432 2786 5502 visum,
2810 5449 2881 5490 ex
2913 5432 3069 5489 Petri
3088 5428 3333 5488 Crabbei
3371 5422 3629 5483 editione
3673 5439 3767 5480 re-

341 5517 730 5599 Orthedoxoqr.
758 5524 841 5583 Jo.
874 5516 1105 5582 Herotdi
1128 5537 1187 5577 η.
1212 5518 1305 5576 57.

2106 5526 2326 5608 petitus
2352 5524 2464 5583 est.
2496 5521 2782 5581 Caeterum
2814 5522 2875 5582 in
2905 5525 3156 5598 utraque
3181 5520 3365 5597 parte,
3389 5514 3463 5575 ad
3495 5510 3763 5591 superio-
