4060 6180
257 263 330 323 77
673 253 1284 321 SCHCENEMANNI
1329 253 1652 320 NOTITIA
1698 252 2628 328 HISTORICO-LITTERARIA
2670 253 2749 316 IN
2794 254 2857 315 S.
2904 254 3251 318 LEONEM.
3592 255 3674 317 78

256 409 381 448 rum
405 389 736 447 editionum
766 389 1326 454 institutum,textus
1355 387 1560 444 Biblici
1590 392 1648 444 et
1674 387 1901 444 varian—
1932 388 1988 454 Α
2015 391 2195 458 gata;
2229 402 2331 457 per
2371 387 2655 441 canonicos
2708 387 2988 458 regulares
3019 387 3208 443 Sancti
3233 385 3461 444 Martini
3481 379 3676 461 appidi

258 487 339 537 tes
368 479 638 552 quaedam
670 479 734 534 in
760 477 1131 550 marginibus
1153 477 1390 548 adjectae
1423 482 1583 532 sunt.

328 570 481 624 1567.
518 567 761 624 Colonia
791 583 861 622 ea:
889 567 984 638 a/f.
1013 569 1094 623 lo.
1129 567 1400 635 Quentel.,
1423 567 1606 637 in-fol.
1639 563 1906 638 Epistolis

254 658 457 716 Leonis
486 673 653 729 papae
686 655 863 729 primi
893 660 951 712 et
979 654 1321 720 Decretalia,
1370 655 1430 710 in
1479 655 1688 713 Concil.
1733 652 1905 710 Colle-

248 751 422 804 ctione
450 747 717 802 Suriana.

317 836 477 891 1568.
510 837 753 891 Parisiis
802 833 948 906 apud
996 832 1162 890 Mich.
1215 833 1504 901 Sannium,
1546 831 1734 903 in-fol.
1772 831 1908 904 Epi-

247 925 408 982 stulae
438 924 655 981 Leonis
685 939 1011 996 papas,cum
1046 923 1337 978 Clementis
1363 921 1593 977 Romani
1622 921 1905 993 Operibus,

129 1088 133 1091 _
247 1016 452 1072 edente
479 1015 696 1070 Joanne
727 1011 1012 1067 Sichardo.

314 1104 476 1160 Hanc
508 1101 784 1158 adhibuit
815 1099 1184 1168 Quesnellus,
1219 1104 1394 1172 atque
1447 1098 1570 1154 hinc
1624 1099 1695 1154 de
1740 1113 1808 1155 ea
1844 1098 1905 1154 in

244 1194 420 1266 Praef.
448 1208 575 1264 gen.
611 1190 846 1246 monuit
879 1189 1212 1245 :«Juannes
1243 1187 1561 1244 Sichardus
1589 1186 1906 1243 Clementis

245 1281 492 1338 Romani
527 1279 719 1353 Opera
749 1277 999 1351 collegit,
1035 1278 1251 1350 quibus
1281 1282 1336 1332 et
1368 1280 1628 1332 veterum
1665 1276 1906 1348 pontifi-

245 1388 378 1426 cum
407 1365 969 1442 Pseudu-Epistulas
999 1367 1232 1438 adjecit.
1266 1369 1364 1420 Hs:
1396 1370 1531 1438 post
1561 1364 1760 1438 plures
1783 1365 1905 1421 edi-

241 1460 431 1515 tiones
462 1459 525 1513 in
557 1455 875 1514 Germania
902 1455 1150 1512 emissas
1183 1454 1421 1512 Parisiis
1469 1454 1647 1510 etiam
1673 1453 1904 1526 prodie-

241 1552 380 1604 runt
408 1547 577 1613 1568,
607 1563 733 1602 cum
775 1546 1028 1618 plurium
1072 1545 1489 1616 pontiﬁciarum
1534 1543 1906 1616 Epistolarum

235 1637 664 1708 praesertiqu
692 1635 887 1690 Leo-nis
917 1638 1092 1688 nostri
1121 1634 1444 1701 accessione,
1478 1648 1613 1703 quas
1644 1631 1714 1687 ad
1742 1631 1902 1703 ﬁdem

237 1731 485 1782 veterum
514 1725 920 1796 exemplarium
963 1724 1362 1780 Victorinorum
1401 1723 1684 1778 restitutas
1733 1723 1906 1792 [uisse
1933 1759 1981 1826 Β

238 1819 472 1870 testatur
503 1813 762 1870 editionis
794 1811 958 1883 hujus
985 1814 1308 1884 procurator
1335 1826 1664 1882 anonymus.
1699 1832 1728 1860 »
1768 1809 1903 1865 Cre-

236 1903 494 1959 diderim
526 1901 804 1974 equidem
832 1901 955 1956 haec
981 1901 1109 1971 ejus
1139 1899 1315 1956 verba
1341 1916 1457 1955 non
1491 1899 1573 1954 ita
1600 1915 1729 1955 esse
1759 1897 1906 1954 acci-

236 1993 550 2066 pienda,ut
580 1991 738 2046 hanc
768 1989 1155 2045 Parisiensem
1178 1988 1416 2044 demum
1439 1987 1754 2044 editionem
1778 1986 1904 2059 Epi-

235 2081 406 2138 stolis
427 2079 551 2136 illis
571 2077 991 2151 locupletatam
1009 2091 1137 2134 esse
1150 2074 1528 2147 voluerit,sed
1560 2092 1686 2148 quae
1709 2076 1779 2132 de
1808 2092 1904 2131 ac-

235 2171 509 2227 cessione
539 2167 774 2234 scribit,
805 2167 876 2223 ad
915 2165 1289 2223 Germanicas
1336 2182 1570 2238 quoque
1617 2165 1904 2223 editiones

236 2259 858 2322 traxerimﬂuatenus
883 2271 1018 2312 vero
1049 2255 1158 2311 huc
1187 2255 1470 2326 valeat,in
1499 2253 1902 2327 superioribus

239 2349 310 2404 ad
341 2365 398 2404 a.
431 2347 574 2402 1536
604 2343 966 2401 declaratum
998 2347 1106 2400 est.
1138 2342 1285 2407 Quid
1316 2343 1471 2414 quod
1507 2343 1774 2400 fortassis
1798 2359 1904 2398 nec

216 2436 679 2492 -Victurinorum
711 2431 978 2489 codicum
1008 2431 1512 2488 emendationibus
1543 2430 1733 2504 prima
1776 2430 1899 2504 glu-

234 2525 378 2580 riari
412 2523 603 2597 possit
634 2522 756 2578 haec
786 2520 1002 2577 editio?
1030 2520 1328 2576 Praecessit
1367 2519 1523 2576 enim
1569 2519 1902 2574 Parisiensis

233 2615 400 2686 apud
450 2612 709 2669 Carolam
759 2608 1010 2665 Guillard
1054 2609 1280 2665 viduam
1324 2609 1483 2674 1544,
1511 2606 1724 2674 in-ful.,
1774 2623 1900 2680 quae

231 2702 441 2758 nescio
473 2719 550 2757 an
583 2700 713 2756 fons
742 2697 904 2754 illius
937 2697 1297 2754 fuerit.Certe
1322 2695 1611 2768 Epistolas
1642 2695 1903 2752 Clemen-

229 2792 303 2848 tis
339 2808 422 2847 ει
450 2788 769 2845 Victorinis
799 2786 1099 2842 codicibus
1131 2785 1469 2842 emendatas
1490 2783 1702 2840 titulus
1729 2784 1903 2857 proﬁ-

228 2886 421 2946 tetur,
455 2893 632 2949 quem
662 2877 723 2931 in
752 2874 1050 2932 Addendis
1080 2875 1152 2930 ad
1184 2874 1463 2930 Ruﬁnum
1496 2873 1591 2946 (ad
1620 2890 1676 2946 p.
1699 2874 1804 2928 623
1831 2873 1898 2930 Τ.

229 2972 271 3041 1)
302 2969 380 3023 in
415 2970 574 3022 tumo
606 2965 775 3020 tertio
807 2951 1104 3018 dabimus.

300 3056 482 3112 1569.
544 3053 782 3108 Colonia:
830 3068 931 3124 per
985 3053 1211 3110 Μαι-εἰη.
1275 3051 1642 3116 Cholimnum,
1703 3049 1895 3121 in-fol.

2013 479 2064 530 et
2094 475 2390 548 academiw
2419 475 2788 532 Lavaniensis.
2821 474 3093 548 Epistula
3139 492 3192 532 a.
3241 476 3403 546 1575,
3437 476 3671 535 Sermo-

2016 579 2122 620 nes
2153 581 2206 620 a.
2242 565 2379 619 1577
2420 564 2780 636 prodierunt.
2813 564 2898 620 Ad
2952 580 3197 621 manum
3245 568 3335 621 est
3385 581 3503 622 non
3556 566 3672 626 nisi

2015 651 2288 708 volumen
2324 651 2508 724 prius,
2540 651 2781 708 editioni
2801 654 2954 709 Petri
2983 652 3192 708 Canisii
3219 653 3412 724 quoad
3434 657 3672 713 externa

2016 740 2334 814 persimile.
2365 740 2629 797 Praefatio
2661 741 2844 797 abest.
2877 741 3030 797 Num
3061 740 3228 798 alteri
3256 741 3542 799 volumini
3574 746 3647 802 ad

2017 829 2140 884 dita
2171 829 2266 898 sit,
2300 828 2514 886 nescio.
2549 834 2614 885 In
2649 829 2905 886 secunda
2933 833 3084 886 certe
3127 830 3381 888 editione
3428 834 3670 892 omnino

2015 917 2715 991 desideratur.Inscripsit
2743 934 2872 975 eam
2903 921 3100 974 tamen
3130 920 3364 976 Joannes
3407 921 3666 990 Ulimme-

2014 1008 2134 1061 rius
2165 1007 2325 1079 prior
2355 1007 2413 1062 S.
2450 1006 2708 1073 Martini,
2743 1007 2844 1079 qui
2872 1007 3093 1080 primas
3119 1012 3314 1080 partes
3367 1007 3546 1082 hujus
3575 1027 3670 1069 re-

2016 1095 2309 1152 censionis
2341 1095 2697 1152 sustinuisse
2725 1095 2974 1166 videtur,
3009 1097 3260 1154 .(rnoldo
3291 1096 3547 1155 Ganthois
3571 1101 3670 1158 ab—

2016 1183 2138 1239 bati
2167 1184 2506 1242 monasterii
2539 1185 2955 1254 Marcenensis,
2978 1187 3302 1258 praedicans
3332 1185 3393 1243 in
3421 1188 3671 1262 epistola

2015 1274 2152 1329 data
2181 1274 2419 1331 Lovanii
2463 1274 2730 1331 kalendis
2772 1274 3021 1348 Augusti
3055 1275 3196 1332 1575
3229 1293 3242 1333 :
3273 1274 3669 1349 Epistolarum

2012 1360 2227 1418 librum
2263 1380 2374 1419 ms.
2407 1363 2694 1420 Johannis
2717 1363 3024 1433 Wamesii,
3044 1363 3200 1436 juris
3231 1365 3541 1439 utriusque
3570 1367 3671 1425 du-

2013 1452 2213 1519 ctoris,
2247 1457 2305 1508 et
2325 1451 2480 1523 juris
2511 1451 2792 1525 pontiﬁcii
2825 1452 2884 1509 in
2922 1453 3267 1510 Lovaniensi
3293 1453 3710 1514 universitate.

2012 1541 2384 1612 professoris.

2086 1631 2242 1685 1578.
2274 1631 2508 1688 Basileaz
2552 1647 2623 1687 ea:
2667 1632 2761 1703 o/f.
2809 1631 2973 1688 Henr.
3025 1633 3200 1703 Petri,
3246 1632 3419 1690 in-8°.
3454 1633 3668 1690 Leonis

2013 1718 2207 1792 Magni
2232 1719 2486 1792 Epistula
2515 1720 2586 1775 ad
2621 1719 2960 1776 Flavianum
2991 1723 3185 1777 Graeco
3234 1720 3462 1791 Latina,
3494 1725 3665 1779 recto

2013 1807 2149 1863 ﬁdei
2179 1807 2486 1876 columna;
2517 1825 2650 1864 cum
2697 1810 2987 1878 Legatione
3032 1810 3166 1882 imp.
3215 1809 3356 1868 Cas.
3398 1811 3665 1868 Manuelis

2015 1896 2274 1953 Comneni
2302 1897 2372 1953 ad
2397 1899 2700 1964 Armenios,
2730 1898 2822 1955 ed.
2857 1915 2909 1954 a.
2943 1899 3268 1956 Leunctavio
3290 1915 3346 1957 a.
3376 1894 3434 1974 p’.
3464 1899 3569 1960 469
3587 1901 3661 1959 ad

2009 1987 2137 2042 227.

2083 2074 2244 2131 4583.
2275 2077 2590 2148 Antuerpiw
2642 2077 2789 2149 apud
2844 2078 3162 2150 Philippum
3217 2079 3466 2146 Nutium,
3487 2076 3549 2134 in
3580 2079 3660 2146 8°,

2011 2162 2188 2220 tumis
2220 2165 2288 2221 ll.
2321 2165 2508 2238 Opera
2535 2165 2602 2221 D.
2635 2165 2842 2222 Leonis
2875 2166 2952 2222 M.
2987 2183 3092 2240 per
3113 2167 3428 2225 canonicos
3455 2179 3574 2239 reg.
3599 2165 3661 2223 Β.

2012 2252 2268 2321 Martini,
2297 2257 2432 2322 etc.,
2465 2271 2533 2310 ex
2564 2255 2985 2327 manuscriptis
3016 2254 3318 2312 codicibus
3357 2255 3665 2312 emendata

2011 2358 2147 2398 cum
2178 2342 2474 2400 indicibus
2504 2344 2690 2400 novis.

2081 2430 2186 2485 Hic
2216 2434 2304 2486 est
2319 2430 2528 2486 titulus
2545 2432 2687 2486 tumi
2706 2432 2880 2504 primi
2900 2447 3002 2488 seu
3020 2429 3663 2506 Sermonum;Epistulaa

2009 2517 2416 2574 inscribuntur
2443 2518 2503 2574 in
2534 2518 2744 2591 prima.
2769 2522 2836 2575 At
2860 2519 3063 2577 charta
3090 2524 3266 2594 atque
3296 2519 3662 2578 characteres

2011 2607 2318 2664 nitidiores
2349 2612 2491 2664 sunt
2521 2624 2586 2663 ac
2609 2605 2793 2664 illius.

2080 2697 2240 2753 4585.
2294 2699 2523 2754 Venetiis
2570 2697 2718 2769 apud
2765 2698 3035 2754 Dominic.
3083 2694 3418 2767 Nicolinum,
3466 2697 3661 2770 in-fol,

2011 2787 2221 2843 Leonis
2250 2785 2522 2859 Epistula:
2547 2785 2898 2855 decretales;
2948 2789 3010 2842 in
3061 2786 3370 2844 Concilium
3416 2790 3665 2844 omnium

2007 2875 2354 2932 Collectione
2399 2891 2501 2948 per
2551 2876 2843 2932 catholicos
2889 2877 3176 2949 quosdam
3224 2876 3493 2947 theologos
3537 2879 3662 2948 (pu-

2007 2965 2307 3021 tissimum
2335 2965 2603 3020 Dominic.
2637 2965 2911 3020 Polanum
2940 2968 3143 3021 Venet.
3194 2965 3321 3021 0rd.
3373 2965 3661 3037 Prasdic.).

2081 3054 2241 3110 4588.
2274 3053 2525 3125 Lugduni
2570 3069 2639 3108 ex
2685 3055 2777 3126 off.
2825 3056 3138 3120 Iuniarum,
3176 3056 3239 3109 in
3293 3054 3392 3126 fol.
3452 3053 3662 3112 Leonis

233 3145 461 3202 Leonis
492 3144 803 3198 Sermones
833 3141 1056 3212 aliquot
1085 3140 1286 3212 (XXI);
1341 3143 1402 3195 in
1443 3139 1766 3196 Homiliario
1796 3137 1891 3193 do-
1921 3129 1965 3198 C
2003 3144 2313 3200 Sermones
2341 3144 2583 3213 aliquot;
2613 3141 2674 3198 in
2704 3143 3036 3201 Bibliotheca
3064 3143 3426 3200 homiliarum
3454 3152 3507 3199 et
3545 3151 3665 3202 ser-

232 3240 463 3290 ctorum
490 3231 880 3286 catholicorum
907 3228 1137 3286 selectis
1165 3228 1428 3285 homiliis
1459 3232 1629 3284 auctu
1658 3231 1715 3283 et
1743 3225 1899 3283 edito

235 3341 270 3380 a
296 3322 610 3378 Laurentio
641 3319 821 3376 Suria.
852 3320 933 3376 Jo.
975 3318 1292 3390 Ciampinus
1335 3317 1540 3373 Leonis
1589 3316 1900 3372 Sermones

237 3413 356 3469 huc
393 3427 547 3466 anno
577 3414 636 3465 et
663 3407 787 3464 loco
817 3411 874 3463 et
898 3407 1007 3462 hac
1054 3406 1240 3463 forma
1279 3406 1486 3473 editos,
1511 3403 1674 3460 nulla
1703 3403 1903 3459 addita

239 3499 635 3563 collectionis,
685 3496 778 3553 cui
829 3495 1033 3552 inserti
1078 3500 1294 3563 essent,
1346 3493 1642 3550 mentione
1678 3491 1900 3548 laudat.

241 3596 551 3662 lntegram
571 3587 702 3643 ideo
719 3586 1032 3642 editionem
1056 3585 1302 3640 seorsim
1321 3583 1536 3640 factam
1559 3581 1726 3637 innui
1751 3579 1902 3638 exis-

242 3680 461 3735 timare
487 3674 704 3747 aliquis
741 3677 958 3746 posset,
1009 3672 1070 3728 in
1116 3672 1325 3745 primis
1374 3687 1509 3727 cum
1553 3687 1669 3725 non
1723 3686 1902 3724 manu

245 3772 484 3823 tantum
517 3763 797 3830 tenuisse,
831 3762 932 3818 sed
965 3765 1238 3818 accurata
1267 3759 1585 3816 attentione
1607 3757 1820 3831 legisse
1843 3773 1906 3814 se

248 3856 532 3911 afﬁrmet.
565 3852 675 3908 Sed
707 3851 828 3908 haec
858 3855 924 3907 nt
953 3854 1166 3906 caeteras
1211 3849 1319 3904 viri
1366 3848 1526 3904 illius
1565 3846 1906 3921 promissio-

253 3963 360 4001 nes
387 3960 550 4000 vanae
583 3944 744 4011 sunt,
776 3940 991 4013 quippe
1021 3939 1122 4012 qui
1156 3939 1329 3994 unius
1353 3938 1511 3993 vocis
1549 3953 1691 3992 cura
1736 3951 1910 3994 occu-t

255 4040 452 4106 patus,
473 4031 546 4087 ad
578 4030 695 4087 alia
723 4046 837 4085 non
868 4028 982 4085 nisi
1013 4027 1330 4084 desultorie
1355 4027 1620 4083 advertit.

333 4122 497 4178 1569.
531 4119 769 4176 Βαεὶιεέε
807 4135 912 4190 per
955 4119 1174 4174 Henric.
1223 4117 1397 4184 Petri,
1459 4116 1647 4187 in-fol.
1698 4113 1910 4170 Leonis

261 4227 424 4284 papae
455 4214 481 4264 Ι
514 4207 770 4281 Epistula
797 4207 871 4263 ad
916 4206 1276 4273 Flavianum,
1329 4211 1531 4261 contra
1573 4203 1911 4277 Eutychen;

261 4302 324 4354 in
355 4300 589 4354 Ianum.
623 4295 980 4367 Orthodoxgr.
1015 4297 1128 4352 Jac.
1160 4295 1418 4368 Grynaei,
1447 4311 1504 4366 p.
1538 4295 1625 4348 41.

348 4384 504 4441 1572.
530 4386 737 4456 Figuri,
769 4385 953 4456 in-fol.
987 4382 1198 4440 Leonis
1227 4383 1485 4456 episcopi
1511 4379 1760 4438 Romani
1790 4378 1912 4452 epi-

271 4473 441 4530 stolae
471 4473 606 4539 duae,
638 4490 758 4529 una
786 4473 859 4528 ad
884 4471 1224 4528 Flavianum
1248 4471 1428 4544 episc.
1470 4469 1910 4540 Constantinup.

267 4566 482 4619 contra
512 4561 792 4635 Eutychen
811 4560 1014 4629 ;altera
1043 4560 1115 4616 ad
1149 4561 1400 4616 Leonem
1432 4561 1764 4632 Augustum
1788 4571 1917 4612 con-

261 4653 363 4708 tra
385 4651 628 4706 Nestorii
659 4655 717 4706 et
746 4649 1086 4722 Eutychetis
1119 4647 1705 4720 blasphemias;inter
1731 4645 1916 4717 Scrip-

262 4749 323 4797 ta
354 4744 594 4796 veterum
624 4741 822 4795 Latina
844 4739 910 4794 de
931 4755 1045 4794 una
1071 4753 1302 4812 persona
1346 4745 1398 4792 ct
1443 4735 1652 4792 duabus
1702 4735 1919 4790 naturis

262 4829 507 4897 Domini,
538 4832 652 4884 etc.
687 4827 778 4883 ed.
804 4844 839 4881 a
863 4828 1028 4883 Josua
1054 4826 1304 4892 Simlero,
1331 4843 1389 4897 p.
1414 4825 1504 4880 74.

347 4920 501 4975 1575.
539 4918 794 4982 Venetiis,
829 4916 1023 4988 in-fol.
1057 4915 1114 4970 S.
1153 4913 1360 4970 Leonis
1410 4914 1741 4973 Sermones.
1773 4921 1918 4974 Auc-

262 5014 366 5066 tor
390 5011 479 5064 est
510 5006 852 5078 Ciampinus,
885 5004 984 5060 sed
1017 5021 1133 5059 non
1167 5001 1476 5074 significat,
1512 5006 1709 5060 utrum
1760 5023 1922 5063 seor-

264 5097 385 5152 sim
415 5112 489 5151 an
520 5096 580 5148 in
613 5092 957 5150 collectione
987 5091 1186 5163 aliqua
1215 5090 1558 5162 prodierint.

345 5185 609 5239 1575-77.
639 5183 874 5238 Lovanii
922 5179 1076 5252 apud
1118 5179 1340 5234 Hieron.
1395 5179 1676 5237 Wellwum
1729 5183 1800 5238 ad
1843 5186 1926 5239 in-

264 5275 504 5344 tersigne
548 5272 888 5339 Diamantis,
937 5267 1234 5326 excudente
1277 5267 1488 5324 Joanne
1532 5270 1719 5340 Musio,
1761 5272 1923 5341 iri-8°,

266 5364 430 5419 tomis
457 5365 531 5418 II.
556 5361 624 5417 D.
657 5359 870 5417 Leonis
899 5375 1061 5431 papae
1089 5357 1270 5428 hujus
1303 5357 1560 5414 nominis
1584 5359 1759 5430 primi
1791 5363 1928 5434 Epi-

265 5451 417 5507 stole
439 5450 733 5508 secretales
761 5456 818 5504 et
843 5447 1154 5519 familiares
1185 5444 1490 5518 (Sermones
1521 5450 1578 5503 et
1623 5449 1924 5522 Homiliae),

266 5557 309 5601 a
335 5541 561 5610 mendis
590 5543 650 5603 et
679 5535 936 5600 maculis
960 5535 1142 5598 variis
1173 5533 1516 5612 diligentius
1545 5553 1702 5598 nunc
1730 5527 1930 5618 repur-

2007 3249 2233 3289 monum
2252 3233 2565 3304 priscorum
2592 3234 2701 3288 PP.
2735 3233 3024 3290 Laurentii
3047 3232 3288 3291 Gumdii.
3320 3233 3412 3290 ed.
3436 3236 3493 3290 et
3522 3249 3655 3306 per-

2008 3323 2159 3379 fecta
2186 3339 2221 3378 a
2249 3321 2339 3378 Ge.
2365 3321 2599 3377 Mosano.

2081 3411 2243 3469 1594.
2273 3413 2451 3468 Romae
2480 3427 2549 3467 cx
2575 3411 2788 3468 aedibus
2806 3412 2934 3483 Pop.
2968 3412 3120 3468 Rom.
3154 3411 3658 3477 exc.Ge.Ferrario,

2009 3501 2220 3572 in-fol..
2253 3504 2308 3554 8.
2338 3499 2547 3556 Leonis
2594 3504 2621 3554 Ι
2668 3499 2935 3571 Epistula:
2979 3500 3321 3570 decretales,
3372 3500 3434 3556 in
3476 3499 3663 3556 Colle-

2010 3589 2198 3645 ctione
2227 3589 2596 3660 Epistolarum
2625 3587 2981 3643 decretalium
3025 3604 3368 3643 summorum
3414 3588 3661 3659 ponti/72,

2012 3679 2332 3736 adornante
2363 3677 2522 3732 card.
2555 3676 2787 3732 Antonio
2819 3677 3043 3748 Carafa,
3068 3692 3248 3749 quam
3269 3675 3486 3749 publici
3507 3674 3666 3746 juris

2013 3767 2148 3823 fecit
2176 3767 2447 3822 Antonius
2476 3763 2541 3821 de
2569 3766 2802 3836 Aquino.

2085 3854 2386 3927 Splendidi
2417 3853 2596 3926 hujus
2629 3853 2821 3926 operis
2841 3852 3260 3911 vetustissimis
3289 3857 3348 3910 et
3377 3852 3669 3909 Vaticanus

2014 3943 2398 4012 bibliothecae,
2433 3946 2490 3998 et
2519 3943 2650 3998 aliis
2681 3943 2991 4015 permultis
3021 3960 3165 4000 mss.
3199 3942 3500 4000 codicibus
3541 3959 3674 4015 per‘

2017 4033 2172 4102 fecti,
2199 4031 2427 4106 copiam
2458 4031 2627 4088 nobis
2659 4032 2862 4088 deesse
2910 4031 3285 4088 vehementer
3335 4030 3522 4088 doleo.
3560 4031 3674 4088 Sed

2017 4123 2147 4180 vide
2175 4123 2329 4178 infra
2359 4138 2487 4193 quae
2519 4121 2591 4176 ad
2625 4121 2978 4177 mentionem
3011 4121 3352 4178 Collectionis
3378 4120 3673 4177 Bullarum

2023 4211 2457 4284 Cocqueliniana:
2483 4209 2787 4280 docentur.

2093 4299 2254 4356 1569.
2287 4301 2470 4356 Romae
2519 4300 2664 4370 typis
2715 4299 2973 4369 Congreg.
3022 4298 3198 4368 0rat.,
3249 4297 3434 4369 in-fol.
3468 4295 3679 4354 Leonis

2021 4387 2292 4460 Epistolas
2321 4388 2533 4457 aliquot
2560 4386 2792 4442 antehac
2819 4403 2932 4440 non
2957 4385 3216 4448 editwﬁn
3245 4386 3478 4442 Baronii
3494 4385 3681 4441 Anna-

1943 4498 1993 4566 Ι)
2024 4479 2166 4534 libus
2197 4475 2346 4532 T.VI.
2379 4475 2671 4531 Nimirum
2709 4482 2761 4530 1°
2782 4474 2858 4566 ad
2887 4476 3159 4566 episcopos
3183 4489 3284 4546 per
3306 4473 3682 4566 arelatensem

2027 4566 2226 4622 Galliae
2246 4566 2589 4637 provinciam
2617 4564 2954 4632 constitutos,
2986 4563 3049 4618 id
3081 4561 3465 4634 sequentibus
3494 4562 3588 4619 ed.
3616 4579 3680 4618 n.

2028 4657 2150 4720 106,
2184 4655 2255 4709 ad
2289 4671 2340 4708 a.
2374 4653 2498 4719 449,
2531 4669 2588 4706 n.
2623 4651 2714 4720 46,
2765 4668 2834 4706 ex
2883 4650 3124 4723 antiquo
3171 4650 3371 4706 codice
3413 4650 3682 4707 Ecclesiae

2024 4741 2409 4809 Arelatensis;
2440 4744 2500 4796 2°
2527 4740 2596 4796 ad
2625 4741 2970 4796 Ravennium
2999 4739 3367 4796 Arelatensem
3395 4740 3559 4811 episc.
3587 4739 3683 4809 ,ad

2029 4849 2081 4887 a.
2115 4831 2240 4902 449,
2289 4848 2348 4885 n.
2397 4832 2486 4897 62,
2539 4845 2608 4885 ex
2656 4829 2860 4884 eodem
2908 4828 3106 4885 codice
3147 4829 3287 4896 207;
3337 4827 3396 4882 3°
3437 4828 3688 4901 Epistola

2029 4919 2569 4991 comprovincialium
2599 4919 2973 4990 episcoporum
2999 4918 3312 4989 metropolis
3331 4917 3687 4987 Arelatensis,

2031 5009 2102 5065 ad
2139 5025 2190 5064 a.
2224 5009 2347 5074 450,
2383 5024 2440 5061 n.
2474 5007 2568 5074 52,
2600 5023 2669 5062 ex
2698 5006 2902 5062 eodem
2932 5007 3090 5064 fonte
3121 5006 3302 5078 (408);
3346 5007 3406 5061 4ο
3450 5003 3692 5078 Epistula

1943 5156 1958 5167 κ
2033 5097 2225 5154 Leonis
2253 5095 2324 5150 ad
2353 5096 2622 5166 episcopos
2646 5095 3127 5168 comprovinciales
3155 5094 3469 5167 metropolis
3497 5091 3690 5149 Arela-

2034 5186 2218 5250 tensis,
2253 5184 2321 5239 ad
2351 5200 2402 5239 a.
2437 5185 2564 5249 (:50,
2595 5200 2655 5238 n.
2687 5185 2757 5238 57
2784 5185 2968 5256 (109);
3001 5185 3060 5240 5°
3088 5183 3160 5240 ad
3189 5182 3533 5239 Ravennium
3559 5181 3691 5237 Are-

2035 5274 2293 5329 latensem
2321 5271 2788 5344 archiepiscopum
2818 5272 2988 5346 (219),
3022 5289 3091 5329 ex
3133 5271 3336 5328 eodem
3386 5282 3499 5325 ms.
3532 5267 3696 5342 pari-

2030 5365 2121 5418 ter
2153 5365 2422 5433 utraque.

2649 5448 2890 5506 SECULO
2928 5465 3066 5504 xvn.

2105 5539 2267 5600 1604.
2322 5538 2612 5614 Moguntina
2658 5537 2805 5616 apud
2865 5537 3114 5611 Balthas,
3170 5534 3433 5614 Lippium
3486 5538 3691 5613 sumpt.
