4092 6178
351 367 433 443 83

769 376 1369 444 SGHCENEMANNI
1414 376 1735 440 NOTITIA
1779 368 2711 438 HlSTORIGO-LITTEBABIA
2753 374 2836 436 IN
2879 373 2946 436 S.
2991 373 3335 439 LEONEM.
3677 373 3758 433 84

350 519 509 577 atere
537 519 626 575 est
649 531 940 588 expressa.
954 513 1206 571 Alteram
1224 511 1393 585 quasi
1406 511 1547 569 torni
1577 509 1752 582 primi
1774 510 1998 582 partem
2027 502 2086 572 Α
2112 504 2306 560 Gratia
2324 506 2424 588 Dei
2448 513 2500 562 et
2526 507 2717 562 Libero
2763 506 3059 563 voluntatis
3099 505 3341 563 Arbitrio
3390 506 3568 563 eidem
3610 523 3756 563 asse-

353 603 935 676 conﬁciuntEpistolle
965 603 1090 670 131,
1114 602 1174 657 in
1206 602 1424 673 quibus
1456 617 1629 672 quam
1660 615 1721 654 se
1743 596 2002 671 praestita

354 693 475 752 sint
503 693 627 766 ipse
656 692 728 748 ad
758 706 860 747 sex
888 690 1198 763 sequentia
1227 690 1419 762 capita
1445 689 1656 755 refert;
1689 690 1744 742 1°
1783 685 2001 758 Rejecit

351 781 586 855 spurias
615 783 673 836 et
698 779 1069 848 subdititias;
1100 782 1161 834 2°
1189 795 1222 834 a
1242 776 1536 850 germanis
1560 776 1911 831 mendorum
1942 776 2001 830 et

352 868 873 942 interpolationum
896 866 1158 923 maculas
1181 865 1487 934 abstersit;
1509 867 1569 920 3ο
1588 865 1852 921 ordinem
1875 880 2000 918 mu-

349 958 496 1016 tavit
523 961 582 1014 et
608 957 680 1014 ad
706 956 1028 1030 genuinum
1059 956 1376 1023 revocavit;
1408 957 1467 1010 4ο
1495 954 1656 1010 auxit
1687 969 1999 1008 numerum

349 1046 612 1122 plurium
641 1044 884 1118 triginta
903 1044 1084 1100 trium
1109 1043 1469 1113 accessione;
1496 1045 1556 1099 5°
1575 1059 1745 1098 suam
1766 1041 1997 1114 cuique,

350 1140 419 1192 ut
445 1135 505 1192 in
524 1134 904 1191 Sermonibus
916 1150 1168 1207 quoque,
1181 1133 1461 1206 synopsin
1473 1131 1738 1204 praefixit;
1757 1132 1814 1187 6'
1828 1133 2000 1204 quot-

351 1227 494 1298 quot
523 1223 595 1280 ah
626 1222 758 1280 aliis
788 1223 861 1279 ad
895 1223 1148 1278 Leonem
1181 1223 1329 1278 datae
1361 1225 1500 1277 sunt
1545 1220 1836 1293 Epistolas,
1871 1236 1998 1292 quae

346 1311 536 1387 ipsius
565 1311 1049 1385 responsionibus
1064 1311 1458 1384 intelligendis
1480 1326 1631 1382 saepe
1651 1312 1998 1366 suntneces-

348 1400 540 1473 sarias,
570 1398 715 1457 locis
744 1400 871 1457 suis
902 1399 1173 1469 inseruit,
1203 1399 1286 1455 ita
1311 1403 1375 1454 ut
1406 1398 1620 1454 minori
1667 1397 2000 1454 charactere

350 1489 519 1548 facile
548 1507 583 1546 a
615 1487 888 1546 Looninis
911 1487 1343 1544 discernantur.
1361 1487 1676 1544 Commode
1695 1503 1828 1543 vero
1842 1485 1996 1554 fecit,

349 1578 506 1652 quod
536 1592 850 1635 numerum
872 1576 1017 1648 ipsis
1049 1593 1164 1633 non
1195 1577 1503 1633 addiderit.
1521 1577 1826 1633 Peccatum
1840 1575 2000 1632 estin

348 1664 461 1722 hoc
493 1665 565 1722 ab
595 1663 872 1720 omnibus
897 1663 1016 1718 fere
1040 1661 1464 1736 insignioribus
1500 1663 1735 1719 Patrum
1767 1663 2001 1720 editori-

243 1789 246 1792 -
347 1755 483 1822 bus,
533 1753 902 1823 maximeque
961 1749 1373 1820 Benedictinis,
1414 1755 1480 1807 ut
1529 1753 1805 1808 continuo
1861 1769 1997 1808 cum

349 1840 654 1916 scriptoris
684 1840 777 1896 sui
805 1838 1199 1912 Epistolarum
1235 1856 1478 1896 numero
1508 1840 1849 1896 exhiberent
1897 1857 1996 1897 eas

347 1949 476 2005 quae
498 1931 570 1988 ah
597 1928 726 1986 aliis
753 1928 824 1984 ad
854 1927 1024 1984 illum
1054 1928 1200 1983 datae
1231 1933 1446 1995 essent,
1479 1930 1635 2000 quod
1667 1945 1817 2002 saepe
1839 1929 1996 1986 evol-

345 2019 504 2077 venti
533 2019 648 2075 ista
675 2016 977 2074 volumina
1005 2016 1424 2089 permolestum
1456 2017 1686 2086 accidit,
1709 2017 1769 2073 in
1788 2017 1995 2090 primis

350 2125 486 2166 cum
517 2107 813 2164 indicibus
842 2104 1117 2178 praefixis,
1148 2105 1210 2160 in
1242 2106 1459 2178 quibus
1491 2105 1852 2163 diversarum
1875 2107 1996 2163 edi-

347 2197 579 2255 tionum
610 2194 842 2252 ordines
868 2194 1320 2263 contenduntur,
1355 2211 1471 2250 non
1489 2195 1713 2251 occurri
1734 2195 1872 2252 huic
1909 2195 1997 2252 in-

353 2285 662 2344 commodo
688 2283 908 2340 videas.
943 2281 1131 2339 Unam
1163 2299 1232 2338 ex
1269 2285 1403 2338 ante
1451 2282 1624 2340 editis
1667 2284 1998 2357 epistolam,

350 2376 428 2434 ad
455 2375 876 2434 Germaniarum
902 2377 955 2429 et
987 2371 1292 2428 Galliarum
1318 2373 1586 2444 episcopos
1613 2372 1679 2429 de
1711 2374 1999 2445 Chrorepi-

354 2465 546 2540 scopis,
579 2466 864 2535 tanquam
881 2478 948 2518 su
959 2461 1316 2534 pposititiam
1346 2460 1584 2517 omnino
1601 2462 1830 2533 rejecit:
1855 2479 2002 2534 thB-

351 2559 630 2627 tereaque
658 2549 971 2624 septimam
991 2550 1066 2606 ad
1094 2549 1418 2622 Septimium
1435 2553 1494 2606 et
1521 2549 1809 2607 decimam
1832 2551 2004 2624 septi-

357 2655 518 2700 mam
546 2640 622 2699 ad
647 2641 928 2698 uniuersos
974 2639 1183 2696 Sicilia:
1227 2640 1496 2710 episcopos
1525 2655 1594 2695 ex
1634 2639 2001 2712 reliquorum

353 2747 602 2790 numero
629 2728 1046 2803 expungendos
1065 2726 1313 2793 censuit,
1336 2725 1532 2782 locum
1554 2730 1748 2782 tamen
1771 2728 1858 2784 eis
1879 2745 2002 2784 ser-

350 2821 527 2890 vavit,
559 2835 632 2876 ne
656 2819 960 2876 doctorum
985 2815 1208 2888 judicio
1259 2815 1640 2888 praejudicare
1685 2817 2000 2885 videretur,

351 2910 594 2982 Adjecta
605 2909 744 2964 sunt
763 2906 1091 2980 fragmenta
1109 2903 1379 2976 quaedam
1391 2903 1785 2976 Epistolarum
1802 2908 1859 2961 et
1871 2907 2001 2978 Epi-

350 2999 492 3056 stola
535 2996 754 3055 Iuliani
799 2994 1037 3068 episcopi
1093 2993 1331 3060 Coensis,
1392 2993 1564 3048 unica
1621 3009 1748 3065 quae
1800 2999 2002 3054 restat.

351 3085 587 3144 Claudit
614 3083 867 3156 denique
890 3081 1048 3138 hunc
1075 3085 1303 3138 tomum
1341 3083 1460 3138 Vita
1489 3081 1547 3138 S.
1579 3083 1788 3138 Hilarii
1813 3084 2000 3140 Arela-

352 3176 521 3233 tensis
548 3174 804 3246 episcopi,
827 3170 1112 3244 scriptore
1141 3170 1201 3226 S.
1224 3169 1516 3225 Honorato
1545 3169 1816 3243 episcopo
1847 3171 1999 3228 Mas~

2108 595 2311 650 rendis.
2347 586 2441 649 IV.
2475 597 2549 650 De
2577 596 2760 652 libello
2792 596 2862 651 ad
2891 597 3310 664 Demetriadem,
3342 597 3480 668 quod
3507 597 3759 669 ejusdem

2109 684 2304 738 Leonis
2332 685 2422 752 sit,
2453 700 2562 739 non
2592 687 2869 756 Prosperi.
2902 685 2974 742 V.
2996 685 3339 757 Apologetica
3383 689 3458 741 est
3481 702 3583 757 pro
3629 702 3760 741 san-

2107 779 2188 828 cto
2216 773 2429 828 Hilario
2475 773 2778 830 Arelatensi
2817 776 3082 847 episcopo.
3132 775 3227 830 VI.
3259 777 3337 831 De
3378 775 3593 847 Jejunio
3621 774 3757 830 Sab-

2109 860 2223 916 bati
2251 863 2312 915 in
2331 862 2572 917 Ecclesia
2602 864 2852 918 Romana
2882 867 3118 935 tempore
3161 863 3216 918 S.
3267 865 3460 919 Leonis
3484 865 3754 936 prazcipit.

2107 950 2211 1004 VII
2237 951 2313 1006 De
2365 953 2549 1007 Causa
2601 952 2860 1022 Eutychis
2907 951 3360 1008 archimandritas
3418 951 3510 1025 Cp.
3573 953 3756 1024 appel-

2109 1038 2276 1094 lantis
2295 1055 2329 1094 a
2356 1041 2627 1095 sententia
2659 1039 2894 1096 Concilii
2923 1041 3016 1113 Cp.
3047 1041 3145 1096 sub
3165 1042 3427 1097 Flaviano
3455 1043 3616 1113 episc.
3659 1041 3753 1112 Cp.

2107 1130 2351 1199 exponit.
2383 1129 2448 1184 In
2479 1128 2628 1184 VIII.
2661 1130 2732 1185 De
2759 1146 2926 1185 causa
2954 1131 3217 1186 Flavium
3241 1132 3485 1202 episcopi
3529 1134 3625 1202 Cp.
3657 1147 3755 1202 ap-

2103 1218 2366 1290 pellantis
2399 1235 2432 1273 a
2462 1221 2734 1274 sententia
2763 1219 3164 1291 Pseudosynodz
3207 1220 3514 1291 Ephesime.
3563 1221 3625 1274 In
3683 1219 3757 1275 IX

2109 1308 2184 1362 De
2211 1323 2377 1362 causa
2407 1308 2626 1363 Domini
2654 1309 2891 1380 episcopi
2937 1306 3262 1364 Antiocheni
3304 1308 3534 1380 depositi
3570 1310 3632 1364 in
3659 1324 3757 1363 ea-

2106 1395 2228 1451 dem
2255 1395 2690 1468 Pseudosynodo,
2722 1396 2857 1452 etde
2885 1397 3115 1452 Maximi
3143 1400 3204 1452 in
3230 1397 3349 1469 ejus
3401 1397 3577 1453 locum
3614 1398 3760 1454 ordi-

2105 1487 2348 1542 natione.
2381 1486 2445 1542 In
2475 1487 2539 1541 X.
2567 1487 2638 1542 De
2664 1502 2831 1541 causa
2861 1486 3196 1542 Theodoritie
3224 1487 3466 1559 episcopi
3496 1486 3628 1558 Cyri
3655 1504 3755 1560 ap-

2101 1575 2364 1646 pellantis
2391 1574 2460 1630 ab
2489 1573 2734 1647 ejusdem
2753 1575 2964 1631 Pseudo
3011 1576 3208 1647 synodi
3235 1578 3509 1632 sententia
3543 1576 3756 1648 agitur.

2106 1663 2208 1719 XI.
2249 1665 2547 1735 Epistolam
2570 1664 2636 1720 de
2655 1665 2975 1734 Privilegiis
2994 1663 3606 1736 chrorepiscoporumad
3630 1665 3759 1720 Ger-

2105 1754 2420 1808 maniarum
2443 1757 2494 1808 et
2525 1751 2832 1808 Galliarum
2859 1755 3132 1825 episcopos
3159 1755 3352 1810 Leonis
3380 1756 3602 1810 nomine
3629 1770 3759 1810 con-

2103 1840 2292 1911 ﬁctam
2319 1856 2432 1896 esse
2461 1839 2778 1895 contendit.
2802 1840 2940 1896 Post
2969 1841 3410 1898 dissertationes
3441 1845 3751 1915 notasque,

2102 1927 2348 1984 addenda
2378 1928 2628 1999 quaedam
2652 1929 2712 1983 in
2739 1937 2966 2002 utroque
3003 1933 3146 1986 tomo
3191 1934 3249 1986 et
3296 1932 3496 1987 notitia
3546 1932 3759 2003 aliquot

2102 2017 2477 2089 Epistolarum
2547 2016 2601 2072 S.
2659 2019 2853 2074 Leonis
2891 2027 2942 2074 et
2988 2019 3227 2075 aliorum
3271 2023 3758 2088 monimentorum,

2107 2123 2227 2178 quae
2243 2113 2553 2178 perierunt,
2589 2111 2944 2179 sequuntur.

2177 2194 2498 2268 Descriptio
2528 2194 2713 2251 totius
2750 2195 2942 2268 operis
2973 2199 3062 2252 est
3092 2194 3547 2269 elegantissima.
3572 2197 3749 2255 Char-

2106 2287 2178 2339 tae
2210 2283 2449 2339 maximi
2479 2283 2724 2352 moduli,
2757 2285 2950 2340 densae
2981 2289 3037 2341 et
3067 2285 3368 2358 pellucidae
3381 2291 3599 2356 tamen,
3623 2288 3757 2344 cha-

2107 2373 2360 2428 rectores
2390 2372 3080 2430 nitidissimi.Lectorum
3100 2376 3502 2432 commoditati
3537 2376 3755 2449 ubique

2108 2465 2484 2533 prospectum
2515 2466 2625 2531 est,
2659 2461 2719 2517 in
2745 2462 2954 2534 primis
2982 2462 3041 2518 in
3072 2463 3370 2536 Epistolis,
3405 2466 3674 2538 apposita
3698 2467 3757 2521 in

2111 2566 2345 2605 summa
2376 2550 2603 2624 pagina:
2624 2567 2726 2606 ora
2741 2549 3134 2625 chronologia,
3158 2556 3214 2609 et
3230 2553 3448 2626 ubique
3469 2555 3683 2611 notatis
3697 2555 3759 2611 in

2111 2639 2375 2711 margine
2403 2639 2693 2710 gravioris
2711 2641 3158 2713 momenti,qum
3171 2641 3408 2713 quidem
3441 2643 3759 2701 Pontiﬁciis

2111 2725 2386 2783 aestimari
2419 2725 2625 2793 solent,
2645 2727 2972 2797 sententiis,
3001 2729 3216 2800 quibus
3243 2730 3464 2803 passim
3481 2730 3758 2789 lectiones

2109 2815 2300 2871 varias
2332 2819 2389 2870 et
2417 2813 2544 2871 loca
2573 2814 2789 2872 biblica
2808 2815 3166 2890 interspersa
3186 2818 3468 2876 invenies.
3494 2819 3766 2894 Singula-

2111 2903 2192 2960 ris
2221 2903 2470 2977 exempli
2499 2907 2589 2960 est
2617 2904 2902 2962 dedicatio
2925 2906 3137 2978 operis,
3169 2923 3287 2980 qua
3315 2909 3427 2981 ipsi
3444 2909 3616 2965 Leoni
3640 2910 3762 2966 Ma-

2111 3010 2225 3067 gno
2256 2992 2400 3048 illud
2432 2998 2826 3060 consecratur,
2851 2998 2908 3050 et
2937 3011 3066 3051 raro
3098 3012 3238 3052 sane
3263 2997 3533 3054 acumine
3551 3003 3763 3056 cuncta

2111 3081 2318 3138 Leonis
2349 3081 2660 3154 przeconia,
2692 3085 2819 3138 tum
2850 3099 2919 3139 ex
2947 3083 3065 3139 vita
3091 3083 3392 3157 gestisque
3422 3090 3480 3142 et
3523 3087 3758 3159 scriptis

2110 3172 2260 3242 ejus,
2293 3175 2420 3225 tum
2453 3187 2856 3226 excozevorum
2869 3175 2928 3227 et
2946 3171 3140 3228 omnis
3160 3172 3517 3245 posteritatis
3547 3174 3760 3248 ipsius-

353 3241 598 3331 siliensi,
621 3241 782 3317 illius
811 3241 1120 3332 discipulo,
1149 3257 1464 3314 Hilarianze
1496 3241 1790 3332 Apologia:
1822 3276 2000 3317 causa
2029 3241 2073 3309 Ο
2111 3241 2223 3332 que
2253 3257 2546 3326 Quesnelli
2567 3259 2638 3314 de
2667 3259 2988 3330 eojudiciis
3013 3241 3272 3330 collecta,
3300 3263 3371 3317 ad
3405 3241 3651 3320 formam
3674 3264 3761 3320 in-

352 3353 574 3420 addita,
603 3349 697 3407 cui
725 3352 960 3406 metrum
1002 3349 1211 3404 Hilarii
1255 3349 1318 3402 in
1361 3346 1608 3415 Genesin,
1657 3351 1708 3403 et
1757 3350 1999 3421 Epistola

350 3442 424 3498 ad
449 3440 782 3497 Eucherium
810 3436 1150 3509 episcopum
1185 3435 1635 3508 Lugdunensem
1668 3437 1994 3509 subjiciun-

345 3533 469 3590 .tur.
501 3529 566 3585 In
591 3528 936 3600 praefatione,
965 3542 1145 3599 quam
1198 3525 1477 3583 Johannis
1535 3524 1790 3582 Cassiani
1835 3527 1906 3583 ad
1931 3531 1992 3586 S.

349 3619 580 3676 Leonem
601 3618 754 3674 Rom.
800 3615 943 3672 Eccl.
993 3619 1124 3670 tunc
1160 3613 1614 3670 archidiaconum
1661 3616 1888 3686 epistola
1918 3617 1994 3672 li-

349 3708 573 3764 brorum
599 3722 823 3763 suorum
849 3704 915 3761 de
935 3704 1319 3760 Incarnatione
1343 3703 1552 3758 Christi
1577 3711 1762 3758 contra
1810 3705 1993 3761 Nesto-

345 3811 498 3852 rium
523 3794 944 3866 nuncupatoria,
973 3794 1030 3846 et
1057 3789 1394 3846 testimonia
1419 3790 1685 3860 quaedam
1707 3790 1777 3845 de
1807 3792 1994 3849 Leone

343 3882 701 3957 pracedunt,
737 3880 809 3936 de
838 3876 1242 3951 superioribus
1267 3877 1476 3933 Leonis
1522 3876 1904 3951 editionibus,
1936 3885 1992 3937 et

343 3971 416 4028 de
444 3987 553 4028 sua
580 3984 756 4041 opera
782 3971 958 4039 atque
986 3964 1291 4037 subsidiis,
1324 3963 1541 4036 quibus
1563 3965 1840 4022 suffultus
1861 3983 1990 4024 eam

341 4074 658 4134 aggressus
689 4056 785 4123 sit,
803 4054 1315 4111 luculenterverba
1333 4052 1489 4109 fecit.
1516 4053 1844 4112 Prafationi
1859 4057 1995 4113 sub-

332 4147 532 4222 junxit
560 4145 798 4202 indices:
833 4145 891 4199 1°
913 4141 1243 4215 generalem
1260 4143 1664 4197 contentorum
1683 4142 1990 4217 utriusque

338 4234 508 4304 tomi,
566 4238 629 4290 2°
673 4231 1055 4306 epistolarum
1108 4230 1471 4298 cbronicum,
1523 4230 1583 4285 3°
1608 4231 1987 4302 epistolarum

342 4322 667 4381 anteriores
693 4320 977 4378 editiones
1007 4335 1142 4376 cum
1174 4335 1322 4374 nova
1337 4318 1804 4390 contendentem,
1829 4323 1887 4377 4ο
1905 4322 1986 4378 al-

340 4409 716 4487 phabeticum
759 4407 1160 4481 epistolarum.
1203 4407 1418 4462 Rerum
1469 4407 1645 4463 index
1685 4407 1745 4464 in
1778 4409 1987 4467 Leonis

339 4500 560 4572 scripta
586 4499 661 4555 ad
693 4497 908 4554 calcem
937 4499 1125 4553 exstat
1149 4495 1502 4552 uberrimus.

2111 3347 2446 3421 scriptionis
2475 3346 2754 3419 lapidaris
2785 3348 3018 3404 redacta
3037 3354 3196 3405 sunt.
3230 3351 3489 3415 Quatuor
3516 3352 3759 3425 pagina-

2109 3454 2242 3492 rum
2275 3436 2464 3508 spatio
2477 3439 2758 3506 exaequat,
2791 3435 3007 3492 additis
3029 3437 3086 3491 in
3116 3440 3378 3510 margine
3399 3438 3540 3496 locis
3563 3439 3760 3512 singu-

2106 3523 2203 3591 lis,
2233 3525 2388 3580 unde
2406 3540 2650 3598 quaeque
2669 3524 2788 3579 sint
2800 3524 2997 3596 petita.
3013 3524 3601 3590 ScilicetQuesnellus
3620 3546 3756 3585 cum

2107 3630 2224 3669 non
2255 3617 2454 3685 posset
2480 3630 2595 3669 non
2645 3613 2881 3683 sentire,
2915 3618 3196 3685 quantam
3247 3615 3479 3671 invidiae
3512 3618 3753 3684 nubem,

2107 3707 2477 3774 quontosque
2507 3702 2868 3759 adversarios
2899 3704 2958 3758 in
2991 3720 3053 3760 se
3084 3705 3481 3762 concitaturus
3501 3712 3656 3764 esset
3682 3708 3751 3764 li-

2105 3790 2326 3846 bertate
2356 3807 2464 3846 sua
2483 3791 2790 3862 judicandi
2822 3797 2879 3848 et
2916 3793 3264 3849 inveteratos
3294 3810 3518 3852 errores
3566 3813 3745 3869 oppu-

2103 3879 2321 3950 gnandi
2353 3879 2615 3946 audacia,
2651 3879 2758 3934 hac
2775 3879 2943 3950 quasi
2965 3880 3099 3936 ﬁdei
3122 3881 3375 3938 formula
3405 3887 3608 3940 contra
3628 3883 3748 3941 laesi

2102 3965 2365 4022 numinis
2390 3966 2672 4038 pontiﬁcii
2704 3966 3060 4024 calumniam
3091 3985 3152 4025 se
3182 3969 3332 4026 tueri
3378 3971 3629 4029 voluisse
3655 3973 3749 4028 vi-

2103 4055 2294 4111 detur.

2173 4143 2253 4199 Ex
2277 4142 2370 4199 his
2401 4146 2617 4210 autem,
2654 4160 2781 4215 quas
2812 4143 3094 4201 hactenus
3143 4147 3215 4202 de
3244 4146 3422 4218 hujus
3472 4148 3746 4206 editionis

2101 4232 2389 4288 contentis
2403 4235 2580 4304 atque
2595 4231 2979 4289 instructions
2993 4235 3413 4305 enarravimus,
3429 4237 3596 4294 facile
3620 4239 3747 4310 qui-

2101 4321 2255 4388 dem,
2278 4321 2455 4376 etiam
2484 4321 2706 4393 absque
2733 4322 3019 4378 monitore
3048 4327 3226 4394 patet,
3281 4329 3498 4396 quanto
3551 4327 3742 4398 spatio

2099 4425 2168 4465 ea
2199 4425 2404 4467 omnes
2424 4409 2754 4482 superiores
2776 4414 2909 4482 post
2931 4425 2994 4467 se
3015 4411 3328 4484 relinquat,
3350 4412 3532 4470 immo
3555 4431 3741 4486 quan-

2096 4502 2291 4570 topere
2303 4514 2508 4554 omnes
2521 4498 2785 4554 omnium
2799 4499 3037 4556 Patrum
3053 4504 3172 4555 tam
3187 4501 3513 4558 Graecorum
3525 4544 3539 4570 ,
3561 4520 3739 4576 quam

408 4589 561 4644 Alter
586 4591 764 4643 tomus
802 4585 1179 4642 inscribitur:
1229 4583 1309 4640 Ad
1351 4584 1538 4640 Sancti
1583 4587 1774 4642 Leonis
1803 4587 1988 4658 Magni
2016 4605 2062 4671 D
2096 4587 2457 4654 Latinorum,
2491 4603 2616 4659 quae
2648 4587 2718 4642 ad
2751 4586 2906 4644 hunc
2937 4604 3123 4660 usque
3154 4606 3374 4646 annum
3406 4607 3742 4665 comparue-

335 4691 500 4747 opera
533 4673 825 4746 Appendix
853 4689 950 4729 seu
981 4672 1156 4729 Codex
1176 4674 1462 4730 Canonum
1481 4677 1532 4729 et
1558 4675 1986 4732 Constitutorum

334 4763 488 4821 Sedis
543 4762 860 4834 Apostolicce
931 4763 1366 4829 Dissertationes,
1441 4763 1715 4819 Lectiones
1778 4766 1970 4833 Variae,

333 4855 503 4920 Notae,
583 4850 1012 4919 Observationes,
1077 4851 1304 4906 Indices.
1366 4851 1553 4906 Tomus
1606 4852 1674 4906 II.
1736 4852 1979 4926 Singula

333 4957 400 4998 eo
431 4940 559 5012 ipso
579 4937 801 5007 ordine,
833 4955 948 5010 quo
977 4939 1037 4994 in
1064 4938 1238 5016 titulo
1285 4942 1681 5007 recensentur,
1729 4956 1790 4996 se
1821 4942 1977 4996 exci-

331 5029 524 5103 piunt,
554 5025 672 5084 nisi
701 5028 856 5099 quod
884 5027 1162 5084 lectiones
1191 5027 1382 5096 variae,
1433 5030 1581 5083 notae
1611 5032 1668 5084 et
1705 5029 1973 5085 observa-

267 5170 273 5182 ,
327 5116 518 5174 tiones
547 5115 839 5190 permistis
852 5115 1099 5172 invicem
1112 5117 1668 5189 proponantur.Jam
1696 5117 1766 5171 de
1790 5117 1978 5175 Codice

329 5208 619 5264 Canonum
647 5204 762 5261 alio
794 5203 919 5261 loco
949 5205 1192 5261 dicetur.
1225 5203 1638 5262 Disertationes
1659 5209 1799 5259 sunt
1835 5205 1976 5274 XVI,

329 5309 583 5365 quorum
611 5293 661 5348 V
673 5292 1022 5366 posteriores
1044 5294 1114 5349 ad
1131 5294 1379 5350 Codicem
1391 5293 1670 5348 Canonum
1691 5297 1976 5364 spectant,

328 5379 565 5452 reliquae
595 5381 845 5437 Leonem
877 5381 1116 5453 propius
1146 5380 1462 5453 attingunt,
1493 5395 1641 5451 quas
1669 5395 1977 5437 enumera-

326 5466 549 5525 bimus.
580 5467 924 5541 Disputatur
971 5470 1152 5542 igitur
1196 5469 1302 5523 inI
1331 5469 1406 5523 De
1452 5469 1565 5523 Vita
1597 5475 1650 5524 et
1694 5468 1867 5525 Rebus
1890 5485 1976 5542 ge-

323 5558 423 5612 stis
453 5557 646 5612 Leonis
690 5557 756 5612 ΙΙ.
790 5559 864 5614 De
905 5558 1087 5613 Libris
1123 5557 1188 5612 de
1240 5557 1520 5613 Voealione
1547 5559 1795 5613 omnium
1840 5575 1974 5628 gen-

325 5644 487 5718 tium,
519 5645 616 5716 qui
643 5646 810 5703 Leoni
838 5645 1211 5702 vindicantur.
1243 5645 1341 5702 IIl.
1374 5646 1447 5701 De
1470 5647 1881 5704 auctoritatibus
1909 5647 1974 5704 de

2096 4679 2234 4731 runt
2262 4675 2570 4742 editiones,
2602 4675 2822 4749 ingenii
2851 4681 2908 4733 et
2936 4677 3210 4732 doctrinae
3235 4678 3418 4751 c0piis
3439 4680 3738 4752 studiique

2085 4763 2354 4835 impensa
2364 4763 2694 4820 antecellat.
2715 4767 3077 4838 Quapropter
3094 4765 3249 4823 haud
3265 4784 3411 4841 opus
3432 4784 3561 4825 esse
3582 4769 3735 4825 arbi-

2084 4857 2314 4908 tramur
2343 4852 2606 4924 speciosa
2660 4855 2899 4909 testium
2947 4855 3309 4920 inductione,
3350 4861 3415 4912 ut
3456 4858 3735 4929 probetur

2086 4957 2263 5013 quam
2293 4940 2609 4998 honoriﬁce
2642 4942 2944 5012 utriusque
2966 4942 3231 4998 Ecclesiae
3261 4944 3504 5000 doctide
3527 4947 3734 5002 eadem

2085 5030 2378 5088 senserint
2406 5047 2472 5086 ac
2493 5029 2834 5102 judicarint.
2858 5030 2972 5085 Nec
3002 5047 3143 5087 sane
3167 5031 3468 5090 catholicis
3487 5033 3732 5107 scripto-

2087 5118 2251 5175 ribus
2281 5118 2685 5190 religioniesse
2711 5117 3285 5192 debet,justamipsi,
3314 5122 3584 5194 quamvis
3606 5126 3731 5177 atro

2088 5207 2145 5263 in
2179 5208 2440 5262 Romana
2470 5206 2630 5260 curia
2659 5205 2909 5262 carbone
2939 5211 3168 5276 notatae,
3193 5207 3429 5265 laudem
3451 5209 3727 5278 tribuere,

2086 5293 2840 5352 novissimorumeditorum
2869 5295 3271 5368 exemplo,qui
3293 5297 3474 5372 digna
3487 5299 3728 5355 merito-

2085 5401 2216 5439 rum
2250 5381 2541 5450 Quesnelli
2574 5384 3080 5460 commendatione
3109 5389 3167 5441 et
3205 5387 3355 5459 aequi
3403 5391 3460 5442 et
3488 5387 3728 5460 perfecti

2084 5471 2288 5529 arbitri
2318 5488 2629 5544 personam
2661 5472 3089 5542 sustinuerunt,
3123 5489 3312 5546 neque
3343 5473 3509 5531 aliter
3548 5492 3726 5547 quam

2082 5576 2149 5616 ex
2175 5561 2337 5633 justa
2367 5559 2680 5615 adversarii
2710 5560 2920 5617 virium
2939 5561 3322 5618 aestimatione
3351 5567 3408 5620 et
3434 5563 3726 5634 majorum

2083 5648 2439 5706 conscientia
2463 5648 2765 5706 victoriam
2820 5651 3171 5722 sperandam
3199 5667 3328 5710 esse
3375 5653 3723 5722 docuerunt,
