4092 6178
321 384 402 446 83
742 386 1344 454 SCHCENEMANNI
1389 391 1710 456 NOTl‘I‘IA
1751 390 2693 496 HISTORICQLITTERARIA
2734 399 2815 464 IN
2857 396 2924 463 S.
2967 393 3316 464 LEONEM.
3653 357 3731 459 80

316 521 481 586 Quod
512 521 709 597 itaque
739 525 928 582 instar
951 525 1212 583 omnium
1241 543 1369 583 esse
1399 527 1604 600 possit,
1639 524 1973 583 Ballerinio-
1999 529 2057 596 Α
2085 529 2346 587 Ecclesia:
2369 532 2772 606 homines,qui
2793 535 3143 592 acerrimum
3165 547 3459 607 quemque
3479 525 3728 606 Romani

316 629 451 666 rum
482 613 554 669 de
584 613 995 677 Quesnelliana
1029 616 1326 687 judicium
1370 615 1479 672 hoc
1509 616 1632 672 loco
1683 619 1971 689 apponere

316 701 472 756 haud
510 704 807 773 pmniteat.
833 727 860 753 «
886 706 1017 769 Quae
1048 709 1385 777 quantaque
1412 705 1488 760 sit
1517 722 1585 760 ea
1617 705 1824 760 Leonis
1855 705 1971 760 edi-

312 790 418 856 tio,
459 791 741 864 inquiunt
792 794 848 848 in
899 794 1233 866 praafatione
1281 793 1560 867 generali,
1594 795 1764 867 p.13,
1792 810 1968 865 quam

313 897 550 936 summo
569 882 765 936 studio
783 882 1743 949 curavitPaschasiusQuesnellus,
1761 882 1844 936 illi
1860 882 1968 938 soli

310 968 583 1041 ignorare
627 972 995 1042 queunt,qui
1044 970 1355 1027 editionem
1405 973 1534 1042 ejus
1581 972 1872 1044 ignorant.
1907 972 1966 1027 Si

311 1062 535 1113 textum
567 1059 991 1131 expendas,qui
1016 1061 1072 1114 in
1101 1060 1461 1115 mstimandis
1483 1065 1743 1115 veterum
1766 1060 1970 1116 editio-

311 1147 486 1202 nibus
517 1147 780 1219 primum
811 1151 870 1203 et
901 1148 1271 1219 potissimum
1299 1150 1656 1222 spectandus
1685 1153 1792 1215 est,
1816 1153 1874 1205 et
1905 1149 1966 1204 in

311 1253 426 1307 quo
449 1236 733 1308 qureritur
756 1253 896 1292 num
917 1237 996 1291 sit
1017 1238 1362 1293 emendatus
1379 1254 1445 1292 ac
1470 1237 1701 1293 ineditis
1723 1254 1968 1310 opuscu-

306 1324 382 1381 lis
403 1331 635 1388 auctus.
656 1326 856 1397 plures
876 1325 974 1382 ille
995 1343 1060 1382 ac
1082 1327 1599 1400 praestantissimos
1616 1327 1844 1381 codices
1869 1343 1966 1381 na-

307 1419 436 1469 ctus
457 1421 830 1485 est,quorum
855 1415 1120 1486 praesidio
1142 1415 1328 1471 multa
1356 1415 1482 1470 loca
1499 1416 1555 1470 in
1576 1414 1966 1470 anterioribus

303 1504 668 1559 editionibus
692 1504 1005 1576 depravata
1037 1504 1279 1560 feliciter
1308 1505 1646 1571 correxit,et
1675 1503 1965 1576 Epistolas

302 1593 624 1666 pontiﬁcis,
659 1610 786 1664 quae
837 1593 988 1649 inter
1015 1593 1204 1666 ipsius
1233 1594 1422 1666 Opera
1475 1610 1656 1650 sacrae
1705 1592 1963 1650 historiae

299 1681 568 1738 utiliores
599 1687 762 1749 sunt,
793 1697 861 1736 ex
890 1699 1006 1737 uno
1038 1683 1372 1740 Grimanico
1395 1699 1507 1738 ms.
1533 1687 1660 1738 octo
1682 1687 1738 1739 et
1758 1681 1963 1756 viginti

296 1776 471 1826 antea
508 1770 748 1827 ineditis
769 1787 980 1843 augere
1005 1771 1279 1844 Epistolis
1311 1772 1521 1845 potuit.
1548 1773 1828 1828 Praeterea
1849 1771 1963 1828 alia

296 1860 573 1932 quasdam
601 1860 817 1931 adjecit
846 1859 1084 1928 inedita,
1109 1859 1264 1917 inter
1284 1879 1410 1934 qua:
1443 1861 1694 1918 maxime
1717 1861 1961 1917 celebris

293 1953 384 2003 est
403 1948 824 2020 antiquissima
843 1948 942 2003 illa
953 1949 1252 2006 Canonum
1270 1956 1326 2007 et
1343 1950 1735 2023 Epistolarum
1754 1949 1960 2007 Roma-

293 2054 514 2092 norum
549 2037 894 2109 pontiﬁcum
937 2037 1218 2104 collectio,
1246 2055 1372 2111 quae
1410 2039 1775 2112 Dionysianaa
1806 2038 1959 2095 nihi-

293 2125 426 2181 lum
460 2126 634 2194 cedit,
658 2125 1163 2199 vetustissimique
1195 2127 1460 2184 canonici
1489 2129 1645 2200 juris
1677 2127 1960 2186 studiosis

294 2215 560 2272 maximo
592 2214 660 2269 ad
661 2216 934 2286 jumento
962 2219 1069 2270 est.
1096 2215 1156 2270 Si
1175 2232 1307 2272 vero
1327 2215 1514 2289 ipsius
1535 2216 1774 2273 editoris
1796 2215 1961 2272 lucu-

295 2305 601 2360 brationes
617 2303 801 2359 textui
817 2302 905 2360 vel
929 2303 1102 2360 rebus
1119 2303 1486 2361 illustrandis
1504 2305 1749 2362 insertas
1772 2305 1958 2361 consi-

291 2393 473 2448 deres
490 2391 570 2462 (id
597 2391 752 2447 enim
776 2389 1027 2446 alterum
1049 2395 1139 2447 est
1165 2393 1319 2465 quod
1343 2393 1402 2448 in
1426 2393 1781 2449 editionibus
1806 2410 1957 2466 quaa-

286 2481 473 2548 ritur,
501 2496 768 2552 quaenam
814 2479 994 2535 editio
1037 2484 1276 2536 Patrum
1307 2483 1393 2537 tot
1422 2485 1591 2538 unius
1609 2483 1684 2556 (α)
1715 2482 1955 2538 editoris

281 2569 835 2639 observationibus,
859 2568 1378 2638 admonitionibus,
1411 2571 1567 2626 notis
1596 2576 1652 2627 et
1683 2572 1956 2627 disserta-

276 2659 563 2715 tionibus
610 2657 959 2729 locupletata
1007 2657 1354 2724 invenietur,
1409 2661 1552 2732 quot
1597 2659 1698 2715 illa
1746 2660 1954 2716 Leonis

276 2765 484 2820 quam
514 2745 860 2813 Quesnellus
891 2747 1042 2819 typis
1073 2747 1409 2820 impressit?
1438 2749 1572 2814 Qute
1604 2749 1758 2805 enim
1791 2749 1954 2820 ejus-

273 2838 430 2894 dem
482 2836 772 2908 pontiﬁcis
821 2852 998 2908 opera
1043 2853 1220 2909 parvo
1269 2837 1588 2903 volumine,
1620 2837 1838 2903 formae,
1869 2837 1952 2892 uti

271 2930 528 2995 vocant,
553 2931 762 2981 octavae
804 2925 889 2980 vel
924 2931 1165 2997 quartae,
1196 2925 1256 2981 in
1284 2926 1546 2998 antiquis
1595 2925 1952 2982 editionibus

272 3015 962 3089 comprehendebantur,
977 3015 1049 3070 ob
1067 3014 1361 3079 Quesnelli
1385 3015 1784 3070 additamenta
1804 3015 1952 3071 duos

271 3105 547 3178 implent
576 3121 692 3158 non
722 3103 960 3176 exiguos
991 3108 1183 3159 tomos
1213 3103 1405 3159 in-fol.
1430 3105 1610 3168 Quem
1633 3120 1804 3176 porro
1837 3121 1950 3159 non

274 3197 568 3250 moveant
598 3196 828 3247 tantum
873 3191 1138 3248 studium
1175 3193 1236 3248 in
1269 3193 1459 3249 Leone
1498 3193 1722 3249 edendo
1761 3193 1832 3248 ab
1881 3207 1948 3248 eo

2080 620 2371 690 pontiﬁcis
2393 623 2619 693 jurium
2644 623 3114 696 impugnatorem
3140 639 3321 696 prono
3354 623 3470 677 fere
3501 635 3732 692 semper

2079 708 2274 764 studio
2297 710 2548 783 amplexi
2582 717 2740 779 sunt,
2768 713 3021 768 inficiari'
3046 730 3161 767 non
3184 709 3528 768 debuissent
3549 709 3730 773 Ques-

2078 795 2298 853 nellum
2331 799 2526 855 animo
2550 801 2843 856 interdum
2865 799 3203 867 indulsisse,
3229 805 3285 856 et
3306 800 3478 854 modo
3500 803 3734 854 conten-

2077 886 2250 941 dendi
2270 887 2491 959 impetu
2511 889 2843 962 abreptum,
2860 891 3034 945 modo
3055 888 3313 944 studiose
3335 885 3510 944 nimis
3532 885 3730 959 vulga-

2077 974 2153 1030 tis
2183 974 2558 1047 opinionibus
2590 978 2882 1033 contraria
2904 982 3244 1044 sectantem,
3263 975 3400 1031 talia
3421 975 3730 1048 scripsisse

2075 1079 2201 1134 quae
2253 1063 2388 1136 plus
2441 1065 2628 1138 specie
2678 1083 2856 1138 quam
2909 1063 3221 1121 soliditatis
3272 1062 3509 1118 habent.
3564 1063 3726 1126 Quod

2075 1152 2268 1224 priora
2299 1153 2524 1221 attinet,
2551 1154 2795 1209 dubium
2821 1153 3055 1226 quidem
3089 1171 3203 1209 non
3235 1157 3322 1208 est
3346 1149 3486 1224 quin
3510 1151 3670 1222 juste
3692 1167 3727 1206 a

2075 1242 2328 1296 summis
2357 1241 2495 1298 viris
2515 1240 2743 1298 Baluzio
2776 1246 2833 1296 et
2853 1242 3190 1297 Coustantio
3213 1241 3289 1296 sit
3319 1239 3722 1313 reprehensus,

2074 1334 2130 1384 et
2160 1329 2245 1384 vel
2297 1329 2416 1396 illa,
2450 1346 2627 1402 quam
2680 1330 2851 1384 modo
2900 1329 3252 1397 notavimus,
3278 1325 3727 1400 argumentandi

2073 1418 2202 1487 ejus
2231 1417 2376 1473 ratio
2407 1423 2663 1474 aestuans
2686 1418 2874 1490 magis
2901 1435 3077 1490 quam
3104 1417 3318 1484 sobria,
3346 1434 3461 1472 non
3487 1415 3728 1489 diligen-

2074 1505 2343 1563 tissimus
2375 1507 2589 1579 ubique
2638 1507 2904 1562 criticum
2939 1506 3152 1579 arguit.
3176 1506 3286 1561 Sed
3321 1521 3630 1561 caveamus
3653 1522 3725 1561 ne

2075 1597 2230 1668 quod
2253 1594 2426 1670 culpa
2449 1597 2576 1669 ejus
2599 1595 2877 1651 acciderit
2895 1594 2953 1650 in
2989 1595 3210 1652 fraudis
3231 1598 3288 1651 et
3309 1593 3723 1652 malevolentiae

2072 1685 2272 1741 statim
2291 1685 2687 1758 suspicionem
2708 1685 3031 1741 trahemus.
3046 1685 3273 1740 Etenim
3294 1683 3354 1740 in
3372 1701 3725 1758 cognoscen-

2071 1773 2160 1829 dis
2192 1779 2365 1846 atque
2405 1773 2805 1830 discernendis
2855 1778 2942 1830 tot
2989 1772 3342 1830 editionibus
3390 1772 3720 1847 impressis,

2070 1863 2590 1936 examinandisque
2633 1868 2689 1918 et
2737 1862 3103 1920 conferendis
3135 1862 3433 1920 codicibus
3480 1879 3625 1919 mss.
3657 1861 3720 1917 in

2070 1958 2191 2008 tam
2224 1954 2407 2009 arduo
2437 1953 2508 2008 de
2539 1953 2811 2026 genuinis
2843 1957 3018 2026 atque
3063 1950 3454 2025 supposititiis
3483 1950 3722 2028 scriptis

2063 2041 2388 2114 judicandi,
2423 2046 2541 2097 tam
2583 2041 2880 2113 implicato
2929 2042 3080 2098 circa
3129 2057 3416 2097 annorum
3464 2041 3719 2118 rationes

2068 2130 2508 2187 constituendas
2548 2131 2800 2203 negotio,
2824 2135 2942 2187 tam
2974 2128 3297 2186 multifario
3329 2145 3522 2186 rerum
3570 2145 3720 2202 quas

2068 2220 2365 2276 attendere
2394 2219 2642 2274 debebat
2667 2219 3028 2274 minutarum
3061 2235 3234 2284 nexu,
3257 2217 3390 2290 quis
3411 2233 3602 2273 errare
3622 2234 3721 2290 po-

2066 2306 2252 2363 tuisse
2274 2307 2582 2362 mirabitur
2601 2311 2658 2362 et
2679 2307 2811 2378 quis
2833 2306 3123 2362 delassato
3145 2313 3244 2362 aut
3268 2305 3446 2363 nimis
3467 2306 3718 2384 subinde

2066 2396 2384 2468 perspicaci
2405 2394 2630 2450 veniam
2657 2395 3006 2465 denegabit?
3035 2393 3183 2449 Illud
3217 2394 3468 2466 denique
3490 2410 3605 2450 non
3629 2411 3718 2451 ce-

2063 2484 2340 2552 labimus,
2367 2483 2806 2539 dissertationes
2824 2481 3117 2546 Quesnelli
3139 2498 3268 2537 esse
3299 2481 3414 2537 fere
3440 2481 3713 2554 prolixio-

2063 2591 2157 2629 res
2187 2578 2244 2628 et
2273 2589 2375 2646 per
2403 2571 2639 2644 singula
2683 2572 2833 2626 facta
2876 2571 3328 2636 circumductas,
3352 2587 3505 2642 saepe
3533 2569 3711 2626 etiam

2063 2663 2122 2718 in
2154 2663 2348 2719 causis
2382 2667 2626 2717 Leonem
2658 2660 2937 2716 remotius
2968 2659 3391 2732 attingentibus
3420 2653 3710 2716 distineri.

2137 2753 2294 2806 1677.
2343 2752 2574 2806 Lutetiae
2628 2749 2972 2804 Parisiorum
3028 2747 3174 2818 apud
3235 2748 3428 2802 Frane.
3472 2747 3708 2818 Muguet,

2062 2841 2226 2896 in-lr'.
2254 2839 2461 2894 Leonis
2488 2855 2648 2910 papas
2686 2835 2956 2909 Epistolas
2995 2835 3259 2908 quaedam
3282 2839 3338 2890 et
3366 2835 3612 2891 aliorum
3638 2836 3710 2894 ad

2061 2929 2333 2985 eumdem
2366 2927 2610 2982 antehac
2641 2927 2757 2983 fere
2807 2941 3010 2980 omnes
3043 2925 3295 2992 ineditze,
3328 2941 3357 2980 e
3383 2924 3560 2981 codice
3606 2941 3710 2980 ms.

2061 3019 2226 3086 Regio
2279 3018 2631 3088 deprompta:
2663 3032 2696 3069 a
2723 3015 2842 3069 Joh.
2890 3016 3048 3085 Bapt.
3100 3015 3396 3075 Cotelerio;
3427 3013 3487 3070 in
3530 3012 3713 3069 Monu-

2048 3109 2258 3172 ,mentis
2287 3106 2540 3161 Ecclesiae
2566 3103 2789 3160 Graecae.
2825 3105 2876 3157 T.
2910 3103 2953 3170 Ι,
2985 3119 3144 3175 pagg.
3176 3103 3365 3157 50-65.

2133 3197 2339 3251 Insunt
2372 3211 2384 3249 :
2421 3197 2478 3249 1°
2513 3195 2756 3265 Epistola
2781 3194 3036 3248 Flaviani
3060 3192 3151 3264 Cp.
3185 3193 3264 3248 ad
3282 3195 3510 3248 Leonem
3531 3192 3706 3249 Rom..

274 3287 638 3354 susceptum
666 3287 724 3337 et
746 3282 970 3336 naviter
994 3283 1463 3355 impensum,qui
1484 3283 1777 3354 prmstanti
1802 3283 1948 3352 inge-
1977 3265 2020 3332 C
2060 3301 2128 3341 ex
2157 3302 2298 3340 mss.
2342 3284 2481 3356 Reg.
2519 3283 2676 3347 1026,
2710 3282 2877 3348 2614;
2910 3285 2972 3336 2°
3001 3283 3189 3338 Leonis
3215 3296 3378 3356 papae
3414 3283 3464 3337 et
3509 3282 3706 3340 Roma-

271 3377 369 3430 nio
403 3376 462 3428 et
497 3371 671 3425 trulla
725 3370 1032 3427 eruditione
1077 3379 1318 3438 ornatus,
1363 3373 1673 3443 plurimum
1717 3374 1946 3443 poterat,

272 3462 512 3535 quique
557 3461 812 3532 priorem
844 3458 1162 3514 editionem
1207 3460 1375 3516 novis
1406 3459 1561 3514 curi‘s
1593 3453 1948 3531 recognitam

270 3557 416 3623 post
445 3547 656 3621 viginti
689 3548 946 3620 quinque
979 3563 1165 3602 annos
1189 3548 1415 3603 recudit
1441 3547 1779 3614 auctiorem,
1804 3549 1948 3604 adeo

271 3646 343 3695 ut
367 3638 584 3693 limata
614 3640 669 3692 et
703 3636 974 3708 perfecta,
993 3640 1279 3708 quantum
1303 3653 1406 3709 per
1427 3652 1562 3692 eum
1592 3635 1714 3693 ﬁeri
1737 3636 1944 3709 potuit,

266 3727 536 3800 judicari
588 3725 836 3780 debeat?
861 3725 1041 3790 nQuzs
1072 3724 1132 3780 in
1163 3742 1229 3780 eo
1262 3725 1607 3797 reprehendi
1657 3724 1846 3781 solent
1874 3726 1946 3781 ad

275 3816 415 3872 haec
441 3815 552 3869 tria
581 3815 696 3870 fere
727 3815 973 3869 redeunt
1003 3813 1192 3886 capita
1213 3833 1230 3868 :
1254 3813 1442 3885 primo
1466 3813 1732 3887 arguitur
1762 3814 1945 3887 negli-

276 3904 500 3978 gentie
521 3903 578 3958 in
612 3921 723 3959 usu
754 3903 1022 3958 codicum
1048 3907 1105 3959 et
1135 3903 1372 3976 quidem
1397 3919 1430 3958 a
1457 3902 1708 3958 summis
1729 3902 1868 3957 viris
1893 3906 1949 3958 et

275 3995 340 4050 in
372 3993 756 4065 antiquorum
784 3991 1067 4048 librorum
1097 3990 1292 4048 studio
1315 3989 1688 4064 peritissimis
1711 3990 1944 4047 Baluzio

279 4089 338 4139 et
368 4081 743 4148 Constantio;
767 4080 978 4137 deinde
1000 4084 1280 4136 accusant
1303 4079 1628 4135 libertatem
1660 4079 1808 4151 ejus,
1829 4096 1947 4152 qua

281 4171 596 4226 interdum
626 4174 850 4224 textum
898 4167 1060 4224 nullo
1101 4167 1347 4241 allegato
1400 4167 1594 4224 codice
1651 4167 1942 4224 emendat.

283 4259 570 4316 Omnium
590 4275 728 4314 vero
750 4257 1095 4331 gravissima
1121 4256 1494 4328 reprehensio
1521 4255 1643 4313 haec
1675 4258 1944 4329 est,quod

287 4348 536 4402 minime
558 4346 777 4402 veritus
811 4345 887 4401 sit
914 4345 1194 4402 falsarum
1215 4344 1611 4400 doctrinarum
1634 4352 1945 4417 patronum

293 4453 364 4491 se
394 4435 454 4489 in
483 4436 604 4490 istis
636 4436 764 4492 suis
802 4435 1316 4490 lucubrationibus
1359 4433 1546 4500 fateri,
1580 4439 1637 4490 et
1681 4452 1793 4490 non
1825 4441 1946 4490 tam

287 4525 548 4581 Leonem
578 4541 757 4596 quam
805 4525 1077 4579 Romana
1123 4523 1282 4579 sedis
1332 4523 1760 4596 praerogativas,
1793 4541 1948 4580 nunc

282 4612 513 4685 palam,
562 4630 722 4669 nunc
765 4613 1016 4668 latenter
1056 4610 1355 4685 impetere.
1383 4611 1544 4675 Quod
1586 4617 1947 4685 postremum
1974 4630 2028 4700 D

277 4707 456 4758 tanto
486 4701 547 4756 in
568 4701 700 4774 ipso
729 4700 842 4757 fuit
862 4700 1227 4770 invidiosius,
1253 4701 1353 4773 qui
1377 4717 1488 4756 non
1523 4700 1946 4774 occultasjam-

268 4792 412 4863 jam
443 4790 563 4847 odii
593 4791 684 4846 sui
719 4791 778 4846 in
805 4789 1100 4846 societatis
1129 4790 1268 4846 Jesu
1301 4787 1555 4868 asseclas
1578 4789 1951 4862 significatio-

277 4896 396 4936 nes
426 4879 691 4946 dederat,
724 4879 1107 4950 animumque
1131 4877 1224 4933 vix
1252 4895 1286 4933 a
1317 4877 1569 4950 partium
1602 4879 1794 4934 studio
1817 4879 1953 4936 libe-

277 4986 424 5023 rum
472 4984 673 5041 gerere
719 4969 1047 5024 videbatur.
1079 4969 1156 5022 Ac
1205 4967 1460 5039 profecto
1513 4971 1723 5022 nostra:
1772 4968 1947 5024 etiam

355 5112 444 5182 (α)
474 5110 602 5166 Non
654 5109 1148 5183 legeruntitaque
1205 5108 1521 5174 Ballerinii,
1555 5114 1657 5164 aut
1701 5109 1748 5165 si
1798 5111 1952 5183 lege-

274 5187 456 5250 runt,
471 5182 756 5253 tanquam
782 5182 1565 5253 fabulam’contempserunt,
1580 5196 1708 5252 quae
1733 5182 1952 5238 Richar-

273 5253 390 5308 ἀπε
435 5251 719 5308 Simonius
763 5253 821 5308 in
873 5254 1075 5309 Critia:
1120 5251 1462 5324 Bibliotheca:
1509 5253 1860 5324 Dupinianaz,
1894 5272 1948 5321 v,

275 5327 392 5381 Leo
459 5325 512 5378 T.
563 5325 1009 5398 l,_p.190,7.sq.,
1051 5322 1488 5398 de_Quesnello
1543 5322 1787 5398 ejusque
1845 5325 1951 5380 hac

276 5411 476 5467 opera
506 5394 676 5467 serio,
702 5402 767 5450 ut
796 5394 1044 5464 videtur,
1071 5394 1234 5450 vultu
1277 5395 1472 5467 refert,
1501 5394 1804 5467 nimirum,
1836 5413 1951 5450 non

278 5466 676 5531 Q’uesnellum
710 5471 925 5531 solum,
960 5467 1061 5521 sed
1093 5467 1309 5538 plures,
1333 5471 1390 5538 et
1420 5466 1475 5538 in
1510 5482 1659 5538 quos
1690 5466 1833 5521 illud
1857 5467 1955 5522 Su-

275 5554 419 5592 mus
454 5537 591 5610 legio
621 5539 888 5610 quadret,
914 5537 1396 5610 huius’editionis
1442 5537 1622 5592 fuisse
1666 5545 1948 5595 auctores.

277 5607 678 5681 Quesnellum
708 5607 1083 5681 solummodo
1104 5626 1206 5681 per
1227 5608 1445 5681 multos
1467 5625 1650 5681 annos
1681 5626 1748 5664 ea
1767 5625 1894 5681 quas
1919 5628 1953 5668 a

275 5678 576 5752 pluribus
595 5680 750 5738 intra
769 5680 1027 5739 Parisios
1046 5678 1188 5738 viris
1207 5680 1394 5737 doctis
1418 5679 1758 5753 accepisset,
1781 5678 1950 5738 colle-

2057 3389 2148 3431 πω
2176 3373 2372 3444 synodi
2400 3373 2637 3444 Epistola
2666 3371 2737 3426 ad
2765 3371 3114 3427 Pulcheriam
3140 3371 3456 3440 Augustam,
3491 3386 3560 3426 ex
3589 3387 3702 3438 ms,

2059 3463 2196 3534 Reg.
2235 3462 2401 3526 1026;
2431 3462 2492 3516 3°
2521 3461 2711 3516 Leonis
2750 3460 3022 3532 Synodioa
3049 3459 3118 3515 ad
3147 3459 3702 3532 Constantinopolita-

2055 3566 2171 3619 nos,
2204 3564 2271 3603 ex
2300 3549 2503 3603 eodem
2535 3548 2760 3615 codice;
2795 3549 2854 3602 4ο
2881 3549 3186 3603 Hilarionis
3221 3563 3313 3603 seu
3355 3549 3564 3604 Hilarii
3589 3547 3708 3604 dia-

2056 3641 2181 3694 coni
2202 3637 2435 3708 Epistola
2456 3637 2526 3691 ad
2546 3635 2917 3703 Pulcheriam,
2950 3651 3018 3692 ex
3055 3635 3256 3692 eodem
3288 3652 3408 3704 ms;
3441 3637 3502 3691 5°
3531 3636 3706 3694 Galla?

2057 3727 2317 3784 Placidia:
2365 3727 2606 3798 Epistola
2649 3725 2719 3780 ad
2764 3727 2968 3780 zEliam
3001 3725 3370 3792 Pulcheriam,
3403 3740 3472 3780 ex
3499 3725 3704 3780 eodem

2056 3834 2192 3884 ms.;
2215 3818 2275 3870 ϐυ
2305 3817 2496 3871 Leonis
2529 3815 2679 3870 Rom.
2710 3815 2952 3886 Epistola
2981 3814 3051 3870 ad
3082 3813 3542 3888 archimandritas
3575 3813 3708 3871 Gon-

2018 3903 2586 3976 "stantz'nopolitanos,
2620 3918 2687 3957 ex
2729 3903 2930 3958 eodem
2981 3903 3202 3970 codice;
3234 3902 3291 3955 7'
3321 3904 3710 3971 Fragmentum

2052 3995 2314 4066 Epistolas
2360 3993 2604 4048 Anatolii
2630 3994 2727 4064 Cp.
2760 3991 2830 4047 ad
2877 3993 3106 4048 Leonem
3147 3991 3345 4064 pontif.
3380 3989 3705 4059 Romanum,

2054 4099 2123 4139 ex
2155 4101 2267 4139 ms.
2302 4082 2440 4154 Reg.
2477 4080 2604 4136 940.

2132 4173 2283 4228 1677.
2305 4169 2562 4239 Lugduni
2603 4169 2748 4241 apud
2777 4170 3109 4234 Anissonios,
3156 4167 3345 4239 iri-fol.
3388 4167 3596 4225 Leonis
3628 4167 3705 4223 M.

2056 4260 2367 4316 Sermones
2398 4258 2468 4314 de
2512 4257 2819 4329 praacipuis
2868 4255 3340 4312 solemnitatibus
3391 4255 3621 4312 Domini
3653 4260 3712 4312 et

2055 4353 2422 4414 sanctorum;
2469 4347 2734 4418 ejusdem
2787 4344 3056 4416 Epistolas
3100 4343 3418 4400 decretales
3450 4349 3508 4400 et
3537 4343 3706 4400 fami-

2052 4437 2227 4493 liares
2257 4437 2325 4492 ad
2362 4434 2650 4502 diversos;
2676 4434 2812 4489 item
2835 4434 3140 4489 Tractatus
3171 4433 3452 4488 adversus
3482 4449 3708 4489 errores

2055 4524 2393 4597 Eutychetis
2423 4528 2487 4577 ut
2519 4521 2768 4578 aliorum
2818 4521 3252 4590 haereticorum;
3303 4522 3362 4576 in
3412 4521 3556 4576 Bibl.
3589 4523 3712 4579 PP.

2055 4615 2200 4672 Max.
2236 4615 2288 4668 T.
2323 4612 2445 4668 VII.

2125 4703 2284 4758 1687.
2326 4702 2562 4756 Parisiis
2617 4705 2665 4754 et
2725 4704 2937 4772 typogr.
2997 4701 3181 4772 Regia,
3231 4699 3420 4771 in-fol.
3471 4698 3714 4758 Decreta

2059 4791 2269 4849 Leonis
2301 4807 2461 4862 papa:
2501 4789 2590 4856 49,
2623 4789 2680 4844 in
2714 4788 3052 4846 collectione
3091 4787 3353 4862 Dionysii
3384 4787 3591 4862 Exigui
3622 4805 3712 4847 re-

2059 4897 2202 4937 cusa
2241 4879 2298 4934 in
2349 4887 2454 4934 vet.
2487 4878 2665 4934 codice
2695 4878 2900 4934 Canon.
2950 4879 3208 4936 Ecclesiae
3253 4879 3404 4934 Rom.
3434 4878 3714 4936 Francisci

2059 4968 2260 5024 Pithzei
2289 4983 2445 5022 novre
2478 4965 2751 5022 editionis
2779 4983 2940 5038 pagg.
2973 4967 3234 5023 228-249.

2057 5112 2234 5184 gisse,
2266 5115 2324 5166 et
2371 5109 2510 5181 quia
2547 5109 2747 5184 Latine
2797 5110 3069 5184 scribere;
3098 5111 3370 5184 nesciret,
3394 5104 3708 5184 vernaculo

2058 5179 2327 5240 sermone
2357 5179 2778 5252 composuisse,
2803 5182 3011 5238 deinde
3041 5182 3210 5238 docto
3233 5181 3405 5238 alicui
3429 5180 3704 5252 Hiberna,

2059 5253 2162 5326 qui
2191 5252 2335 5326 olim
2362 5248 2550 5326 fuerat
2580 5252 2810 5326 oratorii
2843 5255 2972 5324 ejus
3005 5254 3388 5326 socius,tun_c
3417 5266 3553 5326 vero
3581 5248 3710 5304 rhe-

2057 5320 2300 5380 toricam
2323 5323 2379 5378 in
2399 5321 2641 5394 collegio
2663 5320 3051 5380 Bellovacensi
3075 5321 3411 5394 docebat,in
3434 5320 3707 5378 Latinum

2060 5396 2291 5450 dedisse
2339 5394 2821 5450 transfundenda.
2854 5396 3042 5451 Vitam
3099 5393 3306 5450 Leonis
3357 5396 3553 5447 autem
3584 5396 3708 5448 tra-

2059 5467 2296 5522 duxisse
2338 5471 2402 5521 P.
2435 5465 2735 5521 Gerardum
2767 5468 2986 5530 Dubois,
3018 5466 3207 5520 eidem
3262 5462 3536 5520 sodalitio
3567 5467 3709 5520 tunc

2060 5538 2405 5609 ascriptum,
2444 5538 2833 5609 eumdemque
2886 5535 3421 5609 invito_QuesneIlo
3472 5535 3711 5609 duriora

2061 5606 2344 5664 nonnulla
2373 5609 2500 5679 ejus
2540 5607 2598 5662 in
2639 5606 2959 5664 Romanam
2992 5607 3190 5663 sedem
3223 5606 3527 5664 enuntiata
3558 5607 3711 5664 inter

2059 5679 2487 5738 traducendum
2518 5679 2852 5736 mutavisse.
