4092 6178
380 312 476 381 87

814 314 1443 395 Imm.
1464 316 1797 389 norma
1831 268 2768 387 nimbum-armatam
2796 315 2884 382 IN
2924 315 2997 381 s.
3036 314 3389 383 LEONEM.
3726 314 3808 379 ss

388 516 393 521 ι
467 447 629 515 4700.
663 447 914 523 Lugduni
939 447 1084 521 apud
1110 448 1376 511 Joannem
1406 448 1558 506 Certe
1585 449 1824 527 bibliop.
1848 451 1911 509 in
1932 451 2046 511 viai
2071 449 2131 527 Α
2158 449 2366 509 Leonis
2395 449 2592 523 Magni
2620 448 2915 523 pontificis
2934 448 3124 523 Opera
3152 448 3352 507 omnia
3376 419 3450 505 ad
3472 464 3618 507 mss.
3651 448 3806 509 codi-

378 534 710 617 ﬁlercatorio
736 536 836 595 sub
865 536 1021 607 signa
1067 537 1371 607 Trinitatis,
1405 538 1465 599 in
1488 539 1589 612 fol.
1625 539 1779 601 Τ.,ΙΙ.
1814 539 1872 597 S.
1906 532 2077 596 Leo-9

401 628 494 685 nis
512 627 597 689 Μ.
628 641 791 701 papa
822 623 846 685 Ι
875 624 1063 697 Opera
1089 624 1308 694 omnia,
1344 642 1499 681 nunc
1535 627 1792 699 primum
1822 628 2050 702 Episto-

382 706 477 772 lis
505 711 747 791 triginta
782 713 1094 790 tribusque
1132 715 1204 772 de
1255 715 1451 771 Gratia
1481 714 1695 775 Christi
1749 716 2051 791 opusculis

377 796 684 874 'auctiora,
717 806 825 860 etc.

380 964 383 971 ι
426 968 429 971 Α
472 889 706 951 Iteratio
735 890 1157 958 Quesnellianae
1195 892 1571 952 recensionis.
1606 893 1850 953 Mutavit
1878 894 1939 951 in
1969 896 2053 951 1e-

386 968 663 1053 ,Vioribus
693 980 1049 1055 quibusdam
1080 986 1281 1040 auctor
1317 983 1701 1042 seententiam
1732 1002 1924 1060 suam,
1953 986 2055 1042 sed

386 1072 522 1133 non
548 1069 610 1141 in
639 1068 713 1127 iis
742 1086 870 1143 quae
901 1071 1081 1146 impio
1111 1072 1309 1129 furore
1328 1076 1533 1130 contra
1556 1074 1755 1131 sedem
1787 1073 2057 1147 apostoli-

404 1174 535 1225 cam
566 1158 963 1227 debacchatus
995 1174 1122 1217 esse
1161 1159 1603 1223 criminabatur.
1631 1166 1679 1217 Α
1707 1164 1924 1237 pagina
1954 1164 2058 1221 195

406 1246 480 1309 ad
511 1247 618 1313 202
644 1244 789 1304 tomi
818 1247 995 1326 primi
1017 1249 1305 1307 insertum
1335 1254 1425 1306 est
1448 1268 1460 1307 :
1484 1250 1846 1327 Opusculum
1869 1254 1940 1308 de
1969 1270 2058 1311 vo—

404 1337 484 1392 cis
512 1337 840 1394 correctione
882 1338 941 1395 in
993 1354 1240 1395 sermone
1264 1340 1301 1395 7
1323 1341 1508 1396 sancti
1535 1341 1729 1397 Leonis
1764 1342 1949 1415 Magni
1993 1340 2059 1400 de

384 1416 700 1483 ‘Nativitate
727 1427 952 1491 Domini
978 1440 1292 1501 Γραμματιου
1321 1436 1637 1501 Δωρημάτιον
1820 1431 1934 1486 sive
1962 1432 2055 1487 lit-

406 1514 1050 1587 terulaermunusculum,
1083 1514 1225 1589 quod
1264 1519 1709 1575 reverentissimo
1732 1522 1887 1591 patri
1920 1522 2056 1578 Era-

404 1620 520 1677 δηιο
548 1602 761 1683 Gattola
799 1622 842 1662 α
883 1603 1089 1674 Caieta,
1124 1606 1324 1683 inclyti
1376 1606 1700 1669 monasterii
1738 1608 2059 1669 Casz'nensis

384 1682 786 1777 Datonachorac
830 1694 1040 1753 Περαηο
1070 1697 1121 1751 et
1169 1682 1279 1765 Fac.
1308 1695 1438 1753 Gen.
1469 1713 1567 1754 nec
1614 1713 1726 1755 non
1773 1715 1810 1754 α
1849 1696 2059 1777 Biblio-

386 1770 740 1858 theca,
763 1782 857 1855 dat
883 1789 936 1839 et
962 1783 1117 1857 offert
1137 1782 1392 1840 Joannes
1413 1784 1758 1858 Clampinus
1788 1772 2060 1845 Romanus

2158 554 2294 615 cum
2326 538 2502 595 ﬁdem
2531 539 2858 598 emendata.
2888 538 3189 595 Accedunt
3206 536 3394 611 Opera
3422 537 3655 594 Maximi
3683 537 3810 594 Tau-

2159 642 2419 684 νιηεηηςῖδ.

2198 712 2201 715 “
2231 717 2446 773 Parum
2463 716 2696 790 cognita
2715 716 2913 788 editio,
2928 719 2985 774 et
3001 717 3179 790 cujux
3195 715 3292 772 vix
3313 733 3500 773 unum
3521 716 3818 790 exemplar

2144 804 2403 862 .transAl
2408 821 2511 881 pes
2528 804 2823 878 migravit.
2840 806 3044 862 Merito
3062 805 3299 879 quidem
3318 822 3445 874 suo,
3460 804 3509 862 si
3528 811 3816 863 nostrates

2163 897 2390 951 mutare
2405 892 2733 966 bibliopolae
2751 894 3044 968 nequitias
3061 894 3491 967 olfecerint,qui
3510 894 3737 951 codices
3758 895 3817 951 in

2138 982 2332 1065 titulo
2347 982 2668 1040 venditavit
2682 984 2755 1039 ad
2780 984 3426 1057 emptoresfrequenter
3446 982 3815 1057 alliciendos];

2162 1071 2558 1145 reveraOpera
2571 1072 2798 1144 Leonis,
2816 1088 2942 1146 qua;
2963 1072 3025 1128 in
3046 1071 3356 1138 Quesnello
3378 1072 3637 1128 exhibita
3657 1078 3818 1141 sunt,

2162 1160 2379 1217 additis
2408 1161 2673 1233 ejusdem
2703 1178 2880 1234 super
2906 1162 3099 1218 tribus
3140 1160 3319 1217 Leoni
3359 1161 3616 1235 primum
3648 1163 3720 1218 ab
3751 1179 3819 1219 eo

2160 1249 2471 1307 vindicatis
2497 1249 2794 1323 opusculis
2825 1250 3358 1319 dissertationibus,
3392 1250 3639 1323 recudit,
3668 1256 3744 1320 et,
3771 1251 3821 1309 si

2163 1340 2420 1397 Cacciaro
2452 1339 2599 1396 ﬁdes
2642 1338 2739 1407 sit,
2771 1356 2900 1413 quae
2929 1339 3100 1396 nobis
3144 1356 3262 1396 non
3309 1338 3539 1396 videtur
3568 1340 3620 1396 ei
3650 1340 3824 1397 dene-

2164 1428 2378 1502 ganda,
2400 1427 2731 1485 innumeris
2752 1444 3064 1501 operarum
3087 1427 3246 1484 vitiis
3276 1428 3532 1484 fcedavit.
3548 1429 3665 1485 Nec
3686 1445 3823 1485 vero

2166 1515 2360 1590 palam
2384 1532 2519 1573 eum
2544 1516 2690 1572 ferre
2709 1521 2880 1589 putes
2901 1514 3197 1581 Quesnelli
3223 1515 3613 1589 diligentiam.
3634 1517 3822 1574 Immo

2165 1603 2292 1685 ipse
2308 1603 2990 1662 contemnenslectorum
2999 1605 3301 1678 judicium
3319 1605 3612 1673 Quesnelli
3633 1623 3829 1680 perso-

2168 1710 2307 1750 nam
2339 1693 2553 1765 induit,
2567 1698 2625 1751 et
2653 1711 2780 1769 quae
2811 1693 2911 1753 ille
2935 1694 3250 1768 scripserat
3270 1712 3306 1751 a
3331 1710 3386 1752 se
3413 1695 3632 1751 demum.
3658 1697 3829 1753 Leoni

2084 1825 2137 1895 Β
2168 1782 2465 1852 vindicata,
2485 1783 2655 1856 quasi
2686 1800 2795 1840 sua
2822 1783 3173 1858 (bibliopolae
3205 1782 3445 1856 scilicet)
3477 1801 3653 1856 opera
3678 1802 3830 1842 nunc

2169 1872 2404 1895 ..μέ..--.--,
2440 1871 2717 1895 -..³...Ι.⁶-...Ι-
2753 1872 2799 1895 -.‘
2842 1872 2906 1895 ..Δ
2952 1874 3349 1895 μ-..μ----...⁹..ι--
3408 1871 3604 1895 --J.'---
3655 1873 3825 1895 J------

956 1850 1169 1957 pratia?
1187 1889 1251 1929 ac
1277 1875 1335 1929 in
1360 1850 1603 1949 utraque
1611 1875 1897 1948 signatura
1927 1850 2137 1950 refe-ip
2161 1872 2410 1949 primum
2436 1850 2717 1933 ὺίῖιάἱοαία
2744 1872 2799 1932 εἰ
2832 1850 2907 1928 ἆά
2947 1850 3349 1945 manuscript“
3397 1850 3604 1929 οδάίὶθδ
3647 1873 3829 1931 denuo

736 1950 1071 2039 Romae
1094 1962 1199 2019 DC.
1237 1961 1412 2020 XCIII.
1443 1979 1514 2019 ex
1567 1971 1778 2038 typogr.
1807 1967 1889 2025 Io.
1920 1970 2056 2029 .Jac.

390 2024 671 2135 ﬁctam-3k
702 2024 1085 2123 ,Boentiia'pud
1121 2050 1178 2107 S.
1208 2051 1477 2122 Angelum
1515 2024 1911 2120 custodemiin
1942 2024 2061 2131 quo

406 2143 610 2215 motor
638 2154 839 2217 vocem
886 2154 1005 2215 arae
1034 2139 1095 2196 in
1120 2138 1359 2199 laudato
1408 2159 1677 2208 sermone
1723 2150 2060 2220 corruptam

392 2214 536 2309 esse
566 2214 882 2301 contendit,
905 2232 961 2301 et
988 2243 1067 2303 ex
1102 2229 1404 2291 codicibus
1436 2248 1580 2295 mss.
1611 2214 1928 2307 legendum
1958 2237 2059 2294 de-

392 2314 699 2397 monstrat
726 2332 875 2379 arez
903 2317 975 2385 ad,
1005 2316 1396 2392 signiﬁcanda
1418 2320 1611 2394 spatia
1637 2322 1855 2395 quibus
1883 2325 2064 2387 scala-

392 2402 547 2486 .rum
569 2396 675 2493 per
694 2422 855 2493 quas
874 2412 1153 2465 ascensus
1174 2407 1235 2462 in
1259 2406 1565 2467 basilicam
1586 2410 1653 2466 D.
1681 2412 1835 2469 Petri
1858 2415 2059 2484 detur;

398 2494 642 2571 ordines
670 2492 1132 2573 distinguantur.
1150 2495 1494 2563 Emendatio
1533 2515 1674 2557 sane
1698 2501 2055 2575 certissima,

406 2576 825 2659 quaproptera
855 2582 1173 2653 Ojuesnello
1209 2585 1432 2658 absque
1461 2586 1582 2644 ulla
1609 2588 1972 2649 haesitatione
2000 2592 2060 2649 in

398 2672 631 2759 textum
660 2689 795 2759 pag.
823 2674 913 2759 8i,
936 2673 1141 2747 addito
1170 2675 1429 2733 auctoris
1462 2676 1671 2759 elogio,
1690 2682 1779 2737 est
1808 2685 2058 2756 recepta.

397 2758 490 2854 Ex
516 2760 628 2854 δας
657 2756 904 2835 epistola
929 2778 1101 2854 porro
1140 2761 1450 2854 hausimus
1479 2756 1749 2825 notitiam
1779 2764 2060 2849 quarum.

409 2850 547 2919 dam
583 2849 936 2915 Sermonum
984 2850 1195 2911 Leonis
1243 2850 1587 2924 editionum,
1628 2873 1776 2929 quas
1823 2858 2062 2917 aliunde

394 2934 559 3017 :mihi
584 2937 950 3025 innotescere
993 2938 1158 3025 haud
1190 2940 1453 2999 memini.
1487 2944 1599 3001 Sed
1646 2944 1915 3005 lectores.
1943 2965 2060 3007 non

407 3026 596 3085 celare
623 3024 825 3100 debeo,
846 3028 906 3091 id
929 3024 1084 3102 quod
1111 3027 1360 3105 singulis
1383 3030 1441 3088 in
1469 3030 1621 3092 locis.
1634 3033 1813 3095 etiam
1836 3036 1939 3095 ubi
1960 3054 2060 3095 eas

407 3112 792 3197 proponimus
816 3114 1039 3189 monui,
1060 3119 1237 3187 tidem
1258 3118 1364 3177 viri
1387 3117 1450 3179 in
1469 3120 1581 3189 hoc
1601 3139 1715 3179 non
1742 3124 1887 3182 satis
1911 3122 2061 3184 mihi

399 3202 948 3293 esseexploratsm.
972 3208 1138 3277 Quod
1183 3208 1440 3282 reliquas
1469 3209 1650 3284 hujus
1696 3214 2057 3286 repetitionis

407 3288 585 3377 dotes
600 3295 838 3377 attinet,
869 3294 1091 3365 indices
1136 3295 1310 3371 paulo
1350 3298 1703 3373 copiosiores
1750 3307 1924 3361 nacta
1946 3308 2056 3375 est,

403 3372 715 3463 inquehis
744 3402 959 3469 novum
1009 3386 1295 3458 librorum,
1317 3372 1609 3462 coramque
1648 3391 1908 3463 capitum,
1936 3372 2057 3450 ser;

400 3464 665 3551 _monum,
694 3466 1082 3559 Epistolarum,
1106 3492 1401 3548 earumque
1444 3494 1775 3550 synopseom,
1815 3485 1873 3537 et
1916 3481 2061 3540 alio-

994 3558 1185 3645 Vpritni
1212 3566 1521 3636 titulorum,
1545 3584 1662 3640 quo
1691 3569 2056 3641 prioreditio

588 3636 1092 3745 paret.Enimvero
1123 3638 1411 3727 displicet,
1434 3636 1817 3731 eosdem-qui
1859 3662 2056 3718 tamen

394 3734 803 3829 βὲτξιιρόιιὶοπθ
858 3742 1176 3813 maximam
1233 3746 1458 3814 partem
1516 3748 1659 3801 sunt
1714 3746 1962 3820 repetiti,
1993 3747 2055 3805 in

399 3827 714 3917 ptrip'sque
738 3830 887 3915 torni
904 3829 1085 3897 titulo
1106 3846 1324 3904 magna
1344 3847 1479 3891 cum
1509 3849 1726 3906 pompa
1750 3837 2057 3899 ostentari.

400 3914 664 3999 Depiun
684 3914 1008 3998 descriptio
1038 3918 1232 3997 operis
1271 3920 1871 3989 factaestluculento
1900 3924 2054 3984 .cha-

400 4004 645 4078 ractere,
664 4004 823 4066 binis
844 4024 948 4083 per
966 4008 1246 4083 paginam
1267 4006 1576 4077 columnis,
1603 4009 1663 4065 in
1685 4008 1890 4071 charta
1917 4029 2057 4071 neu-

400 4093 633 4185 ὲίιῐιιθιω
662 4098 1111 4185 contemnenda.
1292 4138 1297 4147 ν

1011 4189 1250 4271 Βιαυιρ
1284 4202 1443 4263 avni.

475 4273 636 4341 1739,
667 4275 854 4341 Rm
901 4278 1043 4350 εχρίδ
1091 4275 1455 4343 8,,Michaelis
1485 4276 1556 4335 ad
1584 4278 1780 4350 Ripam
1828 4284 2051 4353 sumpt.

396 4362 622 4443 Eieron,
652 4363 948 4439 Mainardi,
978 4366 1168 4438 mret.
1202 4363 1504 4436 s._Leonis
1541 4364 1814 4438 Epistolas
1856 4358 2054 4441 decr-6+

399 4446 580 4523 tales;
605 4446 665 4513 in
684 4444 1007 4531 Collectiane
1023 4451 1364 4527 amplissima
1378 4452 1671 4511 Bullarum
1682 4458 1885 4531 pontii.
1901 4458 2053 4528 Rom,

396 4534 485 4599 ed.
518 4541 712 4601 Carolo
743 4541 1109 4614 Cocquelines.
1143 4540 1195 4598 T.
1231 4541 1277 4611 Ι,
1311 4558 1347 4597 a
1374 4557 1507 4615 pag.
1539 4544 1613 4599 25
1642 4543 1716 4599 ad
1745 4545 1834 4603 47.

398 4692 403 4715 ί
466 4629 769 4715 Humerus
790 4632 1202 4715 contentorum
1235 4632 1325 4688 est
1350 4629 1492 4689 XIX.
1526 4630 1679 4697 sunt
1704 4624 1862 4703 vero,
1881 4634 2056 4707 juxta

390 4708 694 4867 went
721 4708 1011 4788 ordinem.
1042 4717 1130 4785 hae
1156 4710 1236 4805 ξι,
1270 4718 1340 4788 II,
1375 4717 1473 4788 III,
1496 4719 1567 4788 V,
1595 4720 1745 4788 VIII,
1774 4721 1895 4790 XII,
1927 4722 2046 4797 xv,

474 4859 483 4867 ,
523 4800 743 4867 .XYII.
772 4804 923 4867 XIV.
965 4796 1178 4867 XCVII.
1209 4805 1398 4867 XXIX.
1430 4807 1642 4867 XLVII.
1668 4810 1742 4867 .L.
1791 4809 2045 4867 CXXXV.

474 4796 1642 4897 Ezﬁl‘YIhEEYsXQVHJXPS:XLVII»
1668 4810 1742 4881 ’Ῑίν
1791 4809 2045 4897 CXXXV!

394 4886 663 4962 LXXVII;
688 4886 998 4965 LXXXVII,
1030 4888 1270 4966 CXXIX,
1304 4894 1586 4954 CXXXVI.
1609 4899 1695 4954 Ab
1733 4896 1899 4967 initio
1929 4886 2047 4960 sta;-

392 4978 504 5037 tim
533 4979 722 5040 editor
767 4976 1031 5056 subjecta
1063 4978 1135 5042 ad
1164 4978 1440 5057 'primam
1486 4984 1795 5058 epistolam
1845 4980 2051 5046 notula

394 5072 707 5153 monetae
736 5078 951 5131 omnes
974 5089 1049 5153 ex
1074 5074 1302 5131 Antonii
1342 5073 1494 5130 card.
1528 5074 1745 5147 Camfw
1788 5078 2048 5149 Epistolis

392 5149 595 5227 decreti
623 5149 882 5219 surnmor.
909 5150 1109 5236 pontif.
1140 5169 1281 5218 torno
1320 5161 1342 5217 Ι
1379 5161 1834 5238 deprompsisse,
1860 5166 2050 5225 addit-

394 5264 509 5323 que
538 5250 734 5323 studio
781 5251 963 5325 hujus
1007 5247 1343 5318 cardinalis,
1368 5251 1467 5322 qui
1499 5250 1720 5313 scilicet
1749 5255 2048 5315 codicibus

391 5324 699 5403 Vaticanis
732 5324 976 5414 adjutus
1017 5338 1147 5410 fuit,
1180 5339 1499 5405 admodum
1547 5339 1869 5401 dissimiles
1915 5360 2047 5405 esse

392 5424 654 5484 redditas
679 5426 755 5484 iis
778 5444 928 5501 quas
975 5425 1290 5485 canoniste
1341 5431 1398 5483 et
1442 5427 1703 5500 Operum
1743 5431 1803 5486 Β.
1842 5431 2046 5489 Leonis

392 5504 729 5593 collectores
756 5516 1066 5574 ediderint.

466 5601 888 5678 1741.;l’enetiis
927 5604 1075 5678 apud
1109 5604 1473 5676 Augustinum
1502 5603 1733 5675 Savioli,
1762 5606 1949 5680 iii-fol.
1982 5612 2039 5669 Β.

2166 1959 2454 2041 emendata
2482 1960 2722 2037 prol‘ert.
2748 1960 2866 2017 Hac
2896 1959 3025 2047 ipsa
3049 1959 3301 2035 denique
3329 1960 3697 2035 impudentia
3717 1979 3831 2019 sua

2148 2034 2498 2123 legentibus
2521 2051 2724 2123 jocum
2755 2034 2939 2119 dedit;
2970 2050 3114 2106 dum
3146 2034 3334 2124 elogio
3365 2034 3575 2108 Leonis
3595 2068 3631 2108 a
3650 2053 3837 2121 Ques-

2169 2137 2321 2201 nello
2352 2138 2587 2201 condito
2611 2136 2679 2195 et.
2699 2138 2795 2194 hic
2817 2138 3036 2213 pariter
3060 2139 3264 2196 eadem
3295 2156 3512 2213 pompa
3540 2157 3742 2197 recuso
3767 2140 3828 2197 in

2167 2222 2363 2285 locum
2392 2226 2650 2287 nominis
2674 2225 2968 2292 Quesnelli
2998 2226 3339 2284 substituit:
3364 2229 3751 2286 Devotissimus
3773 2234 3833 2297 et

2166 2316 2690 2388 obsequentissimus
2716 2316 2889 2375 cliens
2917 2317 3252 2389 Augustinus
3281 2317 3510 2374 Savioli.
3539 2317 3830 2377 Caeterum

2152 2403 2547 2477 meminerint
2601 2403 2848 2461 lectores
2898 2404 2971 2460 ab
3038 2404 3245 2462 eodem
3301 2404 3621 2478 bIbliopola
3675 2407 3835 2464 Petri

2172 2494 2493 2566 Chrysologi
2525 2493 2712 2566 Opera
2733 2494 2904 2565 juxta
2947 2492 3265 2550 editionem
3295 2494 3549 2567 priscam
3580 2512 3709 2552 esse
3738 2512 3832 2552 re-

2169 2598 2330 2650 cusa,
2354 2581 2511 2655 quod
2554 2582 2835 2656 Fulgentio
2865 2582 3087 2656 pariter
3130 2583 3413 2641 accidisse
3441 2584 3501 2640 in
3533 2583 3832 2657 sequenti-

2174 2672 2286 2727 bus
2316 2670 2565 2728 discent.
2766 2720 2767 2723 η

2158 2808 2161 2811 λ
2241 2759 2400 2815 1748.
2424 2762 2655 2819 Venetiis
2681 2762 2837 2834 apud
2853 2761 3128 2818 Andream
3146 2762 3366 2832 Poletti,
3387 2762 3569 2834 in-fol.
3591 2763 3643 2819 T.
3669 2762 3741 2819 II.
3766 2763 3829 2820 S.

2170 2848 2381 2906 Leonis
2395 2848 2906 2923 Ope'ra.Accedunt
2918 2850 3108 2907 Codex
3120 2851 3423 2907 Canonum
3439 2849 3708 2911 Ecclesiae
3721 2853 3835 2909 Ro-

2168 2943 2442 3008 manas,et
2457 2939 2739 2996 Sermones
2760 2942 2819 2997 et
2835 2939 3093 2998 Homiliz
3108 2939 3163 2995 S.
3178 2941 3408 2997 Maximi
3426 2942 3668 3014 episcopi
3689 2941 3830 2998 Tau-

2168 3028 2409 3085 rinensis
2429 3028 2502 3083 ad
2524 3044 2667 3089 mss.
2691 3028 2920 3087 codices
2941 3028 3132 3097 denuo
3157 3028 3425 3103 castigati
3446 3033 3505 3086 et
3523 3028 3699 3089 aucti.

2240 3115 2485 3175 Curator
2513 3115 2693 3190 hujus
2718 3116 2992 3175 editionis
3022 3117 3134 3175 fuit
3158 3118 3404 3183 Andreas
3432 3118 3692 3188 Polettus,
3716 3119 3832 3177 V6-

2086 3183 2131 3275 β
2169 3210 2341 3263 notus
2369 3206 2509 3263 item
2556 3183 2977 3279 tvpographus.
3012 3207 3093 3262 Ex
3135 3222 3202 3263 eo
3230 3205 3488 3280 primum
3539 3183 3831 3266 discimus

2169 3292 2421 3366 priorem
2433 3293 2745 3368 Augustini
2756 3294 2969 3351 Savioli
2984 3295 3599 3368 editionem,quamvis
3612 3296 3829 3355 misere

2166 3381 2650 3452 consarcinatum,
2665 3387 2788 3439 tam
2810 3383 3100 3456 frequenti
3121 3387 3319 3441 tamen
3341 3388 3673 3458 emptorum
3697 3402 3835 3443 con-

2167 3487 2343 3528 cursu
2376 3488 2507 3528 esse
2533 3472 2980 3544 distractam,ut
3000 3472 3357 3548 exemplaria
3375 3474 3503 3549 jam
3533 3474 3831 3534 desidera-

2167 3564 2388 3617 rentur.
2416 3562 2697 3629 Quocirca
2725 3578 2861 3618 cum
2906 3578 2975 3618 ex
3005 3578 3066 3618 re
3095 3579 3207 3619 sua
3235 3562 3595 3621 existimaret
3634 3565 3831 3623 denuo

2164 3648 2378 3711 Leonis
2417 3651 2605 3723 Opera
2640 3651 2801 3724 prelo
2838 3650 3224 3721 committere,
3259 3651 3385 3724 ipse
3422 3646 3622 3709 tamen
3660 3653 3830 3712 nefas

2160 3752 2294 3819 esse
2322 3742 2652 3813 reputasset
2671 3739 2880 3797 Savioli
2908 3739 3208 3814 exemplar
3226 3744 3447 3798 temere
3473 3742 3826 3814 exscribere,

2165 3826 2471 3884 doctorum
2500 3827 2760 3895 virorum
2784 3828 3048 3886 consiliis
3068 3830 3312 3887 ductum
3343 3848 3407 3888 se
3438 3836 3829 3901 asseverat,ut

2162 3913 2325 3993 aliud
2354 3914 2618 3973 melioris
2648 3919 2799 3973 notas
2828 3921 2887 3975 et
2915 3919 3353 3977 accessionibus
3375 3923 3614 3976 auctum
3635 3936 3831 3977 exem-

2163 4002 2295 4079 plar
2323 4005 2725 4078 repraesentari
2759 4004 3010 4079 duraret,
3034 4002 3092 4063 id
3115 4009 3274 4081 quod
3303 4025 3419 4066 non
3452 4007 3612 4065 aliud
3644 4026 3827 4083 quam

2158 4086 2351 4175 ipsius
2363 4092 2655 4160 Quesnelli
2669 4092 3200 4154 editioParisiensis
3218 4096 3611 4171 fuit,demptis
3623 4101 3828 4156 tamen

2160 4181 2460 4256 aliquibus
2476 4185 2533 4239 et
2553 4176 2770 4247 additis
2791 4183 3041 4242 invicem
3062 4201 3192 4258 quae
3215 4186 3275 4241 in
3294 4184 3466 4242 titulo
3489 4185 3830 4261 signiﬁcan-

2161 4275 2277 4341 tur.
2297 4270 2446 4329 Illud
2476 4275 2673 4329 tamen
2706 4272 2880 4341 scias,
2901 4286 3020 4330 non
3041 4273 3559 4342 Quesnellum,sed
3588 4278 3825 4334 tantum

2162 4358 2552 4423 Parisiensem
2565 4360 2879 4418 editionem
2892 4379 3029 4419 eum
3046 4362 3390 4436 appellasse,
3398 4365 3422 4436 j
3432 4368 3639 4421 ustone
3656 4369 3823 4422 metu

2158 4442 2236 4521 an
2267 4455 2335 4506 ut
2363 4448 2632 4506 homines
2657 4466 2827 4524 parce
2858 4451 3082 4525 doctos,
3101 4452 3204 4508 sed
3234 4455 3397 4510 tanto
3427 4451 3823 4529 religiosiores

2165 4537 2540 4605 simulatione
2568 4537 2679 4595 hac
2716 4537 2963 4609 falleret,
2986 4556 3103 4596 non
3133 4540 3605 4613 disceptaverim.
3630 4543 3823 4599 Tomus

2161 4629 2394 4700 primus,
2422 4625 2642 4698 pariter
2669 4643 2735 4683 ac
2766 4616 3187 4695 Quesnellianae
3226 4630 3535 4703 editiones,
3560 4631 3825 4699 continet

2157 4718 2468 4772 Sermones
2489 4714 2548 4769 in
2565 4714 2725 4771 varia
2740 4714 2932 4793 capita
2953 4716 3284 4786 distinctos,
3301 4718 3536 4790 praeﬁxa
3562 4718 3822 4792 singulis

2158 4803 2396 4877 synopsi
2411 4801 2843 4879 quaaParisino
2860 4804 3079 4862 editors
3091 4805 3350 4881 primum
3364 4806 3642 4865 instructi
3655 4812 3817 4881 sunt;

2156 4880 2448 4965 Epistolas
2465 4889 2673 4949 deinde
2692 4891 2955 4963 totidem,
2970 4895 3294 4967 eodemque
3307 4894 3512 4952 ordine
3534 4912 3600 4952 ac
3622 4896 3821 4953 distri-

2157 4979 2417 5047 butione,
2433 4980 2692 5037 fontibus
2716 4982 2871 5037 unde
2892 4980 3061 5038 novas
3076 4981 3188 5038 illis
3212 4983 3399 5040 ductae
3420 4987 3619 5041 essent
3640 4986 3825 5050 Ques-

2151 5068 2299 5129 nelli
2319 5068 2510 5128 verbis
2534 5068 2829 5129 indicatis.
2854 5070 2970 5127 Nec
2996 5070 3119 5129 tria
3142 5071 3245 5129 illa
3272 5072 3580 5145 opuscula,
3601 5088 3731 5145 quas
3752 5074 3815 5130 in

2157 5156 2422 5215 Parisi'na
2449 5156 2703 5213 editione
2724 5158 2899 5214 Leoni
2920 5159 3180 5231 primum
3201 5161 3425 5218 tributa
3454 5165 3612 5233 sunt,
3638 5178 3817 5236 repu-

2157 5246 2355 5314 diavit,
2389 5246 2449 5301 in
2480 5244 2589 5323 hoc
2637 5244 2828 5303 solum
2860 5248 2932 5307 ab
2978 5264 3048 5307 ea
3074 5251 3551 5326 recedens,quod
3601 5267 3720 5315 non
3749 5252 3813 5309 in

2156 5337 2345 5394 fronte
2376 5332 2760 5407 reliquorum,
2781 5336 2884 5407 sed
2915 5336 2991 5395 ad
3019 5334 3240 5396 calcem
3271 5339 3470 5414 potius
3496 5339 3810 5412 addiderit,

2154 5422 2436 5497 subjectis
2465 5421 2666 5480 statim
2689 5424 2881 5483 tribus
2902 5440 3029 5500 quae
3052 5427 3125 5485 ad
3149 5428 3354 5487 eadem
3384 5430 3811 5502 spectant,dis-

2154 5510 2810 5572 sertationibusﬂontra
2832 5530 2958 5587 qum
2979 5517 3052 5572 ad
3074 5516 3336 5590 primum
3363 5521 3593 5575 tomum
3615 5534 3812 5576 acces-

2152 5606 2350 5664 serant
2377 5601 2438 5660 in
2484 5601 2767 5673 Parisina,
2792 5605 2911 5663 Vita
2939 5606 3144 5664 Hilarii
3170 5615 3386 5667 auctore
3414 5613 3717 5678 Honorum,
3749 5621 3811 5676 et
