4092 6178
428 344 502 411 91
844 341 1444 413 ΒΟΗἚΟΕΜΑΝΝΙ
1487 341 1810 411 ΝΟΤῙΤῙΑ
1853 345 2074 412 HISTG

2180 343 2791 412 CO-LITTERARIA
2830 342 2912 410 IN
2957 345 3022 409 S.
3068 337 3413 411 LEONE”.
3754 346 3830 409 92

425 484 630 543 nandis
654 482 1091 555 castigandisque
1112 484 1355 539 veterum
1378 487 1426 538 P
1452 482 1516 539 P.
1547 481 1937 540 voluminibus.
1955 482 2073 555 Ipse
2099 485 2157 554 Α
2181 482 2339 541 dium
2365 481 2673 541 adhibitum
2702 481 2768 542 in
2797 481 3178 556 exaggeranda
3203 497 3307 538 sua
3336 495 3465 555 erga
3494 477 3550 536 S.
3600 478 3834 538 Leonem

427 591 663 648 namque
689 571 1010 646 quandoque
1026 572 1264 629 clariora
1292 574 1471 629 sancti
1509 571 1787 645 pontiﬁcis
1829 572 1945 628 loca
1976 572 2073 627 ob-

427 667 622 731 scuris,
635 663 939 735 sequivocis,
952 662 1216 734 falsisque
1225 662 1674 719 annotationibus
1682 660 1910 733 foedavit
1927 679 1940 728 ;
1958 661 2077 717 alia

427 754 497 809 ad
506 767 727 824 prorsus
738 750 1004 807 violentas
1017 751 1492 822 interpretationes
1504 750 1728 806 detorsit
1746 767 1768 813 ,ο
1790 752 2076 806 veritatem

425 842 667 913 fallaciis
696 839 953 903 occuluit,
987 841 1270 912 oppressit,
1300 846 1461 910 atque
1484 846 1744 911 perpetuo
1799 842 2075 910 praetextu

404 929 775 1002 antiquitatis
796 928 1146 1000 inquirenda
1172 936 1225 984 et
1251 927 1604 985 illustrandae
1659 943 1723 983 ea
1777 931 2075 1000 systemata

424 1020 629 1075 sensim
637 1017 900 1090 etubique
908 1017 1158 1074 stabilire
1193 1018 1407 1086 sategit,
1423 1032 1548 1088 quae
1557 1017 1940 1074 hwreticorum
1945 1033 2075 1089 par-

425 1109 572 1164 tibus
580 1110 785 1180 favent,
820 1110 872 1163 et
889 1121 1064 1164 sacrm
1080 1108 1464 1163 ecclesiasticae
1484 1105 1818 1164 trierarchis?
1829 1108 2075 1175 regimen

425 1196 691 1270 dejiciunt
708 1212 729 1259 ;
755 1211 894 1268 pene
922 1195 1241 1268 quandoque
1260 1196 1430 1251 etiam
1458 1195 1682 1261 abolita,
1731 1202 1829 1250 aut
1879 1194 2074 1250 saltem

428 1286 726 1341 imminuta
754 1286 1120 1341 Romanon
1133 1284 1457 1356 pontiﬁcum
1484 1300 1613 1340 vera
1634 1287 1685 1339 et
1706 1284 1955 1352 legitima
1974 1284 2070 1354 ju-

426 1373 740 1430 risdictione
767 1389 933 1446 super
952 1388 1136 1428 omnes
1165 1373 1797 1439 aliasEcclesias,etiam
1812 1371 2068 1429 Orientis.

426 1463 611 1519 Alium
636 1463 858 1517 interim
884 1465 1067 1517 tamen
1085 1477 1141 1517 se
1157 1477 1271 1518 esse
1287 1462 1593 1517 simulavit.
1628 1460 2073 1532 Quandoquidem

427 1551 489 1607 in
515 1551 633 1606 suis
662 1545 960 1606 scribendis
990 1549 1264 1621 operibus,
1292 1556 1347 1607 et
1370 1550 1434 1604 in
1462 1549 1720 1606 Leoninis
1737 1549 2073 1608 adornandis

425 1640 666 1712 scriptis,
697 1639 874 1694 multo
885 1638 1184 1709 artiﬁciose
1202 1647 1402 1696 conatu
1428 1645 1665 1709 ususest,
1687 1638 2068 1711 reverentiam,

419 1730 701 1802 pietatem,
731 1729 1045 1799 cultumque
1074 1744 1205 1799 erga
1234 1729 1498 1784 Romanos
1513 1729 1798 1801 pontiﬁces
1831 1732 1883 1784 et
1935 1742 2071 1800 apo-

421 1817 669 1873 stolicam
694 1816 876 1873 sedem
903 1816 1229 1889 affectando,
1272 1820 1335 1872 ut
1368 1818 1618 1873 incautos
1669 1816 1959 1889 deciperet,
2015 1820 2070 1873 et

422 1907 621 1964 occulti
651 1905 821 1962 hostis
868 1921 1035 1978 quam
1089 1907 1394 1978 saepissime
1446 1913 1630 1977 partes
1670 1904 1899 1974 agendo,
1954 1908 2073 1976 post

420 1994 768 2067 splendidum
787 1994 1078 2050 verborum
1094 1998 1446 2066 apparatum,
1460 1994 1590 2050 illas
1599 2009 1803 2050 veneno
1820 2008 2073 2065 aspersas

417 2085 815 2158 propositiones
845 2090 1073 2151 eructat,
1104 2097 1230 2154 quae
1247 2098 1475 2140 erronea
1497 2091 1548 2138 et
1577 2084 1638 2138 in
1664 2082 1916 2138 omnibus
1932 2098 2072 2138 com-

419 2174 674 2230 mentitia
699 2172 815 2245 ejus
843 2171 1292 2245 systematafal'so
1320 2170 1508 2244 aliquo
1530 2172 1782 2228 veritatis
1800 2171 1980 2227 colore
1990 2172 2073 2226 in-

422 2261 590 2319 duere
612 2277 764 2335 posse
790 2261 1144 2317 arbitrantur
1172 2262 1272 2331 (a).

495 2352 559 2407 In
587 2350 698 2407 huc
713 2365 850 2424 ergo
870 2365 1066 2406 rerum
1079 2349 1414 2405 conditione
1425 2364 1559 2406 cum
1580 2348 1789 2423 ingens
1800 2347 2070 2406 laborum

423 2456 574 2497 onus
588 2438 854 2496 humeris
869 2437 995 2494 suis
1009 2434 1357 2511 impositum
1367 2436 1746 2507 emstimaret,
1760 2453 1896 2495 enm
1909 2440 2069 2495 textu

423 2545 458 2585 θ.
479 2527 645 2586 taleis
674 2532 731 2585 et
751 2525 1406 2600 corruptislectionibus
1427 2527 1737 2599 purgando
1767 2532 1824 2583 et
1861 2528 1933 2583 ad
1952 2526 2069 2601 pri-

423 2618 640 2674 stinam
665 2616 1056 2690 integritatem
1096 2617 1479 2685 restituendo,
1502 2616 1561 2672 id
1598 2617 1755 2688 quod
1790 2633 2070 2691 synopses

423 2705 601 2762 etiam
621 2704 989 2769 aQuesnello
1003 2704 1266 2761 studiose
1300 2704 1614 2761 temeratae
1655 2704 1951 2777 postulem
1985 2705 2069 2761 af-

423 2793 648 2862 ﬁrmat;
668 2798 797 2848 tum
820 2792 1082 2864 augendo
1104 2790 1703 2866 aliquagenuinorum
1722 2808 1971 2865 operum
1982 2809 2072 2850 ae-

423 2881 686 2939 cessione
697 2896 882 2953 eaque
912 2897 1037 2953 qua:
1060 2896 1176 2937 non
1197 2879 1313 2935 nisi
1334 2896 1513 2953 prava
1532 2885 1590 2937 et
1609 2880 1861 2938 subdola
1902 2898 2070 2938 men-

424 2975 483 3030 te
505 2970 577 3028 ab
594 2986 661 3026 eo
694 2968 968 3026 Leoninis
1008 2969 1229 3025 inserta
1263 2973 1422 3026 esset
1450 2968 1750 3043 (intelligit
1784 2969 1969 3028 libros
2004 2971 2071 3027 de

428 3061 716 3121 Vocatione
740 3058 1005 3132 gentium,
1051 3059 1399 3114 auctoritates
1447 3058 1587 3115 sedis
1639 3060 1952 3132 apostolicae
2005 3059 2071 3118 de

427 3150 637 3216 Gratia,
668 3152 720 3206 et
747 3147 1046 3220 Epistolam
1073 3145 1144 3203 ad
1168 3145 1580 3216 Demetriadem,
1622 3146 1764 3204 item
1823 3147 2071 3206 Codieem

2101 1855 2148 1920 Β

2186 582 2239 632 et
2265 573 2805 647 apostolicamsedem
2819 571 3100 630 devotione
3118 572 3400 644 animique
3416 571 3643 643 pietate,
3666 587 3835 643 quam

2184 665 2378 720 testari
2404 680 2459 721 se
2485 664 2712 719 simulat
2741 670 2935 719 ornata
2961 661 3198 735 quadam
3226 648 3473 717 oratione
3491 660 3577 715 vel
3592 660 3651 714 in
3669 659 3832 733 hujus

2185 752 2372 808 laudes
2418 752 2772 818 excurrendo,
2817 751 2902 808 vel
2956 752 3199 808 Leonina
3225 754 3373 822 gesta
3401 751 3565 822 atque
3618 751 3834 805 statuta

2181 858 2306 897 cum
2336 842 2573 897 aliorum
2600 843 2969 913 episcoporum
2990 840 3260 905 doctrina,
3288 839 3514 911 pietate,
3562 837 3834 909 religione

2179 931 2609 987 clarissimorum
2641 931 2891 1003 operibus
2918 929 3084 985 simul
3113 926 3497 1000 comparando,
3528 927 3615 981 vel
3635 928 3696 982 in
3724 942 3836 982 me-

2180 1018 2336 1074 dium
2360 1020 2587 1074 interim
2629 1016 2942 1074 adducenda
2991 1015 3362 1089 quarumdam
3400 1015 3835 1087 particularium

2177 1108 2513 1181 synodorum
2541 1107 2782 1175 regulas,
2815 1120 2941 1177 quae
2956 1106 3293 1162 anteLeonis
3315 1118 3498 1161 meum
3515 1103 3722 1159 alicubi
3736 1103 3831 1158 ob-

2181 1195 2688 1267 tinuerunt,quibus
2714 1194 2927 1249 subesse
2954 1197 3007 1249 et
3036 1194 3288 1249 insistere
3302 1208 3576 1248 summum
3598 1189 3832 1263 pontiﬁ-

2177 1302 2295 1342 cem
2320 1286 2565 1341 debuisse
2591 1287 2880 1339 asseverat.
2915 1281 3056 1351 Quid
3081 1283 3231 1338 enim
3249 1283 3276 1334 .9
3302 1279 3608 1352 Aliquando
3636 1280 3832 1347 talem,

2179 1378 2500 1445 tantumque
2524 1371 2847 1429 eruditionis
2875 1379 3204 1444 apparatum
3233 1369 3304 1426 ad
3332 1385 3457 1426 suos
3485 1370 3708 1424 tectores
3736 1367 3830 1424 de-

2178 1463 2445 1521 lectandos
2488 1461 2812 1525 construxit,
2843 1461 3047 1516 sensim
3101 1474 3301 1530 susque
3346 1457 3516 1530 deque
3573 1458 3833 1529 antiquas

2162 1553 2433 1609 sEcclesiaz
2460 1544 2546 1608 res
2574 1551 2752 1617 vertit,
2770 1548 3131 1621 perturbavit,
3155 1548 3394 1614 miscuit,
3418 1550 3479 1601 ut
3507 1558 3581 1601 ne
3596 1546 3689 1601 vis:
3704 1540 3831 1617 qui-

2176 1642 2302 1698 dem
2329 1646 2630 1713 appareant
2656 1639 2834 1694 illicia
2853 1637 3052 1710 quibus
3081 1652 3211 1693 usus
3240 1635 3397 1693 estad
3417 1650 3594 1707 prava
3616 1650 3721 1690 sua
3734 1646 3832 1705 sy-

2170 1730 2407 1795 Iemata
2453 1725 2799 1786 insinuanda
2839 1730 3002 1798 atque
3024 1723 3339 1798 ﬁrmanda:
3357 1722 3468 1780 sibi
3499 1723 3640 1795 forte
3671 1720 3832 1779 blan-

2175 1818 2393 1888 diendo,
2420 1836 2481 1873 in
2507 1814 2681 1873 sacris
2707 1819 2759 1872 ct
2788 1815 3171 1872 ecclesiasticis
3212 1815 3376 1870 rebus
3418 1811 3833 1885 pertractandis

2179 1909 2463 1981 hominum
2484 1907 2729 1978 ingenia,
2759 1912 2812 1962 et
2838 1904 3060 1961 dicendi
3086 1910 3206 1959 arte
3221 1906 3273 1960 et
3283 1901 3673 1975 philosophicis
3697 1915 3833 1957 con-

2167 1997 2400 2070 jecturis
2415 1994 2597 2069 potius
2618 2010 2784 2067 quam
2793 2009 2979 2049 rerum
2996 1994 3226 2049 veritate
3234 1995 3287 2049 et
3301 1992 3580 2047 rationum
3592 1989 3838 2063 pondere

2172 2086 2497 2159 persuaderi
2517 2100 2692 2157 posse.
2717 2082 2906 2152 Qualis
2934 2086 3122 2138 autem
3142 2085 3454 2153 quantaque
3510 2076 3831 2150 diligentia,

2175 2185 2231 2233 et
2250 2176 2429 2231 animi
2455 2174 2699 2241 attentio,
2729 2187 2802 2227 ne
2819 2170 3111 2243 deciperer,
3144 2167 3452 2243 adhibenda
3477 2167 3619 2223 mihi
3655 2167 3831 2238 fuerit

2177 2266 2239 2320 in
2262 2261 2636 2337 percurrendo
2669 2262 2771 2317 hoc
2787 2261 3022 2332 aliisque
3035 2258 3314 2328 Quesnelti
3330 2254 3829 2323 dissertationibut,

2174 2368 2334 2409 nemo
2359 2352 2529 2423 facile
2544 2349 2746 2423 poterit
2776 2346 3108 2418 intelligere,
3121 2347 3238 2402 nisi
3264 2347 3312 2402 ii
3332 2348 3474 2418 forte
3502 2345 3601 2417 qui
3624 2346 3688 2400 in
3703 2360 3836 2401 con-

2176 2439 2479 2499 scribendis
2487 2438 2873 2496 eruditissimis
2889 2436 3331 2503 Commentariis,
3345 2433 3417 2491 ad
3435 2434 3830 2491 ecclesiasticas

2176 2546 2262 2587 res
2280 2527 2702 2602 pertinentibus,
2749 2540 2837 2581 me
2886 2528 3307 2598 praecesserunt.
3363 2521 3832 2594 Quemadmodum

2174 2620 2471 2677 novissime
2495 2616 2927 2689 factumfuissea
2955 2613 3379 2671 cl.viroJoanne
3399 2611 3638 2668 Antonio
3657 2613 3833 2668 Bian-

2177 2708 2359 2766 ehinii
2382 2713 2592 2762 norunt
2616 2706 2714 2777 qui
2740 2702 2984 2776 ejusdem
3009 2718 3108 2759 sea:
3135 2703 3419 2759 volumina
3455 2701 3524 2757 de
3577 2701 3831 2758 Ecclesia

2170 2795 2813 2871 potestatemetimarunt.
2828 2794 2880 2848 Is
2892 2792 3041 2848 enim
3064 2792 3125 2847 in
3149 2788 3833 2863 familiaribuscolloquiis

2174 2886 2321 2943 inter
2347 2900 2445 2942 nos
2456 2882 2679 2952 habitis,
2693 2880 2984 2938 nonsemel
3003 2883 3226 2936 testatus
3244 2882 3323 2937 est
3334 2880 3513 2936 alium
3528 2892 3835 2952 numquam

2174 2980 2498 3048 scriptorem
2526 2972 2716 3043 legisse
2744 2972 2843 3043 qui
2865 2974 2942 3027 tot
2976 2969 3426 3025 simulationibus
3483 2972 3535 3024 et
3570 2964 3829 3038 artificiis

2173 3066 2421 3120 uteretur
2443 3066 2648 3135 praeter
2678 3059 3067 3128 Quesnellium.
3091 3058 3299 3129 Quippe
3312 3058 3410 3128 qui
3423 3072 3548 3112 cum
3567 3057 3831 3128 aliquan-

2174 3152 2241 3209 do
2263 3168 2323 3209 se
2343 3152 2511 3225 facile
2531 3149 2834 3222 perstringi
2852 3151 2904 3204 et
2921 3146 3186 3219 jugutari
3203 3161 3359 3217 posse
3383 3146 3667 3217 persensit,
3700 3147 3819 3199 sta-

427 3238 712 3296 Canonum
738 3237 996 3294 Ecclesiae
1024 3234 1302 3308 Romam)
1343 3235 1739 3306 eliminando;
1774 3253 1965 3310 neque
1982 3240 2067 3293 ta-
2095 3223 2140 3292 α
2177 3242 2278 3298 tim
2305 3223 2467 3314 quasi
2493 3239 2695 3309 anguis
2722 3237 2981 3302 etibatur,
3005 3242 3059 3292 et
3085 3250 3156 3291 ea:
3180 3250 3293 3290 una
3312 3233 3384 3290 ad
3403 3232 3519 3289 alia
3540 3233 3625 3289 vel
3639 3232 3832 3306 plures

426 3344 561 3386 men
573 3325 743 3401 plene
755 3341 818 3382 se
839 3329 1293 3382 consecuturum
1313 3329 1573 3397 speraret
1596 3324 1752 3397 quod
1775 3326 2067 3400 cupiebat,

426 3432 639 3489 nempe
658 3418 726 3472 ut
749 3430 955 3472 omnes
979 3412 1274 3481 Quesnelli
1292 3417 1606 3470 venenatos
1625 3413 1855 3472 aculeos
1876 3418 2070 3471 retun-

426 3506 606 3576 deret,
630 3520 882 3578 quorum
902 3501 1190 3575 plurimos
1209 3504 1266 3558 et
1280 3500 1660 3575 gravissimos
1681 3502 1742 3558 in
1781 3503 1907 3575 ejus
1944 3503 2066 3560 dis~

269 3608 280 3618 ‘
334 3646 342 3655 .
427 3591 827 3652 sertationede
860 3592 979 3649 Vita
995 3599 1052 3647 et
1095 3591 1270 3648 Rebus
1303 3592 1470 3664 gestis
1508 3590 1704 3648 Leonis
1737 3595 1818 3648 Μ.
1860 3602 2064 3665 super-

426 3699 557 3741 esse
575 3682 687 3740 sibi
712 3682 1084 3756 persuaserat
1116 3695 1131 3748 ;
1154 3678 1271 3736 huc
1291 3678 1615 3751 presertim
1653 3679 2071 3737 scientissimus

413 3771 707 3829 doctrinas
728 3786 847 3826 sua:
861 3767 1056 3841 copias
1081 3771 1412 3825 convertere
1427 3772 1486 3825 et
1503 3767 1722 3841 ingenii
1743 3769 1936 3827 nervis
1981 3769 2069 3826 in-

428 3857 775 3917 tentissimis
796 3861 1001 3913 contra
1016 3855 1212 3929 ipsum
1229 3854 1288 3911 in
1309 3854 1419 3912 hoc
1429 3857 1897 3915 exercitatiorum
1918 3874 2072 3916 cam-

435 3964 509 4020 po
549 3944 868 4018 deprssliari
907 3944 1179 4002 decrevit.
1212 3945 1322 4002 Sed
1354 3945 1491 4002 audi
1506 3945 1703 4018 ipsum
1728 3964 1742 4003 :
1763 3951 1916 4004 Inter
1941 3950 2073 4006 illas

430 4035 839 4093 dissertationes
864 4036 1047 4107 fucata
1074 4034 1252 4091 colore
1280 4034 1664 4093 ecclesiastica:
1677 4036 1995 4095 traditionis
2022 4043 2075 4096 et

431 4124 692 4182 Leonina:
713 4121 975 4179 doctrinae
1001 4122 1368 4189 illustrandae,
1399 4139 1435 4178 a
1453 4123 1744 4179 vachasio
1787 4123 2074 4192 Quesnello

428 4213 782 4285 conscriptas,
811 4211 1116 4284 principem
1142 4211 1322 4269 locum
1347 4210 1508 4267 habet
1542 4212 1685 4268 illa:
1736 4212 1815 4267 De
1850 4212 1982 4270 Vita
2018 4218 2076 4271 et

434 4302 629 4359 Rebus
649 4300 830 4375 gestis
852 4301 911 4356 S.
940 4299 1149 4357 Leonis
1170 4297 1389 4372 Magni.
1412 4297 1595 4355 Multis
1613 4297 1907 4371 fraudibus
1923 4304 2076 4360 enim

433 4391 615 4461 magis
644 4394 808 4462 atque
833 4390 1150 4447 conunentis
1171 4392 1341 4444 tantm
1366 4387 1508 4443 hanc
1540 4386 1982 4448 dissertationem
2026 4401 2079 4451 et

433 4483 659 4537 caeteras
687 4479 1070 4551 subsequentes
1085 4493 1201 4535 esse
1217 4479 1471 4548 refertas,
1491 4477 1589 4533 via:
1616 4477 1926 4549 intelligere
1976 4497 2074 4554 po.

436 4569 680 4636 tuissem,
708 4570 762 4624 si
790 4569 851 4623 in
878 4567 994 4623 illis
1008 4564 1397 4639 pereurrendis
1413 4564 1716 4638 semperad
1743 4567 1924 4640 ipsum
1954 4573 2080 4628 Leo-

435 4658 635 4712 ninum
656 4658 867 4713 textum
891 4670 1003 4711 non
1022 4668 1415 4726 provocassem,
1460 4656 1522 4708 ut
1549 4662 1738 4710 rerum
1792 4658 2079 4717 veritatem

437 4744 780 4817 inspicerem.
811 4743 878 4798 At
905 4758 1032 4797 eum
1057 4746 1207 4798 tanto
1235 4741 1472 4812 artiﬁcio
1501 4742 1619 4812 ipse
1644 4744 1732 4799 uti
1769 4745 1958 4815 soleat,
2016 4754 2080 4806 ut

435 4833 640 4889 sensim
669 4832 894 4888 lectores
920 4831 1089 4886 etiam
1106 4829 1303 4903 probos
1327 4833 1377 4886 et
1405 4830 1633 4902 optimos
1649 4832 1706 4886 in
1723 4847 1929 4903 pravas
1942 4851 2074 4894 suas

437 4920 657 5003 opiones
679 4918 997 4991 pertrahere
1021 4920 1212 4991 possit,
1252 4919 1453 4990 hosque
1507 4918 1699 4974 multis
1735 4922 2081 4995 praejudiciis

438 5006 707 5079 imbuere,
728 5007 1036 5079 plurimum
1061 5006 1205 5065 mitu'
1231 5006 1593 5063 laborandum
1617 5007 1797 5079 fuisse
1836 5027 2081 5084 praesens

440 5094 541 5154 hoc
566 5111 699 5171 apus
728 5094 1014 5152 indicabit.
1043 5096 1145 5153 Vise
1171 5095 1321 5152 enim
1364 5109 1632 5151 enarrare
1674 5111 1914 5169 possum,
1963 5110 2081 5159 stu-

515 5272 592 5344 (a)
612 5272 676 5346 In
699 5272 1190 5346 praefationeipsis
1201 5272 1489 5346 Operibus
1504 5273 2083 5346 praemissaeamdem

446 5342 741 5414 querelam
769 5343 852 5401 sic
872 5345 1036 5401 effert
1056 5342 1328 5402 {Tantum
1337 5344 1483 5399 abest
1504 5342 1902 5414 thuesnellus
1914 5354 2082 5410 eccle-

700 5415 1066 5500 et‘litterarize
1077 5414 1400 5500 reipublicz
1423 5414 1531 5496 bne
1555 5416 1822 5500 beneﬁcia
1839 5426 2083 5500 contule-

548 5486 644 5569 (ιιι
671 5484 893 5569 scilicet
920 5486 1127 5545 Leonis
1145 5484 1375 5569 scriptis
1395 5484 1807 5569 primigenianm
1847 5493 2083 5569 integri-

444 5557 629 5633 tatem
666 5556 1036 5633 et__nitorem,
1074 5556 1602 5633 quemadmodum'
1625 5562 1921 5630 professus
1969 5556 2081 5633 Est,

446 5624 795 5699 redonaret).
818 5632 881 5685 ut
910 5624 1297 5705 ipsum'potius
1333 5633 1544 5687 textum
1598 5624 1967 5706 compluribus
2023 5624 2085 5693 in

2176 3330 2503 3404 quaestiones
2526 3326 2897 3399 progrediens,
2922 3339 3051 3380 vera
3076 3324 3303 3380 incertis
3334 3326 3387 3379 et
3406 3323 3703 3396 «Ξᾳαίυοεὴ
3729 3321 3832 3378 ad-

2176 3418 2434 3485 miscuit;
2466 3424 2518 3472 et
2542 3431 2738 3471 rursus
2754 3414 2900 3486 falsa
2925 3421 2979 3470 et
3007 3426 3237 3470 erronea
3254 3410 3437 3467 dubiis
3452 3414 3511 3467 et
3523 3408 3828 3484 probabili-

2179 3508 2278 3565 bus
2299 3506 2576 3563 interserit
2605 3507 2658 3560 et
2683 3502 2953 3576 implicat,
2985 3510 3048 3558 ut
3074 3500 3146 3557 ad
3162 3501 3277 3557 sibi
3288 3500 3591 3573 praeﬁxum
3607 3510 3829 3581 scopum

2172 3597 2476 3671 perveniat.
2505 3595 2626 3650 Non
2653 3594 2829 3663 igitur
2847 3590 2919 3647 ad
2945 3589 3291 3647 eliminanda
3328 3590 3507 3646 solum
3549 3604 3580 3645 e
3622 3588 3830 3644 ‘Leonis

2179 3685 2440 3758 Operibus
2468 3685 2543 3740 tot
2564 3684 2890 3749 commenta,
2921 3679 3179 3753 fallacias
3207 3686 3369 3753 atque
3395 3694 3596 3749 nugas,
3644 3684 3698 3733 et
3753 3674 3827 3732 ad

2176 3772 2470 3831 asserenda
2495 3771 2611 3828 sedi
2631 3770 2945 3843 apostolica
2972 3784 3077 3824 sua
3104 3769 3357 3838 legitima
3386 3768 3527 3840 jura
3573 3765 3832 3839 sufﬁcere

2172 3866 2388 3938 poterat
2401 3861 2630 3917 illorum
2650 3861 2860 3916 textum
2874 3857 3090 3912 nudum
3107 3860 3162 3912 et
3173 3855 3451 3912 sincerum
3470 3854 3833 3927 undequaque

2178 3953 2246 4009 ab
2276 3950 2526 4008 omnibus
2552 3944 3103 4018 mendis,xquivocis
3129 3952 3181 4000 et
3191 3944 3350 4016 falsis
3368 3943 3834 4015 interpretationi-

2180 4039 2280 4097 bus
2314 4042 2678 4110 expurgatum
2728 4032 3005 4101 exhibere,
3063 4048 3258 4089 verum
3310 4044 3447 4106 opus
3494 4040 3619 4088 erat
3675 4030 3827 4087 ordi-

2129 4119 2132 4123 ’
2177 4131 2313 4186 nata
2329 4123 2579 4182 methodo
2593 4123 2859 4197 quasdam
2886 4123 3301 4180 exercitationes
3328 4121 3685 4187 conscribere,
3706 4121 3833 4193 qui-

2182 4219 2280 4274 bus
2307 4214 2456 4271 haud
2482 4214 2738 4284 exiguem
2795 4212 2981 4268 lumen
3034 4211 3227 4268 Leonis
3274 4212 3459 4280 gestis,
3518 4209 3838 4282 apostolica:

2178 4304 2319 4363 sedis
2339 4302 2561 4376 juribus
2589 4308 2640 4357 et
2667 4300 3053 4376 ecclesiasticw
3073 4298 3358 4371 regiminis
3377 4298 3838 4372 formseetordini

2184 4370 2385 4469 aﬁ'erri
2406 4390 2707 4464 possemus.
2868 4370 2893 4394 ⁸

2253 4480 2484 4539 Scilicet
2493 4477 2882 4536 enarrandam
2894 4475 3007 4533 sibi
3021 4477 3279 4551 sumpsit
3287 4493 3491 4534 earum
3518 4475 3838 4533 haeresium

2104 4587 2153 4655 Β
2179 4569 2271 4628 vel
2300 4568 2730 4642 preeipuarum
2761 4569 2912 4622 certe
2940 4562 3271 4655 historiam,
3306 4580 3435 4639 quae
3453 4574 3693 4638 tempore
3728 4579 3840 4636 quo

2186 4661 2241 4716 S.
2275 4659 2374 4715 Leo
2401 4656 2474 4714 ad
2499 4671 2776 4713 summum
2797 4654 3178 4728 pontiﬁcatum
3214 4656 3323 4727 fuit
3378 4659 3709 4726 assumptus,
3758 4652 3838 4708 ad

2180 4749 2316 4806 vitae
2341 4747 2514 4819 ipsius
2530 4745 2743 4801 exitum
2768 4758 2940 4815 usque
2966 4743 3254 4801 catholicae
3268 4743 3527 4815 religioni
3549 4742 3666 4798 vim
3683 4742 3843 4797 intu-

2186 4838 2392 4906 lerunt,
2421 4841 2474 4890 et
2501 4832 2844 4891 Occidentem
2853 4836 3015 4905 atque
3031 4831 3306 4889 Orientem
3325 4833 3681 4904 infestarunt.
3698 4828 3843 4886 Pro-

2182 4929 2391 4998 pterea,
2408 4922 2624 4995 inquit,
2659 4926 2723 4977 ut
2750 4937 2978 4977 suorum
2990 4935 3287 4977 munerum
3299 4927 3485 4992 partes
3502 4919 3774 4992 impleret,
3788 4920 3846 4974 et

2189 5014 2571 5072 Christianam
2597 5009 2760 5083 fidem
2786 5009 3105 5080 custodiret,
3135 5024 3297 5067 omne
3318 5007 3569 5065 studium
3587 5024 3654 5064 ac
3681 5005 3845 5062 labo-

2186 5118 2306 5161 rem
2332 5117 2459 5160 eum
2486 5098 2799 5170 impendere
2825 5100 3066 5171 oportuit
3093 5098 3165 5154 ad
3191 5096 3464 5157 sectandas
3507 5096 3846 5153 saevissimas

2193 5280 2323 5336 locis
2349 5276 2576 5349 gravius
2602 5273 2998 5349 vulneraverit,
3014 5276 3219 5333 inaliis
3236 5272 3313 5333 ad
3335 5274 3608 5349 violentas
3618 5273 3848 5349 omnim

2191 5344 2663 5419 interpretationes
2712 5344 3038 5419 distorserit,
3085 5351 3142 5402 et
3168 5349 3233 5404 in
3272 5346 3562 5405 nonnullis
3609 5344 3851 5419 denique

2190 5416 2439 5490 eumdem
2457 5417 2653 5490 minus
2677 5416 2943 5490 catholico
2970 5419 3378 5490 explicaverit;
3408 5420 3486 5474 ita
3512 5423 3576 5472 ut
3590 5416 3709 5489 ejus
3724 5416 3844 5490 stu-

2191 5494 2287 5549 dia
2313 5497 2366 5546 et
2391 5487 2601 5562 labores
2630 5488 2866 5562 nonnisi
2898 5489 2958 5544 in
2980 5485 3051 5545 S.‘
3073 5485 3626 5562 Leonisinjuriam;
3662 5485 3849 5562 Eccle-

2191 5566 2292 5621 sia:
2317 5558 2748 5636 catholicaepern
2924 5568 2975 5616 et
2988 5563 3047 5636 in
3066 5558 3495 5620 acatholicorum
3508 5558 3850 5636 praesidium

2192 5639 2353 5709 atque
2381 5630 2627 5706 faverent
2653 5630 3095 5690 redundaverint.
