  <div class='ocr_page' id='page_1' title='image "/cluster/home/n/w/nwhite01/storage/ocr_20150623/54/hvd.32044054758636/054.png"; bbox 0 0 4092 6178; ppageno 0'>
   <div class='ocr_carea' id='block_1_1' title="bbox 204 395 3597 473">
    <p class='ocr_par' dir='ltr' id='par_1_1' title="bbox 204 395 3597 473">
     <span class='ocr_line' id='line_1_1' title="bbox 204 395 3597 473; baseline 0.003 -9"><span class='ocrx_word' id='word_1_1' title='bbox 204 402 278 464; x_wconf 74' lang='lat'><strong>93</strong></span> <span class='ocrx_word' id='word_1_2' title='bbox 603 399 1211 464; x_wconf 84' lang='lat' dir='ltr'><strong>SCHOENAMANNI</strong></span> <span class='ocrx_word' id='word_1_3' title='bbox 1252 398 1574 463; x_wconf 83' lang='lat' dir='ltr'><strong>NOTITIA</strong></span> <span class='ocrx_word' id='word_1_4' title='bbox 1615 395 2556 464; x_wconf 74' lang='lat' dir='ltr'><strong>HISTORICO-LITTERARIA</strong></span> <span class='ocrx_word' id='word_1_5' title='bbox 2597 401 2677 464; x_wconf 91' lang='lat' dir='ltr'><strong>IN</strong></span> <span class='ocrx_word' id='word_1_6' title='bbox 2720 402 2788 467; x_wconf 90' lang='lat' dir='ltr'><strong>S.</strong></span> <span class='ocrx_word' id='word_1_7' title='bbox 2829 403 3176 470; x_wconf 86' lang='lat' dir='ltr'><strong>LEONEM.</strong></span> <span class='ocrx_word' id='word_1_8' title='bbox 3519 409 3597 473; x_wconf 75' lang='grc'><strong>94</strong></span> 
     </span>
    </p>
   </div>
   <div class='ocr_carea' id='block_1_2' title="bbox 203 531 3598 614">
    <p class='ocr_par' dir='ltr' id='par_1_2' title="bbox 203 531 3598 614">
     <span class='ocr_line' id='line_1_2' title="bbox 203 531 3598 614; baseline 0.004 -27"><span class='ocrx_word' id='word_1_9' title='bbox 203 536 523 607; x_wconf 66' lang='lat' dir='ltr'><strong>tempestates</strong></span> <span class='ocrx_word' id='word_1_10' title='bbox 554 549 680 608; x_wconf 66' lang='lat' dir='ltr'><strong>quae</strong></span> <span class='ocrx_word' id='word_1_11' title='bbox 693 535 964 592; x_wconf 82' lang='lat' dir='ltr'><strong>diabolica</strong></span> <span class='ocrx_word' id='word_1_12' title='bbox 980 538 1171 608; x_wconf 82' lang='lat' dir='ltr'><strong>furore</strong></span> <span class='ocrx_word' id='word_1_13' title='bbox 1188 534 1553 592; x_wconf 84' lang='lat' dir='ltr'><strong>debacchante</strong></span> <span class='ocrx_word' id='word_1_14' title='bbox 1571 533 1700 606; x_wconf 81' lang='lat' dir='ltr'><strong>ﬁdei</strong></span> <span class='ocrx_word' id='word_1_15' title='bbox 1727 534 1842 589; x_wconf 75' lang='lat' dir='ltr'><strong>exi-</strong></span> <span class='ocrx_word' id='word_1_16' title='bbox 1868 531 1926 599; x_wconf 81' lang='grc' dir='ltr'><strong>Α</strong></span> <span class='ocrx_word' id='word_1_17' title='bbox 1954 532 2129 588; x_wconf 90' lang='lat' dir='ltr'><strong>etiam</strong></span> <span class='ocrx_word' id='word_1_18' title='bbox 2140 533 2212 589; x_wconf 88' lang='lat' dir='ltr'><strong>ad</strong></span> <span class='ocrx_word' id='word_1_19' title='bbox 2228 538 2538 592; x_wconf 90' lang='lat' dir='ltr'><strong>consuetas</strong></span> <span class='ocrx_word' id='word_1_20' title='bbox 2551 536 2760 594; x_wconf 89' lang='lat' dir='ltr'><strong>etsatis</strong></span> <span class='ocrx_word' id='word_1_21' title='bbox 2772 538 3090 596; x_wconf 82' lang='lat' dir='ltr'><strong>familiares</strong></span> <span class='ocrx_word' id='word_1_22' title='bbox 3105 540 3292 596; x_wconf 86' lang='lat' dir='ltr'><strong>sancti</strong></span> <span class='ocrx_word' id='word_1_23' title='bbox 3306 541 3598 614; x_wconf 83' lang='lat' dir='ltr'><strong>pontificis</strong></span> 
     </span>
    </p>
   </div>
   <div class='ocr_carea' id='block_1_3' title="bbox 201 625 1841 697">
    <p class='ocr_par' dir='ltr' id='par_1_3' title="bbox 201 625 1841 697">
     <span class='ocr_line' id='line_1_3' title="bbox 201 625 1841 697; baseline -0.001 -19"><span class='ocrx_word' id='word_1_24' title='bbox 201 627 329 680; x_wconf 81' lang='lat' dir='ltr'><strong>tium</strong></span> <span class='ocrx_word' id='word_1_25' title='bbox 356 625 764 697; x_wconf 79' lang='lat' dir='ltr'><strong>promovebant,</strong></span> <span class='ocrx_word' id='word_1_26' title='bbox 795 625 1002 682; x_wconf 74' lang='lat' dir='ltr'><strong>Christi</strong></span> <span class='ocrx_word' id='word_1_27' title='bbox 1018 628 1319 696; x_wconf 81' lang='lat' dir='ltr'><strong>imperium</strong></span> <span class='ocrx_word' id='word_1_28' title='bbox 1338 629 1388 680; x_wconf 84' lang='lat' dir='ltr'><strong>ct</strong></span> <span class='ocrx_word' id='word_1_29' title='bbox 1410 627 1706 680; x_wconf 80' lang='lat' dir='ltr'><strong>Romanam</strong></span> <span class='ocrx_word' id='word_1_30' title='bbox 1743 625 1841 678; x_wconf 88' lang='lat' dir='ltr'><strong>Ec-</strong></span> 
     </span>
    </p>
   </div>
   <div class='ocr_carea' id='block_1_4' title="bbox 201 713 1845 787">
    <p class='ocr_par' dir='ltr' id='par_1_4' title="bbox 201 713 1845 787">
     <span class='ocr_line' id='line_1_4' title="bbox 201 713 1845 787; baseline -0.001 -18"><span class='ocrx_word' id='word_1_31' title='bbox 201 714 409 769; x_wconf 77' lang='lat' dir='ltr'><strong>clesium</strong></span> <span class='ocrx_word' id='word_1_32' title='bbox 437 713 733 780; x_wconf 65' lang='lat' dir='ltr'><strong>vexabant,</strong></span> <span class='ocrx_word' id='word_1_33' title='bbox 758 713 822 770; x_wconf 82' lang='lat' dir='ltr'><strong>de</strong></span> <span class='ocrx_word' id='word_1_34' title='bbox 851 715 1049 787; x_wconf 77' lang='lat' dir='ltr'><strong>quibus</strong></span> <span class='ocrx_word' id='word_1_35' title='bbox 1077 716 1327 771; x_wconf 76' lang='lat' dir='ltr'><strong>omnibus</strong></span> <span class='ocrx_word' id='word_1_36' title='bbox 1345 731 1437 770; x_wconf 81' lang='lat' dir='ltr'><strong>eas</strong></span> <span class='ocrx_word' id='word_1_37' title='bbox 1459 715 1711 769; x_wconf 78' lang='lat' dir='ltr'><strong>victorias</strong></span> <span class='ocrx_word' id='word_1_38' title='bbox 1731 714 1845 784; x_wconf 83' lang='lat' dir='ltr'><strong>ipse</strong></span> 
     </span>
    </p>
   </div>
   <div class='ocr_carea' id='block_1_5' title="bbox 201 803 1845 876">
    <p class='ocr_par' dir='ltr' id='par_1_5' title="bbox 201 803 1845 876">
     <span class='ocr_line' id='line_1_5' title="bbox 201 803 1845 876; baseline -0.001 -18"><span class='ocrx_word' id='word_1_39' title='bbox 201 818 428 858; x_wconf 68' lang='lat' dir='ltr'><strong>summus</strong></span> <span class='ocrx_word' id='word_1_40' title='bbox 452 804 711 874; x_wconf 70' lang='lat' dir='ltr'><strong>pontifex</strong></span> <span class='ocrx_word' id='word_1_41' title='bbox 729 807 1044 874; x_wconf 75' lang='lat' dir='ltr'><strong>reportavit,</strong></span> <span class='ocrx_word' id='word_1_42' title='bbox 1059 821 1193 876; x_wconf 76' lang='lat' dir='ltr'><strong>quas</strong></span> <span class='ocrx_word' id='word_1_43' title='bbox 1230 804 1354 859; x_wconf 84' lang='lat' dir='ltr'><strong>divo</strong></span> <span class='ocrx_word' id='word_1_44' title='bbox 1375 806 1534 859; x_wconf 78' lang='lat' dir='ltr'><strong>Petro</strong></span> <span class='ocrx_word' id='word_1_45' title='bbox 1575 803 1845 875; x_wconf 82' lang='lat' dir='ltr'><strong>hujusquc</strong></span> 
     </span>
    </p>
   </div>
   <div class='ocr_carea' id='block_1_6' title="bbox 200 891 1844 964">
    <p class='ocr_par' dir='ltr' id='par_1_6' title="bbox 200 891 1844 964">
     <span class='ocr_line' id='line_1_6' title="bbox 200 891 1844 964; baseline 0 -18"><span class='ocrx_word' id='word_1_46' title='bbox 200 892 587 946; x_wconf 73' lang='lat' dir='ltr'><strong>successoribus</strong></span> <span class='ocrx_word' id='word_1_47' title='bbox 609 891 856 946; x_wconf 75' lang='lat' dir='ltr'><strong>Christus</strong></span> <span class='ocrx_word' id='word_1_48' title='bbox 875 893 1135 948; x_wconf 75' lang='lat' dir='ltr'><strong>Dominus</strong></span> <span class='ocrx_word' id='word_1_49' title='bbox 1162 895 1223 948; x_wconf 88' lang='lat' dir='ltr'><strong>in</strong></span> <span class='ocrx_word' id='word_1_50' title='bbox 1253 894 1550 964; x_wconf 81' lang='lat' dir='ltr'><strong>Scripturis</strong></span> <span class='ocrx_word' id='word_1_51' title='bbox 1579 893 1844 963; x_wconf 82' lang='lat' dir='ltr'><strong>promise-</strong></span> 
     </span>
    </p>
   </div>
   <div class='ocr_carea' id='block_1_7' title="bbox 201 977 1845 1052">
    <p class='ocr_par' dir='ltr' id='par_1_7' title="bbox 201 977 1845 1052">
     <span class='ocr_line' id='line_1_7' title="bbox 201 977 1845 1052; baseline 0 -18"><span class='ocrx_word' id='word_1_52' title='bbox 201 987 302 1034; x_wconf 79' lang='lat' dir='ltr'><strong>rat.</strong></span> <span class='ocrx_word' id='word_1_53' title='bbox 330 977 517 1051; x_wconf 79' lang='lat' dir='ltr'><strong>Igitur</strong></span> <span class='ocrx_word' id='word_1_54' title='bbox 545 979 778 1035; x_wconf 91' lang='lat' dir='ltr'><strong>duobus</strong></span> <span class='ocrx_word' id='word_1_55' title='bbox 807 979 975 1036; x_wconf 78' lang='lat' dir='ltr'><strong>libris</strong></span> <span class='ocrx_word' id='word_1_56' title='bbox 1004 981 1068 1036; x_wconf 83' lang='lat' dir='ltr'><strong>de</strong></span> <span class='ocrx_word' id='word_1_57' title='bbox 1116 982 1564 1052; x_wconf 50' lang='lat' dir='ltr'><strong>Manichaeorum,</strong></span> <span class='ocrx_word' id='word_1_58' title='bbox 1600 997 1716 1036; x_wconf 91' lang='lat' dir='ltr'><strong>uno</strong></span> <span class='ocrx_word' id='word_1_59' title='bbox 1775 980 1845 1034; x_wconf 92' lang='lat' dir='ltr'><strong>de</strong></span> 
     </span>
    </p>
   </div>
   <div class='ocr_carea' id='block_1_8' title="bbox 203 1068 1846 1142">
    <p class='ocr_par' dir='ltr' id='par_1_8' title="bbox 203 1068 1846 1142">
     <span class='ocr_line' id='line_1_8' title="bbox 203 1068 1846 1142; baseline -0.001 -18"><span class='ocrx_word' id='word_1_60' title='bbox 203 1068 773 1137; x_wconf 63' lang='lat' dir='ltr'><strong>Pﬁscillianilstarum,</strong></span> <span class='ocrx_word' id='word_1_61' title='bbox 795 1068 945 1124; x_wconf 88' lang='lat' dir='ltr'><strong>libro</strong></span> <span class='ocrx_word' id='word_1_62' title='bbox 974 1087 1091 1126; x_wconf 92' lang='lat' dir='ltr'><strong>uno</strong></span> <span class='ocrx_word' id='word_1_63' title='bbox 1122 1070 1185 1126; x_wconf 86' lang='lat' dir='ltr'><strong>dc</strong></span> <span class='ocrx_word' id='word_1_64' title='bbox 1223 1071 1545 1142; x_wconf 84' lang='lat' dir='ltr'><strong>Pelagiana,</strong></span> <span class='ocrx_word' id='word_1_65' title='bbox 1581 1068 1846 1124; x_wconf 86' lang='lat' dir='ltr'><strong>librisiti-</strong></span> 
     </span>
    </p>
   </div>
   <div class='ocr_carea' id='block_1_9' title="bbox 203 1155 1848 1229">
    <p class='ocr_par' dir='ltr' id='par_1_9' title="bbox 203 1155 1848 1229">
     <span class='ocr_line' id='line_1_9' title="bbox 203 1155 1848 1229; baseline 0.001 -17"><span class='ocrx_word' id='word_1_66' title='bbox 203 1157 327 1212; x_wconf 89' lang='lat' dir='ltr'><strong>dem</strong></span> <span class='ocrx_word' id='word_1_67' title='bbox 348 1156 584 1212; x_wconf 88' lang='lat' dir='ltr'><strong>duobus</strong></span> <span class='ocrx_word' id='word_1_68' title='bbox 605 1155 674 1212; x_wconf 84' lang='lat' dir='ltr'><strong>de</strong></span> <span class='ocrx_word' id='word_1_69' title='bbox 701 1158 1043 1229; x_wconf 81' lang='lat' dir='ltr'><strong>Eutychiana</strong></span> <span class='ocrx_word' id='word_1_70' title='bbox 1064 1159 1270 1214; x_wconf 73' lang='lat' dir='ltr'><strong>haeresi</strong></span> <span class='ocrx_word' id='word_1_71' title='bbox 1292 1163 1349 1213; x_wconf 90' lang='lat' dir='ltr'><strong>et</strong></span> <span class='ocrx_word' id='word_1_72' title='bbox 1369 1159 1635 1225; x_wconf 79' lang='lat' dir='ltr'><strong>historia,</strong></span> <span class='ocrx_word' id='word_1_73' title='bbox 1659 1157 1848 1229; x_wconf 87' lang='lat' dir='ltr'><strong>copio-</strong></span> 
     </span>
    </p>
   </div>
   <div class='ocr_carea' id='block_1_10' title="bbox 201 1245 1845 1304">
    <p class='ocr_par' dir='ltr' id='par_1_10' title="bbox 201 1245 1845 1304">
     <span class='ocr_line' id='line_1_10' title="bbox 201 1245 1845 1304; baseline 0 -3"><span class='ocrx_word' id='word_1_74' title='bbox 201 1262 325 1302; x_wconf 90' lang='lat' dir='ltr'><strong>sum</strong></span> <span class='ocrx_word' id='word_1_75' title='bbox 345 1261 681 1301; x_wconf 89' lang='lat' dir='ltr'><strong>sermonem</strong></span> <span class='ocrx_word' id='word_1_76' title='bbox 695 1245 975 1303; x_wconf 80' lang='lat' dir='ltr'><strong>instituit.</strong></span> <span class='ocrx_word' id='word_1_77' title='bbox 1006 1249 1085 1304; x_wconf 87' lang='lat' dir='ltr'><strong>Ac</strong></span> <span class='ocrx_word' id='word_1_78' title='bbox 1099 1247 1516 1304; x_wconf 65' lang='lat' dir='ltr'><strong>Manichmismi</strong></span> <span class='ocrx_word' id='word_1_79' title='bbox 1540 1246 1845 1302; x_wconf 80' lang='lat' dir='ltr'><strong>historiam</strong></span> 
     </span>
    </p>
   </div>
   <div class='ocr_carea' id='block_1_11' title="bbox 203 1333 1847 1407">
    <p class='ocr_par' dir='ltr' id='par_1_11' title="bbox 203 1333 1847 1407">
     <span class='ocr_line' id='line_1_11' title="bbox 203 1333 1847 1407; baseline 0.001 -18"><span class='ocrx_word' id='word_1_80' title='bbox 203 1333 266 1389; x_wconf 76' lang='lat' dir='ltr'><strong>ab</strong></span> <span class='ocrx_word' id='word_1_81' title='bbox 286 1349 384 1389; x_wconf 88' lang='lat' dir='ltr'><strong>ovo</strong></span> <span class='ocrx_word' id='word_1_82' title='bbox 418 1333 560 1389; x_wconf 89' lang='lat' dir='ltr'><strong>inde</strong></span> <span class='ocrx_word' id='word_1_83' title='bbox 586 1338 887 1404; x_wconf 83' lang='lat' dir='ltr'><strong>pertexere</strong></span> <span class='ocrx_word' id='word_1_84' title='bbox 925 1336 1117 1407; x_wconf 72' lang='lat' dir='ltr'><strong>cmpit,</strong></span> <span class='ocrx_word' id='word_1_85' title='bbox 1141 1337 1388 1392; x_wconf 80' lang='lat' dir='ltr'><strong>fortasse</strong></span> <span class='ocrx_word' id='word_1_86' title='bbox 1420 1353 1535 1391; x_wconf 93' lang='lat' dir='ltr'><strong>non</strong></span> <span class='ocrx_word' id='word_1_87' title='bbox 1567 1352 1635 1391; x_wconf 77' lang='lat' dir='ltr'><strong>ex</strong></span> <span class='ocrx_word' id='word_1_88' title='bbox 1659 1334 1847 1407; x_wconf 87' lang='lat' dir='ltr'><strong>primo</strong></span> 
     </span>
    </p>
   </div>
   <div class='ocr_carea' id='block_1_12' title="bbox 207 1420 1848 1496">
    <p class='ocr_par' dir='ltr' id='par_1_12' title="bbox 207 1420 1848 1496">
     <span class='ocr_line' id='line_1_12' title="bbox 207 1420 1848 1496; baseline 0.001 -18"><span class='ocrx_word' id='word_1_89' title='bbox 207 1420 710 1478; x_wconf 84' lang='lat' dir='ltr'><strong>oonsilio.Etenim</strong></span> <span class='ocrx_word' id='word_1_90' title='bbox 720 1425 849 1495; x_wconf 88' lang='lat' dir='ltr'><strong>jam</strong></span> <span class='ocrx_word' id='word_1_91' title='bbox 871 1423 1208 1480; x_wconf 89' lang='lat' dir='ltr'><strong>absolutum</strong></span> <span class='ocrx_word' id='word_1_92' title='bbox 1241 1425 1353 1481; x_wconf 88' lang='lat' dir='ltr'><strong>sibi</strong></span> <span class='ocrx_word' id='word_1_93' title='bbox 1384 1425 1564 1480; x_wconf 80' lang='lat' dir='ltr'><strong>fuisse</strong></span> <span class='ocrx_word' id='word_1_94' title='bbox 1581 1425 1689 1480; x_wconf 89' lang='lat' dir='ltr'><strong>hoc</strong></span> <span class='ocrx_word' id='word_1_95' title='bbox 1707 1441 1848 1496; x_wconf 91' lang='lat' dir='ltr'><strong>pen-</strong></span> 
     </span>
    </p>
   </div>
   <div class='ocr_carea' id='block_1_13' title="bbox 201 1509 1846 1583">
    <p class='ocr_par' dir='ltr' id='par_1_13' title="bbox 201 1509 1846 1583">
     <span class='ocr_line' id='line_1_13' title="bbox 201 1509 1846 1583; baseline 0.001 -16"><span class='ocrx_word' id='word_1_96' title='bbox 201 1527 315 1567; x_wconf 91' lang='lat' dir='ltr'><strong>sum</strong></span> <span class='ocrx_word' id='word_1_97' title='bbox 347 1509 732 1580; x_wconf 83' lang='lat' dir='ltr'><strong>scribit,cum</strong></span> <span class='ocrx_word' id='word_1_98' title='bbox 755 1513 828 1568; x_wconf 90' lang='lat' dir='ltr'><strong>ab</strong></span> <span class='ocrx_word' id='word_1_99' title='bbox 852 1513 1039 1568; x_wconf 89' lang='lat' dir='ltr'><strong>amico</strong></span> <span class='ocrx_word' id='word_1_100' title='bbox 1064 1515 1346 1583; x_wconf 88' lang='lat' dir='ltr'><strong>monitus,</strong></span> <span class='ocrx_word' id='word_1_101' title='bbox 1367 1512 1648 1570; x_wconf 90' lang='lat' dir='ltr'><strong>Belsobrii</strong></span> <span class='ocrx_word' id='word_1_102' title='bbox 1679 1513 1846 1568; x_wconf 82' lang='lat' dir='ltr'><strong>libel-</strong></span> 
     </span>
    </p>
   </div>
   <div class='ocr_carea' id='block_1_14' title="bbox 201 1598 1847 1676">
    <p class='ocr_par' dir='ltr' id='par_1_14' title="bbox 201 1598 1847 1676">
     <span class='ocr_line' id='line_1_14' title="bbox 201 1598 1847 1676; baseline 0.002 -23"><span class='ocrx_word' id='word_1_103' title='bbox 201 1599 309 1654; x_wconf 88' lang='lat' dir='ltr'><strong>lum</strong></span> <span class='ocrx_word' id='word_1_104' title='bbox 330 1598 386 1654; x_wconf 94' lang='lat' dir='ltr'><strong>in</strong></span> <span class='ocrx_word' id='word_1_105' title='bbox 411 1615 638 1655; x_wconf 86' lang='lat' dir='ltr'><strong>manus</strong></span> <span class='ocrx_word' id='word_1_106' title='bbox 655 1606 916 1657; x_wconf 87' lang='lat' dir='ltr'><strong>sumeret</strong></span> <span class='ocrx_word' id='word_1_107' title='bbox 937 1601 1230 1675; x_wconf 90' lang='lat' dir='ltr'><strong>telamque</strong></span> <span class='ocrx_word' id='word_1_108' title='bbox 1243 1603 1371 1673; x_wconf 89' lang='lat' dir='ltr'><strong>jam</strong></span> <span class='ocrx_word' id='word_1_109' title='bbox 1388 1606 1727 1676; x_wconf 67' lang='lat' dir='ltr'><strong>praetextam</strong></span> <span class='ocrx_word' id='word_1_110' title='bbox 1749 1602 1847 1657; x_wconf 91' lang='lat' dir='ltr'><strong>de-</strong></span> 
     </span>
    </p>
   </div>
   <div class='ocr_carea' id='block_1_15' title="bbox 202 1686 1847 1762">
    <p class='ocr_par' dir='ltr' id='par_1_15' title="bbox 202 1686 1847 1762">
     <span class='ocr_line' id='line_1_15' title="bbox 202 1686 1847 1762; baseline 0.001 -18"><span class='ocrx_word' id='word_1_111' title='bbox 202 1704 301 1744; x_wconf 88' lang='lat' dir='ltr'><strong>nuo</strong></span> <span class='ocrx_word' id='word_1_112' title='bbox 317 1686 428 1743; x_wconf 85' lang='lat' dir='ltr'><strong>sibi</strong></span> <span class='ocrx_word' id='word_1_113' title='bbox 454 1689 898 1744; x_wconf 88' lang='lat' dir='ltr'><strong>retractandam</strong></span> <span class='ocrx_word' id='word_1_114' title='bbox 927 1706 1053 1745; x_wconf 91' lang='lat' dir='ltr'><strong>esse</strong></span> <span class='ocrx_word' id='word_1_115' title='bbox 1073 1689 1441 1762; x_wconf 77' lang='lat' dir='ltr'><strong>intelligeret.</strong></span> <span class='ocrx_word' id='word_1_116' title='bbox 1477 1691 1623 1746; x_wconf 88' lang='lat' dir='ltr'><strong>Hinc</strong></span> <span class='ocrx_word' id='word_1_117' title='bbox 1653 1690 1847 1746; x_wconf 87' lang='lat' dir='ltr'><strong>Belso-</strong></span> 
     </span>
    </p>
   </div>
   <div class='ocr_carea' id='block_1_16' title="bbox 201 1777 1846 1850">
    <p class='ocr_par' dir='ltr' id='par_1_16' title="bbox 201 1777 1846 1850">
     <span class='ocr_line' id='line_1_16' title="bbox 201 1777 1846 1850; baseline 0.004 -20"><span class='ocrx_word' id='word_1_118' title='bbox 201 1777 372 1831; x_wconf 86' lang='lat' dir='ltr'><strong>brium</strong></span> <span class='ocrx_word' id='word_1_119' title='bbox 390 1777 596 1850; x_wconf 86' lang='lat' dir='ltr'><strong>magis</strong></span> <span class='ocrx_word' id='word_1_120' title='bbox 611 1794 788 1850; x_wconf 89' lang='lat' dir='ltr'><strong>quam</strong></span> <span class='ocrx_word' id='word_1_121' title='bbox 806 1777 1186 1843; x_wconf 87' lang='lat' dir='ltr'><strong>Quesnellum</strong></span> <span class='ocrx_word' id='word_1_122' title='bbox 1206 1779 1264 1834; x_wconf 91' lang='lat' dir='ltr'><strong>in</strong></span> <span class='ocrx_word' id='word_1_123' title='bbox 1286 1779 1379 1836; x_wconf 89' lang='lat' dir='ltr'><strong>bis</strong></span> <span class='ocrx_word' id='word_1_124' title='bbox 1393 1780 1558 1836; x_wconf 90' lang='lat' dir='ltr'><strong>libris</strong></span> <span class='ocrx_word' id='word_1_125' title='bbox 1572 1778 1846 1836; x_wconf 83' lang='lat' dir='ltr'><strong>debellat.</strong></span> 
     </span>
    </p>
   </div>
   <div class='ocr_carea' id='block_1_17' title="bbox 1950 619 3600 703">
    <p class='ocr_par' dir='ltr' id='par_1_17' title="bbox 1950 619 3600 703">
     <span class='ocr_line' id='line_1_17' title="bbox 1950 619 3600 703; baseline 0.007 -28"><span class='ocrx_word' id='word_1_126' title='bbox 1950 619 2224 693; x_wconf 87' lang='lat' dir='ltr'><strong>loquendi</strong></span> <span class='ocrx_word' id='word_1_127' title='bbox 2257 622 2540 680; x_wconf 83' lang='lat' dir='ltr'><strong>formulas</strong></span> <span class='ocrx_word' id='word_1_128' title='bbox 2562 623 2700 680; x_wconf 86' lang='lat' dir='ltr'><strong>alibi</strong></span> <span class='ocrx_word' id='word_1_129' title='bbox 2719 643 3021 698; x_wconf 85' lang='lat' dir='ltr'><strong>expressas</strong></span> <span class='ocrx_word' id='word_1_130' title='bbox 3039 629 3426 697; x_wconf 86' lang='lat' dir='ltr'><strong>attendentes,</strong></span> <span class='ocrx_word' id='word_1_131' title='bbox 3447 649 3600 703; x_wconf 72' lang='lat' dir='ltr'><strong>quas-</strong></span> 
     </span>
    </p>
   </div>
   <div class='ocr_carea' id='block_1_18' title="bbox 1952 711 3597 791">
    <p class='ocr_par' dir='ltr' id='par_1_18' title="bbox 1952 711 3597 791">
     <span class='ocr_line' id='line_1_18' title="bbox 1952 711 3597 791; baseline 0.007 -26"><span class='ocrx_word' id='word_1_132' title='bbox 1952 711 2086 766; x_wconf 90' lang='lat' dir='ltr'><strong>dam</strong></span> <span class='ocrx_word' id='word_1_133' title='bbox 2120 718 2392 784; x_wconf 88' lang='lat' dir='ltr'><strong>corrupta</strong></span> <span class='ocrx_word' id='word_1_134' title='bbox 2407 711 2533 768; x_wconf 89' lang='lat' dir='ltr'><strong>loca</strong></span> <span class='ocrx_word' id='word_1_135' title='bbox 2552 731 2622 769; x_wconf 83' lang='lat' dir='ltr'><strong>ex</strong></span> <span class='ocrx_word' id='word_1_136' title='bbox 2649 713 2864 771; x_wconf 89' lang='lat' dir='ltr'><strong>alicubi</strong></span> <span class='ocrx_word' id='word_1_137' title='bbox 2892 717 3148 787; x_wconf 87' lang='lat' dir='ltr'><strong>repetitis</strong></span> <span class='ocrx_word' id='word_1_138' title='bbox 3172 718 3597 791; x_wconf 89' lang='lat' dir='ltr'><strong>supplevimus,</strong></span> 
     </span>
    </p>
   </div>
   <div class='ocr_carea' id='block_1_19' title="bbox 1953 799 3599 880">
    <p class='ocr_par' dir='ltr' id='par_1_19' title="bbox 1953 799 3599 880">
     <span class='ocr_line' id='line_1_19' title="bbox 1953 799 3599 880; baseline 0.007 -28"><span class='ocrx_word' id='word_1_139' title='bbox 1953 799 2268 856; x_wconf 87' lang='lat' dir='ltr'><strong>admonitis</strong></span> <span class='ocrx_word' id='word_1_140' title='bbox 2299 806 2494 856; x_wconf 88' lang='lat' dir='ltr'><strong>tamen</strong></span> <span class='ocrx_word' id='word_1_141' title='bbox 2527 803 2744 858; x_wconf 87' lang='lat' dir='ltr'><strong>nostris</strong></span> <span class='ocrx_word' id='word_1_142' title='bbox 2774 801 3088 860; x_wconf 87' lang='lat' dir='ltr'><strong>lectoribus</strong></span> <span class='ocrx_word' id='word_1_143' title='bbox 3118 805 3188 861; x_wconf 90' lang='lat' dir='ltr'><strong>de</strong></span> <span class='ocrx_word' id='word_1_144' title='bbox 3245 807 3440 862; x_wconf 87' lang='lat' dir='ltr'><strong>causis</strong></span> <span class='ocrx_word' id='word_1_145' title='bbox 3469 824 3599 880; x_wconf 71' lang='lat' dir='ltr'><strong>qua:</strong></span> 
     </span>
    </p>
   </div>
   <div class='ocr_carea' id='block_1_20' title="bbox 1955 887 3602 964">
    <p class='ocr_par' dir='ltr' id='par_1_20' title="bbox 1955 887 3602 964">
     <span class='ocr_line' id='line_1_20' title="bbox 1955 887 3602 964; baseline 0.006 -22"><span class='ocrx_word' id='word_1_146' title='bbox 1955 887 2163 943; x_wconf 89' lang='lat' dir='ltr'><strong>Leonis</strong></span> <span class='ocrx_word' id='word_1_147' title='bbox 2187 889 2841 947; x_wconf 82' lang='lat' dir='ltr'><strong>obscuraetdit‘ﬁciliora</strong></span> <span class='ocrx_word' id='word_1_148' title='bbox 2861 893 3128 964; x_wconf 59' lang='lat' dir='ltr'><strong>quadam</strong></span> <span class='ocrx_word' id='word_1_149' title='bbox 3151 911 3321 950; x_wconf 87' lang='lat' dir='ltr'><strong>sensa</strong></span> <span class='ocrx_word' id='word_1_150' title='bbox 3339 894 3470 952; x_wconf 86' lang='lat' dir='ltr'><strong>aliis</strong></span> <span class='ocrx_word' id='word_1_151' title='bbox 3483 913 3602 951; x_wconf 88' lang='lat' dir='ltr'><strong>ma-</strong></span> 
     </span>
    </p>
   </div>
   <div class='ocr_carea' id='block_1_21' title="bbox 1952 975 3596 1054">
    <p class='ocr_par' dir='ltr' id='par_1_21' title="bbox 1952 975 3596 1054">
     <span class='ocr_line' id='line_1_21' title="bbox 1952 975 3596 1054; baseline 0.007 -24"><span class='ocrx_word' id='word_1_152' title='bbox 1952 975 2042 1048; x_wconf 85' lang='lat' dir='ltr'><strong>gis</strong></span> <span class='ocrx_word' id='word_1_153' title='bbox 2062 978 2388 1049; x_wconf 87' lang='lat' dir='ltr'><strong>perspicuis</strong></span> <span class='ocrx_word' id='word_1_154' title='bbox 2410 982 2466 1034; x_wconf 87' lang='lat' dir='ltr'><strong>et</strong></span> <span class='ocrx_word' id='word_1_155' title='bbox 2491 979 2664 1034; x_wconf 86' lang='lat' dir='ltr'><strong>certis</strong></span> <span class='ocrx_word' id='word_1_156' title='bbox 2687 996 2794 1035; x_wconf 89' lang='lat' dir='ltr'><strong>nos</strong></span> <span class='ocrx_word' id='word_1_157' title='bbox 2815 980 3100 1036; x_wconf 85' lang='lat' dir='ltr'><strong>docebant</strong></span> <span class='ocrx_word' id='word_1_158' title='bbox 3131 987 3393 1054; x_wconf 89' lang='lat' dir='ltr'><strong>oportere</strong></span> <span class='ocrx_word' id='word_1_159' title='bbox 3423 985 3596 1041; x_wconf 83' lang='lat' dir='ltr'><strong>inter-</strong></span> 
     </span>
    </p>
   </div>
   <div class='ocr_carea' id='block_1_22' title="bbox 1953 1065 3603 1143">
    <p class='ocr_par' dir='ltr' id='par_1_22' title="bbox 1953 1065 3603 1143">
     <span class='ocr_line' id='line_1_22' title="bbox 1953 1065 3603 1143; baseline 0.005 -23"><span class='ocrx_word' id='word_1_160' title='bbox 1953 1065 2189 1138; x_wconf 90' lang='lat' dir='ltr'><strong>pretari.</strong></span> <span class='ocrx_word' id='word_1_161' title='bbox 2209 1067 2342 1132; x_wconf 69' lang='lat' dir='ltr'><strong>Quae</strong></span> <span class='ocrx_word' id='word_1_162' title='bbox 2356 1067 2594 1139; x_wconf 89' lang='lat' dir='ltr'><strong>quidem</strong></span> <span class='ocrx_word' id='word_1_163' title='bbox 2609 1069 2807 1124; x_wconf 88' lang='lat' dir='ltr'><strong>omnia</strong></span> <span class='ocrx_word' id='word_1_164' title='bbox 2820 1087 2934 1125; x_wconf 90' lang='lat' dir='ltr'><strong>non</strong></span> <span class='ocrx_word' id='word_1_165' title='bbox 2951 1069 3140 1143; x_wconf 85' lang='lat' dir='ltr'><strong>magis</strong></span> <span class='ocrx_word' id='word_1_166' title='bbox 3152 1070 3408 1127; x_wconf 76' lang='lat' dir='ltr'><strong>veritatis</strong></span> <span class='ocrx_word' id='word_1_167' title='bbox 3425 1089 3603 1129; x_wconf 87' lang='lat' dir='ltr'><strong>causa</strong></span> 
     </span>
    </p>
   </div>
   <div class='ocr_carea' id='block_1_23' title="bbox 1956 1155 3601 1232">
    <p class='ocr_par' dir='ltr' id='par_1_23' title="bbox 1956 1155 3601 1232">
     <span class='ocr_line' id='line_1_23' title="bbox 1956 1155 3601 1232; baseline 0.005 -23"><span class='ocrx_word' id='word_1_168' title='bbox 1956 1171 2132 1225; x_wconf 88' lang='lat' dir='ltr'><strong>quam</strong></span> <span class='ocrx_word' id='word_1_169' title='bbox 2157 1159 2220 1210; x_wconf 90' lang='lat' dir='ltr'><strong>ut</strong></span> <span class='ocrx_word' id='word_1_170' title='bbox 2240 1155 2467 1211; x_wconf 90' lang='lat' dir='ltr'><strong>artibus</strong></span> <span class='ocrx_word' id='word_1_171' title='bbox 2491 1157 2807 1212; x_wconf 74' lang='lat' dir='ltr'><strong>adversarii</strong></span> <span class='ocrx_word' id='word_1_172' title='bbox 2838 1158 2928 1213; x_wconf 92' lang='lat' dir='ltr'><strong>sui</strong></span> <span class='ocrx_word' id='word_1_173' title='bbox 2961 1158 3470 1232; x_wconf 86' lang='lat' dir='ltr'><strong>Quesnelli,quam</strong></span> <span class='ocrx_word' id='word_1_174' title='bbox 3498 1179 3601 1217; x_wconf 64' lang='lat' dir='ltr'><strong>saa-</strong></span> 
     </span>
    </p>
   </div>
   <div class='ocr_carea' id='block_1_24' title="bbox 1963 1242 3604 1322">
    <p class='ocr_par' dir='ltr' id='par_1_24' title="bbox 1963 1242 3604 1322">
     <span class='ocr_line' id='line_1_24' title="bbox 1963 1242 3604 1322; baseline 0.006 -26"><span class='ocrx_word' id='word_1_175' title='bbox 1963 1242 2206 1315; x_wconf 88' lang='lat' dir='ltr'><strong>pissime</strong></span> <span class='ocrx_word' id='word_1_176' title='bbox 2234 1243 2322 1298; x_wconf 90' lang='lat' dir='ltr'><strong>vel</strong></span> <span class='ocrx_word' id='word_1_177' title='bbox 2355 1243 2603 1302; x_wconf 85' lang='lat' dir='ltr'><strong>Leonem</strong></span> <span class='ocrx_word' id='word_1_178' title='bbox 2635 1246 2988 1316; x_wconf 87' lang='lat' dir='ltr'><strong>accusantis,</strong></span> <span class='ocrx_word' id='word_1_179' title='bbox 3023 1252 3126 1302; x_wconf 89' lang='lat' dir='ltr'><strong>aut</strong></span> <span class='ocrx_word' id='word_1_180' title='bbox 3166 1248 3224 1303; x_wconf 92' lang='lat' dir='ltr'><strong>in</strong></span> <span class='ocrx_word' id='word_1_181' title='bbox 3264 1249 3604 1322; x_wconf 64' lang='lat' dir='ltr'><strong>praesidium</strong></span> 
     </span>
    </p>
   </div>
   <div class='ocr_carea' id='block_1_25' title="bbox 1957 1334 3606 1404">
    <p class='ocr_par' dir='ltr' id='par_1_25' title="bbox 1957 1334 3606 1404">
     <span class='ocr_line' id='line_1_25' title="bbox 1957 1334 3606 1404; baseline 0.004 -17"><span class='ocrx_word' id='word_1_182' title='bbox 1957 1347 2199 1387; x_wconf 90' lang='lat' dir='ltr'><strong>suorum</strong></span> <span class='ocrx_word' id='word_1_183' title='bbox 2214 1336 2570 1387; x_wconf 90' lang='lat' dir='ltr'><strong>assertorum</strong></span> <span class='ocrx_word' id='word_1_184' title='bbox 2590 1334 2970 1402; x_wconf 88' lang='lat' dir='ltr'><strong>traducentis,</strong></span> <span class='ocrx_word' id='word_1_185' title='bbox 2987 1341 3332 1404; x_wconf 89' lang='lat' dir='ltr'><strong>occurreret,</strong></span> <span class='ocrx_word' id='word_1_186' title='bbox 3356 1337 3479 1393; x_wconf 81' lang='lat' dir='ltr'><strong>fieri</strong></span> <span class='ocrx_word' id='word_1_187' title='bbox 3513 1339 3606 1394; x_wconf 88' lang='lat' dir='ltr'><strong>de-</strong></span> 
     </span>
    </p>
   </div>
   <div class='ocr_carea' id='block_1_26' title="bbox 1957 1419 3604 1492">
    <p class='ocr_par' dir='ltr' id='par_1_26' title="bbox 1957 1419 3604 1492">
     <span class='ocr_line' id='line_1_26' title="bbox 1957 1419 3604 1492; baseline 0.005 -18"><span class='ocrx_word' id='word_1_188' title='bbox 1957 1419 2155 1476; x_wconf 86' lang='lat' dir='ltr'><strong>buisse</strong></span> <span class='ocrx_word' id='word_1_189' title='bbox 2169 1419 2599 1492; x_wconf 81' lang='lat' dir='ltr'><strong>signiﬁcat.Huj</strong></span> <span class='ocrx_word' id='word_1_190' title='bbox 2612 1439 2678 1477; x_wconf 92' lang='lat' dir='ltr'><strong>us</strong></span> <span class='ocrx_word' id='word_1_191' title='bbox 2691 1422 2865 1478; x_wconf 88' lang='lat' dir='ltr'><strong>etiam</strong></span> <span class='ocrx_word' id='word_1_192' title='bbox 2879 1439 3057 1478; x_wconf 89' lang='lat' dir='ltr'><strong>causa</strong></span> <span class='ocrx_word' id='word_1_193' title='bbox 3068 1441 3129 1480; x_wconf 89' lang='lat' dir='ltr'><strong>se</strong></span> <span class='ocrx_word' id='word_1_194' title='bbox 3142 1429 3409 1482; x_wconf 89' lang='lat' dir='ltr'><strong>coactum</strong></span> <span class='ocrx_word' id='word_1_195' title='bbox 3425 1425 3604 1483; x_wconf 74' lang='lat' dir='ltr'><strong>fuisse</strong></span> 
     </span>
    </p>
   </div>
   <div class='ocr_carea' id='block_1_27' title="bbox 1957 1508 3600 1583">
    <p class='ocr_par' dir='ltr' id='par_1_27' title="bbox 1957 1508 3600 1583">
     <span class='ocr_line' id='line_1_27' title="bbox 1957 1508 3600 1583; baseline 0.004 -18"><span class='ocrx_word' id='word_1_196' title='bbox 1957 1508 2406 1574; x_wconf 78' lang='lat' dir='ltr'><strong>scribit,textum</strong></span> <span class='ocrx_word' id='word_1_197' title='bbox 2421 1509 2688 1567; x_wconf 88' lang='lat' dir='ltr'><strong>codicum</strong></span> <span class='ocrx_word' id='word_1_198' title='bbox 2703 1527 2846 1568; x_wconf 87' lang='lat' dir='ltr'><strong>mss.</strong></span> <span class='ocrx_word' id='word_1_199' title='bbox 2863 1512 3127 1568; x_wconf 91' lang='lat' dir='ltr'><strong>subsidio</strong></span> <span class='ocrx_word' id='word_1_200' title='bbox 3141 1513 3222 1569; x_wconf 91' lang='lat' dir='ltr'><strong>ita</strong></span> <span class='ocrx_word' id='word_1_201' title='bbox 3239 1514 3600 1583; x_wconf 88' lang='lat' dir='ltr'><strong>restitutum,</strong></span> 
     </span>
    </p>
   </div>
   <div class='ocr_carea' id='block_1_28' title="bbox 1957 1598 3603 1673">
    <p class='ocr_par' dir='ltr' id='par_1_28' title="bbox 1957 1598 3603 1673">
     <span class='ocr_line' id='line_1_28' title="bbox 1957 1598 3603 1673; baseline 0.004 -20"><span class='ocrx_word' id='word_1_202' title='bbox 1957 1598 2130 1666; x_wconf 84' lang='lat' dir='ltr'><strong>notis,</strong></span> <span class='ocrx_word' id='word_1_203' title='bbox 2159 1598 2660 1658; x_wconf 81' lang='lat' dir='ltr'><strong>observationibus</strong></span> <span class='ocrx_word' id='word_1_204' title='bbox 2674 1605 2731 1655; x_wconf 90' lang='lat' dir='ltr'><strong>et</strong></span> <span class='ocrx_word' id='word_1_205' title='bbox 2743 1601 3284 1673; x_wconf 74' lang='lat' dir='ltr'><strong>praemonitionibus</strong></span> <span class='ocrx_word' id='word_1_206' title='bbox 3299 1603 3603 1671; x_wconf 87' lang='lat' dir='ltr'><strong>adornare,</strong></span> 
     </span>
    </p>
   </div>
   <div class='ocr_carea' id='block_1_29' title="bbox 1956 1687 3608 1764">
    <p class='ocr_par' dir='ltr' id='par_1_29' title="bbox 1956 1687 3608 1764">
     <span class='ocr_line' id='line_1_29' title="bbox 1956 1687 3608 1764; baseline 0.004 -22"><span class='ocrx_word' id='word_1_207' title='bbox 1956 1703 2031 1743; x_wconf 88' lang='lat' dir='ltr'><strong>ne</strong></span> <span class='ocrx_word' id='word_1_208' title='bbox 2061 1687 2206 1742; x_wconf 86' lang='lat' dir='ltr'><strong>forte</strong></span> <span class='ocrx_word' id='word_1_209' title='bbox 2237 1691 2424 1743; x_wconf 89' lang='lat' dir='ltr'><strong>totum</strong></span> <span class='ocrx_word' id='word_1_210' title='bbox 2455 1687 2623 1756; x_wconf 88' lang='lat' dir='ltr'><strong>illud,</strong></span> <span class='ocrx_word' id='word_1_211' title='bbox 2657 1694 2947 1761; x_wconf 82' lang='lat' dir='ltr'><strong>quantum</strong></span> <span class='ocrx_word' id='word_1_212' title='bbox 2980 1695 3154 1753; x_wconf 88' lang='lat' dir='ltr'><strong>esset,</strong></span> <span class='ocrx_word' id='word_1_213' title='bbox 3189 1692 3342 1764; x_wconf 92' lang='lat' dir='ltr'><strong>quod</strong></span> <span class='ocrx_word' id='word_1_214' title='bbox 3390 1708 3459 1748; x_wconf 82' lang='lat' dir='ltr'><strong>ex</strong></span> <span class='ocrx_word' id='word_1_215' title='bbox 3504 1691 3608 1748; x_wconf 87' lang='lat' dir='ltr'><strong>illa</strong></span> 
     </span>
    </p>
   </div>
   <div class='ocr_carea' id='block_1_30' title="bbox 1957 1775 3605 1854">
    <p class='ocr_par' dir='ltr' id='par_1_30' title="bbox 1957 1775 3605 1854">
     <span class='ocr_line' id='line_1_30' title="bbox 1957 1775 3605 1854; baseline 0.004 -23"><span class='ocrx_word' id='word_1_216' title='bbox 1957 1775 2341 1848; x_wconf 84' lang='lat' dir='ltr'><strong>castigatione</strong></span> <span class='ocrx_word' id='word_1_217' title='bbox 2362 1777 2665 1849; x_wconf 87' lang='lat' dir='ltr'><strong>provenire</strong></span> <span class='ocrx_word' id='word_1_218' title='bbox 2695 1783 2894 1852; x_wconf 87' lang='lat' dir='ltr'><strong>posset</strong></span> <span class='ocrx_word' id='word_1_219' title='bbox 2924 1779 3218 1846; x_wconf 90' lang='lat' dir='ltr'><strong>utilitatis,</strong></span> <span class='ocrx_word' id='word_1_220' title='bbox 3243 1785 3344 1836; x_wconf 89' lang='lat' dir='ltr'><strong>aut</strong></span> <span class='ocrx_word' id='word_1_221' title='bbox 3373 1781 3605 1854; x_wconf 88' lang='lat' dir='ltr'><strong>penitus</strong></span> 
     </span>
    </p>
   </div>
   <div class='ocr_carea' id='block_1_31' title="bbox 201 1863 3611 1965">
    <p class='ocr_par' dir='ltr' id='par_1_31' title="bbox 201 1863 3611 1965">
     <span class='ocr_line' id='line_1_31' title="bbox 201 1863 3611 1965; baseline 0.001 -43"><span class='ocrx_word' id='word_1_222' title='bbox 201 1864 387 1922; x_wconf 80' lang='lat' dir='ltr'><strong>Contra</strong></span> <span class='ocrx_word' id='word_1_223' title='bbox 411 1864 481 1920; x_wconf 90' lang='lat' dir='ltr'><strong>in</strong></span> <span class='ocrx_word' id='word_1_224' title='bbox 516 1863 832 1939; x_wconf 81' lang='lat' dir='ltr'><strong>Pelagiana</strong></span> <span class='ocrx_word' id='word_1_225' title='bbox 859 1866 1108 1922; x_wconf 87' lang='lat' dir='ltr'><strong>historia</strong></span> <span class='ocrx_word' id='word_1_226' title='bbox 1131 1883 1199 1924; x_wconf 90' lang='lat' dir='ltr'><strong>ea</strong></span> <span class='ocrx_word' id='word_1_227' title='bbox 1227 1867 1416 1922; x_wconf 91' lang='lat' dir='ltr'><strong>solum</strong></span> <span class='ocrx_word' id='word_1_228' title='bbox 1441 1885 1568 1941; x_wconf 71' lang='lat' dir='ltr'><strong>quae</strong></span> <span class='ocrx_word' id='word_1_229' title='bbox 1597 1869 1847 1924; x_wconf 87' lang='lat' dir='ltr'><strong>Leonem</strong></span> <span class='ocrx_word' id='word_1_230' title='bbox 1879 1897 1929 1965; x_wconf 80' lang='grc' dir='ltr'><strong>Β</strong></span> <span class='ocrx_word' id='word_1_231' title='bbox 1959 1865 2577 1965; x_wconf 44' lang='grc' dir='ltr'><strong>ἱηῐθῐιίιυεξμωῐβδιιθω</strong></span> <span class='ocrx_word' id='word_1_232' title='bbox 2593 1865 3003 1965; x_wconf 68' lang='lat' dir='ltr'><strong>occultaretur,</strong></span> <span class='ocrx_word' id='word_1_233' title='bbox 3019 1868 3278 1941; x_wconf 91' lang='lat' dir='ltr'><strong>adeoque</strong></span> <span class='ocrx_word' id='word_1_234' title='bbox 3299 1869 3611 1928; x_wconf 87' lang='lat' dir='ltr'><strong>nonnullo-</strong></span> 
     </span>
    </p>
   </div>
   <div class='ocr_carea' id='block_1_32' title="bbox 201 1953 3609 2030">
    <p class='ocr_par' dir='ltr' id='par_1_32' title="bbox 201 1953 3609 2030">
     <span class='ocr_line' id='line_1_32' title="bbox 201 1953 3609 2030; baseline 0.002 -20"><span class='ocrx_word' id='word_1_235' title='bbox 201 1954 547 2026; x_wconf 77' lang='lat' dir='ltr'><strong>attingerent</strong></span> <span class='ocrx_word' id='word_1_236' title='bbox 603 1954 907 2025; x_wconf 83' lang='lat' dir='ltr'><strong>spectavit,</strong></span> <span class='ocrx_word' id='word_1_237' title='bbox 940 1955 1296 2028; x_wconf 87' lang='lat' dir='ltr'><strong>omninoque</strong></span> <span class='ocrx_word' id='word_1_238' title='bbox 1326 1957 1383 2012; x_wconf 92' lang='lat' dir='ltr'><strong>in</strong></span> <span class='ocrx_word' id='word_1_239' title='bbox 1418 1957 1670 2030; x_wconf 83' lang='lat' dir='ltr'><strong>singulis</strong></span> <span class='ocrx_word' id='word_1_240' title='bbox 1721 1974 1850 2030; x_wconf 65' lang='lat' dir='ltr'><strong>quae</strong></span> <span class='ocrx_word' id='word_1_241' title='bbox 1879 1953 1928 1965; x_wconf 80' lang='grc'><strong>’⁷</strong></span> <span class='ocrx_word' id='word_1_242' title='bbox 1958 1971 2091 2010; x_wconf 92' lang='lat' dir='ltr'><strong>rum</strong></span> <span class='ocrx_word' id='word_1_243' title='bbox 2115 1953 2311 2026; x_wconf 90' lang='lat' dir='ltr'><strong>opinio</strong></span> <span class='ocrx_word' id='word_1_244' title='bbox 2343 1954 2413 2009; x_wconf 89' lang='lat' dir='ltr'><strong>de</strong></span> <span class='ocrx_word' id='word_1_245' title='bbox 2458 1954 2880 2019; x_wconf 74' lang='lat' dir='ltr'><strong>Quesnellianaa</strong></span> <span class='ocrx_word' id='word_1_246' title='bbox 2911 1957 3181 2013; x_wconf 91' lang='lat' dir='ltr'><strong>editionis</strong></span> <span class='ocrx_word' id='word_1_247' title='bbox 3223 1975 3339 2030; x_wconf 69' lang='lat' dir='ltr'><strong>prie</strong></span> <span class='ocrx_word' id='word_1_248' title='bbox 3387 1961 3609 2018; x_wconf 68' lang='lat' dir='ltr'><strong>caeteris</strong></span> 
     </span>
    </p>
   </div>
   <div class='ocr_carea' id='block_1_33' title="bbox 204 2042 1850 2119">
    <p class='ocr_par' dir='ltr' id='par_1_33' title="bbox 204 2042 1850 2119">
     <span class='ocr_line' id='line_1_33' title="bbox 204 2042 1850 2119; baseline 0.002 -21"><span class='ocrx_word' id='word_1_249' title='bbox 204 2042 387 2098; x_wconf 88' lang='lat' dir='ltr'><strong>Leonis</strong></span> <span class='ocrx_word' id='word_1_250' title='bbox 414 2046 630 2115; x_wconf 87' lang='lat' dir='ltr'><strong>partes</strong></span> <span class='ocrx_word' id='word_1_251' title='bbox 659 2042 746 2098; x_wconf 88' lang='lat' dir='ltr'><strong>vel</strong></span> <span class='ocrx_word' id='word_1_252' title='bbox 779 2044 1015 2116; x_wconf 90' lang='lat' dir='ltr'><strong>scriptis</strong></span> <span class='ocrx_word' id='word_1_253' title='bbox 1049 2043 1139 2101; x_wconf 85' lang='lat' dir='ltr'><strong>vel</strong></span> <span class='ocrx_word' id='word_1_254' title='bbox 1172 2045 1340 2100; x_wconf 82' lang='lat' dir='ltr'><strong>factis</strong></span> <span class='ocrx_word' id='word_1_255' title='bbox 1372 2046 1613 2110; x_wconf 88' lang='lat' dir='ltr'><strong>fuerint,</strong></span> <span class='ocrx_word' id='word_1_256' title='bbox 1633 2046 1850 2119; x_wconf 82' lang='lat' dir='ltr'><strong>insigni</strong></span> 
     </span>
    </p>
   </div>
   <div class='ocr_carea' id='block_1_34' title="bbox 207 2130 1851 2208">
    <p class='ocr_par' dir='ltr' id='par_1_34' title="bbox 207 2130 1851 2208">
     <span class='ocr_line' id='line_1_34' title="bbox 207 2130 1851 2208; baseline 0.005 -24"><span class='ocrx_word' id='word_1_257' title='bbox 207 2130 256 2185; x_wconf 89' lang='lat' dir='ltr'><strong>in</strong></span> <span class='ocrx_word' id='word_1_258' title='bbox 278 2130 393 2187; x_wconf 91' lang='lat' dir='ltr'><strong>loco</strong></span> <span class='ocrx_word' id='word_1_259' title='bbox 414 2131 614 2204; x_wconf 88' lang='lat' dir='ltr'><strong>ponit.</strong></span> <span class='ocrx_word' id='word_1_260' title='bbox 635 2131 770 2187; x_wconf 89' lang='lat' dir='ltr'><strong>Jam</strong></span> <span class='ocrx_word' id='word_1_261' title='bbox 794 2149 929 2188; x_wconf 92' lang='lat' dir='ltr'><strong>cum</strong></span> <span class='ocrx_word' id='word_1_262' title='bbox 948 2134 1090 2188; x_wconf 90' lang='lat' dir='ltr'><strong>satis</strong></span> <span class='ocrx_word' id='word_1_263' title='bbox 1105 2133 1406 2205; x_wconf 85' lang='lat' dir='ltr'><strong>ingenium</strong></span> <span class='ocrx_word' id='word_1_264' title='bbox 1421 2134 1851 2208; x_wconf 87' lang='lat' dir='ltr'><strong>consiliumque</strong></span> 
     </span>
    </p>
   </div>
   <div class='ocr_carea' id='block_1_35' title="bbox 199 2217 1851 2298">
    <p class='ocr_par' dir='ltr' id='par_1_35' title="bbox 199 2217 1851 2298">
     <span class='ocr_line' id='line_1_35' title="bbox 199 2217 1851 2298; baseline 0.002 -21"><span class='ocrx_word' id='word_1_265' title='bbox 199 2217 465 2277; x_wconf 73' lang='lat' dir='ltr'><strong>viribisce</strong></span> <span class='ocrx_word' id='word_1_266' title='bbox 489 2220 926 2293; x_wconf 89' lang='lat' dir='ltr'><strong>speciminibus</strong></span> <span class='ocrx_word' id='word_1_267' title='bbox 939 2221 1232 2278; x_wconf 89' lang='lat' dir='ltr'><strong>declarata</strong></span> <span class='ocrx_word' id='word_1_268' title='bbox 1243 2239 1370 2278; x_wconf 91' lang='lat' dir='ltr'><strong>esse</strong></span> <span class='ocrx_word' id='word_1_269' title='bbox 1383 2239 1532 2292; x_wconf 92' lang='lat' dir='ltr'><strong>reor,</strong></span> <span class='ocrx_word' id='word_1_270' title='bbox 1575 2225 1646 2280; x_wconf 91' lang='lat' dir='ltr'><strong>ad</strong></span> <span class='ocrx_word' id='word_1_271' title='bbox 1659 2223 1851 2298; x_wconf 87' lang='lat' dir='ltr'><strong>ipsam</strong></span> 
     </span>
    </p>
   </div>
   <div class='ocr_carea' id='block_1_36' title="bbox 210 2308 1548 2384">
    <p class='ocr_par' dir='ltr' id='par_1_36' title="bbox 210 2308 1548 2384">
     <span class='ocr_line' id='line_1_36' title="bbox 210 2308 1548 2384; baseline 0.001 -19"><span class='ocrx_word' id='word_1_272' title='bbox 210 2308 448 2382; x_wconf 89' lang='lat' dir='ltr'><strong>Operum</strong></span> <span class='ocrx_word' id='word_1_273' title='bbox 484 2309 708 2366; x_wconf 89' lang='lat' dir='ltr'><strong>Leonis</strong></span> <span class='ocrx_word' id='word_1_274' title='bbox 739 2309 1054 2366; x_wconf 90' lang='lat' dir='ltr'><strong>editionem</strong></span> <span class='ocrx_word' id='word_1_275' title='bbox 1083 2311 1548 2384; x_wconf 87' lang='lat' dir='ltr'><strong>progrediamur.</strong></span> 
     </span>
    </p>
   </div>
   <div class='ocr_carea' id='block_1_37' title="bbox 262 2486 1848 2561">
    <p class='ocr_par' dir='ltr' id='par_1_37' title="bbox 262 2486 1848 2561">
     <span class='ocr_line' id='line_1_37' title="bbox 262 2486 1848 2561; baseline 0.004 -20"><span class='ocrx_word' id='word_1_276' title='bbox 262 2486 521 2542; x_wconf 75' lang='lat'><strong>1753—55.</strong></span> <span class='ocrx_word' id='word_1_277' title='bbox 551 2488 732 2542; x_wconf 69' lang='lat' dir='ltr'><strong>Romae</strong></span> <span class='ocrx_word' id='word_1_278' title='bbox 761 2487 907 2559; x_wconf 76' lang='lat' dir='ltr'><strong>apud</strong></span> <span class='ocrx_word' id='word_1_279' title='bbox 925 2487 1217 2560; x_wconf 83' lang='lat' dir='ltr'><strong>Joscphum</strong></span> <span class='ocrx_word' id='word_1_280' title='bbox 1242 2489 1468 2556; x_wconf 84' lang='lat' dir='ltr'><strong>Collini,</strong></span> <span class='ocrx_word' id='word_1_281' title='bbox 1491 2490 1687 2561; x_wconf 75' lang='lat' dir='ltr'><strong>iri-fol.</strong></span> <span class='ocrx_word' id='word_1_282' title='bbox 1708 2491 1758 2545; x_wconf 88' lang='grc' dir='ltr'><strong>Τ.</strong></span> <span class='ocrx_word' id='word_1_283' title='bbox 1778 2491 1848 2547; x_wconf 91' lang='grc' dir='ltr'><strong>ΙΙ.</strong></span> 
     </span>
    </p>
   </div>
   <div class='ocr_carea' id='block_1_38' title="bbox 203 2574 1850 2648">
    <p class='ocr_par' dir='ltr' id='par_1_38' title="bbox 203 2574 1850 2648">
     <span class='ocr_line' id='line_1_38' title="bbox 203 2574 1850 2648; baseline 0.004 -19"><span class='ocrx_word' id='word_1_284' title='bbox 203 2577 249 2629; x_wconf 85' lang='lat' dir='ltr'><strong>S.</strong></span> <span class='ocrx_word' id='word_1_285' title='bbox 271 2574 476 2630; x_wconf 89' lang='lat' dir='ltr'><strong>Leonis</strong></span> <span class='ocrx_word' id='word_1_286' title='bbox 502 2575 704 2648; x_wconf 87' lang='lat' dir='ltr'><strong>Magni</strong></span> <span class='ocrx_word' id='word_1_287' title='bbox 726 2593 890 2648; x_wconf 63' lang='lat' dir='ltr'><strong>papae</strong></span> <span class='ocrx_word' id='word_1_288' title='bbox 915 2575 1088 2647; x_wconf 89' lang='lat' dir='ltr'><strong>primi</strong></span> <span class='ocrx_word' id='word_1_289' title='bbox 1111 2577 1298 2648; x_wconf 91' lang='lat' dir='ltr'><strong>Opera</strong></span> <span class='ocrx_word' id='word_1_290' title='bbox 1319 2579 1520 2634; x_wconf 89' lang='lat' dir='ltr'><strong>omnia</strong></span> <span class='ocrx_word' id='word_1_291' title='bbox 1539 2579 1612 2634; x_wconf 91' lang='lat' dir='ltr'><strong>ad</strong></span> <span class='ocrx_word' id='word_1_292' title='bbox 1644 2595 1850 2636; x_wconf 89' lang='lat' dir='ltr'><strong>manu-</strong></span> 
     </span>
    </p>
   </div>
   <div class='ocr_carea' id='block_1_39' title="bbox 204 2663 1848 2736">
    <p class='ocr_par' dir='ltr' id='par_1_39' title="bbox 204 2663 1848 2736">
     <span class='ocr_line' id='line_1_39' title="bbox 204 2663 1848 2736; baseline 0.002 -16"><span class='ocrx_word' id='word_1_293' title='bbox 204 2663 431 2736; x_wconf 82' lang='lat' dir='ltr'><strong>scriptos</strong></span> <span class='ocrx_word' id='word_1_294' title='bbox 444 2664 690 2720; x_wconf 87' lang='lat' dir='ltr'><strong>codices</strong></span> <span class='ocrx_word' id='word_1_295' title='bbox 705 2665 1033 2734; x_wconf 90' lang='lat' dir='ltr'><strong>emendata,</strong></span> <span class='ocrx_word' id='word_1_296' title='bbox 1049 2666 1213 2720; x_wconf 90' lang='lat' dir='ltr'><strong>novis</strong></span> <span class='ocrx_word' id='word_1_297' title='bbox 1239 2669 1638 2724; x_wconf 87' lang='lat' dir='ltr'><strong>monumentis</strong></span> <span class='ocrx_word' id='word_1_298' title='bbox 1660 2673 1848 2736; x_wconf 89' lang='lat' dir='ltr'><strong>aucta,</strong></span> 
     </span>
    </p>
   </div>
   <div class='ocr_carea' id='block_1_40' title="bbox 203 2753 1852 2814">
    <p class='ocr_par' dir='ltr' id='par_1_40' title="bbox 203 2753 1852 2814">
     <span class='ocr_line' id='line_1_40' title="bbox 203 2753 1852 2814; baseline 0.005 -8"><span class='ocrx_word' id='word_1_299' title='bbox 203 2754 337 2809; x_wconf 84' lang='lat' dir='ltr'><strong>notis</strong></span> <span class='ocrx_word' id='word_1_300' title='bbox 363 2757 422 2809; x_wconf 87' lang='lat' dir='ltr'><strong>et</strong></span> <span class='ocrx_word' id='word_1_301' title='bbox 464 2753 978 2809; x_wconf 87' lang='lat' dir='ltr'><strong>observationibus</strong></span> <span class='ocrx_word' id='word_1_302' title='bbox 1024 2755 1307 2811; x_wconf 88' lang='lat' dir='ltr'><strong>adornata</strong></span> <span class='ocrx_word' id='word_1_303' title='bbox 1363 2756 1558 2812; x_wconf 86' lang='lat' dir='ltr'><strong>studio</strong></span> <span class='ocrx_word' id='word_1_304' title='bbox 1589 2759 1646 2811; x_wconf 75' lang='grc' dir='ltr'><strong>Ρ·</strong></span> <span class='ocrx_word' id='word_1_305' title='bbox 1683 2757 1852 2814; x_wconf 76' lang='lat' dir='ltr'><strong>Ps&#39;rm</strong></span> 
     </span>
    </p>
   </div>
   <div class='ocr_carea' id='block_1_41' title="bbox 203 2842 1104 2911">
    <p class='ocr_par' dir='ltr' id='par_1_41' title="bbox 203 2842 1104 2911">
     <span class='ocr_line' id='line_1_41' title="bbox 203 2842 1104 2911; baseline 0.001 -13"><span class='ocrx_word' id='word_1_306' title='bbox 203 2842 406 2898; x_wconf 64' lang='lat' dir='ltr'><strong>Tuom</strong></span> <span class='ocrx_word' id='word_1_307' title='bbox 451 2845 741 2911; x_wconf 75' lang='lat' dir='ltr'><strong>CACCIARI,</strong></span> <span class='ocrx_word' id='word_1_308' title='bbox 777 2843 1104 2899; x_wconf 73' lang='lat' dir='ltr'><strong>Carmelitae.</strong></span> 
     </span>
    </p>
   </div>
   <div class='ocr_carea' id='block_1_42' title="bbox 261 2930 1853 3005">
    <p class='ocr_par' dir='ltr' id='par_1_42' title="bbox 261 2930 1853 3005">
     <span class='ocr_line' id='line_1_42' title="bbox 261 2930 1853 3005; baseline 0.004 -20"><span class='ocrx_word' id='word_1_309' title='bbox 261 2931 565 2987; x_wconf 75' lang='lat' dir='ltr'><strong>Nimirum</strong></span> <span class='ocrx_word' id='word_1_310' title='bbox 589 2931 704 2986; x_wconf 88' lang='lat' dir='ltr'><strong>tria</strong></span> <span class='ocrx_word' id='word_1_311' title='bbox 731 2930 831 2987; x_wconf 90' lang='lat' dir='ltr'><strong>illa</strong></span> <span class='ocrx_word' id='word_1_312' title='bbox 852 2948 978 3005; x_wconf 68' lang='lat' dir='ltr'><strong>quas</strong></span> <span class='ocrx_word' id='word_1_313' title='bbox 1002 2931 1061 2987; x_wconf 92' lang='lat' dir='ltr'><strong>in</strong></span> <span class='ocrx_word' id='word_1_314' title='bbox 1093 2932 1314 2987; x_wconf 88' lang='lat' dir='ltr'><strong>editore</strong></span> <span class='ocrx_word' id='word_1_315' title='bbox 1345 2933 1655 3005; x_wconf 88' lang='lat' dir='ltr'><strong>requirunt</strong></span> <span class='ocrx_word' id='word_1_316' title='bbox 1669 2933 1853 2991; x_wconf 89' lang='lat' dir='ltr'><strong>Balle-</strong></span> 
     </span>
    </p>
   </div>
   <div class='ocr_carea' id='block_1_43' title="bbox 207 3017 1854 3094">
    <p class='ocr_par' dir='ltr' id='par_1_43' title="bbox 207 3017 1854 3094">
     <span class='ocr_line' id='line_1_43' title="bbox 207 3017 1854 3094; baseline 0.004 -20"><span class='ocrx_word' id='word_1_317' title='bbox 207 3017 539 3092; x_wconf 71' lang='lat' dir='ltr'><strong>rinii,juzta</strong></span> <span class='ocrx_word' id='word_1_318' title='bbox 557 3020 737 3076; x_wconf 84' lang='lat' dir='ltr'><strong>verba</strong></span> <span class='ocrx_word' id='word_1_319' title='bbox 772 3037 974 3077; x_wconf 90' lang='lat' dir='ltr'><strong>eorum</strong></span> <span class='ocrx_word' id='word_1_320' title='bbox 1006 3037 1184 3092; x_wconf 90' lang='lat' dir='ltr'><strong>supra</strong></span> <span class='ocrx_word' id='word_1_321' title='bbox 1212 3022 1513 3094; x_wconf 90' lang='lat' dir='ltr'><strong>producta,</strong></span> <span class='ocrx_word' id='word_1_322' title='bbox 1548 3027 1614 3079; x_wconf 89' lang='lat' dir='ltr'><strong>ut</strong></span> <span class='ocrx_word' id='word_1_323' title='bbox 1643 3023 1854 3080; x_wconf 87' lang='lat' dir='ltr'><strong>editio-</strong></span> 
     </span>
    </p>
   </div>
   <div class='ocr_carea' id='block_1_44' title="bbox 207 3109 1856 3184">
    <p class='ocr_par' dir='ltr' id='par_1_44' title="bbox 207 3109 1856 3184">
     <span class='ocr_line' id='line_1_44' title="bbox 207 3109 1856 3184; baseline 0.004 -22"><span class='ocrx_word' id='word_1_324' title='bbox 207 3124 322 3164; x_wconf 87' lang='lat' dir='ltr'><strong>nem</strong></span> <span class='ocrx_word' id='word_1_325' title='bbox 351 3113 607 3182; x_wconf 71' lang='lat' dir='ltr'><strong>praestet</strong></span> <span class='ocrx_word' id='word_1_326' title='bbox 639 3109 1050 3178; x_wconf 89' lang='lat' dir='ltr'><strong>emaculatam,</strong></span> <span class='ocrx_word' id='word_1_327' title='bbox 1082 3111 1248 3166; x_wconf 91' lang='lat' dir='ltr'><strong>novis</strong></span> <span class='ocrx_word' id='word_1_328' title='bbox 1278 3110 1514 3184; x_wconf 85' lang='lat' dir='ltr'><strong>scriptis</strong></span> <span class='ocrx_word' id='word_1_329' title='bbox 1547 3116 1780 3168; x_wconf 89' lang='lat' dir='ltr'><strong>auctam</strong></span> <span class='ocrx_word' id='word_1_330' title='bbox 1799 3118 1856 3168; x_wconf 88' lang='lat' dir='ltr'><strong>et</strong></span> 
     </span>
    </p>
   </div>
   <div class='ocr_carea' id='block_1_45' title="bbox 1960 2043 3611 2122">
    <p class='ocr_par' dir='ltr' id='par_1_45' title="bbox 1960 2043 3611 2122">
     <span class='ocr_line' id='line_1_45' title="bbox 1960 2043 3611 2122; baseline 0.004 -23"><span class='ocrx_word' id='word_1_331' title='bbox 1960 2043 2236 2099; x_wconf 89' lang='lat' dir='ltr'><strong>omnibus</strong></span> <span class='ocrx_word' id='word_1_332' title='bbox 2256 2043 2590 2115; x_wconf 82' lang='lat' dir='ltr'><strong>praestantia</strong></span> <span class='ocrx_word' id='word_1_333' title='bbox 2620 2049 3017 2114; x_wconf 88' lang='lat' dir='ltr'><strong>maneret,aut</strong></span> <span class='ocrx_word' id='word_1_334' title='bbox 3033 2046 3209 2102; x_wconf 90' lang='lat' dir='ltr'><strong>etiam</strong></span> <span class='ocrx_word' id='word_1_335' title='bbox 3229 2051 3375 2103; x_wconf 70' lang='lat' dir='ltr'><strong>nota:</strong></span> <span class='ocrx_word' id='word_1_336' title='bbox 3406 2049 3532 2122; x_wconf 89' lang='lat' dir='ltr'><strong>ejus</strong></span> <span class='ocrx_word' id='word_1_337' title='bbox 3552 2052 3611 2106; x_wconf 88' lang='lat' dir='ltr'><strong>et</strong></span> 
     </span>
    </p>
   </div>
   <div class='ocr_carea' id='block_1_46' title="bbox 1961 2129 3608 2207">
    <p class='ocr_par' dir='ltr' id='par_1_46' title="bbox 1961 2129 3608 2207">
     <span class='ocr_line' id='line_1_46' title="bbox 1961 2129 3608 2207; baseline 0.004 -19"><span class='ocrx_word' id='word_1_338' title='bbox 1961 2131 2396 2188; x_wconf 87' lang='lat' dir='ltr'><strong>observationes</strong></span> <span class='ocrx_word' id='word_1_339' title='bbox 2429 2137 2657 2189; x_wconf 88' lang='lat' dir='ltr'><strong>tantum</strong></span> <span class='ocrx_word' id='word_1_340' title='bbox 2697 2134 2929 2207; x_wconf 89' lang='lat' dir='ltr'><strong>pondus</strong></span> <span class='ocrx_word' id='word_1_341' title='bbox 2984 2134 3196 2191; x_wconf 91' lang='lat' dir='ltr'><strong>habere</strong></span> <span class='ocrx_word' id='word_1_342' title='bbox 3251 2129 3608 2206; x_wconf 87' lang='lat' dir='ltr'><strong>viderentur,</strong></span> 
     </span>
    </p>
   </div>
   <div class='ocr_carea' id='block_1_47' title="bbox 1963 2220 3610 2299">
    <p class='ocr_par' dir='ltr' id='par_1_47' title="bbox 1963 2220 3610 2299">
     <span class='ocr_line' id='line_1_47' title="bbox 1963 2220 3610 2299; baseline 0.004 -23"><span class='ocrx_word' id='word_1_343' title='bbox 1963 2220 2132 2294; x_wconf 82' lang='lat' dir='ltr'><strong>quasi</strong></span> <span class='ocrx_word' id='word_1_344' title='bbox 2155 2239 2187 2276; x_wconf 90' lang='lat' dir='ltr'><strong>a</strong></span> <span class='ocrx_word' id='word_1_345' title='bbox 2205 2221 2436 2278; x_wconf 90' lang='lat' dir='ltr'><strong>nemine</strong></span> <span class='ocrx_word' id='word_1_346' title='bbox 2458 2223 2528 2278; x_wconf 91' lang='lat' dir='ltr'><strong>de</strong></span> <span class='ocrx_word' id='word_1_347' title='bbox 2550 2239 2742 2279; x_wconf 90' lang='lat' dir='ltr'><strong>errore</strong></span> <span class='ocrx_word' id='word_1_348' title='bbox 2776 2223 2963 2280; x_wconf 89' lang='lat' dir='ltr'><strong>notari</strong></span> <span class='ocrx_word' id='word_1_349' title='bbox 2997 2227 3097 2280; x_wconf 89' lang='lat' dir='ltr'><strong>aut</strong></span> <span class='ocrx_word' id='word_1_350' title='bbox 3117 2225 3188 2280; x_wconf 90' lang='lat' dir='ltr'><strong>de</strong></span> <span class='ocrx_word' id='word_1_351' title='bbox 3206 2223 3460 2282; x_wconf 85' lang='lat' dir='ltr'><strong>falsitate</strong></span> <span class='ocrx_word' id='word_1_352' title='bbox 3480 2243 3610 2299; x_wconf 88' lang='lat' dir='ltr'><strong>pos-</strong></span> 
     </span>
    </p>
   </div>
   <div class='ocr_carea' id='block_1_48' title="bbox 1961 2310 3610 2384">
    <p class='ocr_par' dir='ltr' id='par_1_48' title="bbox 1961 2310 3610 2384">
     <span class='ocr_line' id='line_1_48' title="bbox 1961 2310 3610 2384; baseline 0.004 -20"><span class='ocrx_word' id='word_1_353' title='bbox 1961 2313 2094 2365; x_wconf 88' lang='lat' dir='ltr'><strong>sent</strong></span> <span class='ocrx_word' id='word_1_354' title='bbox 2113 2310 2398 2366; x_wconf 90' lang='lat' dir='ltr'><strong>convinei.</strong></span> <span class='ocrx_word' id='word_1_355' title='bbox 2423 2334 2450 2360; x_wconf 85' lang='lat'>«</span> <span class='ocrx_word' id='word_1_356' title='bbox 2473 2311 2720 2366; x_wconf 84' lang='lat' dir='ltr'><strong>Necesse</strong></span> <span class='ocrx_word' id='word_1_357' title='bbox 2741 2327 2878 2384; x_wconf 85' lang='lat' dir='ltr'><strong>ergo</strong></span> <span class='ocrx_word' id='word_1_358' title='bbox 2896 2311 3022 2378; x_wconf 89' lang='lat' dir='ltr'><strong>fuit,</strong></span> <span class='ocrx_word' id='word_1_359' title='bbox 3043 2314 3240 2384; x_wconf 81' lang='lat' dir='ltr'><strong>inquit,</strong></span> <span class='ocrx_word' id='word_1_360' title='bbox 3255 2312 3416 2370; x_wconf 92' lang='lat' dir='ltr'><strong>hisce</strong></span> <span class='ocrx_word' id='word_1_361' title='bbox 3428 2317 3610 2381; x_wconf 87' lang='lat' dir='ltr'><strong>Ques-</strong></span> 
     </span>
    </p>
   </div>
   <div class='ocr_carea' id='block_1_49' title="bbox 1962 2397 3610 2469">
    <p class='ocr_par' dir='ltr' id='par_1_49' title="bbox 1962 2397 3610 2469">
     <span class='ocr_line' id='line_1_49' title="bbox 1962 2397 3610 2469; baseline 0.002 -15"><span class='ocrx_word' id='word_1_362' title='bbox 1962 2397 2231 2454; x_wconf 89' lang='lat' dir='ltr'><strong>nellianis</strong></span> <span class='ocrx_word' id='word_1_363' title='bbox 2284 2400 2438 2455; x_wconf 91' lang='lat' dir='ltr'><strong>notis</strong></span> <span class='ocrx_word' id='word_1_364' title='bbox 2471 2403 2527 2454; x_wconf 88' lang='lat' dir='ltr'><strong>et</strong></span> <span class='ocrx_word' id='word_1_365' title='bbox 2565 2399 3092 2466; x_wconf 84' lang='lat' dir='ltr'><strong>observationibus,</strong></span> <span class='ocrx_word' id='word_1_366' title='bbox 3124 2418 3322 2469; x_wconf 87' lang='lat' dir='ltr'><strong>novas,</strong></span> <span class='ocrx_word' id='word_1_367' title='bbox 3355 2402 3610 2458; x_wconf 87' lang='lat' dir='ltr'><strong>veriores</strong></span> 
     </span>
    </p>
   </div>
   <div class='ocr_carea' id='block_1_50' title="bbox 1961 2485 3607 2560">
    <p class='ocr_par' dir='ltr' id='par_1_50' title="bbox 1961 2485 3607 2560">
     <span class='ocr_line' id='line_1_50' title="bbox 1961 2485 3607 2560; baseline 0.002 -17"><span class='ocrx_word' id='word_1_368' title='bbox 1961 2492 2137 2559; x_wconf 90' lang='lat' dir='ltr'><strong>atque</strong></span> <span class='ocrx_word' id='word_1_369' title='bbox 2169 2487 2358 2559; x_wconf 87' lang='lat' dir='ltr'><strong>magis</strong></span> <span class='ocrx_word' id='word_1_370' title='bbox 2390 2485 2737 2543; x_wconf 89' lang='lat' dir='ltr'><strong>sinceriores</strong></span> <span class='ocrx_word' id='word_1_371' title='bbox 2769 2504 3080 2559; x_wconf 86' lang='lat' dir='ltr'><strong>opponere,</strong></span> <span class='ocrx_word' id='word_1_372' title='bbox 3113 2505 3330 2560; x_wconf 89' lang='lat' dir='ltr'><strong>easque</strong></span> <span class='ocrx_word' id='word_1_373' title='bbox 3361 2507 3476 2546; x_wconf 91' lang='lat' dir='ltr'><strong>non</strong></span> <span class='ocrx_word' id='word_1_374' title='bbox 3535 2491 3607 2546; x_wconf 90' lang='lat' dir='ltr'><strong>ad</strong></span> 
     </span>
    </p>
   </div>
   <div class='ocr_carea' id='block_1_51' title="bbox 1961 2574 3610 2651">
    <p class='ocr_par' dir='ltr' id='par_1_51' title="bbox 1961 2574 3610 2651">
     <span class='ocr_line' id='line_1_51' title="bbox 1961 2574 3610 2651; baseline 0.001 -18"><span class='ocrx_word' id='word_1_375' title='bbox 1961 2576 2179 2633; x_wconf 88' lang='lat' dir='ltr'><strong>calcem</strong></span> <span class='ocrx_word' id='word_1_376' title='bbox 2203 2575 2384 2647; x_wconf 90' lang='lat' dir='ltr'><strong>hujus</strong></span> <span class='ocrx_word' id='word_1_377' title='bbox 2411 2574 2920 2647; x_wconf 66' lang='lat' dir='ltr'><strong>nostrivoluminis</strong></span> <span class='ocrx_word' id='word_1_378' title='bbox 2941 2593 3253 2645; x_wconf 88' lang='lat' dir='ltr'><strong>reservare,</strong></span> <span class='ocrx_word' id='word_1_379' title='bbox 3270 2582 3334 2634; x_wconf 89' lang='lat' dir='ltr'><strong>ut</strong></span> <span class='ocrx_word' id='word_1_380' title='bbox 3354 2579 3610 2651; x_wconf 90' lang='lat' dir='ltr'><strong>quando-</strong></span> 
     </span>
    </p>
   </div>
   <div class='ocr_carea' id='block_1_52' title="bbox 1961 2663 3609 2737">
    <p class='ocr_par' dir='ltr' id='par_1_52' title="bbox 1961 2663 3609 2737">
     <span class='ocr_line' id='line_1_52' title="bbox 1961 2663 3609 2737; baseline 0.002 -18"><span class='ocrx_word' id='word_1_381' title='bbox 1961 2681 2075 2737; x_wconf 91' lang='lat' dir='ltr'><strong>que</strong></span> <span class='ocrx_word' id='word_1_382' title='bbox 2101 2665 2207 2720; x_wconf 87' lang='lat' dir='ltr'><strong>viri</strong></span> <span class='ocrx_word' id='word_1_383' title='bbox 2253 2663 2396 2720; x_wconf 89' lang='lat' dir='ltr'><strong>alias</strong></span> <span class='ocrx_word' id='word_1_384' title='bbox 2419 2664 2746 2721; x_wconf 89' lang='lat' dir='ltr'><strong>doctissimi</strong></span> <span class='ocrx_word' id='word_1_385' title='bbox 2769 2665 3050 2730; x_wconf 85' lang='lat' dir='ltr'><strong>fecerunt,</strong></span> <span class='ocrx_word' id='word_1_386' title='bbox 3071 2665 3172 2722; x_wconf 88' lang='lat' dir='ltr'><strong>sed</strong></span> <span class='ocrx_word' id='word_1_387' title='bbox 3204 2667 3439 2722; x_wconf 89' lang='lat' dir='ltr'><strong>easdem</strong></span> <span class='ocrx_word' id='word_1_388' title='bbox 3471 2684 3609 2724; x_wconf 91' lang='lat' dir='ltr'><strong>con-</strong></span> 
     </span>
    </p>
   </div>
   <div class='ocr_carea' id='block_1_53' title="bbox 1959 2751 3610 2825">
    <p class='ocr_par' dir='ltr' id='par_1_53' title="bbox 1959 2751 3610 2825">
     <span class='ocr_line' id='line_1_53' title="bbox 1959 2751 3610 2825; baseline 0.002 -17"><span class='ocrx_word' id='word_1_389' title='bbox 1959 2753 2330 2810; x_wconf 85' lang='lat' dir='ltr'><strong>venientibus</strong></span> <span class='ocrx_word' id='word_1_390' title='bbox 2351 2751 2580 2825; x_wconf 88' lang='lat' dir='ltr'><strong>sibiquc</strong></span> <span class='ocrx_word' id='word_1_391' title='bbox 2603 2753 2755 2824; x_wconf 89' lang='lat' dir='ltr'><strong>aptis</strong></span> <span class='ocrx_word' id='word_1_392' title='bbox 2777 2751 2920 2809; x_wconf 91' lang='lat' dir='ltr'><strong>locis</strong></span> <span class='ocrx_word' id='word_1_393' title='bbox 2941 2753 3313 2824; x_wconf 89' lang='lat' dir='ltr'><strong>distribuere,</strong></span> <span class='ocrx_word' id='word_1_394' title='bbox 3337 2759 3403 2812; x_wconf 88' lang='lat' dir='ltr'><strong>ut</strong></span> <span class='ocrx_word' id='word_1_395' title='bbox 3431 2754 3610 2812; x_wconf 88' lang='lat' dir='ltr'><strong>lector</strong></span> 
     </span>
    </p>
   </div>
   <div class='ocr_carea' id='block_1_54' title="bbox 1963 2840 3610 2918">
    <p class='ocr_par' dir='ltr' id='par_1_54' title="bbox 1963 2840 3610 2918">
     <span class='ocr_line' id='line_1_54' title="bbox 1963 2840 3610 2918; baseline 0.002 -21"><span class='ocrx_word' id='word_1_396' title='bbox 1963 2841 2190 2897; x_wconf 89' lang='lat' dir='ltr'><strong>nullum</strong></span> <span class='ocrx_word' id='word_1_397' title='bbox 2223 2857 2464 2914; x_wconf 90' lang='lat' dir='ltr'><strong>prorsus</strong></span> <span class='ocrx_word' id='word_1_398' title='bbox 2494 2840 2754 2896; x_wconf 91' lang='lat' dir='ltr'><strong>laborem</strong></span> <span class='ocrx_word' id='word_1_399' title='bbox 2787 2840 2846 2896; x_wconf 92' lang='lat' dir='ltr'><strong>in</strong></span> <span class='ocrx_word' id='word_1_400' title='bbox 2877 2841 3205 2898; x_wconf 91' lang='lat' dir='ltr'><strong>evolvendis</strong></span> <span class='ocrx_word' id='word_1_401' title='bbox 3229 2842 3360 2899; x_wconf 90' lang='lat' dir='ltr'><strong>libri</strong></span> <span class='ocrx_word' id='word_1_402' title='bbox 3379 2843 3610 2918; x_wconf 88' lang='lat' dir='ltr'><strong>paginis</strong></span> 
     </span>
    </p>
   </div>
   <div class='ocr_carea' id='block_1_55' title="bbox 1962 2928 3610 3002">
    <p class='ocr_par' dir='ltr' id='par_1_55' title="bbox 1962 2928 3610 3002">
     <span class='ocr_line' id='line_1_55' title="bbox 1962 2928 3610 3002; baseline 0.002 -15"><span class='ocrx_word' id='word_1_403' title='bbox 1962 2930 2290 2994; x_wconf 88' lang='lat' dir='ltr'><strong>subiret,ad</strong></span> <span class='ocrx_word' id='word_1_404' title='bbox 2306 2928 2766 3002; x_wconf 91' lang='lat' dir='ltr'><strong>eaintelligenda</strong></span> <span class='ocrx_word' id='word_1_405' title='bbox 2790 2947 2918 3002; x_wconf 63' lang='lat' dir='ltr'><strong>quas</strong></span> <span class='ocrx_word' id='word_1_406' title='bbox 2941 2929 3050 2986; x_wconf 90' lang='lat' dir='ltr'><strong>hac</strong></span> <span class='ocrx_word' id='word_1_407' title='bbox 3075 2931 3337 2988; x_wconf 84' lang='lat' dir='ltr'><strong>Romana</strong></span> <span class='ocrx_word' id='word_1_408' title='bbox 3356 2933 3610 2990; x_wconf 89' lang='lat' dir='ltr'><strong>editione</strong></span> 
     </span>
    </p>
   </div>
   <div class='ocr_carea' id='block_1_56' title="bbox 1962 3017 3610 3090">
    <p class='ocr_par' dir='ltr' id='par_1_56' title="bbox 1962 3017 3610 3090">
     <span class='ocr_line' id='line_1_56' title="bbox 1962 3017 3610 3090; baseline 0.001 -13"><span class='ocrx_word' id='word_1_409' title='bbox 1962 3023 2166 3077; x_wconf 88' lang='lat' dir='ltr'><strong>contra</strong></span> <span class='ocrx_word' id='word_1_410' title='bbox 2177 3017 2648 3087; x_wconf 87' lang='lat' dir='ltr'><strong>Quesnellianam</strong></span> <span class='ocrx_word' id='word_1_411' title='bbox 2663 3018 3138 3090; x_wconf 86' lang='lat' dir='ltr'><strong>conscripsimus.</strong></span> <span class='ocrx_word' id='word_1_412' title='bbox 3155 3021 3300 3086; x_wconf 89' lang='lat' dir='ltr'><strong>Quia</strong></span> <span class='ocrx_word' id='word_1_413' title='bbox 3321 3038 3455 3078; x_wconf 90' lang='lat' dir='ltr'><strong>vero</strong></span> <span class='ocrx_word' id='word_1_414' title='bbox 3486 3027 3610 3079; x_wconf 89' lang='lat' dir='ltr'><strong>tan-</strong></span> 
     </span>
    </p>
   </div>
   <div class='ocr_carea' id='block_1_57' title="bbox 1961 3105 3608 3181">
    <p class='ocr_par' dir='ltr' id='par_1_57' title="bbox 1961 3105 3608 3181">
     <span class='ocr_line' id='line_1_57' title="bbox 1961 3105 3608 3181; baseline 0.002 -17"><span class='ocrx_word' id='word_1_415' title='bbox 1961 3109 2095 3164; x_wconf 90' lang='lat' dir='ltr'><strong>dem</strong></span> <span class='ocrx_word' id='word_1_416' title='bbox 2116 3111 2206 3178; x_wconf 90' lang='lat' dir='ltr'><strong>(ut</strong></span> <span class='ocrx_word' id='word_1_417' title='bbox 2223 3105 2572 3174; x_wconf 85' lang='lat' dir='ltr'><strong>diximus)in</strong></span> <span class='ocrx_word' id='word_1_418' title='bbox 2586 3123 2827 3163; x_wconf 89' lang='lat' dir='ltr'><strong>suarum</strong></span> <span class='ocrx_word' id='word_1_419' title='bbox 2854 3107 3135 3164; x_wconf 81' lang='lat' dir='ltr'><strong>falsarum</strong></span> <span class='ocrx_word' id='word_1_420' title='bbox 3147 3109 3608 3181; x_wconf 82' lang='lat' dir='ltr'><strong>propositionum</strong></span> 
     </span>
    </p>
   </div>
   <div class='ocr_carea' id='block_1_58' title="bbox 205 3194 3611 3270">
    <p class='ocr_par' dir='ltr' id='par_1_58' title="bbox 205 3194 3611 3270">
     <span class='ocr_line' id='line_1_58' title="bbox 205 3194 3611 3270; baseline 0.004 -21"><span class='ocrx_word' id='word_1_421' title='bbox 205 3194 580 3263; x_wconf 71' lang='lat' dir='ltr'><strong>illustratam,</strong></span> <span class='ocrx_word' id='word_1_422' title='bbox 599 3198 931 3254; x_wconf 86' lang='lat' dir='ltr'><strong>Cacoiarius</strong></span> <span class='ocrx_word' id='word_1_423' title='bbox 952 3199 1255 3270; x_wconf 90' lang='lat' dir='ltr'><strong>quoquein</strong></span> <span class='ocrx_word' id='word_1_424' title='bbox 1277 3199 1436 3256; x_wconf 89' lang='lat' dir='ltr'><strong>hisce</strong></span> <span class='ocrx_word' id='word_1_425' title='bbox 1455 3199 1855 3259; x_wconf 86' lang='lat' dir='ltr'><strong>voluminibus</strong></span> <span class='ocrx_word' id='word_1_426' title='bbox 1896 3264 1926 3270; x_wconf 25' lang='grc' dir='ltr'>ᾧ</span> <span class='ocrx_word' id='word_1_427' title='bbox 1965 3196 2324 3269; x_wconf 63' lang='lat' dir='ltr'><strong>praesidium.</strong></span> <span class='ocrx_word' id='word_1_428' title='bbox 2341 3195 2665 3252; x_wconf 73' lang='lat' dir='ltr'><strong>Leoninum</strong></span> <span class='ocrx_word' id='word_1_429' title='bbox 2689 3200 2932 3265; x_wconf 63' lang='lat' dir='ltr'><strong>textum,</strong></span> <span class='ocrx_word' id='word_1_430' title='bbox 2975 3213 3280 3270; x_wconf 68' lang='lat' dir='ltr'><strong>Perpemm</strong></span> <span class='ocrx_word' id='word_1_431' title='bbox 3311 3202 3368 3254; x_wconf 63' lang='lat' dir='ltr'><strong>et</strong></span> <span class='ocrx_word' id='word_1_432' title='bbox 3395 3198 3611 3255; x_wconf 77' lang='lat' dir='ltr'><strong>ViOleD-</strong></span> 
     </span>
    </p>
   </div>
   <div class='ocr_carea' id='block_1_59' title="bbox 207 3264 3608 3362">
    <p class='ocr_par' dir='ltr' id='par_1_59' title="bbox 207 3264 3608 3362">
     <span class='ocr_line' id='line_1_59' title="bbox 207 3264 3608 3362; baseline 0.001 -24"><span class='ocrx_word' id='word_1_433' title='bbox 207 3285 462 3342; x_wconf 74' lang='lat' dir='ltr'><strong>effecisse</strong></span> <span class='ocrx_word' id='word_1_434' title='bbox 483 3286 598 3341; x_wconf 90' lang='lat' dir='ltr'><strong>sibi</strong></span> <span class='ocrx_word' id='word_1_435' title='bbox 624 3285 789 3343; x_wconf 88' lang='lat' dir='ltr'><strong>visus</strong></span> <span class='ocrx_word' id='word_1_436' title='bbox 805 3303 870 3342; x_wconf 89' lang='lat' dir='ltr'><strong>ac</strong></span> <span class='ocrx_word' id='word_1_437' title='bbox 893 3264 1186 3359; x_wconf 76' lang='lat' dir='ltr'><strong>pollicitus</strong></span> <span class='ocrx_word' id='word_1_438' title='bbox 1201 3294 1307 3344; x_wconf 91' lang='lat' dir='ltr'><strong>est.</strong></span> <span class='ocrx_word' id='word_1_439' title='bbox 1332 3290 1855 3362; x_wconf 85' lang='lat' dir='ltr'><strong>Quippeemacula-</strong></span> <span class='ocrx_word' id='word_1_440' title='bbox 1885 3264 1928 3333; x_wconf 59' lang='grc' dir='ltr'><strong>(ἶ</strong></span> <span class='ocrx_word' id='word_1_441' title='bbox 1965 3264 2053 3342; x_wconf 78' lang='lat' dir='ltr'><strong>ter</strong></span> <span class='ocrx_word' id='word_1_442' title='bbox 2099 3284 2567 3357; x_wconf 89' lang='lat' dir='ltr'><strong>interpretatum,</strong></span> <span class='ocrx_word' id='word_1_443' title='bbox 2596 3285 2884 3340; x_wconf 90' lang='lat' dir='ltr'><strong>adducere</strong></span> <span class='ocrx_word' id='word_1_444' title='bbox 2909 3264 3227 3353; x_wconf 46' lang='lat' dir='ltr'><strong>censu-ev“,</strong></span> <span class='ocrx_word' id='word_1_445' title='bbox 3261 3285 3608 3344; x_wconf 86' lang='lat' dir='ltr'><strong>allaboravi-</strong></span> 
     </span>
    </p>
   </div>
   <div class='ocr_carea' id='block_1_60' title="bbox 207 3374 1857 3447">
    <p class='ocr_par' dir='ltr' id='par_1_60' title="bbox 207 3374 1857 3447">
     <span class='ocr_line' id='line_1_60' title="bbox 207 3374 1857 3447; baseline 0.004 -18"><span class='ocrx_word' id='word_1_446' title='bbox 207 3375 308 3429; x_wconf 79' lang='lat' dir='ltr'><strong>tam</strong></span> <span class='ocrx_word' id='word_1_447' title='bbox 337 3379 391 3430; x_wconf 89' lang='lat' dir='ltr'><strong>et</strong></span> <span class='ocrx_word' id='word_1_448' title='bbox 421 3374 857 3447; x_wconf 79' lang='lat' dir='ltr'><strong>locupletatam</strong></span> <span class='ocrx_word' id='word_1_449' title='bbox 879 3377 1040 3432; x_wconf 89' lang='lat' dir='ltr'><strong>dedit</strong></span> <span class='ocrx_word' id='word_1_450' title='bbox 1068 3393 1136 3432; x_wconf 82' lang='lat' dir='ltr'><strong>ex</strong></span> <span class='ocrx_word' id='word_1_451' title='bbox 1156 3377 1456 3434; x_wconf 89' lang='lat' dir='ltr'><strong>codicibus</strong></span> <span class='ocrx_word' id='word_1_452' title='bbox 1479 3379 1730 3436; x_wconf 84' lang='lat' dir='ltr'><strong>maxime</strong></span> <span class='ocrx_word' id='word_1_453' title='bbox 1751 3384 1857 3436; x_wconf 88' lang='lat' dir='ltr'><strong>Va-</strong></span> 
     </span>
    </p>
   </div>
   <div class='ocr_carea' id='block_1_61' title="bbox 206 3461 1854 3539">
    <p class='ocr_par' dir='ltr' id='par_1_61' title="bbox 206 3461 1854 3539">
     <span class='ocr_line' id='line_1_61' title="bbox 206 3461 1854 3539; baseline 0.005 -23"><span class='ocrx_word' id='word_1_454' title='bbox 206 3461 412 3535; x_wconf 85' lang='lat' dir='ltr'><strong>ticanis,</strong></span> <span class='ocrx_word' id='word_1_455' title='bbox 457 3469 823 3537; x_wconf 84' lang='lat' dir='ltr'><strong>quaprOpter</strong></span> <span class='ocrx_word' id='word_1_456' title='bbox 852 3466 1152 3521; x_wconf 81' lang='lat' dir='ltr'><strong>Romanam</strong></span> <span class='ocrx_word' id='word_1_457' title='bbox 1177 3465 1459 3538; x_wconf 89' lang='lat' dir='ltr'><strong>appellari</strong></span> <span class='ocrx_word' id='word_1_458' title='bbox 1505 3469 1688 3539; x_wconf 90' lang='lat' dir='ltr'><strong>cupit,</strong></span> <span class='ocrx_word' id='word_1_459' title='bbox 1720 3467 1854 3524; x_wconf 91' lang='lat' dir='ltr'><strong>illu-</strong></span> 
     </span>
    </p>
   </div>
   <div class='ocr_carea' id='block_1_62' title="bbox 209 3554 1852 3628">
    <p class='ocr_par' dir='ltr' id='par_1_62' title="bbox 209 3554 1852 3628">
     <span class='ocr_line' id='line_1_62' title="bbox 209 3554 1852 3628; baseline 0.005 -24"><span class='ocrx_word' id='word_1_460' title='bbox 209 3554 429 3608; x_wconf 82' lang='lat' dir='ltr'><strong>stratam</strong></span> <span class='ocrx_word' id='word_1_461' title='bbox 441 3557 651 3608; x_wconf 84' lang='lat' dir='ltr'><strong>autem</strong></span> <span class='ocrx_word' id='word_1_462' title='bbox 671 3559 1063 3625; x_wconf 70' lang='lat' dir='ltr'><strong>praeterquam</strong></span> <span class='ocrx_word' id='word_1_463' title='bbox 1081 3555 1591 3610; x_wconf 86' lang='lat' dir='ltr'><strong>exercitationibus</strong></span> <span class='ocrx_word' id='word_1_464' title='bbox 1605 3557 1852 3628; x_wconf 66' lang='lat' dir='ltr'><strong>praeviis,</strong></span> 
     </span>
    </p>
   </div>
   <div class='ocr_carea' id='block_1_63' title="bbox 209 3637 1854 3715">
    <p class='ocr_par' dir='ltr' id='par_1_63' title="bbox 209 3637 1854 3715">
     <span class='ocr_line' id='line_1_63' title="bbox 209 3637 1854 3715; baseline 0.006 -24"><span class='ocrx_word' id='word_1_465' title='bbox 209 3637 260 3692; x_wconf 91' lang='lat' dir='ltr'><strong>in</strong></span> <span class='ocrx_word' id='word_1_466' title='bbox 281 3641 426 3697; x_wconf 89' lang='lat' dir='ltr'><strong>notis</strong></span> <span class='ocrx_word' id='word_1_467' title='bbox 453 3643 709 3713; x_wconf 87' lang='lat' dir='ltr'><strong>iamjam</strong></span> <span class='ocrx_word' id='word_1_468' title='bbox 729 3642 911 3698; x_wconf 84' lang='lat' dir='ltr'><strong>textui</strong></span> <span class='ocrx_word' id='word_1_469' title='bbox 939 3642 1240 3713; x_wconf 88' lang='lat' dir='ltr'><strong>subjectis,</strong></span> <span class='ocrx_word' id='word_1_470' title='bbox 1266 3660 1391 3715; x_wconf 67' lang='lat' dir='ltr'><strong>quae</strong></span> <span class='ocrx_word' id='word_1_471' title='bbox 1424 3661 1556 3699; x_wconf 91' lang='lat' dir='ltr'><strong>cum</strong></span> <span class='ocrx_word' id='word_1_472' title='bbox 1589 3646 1704 3701; x_wconf 88' lang='lat' dir='ltr'><strong>fere</strong></span> <span class='ocrx_word' id='word_1_473' title='bbox 1734 3663 1854 3701; x_wconf 90' lang='lat' dir='ltr'><strong>0m-</strong></span> 
     </span>
    </p>
   </div>
   <div class='ocr_carea' id='block_1_64' title="bbox 210 3728 1854 3805">
    <p class='ocr_par' dir='ltr' id='par_1_64' title="bbox 210 3728 1854 3805">
     <span class='ocr_line' id='line_1_64' title="bbox 210 3728 1854 3805; baseline 0.005 -26"><span class='ocrx_word' id='word_1_474' title='bbox 210 3741 301 3780; x_wconf 87' lang='lat' dir='ltr'><strong>nes</strong></span> <span class='ocrx_word' id='word_1_475' title='bbox 314 3734 508 3785; x_wconf 82' lang='lat' dir='ltr'><strong>contra</strong></span> <span class='ocrx_word' id='word_1_476' title='bbox 520 3728 826 3793; x_wconf 89' lang='lat' dir='ltr'><strong>Quesnelli</strong></span> <span class='ocrx_word' id='word_1_477' title='bbox 840 3729 1329 3803; x_wconf 82' lang='lat' dir='ltr'><strong>Opinionesatque</strong></span> <span class='ocrx_word' id='word_1_478' title='bbox 1350 3737 1573 3788; x_wconf 88' lang='lat' dir='ltr'><strong>asserta</strong></span> <span class='ocrx_word' id='word_1_479' title='bbox 1596 3733 1854 3805; x_wconf 88' lang='lat' dir='ltr'><strong>dirigun-</strong></span> 
     </span>
    </p>
   </div>
   <div class='ocr_carea' id='block_1_65' title="bbox 207 3815 1851 3886">
    <p class='ocr_par' dir='ltr' id='par_1_65' title="bbox 207 3815 1851 3886">
     <span class='ocr_line' id='line_1_65' title="bbox 207 3815 1851 3886; baseline 0.006 -18"><span class='ocrx_word' id='word_1_480' title='bbox 207 3815 542 3881; x_wconf 85' lang='lat' dir='ltr'><strong>tur,idcirco</strong></span> <span class='ocrx_word' id='word_1_481' title='bbox 566 3819 1173 3886; x_wconf 76' lang='lat' dir='ltr'><strong>Anti-Quesnellianam</strong></span> <span class='ocrx_word' id='word_1_482' title='bbox 1203 3837 1319 3876; x_wconf 91' lang='lat' dir='ltr'><strong>non</strong></span> <span class='ocrx_word' id='word_1_483' title='bbox 1349 3821 1640 3877; x_wconf 89' lang='lat' dir='ltr'><strong>immerito</strong></span> <span class='ocrx_word' id='word_1_484' title='bbox 1683 3839 1851 3881; x_wconf 83' lang='lat' dir='ltr'><strong>suam</strong></span> 
     </span>
    </p>
   </div>
   <div class='ocr_carea' id='block_1_66' title="bbox 207 3902 1852 3981">
    <p class='ocr_par' dir='ltr' id='par_1_66' title="bbox 207 3902 1852 3981">
     <span class='ocr_line' id='line_1_66' title="bbox 207 3902 1852 3981; baseline 0.007 -26"><span class='ocrx_word' id='word_1_485' title='bbox 207 3902 509 3962; x_wconf 84' lang='lat' dir='ltr'><strong>editionem</strong></span> <span class='ocrx_word' id='word_1_486' title='bbox 524 3907 733 3962; x_wconf 89' lang='lat' dir='ltr'><strong>audire</strong></span> <span class='ocrx_word' id='word_1_487' title='bbox 745 3908 1335 3979; x_wconf 59' lang='lat' dir='ltr'><strong>pradicatﬂescissis</strong></span> <span class='ocrx_word' id='word_1_488' title='bbox 1347 3909 1852 3981; x_wconf 89' lang='lat' dir='ltr'><strong>igiturlibrisquos</strong></span> 
     </span>
    </p>
   </div>
   <div class='ocr_carea' id='block_1_67' title="bbox 213 3995 1848 4068">
    <p class='ocr_par' dir='ltr' id='par_1_67' title="bbox 213 3995 1848 4068">
     <span class='ocr_line' id='line_1_67' title="bbox 213 3995 1848 4068; baseline 0.005 -22"><span class='ocrx_word' id='word_1_489' title='bbox 213 4006 345 4048; x_wconf 82' lang='lat' dir='ltr'><strong>novo</strong></span> <span class='ocrx_word' id='word_1_490' title='bbox 366 3995 638 4068; x_wconf 78' lang='lat' dir='ltr'><strong>exemplo</strong></span> <span class='ocrx_word' id='word_1_491' title='bbox 670 3996 848 4051; x_wconf 88' lang='lat' dir='ltr'><strong>Leoni</strong></span> <span class='ocrx_word' id='word_1_492' title='bbox 879 3996 1240 4053; x_wconf 88' lang='lat' dir='ltr'><strong>vindicatum</strong></span> <span class='ocrx_word' id='word_1_493' title='bbox 1271 3996 1451 4054; x_wconf 88' lang='lat' dir='ltr'><strong>iverat</strong></span> <span class='ocrx_word' id='word_1_494' title='bbox 1479 3997 1848 4065; x_wconf 89' lang='lat' dir='ltr'><strong>Quesnellus,</strong></span> 
     </span>
    </p>
   </div>
   <div class='ocr_carea' id='block_1_68' title="bbox 209 4081 1850 4156">
    <p class='ocr_par' dir='ltr' id='par_1_68' title="bbox 209 4081 1850 4156">
     <span class='ocr_line' id='line_1_68' title="bbox 209 4081 1850 4156; baseline 0.005 -21"><span class='ocrx_word' id='word_1_495' title='bbox 209 4081 435 4139; x_wconf 82' lang='lat' dir='ltr'><strong>rescisso</strong></span> <span class='ocrx_word' id='word_1_496' title='bbox 458 4100 705 4156; x_wconf 89' lang='lat' dir='ltr'><strong>quoque</strong></span> <span class='ocrx_word' id='word_1_497' title='bbox 735 4085 944 4140; x_wconf 86' lang='lat' dir='ltr'><strong>Codice</strong></span> <span class='ocrx_word' id='word_1_498' title='bbox 956 4085 1259 4142; x_wconf 88' lang='lat' dir='ltr'><strong>Canonum</strong></span> <span class='ocrx_word' id='word_1_499' title='bbox 1281 4091 1339 4142; x_wconf 89' lang='lat' dir='ltr'><strong>et</strong></span> <span class='ocrx_word' id='word_1_500' title='bbox 1351 4087 1850 4144; x_wconf 88' lang='lat' dir='ltr'><strong>Constitutionum</strong></span> 
     </span>
    </p>
   </div>
   <div class='ocr_carea' id='block_1_69' title="bbox 208 4169 1848 4244">
    <p class='ocr_par' dir='ltr' id='par_1_69' title="bbox 208 4169 1848 4244">
     <span class='ocr_line' id='line_1_69' title="bbox 208 4169 1848 4244; baseline 0.005 -20"><span class='ocrx_word' id='word_1_501' title='bbox 208 4169 349 4226; x_wconf 79' lang='lat' dir='ltr'><strong>sedis</strong></span> <span class='ocrx_word' id='word_1_502' title='bbox 377 4171 737 4244; x_wconf 79' lang='lat' dir='ltr'><strong>apostolicae,</strong></span> <span class='ocrx_word' id='word_1_503' title='bbox 756 4176 940 4244; x_wconf 84' lang='lat' dir='ltr'><strong>primo</strong></span> <span class='ocrx_word' id='word_1_504' title='bbox 984 4179 1128 4229; x_wconf 79' lang='lat' dir='ltr'><strong>tonio</strong></span> <span class='ocrx_word' id='word_1_505' title='bbox 1180 4178 1510 4241; x_wconf 87' lang='lat' dir='ltr'><strong>Sermones,</strong></span> <span class='ocrx_word' id='word_1_506' title='bbox 1537 4192 1672 4231; x_wconf 91' lang='lat' dir='ltr'><strong>cum</strong></span> <span class='ocrx_word' id='word_1_507' title='bbox 1703 4193 1848 4232; x_wconf 86' lang='lat' dir='ltr'><strong>non-</strong></span> 
     </span>
    </p>
   </div>
   <div class='ocr_carea' id='block_1_70' title="bbox 207 4257 1850 4336">
    <p class='ocr_par' dir='ltr' id='par_1_70' title="bbox 207 4257 1850 4336">
     <span class='ocr_line' id='line_1_70' title="bbox 207 4257 1850 4336; baseline 0.007 -27"><span class='ocrx_word' id='word_1_508' title='bbox 207 4257 367 4314; x_wconf 85' lang='lat' dir='ltr'><strong>nullis</strong></span> <span class='ocrx_word' id='word_1_509' title='bbox 390 4259 521 4317; x_wconf 86' lang='lat' dir='ltr'><strong>aliis</strong></span> <span class='ocrx_word' id='word_1_510' title='bbox 547 4262 954 4318; x_wconf 87' lang='lat' dir='ltr'><strong>monumentis</strong></span> <span class='ocrx_word' id='word_1_511' title='bbox 984 4263 1055 4317; x_wconf 92' lang='lat' dir='ltr'><strong>de</strong></span> <span class='ocrx_word' id='word_1_512' title='bbox 1081 4278 1142 4318; x_wconf 88' lang='lat' dir='ltr'><strong>re</strong></span> <span class='ocrx_word' id='word_1_513' title='bbox 1169 4261 1443 4336; x_wconf 86' lang='lat' dir='ltr'><strong>liturgica</strong></span> <span class='ocrx_word' id='word_1_514' title='bbox 1463 4279 1531 4318; x_wconf 80' lang='lat' dir='ltr'><strong>ex</strong></span> <span class='ocrx_word' id='word_1_515' title='bbox 1553 4263 1774 4320; x_wconf 90' lang='lat' dir='ltr'><strong>Missali</strong></span> <span class='ocrx_word' id='word_1_516' title='bbox 1797 4272 1850 4320; x_wconf 91' lang='lat' dir='ltr'><strong>et</strong></span> 
     </span>
    </p>
   </div>
   <div class='ocr_carea' id='block_1_71' title="bbox 206 4342 1846 4425">
    <p class='ocr_par' dir='ltr' id='par_1_71' title="bbox 206 4342 1846 4425">
     <span class='ocr_line' id='line_1_71' title="bbox 206 4342 1846 4425; baseline 0.007 -27"><span class='ocrx_word' id='word_1_517' title='bbox 206 4342 405 4403; x_wconf 82' lang='lat' dir='ltr'><strong>Ordine</strong></span> <span class='ocrx_word' id='word_1_518' title='bbox 427 4349 696 4405; x_wconf 83' lang='lat' dir='ltr'><strong>Romano</strong></span> <span class='ocrx_word' id='word_1_519' title='bbox 717 4354 774 4405; x_wconf 92' lang='lat' dir='ltr'><strong>et</strong></span> <span class='ocrx_word' id='word_1_520' title='bbox 794 4350 1002 4409; x_wconf 88' lang='lat' dir='ltr'><strong>Codice</strong></span> <span class='ocrx_word' id='word_1_521' title='bbox 1017 4351 1483 4408; x_wconf 89' lang='lat' dir='ltr'><strong>Sacramentario</strong></span> <span class='ocrx_word' id='word_1_522' title='bbox 1500 4352 1846 4425; x_wconf 90' lang='lat' dir='ltr'><strong>desumptis,</strong></span> 
     </span>
    </p>
   </div>
   <div class='ocr_carea' id='block_1_72' title="bbox 203 4433 1847 4512">
    <p class='ocr_par' dir='ltr' id='par_1_72' title="bbox 203 4433 1847 4512">
     <span class='ocr_line' id='line_1_72' title="bbox 203 4433 1847 4512; baseline 0.008 -27"><span class='ocrx_word' id='word_1_523' title='bbox 203 4433 371 4490; x_wconf 73' lang='lat' dir='ltr'><strong>altera</strong></span> <span class='ocrx_word' id='word_1_524' title='bbox 391 4436 682 4508; x_wconf 83' lang='lat' dir='ltr'><strong>Epistolas</strong></span> <span class='ocrx_word' id='word_1_525' title='bbox 704 4438 860 4496; x_wconf 89' lang='lat' dir='ltr'><strong>solas</strong></span> <span class='ocrx_word' id='word_1_526' title='bbox 886 4439 1226 4512; x_wconf 84' lang='lat' dir='ltr'><strong>complexus</strong></span> <span class='ocrx_word' id='word_1_527' title='bbox 1242 4444 1348 4496; x_wconf 89' lang='lat' dir='ltr'><strong>est.</strong></span> <span class='ocrx_word' id='word_1_528' title='bbox 1373 4439 1532 4496; x_wconf 89' lang='lat' dir='ltr'><strong>Acin</strong></span> <span class='ocrx_word' id='word_1_529' title='bbox 1562 4441 1847 4498; x_wconf 83' lang='lat' dir='ltr'><strong>Sermoni-</strong></span> 
     </span>
    </p>
   </div>
   <div class='ocr_carea' id='block_1_73' title="bbox 203 4520 1844 4600">
    <p class='ocr_par' dir='ltr' id='par_1_73' title="bbox 203 4520 1844 4600">
     <span class='ocr_line' id='line_1_73' title="bbox 203 4520 1844 4600; baseline 0.006 -25"><span class='ocrx_word' id='word_1_530' title='bbox 203 4520 313 4576; x_wconf 87' lang='lat' dir='ltr'><strong>bus</strong></span> <span class='ocrx_word' id='word_1_531' title='bbox 343 4525 574 4594; x_wconf 89' lang='lat' dir='ltr'><strong>quidem</strong></span> <span class='ocrx_word' id='word_1_532' title='bbox 604 4544 718 4583; x_wconf 92' lang='lat' dir='ltr'><strong>non</strong></span> <span class='ocrx_word' id='word_1_533' title='bbox 765 4545 886 4584; x_wconf 90' lang='lat' dir='ltr'><strong>una</strong></span> <span class='ocrx_word' id='word_1_534' title='bbox 928 4528 1182 4600; x_wconf 75' lang='lat' dir='ltr'><strong>profecto</strong></span> <span class='ocrx_word' id='word_1_535' title='bbox 1216 4527 1439 4584; x_wconf 89' lang='lat' dir='ltr'><strong>ratione</strong></span> <span class='ocrx_word' id='word_1_536' title='bbox 1469 4528 1844 4595; x_wconf 89' lang='lat' dir='ltr'><strong>Quesnellum</strong></span> 
     </span>
    </p>
   </div>
   <div class='ocr_carea' id='block_1_74' title="bbox 1964 3372 3608 3446">
    <p class='ocr_par' dir='ltr' id='par_1_74' title="bbox 1964 3372 3608 3446">
     <span class='ocr_line' id='line_1_74' title="bbox 1964 3372 3608 3446; baseline 0.003 -17"><span class='ocrx_word' id='word_1_537' title='bbox 1964 3391 2118 3440; x_wconf 90' lang='lat' dir='ltr'><strong>mus,</strong></span> <span class='ocrx_word' id='word_1_538' title='bbox 2141 3378 2204 3429; x_wconf 89' lang='lat' dir='ltr'><strong>ut</strong></span> <span class='ocrx_word' id='word_1_539' title='bbox 2227 3373 2284 3428; x_wconf 91' lang='lat' dir='ltr'><strong>in</strong></span> <span class='ocrx_word' id='word_1_540' title='bbox 2296 3373 2388 3428; x_wconf 90' lang='lat' dir='ltr'><strong>his</strong></span> <span class='ocrx_word' id='word_1_541' title='bbox 2405 3373 2560 3446; x_wconf 85' lang='lat' dir='ltr'><strong>typis</strong></span> <span class='ocrx_word' id='word_1_542' title='bbox 2583 3373 2927 3445; x_wconf 88' lang='lat' dir='ltr'><strong>majusculis</strong></span> <span class='ocrx_word' id='word_1_543' title='bbox 2945 3372 3383 3431; x_wconf 85' lang='lat' dir='ltr'><strong>characteribus</strong></span> <span class='ocrx_word' id='word_1_544' title='bbox 3397 3392 3466 3432; x_wconf 87' lang='lat' dir='ltr'><strong>ea</strong></span> <span class='ocrx_word' id='word_1_545' title='bbox 3480 3375 3608 3434; x_wconf 86' lang='lat' dir='ltr'><strong>loca</strong></span> 
     </span>
    </p>
   </div>
   <div class='ocr_carea' id='block_1_75' title="bbox 1963 3461 3608 3536">
    <p class='ocr_par' dir='ltr' id='par_1_75' title="bbox 1963 3461 3608 3536">
     <span class='ocr_line' id='line_1_75' title="bbox 1963 3461 3608 3536; baseline 0.002 -18"><span class='ocrx_word' id='word_1_546' title='bbox 1963 3463 2406 3529; x_wconf 79' lang='lat' dir='ltr'><strong>excuderentur,</strong></span> <span class='ocrx_word' id='word_1_547' title='bbox 2430 3479 2556 3534; x_wconf 65' lang='lat' dir='ltr'><strong>qua:</strong></span> <span class='ocrx_word' id='word_1_548' title='bbox 2589 3461 2778 3534; x_wconf 89' lang='lat' dir='ltr'><strong>magis</strong></span> <span class='ocrx_word' id='word_1_549' title='bbox 2809 3466 2946 3532; x_wconf 89' lang='lat' dir='ltr'><strong>apta</strong></span> <span class='ocrx_word' id='word_1_550' title='bbox 2977 3467 3114 3517; x_wconf 90' lang='lat' dir='ltr'><strong>sunt</strong></span> <span class='ocrx_word' id='word_1_551' title='bbox 3144 3463 3215 3518; x_wconf 91' lang='lat' dir='ltr'><strong>ad</strong></span> <span class='ocrx_word' id='word_1_552' title='bbox 3247 3465 3608 3536; x_wconf 89' lang='lat' dir='ltr'><strong>arguendam</strong></span> 
     </span>
    </p>
   </div>
   <div class='ocr_carea' id='block_1_76' title="bbox 1963 3547 3610 3623">
    <p class='ocr_par' dir='ltr' id='par_1_76' title="bbox 1963 3547 3610 3623">
     <span class='ocr_line' id='line_1_76' title="bbox 1963 3547 3610 3623; baseline 0.002 -17"><span class='ocrx_word' id='word_1_553' title='bbox 1963 3551 2226 3623; x_wconf 82' lang='lat' dir='ltr'><strong>ejusdem</strong></span> <span class='ocrx_word' id='word_1_554' title='bbox 2249 3550 2433 3606; x_wconf 91' lang='lat' dir='ltr'><strong>nostri</strong></span> <span class='ocrx_word' id='word_1_555' title='bbox 2465 3549 2780 3605; x_wconf 88' lang='lat' dir='ltr'><strong>adversarii</strong></span> <span class='ocrx_word' id='word_1_556' title='bbox 2803 3547 3117 3604; x_wconf 83' lang='lat' dir='ltr'><strong>falsitatem</strong></span> <span class='ocrx_word' id='word_1_557' title='bbox 3131 3555 3186 3604; x_wconf 90' lang='lat' dir='ltr'><strong>et</strong></span> <span class='ocrx_word' id='word_1_558' title='bbox 3208 3551 3278 3605; x_wconf 88' lang='lat' dir='ltr'><strong>ad</strong></span> <span class='ocrx_word' id='word_1_559' title='bbox 3299 3554 3610 3610; x_wconf 87' lang='lat' dir='ltr'><strong>evertenda</strong></span> 
     </span>
    </p>
   </div>
   <div class='ocr_carea' id='block_1_77' title="bbox 1960 3636 3610 3710">
    <p class='ocr_par' dir='ltr' id='par_1_77' title="bbox 1960 3636 3610 3710">
     <span class='ocr_line' id='line_1_77' title="bbox 1960 3636 3610 3710; baseline 0.001 -15"><span class='ocrx_word' id='word_1_560' title='bbox 1960 3645 2048 3695; x_wconf 88' lang='lat' dir='ltr'><strong>tot</strong></span> <span class='ocrx_word' id='word_1_561' title='bbox 2077 3643 2301 3694; x_wconf 88' lang='lat' dir='ltr'><strong>asserta</strong></span> <span class='ocrx_word' id='word_1_562' title='bbox 2319 3638 2516 3693; x_wconf 91' lang='lat' dir='ltr'><strong>minus</strong></span> <span class='ocrx_word' id='word_1_563' title='bbox 2534 3636 2836 3705; x_wconf 79' lang='lat' dir='ltr'><strong>catholica,</strong></span> <span class='ocrx_word' id='word_1_564' title='bbox 2854 3640 2957 3693; x_wconf 88' lang='lat' dir='ltr'><strong>aut</strong></span> <span class='ocrx_word' id='word_1_565' title='bbox 2971 3637 3220 3693; x_wconf 85' lang='lat' dir='ltr'><strong>maxime</strong></span> <span class='ocrx_word' id='word_1_566' title='bbox 3239 3637 3610 3710; x_wconf 89' lang='lat' dir='ltr'><strong>impudenter</strong></span> 
     </span>
    </p>
   </div>
   <div class='ocr_carea' id='block_1_78' title="bbox 1962 3724 3606 3800">
    <p class='ocr_par' dir='ltr' id='par_1_78' title="bbox 1962 3724 3606 3800">
     <span class='ocr_line' id='line_1_78' title="bbox 1962 3724 3606 3800; baseline 0.001 -17"><span class='ocrx_word' id='word_1_567' title='bbox 1962 3728 2034 3783; x_wconf 91' lang='lat' dir='ltr'><strong>ab</strong></span> <span class='ocrx_word' id='word_1_568' title='bbox 2065 3728 2268 3783; x_wconf 91' lang='lat' dir='ltr'><strong>eodem</strong></span> <span class='ocrx_word' id='word_1_569' title='bbox 2301 3726 2743 3799; x_wconf 87' lang='lat' dir='ltr'><strong>pronuntiata.»</strong></span> <span class='ocrx_word' id='word_1_570' title='bbox 2775 3726 2906 3783; x_wconf 88' lang='lat' dir='ltr'><strong>Jam</strong></span> <span class='ocrx_word' id='word_1_571' title='bbox 2938 3726 3094 3798; x_wconf 92' lang='lat' dir='ltr'><strong>quod</strong></span> <span class='ocrx_word' id='word_1_572' title='bbox 3133 3724 3404 3783; x_wconf 86' lang='lat' dir='ltr'><strong>ultimam</strong></span> <span class='ocrx_word' id='word_1_573' title='bbox 3427 3727 3606 3800; x_wconf 88' lang='lat' dir='ltr'><strong>hujus</strong></span> 
     </span>
    </p>
   </div>
   <div class='ocr_carea' id='block_1_79' title="bbox 1959 3814 3608 3888">
    <p class='ocr_par' dir='ltr' id='par_1_79' title="bbox 1959 3814 3608 3888">
     <span class='ocr_line' id='line_1_79' title="bbox 1959 3814 3608 3888; baseline 0.001 -15"><span class='ocrx_word' id='word_1_574' title='bbox 1959 3817 2232 3873; x_wconf 91' lang='lat' dir='ltr'><strong>editionis</strong></span> <span class='ocrx_word' id='word_1_575' title='bbox 2253 3816 2470 3881; x_wconf 87' lang='lat' dir='ltr'><strong>dotem,</strong></span> <span class='ocrx_word' id='word_1_576' title='bbox 2485 3819 2800 3888; x_wconf 82' lang='lat' dir='ltr'><strong>augmenta</strong></span> <span class='ocrx_word' id='word_1_577' title='bbox 2821 3815 2880 3870; x_wconf 90' lang='lat' dir='ltr'><strong>in</strong></span> <span class='ocrx_word' id='word_1_578' title='bbox 2898 3815 3007 3872; x_wconf 88' lang='lat' dir='ltr'><strong>hoc</strong></span> <span class='ocrx_word' id='word_1_579' title='bbox 3029 3818 3186 3870; x_wconf 86' lang='lat' dir='ltr'><strong>temo</strong></span> <span class='ocrx_word' id='word_1_580' title='bbox 3204 3814 3356 3872; x_wconf 85' lang='lat' dir='ltr'><strong>facta</strong></span> <span class='ocrx_word' id='word_1_581' title='bbox 3376 3816 3608 3888; x_wconf 87' lang='lat' dir='ltr'><strong>attinet,</strong></span> 
     </span>
    </p>
   </div>
   <div class='ocr_carea' id='block_1_80' title="bbox 1960 3903 3608 3978">
    <p class='ocr_par' dir='ltr' id='par_1_80' title="bbox 1960 3903 3608 3978">
     <span class='ocr_line' id='line_1_80' title="bbox 1960 3903 3608 3978; baseline 0.001 -18"><span class='ocrx_word' id='word_1_582' title='bbox 1960 3905 2159 3978; x_wconf 91' lang='lat' dir='ltr'><strong>plures</strong></span> <span class='ocrx_word' id='word_1_583' title='bbox 2180 3905 2240 3960; x_wconf 92' lang='lat' dir='ltr'><strong>in</strong></span> <span class='ocrx_word' id='word_1_584' title='bbox 2271 3903 2632 3972; x_wconf 87' lang='lat' dir='ltr'><strong>totdiversis,</strong></span> <span class='ocrx_word' id='word_1_585' title='bbox 2658 3909 2802 3976; x_wconf 90' lang='lat' dir='ltr'><strong>quot</strong></span> <span class='ocrx_word' id='word_1_586' title='bbox 2831 3921 3008 3959; x_wconf 88' lang='lat' dir='ltr'><strong>manu</strong></span> <span class='ocrx_word' id='word_1_587' title='bbox 3039 3903 3326 3973; x_wconf 88' lang='lat' dir='ltr'><strong>versabat,</strong></span> <span class='ocrx_word' id='word_1_588' title='bbox 3358 3921 3502 3962; x_wconf 91' lang='lat' dir='ltr'><strong>mss.</strong></span> <span class='ocrx_word' id='word_1_589' title='bbox 3517 3923 3608 3962; x_wconf 89' lang='lat' dir='ltr'><strong>co-</strong></span> 
     </span>
    </p>
   </div>
   <div class='ocr_carea' id='block_1_81' title="bbox 1959 3991 3605 4064">
    <p class='ocr_par' dir='ltr' id='par_1_81' title="bbox 1959 3991 3605 4064">
     <span class='ocr_line' id='line_1_81' title="bbox 1959 3991 3605 4064; baseline 0.001 -14"><span class='ocrx_word' id='word_1_590' title='bbox 1959 3994 2190 4050; x_wconf 89' lang='lat' dir='ltr'><strong>dicibus</strong></span> <span class='ocrx_word' id='word_1_591' title='bbox 2210 3994 2519 4050; x_wconf 87' lang='lat' dir='ltr'><strong>Sermones</strong></span> <span class='ocrx_word' id='word_1_592' title='bbox 2541 3993 2749 4049; x_wconf 87' lang='lat' dir='ltr'><strong>Leonis</strong></span> <span class='ocrx_word' id='word_1_593' title='bbox 2779 3996 3016 4049; x_wconf 89' lang='lat' dir='ltr'><strong>nomine</strong></span> <span class='ocrx_word' id='word_1_594' title='bbox 3033 3991 3344 4064; x_wconf 88' lang='lat' dir='ltr'><strong>inscriptos</strong></span> <span class='ocrx_word' id='word_1_595' title='bbox 3366 3993 3605 4063; x_wconf 90' lang='lat' dir='ltr'><strong>invenit,</strong></span> 
     </span>
    </p>
   </div>
   <div class='ocr_carea' id='block_1_82' title="bbox 1960 4065 3606 4155">
    <p class='ocr_par' dir='ltr' id='par_1_82' title="bbox 1960 4065 3606 4155">
     <span class='ocr_line' id='line_1_82' title="bbox 1960 4065 3606 4155; baseline 0.001 -17"><span class='ocrx_word' id='word_1_596' title='bbox 1960 4065 2210 4155; x_wconf 82' lang='lat' dir='ltr'><strong>quorum</strong></span> <span class='ocrx_word' id='word_1_597' title='bbox 2224 4081 2322 4138; x_wconf 89' lang='lat' dir='ltr'><strong>alii</strong></span> <span class='ocrx_word' id='word_1_598' title='bbox 2338 4081 2548 4154; x_wconf 84' lang='lat' dir='ltr'><strong>magis,</strong></span> <span class='ocrx_word' id='word_1_599' title='bbox 2564 4081 2662 4138; x_wconf 89' lang='lat' dir='ltr'><strong>alii</strong></span> <span class='ocrx_word' id='word_1_600' title='bbox 2681 4081 2879 4138; x_wconf 91' lang='lat' dir='ltr'><strong>minus</strong></span> <span class='ocrx_word' id='word_1_601' title='bbox 2898 4080 3106 4138; x_wconf 88' lang='lat' dir='ltr'><strong>sinceri</strong></span> <span class='ocrx_word' id='word_1_602' title='bbox 3122 4080 3492 4151; x_wconf 90' lang='lat' dir='ltr'><strong>videbantur,</strong></span> <span class='ocrx_word' id='word_1_603' title='bbox 3506 4083 3606 4140; x_wconf 88' lang='lat' dir='ltr'><strong>alii</strong></span> 
     </span>
    </p>
   </div>
   <div class='ocr_carea' id='block_1_83' title="bbox 1959 4169 3606 4242">
    <p class='ocr_par' dir='ltr' id='par_1_83' title="bbox 1959 4169 3606 4242">
     <span class='ocr_line' id='line_1_83' title="bbox 1959 4169 3606 4242; baseline 0.001 -16"><span class='ocrx_word' id='word_1_604' title='bbox 1959 4171 2268 4228; x_wconf 87' lang='lat' dir='ltr'><strong>manifesto</strong></span> <span class='ocrx_word' id='word_1_605' title='bbox 2291 4170 2526 4226; x_wconf 89' lang='lat' dir='ltr'><strong>mentiri</strong></span> <span class='ocrx_word' id='word_1_606' title='bbox 2565 4187 2627 4226; x_wconf 90' lang='lat' dir='ltr'><strong>se</strong></span> <span class='ocrx_word' id='word_1_607' title='bbox 2647 4169 2757 4225; x_wconf 91' lang='lat' dir='ltr'><strong>hoc</strong></span> <span class='ocrx_word' id='word_1_608' title='bbox 2779 4186 2992 4226; x_wconf 90' lang='lat' dir='ltr'><strong>nomen</strong></span> <span class='ocrx_word' id='word_1_609' title='bbox 3023 4171 3428 4242; x_wconf 88' lang='lat' dir='ltr'><strong>ostendebant,</strong></span> <span class='ocrx_word' id='word_1_610' title='bbox 3457 4176 3514 4226; x_wconf 90' lang='lat' dir='ltr'><strong>et</strong></span> <span class='ocrx_word' id='word_1_611' title='bbox 3537 4187 3606 4229; x_wconf 84' lang='lat' dir='ltr'><strong>ex</strong></span> 
     </span>
    </p>
   </div>
   <div class='ocr_carea' id='block_1_84' title="bbox 1957 4258 3604 4332">
    <p class='ocr_par' dir='ltr' id='par_1_84' title="bbox 1957 4258 3604 4332">
     <span class='ocr_line' id='line_1_84' title="bbox 1957 4258 3604 4332; baseline 0.001 -16"><span class='ocrx_word' id='word_1_612' title='bbox 1957 4260 2246 4316; x_wconf 84' lang='lat' dir='ltr'><strong>sexcentis</strong></span> <span class='ocrx_word' id='word_1_613' title='bbox 2277 4259 2528 4314; x_wconf 89' lang='lat' dir='ltr'><strong>aliorum</strong></span> <span class='ocrx_word' id='word_1_614' title='bbox 2561 4259 2772 4331; x_wconf 90' lang='lat' dir='ltr'><strong>pannis</strong></span> <span class='ocrx_word' id='word_1_615' title='bbox 2800 4258 3030 4314; x_wconf 90' lang='lat' dir='ltr'><strong>consuti</strong></span> <span class='ocrx_word' id='word_1_616' title='bbox 3060 4263 3245 4330; x_wconf 85' lang='lat' dir='ltr'><strong>erant,</strong></span> <span class='ocrx_word' id='word_1_617' title='bbox 3277 4259 3336 4314; x_wconf 92' lang='lat' dir='ltr'><strong>in</strong></span> <span class='ocrx_word' id='word_1_618' title='bbox 3387 4261 3604 4332; x_wconf 89' lang='lat' dir='ltr'><strong>quibus</strong></span> 
     </span>
    </p>
   </div>
   <div class='ocr_carea' id='block_1_85' title="bbox 1957 4346 3600 4420">
    <p class='ocr_par' dir='ltr' id='par_1_85' title="bbox 1957 4346 3600 4420">
     <span class='ocr_line' id='line_1_85' title="bbox 1957 4346 3600 4420; baseline 0.001 -16"><span class='ocrx_word' id='word_1_619' title='bbox 1957 4348 2232 4404; x_wconf 90' lang='lat' dir='ltr'><strong>omnibus</strong></span> <span class='ocrx_word' id='word_1_620' title='bbox 2246 4348 2351 4403; x_wconf 89' lang='lat' dir='ltr'><strong>rite</strong></span> <span class='ocrx_word' id='word_1_621' title='bbox 2363 4351 2420 4403; x_wconf 89' lang='lat' dir='ltr'><strong>et</strong></span> <span class='ocrx_word' id='word_1_622' title='bbox 2431 4351 2563 4420; x_wconf 88' lang='lat' dir='ltr'><strong>apte</strong></span> <span class='ocrx_word' id='word_1_623' title='bbox 2575 4346 2975 4404; x_wconf 85' lang='lat' dir='ltr'><strong>discernendis</strong></span> <span class='ocrx_word' id='word_1_624' title='bbox 2987 4347 3142 4403; x_wconf 89' lang='lat' dir='ltr'><strong>haud</strong></span> <span class='ocrx_word' id='word_1_625' title='bbox 3165 4347 3348 4404; x_wconf 91' lang='lat' dir='ltr'><strong>levem</strong></span> <span class='ocrx_word' id='word_1_626' title='bbox 3366 4365 3600 4420; x_wconf 89' lang='lat' dir='ltr'><strong>operam</strong></span> 
     </span>
    </p>
   </div>
   <div class='ocr_carea' id='block_1_86' title="bbox 1955 4435 3598 4510">
    <p class='ocr_par' dir='ltr' id='par_1_86' title="bbox 1955 4435 3598 4510">
     <span class='ocr_line' id='line_1_86' title="bbox 1955 4435 3598 4510; baseline -0.001 -16"><span class='ocrx_word' id='word_1_627' title='bbox 1955 4443 2014 4494; x_wconf 89' lang='lat' dir='ltr'><strong>et</strong></span> <span class='ocrx_word' id='word_1_628' title='bbox 2034 4437 2368 4510; x_wconf 90' lang='lat' dir='ltr'><strong>plusculum</strong></span> <span class='ocrx_word' id='word_1_629' title='bbox 2383 4436 2664 4509; x_wconf 89' lang='lat' dir='ltr'><strong>temporis</strong></span> <span class='ocrx_word' id='word_1_630' title='bbox 2687 4435 2957 4509; x_wconf 90' lang='lat' dir='ltr'><strong>perdidit,</strong></span> <span class='ocrx_word' id='word_1_631' title='bbox 2976 4453 3276 4509; x_wconf 91' lang='lat' dir='ltr'><strong>unumque</strong></span> <span class='ocrx_word' id='word_1_632' title='bbox 3298 4453 3366 4492; x_wconf 89' lang='lat' dir='ltr'><strong>ex</strong></span> <span class='ocrx_word' id='word_1_633' title='bbox 3385 4441 3471 4492; x_wconf 90' lang='lat' dir='ltr'><strong>tot</strong></span> <span class='ocrx_word' id='word_1_634' title='bbox 3491 4438 3598 4494; x_wconf 92' lang='lat' dir='ltr'><strong>im-</strong></span> 
     </span>
    </p>
   </div>
   <div class='ocr_carea' id='block_1_87' title="bbox 1954 4523 3600 4600">
    <p class='ocr_par' dir='ltr' id='par_1_87' title="bbox 1954 4523 3600 4600">
     <span class='ocr_line' id='line_1_87' title="bbox 1954 4523 3600 4600; baseline 0 -17"><span class='ocrx_word' id='word_1_635' title='bbox 1954 4525 2306 4600; x_wconf 88' lang='lat' dir='ltr'><strong>pedimentis</strong></span> <span class='ocrx_word' id='word_1_636' title='bbox 2336 4525 2518 4581; x_wconf 87' lang='lat' dir='ltr'><strong>fuisse</strong></span> <span class='ocrx_word' id='word_1_637' title='bbox 2548 4523 2944 4598; x_wconf 90' lang='lat' dir='ltr'><strong>conqueritur,</strong></span> <span class='ocrx_word' id='word_1_638' title='bbox 2977 4542 3082 4581; x_wconf 91' lang='lat' dir='ltr'><strong>cur</strong></span> <span class='ocrx_word' id='word_1_639' title='bbox 3130 4525 3367 4597; x_wconf 86' lang='lat' dir='ltr'><strong>Opinato</strong></span> <span class='ocrx_word' id='word_1_640' title='bbox 3411 4526 3600 4584; x_wconf 86' lang='lat' dir='ltr'><strong>serius</strong></span> 
     </span>
    </p>
   </div>
   <div class='ocr_carea' id='block_1_88' title="bbox 201 4609 3598 4696">
    <p class='ocr_par' dir='ltr' id='par_1_88' title="bbox 201 4609 3598 4696">
     <span class='ocr_line' id='line_1_88' title="bbox 201 4609 3598 4696; baseline 0.002 -31"><span class='ocrx_word' id='word_1_641' title='bbox 201 4609 467 4680; x_wconf 87' lang='lat' dir='ltr'><strong>deseruit,</strong></span> <span class='ocrx_word' id='word_1_642' title='bbox 502 4616 864 4672; x_wconf 87' lang='lat' dir='ltr'><strong>restituendo</strong></span> <span class='ocrx_word' id='word_1_643' title='bbox 897 4633 1013 4672; x_wconf 90' lang='lat' dir='ltr'><strong>non</strong></span> <span class='ocrx_word' id='word_1_644' title='bbox 1045 4616 1238 4672; x_wconf 92' lang='lat' dir='ltr'><strong>solum</strong></span> <span class='ocrx_word' id='word_1_645' title='bbox 1271 4617 1638 4689; x_wconf 88' lang='lat' dir='ltr'><strong>superiorum</strong></span> <span class='ocrx_word' id='word_1_646' title='bbox 1660 4618 1842 4674; x_wconf 88' lang='lat' dir='ltr'><strong>edito-</strong></span> <span class='ocrx_word' id='word_1_647' title='bbox 1877 4631 1922 4696; x_wconf 71' lang='grc' dir='ltr'><strong>ί)</strong></span> <span class='ocrx_word' id='word_1_648' title='bbox 1955 4615 2107 4671; x_wconf 87' lang='lat' dir='ltr'><strong>hanc</strong></span> <span class='ocrx_word' id='word_1_649' title='bbox 2139 4613 2452 4670; x_wconf 91' lang='lat' dir='ltr'><strong>editionem</strong></span> <span class='ocrx_word' id='word_1_650' title='bbox 2489 4613 2754 4670; x_wconf 89' lang='lat' dir='ltr'><strong>emittere</strong></span> <span class='ocrx_word' id='word_1_651' title='bbox 2799 4612 3073 4686; x_wconf 89' lang='lat' dir='ltr'><strong>potuerit.</strong></span> <span class='ocrx_word' id='word_1_652' title='bbox 3106 4613 3344 4671; x_wconf 87' lang='lat' dir='ltr'><strong>Addidit</strong></span> <span class='ocrx_word' id='word_1_653' title='bbox 3402 4619 3598 4673; x_wconf 90' lang='lat' dir='ltr'><strong>autem</strong></span> 
     </span>
    </p>
   </div>
   <div class='ocr_carea' id='block_1_89' title="bbox 202 4701 1842 4778">
    <p class='ocr_par' dir='ltr' id='par_1_89' title="bbox 202 4701 1842 4778">
     <span class='ocr_line' id='line_1_89' title="bbox 202 4701 1842 4778; baseline 0.005 -25"><span class='ocrx_word' id='word_1_654' title='bbox 202 4712 320 4754; x_wconf 88' lang='lat' dir='ltr'><strong>rum</strong></span> <span class='ocrx_word' id='word_1_655' title='bbox 338 4701 561 4769; x_wconf 84' lang='lat' dir='ltr'><strong>ordine,</strong></span> <span class='ocrx_word' id='word_1_656' title='bbox 577 4720 754 4775; x_wconf 90' lang='lat' dir='ltr'><strong>quem</strong></span> <span class='ocrx_word' id='word_1_657' title='bbox 779 4705 1119 4762; x_wconf 87' lang='lat' dir='ltr'><strong>aveteribus</strong></span> <span class='ocrx_word' id='word_1_658' title='bbox 1141 4721 1373 4778; x_wconf 89' lang='lat' dir='ltr'><strong>quoque</strong></span> <span class='ocrx_word' id='word_1_659' title='bbox 1403 4704 1842 4776; x_wconf 89' lang='lat' dir='ltr'><strong>Collectoribus,</strong></span> 
     </span>
    </p>
   </div>
   <div class='ocr_carea' id='block_1_90' title="bbox 199 4784 1844 4867">
    <p class='ocr_par' dir='ltr' id='par_1_90' title="bbox 199 4784 1844 4867">
     <span class='ocr_line' id='line_1_90' title="bbox 199 4784 1844 4867; baseline 0.005 -25"><span class='ocrx_word' id='word_1_660' title='bbox 199 4784 252 4842; x_wconf 89' lang='lat' dir='ltr'><strong>in</strong></span> <span class='ocrx_word' id='word_1_661' title='bbox 264 4805 438 4846; x_wconf 87' lang='lat' dir='ltr'><strong>manu</strong></span> <span class='ocrx_word' id='word_1_662' title='bbox 459 4792 718 4848; x_wconf 78' lang='lat' dir='ltr'><strong>exaratis</strong></span> <span class='ocrx_word' id='word_1_663' title='bbox 733 4793 1083 4867; x_wconf 74' lang='lat' dir='ltr'><strong>archetypis,</strong></span> <span class='ocrx_word' id='word_1_664' title='bbox 1103 4798 1398 4850; x_wconf 88' lang='lat' dir='ltr'><strong>servatum</strong></span> <span class='ocrx_word' id='word_1_665' title='bbox 1420 4794 1772 4862; x_wconf 76' lang='lat' dir='ltr'><strong>observaret,</strong></span> <span class='ocrx_word' id='word_1_666' title='bbox 1786 4799 1844 4850; x_wconf 91' lang='lat' dir='ltr'><strong>et</strong></span> 
     </span>
    </p>
   </div>
   <div class='ocr_carea' id='block_1_91' title="bbox 200 4880 1840 4955">
    <p class='ocr_par' dir='ltr' id='par_1_91' title="bbox 200 4880 1840 4955">
     <span class='ocr_line' id='line_1_91' title="bbox 200 4880 1840 4955; baseline 0.004 -23"><span class='ocrx_word' id='word_1_667' title='bbox 200 4889 470 4950; x_wconf 78' lang='lat' dir='ltr'><strong>syuopses</strong></span> <span class='ocrx_word' id='word_1_668' title='bbox 491 4897 644 4952; x_wconf 89' lang='lat' dir='ltr'><strong>quas</strong></span> <span class='ocrx_word' id='word_1_669' title='bbox 665 4880 748 4936; x_wconf 90' lang='lat' dir='ltr'><strong>illi</strong></span> <span class='ocrx_word' id='word_1_670' title='bbox 770 4883 1281 4948; x_wconf 90' lang='lat' dir='ltr'><strong>concinnaverant,</strong></span> <span class='ocrx_word' id='word_1_671' title='bbox 1297 4883 1397 4938; x_wconf 90' lang='lat' dir='ltr'><strong>sed</strong></span> <span class='ocrx_word' id='word_1_672' title='bbox 1432 4887 1586 4938; x_wconf 84' lang='lat' dir='ltr'><strong>textu</strong></span> <span class='ocrx_word' id='word_1_673' title='bbox 1620 4883 1840 4955; x_wconf 88' lang='lat' dir='ltr'><strong>passim</strong></span> 
     </span>
    </p>
   </div>
   <div class='ocr_carea' id='block_1_92' title="bbox 200 4963 1839 5044">
    <p class='ocr_par' dir='ltr' id='par_1_92' title="bbox 200 4963 1839 5044">
     <span class='ocr_line' id='line_1_92' title="bbox 200 4963 1839 5044; baseline 0.004 -26"><span class='ocrx_word' id='word_1_674' title='bbox 200 4963 261 5018; x_wconf 76' lang='lat' dir='ltr'><strong>ad</strong></span> <span class='ocrx_word' id='word_1_675' title='bbox 275 4981 416 5022; x_wconf 88' lang='lat' dir='ltr'><strong>mss.</strong></span> <span class='ocrx_word' id='word_1_676' title='bbox 432 4968 615 5024; x_wconf 83' lang='lat' dir='ltr'><strong>fidem</strong></span> <span class='ocrx_word' id='word_1_677' title='bbox 629 4968 1116 5038; x_wconf 87' lang='lat' dir='ltr'><strong>immutato,et,ut</strong></span> <span class='ocrx_word' id='word_1_678' title='bbox 1138 4971 1251 5028; x_wconf 92' lang='lat' dir='ltr'><strong>sibi</strong></span> <span class='ocrx_word' id='word_1_679' title='bbox 1268 4970 1506 5044; x_wconf 89' lang='lat' dir='ltr'><strong>quidem</strong></span> <span class='ocrx_word' id='word_1_680' title='bbox 1525 4969 1839 5042; x_wconf 89' lang='lat' dir='ltr'><strong>persuasit,</strong></span> 
     </span>
    </p>
   </div>
   <div class='ocr_carea' id='block_1_93' title="bbox 202 5056 1841 5130">
    <p class='ocr_par' dir='ltr' id='par_1_93' title="bbox 202 5056 1841 5130">
     <span class='ocr_line' id='line_1_93' title="bbox 202 5056 1841 5130; baseline 0.004 -23"><span class='ocrx_word' id='word_1_681' title='bbox 202 5056 523 5113; x_wconf 86' lang='lat' dir='ltr'><strong>emendato.</strong></span> <span class='ocrx_word' id='word_1_682' title='bbox 549 5057 620 5113; x_wconf 89' lang='lat' dir='ltr'><strong>Et</strong></span> <span class='ocrx_word' id='word_1_683' title='bbox 655 5059 807 5130; x_wconf 91' lang='lat' dir='ltr'><strong>quod</strong></span> <span class='ocrx_word' id='word_1_684' title='bbox 831 5059 1021 5115; x_wconf 84' lang='lat' dir='ltr'><strong>varias</strong></span> <span class='ocrx_word' id='word_1_685' title='bbox 1043 5059 1320 5117; x_wconf 90' lang='lat' dir='ltr'><strong>lectiones</strong></span> <span class='ocrx_word' id='word_1_686' title='bbox 1346 5059 1555 5116; x_wconf 87' lang='lat' dir='ltr'><strong>attinet</strong></span> <span class='ocrx_word' id='word_1_687' title='bbox 1584 5058 1643 5114; x_wconf 92' lang='lat' dir='ltr'><strong>in</strong></span> <span class='ocrx_word' id='word_1_688' title='bbox 1669 5059 1841 5114; x_wconf 89' lang='lat' dir='ltr'><strong>editis</strong></span> 
     </span>
    </p>
   </div>
   <div class='ocr_carea' id='block_1_94' title="bbox 199 5142 1842 5221">
    <p class='ocr_par' dir='ltr' id='par_1_94' title="bbox 199 5142 1842 5221">
     <span class='ocr_line' id='line_1_94' title="bbox 199 5142 1842 5221; baseline 0.004 -24"><span class='ocrx_word' id='word_1_689' title='bbox 199 5142 246 5196; x_wconf 80' lang='lat' dir='ltr'><strong>et</strong></span> <span class='ocrx_word' id='word_1_690' title='bbox 259 5159 397 5200; x_wconf 85' lang='lat' dir='ltr'><strong>mss.</strong></span> <span class='ocrx_word' id='word_1_691' title='bbox 414 5143 590 5203; x_wconf 89' lang='lat' dir='ltr'><strong>libris</strong></span> <span class='ocrx_word' id='word_1_692' title='bbox 602 5146 1021 5219; x_wconf 87' lang='lat' dir='ltr'><strong>deprehensas,</strong></span> <span class='ocrx_word' id='word_1_693' title='bbox 1036 5165 1329 5220; x_wconf 89' lang='lat' dir='ltr'><strong>nusquam</strong></span> <span class='ocrx_word' id='word_1_694' title='bbox 1340 5147 1608 5221; x_wconf 80' lang='lat' dir='ltr'><strong>vulgatae</strong></span> <span class='ocrx_word' id='word_1_695' title='bbox 1624 5147 1697 5203; x_wconf 89' lang='lat' dir='ltr'><strong>ab</strong></span> <span class='ocrx_word' id='word_1_696' title='bbox 1710 5145 1842 5204; x_wconf 90' lang='lat' dir='ltr'><strong>aliis</strong></span> 
     </span>
    </p>
   </div>
   <div class='ocr_carea' id='block_1_95' title="bbox 199 5229 1836 5304">
    <p class='ocr_par' dir='ltr' id='par_1_95' title="bbox 199 5229 1836 5304">
     <span class='ocr_line' id='line_1_95' title="bbox 199 5229 1836 5304; baseline 0.005 -22"><span class='ocrx_word' id='word_1_697' title='bbox 199 5229 516 5290; x_wconf 82' lang='lat' dir='ltr'><strong>editoribus</strong></span> <span class='ocrx_word' id='word_1_698' title='bbox 545 5234 899 5291; x_wconf 80' lang='lat' dir='ltr'><strong>subduxisse</strong></span> <span class='ocrx_word' id='word_1_699' title='bbox 920 5241 977 5290; x_wconf 87' lang='lat' dir='ltr'><strong>et</strong></span> <span class='ocrx_word' id='word_1_700' title='bbox 1004 5235 1463 5292; x_wconf 88' lang='lat' dir='ltr'><strong>novasintulisse</strong></span> <span class='ocrx_word' id='word_1_701' title='bbox 1481 5253 1542 5292; x_wconf 91' lang='lat' dir='ltr'><strong>se</strong></span> <span class='ocrx_word' id='word_1_702' title='bbox 1561 5235 1836 5304; x_wconf 78' lang='lat' dir='ltr'><strong>afﬁrmat,</strong></span> 
     </span>
    </p>
   </div>
   <div class='ocr_carea' id='block_1_96' title="bbox 201 5315 1840 5396">
    <p class='ocr_par' dir='ltr' id='par_1_96' title="bbox 201 5315 1840 5396">
     <span class='ocr_line' id='line_1_96' title="bbox 201 5315 1840 5396; baseline 0.007 -27"><span class='ocrx_word' id='word_1_703' title='bbox 201 5315 294 5373; x_wconf 84' lang='lat' dir='ltr'><strong>nisi</strong></span> <span class='ocrx_word' id='word_1_704' title='bbox 320 5325 453 5377; x_wconf 88' lang='lat' dir='ltr'><strong>tum</strong></span> <span class='ocrx_word' id='word_1_705' title='bbox 475 5337 613 5378; x_wconf 88' lang='lat' dir='ltr'><strong>cum</strong></span> <span class='ocrx_word' id='word_1_706' title='bbox 633 5321 900 5396; x_wconf 87' lang='lat' dir='ltr'><strong>ipsorum</strong></span> <span class='ocrx_word' id='word_1_707' title='bbox 922 5325 1188 5380; x_wconf 89' lang='lat' dir='ltr'><strong>codicum</strong></span> <span class='ocrx_word' id='word_1_708' title='bbox 1206 5340 1443 5380; x_wconf 89' lang='lat' dir='ltr'><strong>summa</strong></span> <span class='ocrx_word' id='word_1_709' title='bbox 1458 5323 1764 5380; x_wconf 90' lang='lat' dir='ltr'><strong>consensio</strong></span> <span class='ocrx_word' id='word_1_710' title='bbox 1781 5329 1840 5381; x_wconf 83' lang='lat' dir='ltr'><strong>et.</strong></span> 
     </span>
    </p>
   </div>
   <div class='ocr_carea' id='block_1_97' title="bbox 199 5403 1837 5485">
    <p class='ocr_par' dir='ltr' id='par_1_97' title="bbox 199 5403 1837 5485">
     <span class='ocr_line' id='line_1_97' title="bbox 199 5403 1837 5485; baseline 0.004 -24"><span class='ocrx_word' id='word_1_711' title='bbox 199 5403 451 5464; x_wconf 73' lang='lat' dir='ltr'><strong>Leoninze</strong></span> <span class='ocrx_word' id='word_1_712' title='bbox 485 5411 770 5467; x_wconf 88' lang='lat' dir='ltr'><strong>orationis</strong></span> <span class='ocrx_word' id='word_1_713' title='bbox 817 5413 964 5468; x_wconf 91' lang='lat' dir='ltr'><strong>ratio</strong></span> <span class='ocrx_word' id='word_1_714' title='bbox 999 5413 1054 5467; x_wconf 92' lang='lat' dir='ltr'><strong>id</strong></span> <span class='ocrx_word' id='word_1_715' title='bbox 1086 5412 1381 5485; x_wconf 88' lang='lat' dir='ltr'><strong>postulare</strong></span> <span class='ocrx_word' id='word_1_716' title='bbox 1408 5412 1717 5482; x_wconf 89' lang='lat' dir='ltr'><strong>videretur,</strong></span> <span class='ocrx_word' id='word_1_717' title='bbox 1749 5412 1837 5470; x_wconf 90' lang='lat' dir='ltr'><strong>vel</strong></span> 
     </span>
    </p>
   </div>
   <div class='ocr_carea' id='block_1_98' title="bbox 198 5497 1838 5572">
    <p class='ocr_par' dir='ltr' id='par_1_98' title="bbox 198 5497 1838 5572">
     <span class='ocr_line' id='line_1_98' title="bbox 198 5497 1838 5572; baseline 0.005 -24"><span class='ocrx_word' id='word_1_718' title='bbox 198 5497 417 5564; x_wconf 85' lang='lat' dir='ltr'><strong>quando</strong></span> <span class='ocrx_word' id='word_1_719' title='bbox 441 5498 755 5556; x_wconf 83' lang='lat' dir='ltr'><strong>manifesto</strong></span> <span class='ocrx_word' id='word_1_720' title='bbox 779 5501 1155 5572; x_wconf 90' lang='lat' dir='ltr'><strong>antiquorum</strong></span> <span class='ocrx_word' id='word_1_721' title='bbox 1175 5516 1366 5556; x_wconf 82' lang='lat' dir='ltr'><strong>errore</strong></span> <span class='ocrx_word' id='word_1_722' title='bbox 1378 5504 1678 5572; x_wconf 91' lang='lat' dir='ltr'><strong>perspecto</strong></span> <span class='ocrx_word' id='word_1_723' title='bbox 1699 5501 1838 5557; x_wconf 88' lang='lat' dir='ltr'><strong>duo-</strong></span> 
     </span>
    </p>
   </div>
   <div class='ocr_carea' id='block_1_99' title="bbox 197 5585 1836 5662">
    <p class='ocr_par' dir='ltr' id='par_1_99' title="bbox 197 5585 1836 5662">
     <span class='ocr_line' id='line_1_99' title="bbox 197 5585 1836 5662; baseline 0.005 -25"><span class='ocrx_word' id='word_1_724' title='bbox 197 5597 312 5640; x_wconf 88' lang='lat' dir='ltr'><strong>rum</strong></span> <span class='ocrx_word' id='word_1_725' title='bbox 325 5585 544 5642; x_wconf 78' lang='lat' dir='ltr'><strong>saltem</strong></span> <span class='ocrx_word' id='word_1_726' title='bbox 561 5588 826 5645; x_wconf 90' lang='lat' dir='ltr'><strong>codicum</strong></span> <span class='ocrx_word' id='word_1_727' title='bbox 843 5589 1110 5645; x_wconf 89' lang='lat' dir='ltr'><strong>subsidio</strong></span> <span class='ocrx_word' id='word_1_728' title='bbox 1128 5589 1363 5646; x_wconf 90' lang='lat' dir='ltr'><strong>easdem</strong></span> <span class='ocrx_word' id='word_1_729' title='bbox 1377 5589 1648 5662; x_wconf 86' lang='lat' dir='ltr'><strong>castigari</strong></span> <span class='ocrx_word' id='word_1_730' title='bbox 1663 5605 1836 5662; x_wconf 90' lang='lat' dir='ltr'><strong>posse</strong></span> 
     </span>
    </p>
   </div>
   <div class='ocr_carea' id='block_1_100' title="bbox 1951 4701 3600 4777">
    <p class='ocr_par' dir='ltr' id='par_1_100' title="bbox 1951 4701 3600 4777">
     <span class='ocr_line' id='line_1_100' title="bbox 1951 4701 3600 4777; baseline 0.001 -18"><span class='ocrx_word' id='word_1_731' title='bbox 1951 4703 2224 4777; x_wconf 86' lang='lat' dir='ltr'><strong>genuinis</strong></span> <span class='ocrx_word' id='word_1_732' title='bbox 2241 4702 2446 4759; x_wconf 90' lang='lat' dir='ltr'><strong>Leonis</strong></span> <span class='ocrx_word' id='word_1_733' title='bbox 2460 4701 2860 4770; x_wconf 89' lang='lat' dir='ltr'><strong>Sermonibus,</strong></span> <span class='ocrx_word' id='word_1_734' title='bbox 2877 4701 3137 4774; x_wconf 90' lang='lat' dir='ltr'><strong>quinque</strong></span> <span class='ocrx_word' id='word_1_735' title='bbox 3158 4719 3337 4759; x_wconf 89' lang='lat' dir='ltr'><strong>novos</strong></span> <span class='ocrx_word' id='word_1_736' title='bbox 3357 4719 3425 4759; x_wconf 88' lang='lat' dir='ltr'><strong>ex</strong></span> <span class='ocrx_word' id='word_1_737' title='bbox 3446 4703 3600 4761; x_wconf 84' lang='lat' dir='ltr'><strong>Vati-</strong></span> 
     </span>
    </p>
   </div>
   <div class='ocr_carea' id='block_1_101' title="bbox 1952 4791 3597 4864">
    <p class='ocr_par' dir='ltr' id='par_1_101' title="bbox 1952 4791 3597 4864">
     <span class='ocr_line' id='line_1_101' title="bbox 1952 4791 3597 4864; baseline 0.001 -16"><span class='ocrx_word' id='word_1_738' title='bbox 1952 4792 2116 4849; x_wconf 90' lang='lat' dir='ltr'><strong>canis</strong></span> <span class='ocrx_word' id='word_1_739' title='bbox 2146 4796 2203 4848; x_wconf 91' lang='lat' dir='ltr'><strong>et</strong></span> <span class='ocrx_word' id='word_1_740' title='bbox 2230 4791 2656 4847; x_wconf 88' lang='lat' dir='ltr'><strong>Vallicellaneis</strong></span> <span class='ocrx_word' id='word_1_741' title='bbox 2689 4791 2815 4846; x_wconf 92' lang='lat' dir='ltr'><strong>cod.</strong></span> <span class='ocrx_word' id='word_1_742' title='bbox 2848 4791 3114 4859; x_wconf 90' lang='lat' dir='ltr'><strong>haustos,</strong></span> <span class='ocrx_word' id='word_1_743' title='bbox 3155 4795 3211 4847; x_wconf 91' lang='lat' dir='ltr'><strong>et</strong></span> <span class='ocrx_word' id='word_1_744' title='bbox 3242 4796 3597 4864; x_wconf 89' lang='lat' dir='ltr'><strong>postremam</strong></span> 
     </span>
    </p>
   </div>
   <div class='ocr_carea' id='block_1_102' title="bbox 1951 4879 3595 4954">
    <p class='ocr_par' dir='ltr' id='par_1_102' title="bbox 1951 4879 3595 4954">
     <span class='ocr_line' id='line_1_102' title="bbox 1951 4879 3595 4954; baseline 0 -16"><span class='ocrx_word' id='word_1_745' title='bbox 1951 4886 2177 4954; x_wconf 89' lang='lat' dir='ltr'><strong>partem</strong></span> <span class='ocrx_word' id='word_1_746' title='bbox 2208 4880 2496 4937; x_wconf 88' lang='lat' dir='ltr'><strong>sermonis</strong></span> <span class='ocrx_word' id='word_1_747' title='bbox 2526 4881 2596 4935; x_wconf 90' lang='lat' dir='ltr'><strong>de</strong></span> <span class='ocrx_word' id='word_1_748' title='bbox 2617 4879 2762 4936; x_wconf 84' lang='lat' dir='ltr'><strong>festo</strong></span> <span class='ocrx_word' id='word_1_749' title='bbox 2795 4879 3096 4936; x_wconf 74' lang='lat' dir='ltr'><strong>Cathedrae</strong></span> <span class='ocrx_word' id='word_1_750' title='bbox 3117 4880 3176 4936; x_wconf 92' lang='lat' dir='ltr'><strong>S.</strong></span> <span class='ocrx_word' id='word_1_751' title='bbox 3210 4880 3386 4950; x_wconf 86' lang='lat' dir='ltr'><strong>Petri,</strong></span> <span class='ocrx_word' id='word_1_752' title='bbox 3421 4898 3595 4954; x_wconf 90' lang='lat' dir='ltr'><strong>quem</strong></span> 
     </span>
    </p>
   </div>
   <div class='ocr_carea' id='block_1_103' title="bbox 1951 4968 3596 5042">
    <p class='ocr_par' dir='ltr' id='par_1_103' title="bbox 1951 4968 3596 5042">
     <span class='ocr_line' id='line_1_103' title="bbox 1951 4968 3596 5042; baseline 0.001 -16"><span class='ocrx_word' id='word_1_753' title='bbox 1951 4970 2226 5026; x_wconf 90' lang='lat' dir='ltr'><strong>mutilum</strong></span> <span class='ocrx_word' id='word_1_754' title='bbox 2257 4975 2315 5025; x_wconf 90' lang='lat' dir='ltr'><strong>et</strong></span> <span class='ocrx_word' id='word_1_755' title='bbox 2345 4969 2749 5040; x_wconf 82' lang='lat' dir='ltr'><strong>imperfectum</strong></span> <span class='ocrx_word' id='word_1_756' title='bbox 2769 4969 2996 5041; x_wconf 90' lang='lat' dir='ltr'><strong>primus</strong></span> <span class='ocrx_word' id='word_1_757' title='bbox 3027 4968 3394 5042; x_wconf 87' lang='lat' dir='ltr'><strong>evulgaverat</strong></span> <span class='ocrx_word' id='word_1_758' title='bbox 3417 4973 3596 5038; x_wconf 87' lang='lat' dir='ltr'><strong>Ques-</strong></span> 
     </span>
    </p>
   </div>
   <div class='ocr_carea' id='block_1_104' title="bbox 1950 5057 3591 5126">
    <p class='ocr_par' dir='ltr' id='par_1_104' title="bbox 1950 5057 3591 5126">
     <span class='ocr_line' id='line_1_104' title="bbox 1950 5057 3591 5126; baseline 0 -12"><span class='ocrx_word' id='word_1_759' title='bbox 1950 5057 2163 5115; x_wconf 91' lang='lat' dir='ltr'><strong>nellus.</strong></span> <span class='ocrx_word' id='word_1_760' title='bbox 2195 5061 2342 5113; x_wconf 85' lang='lat' dir='ltr'><strong>Sunt</strong></span> <span class='ocrx_word' id='word_1_761' title='bbox 2371 5061 2567 5113; x_wconf 89' lang='lat' dir='ltr'><strong>autem</strong></span> <span class='ocrx_word' id='word_1_762' title='bbox 2602 5073 2616 5112; x_wconf 89' lang='lat'><strong>:</strong></span> <span class='ocrx_word' id='word_1_763' title='bbox 2651 5061 2694 5112; x_wconf 90' lang='grc' dir='ltr'><strong>ῐ.</strong></span> <span class='ocrx_word' id='word_1_764' title='bbox 2727 5059 2801 5113; x_wconf 85' lang='lat' dir='ltr'><strong>De</strong></span> <span class='ocrx_word' id='word_1_765' title='bbox 2829 5059 3120 5115; x_wconf 87' lang='lat' dir='ltr'><strong>Dominica</strong></span> <span class='ocrx_word' id='word_1_766' title='bbox 3165 5059 3591 5126; x_wconf 79' lang='lat' dir='ltr'><strong>Rcsurractioue,</strong></span> 
     </span>
    </p>
   </div>
   <div class='ocr_carea' id='block_1_105' title="bbox 1950 5145 3594 5219">
    <p class='ocr_par' dir='ltr' id='par_1_105' title="bbox 1950 5145 3594 5219">
     <span class='ocr_line' id='line_1_105' title="bbox 1950 5145 3594 5219; baseline 0 -17"><span class='ocrx_word' id='word_1_767' title='bbox 1950 5149 2317 5219; x_wconf 89' lang='lat' dir='ltr'><strong>idem,quem</strong></span> <span class='ocrx_word' id='word_1_768' title='bbox 2351 5145 2677 5202; x_wconf 79' lang='lat' dir='ltr'><strong>Trombcllus</strong></span> <span class='ocrx_word' id='word_1_769' title='bbox 2699 5146 2937 5202; x_wconf 89' lang='lat' dir='ltr'><strong>dederat</strong></span> <span class='ocrx_word' id='word_1_770' title='bbox 2957 5147 3126 5219; x_wconf 86' lang='lat' dir='ltr'><strong>cujus</strong></span> <span class='ocrx_word' id='word_1_771' title='bbox 3156 5147 3228 5204; x_wconf 88' lang='lat' dir='ltr'><strong>de</strong></span> <span class='ocrx_word' id='word_1_772' title='bbox 3259 5145 3594 5202; x_wconf 88' lang='lat' dir='ltr'><strong>sinceritate</strong></span> 
     </span>
    </p>
   </div>
   <div class='ocr_carea' id='block_1_106' title="bbox 1947 5225 3595 5306">
    <p class='ocr_par' dir='ltr' id='par_1_106' title="bbox 1947 5225 3595 5306">
     <span class='ocr_line' id='line_1_106' title="bbox 1947 5225 3595 5306; baseline -0.002 -16"><span class='ocrx_word' id='word_1_773' title='bbox 1947 5236 2076 5306; x_wconf 90' lang='lat' dir='ltr'><strong>ejus</strong></span> <span class='ocrx_word' id='word_1_774' title='bbox 2096 5233 2273 5289; x_wconf 90' lang='lat' dir='ltr'><strong>dubia</strong></span> <span class='ocrx_word' id='word_1_775' title='bbox 2295 5232 2513 5304; x_wconf 88' lang='lat' dir='ltr'><strong>prolixa</strong></span> <span class='ocrx_word' id='word_1_776' title='bbox 2527 5232 2967 5305; x_wconf 71' lang='lat' dir='ltr'><strong>praemonitione</strong></span> <span class='ocrx_word' id='word_1_777' title='bbox 2987 5239 3241 5290; x_wconf 88' lang='lat' dir='ltr'><strong>evertere</strong></span> <span class='ocrx_word' id='word_1_778' title='bbox 3262 5225 3458 5290; x_wconf 87' lang='lat' dir='ltr'><strong>noster</strong></span> <span class='ocrx_word' id='word_1_779' title='bbox 3476 5236 3595 5288; x_wconf 87' lang='lat' dir='ltr'><strong>stu-</strong></span> 
     </span>
    </p>
   </div>
   <div class='ocr_carea' id='block_1_107' title="bbox 1947 5319 3594 5394">
    <p class='ocr_par' dir='ltr' id='par_1_107' title="bbox 1947 5319 3594 5394">
     <span class='ocr_line' id='line_1_107' title="bbox 1947 5319 3594 5394; baseline 0 -16"><span class='ocrx_word' id='word_1_780' title='bbox 1947 5322 2093 5378; x_wconf 90' lang='lat' dir='ltr'><strong>duit.</strong></span> <span class='ocrx_word' id='word_1_781' title='bbox 2122 5324 2276 5378; x_wconf 76' lang='grc' dir='ltr'><strong>ιιοε</strong></span> <span class='ocrx_word' id='word_1_782' title='bbox 2319 5324 2453 5394; x_wconf 81' lang='lat' dir='ltr'><strong>festo</strong></span> <span class='ocrx_word' id='word_1_783' title='bbox 2502 5325 2850 5378; x_wconf 81' lang='lat' dir='ltr'><strong>Ascensionis</strong></span> <span class='ocrx_word' id='word_1_784' title='bbox 2896 5324 3213 5380; x_wconf 64' lang='lat' dir='ltr'><strong>Dominicw.</strong></span> <span class='ocrx_word' id='word_1_785' title='bbox 3267 5322 3362 5387; x_wconf 86' lang='lat' dir='ltr'><strong>Ill,</strong></span> <span class='ocrx_word' id='word_1_786' title='bbox 3405 5319 3495 5376; x_wconf 85' lang='lat' dir='ltr'><strong>IV.</strong></span> <span class='ocrx_word' id='word_1_787' title='bbox 3527 5321 3594 5378; x_wconf 84' lang='lat' dir='ltr'><strong>In</strong></span> 
     </span>
    </p>
   </div>
   <div class='ocr_carea' id='block_1_108' title="bbox 1943 5408 3590 5483">
    <p class='ocr_par' dir='ltr' id='par_1_108' title="bbox 1943 5408 3590 5483">
     <span class='ocr_line' id='line_1_108' title="bbox 1943 5408 3590 5483; baseline 0.001 -17"><span class='ocrx_word' id='word_1_788' title='bbox 1943 5413 2144 5483; x_wconf 79' lang='lat' dir='ltr'><strong>festum</strong></span> <span class='ocrx_word' id='word_1_789' title='bbox 2187 5411 2286 5468; x_wconf 88' lang='lat' dir='ltr'><strong>SS.</strong></span> <span class='ocrx_word' id='word_1_790' title='bbox 2335 5413 2579 5482; x_wconf 80' lang='lat' dir='ltr'><strong>fratrum</strong></span> <span class='ocrx_word' id='word_1_791' title='bbox 2633 5411 3080 5467; x_wconf 66' lang='lat' dir='ltr'><strong>Machabworum.</strong></span> <span class='ocrx_word' id='word_1_792' title='bbox 3128 5412 3312 5466; x_wconf 65' lang='lat' dir='ltr'><strong>Romae</strong></span> <span class='ocrx_word' id='word_1_793' title='bbox 3370 5408 3590 5469; x_wconf 81' lang='lat' dir='ltr'><strong>kalend.</strong></span> 
     </span>
    </p>
   </div>
   <div class='ocr_carea' id='block_1_109' title="bbox 1944 5497 3594 5572">
    <p class='ocr_par' dir='ltr' id='par_1_109' title="bbox 1944 5497 3594 5572">
     <span class='ocr_line' id='line_1_109' title="bbox 1944 5497 3594 5572; baseline 0.001 -16"><span class='ocrx_word' id='word_1_794' title='bbox 1944 5501 2171 5572; x_wconf 85' lang='lat' dir='ltr'><strong>Augusti</strong></span> <span class='ocrx_word' id='word_1_795' title='bbox 2199 5502 2259 5555; x_wconf 89' lang='lat' dir='ltr'><strong>in</strong></span> <span class='ocrx_word' id='word_1_796' title='bbox 2295 5501 2531 5556; x_wconf 78' lang='lat' dir='ltr'><strong>Ecclesia</strong></span> <span class='ocrx_word' id='word_1_797' title='bbox 2561 5499 2616 5555; x_wconf 89' lang='lat' dir='ltr'><strong>S.</strong></span> <span class='ocrx_word' id='word_1_798' title='bbox 2649 5502 2803 5556; x_wconf 84' lang='lat' dir='ltr'><strong>Petri</strong></span> <span class='ocrx_word' id='word_1_799' title='bbox 2832 5500 2901 5556; x_wconf 90' lang='lat' dir='ltr'><strong>ad</strong></span> <span class='ocrx_word' id='word_1_800' title='bbox 2935 5500 3155 5555; x_wconf 82' lang='lat' dir='ltr'><strong>Vincula</strong></span> <span class='ocrx_word' id='word_1_801' title='bbox 3182 5497 3451 5555; x_wconf 80' lang='lat' dir='ltr'><strong>celebrari</strong></span> <span class='ocrx_word' id='word_1_802' title='bbox 3469 5502 3594 5558; x_wconf 82' lang='lat' dir='ltr'><strong>soli-</strong></span> 
     </span>
    </p>
   </div>
   <div class='ocr_carea' id='block_1_110' title="bbox 1946 5585 3592 5662">
    <p class='ocr_par' dir='ltr' id='par_1_110' title="bbox 1946 5585 3592 5662">
     <span class='ocr_line' id='line_1_110' title="bbox 1946 5585 3592 5662; baseline 0.002 -18"><span class='ocrx_word' id='word_1_803' title='bbox 1946 5593 2082 5644; x_wconf 84' lang='lat' dir='ltr'><strong>tum.</strong></span> <span class='ocrx_word' id='word_1_804' title='bbox 2107 5589 2463 5645; x_wconf 89' lang='lat' dir='ltr'><strong>Posteriores</strong></span> <span class='ocrx_word' id='word_1_805' title='bbox 2483 5589 2598 5645; x_wconf 92' lang='lat' dir='ltr'><strong>duo</strong></span> <span class='ocrx_word' id='word_1_806' title='bbox 2622 5589 2680 5643; x_wconf 88' lang='lat' dir='ltr'><strong>in</strong></span> <span class='ocrx_word' id='word_1_807' title='bbox 2702 5587 2946 5645; x_wconf 82' lang='lat' dir='ltr'><strong>vetustis</strong></span> <span class='ocrx_word' id='word_1_808' title='bbox 2967 5586 3132 5642; x_wconf 93' lang='lat' dir='ltr'><strong>codd.</strong></span> <span class='ocrx_word' id='word_1_809' title='bbox 3147 5585 3236 5644; x_wconf 91' lang='lat' dir='ltr'><strong>vel</strong></span> <span class='ocrx_word' id='word_1_810' title='bbox 3266 5604 3592 5662; x_wconf 82' lang='lat' dir='ltr'><strong>anonymos</strong></span> 
     </span>
    </p>
   </div>
   <div class='ocr_carea' id='block_1_111' title="bbox 193 5672 3592 5752">
    <p class='ocr_par' dir='ltr' id='par_1_111' title="bbox 193 5672 3592 5752">
     <span class='ocr_line' id='line_1_111' title="bbox 193 5672 3592 5752; baseline 0.003 -27"><span class='ocrx_word' id='word_1_811' title='bbox 193 5673 240 5725; x_wconf 79' lang='lat' dir='ltr'><strong>et</strong></span> <span class='ocrx_word' id='word_1_812' title='bbox 266 5672 482 5731; x_wconf 87' lang='lat' dir='ltr'><strong>debere</strong></span> <span class='ocrx_word' id='word_1_813' title='bbox 516 5677 893 5735; x_wconf 82' lang='lat' dir='ltr'><strong>existimaret.</strong></span> <span class='ocrx_word' id='word_1_814' title='bbox 925 5682 990 5734; x_wconf 92' lang='lat' dir='ltr'><strong>In</strong></span> <span class='ocrx_word' id='word_1_815' title='bbox 1022 5695 1140 5750; x_wconf 90' lang='lat' dir='ltr'><strong>qua</strong></span> <span class='ocrx_word' id='word_1_816' title='bbox 1163 5695 1244 5748; x_wconf 92' lang='lat' dir='ltr'><strong>re,</strong></span> <span class='ocrx_word' id='word_1_817' title='bbox 1278 5679 1479 5751; x_wconf 82' lang='lat' dir='ltr'><strong>inquit,</strong></span> <span class='ocrx_word' id='word_1_818' title='bbox 1513 5677 1834 5752; x_wconf 71' lang='lat' dir='ltr'><strong>praesertim</strong></span> <span class='ocrx_word' id='word_1_819' title='bbox 1941 5677 2032 5734; x_wconf 91' lang='lat' dir='ltr'><strong>vel</strong></span> <span class='ocrx_word' id='word_1_820' title='bbox 2056 5678 2166 5736; x_wconf 87' lang='lat' dir='ltr'><strong>sub</strong></span> <span class='ocrx_word' id='word_1_821' title='bbox 2186 5676 2497 5751; x_wconf 86' lang='lat' dir='ltr'><strong>Augustini</strong></span> <span class='ocrx_word' id='word_1_822' title='bbox 2519 5675 2753 5734; x_wconf 88' lang='lat' dir='ltr'><strong>nomine</strong></span> <span class='ocrx_word' id='word_1_823' title='bbox 2770 5674 3026 5746; x_wconf 82' lang='lat' dir='ltr'><strong>oﬂ‘endit,</strong></span> <span class='ocrx_word' id='word_1_824' title='bbox 3051 5676 3153 5735; x_wconf 88' lang='lat' dir='ltr'><strong>sed</strong></span> <span class='ocrx_word' id='word_1_825' title='bbox 3175 5694 3282 5736; x_wconf 89' lang='lat' dir='ltr'><strong>suo</strong></span> <span class='ocrx_word' id='word_1_826' title='bbox 3312 5676 3592 5735; x_wconf 83' lang='lat' dir='ltr'><strong>aliorum-</strong></span> 
     </span>
    </p>
   </div>
  </div>
