4092 6178
453 320 568 385 107

890 318 1483 382 SCHOENEMANNI
1527 320 1846 382 NOTITIA
1894 318 2808 382 HlS'l‘ORlCO-LITTERARIA
2851 318 2931 379 IN
2961 319 3027 381 Β.
3061 317 3404 381 LEONEM.

3734 312 3849 376 108

445 453 769 527 jiciuntur;
798 456 1146 525 quem,quia
1175 451 1453 509 beneﬁcio
1488 453 1547 509 D.
1587 454 1717 509 Vion
1770 452 2093 510 d‘Heronval
2124 454 2177 520 Α
2208 450 2481 508 homilias
2507 451 2565 506 in
2598 450 2897 507 nocturnis
2927 449 3142 508 divinis
3170 449 3380 508 officiis
3426 447 3760 507 recitandae
3790 448 3850 504 in

452 545 769 615 acceperat,
796 539 1262 597 Herovallianum
1294 540 1623 614 appellavit,
1657 546 1969 615 antequam
2002 559 2089 598 re-

452 630 714 687 scivisset
741 627 901 685 illam
953 646 1081 686 esse
1118 647 1187 688 ex
1240 630 1386 687 Bibl.
1434 632 1659 689 Antonii
1697 634 1875 687 Faure
1906 632 1971 688 D.
2006 632 2091 687 th.

450 717 742 774 facultatis
774 716 955 774 Paris.
982 718 1398 793 Eccl.metrop.
1419 721 1724 778 Remensis
1753 721 2015 777 canonici
2039 724 2097 777 et

446 806 644 863 vicarii
674 806 965 879 generalis
995 808 1252 882 episcopi
1284 810 1684 867 Remensium.

516 896 570 950 7.
606 894 950 965 Oxoniensis,
984 898 1161 954 codex
1190 916 1300 954 ms.
1334 900 1391 953 in
1436 917 1551 972 quo
1598 900 1763 957 codex
1786 916 1961 972 quem
1993 918 2095 973 ap-

448 981 632 1057 pellat
661 985 1029 1055 Quesnellus,
1083 987 1362 1044 Canonum
1415 993 1464 1044 et
1515 988 1940 1046 Constltutorum
1981 990 2099 1046 sedi

449 1075 768 1146 apostolicae
797 1092 932 1131 cum
961 1076 1139 1132 variis
1188 1076 1413 1146 Leonis,
1450 1095 1577 1151 quae
1607 1079 1795 1134 eidem
1826 1085 2095 1135 annecte-

452 1164 687 1233 bantur,
714 1181 964 1237 quorum
996 1163 1249 1221 indicem
1282 1184 1400 1222 una
1426 1184 1559 1223 cum
1592 1168 1925 1242 apographo
1946 1168 2100 1225 codi-

453 1252 539 1309 cis
578 1254 650 1309 ad
683 1254 899 1320 Quesn.
934 1254 1177 1310 miserat
1220 1256 1282 1310 E.
1317 1256 1668 1324 Bernardus,
1727 1259 2100 1316 astronomiae

451 1344 593 1397 tunc
622 1341 684 1397 in
716 1342 974 1398 academ.
1008 1343 1108 1399 Ox.
1143 1344 1455 1416 professor.
1486 1347 1834 1402 Servabatur
1861 1346 1920 1402 in
1952 1349 2095 1403 Bibl.

456 1430 556 1488 0x.
587 1431 808 1501 collegii
838 1432 1149 1500 Crielensis,
1182 1451 1238 1488 τι.
1271 1433 1361 1503 91,
1395 1436 1458 1490 Β.

524 1522 577 1576 8.
603 1521 974 1590 Remigianus.
1008 1522 1189 1578 codex
1221 1523 1763 1595 ms.Epistolarum,
1797 1525 1968 1596 cujus
1998 1542 2101 1581 no-

452 1610 644 1666 titiam
670 1614 727 1665 et
754 1610 945 1666 varias
978 1610 1252 1667 lectiones
1282 1629 1351 1668 ex
1390 1612 1536 1668 Bibl.
1572 1614 1629 1668 S.
1688 1613 1935 1686 Remigii
1994 1615 2100 1669 Re-

455 1696 677 1755 mensis
709 1698 1181 1771 suppeditaverat
1211 1700 1275 1755 D.
1306 1701 1509 1755 Franc.
1564 1700 1790 1768 Delfau,
1822 1702 2103 1758 Benedic-

454 1788 616 1844 tinus
648 1788 1192 1861 Sangermanensis.

2203 540 2393 597 Natali
2423 545 2479 595 S.
2506 540 2734 607 Leonis,
2784 540 3083 611 Passione,
3136 538 3601 611 Resurrectione,
3631 540 3854 595 Ascen-

2204 629 2369 686 sione
2400 630 2654 695 Domini,
2679 634 2739 686 et
2770 630 3123 700 Pentecoste,
3155 634 3331 702 atque
3387 629 3458 685 de
3513 633 3853 686 sanctorum

2203 717 2598 792 apostolorum
2622 718 2771 774 Petri
2804 723 2861 774 et
2890 717 3050 774 Pauli
3070 717 3561 775 solemnitatibus.
3581 717 3704 773 Scr.
3718 733 3852 774 cur-

2206 812 2369 863 rente
2400 825 2531 864 saec.
2561 825 2684 876 VIII,
2712 808 2990 863 Romanis
3021 806 3456 863 cbaracteribus
3488 807 3547 862 in
3577 806 3726 863 duas
3754 822 3856 863 co-

2203 895 2440 953 lumnas
2471 896 2979 968 distinctis.Hujus
3001 901 3058 951 et
3083 896 3386 968 sequentis
3405 896 3706 969 scripturae
3728 911 3858 969 spe-

2205 985 2422 1041 cimina
2450 1003 2558 1041 tere
2587 985 2770 1041 incisa
2798 985 3103 1058 proposuit
3133 984 3460 1042 Cacciarius
3508 984 3566 1040 in
3598 985 3711 1041 fide
3740 984 3855 1042 hu-

2197 1076 2300 1147 jus
2334 1091 2631 1142 recensus,
2666 1074 2806 1130 tomi
2840 1075 2862 1129 1
2891 1074 3053 1147 przef.
3081 1091 3140 1146 ρ.
3174 1074 3264 1130 29.

2275 1168 2329 1220 2.
2367 1164 2544 1220 Codex
2568 1182 2719 1220 num.
2756 1165 2916 1231 3836,
2950 1162 3131 1219 altera
3184 1181 3321 1237 pars
3361 1163 3739 1235 praecedentis
3770 1164 3855 1220 le-

2207 1252 2497 1319 ctionarii,
2530 1253 2836 1308 continens
2866 1253 3177 1308 Sermones
3225 1253 3283 1307 in
3313 1252 3461 1308 festo
3492 1252 3593 1308 SS.
3627 1257 3855 1327 septem

2209 1342 2457 1397 fratrum
2476 1340 3350 1409 Macbabmorum,S.Laurentii,
3372 1341 3443 1396 de
3462 1341 3696 1412 Jejunio
3722 1359 3857 1416 sep-

2206 1429 2335 1485 timi
2360 1430 2580 1487 mensis
2602 1428 2865 1501 aliasque
2895 1427 3168 1485 bomilias
3189 1446 3375 1503 usque
3392 1430 3461 1485 ad
3485 1430 3860 1487 Nativitatem

2210 1518 2437 1575 Domini
2461 1517 2980 1585 recitandas,inter
3009 1535 3156 1591 quas
3188 1517 3432 1575 celebris
3462 1519 3566 1591 Ep.
3599 1520 3764 1575 XXIV
3781 1522 3860 1577 ad

2211 1608 2547 1664 Flavianum
2580 1608 2651 1662 de
2684 1607 3083 1663 Incarnatione
3112 1606 3306 1663 Verbi.

2280 1698 2333 1753 3.
2364 1696 2541 1752 Codex
2568 1713 2722 1751 num.
2763 1696 2924 1763 3828,
2958 1711 3370 1769 pergamenus,
3402 1715 3438 1754 ι
3484 1697 3694 1754 saeculo
3725 1714 3862 1754 exa-

2212 1790 2394 1871 ratus,
2423 1785 2731 1842 continens
2762 1784 2982 1857 aliquot
3011 1786 3322 1841 Sermones
3356 1786 3563 1843 Leonis
3593 1787 3653 1843 in
3681 1788 3863 1846 variis

526 1877 581 1932 9.
614 1876 854 1932 Thuanei
876 1894 894 1931 :
922 1878 978 1931 1°
1006 1877 1185 1932 codex
1220 1893 1331 1933 ms.
1366 1878 1666 1934 Canonum
1710 1883 1767 1934 et
1785 1880 1980 1938 Const.
2011 1898 2103 1937 se-
2135 1873 2181 1895 ”
2214 1874 2349 1930 anni
2380 1873 2871 1930 solemnitatibus.

459 1964 551 2021 dis
576 1969 762 2037 apost.
794 1980 928 2019 cum
950 1964 1191 2038 triginta
1205 1965 1393 2023 tribus
1406 1966 1917 2041 LeonisEpistolis,
1947 1987 2101 2026 num.

463 2054 599 2121 129;
629 2056 689 2108 2°
712 2054 890 2109 codex
922 2070 1032 2110 ms.
1066 2053 1124 2109 in
1158 2071 1273 2126 quo
1303 2054 1498 2127 plures
1520 2056 1794 2128 Epistolas
1827 2059 1899 2114 ad
1931 2076 2105 2133 syno-

462 2142 603 2198 dum
633 2138 1163 2198 Chalcedonensem
1214 2148 1271 2199 et
1327 2144 1397 2198 ad
1448 2143 1804 2202 Arelatensis
1835 2148 2104 2206 Ecclesiae

461 2228 764 2303 privilegia
791 2230 1321 2303 pertinentes,item
1352 2232 1620 2304 Epistolas
1653 2233 1908 2291 Flaviani
1941 2238 2011 2292 ad
2043 2238 2100 2294 S.

459 2318 708 2376 Leonem
740 2319 930 2375 versio
960 2323 1131 2377 antea
1158 2337 1274 2376 non
1322 2321 1497 2389 edita,
1531 2321 1760 2395 aliaque
1787 2325 2039 2396 primum
2073 2345 2104 2383 e

459 2408 717 2465 tenebris
747 2414 931 2476 eruta,
963 2426 1117 2464 num.
1148 2411 1287 2479 780;
1315 2410 1375 2466 3°
1394 2411 1570 2467 codex
1593 2412 2002 2470 ms.librorum
2033 2416 2105 2473 de

457 2495 774 2554 Vocatione
799 2499 1064 2554 omnium
1094 2498 1440 2572 gentium,et
1461 2500 1682 2575 aliquot
1714 2502 2102 2576 Epistolarum

458 2586 518 2643 S.
551 2587 776 2657 Leonis,
814 2604 969 2643 num.
1017 2588 1156 2644 729:
1207 2590 1265 2643 4ο
1308 2586 1486 2646 codex
1543 2608 1654 2647 ms.
1712 2590 2102 2663 plurimarum

455 2674 852 2747 Epistolarum
874 2677 933 2733 S.
968 2676 1178 2732 Leonis
1198 2681 1455 2746 notatus,
1488 2696 1643 2734 num.
1667 2681 1804 2750 432;
1835 2683 1891 2737 5'
1922 2683 2103 2739 codex

458 2779 570 2820 ms.
602 2766 902 2820 Canonum
935 2768 991 2820 et
1038 2765 1410 2822 Decretorum
1460 2767 1563 2823 PP.
1599 2768 1766 2824 Rom.
1800 2771 2103 2829 collectore

410 2848 413 2853 ’
456 2850 733 2926 Dionysio
758 2853 978 2926 Exiguo
1004 2871 1019 2922 ;
1049 2854 1128 2922 6°,
1158 2856 1237 2927 7°.
1269 2854 1347 2919 8°,
1379 2856 1607 2913 codices
1660 2874 1804 2914 mss.
1852 2864 1970 2916 tres
2003 2862 2103 2917 Isi-

458 2940 709 2997 doriauaa
739 2941 1128 2999 Couciliorum
1158 2948 1213 2998 et
1246 2943 1675 3015 pontificiarnm
1708 2946 2099 3019 Epistolarum

457 3028 859 3099 Collectionis;
879 3032 940 3085 9°
969 3030 1148 3087 codex
1177 3032 1435 3089 ms.Can.
1469 3039 1526 3089 et
1554 3035 1927 3093 Decretorum
1956 3055 2097 3111 pon-

458 3118 683 3176 tificum
708 3120 899 3188 Rom.,
934 3119 1126 3192 qualis
1155 3121 1347 3177 editus
1380 3121 1689 3195 Moguntiae
1723 3143 1775 3181 a.
1812 3128 1968 3198 1525,
2000 3129 2107 3203 qui

2285 1966 2337 2019 4.
2374 1964 2551 2020 Codex
2578 1981 2733 2019 num.
2773 1964 2927 2029 1195,
2959 1979 3348 2036 pergamenus
3405 1963 3621 2032 in-fol.,
3654 1971 3865 2038 praeter

2214 2054 2499 2124 quasdam
2519 2057 2856 2108 sanctorum
2879 2050 3356 2121 homilias,etiam
3381 2053 3590 2110 Leonis
3612 2054 3863 2111 nonnul-

2212 2142 2300 2198 las
2329 2143 2654 2198 continens.
2689 2141 2795 2197 Scr
2823 2141 2977 2197 circa
3008 2157 3064 2195 x1
3098 2157 3226 2196 sese.
3259 2140 3547 2198 Cacciario
3564 2142 3784 2215 judice.

2284 2233 2336 2286 5.
2373 2230 2549 2286 Codex
2574 2247 2729 2286 num.
2771 2231 2921 2285 1267:
2976 2233 3042 2285 ut
3072 2231 3404 2303 praecedens
3433 2231 3621 2289 forma
3650 2233 3865 2306 majori

2212 2318 2273 2374 in
2304 2320 2534 2375 duabus
2564 2319 2855 2376 columnis
2902 2323 3173 2375 exaratus
3224 2319 3377 2375 circa
3432 2338 3563 2378 saac.
3606 2340 3682 2389 x1,
3715 2333 3862 2381 cont.

2211 2406 2364 2463 inter
2392 2407 2650 2481 plurium
2705 2412 2965 2464 veterum
3021 2408 3128 2463 PP.
3179 2408 3501 2479 Sermones,
3546 2411 3867 2471 nonnullos

2214 2496 2422 2553 Leonis
2453 2497 2528 2553 M.
2562 2498 2633 2554 de
2663 2496 2974 2553 Nativitate
2998 2500 3055 2554 et
3083 2495 3412 2571 Epiphania
3440 2504 3497 2555 et
3543 2500 3614 2556 de
3645 2504 3701 2556 S.
3734 2501 3867 2558 Ste-

2211 2585 2425 2658 phano.

2280 2675 2334 2730 6.
2369 2674 2548 2730 Codex
2604 2692 2757 2730 num.
2822 2674 2997 2745 1268;
3050 2691 3187 2747 pars
3241 2674 3424 2732 altera
3478 2679 3865 2750 precedentis

2209 2762 2553 2832 lectionarii,
2583 2773 2724 2821 cont.
2760 2765 3071 2821 Sermones
3102 2764 3572 2839 quamplurimos
3603 2785 3638 2823 a
3668 2768 3862 2825 domi-

2210 2851 2341 2907 nica
2386 2852 2839 2926 Septuagesima:
2885 2867 3074 2925 usque
3123 2870 3158 2909 a
3202 2852 3572 2912 Nativitatem
3622 2856 3863 2915 Domini

2208 2939 2506 3014 legendos.

2280 3033 2332 3085 7.
2357 3030 2534 3087 Codex
2561 3048 2713 3087 num.
2748 3031 2903 3100 1269;
2925 3036 3219 3105 postrema
3250 3048 3385 3104 pars
3416 3033 3859 3105 ejusdem,cont.

2210 3123 2416 3191 prazter
2440 3124 2748 3177 Sermones
2778 3121 2848 3177 de
2878 3122 3182 3193 Tempore,
3215 3119 3506 3178 orationes
3546 3123 3617 3178 de
3665 3124 3862 3181 Natali

459 3208 573 3265 fuit
600 3207 739 3265 olim
770 3209 991 3266 Claudii
1024 3210 1263 3265 Fatcheti
1286 3211 1613 3284 (Fauchet);
1650 3214 1740 3269 10°
1778 3216 1955 3272 codex
1987 3201 2100 3274 ms.
2132 3201 2175 3268 C
2214 3207 2315 3264 SS.
2352 3208 2750 3281 apostolorum
2773 3209 2926 3265 Petri
2955 3213 3012 3265 et
3031 3208 3217 3277 Pauli,
3249 3210 3319 3265 de
3360 3209 3547 3265 Natali
3582 3212 3679 3267 SS.
3712 3214 3865 3270 Lau-

461 3296 522 3353 in
552 3314 668 3370 quo
699 3315 834 3371 pars
863 3302 1125 3354 actorum
1156 3299 1359 3372 synodi
1391 3299 1898 3361 Chalcedonensis.

536 3389 624 3447 10.
656 3388 1375 3459 Treco-Pithwanus,codex
1399 3406 1509 3444 ms.
1527 3391 1830 3449 continens
1852 3394 2106 3451 Concilia

461 3476 738 3550 plurima,
758 3475 1047 3549 Epistolas
1072 3477 1851 3555 pontiﬁciasprazserlimque
1874 3484 2099 3553 Leonis,

461 3569 518 3623 et
547 3565 664 3622 alia
692 3569 1073 3622 monumenta
1111 3566 1523 3634 ecclesiastica,
1555 3569 1654 3640 qui
1686 3570 1823 3627 olim
1857 3574 1927 3627 ad
1950 3573 2100 3630 cele-

457 3654 609 3711 berri
620 3671 780 3711 mum
812 3655 1099 3711 Pithmum
1123 3656 1496 3727 pertinuit,ex
1516 3659 1656 3714 Bibl.
1685 3662 1905 3730 collegii
1926 3664 2102 3718 Trece-

453 3744 735 3800 Pithaeani
755 3745 1196 3818 presbyterorum
1225 3746 1470 3801 Oratorii
1495 3748 1558 3801 D.
1588 3749 1734 3803 Iesu.

828 3834 889 3905 C)
916 3834 1236 3889 Ser-menum
1264 3841 1316 3888 et
1342 3834 1727 3905 Epistolarum.

534 3926 580 3979 ι.
615 3922 1051 3992 Cisterciensis,i.
1080 3939 1129 3978 e.
1147 3922 1287 3977 Bibl.
1313 3925 1554 3980 abbatix
1584 3923 1956 3983 Cisterciensis
1984 3929 2097 3983 Pa-

454 4013 644 4076 risiis;
677 4012 857 4069 codex
886 4029 998 4067 ms.
1049 4011 1219 4082 cujus
1277 4010 1528 4067 indicem
1584 4016 1639 4068 et
1690 4012 1818 4071 loca
1874 4016 2099 4089 aliquot

454 4101 985 4157 communicaverat
1027 4100 1093 4156 D.
1133 4099 1386 4156 Jacobus
1418 4099 1488 4156 de
1546 4101 1800 4177 Lannoy,
1833 4105 2097 4175 ejusdem

454 4190 699 4246 abbatiaa
730 4190 1021 4262 subprior.

522 4281 577 4335 2.
603 4280 1105 4347 Claromaricensis,
1139 4278 1177 4333 i.
1205 4294 1254 4333 e.
1288 4278 1430 4334 Bibl.
1464 4281 1787 4335 monasterii
1815 4280 2096 4340 Claro-ma-

452 4371 678 4425 ricensis
706 4385 885 4441 prope
914 4367 1429 4438 Audomaropolim;
1455 4368 1633 4442 codex
1663 4385 1773 4425 ms.
1808 4371 1977 4443 cujus
2006 4371 2094 4428 in-

446 4458 641 4515 dicem
672 4474 775 4530 per
802 4457 891 4512 Jo.
926 4454 1330 4512 Mabillonium
1362 4461 1683 4528 acceperat.

522 4548 579 4636 3.
606 4544 1008 4636 SLMai-ianiet
1029 4544 1439 4636 Begniacensis,
1471 4544 1534 4636 i._
1559 4561 1626 4636 e.
1649 4546 1793 4601 Bibl.
1824 4556 2092 4605 monaste-
2123 4570 2170 4636 Β

449 4638 530 4693 rii
556 4635 612 4701 S,
645 4633 882 4689 Μανίαηί
910 4632 1390 4688 Autissiodorensis
1437 4633 1554 4689 0rd.
1603 4635 2091 4692 Pra’monstrateno

448 4722 778 4789 sis,codices
805 4722 1091 4789 mss.duo,
1125 4738 1377 4793 quorum
1407 4721 1649 4779 collatas
1668 4721 1945 4780 lectiones
1980 4742 2096 4782 una

448 4828 582 4867 cum
616 4810 808 4866 indice
837 4809 1096 4879 alterius,
1132 4810 1231 4882 qui
1272 4810 1459 4866 fuerat
1495 4813 1873 4882 Regniacensis
1902 4830 2090 4870 mona-

447 4901 602 4956 sterii
629 4899 917 4971 excerpsit
943 4903 1001 4955 et
1030 4900 1101 4955 ad
1134 4898 1507 4963 Quesnellum
1532 4901 1693 4955 misit
1721 4900 2089 4959 D.Chrestien

446 4987 602 5047 Eccl.
636 4988 954 5045 Autissiod.
988 5004 1117 5044 can.
1148 4993 1205 5043 et
1235 4986 1409 5043 theol.
1446 4989 1574 5044 Par.

518 5079 574 5135 ἅ.
611 5079 932 5143 Victorinus,
966 5076 1004 5133 i.
1054 5094 1104 5133 e.
1148 5077 1294 5131 Bibl.
1342 5076 1397 5131 S.
1456 5079 1680 5133 Victoris
1716 5080 2089 5144 Parisiensis;

449 5168 629 5226 codex
660 5185 771 5224 ms.
800 5172 1146 5224 Sermonum
1177 5171 1234 5223 et
1262 5166 1654 5239 Epistolarum
1685 5167 1799 5223 fere
1825 5169 2091 5226 omnium

448 5257 509 5317 S.
543 5257 771 5315 Leonis.

930 5346 998 5403 II.
1039 5363 1270 5403 CODICES
1311 5361 1608 5402 caecum.

1051 5437 1117 5509 A)
1141 5436 1482 5491 Sermo'num.

518 5528 573 5582 1.
611 5527 875 5583 Vaticani.
905 5558 975 5568 —
1012 5524 1242 5582 [ϐοάσω
1268 5540 1424 5580 num.
1456 5523 1616 5581 3835.
1644 5525 1808 5582 Prior
1828 5543 1964 5598 pars
1994 5542 2092 5582 an-

445 5610 596 5695 tiqui
625 5614 959 5693 pergamcni
994 5613 1335 5690 lectionarii,
1365 5613 1671 5672 continens
1711 5614 2090 5693 quamplures

2212 3297 2383 3353 rentii
2415 3302 2473 3353 et
2498 3299 2568 3354 de
2595 3298 2653 3354 S.
2710 3298 2921 3354 Leonis
2953 3298 3365 3371 Assumptione
3423 3299 3494 3355 ad
3552 3301 3864 3374 pontifica-

2208 3391 2356 3440 tum.

2279 3474 2518 3532 8.Codex
2547 3494 2698 3533 num.
2734 3478 2891 3544 1270,
2926 3492 3314 3549 pergamenus
3358 3476 3588 3533 in—folio
3619 3495 3858 3553 magno,

2210 3564 2270 3619 in
2299 3582 2415 3637 quo
2435 3567 2578 3621 varii
2609 3565 2814 3622 Leonis
2835 3566 3165 3632 Sermones,
3195 3564 3522 3622 Cacciarius
3554 3568 3683 3638 ejus
3716 3571 3861 3627 sub-

2209 3652 2357 3709 sidio
2373 3655 2747 3726 potissimum
2766 3671 3093 3710 sermonem
3107 3653 3177 3709 de
3197 3655 3342 3710 festo
3363 3655 3660 3713 Cathedra:
3679 3657 3857 3727 Petri,

2210 3757 2382 3813 quem
2414 3743 2641 3815 primus
2662 3742 3028 3811 Quesnellus,
3053 3743 3152 3799 sed
3186 3742 3461 3799 mutilum
3493 3748 3550 3800 et
3578 3746 3859 3820 imperfe-

2208 3835 2390 3899 ctum,
2422 3831 2738 3905 evulgaret,
2774 3831 3129 3905 primigenia:
3180 3831 3499 3906 integritati
3528 3835 3859 3895 reddidisse

2206 3923 2472 3976 testatur.

2274 4009 2329 4063 9.
2365 4008 2542 4064 Codex
2570 4027 2728 4065 num.
2762 4011 2919 4077 1271,
2970 4027 3360 4084 pergamenus
3412 4011 3626 4082 in-fol.,
3660 4010 3859 4072 varios

2207 4098 2415 4154 Leonis
2446 4102 2753 4154 Sermones
2784 4098 3082 4157 exhibens.

2276 4187 2363 4242 10.
2402 4187 2578 4243 Codex
2604 4204 2758 4242 num.
2792 4189 2944 4257 1272,
2977 4204 3368 4262 pergamenus
3396 4188 3456 4245 in
3488 4193 3715 4263 quarto,
3750 4208 3859 4248 sae-

2204 4274 2319 4331 culi
2348 4292 2405 4344 x,
2438 4279 2581 4331 cont.
2616 4275 2927 4332 Sermones
2955 4281 3012 4332 et
3038 4276 3319 4333 Homilias
3360 4293 3487 4350 quis
3515 4278 3655 4335 olim
3685 4278 3852 4353 lege-

2203 4364 2490 4420 banturin
2513 4363 2762 4437 singulis
2783 4364 3176 4438 apostolorum
3202 4366 3859 4425 festivitatibus.Przeter

2203 4454 2488 4525 quasdam
2502 4453 3527 4527 Leonisorationes,habebatquoque
3539 4457 3854 4528 antiquum

2202 4542 2517 4613 quemdam
2543 4538 2734 4597 Missa:
2752 4542 3325 4610 Canonem,bomilize
3362 4544 3432 4600 de
3448 4547 3578 4601 octo
3600 4544 3857 4601 Beatitu-

2202 4631 2813 4703 dimbusadjunclum,
2837 4648 3012 4703 quem
3042 4630 3338 4705 integrum
3370 4633 3699 4691 Cacciarius
3730 4623 3857 4692 una

2202 4736 2337 4775 cum
2364 4720 2765 4776 characterum
2797 4720 3113 4793 Specimine
3141 4720 3252 4794 ipsi
3284 4720 3545 4794 subjecto
3556 4740 3720 4795 pagg.
3742 4724 3855 4779 297

2200 4809 2326 4874 30b,
2361 4817 2400 4863 t.
2437 4810 2476 4870 Ι,
2512 4809 2716 4864 excudi
2749 4809 2991 4866 curavit.

2274 4898 2359 4952 1l.
2393 4897 2570 4953 Codex
2596 4915 2750 4953 num.
2785 4897 3180 4966 4222,in-folio
3211 4915 3424 4972 magno
3451 4898 3855 4973 Langobardi-

2200 4985 2282 5041 cis
2314 4986 2748 5043 characteribus
2779 4991 3070 5058 exaratus,
3104 5004 3235 5043 saec.
3267 5005 3347 5056 1x,
3377 4992 3522 5045 cont.
3556 4988 3853 5062 quosdam

2201 5076 2409 5131 Leonis
2440 5077 2749 5132 Sermones
2804 5076 3129 5132 secundum
3175 5075 3313 5132 anni
3365 5076 3491 5134 dies
3539 5077 3719 5134 festos
3764 5076 3853 5135 le-

2199 5165 2441 5238 gendos.

2279 5256 2359 5307 12.
2396 5252 2571 5307 Codex
2594 5269 2746 5307 num.
2795 5253 2961 5320 5&51,
3011 5270 3143 5310 saec.
3192 5271 3275 5310 xu
3321 5254 3599 5311 Romanis
3645 5253 3854 5312 chara-

2199 5341 2454 5398 cteribus
2484 5341 2759 5414 scriptus,
2787 5350 2929 5398 cont.
2951 5342 3160 5399 Leonis
3192 5344 3503 5401 Sermones
3532 5345 3604 5401 de
3631 5342 3820 5400 solem

2200 5431 2378 5486 nitate
2410 5430 2661 5497 Paschae,
2694 5431 3061 5490 Pentecostes
3091 5436 3148 5489 et
3172 5433 3243 5490 de
3282 5433 3447 5490 festis
3478 5433 3580 5491 SS.
3611 5436 3853 5507 aposto-

2197 5519 2388 5576 lorum
2419 5518 2571 5575 Petri
2602 5524 2658 5575 et
2687 5520 2871 5577 Pauli.

2266 5611 2355 5671 13.
2380 5607 2560 5668 Codex
2608 5626 2763 5667 num.
2811 5612 2974 5683 6&50,
3032 5628 3444 5695 pergamenus,
3489 5625 3574 5675 xu
3622 5609 3851 5689 seculi,
