4092 6178
428 347 569 459 ’ως
720 432 725 437 γ
1222 394 1609 463 versuum
1649 394 1977 460 PATRUM
2022 394 2508 460 TESTIMONIA
2550 398 2652 461 nn
2698 399 2762 462 s.
2807 398 3087 464 LEONE.
3733 374 3841 465 iis

817 641 1376 728 VETEBUM
1420 578 1895 726 'PATHUM
1955 637 2645 727 TESTIMONIA
2700 642 2847 727 DE
2909 641 2996 731 s.
3058 641 3477 731 LEONE.

1941 797 2365 809 ——-—_

448 873 693 951 Epistola
711 875 939 951 Joannis
973 873 1225 951 Cassiani
1242 873 1843 951 presbyteri__libr0rum
1870 887 2099 951 sacrum
2126 872 2180 938 Α
2210 874 2385 927 taetre
2416 873 2586 929 nobis
2618 890 2735 929 non
2780 874 3291 946 respondentibus,
3346 876 3576 933 etiamsi
3618 893 3725 951 ego
3753 895 3851 951 per

524 946 589 1002 de
639 946 1022 1030 Incarnatione
1072 945 1273 1002 Christi
1322 949 1513 1001 contra
1539 946 1842 1000 Nestorium
1870 946 2098 999 Nunca-

2236 960 2547 1017 lbedientiaa
2578 962 2807 1017 veniam
2826 965 2975 1019 bene
2996 980 3190 1036 pareo,
3217 968 3279 1020 tu
3299 969 3495 1022 tamen
3529 984 3631 1039 per
3659 968 3852 1025 incon-

519 1022 763 1091 μάθηθ’
2207 1049 2587 1105 siderantiam
2610 1051 2819 1122 judicii
2864 1052 3017 1108 male
3048 1052 3369 1125 imperasse
3399 1022 3670 1111 videaris.

522 1140 821 1198 Absolutis
850 1143 1073 1197 dudum
1101 1141 1485 1198 Callationum
1515 1138 1867 1231 spiritalium
1882 1136 2098 1231 libellis
2210 1155 2580 1231 Thqqdoretm,
2613 1159 2891 1229 ερίεεορηδ
2916 1158 3191 1231 Cyrenas,
3224 1160 3281 1215 ίη
3305 1162 3536 1231 apium“
3571 1163 3640 1218 ad
3664 1163 3850 1220 Αιηιη-

454 1246 632 1287 sensu
664 1231 854 1304 magis
908 1248 1083 1303 quam
1128 1248 1396 1287 sermone
1428 1230 1759 1303 insignibus
1791 1227 1953 1300 (quia
1979 1226 2093 1282 alto
2278 1227 2431 1281 dium
2449 1218 2929 1301 episcopumﬁpud
2948 1218 3356 1286 Daronz’aman'.
3383 1234 3509 1298 450,
3535 1251 3593 1289 n.
3613 1235 3707 1290 33.

453 1323 789 1376 sanctorum
812 1320 1068 1376 virorum
1099 1320 1299 1377 sensui
1333 1336 1523 1375 sermo
1555 1322 1764 1374 nostrae
1787 1314 2093 1389 imperitia:
2280 1316 2550 1387 Legimus
2583 1334 2708 1389 qua:
2741 1318 2822 1389 (S.
2859 1319 2991 1390 Leo)
3024 1320 3094 1374 ad
3119 1324 3331 1375 sanctis
3355 1322 3603 1377 etbeatae
3630 1341 3851 1381 memo-

456 1409 1228 1483 imparfuit),cogitaram,et
1241 1408 1663 1480 propemodum
1678 1405 2098 1461 constitueram
2206 1403 2304 1458 riae
2336 1404 2671 1461 Flavianum
2704 1406 2942 1478 scripsit
2969 1424 2982 1472 ;
3016 1412 3072 1463 et
3100 1409 3319 1480 gratias
3341 1410 3571 1482 egimus
3597 1412 3844 1470 Domino

392 1484 405 1491 ’
455 1502 589 1570 post
618 1498 786 1554 illum
840 1500 1079 1571 proditae
1135 1498 1379 1554 inscitia;
1429 1497 1737 1569 pudorem,
1790 1494 1873 1549 ita
1912 1509 2005 1548 me
2036 1493 2098 1547 in
2208 1498 2407 1549 nostro
2440 1494 2868 1551 humanissimo
2895 1497 3031 1558 Deo,
3064 1497 3218 1569 quod
3250 1499 3598 1556 advocatum
3628 1507 3686 1558 et
3717 1520 3850 1576 pro-

454 1590 626 1659 portu
678 1587 892 1644 silentii
946 1588 1248 1655 collocare,
1274 1590 1364 1657 hut
1407 1600 1765 1654 excusarem,
1813 1585 2098 1654 quantum
2208 1586 2594 1654 pugnatorem
2625 1584 2884 1640 veritatis
2906 1584 3259 1642 invenimus.
3288 1587 3390 1644 His
3419 1592 3478 1644 et
3506 1606 3611 1663 ego
3643 1591 3854 1649 litteris

454 1675 515 1731 in
537 1693 630 1732 me
650 1681 823 1746 esset,
857 1693 960 1749 per
981 1675 1395 1733 taciturnitatis
1426 1673 1859 1742 verecundiam,
1894 1671 2098 1742 loqua-
2208 1671 2501 1728 consensi.
2538 1715 2550 1728 .
2589 1715 2602 1728 .
2630 1713 2643 1727 .
2677 1672 2770 1728 cui
2802 1673 2977 1728 etiam
3012 1674 3366 1748 subscripsi;
3400 1680 3457 1733 et
3486 1695 3552 1734 ex
3583 1679 3692 1735 hoc
3722 1698 3855 1753 pro-

453 1766 646 1823 citatis
669 1767 993 1823 audaciam.
1023 1766 1133 1822 Sed
1157 1764 1344 1821 vicisti
1375 1762 1740 1838 prepositum
1768 1777 1833 1816 ac
1866 1764 2098 1816 senteu-
2206 1760 2337 1816 bavi
2362 1760 2518 1833 quod
2541 1759 2772 1835 regulas
2792 1760 3289 1834 apostolicas,hoc
3311 1768 3853 1843 estveradogmata,

453 1854 600 1910 tiam
631 1872 821 1911 meam
852 1855 1153 1910 laudabilii
1184 1855 1378 1910 studio
1411 1857 1467 1910 et
1498 1849 1984 1924 impcriosissimo
2019 1848 2099 1903 af-
2208 1866 2443 1922 sequor.

456 1943 611 2000 fectu
658 1947 780 2010 tuo,
834 1944 915 1999 mi
965 1945 1093 2011 L60,
1141 1943 1471 2032 Veneranda
1516 1940 1737 2032 [Al-Mmi
1780 1941 2101 2032 L90_Ven_e‘
2206 1958 2273 2013 In
2301 1957 2530 2032 concilio
2548 1956 2970 2032 Caalcedonensi
2988 1967 3091 2015 act.
3141 1962 3334 2032 2,post
3362 1965 3643 2020 recitatum
3660 1967 3857 2024 Leonis

458 2034 658 2105 rando]
680 2050 746 2089 ac
769 2032 1144 2106 suSpicienda
1172 2031 1425 2088 cbaritas
1457 2030 1886 2097 mea,ltomanaa
1902 2026 2099 2083 Eccle-
2277 2029 2561 2099 epistolam
2574 2029 2666 2098 28,
2689 2029 2761 2084 ad
2780 2030 3126 2098 Flavianum,
3141 2026 3333 2089 Patres
3349 2035 3746 2094 clamauerunt.

458 2122 556 2178 siae
578 2122 835 2178 acdivini
860 2121 1172 2178 ministerii
1194 2123 1395 2187 decus,
1427 2120 1755 2192 producens
1788 2133 1881 2173 me
1900 2133 1969 2172 ex
1996 2114 2098 2171 illo
2280 2116 2483 2173 Petrus
2514 2134 2617 2190 per
2664 2118 2916 2174 Leonem
2965 2119 3045 2176 ita
3083 2119 3316 2179 locutus
3358 2129 3465 2181 est.
3502 2166 3516 2182 .
3552 2167 3565 2180 .
3602 2169 3617 2182 .
3662 2127 3764 2184 Pie
3803 2132 3860 2186 et

457 2211 838 2284 praemeditati
862 2211 1081 2267 silentii
1112 2227 1343 2267 recessu
1374 2209 1434 2264 in
1458 2207 1763 2299 publicum
1784 2205 2100 2299 formidan-
2127 2233 2177 2299 Β
2205 2221 2338 2261 vere
2358 2206 2468 2261 Leo
2495 2206 2714 2263 docuit.

457 2301 718 2374 dumque
751 2299 1031 2372 Ῐυάίῒίιιιη
1069 2318 1084 2369 ἱ
1118 2304 1175 2357 et
1205 2316 1352 2355 Πονα
1383 2298 1583 2355 mihi?"
1612 2296 1773 2369 cogis
1804 2295 1997 2351 adhuc
2028 2294 2099 2349 de
2127 2294 2170 2299 —
2208 2312 2356 2369 Idem
2384 2313 2679 2369 concilium
2707 2315 2769 2369 in
2796 2317 3064 2372 relatione
3092 2317 3163 2373 ad
3182 2308 3534 2377 Pulclieriam
3548 2322 3691 2379 edita
3721 2332 3856 2383 tom.

458 2388 767 2462 przeteritis
792 2389 1235 2446 erubescentem
1260 2403 1543 2459 :cumque
1562 2385 1739 2442 etiam
1769 2383 2098 2440 minoribus
2530 2384 2601 2440 IV
2632 2384 2835 2440 Concil.
2875 2389 3000 2444 Ven.
3046 2388 3176 2445 edit.
3203 2407 3334 2463 pag.
3370 2393 3528 2450 1354.

456 2477 649 2551 impar
678 2478 911 2547 fuerim,
951 2496 1053 2550 par
1082 2476 1405 2549 majoribus
1435 2493 1470 2532 a
1499 2480 1554 2531 te
1602 2490 1731 2531 esse
1762 2471 2096 2545 compellor.
2282 2472 2399 2545 Ipsi
2431 2489 2606 2529 naves
2632 2490 2770 2529 suas
2792 2474 2851 2530 in
2875 2491 3052 2532 cursu
3066 2478 3345 2551 repetiero
3376 2487 3646 2552 rectores,
3684 2484 3861 2544 (ηδτ-ί-

455 2570 575 2642 Ego
607 2568 764 2624 enim
795 2584 867 2623 ne
897 2567 954 2622 in
982 2566 1098 2623 illis
1127 2566 1366 2637 quidem
1398 2563 1700 2634 opusculis
1749 2562 1966 2634 quibus
1997 2576 2102 2633 per
2211 2566 2301 2617 sto
2332 2561 2405 2617 ad
2429 2560 2877 2634 intelligentiam
2900 2580 3174 2637 prospere
3190 2567 3500 2641 dirigente,
3530 2573 3631 2645 qui
3663 2580 3865 2632 osten-

455 2656 737 2729 Ingenioli
769 2656 951 2711 nostri
983 2652 1442 2710 oblatiunculam
1474 2652 1720 2708 Domino
1751 2647 2098 2736 sacrificavif
2208 2649 2294 2705 dit
2321 2649 2382 2705 in
2416 2651 2603 2707 Leone
2636 2651 2889 2707 mirabili
2919 2653 3261 2726 veritatem;
3294 2658 3395 2730 qui
3425 2660 3863 2736 sicutsapiente

457 2760 614 2811 mus,
646 2742 842 2799 moliri
885 2741 1107 2814 aliquid
1157 2745 1258 2796 aut
1283 2756 1569 2812 usurpare
1607 2734 1948 2805 tenta'ssem,
1983 2734 2098 2791 nisi
2212 2738 2394 2817 Petro,
2426 2738 2509 2793 ita
2537 2742 2595 2794 et
2621 2739 2735 2796 isto
2760 2739 2948 2796 utitur
2975 2748 3280 2802 assertore.

456 2830 771 2904 episcopali
801 2834 1021 2886 tractus
1046 2828 1312 2901 imperio.
1341 2827 1531 2883 Crevit
1556 2828 1751 2899 itaque
1773 2842 1875 2899 per
1894 2829 1951 2880 te
1980 2824 2064 2880 ori

2243 2845 2355 2900 tem
2382 2845 2677 2931 concilium
2698 2848 3118 2931 infalloeytione
3245 2840 3584 2931 Marcianam
3613 2859 3859 2931 impera-

455 2919 638 2977 nostri
670 2922 728 2976 et
756 2919 889 2992 styli
912 2918 1187 2991 dignitas.
1219 2918 1366 2973 Nam
1393 2917 1493 2989 qui
1517 2915 1672 2987 jussi
1696 2919 1868 2970 antea
1887 2914 1957 2969 de
1985 2914 2099 2969 Do-
2519 2924 2710 2984 torem,
2741 2926 2867 2974 tom.
2904 2920 2978 2975 IV
3007 2921 3210 2977 Concil.
3238 2939 3368 2996 pag.
3403 2927 3541 2982 1758

458 3008 693 3065 minicis
721 3007 934 3063 studiis
963 3005 1142 3063 locuti
1174 3023 1408 3073 sumus,
1440 3022 1596 3061 nunc
1628 3004 1686 3060 id
1720 3002 1902 3075 exigis
1936 3006 2000 3057 ut
2029 3002 2099 3057 de
2278 3002 2971 3077 Nobisimpenetrabilem
2986 3011 3862 3090 omnierrorepropugnatorem

458 3097 589 3170 ipsa
609 3096 1012 3154 Incarnatione
1039 3095 1264 3152 Domini
1286 3112 1352 3151 ac
1374 3096 1678 3166 majestate
1691 3092 1957 3148 dicamus
1981 3109 1994 3147 :
2020 3090 2102 3147 ita
2208 3092 2362 3148 Deus
2387 3094 2655 3164 providit,
2689 3098 2747 3151 et
2779 3096 3053 3153 Romana
3079 3098 3345 3157 Ecclesiae
3368 3119 3578 3177 papam
3592 3108 3664 3163 ad
3679 3109 3867 3168 victo-

458 3185 560 3258 qui
591 3186 755 3258 prius
786 3184 845 3241 in
878 3187 1080 3240 sancta
1111 3183 1312 3256 templi
1343 3182 1502 3239 velut
1532 3199 1634 3255 per
1676 3179 2099 3236 sacerdotalem
2208 3180 2356 3236 riam
2388 3184 2754 3255 prmparavit,
2783 3188 2841 3240 et
2867 3186 3153 3244 doctrinis
3177 3206 3312 3246 eum
3345 3208 3448 3264 per
3473 3196 3673 3252 omnia
3700 3200 3865 3255 veri-

459 3291 702 3330 manum
734 3273 1051 3329 introducti
1101 3289 1332 3340 sumus,
1383 3288 1539 3328 nunc
1582 3271 1759 3325 ductu
1793 3273 1893 3324 tuo
1926 3272 2101 3339 atque
2209 3270 2351 3325 tatis
2381 3271 2734 3345 astringens,
2768 3278 2829 3329 ut
2875 3277 3375 3347 quemadmodum
3418 3280 3644 3352 Petrus,
3676 3289 3737 3342 et
3768 3287 3868 3345 hic

460 3362 726 3420 subsidio
738 3361 909 3435 quasi
928 3362 986 3417 in
1002 3366 1338 3418 sanctorum
1353 3362 1963 3432 sanctapenetramus.
1984 3357 2103 3411 Ma-
2211 3358 2420 3415 affectu
2439 3360 2781 3418 ferventiore
2812 3363 3135 3430 decertans,
3169 3383 3401 3425 omnem
3420 3371 3492 3427 ad
3515 3375 3696 3429 Deum
3713 3392 3866 3433 seu-

461 3467 615 3525 gnus
645 3451 852 3519 honor,
887 3451 988 3506 sed
1020 3449 1349 3523 periculosa
1378 3447 1709 3522 progressio
1731 3445 1843 3519 [AL
1879 3446 2099 3519 profes-
2211 3447 2922 3523 sumintelligentiamque
2943 3454 3243 3526 perducat.

461 3540 604 3616 sio]:
630 3540 770 3640 quia
788 3540 1038 3640 obtineri
1070 3556 1370 3640 sacrorum
1403 3536 1791 3640 penetralium
1823 3552 1889 3640 ac
1919 3533 2100 3640 divini
2131 3600 2173 3640 ρ
2209 3555 2464 3609 Leontius
2493 3557 2776 3640 6.?“wa
2808 3560 3148 3617 Arelatensis
3177 3564 3237 3617 in
3259 3566 3488 3640 clima!“
3516 3568 3870 3629 “Hilarum

456 3600 678 3702 przemii
712 3628 910 3703 palma
928 3646 1044 3684 non
1067 3633 1278 3702 potest,
1313 3626 1608 3683 nisiboste
1640 3628 1931 3697 superato.
1964 3621 2093 3678 Exi-
2131 3600 2174 3668 Ο
2276 3641 2485 3697 papam
2511 3600 2705 3683 Leonis
2732 3645 3110 3699 successorem,

455 3718 547 3793 gis
572 3720 771 3791 itaque
806 3735 871 3775 ac
883 3720 907 3790 j
920 3719 1062 3774 ubes
1079 3718 1391 3773 adversum
1416 3718 1707 3771 recentem
1734 3711 2001 3767 haeresim
2027 3726 2095 3765 ac
2275 3715 2437 3779 Quod
2454 3715 2704 3771 Leonem
2718 3719 3165 3776 sanctissimum
3178 3711 3665 3794 praedecessorem
3681 3735 3866 3789 tuum

455 3824 667 3863 novum
698 3806 832 3862 fidei
849 3806 1078 3861 hostem
1106 3801 1752 3861 conserereimbecilles
1779 3816 2010 3865 manus,
2038 3802 2097 3854 et
2203 3817 2362 3889 mors
2413 3801 2743 3872 abstulerit,
2792 3810 2996 3865 contra
3043 3809 3294 3868 haereses
3337 3813 3766 3889 invigilantem,
3805 3825 3869 3878 et

452 3899 653 3951 contra
682 3894 939 3967 pestiferi
972 3893 1257 3966 serpentis
1300 3909 1502 3966 graves
1542 3891 1739 3946 hiatus
1777 3892 1995 3960 aperto,
2028 3891 2094 3942 ut
2201 3888 2406 3945 lolium
2439 3890 2497 3945 in
2522 3907 2662 3964 agro
2683 3896 2935 3963 Domini,
2958 3896 3069 3953 heu
3095 3898 3108 3953 Ι
3131 3899 3310 3957 nimis
3330 3902 3694 3962 fructificans
3724 3888 3865 3965 era-

451 3983 636 4053 aiunt,
685 3998 784 4039 ore
832 3983 1150 4039 consistere
1193 4000 1205 4039 :
1240 3982 1463 4037 scilicet
1503 3984 1569 4035 ut
1594 3978 1997 4050 insurgentem
2031 3974 2089 4029 in
2201 3978 2514 4045 dicantem,
2549 3980 2839 4039 dolemus.

446 4070 735 4128 Ecclesias
765 4071 863 4128 Dei
897 4071 1153 4127 sinuosis
1184 4070 1468 4173 tractibus
1500 4069 1810 4173 draconem
1831 4065 1925 4173 vis
1956 4080 2089 4158 pro-
2199 4084 2517 4156 δίηιριίείαδ
2543 4105 2691 4161 papa
2722 4092 2782 4145 ,οη
2811 4092 3043 4161 epistola
3072 4095 3142 4151 ad
3178 4098 3411 4154 Leonem
3443 4100 3845 4173 imperatorem

448 4160 680 4232 Phetica
707 4164 765 4217 et
793 4159 1083 4216 sermonis
1132 4158 1448 4231 evangelici
1496 4157 1694 4212 divina
1741 4155 1946 4218 virtus,
1999 4155 2092 4208 me
2314 4148 2328 4156 '
2543 4148 2559 4160 ‘
2596 4148 2630 4181 α’
2805 4148 2938 4219 ιὼη.
3444 4148 3865 4175 ””Ἷ”“”“’*ν”νήο

448 4248 617 4320 quasi
632 4247 1334 4319 incantatore,irrumpat.
1359 4246 1536 4301 Pareo
1554 4241 2086 4309 obsecrationituze,
2270 4246 2382 4301 Leo
2413 4262 2565 4319 papa
2595 4246 2677 4304 ita
2726 4249 2893 4321 plene
2923 4257 3097 4327 atque
3128 4256 3382 4315 dilucide
3413 4268 3871 4323 sacramentum

447 4353 618 4408 parco
640 4336 931 4409 jussioni;
966 4334 1119 4391 malo
1151 4335 1307 4391 enim
1339 4335 1411 4390 de
1442 4349 1534 4389 me
1582 4332 1710 4405 ipso
1750 4331 1877 4399 tibi,
1911 4347 2089 4403 quam
2198 4333 2510 4390 Dominicze
2542 4335 2968 4398 incarnationis
2998 4346 3291 4415 exposuit,
3312 4352 3379 4403 ut
3408 4365 3522 4405 non
3555 4352 3735 4408 modo
3762 4371 3873 4410 ca-

446 4425 591 4481 mihi
623 4425 878 4492 credere,
925 4424 1176 4480 maxime
1224 4423 1363 4497 quia
1417 4423 1475 4478 id
1528 4426 1723 4478 tecum
1752 4436 1919 4477 amor
1947 4420 2086 4476 Jesu
2199 4422 2476 4490 tholicus,
2509 4425 2609 4481 sed
2632 4441 2703 4481 ne
2748 4426 3118 4488 Christianus
3140 4435 3379 4506 quidem
3403 4437 3592 4495 valeat
3624 4456 3874 4500 nuncu-

442 4514 658 4571 Christi
691 4514 924 4571 Domini
956 4514 1071 4569 mei
1102 4513 1382 4586 praecipit,
1416 4511 1516 4584 qui
1541 4510 1651 4567 hoc
1683 4509 1880 4582 ipsum
1912 4508 2088 4598 etiam
2198 4510 2343 4584 pari,
2377 4512 2647 4586 quisquis
2670 4514 2791 4570 illic
2835 4517 2915 4590 (id
2943 4523 3023 4575 est
3045 4520 3104 4576 in
3137 4522 3347 4581 Leonis
3361 4525 3649 4598 epistolis)
3681 4535 3744 4598 et
3774 4549 3880 4589 re-

442 4602 501 4658 in
533 4606 588 4659 te
609 4602 800 4676 jubet.
837 4603 1113 4675 Superest
1162 4607 1228 4657 ut
1263 4603 1533 4657 effectum
1564 4599 1833 4672 imperati
1871 4597 2087 4689 negotii
2197 4599 2550 4672 demptionis
2573 4619 2692 4659 suae
2712 4620 2922 4662 causas
2947 4626 3062 4665 non
3084 4609 3380 4669 evidenter
3395 4597 3700 4689 agnoscat!

442 4691 514 4795 βξ)
536 4691 663 4764 ipso
686 4690 946 4791 ΙξοείυῙθε
969 4708 1071 4763 Per
1089 4690 1602 4795 (ἰυθωίωρθταῇῆί-
1638 4690 1767 4795 TE]?
2199 4703 2442 4795 Gelasfits
2466 4724 2613 4795 papa
2645 4711 2705 4765 in
2730 4714 2936 4795 synodo
2966 4717 3321 4795 Pomona-A70
3349 4687 3756 4795 episcoporum,
3810 4729 3884 4784 in

439 4778 536 4834 hic
565 4779 752 4852 magis
805 4796 985 4834 causa
1024 4796 1203 4851 quam
1238 4795 1369 4834 mea
1399 4778 1663 4867 vertitur,
1693 4781 1863 4867 tuum
1898 4777 2087 4867 magis
2269 4865 2305 4867 ῃ
2336 4777 2554 4867 decreto
2578 4780 2644 4836 de
2669 4777 3000 4857 αρδενῃρνιίδ
3021 4789 3198 4858 libris,
3223 4777 3456 4849 tam.“

428 4865 723 4938 judicium
737 4883 911 4939 quam
929 4884 1125 4923 meum
1140 4868 1396 4956 officium
1410 4864 1890 4956 periclitatur.Me
1904 4863 2084 4956 enim,
2268 4865 2588 4937 Epistolam
2615 4873 3017 4948 (suscipimus)
3036 4881 3098 4933 B.
3124 4878 3335 4937 Leonis
3355 4863 3516 4956 papae
3538 4883 3611 4940 ad
3633 4884 3884 4945 Flavia-

435 4954 554 5011 sive
587 4971 694 5028 par
727 4955 840 5012 sim
876 4960 976 5012 tuo
1000 4956 1264 5027 imperio,
1299 4955 1543 5011 sivenon
1559 4956 1692 5022 sim,
1727 4951 2088 5026 ipsaaliqua-
2118 4967 2165 5032 Β
2198 4969 2341 5010 num
2389 4956 2493 5012 GP.
2547 4958 2885 5034 episcopum
2941 4965 3317 5038 destinatam,
3355 4951 3450 5027 de
3487 4972 3657 5045 cujus
3688 4978 3881 5034 textu

433 5048 609 5101 tenus
634 5044 975 5101 obedientiaa
1007 5045 1154 5101 ratio
1197 5048 1372 5115 atque
1421 5043 1774 5132 humilitatis
1804 5043 2076 5132 excusat;
2196 5042 2490 5114 quispiam
2523 5046 2572 5102 si
2603 5065 2791 5121 usque
2844 5052 2915 5106 ad
2972 5071 3157 5110 unum
3206 5056 3324 5113 iota
3352 5042 3770 5132 disputaverit,
3811 5071 3884 5123 et

432 5132 547 5190 nisi
573 5134 729 5207 quod
779 5133 888 5190 hoc
934 5132 1068 5207 plus
1109 5132 1302 5189 meriti
1334 5136 1419 5187 est
1452 5132 1510 5186 in
1538 5130 1817 5202 obsequio
1849 5144 1996 5223 meo,
2031 5127 2081 5184 si
2196 5147 2310 5186 non
2340 5148 2466 5188 eam
2501 5136 2558 5190 in
2590 5138 2870 5195 omnibus
2917 5143 3327 5201 venerabiliter
3364 5127 3674 5223 acceperit,
3706 5127 3880 5211 ana-

431 5222 632 5278 minus
663 5227 754 5279 est
784 5222 842 5276 in
888 5221 1296 5294 possibilitate.
1353 5219 1540 5275 Facile
1571 5219 1726 5275 enim
1763 5215 2083 5287 cujuslibet
2195 5218 2394 5275 thema
2421 5221 2515 5277 sit.

421 5311 617 5422 i383?
623 5328 698 5422 1“.
708 5310 916 5422 ῗῗίὲδὲ
924 5310 1164 5422 Et}???
1177 5312 1284 5422 ῗῗῗ
1294 5308 1414 5422 iii?
1421 5306 1806 5422 Ῥεῖῗζῖῗῗῖἷ
1814 5306 2079 5422 ﬁmi???
2193 5327 2503 5383 οντεηίαίθδ
2546 5345 2785 5422 θρτεερρι
2835 5352 2904 5422 τη,
2940 5340 3170 5422 epist?!“
3201 5342 3710 5422 ιξιέβψηηιαοιιιιηι
3747 5367 3884 5422 pa-

426 5400 649 5469 grande
671 5402 761 5455 est
778 5403 835 5455 et
864 5397 1151 5462 mirabile,
1178 5396 1277 5469 qui
1301 5396 1648 5452 etiamidem
1665 5396 1869 5451 invoto
1900 5394 2079 5450 habet
2571 5394 2587 5401 ’
2680 5394 2835 5477 pam,
2884 5394 3012 5465 tam.
3048 5394 3098 5465 ν
3203 5394 3341 5470 ᾍέόδῖ

427 5485 662 5557 quodin
689 5486 912 5543 viribus
935 5503 1048 5541 non
1080 5485 1275 5541 habet.
1297 5486 1422 5541 Tua
1450 5502 1585 5559 ergo
1618 5484 1737 5541 haec
1759 5501 1870 5554 res,
1904 5488 2075 5539 tuum
2260 5485 2367 5551 Qui
2420 5492 2721 5560 praecessit
2750 5494 3177 5558 beatitudinem
3207 5505 3396 5573 tuam,
3431 5505 3583 5563 inter
3613 5514 3895 5571 sanctos

427 5575 750 5648 negotium,
780 5577 866 5631 tui
898 5575 1139 5663 pudoris
1170 5590 1319 5646 opus
1350 5582 1433 5631 est
1460 5593 1472 5631 :
1506 5592 1606 5630 ora
1635 5578 1693 5630 et
1732 5574 1974 5663 obsecra
2003 5589 2076 5663 ne
2186 5575 2565 5649 constitutus,
2620 5581 2733 5637 Leo
2787 5585 3290 5663 archiepiscopus,
3323 5593 3397 5649 ad
3428 5595 3673 5653 Attilam
3711 5608 3897 5659 tunc

424 5663 719 5737 imperitia
752 5681 882 5720 mea
911 5662 1271 5736 periclitetur
1301 5662 1507 5719 electio
1530 5667 1664 5731 tua;
1716 5667 1773 5720 et
1812 5660 2071 5735 opinioni
2183 5679 2451 5722 erronem
2481 5668 2794 5727 barbarum
2838 5690 2941 5744 per
2982 5694 3045 5733 se
3074 5660 3306 5738 currere
3347 5700 3463 5740 non
3496 5684 3663 5741 duxit
3690 5685 3852 5746 indi
