4092 6178
275 368 382 430 HT

1094 366 1510 430 PREFATIO
1552 365 1633 433 IN
1679 335 2098 431 sumemus
2140 366 2205 431 s.
2252 366 2533 432 LEONIS
2575 364 2850 432 MAGNI.

3553 355 3673 439 118

271 517 473 577 gnum,
526 505 592 560 ut
620 500 1014 577 captivitatem
1061 500 1376 576 corrigeret
1426 500 1804 576 corporalem.
1840 501 1912 558 Et
1938 502 1995 571 Α
2023 501 2226 559 doctor
2251 518 2321 558 ex
2351 517 2618 559 sermone
2650 506 2862 559 sanctis
2902 499 3237 575 Epiphanio:
3289 499 3372 557 ita
3427 515 3534 558 nos
3562 497 3672 559 ἀοι
3748 532 3773 559 ι

266 591 417 649 infra
468 611 529 667 p.
582 594 704 651 437.
764 595 914 650 Vera
962 596 1129 650 recta:
1177 592 1313 649 fidei
1369 593 1656 649 confessio
1702 592 1919 649 tradita

270 684 435 741 nobis
466 701 503 740 α
532 702 704 759 papa,
736 684 945 750 Leone,
980 684 1132 739 inter
1161 688 1392 739 sanctos
1414 683 1752 738 constituto.

456 774 836 831 Cassiodorius
864 776 924 829 in
949 774 1301 846 Expositione
1329 773 1530 845 psalmi
1560 789 1681 827 va.

332 863 448 920 Leo
482 882 636 938 papa
665 865 735 920 ad
767 863 1085 919 Favianum
1133 863 1416 929 scribens,
1450 862 1662 917 Doctor
1688 863 1916 934 aposto-

261 951 433 1021 licus,
463 953 627 1023 dicit,
658 958 767 1010 etc.

493 1042 788 1099 Faeundus
817 1042 1242 1109 Hermianensis,
1272 1041 1370 1097 lib.
1403 1057 1505 1109 κη,
1536 1055 1585 1095 e.
1616 1042 1669 1094 2.

330 1131 476 1199 Quis
496 1131 677 1205 hujus
709 1131 955 1188 Romani
978 1130 1259 1187 antistitis
1278 1130 1530 1199 (Leonis)
1568 1127 1911 1201 gravitatem

263 1240 376 1279 non
407 1222 683 1295 pradicet
703 1221 730 1277 ?
759 1221 900 1286 Quis
930 1225 1152 1277 tantam
1167 1218 1556 1276 constantiam
1590 1234 1704 1273 non
1735 1216 1914 1271 hono-

261 1311 393 1368 ret?
423 1312 656 1368 Movere
678 1311 837 1367 hunc
867 1313 1064 1383 posset
1095 1308 1212 1365 ullo
1265 1308 1438 1364 modo
1479 1306 1775 1363 saecularis
1809 1322 1909 1377 po-

261 1403 446 1457 testas
502 1418 535 1456 a
585 1399 872 1457 sententia
901 1416 1015 1454 non
1064 1396 1414 1454 retractandi
1456 1413 1582 1469 quae
1629 1393 1911 1451 divinitus

259 1489 491 1546 fuerant
506 1489 828 1546 constituta
848 1488 930 1560 (in
965 1487 1209 1544 concilio
1230 1484 1707 1556 Chalcedonensi)
1732 1500 1905 1556 quem

258 1578 641 1652 corporaliter
669 1578 794 1635 loco
825 1594 1056 1634 movere
1085 1594 1202 1632 non
1232 1574 1460 1649 potuit?

264 1689 499 1759 Vigilius
542 1704 690 1759 papa
730 1689 795 1742 in
825 1684 1296 1759 constituto_die_i
1334 1700 1413 1738 vn
1453 1680 1911 1759 k_al.Martiarup_z

322 1752 489 1885 ang;
526 1752 635 1815 554
666 1763 794 1814 tom.
853 1757 928 1813 VI
978 1756 1183 1813 Coneil.
1245 1756 1368 1810 Ven.
1428 1753 1558 1823 edit,
1614 1769 1744 1825 pag.
1805 1752 1911 1807 305

322 1849 383 1886 η.
495 1872 509 1885 .

322 1941 471 1996 Tam
501 1938 767 2013 praclari
823 1935 1117 2011 pontificis
1165 1939 1343 2007 atque
1399 1931 1674 1997 doctoris,
1728 1930 1783 1986 id
1816 1933 1906 1986 est

254 2030 409 2087 beati
440 2029 674 2096 Leonis,
706 2027 1014 2102 epistolam
1040 2029 1237 2100 aperto
1267 2024 1365 2098 pia
1417 2024 1694 2095 dogmata
1721 2019 1905 2076 conti-

255 2124 518 2189 nentem,
551 2123 665 2175 etc.

488 2231 555 2285 S.
590 2226 878 2298 Gregorius
901 2240 1049 2297 papa
1075 2225 1135 2279 in
1164 2224 1321 2293 epist.
1355 2221 1428 2276 52
1450 2219 1584 2275 libri
1614 2234 1671 2273 IX

326 2316 733 2374 Sanctissima:
776 2314 1028 2371 Orientis
1079 2311 1345 2368 Ecclesiae
1397 2326 1514 2364 uno
1545 2323 1747 2373 sensu,
1794 2322 1912 2361 una

258 2408 542 2479 doctrina,
587 2407 763 2463 ﬁdem
795 2405 1059 2478 ejusdem
1092 2405 1305 2459 sanctae
1354 2396 1647 2456 memoriae
1700 2395 1909 2452 Leonis

261 2502 473 2553 tenent.

260 2611 312 2666 S.
358 2611 632 2666 Maximus
677 2606 983 2662 Grecorum
1009 2600 1287 2668 theologus
1327 2600 1387 2654 in
1428 2596 1672 2669 spiritali
1709 2610 1773 2669 ae
1813 2592 1908 2669 do-

306 2683 537 2754 gmatieo
567 2684 708 2736 temo
738 2681 928 2733 contra
959 2666 1207 2731 Heraclii
1239 2666 1586 2741 imperatoris
1618 2666 1891 2723 Eethesin.

329 2774 551 2845 Magum
583 2770 857 2825 Romana:
898 2762 1161 2821 Ecclesia;
1184 2760 1451 2826 antistes,
1482 2758 1570 2815 vir
1602 2756 1905 2814 fortissimi

264 2860 507 2934 pectoris
536 2856 1070 2927 sanctissimusque
1102 2853 1237 2908 Leo.

268 2968 568 3025 Hadrianus
617 2966 642 3021 Ι
696 2963 766 3019 ad
821 2963 1091 3033 episcopos
1116 2975 1220 3033 per
1255 2958 1564 3033 uniuersam
1617 2955 1903 3027 Spaniam,

694 3030 929 3108 epist.'97
958 3030 1159 3088 codicis
1190 3030 1456 3086 Carolini.

336 3129 440 3185 Sed
470 3132 526 3183 et
549 3127 757 3183 beatus
786 3124 897 3179 Leo
914 3120 1183 3194 egregius
1205 3134 1355 3191 papa
1376 3123 1553 3190 atque
1572 3114 1904 3188 praecipuus

2026 590 2164 659 cuit,
2199 595 2306 648 etc.

2024 710 2276 765 Nieolaus
2303 711 2328 765 ι
2348 726 2495 782 papa
2519 710 2579 764 in
2607 711 2767 780 epist.
2806 707 2875 763 ad
2909 708 3222 765 Michaelem
3251 710 3660 781 imperatorem.

2096 824 2159 879 In
2182 823 2788 895 Ephesinolatrocinio
2815 823 3041 880 cunctis
3058 822 3407 896 praesulibus
3432 826 3489 879 et
3517 821 3665 895 ipsis

2024 929 2256 985 quoque
2270 913 2621 985 patriarchis
2641 912 3099 985 prolabentibus,
3119 912 3234 967 nisi
3263 912 3663 985 MagnusLeo,

2025 1000 2289 1057 imitatur
2317 1001 2537 1058 scilicet
2566 1002 2773 1058 Leonis
2807 1001 2964 1057 illius
2981 1002 3052 1057 de
3082 1018 3198 1074 quo
3229 997 3510 1073 scriptum
3551 1004 3665 1068 est,

2028 1090 2162 1146 Vicit
2191 1092 2293 1147 Leo
2318 1091 2383 1146 de
2412 1093 2560 1147 tribu
2586 1092 2748 1157 Iuda,
2786 1091 3067 1147 divinitus
3097 1089 3405 1156 excitatus,
3439 1105 3504 1144 os
3535 1105 3669 1161 ape-

2021 1179 2197 1241 riens,
2230 1183 2416 1235 totum
2450 1181 2648 1236 orbem
2674 1185 2731 1236 et
2770 1182 3065 1255 Augustos
3096 1180 3257 1251 ipsos
3308 1180 3664 1247 concuteret,

2021 1272 2078 1322 et
2110 1268 2181 1323 ad
2215 1268 2489 1341 pietatem
2520 1273 2947 1337 commoveret;
2977 1268 3179 1341 religio
3202 1266 3536 1324 Christiana
3564 1281 3671 1339 pe-

2020 1357 2179 1413 nitus
2208 1358 2544 1414 corruisset.

2017 1464 2243 1522 Photius
2294 1464 2377 1521 CP
2426 1468 2504 1522 in.
2545 1468 2701 1538 epist.
2752 1466 2820 1551 ad
2849 1465 3161 1523 Michaelem
3194 1465 3478 1537 Bulgaria?
3501 1461 3667 1536 prin-

2742 1555 2934 1610 cipem.

2089 1627 2296 1683 Leonis
2323 1626 2679 1683 sanctissimi
2727 1644 2888 1700 papae
2934 1626 3180 1683 Romani
3228 1624 3415 1699 gloria
3446 1639 3663 1697 magna

2018 1732 2386 1790 magnusque
2417 1717 2652 1791 pietatis
2682 1734 2749 1773 ac
2779 1716 3079 1791 religionis
3109 1714 3269 1791 zelus
3317 1712 3427 1770 fuit
3455 1716 3514 1769 et
3541 1715 3663 1769 stu-

2020 1804 2206 1861 dium.

1938 1881 1986 1946 B
2014 1912 2375 1983 Menologium
2397 1914 2705 1973 Graecorum
2740 1915 2942 1970 Basilii
2988 1913 3337 1986 imperatoris
3365 1912 3527 1983 jussu
3572 1907 3662 1965 di-

2720 1995 2949 2058 gestum.

2090 2074 2201 2129 Leo
2230 2074 2560 2130 admirabili
2613 2074 2824 2131 virtute
2882 2075 3086 2140 animi,
3106 2072 3396 2148 sapientia
3436 2074 3496 2127 et
3523 2085 3662 2127 san-

2017 2162 2212 2220 ctitate
2234 2164 2535 2237 praeditus,
2567 2166 2841 2221 Romanae
2870 2163 3138 2221 Ecclesia
3189 2161 3470 2236 pontifex,
3522 2175 3666 2232 pris-

2016 2250 2360 2309 clarissimis
2390 2253 2789 2309 monumentis
2834 2253 3110 2308 virtutem
3142 2266 3332 2317 suam,
3373 2247 3663 2321 praecipue

2017 2347 2211 2397 autem
2244 2347 2461 2398 rectam
2494 2343 2668 2397 fidem
2699 2346 2974 2398 testatam
3005 2339 3259 2413 reliquit.

2243 2450 2353 2505 Αάο
2381 2451 2658 2522 episcopus
2693 2449 3010 2506 Viennensis
3043 2449 3104 2503 in
3135 2446 3418 2504 Chronico.

2087 2558 2195 2614 Leo
2217 2556 2381 2613 urbis
2396 2558 2669 2613 Romana:
2679 2554 3058 2613 beatissimus
3071 2554 3382 2627 episcopus
3392 2547 3660 2608 doctrina

2014 2647 2149 2704 fidei
2182 2646 2374 2704 clarus
2401 2647 2671 2703 habetur.

2459 2756 2701 2811 Libellus
2731 2752 3033 2827 Synodieus
3059 2769 3107 2809 ε.
3130 2753 3220 2809 94.

2085 2848 2195 2902 Leo
2226 2846 2420 2902 Romae
2455 2861 2624 2916 papa,
2652 2842 2930 2915 apostolis
2951 2842 3297 2915 aequandus.

2082 2934 2209 2990 Alia
2238 2934 2469 3003 antiqua
2488 2932 2796 2988 testimonia
2823 2932 3029 3001 partim
3057 2931 3120 2985 in
3156 2928 3399 3001 epistolis
3429 2927 3500 2984 ad
3526 2931 3661 2984 Leo-

2010 3039 2136 3079 nem
2164 3024 2403 3095 scriptis,
2453 3022 2666 3093 partim
2712 3022 2774 3075 in
2814 3018 3297 3088 admonitionibus,
3343 3016 3662 3090 praesertim

2009 3112 2080 3168 ad
2103 3114 2268 3183 epise.
2300 3113 2505 3167 inserta
2536 3111 2912 3167 inveniuntur.

284 3273 3668 3327 ΜΨ

1726 3443 2209 3549 SANGT]

585 3687 1934 3924 LEONIS
2164 3676 3337 3939 MAGNI

1404 4042 1840 4133 ROMANI
1896 4036 2523 4128 PONTIFICIS

863 4242 1641 4407 OPERUM
1768 4232 3048 4394 GENUINORUM

1578 4484 1892 4580 PARS
1960 4482 2352 4577 PRIMA

1802 4686 2119 4729 CONTINENS

1398 4849 1473 4915 s.
1560 4822 1903 4915 PATRIS
1979 4842 2514 4910 SERMONES.

1650 5147 2259 5236 PR/EFATIO-

445 5346 525 5409 De
551 5364 688 5407 mss.
719 5338 981 5424 fontibus
1008 5354 1084 5398 ex:
1124 5331 1331 5416 quibus
1353 5328 1712 5411 prodierunt
1739 5346 1809 5389 ac
1828 5326 2204 5409 potissimum
2223 5321 2578 5388 emendandi
2622 5330 2765 5383 sunt
2789 5336 3078 5383 sermones
3126 5315 3201 5379 S.
3247 5309 3478 5375 Leonis.

352 5500 394 5554 1.
411 5500 523 5555 Duo
537 5491 861 5553 universim
878 5493 1017 5547 sunt
1030 5481 1418 5557 manuscripti
1439 5483 1630 5539 fontes
1654 5497 1723 5536 ex
1739 5479 1958 5552 quibus
1969 5484 2309 5536 sanctorum
2329 5478 2572 5534 Patrum
2598 5488 2898 5531 sermones
2914 5469 3195 5542 attingere
3219 5481 3324 5557 seu
3346 5463 3666 5521 emendare

289 5584 704 5656 licet,nimirum
733 5579 1114 5639 ecclesiarum
1146 5553 1506 5631 Lectionaria
1520 5586 1589 5627 ex
1606 5569 1900 5626 variorum
1931 5572 2266 5626 sanctorum
2300 5564 2670 5625 sermonibus
2687 5561 3067 5632 compacta,et
3096 5553 3419 5629 peculiares
3448 5567 3670 5610 sermo-

291 5694 417 5736 num
448 5671 699 5750 alicujus
732 5670 921 5730 sancti
952 5665 1343 5726 collectiones.
