4092 6178
413 357 531 449 r19
1234 386 1774 451 PREFATIOIN
1821 385 2242 453 SERMONES
2287 389 2351 453 s.
2400 377 2680 455 LEONIS
2721 383 3000 458 MAGNI.
3697 391 3813 458 no

1833 549 2066 606 CAPUT
2101 509 2409 608 PRIMUM.

1265 639 1338 695 De
1367 639 1722 695 Lectionariis
1749 641 1899 707 mss.,
1927 639 2108 710 primo
2134 641 2286 712 fonte
2320 655 2630 696 sermonum
2658 641 2716 696 5.
2749 642 2960 699 Leonis.

547 755 577 831 ἔ
606 755 656 812 l.
691 758 766 810 De
798 753 1292 811 Lectionariorum
1325 754 1673 826 antiquitate
1704 759 1759 810 et
1786 754 2142 828 praestantia.
2184 756 2413 828 Quanta
2442 755 2834 813 sollicitudine
2873 758 2979 815 hos
3019 759 3248 816 codices
3279 758 3706 832 quaesierimus.

488 890 540 946 2.
580 887 938 944 Lectionaria
959 886 1304 958 antiquioris
1332 886 1575 958 originis
1607 902 1734 942 esse
1748 885 1954 942 solent.
1975 886 2182 943 Paucis
2211 887 2368 942 enim
2401 889 2585 944 sancti
2609 890 2852 962 contigit
2881 892 3034 964 quod
3065 893 3165 948 SS.
3198 893 3436 960 Zenoni,
3468 894 3815 962 Gaudentio,

427 982 484 1035 et
515 979 679 1034 Petro
706 977 1153 1051 Chrysologo,ut
1173 992 1512 1032 sermonum
1545 974 1910 1031 collectiones
1943 975 2282 1032 auctoribus
2311 977 2562 1049 aaquales
2589 977 2676 1033 vel
2692 979 2858 1051 quasi
2889 981 3140 1053 mquales
3162 983 3232 1037 ad
3267 999 3372 1038 nos
3402 999 3590 1054 usque
3620 998 3816 1056 perve-

409 1068 644 1127 derint:
675 1069 851 1140 idque
882 1065 954 1121 iis
987 1067 1130 1121 forte
1161 1065 1372 1121 accidit
1403 1082 1652 1137 quorum
1684 1081 1984 1120 sermones
2011 1065 2070 1119 in
2103 1065 2465 1121 Lectionaria
2495 1066 2958 1140 haudquaquam
3003 1071 3276 1138 traducti,
3323 1070 3372 1127 si
3421 1070 3816 1144 peculiaribus

415 1158 858 1218 collectionibus
889 1173 1002 1211 non
1035 1155 1284 1211 fuissent
1316 1154 1610 1219 custoditi,
1643 1153 1972 1225 periissent.
2005 1156 2077 1208 At
2107 1170 2241 1208 cum
2270 1171 2384 1209 non
2418 1154 2601 1211 multo
2615 1162 2745 1228 post
2770 1159 3023 1214 auctoris
3051 1163 3298 1215 mortem
3321 1177 3620 1216 sermones
3639 1163 3815 1216 tanta;

409 1248 778 1308 auctoritatis
808 1263 872 1302 ac
892 1244 1244 1301 celebritatis
1275 1245 1456 1311 fuere,
1482 1248 1546 1299 ut
1576 1243 1728 1314 apud
1747 1242 2049 1297 universas
2070 1242 2183 1298 fere
2205 1241 2492 1298 Ecclesiae
2518 1243 2574 1298 in
2603 1246 2962 1302 Lectionaria
2979 1247 3164 1315 relati,
3181 1249 3333 1304 inter
3358 1249 3552 1305 officia
3580 1249 3816 1322 publica

413 1341 785 1415 legerentur:
819 1341 958 1391 tunc
985 1334 1071 1390 vel
1107 1334 1279 1389 nullae
1311 1333 1680 1389 collsctiones
1706 1332 1889 1398 factae,
1909 1329 1997 1387 vel
2029 1331 2078 1387 si
2100 1348 2229 1403 quae
2266 1331 2424 1386 facta:
2441 1333 2932 1406 fuerunt,sensim
2953 1336 3174 1408 periere
3206 1356 3220 1394 :
3254 1354 3388 1394 cum
3406 1338 3561 1394 enim
3585 1355 3810 1410 omnes,

412 1435 517 1490 aut
547 1431 662 1485 fere
683 1441 886 1484 omnes
917 1440 1216 1480 sermones
1248 1423 1306 1477 in
1340 1420 1728 1476 Ecclesiarum
1758 1418 1925 1475 libris
1948 1423 2339 1484 servarentur,
2359 1420 2569 1477 horum
2584 1422 2981 1480 collectionem
3013 1426 3331 1498 separatim
3353 1427 3681 1484 describere
3713 1444 3814 1483 su-

412 1520 702 1596 perﬂuum
722 1515 1049 1570 videbatur.
1083 1513 1166 1567 Ita
1185 1510 1494 1585 Augustini
1527 1525 1848 1578 sermones,
1882 1526 2005 1576 seu,
2040 1509 2125 1564 uti
2181 1509 2564 1579 vocabuntur,
2597 1514 2901 1581 tractatus,
2950 1513 3010 1569 in
3037 1514 3387 1571 bibliotheca
3431 1516 3815 1589 Hispanensis

410 1607 677 1668 Ecclesiae
709 1604 907 1676 aliqua
936 1601 1201 1658 fortassis
1219 1601 1365 1657 serie
1379 1599 1692 1670 dispositos
1705 1598 1965 1654 extitisse
1980 1597 2278 1654 Possidius
2293 1599 2644 1655 subindicat.
2671 1601 2733 1656 In
2760 1603 3072 1675 Augustini
3095 1604 3249 1660 enim
3263 1603 3397 1661 Vita
3425 1621 3474 1661 c.
3498 1606 3562 1661 18
3575 1607 3817 1678 perinde

411 1701 661 1773 loquens
682 1698 755 1752 de
772 1692 1121 1750 tractatibus
1151 1707 1216 1746 ac
1248 1691 1318 1745 de
1348 1689 1570 1746 caeteris
1600 1691 1654 1742 S.
1689 1686 1942 1743 doctoris
1974 1687 2411 1760 operibus,quze
2431 1705 2573 1744 sane
2604 1689 2660 1743 in
2693 1690 2988 1748 distinctis
3017 1693 3316 1750 codicibus
3361 1695 3814 1761 continebantur

414 1789 678 1848 omnium
709 1781 1030 1840 indiculum
1065 1797 1126 1836 se
1157 1778 1478 1851 subjecisse
1509 1777 1856 1843 afﬁrmat,ut
1883 1777 1991 1832 sibi
2019 1778 2242 1848 quisque
2271 1777 2503 1833 voluerit
2533 1778 2603 1833 ad
2635 1778 2917 1850 legendum
2945 1786 2998 1837 et
3023 1784 3445 1854 cognoscendum
3469 1786 3655 1858 eligat,
3689 1791 3740 1843 el
3761 1787 3818 1843 id

410 1881 484 1939 ad
508 1873 917 1935 describendum
944 1870 1026 1926 vel
1057 1869 1120 1925 de
1153 1869 1475 1924 bibliotheca
1505 1867 1866 1938 Hipponensis
1898 1867 2146 1921 Ecclesiae
2171 1869 2337 1944 petat,
2392 1867 2490 1922 ubi
2546 1869 2921 1926 emendatiora
2978 1875 3120 1944 forte
3173 1876 3513 1946 exemplaria
3563 1879 3823 1948 poterunt

409 1967 674 2033 inveniri,
702 1963 785 2018 vel
815 1959 958 2016 unde
987 1959 1241 2025 voluerit,
1277 1958 1544 2028 inquirat,
1573 1963 1624 2012 et
1657 1956 1878 2011 inventa
1905 1953 2192 2011 describat.
2218 1955 2633 2011 Vetustissima
2663 1961 2859 2015 tamen
2899 1961 3188 2032 ejusmodi
3211 1963 3565 2038 exemplaria
3593 1967 3818 2024 deside-

410 2061 636 2116 rantur.
672 2054 816 2109 Tres
845 2047 1001 2106 enim
1026 2046 1383 2119 antiquiores
1406 2062 1532 2118 quae
1565 2047 1881 2116 supersunt
1929 2043 2296 2100 collectiones
2329 2061 2666 2101 sermonum
2707 2051 2761 2101 8.
2799 2049 3110 2122 Augustini
3158 2051 3225 2106 de
3256 2053 3454 2113 Verbis
3481 2055 3721 2126 Domini,
3751 2057 3818 2113 de

410 2147 592 2206 Verbis
627 2140 892 2214 Apostoli,
915 2137 1333 2194 eth-omiliarum
1363 2135 1786 2208 quinquaginta,
1818 2136 1884 2188 ut
1914 2133 2300 2188 observarunt
2329 2133 2653 2189 doctissimi
2688 2135 2884 2192 Patres
2914 2137 3162 2193 Maurini
3188 2139 3246 2194 in
3268 2141 3566 2212 przefat.ad
3583 2147 3809 2202 tomum

406 2235 622 2309 'V,licet
649 2233 708 2305 in
733 2246 878 2286 mss.
913 2226 1378 2297 octingentorum
1407 2239 1695 2280 annorum
1711 2221 2553 2294 etampliusreperiantur,non
2568 2227 2764 2281 tamen
2791 2227 3116 2298 Augustino
3139 2229 3393 2301 aequales
3411 2233 3568 2288 credi
3597 2241 3818 2305 queunt

394 2343 522 2383 non
554 2321 745 2378 solum
776 2317 916 2391 quia
942 2332 1143 2372 earum
1177 2312 1474 2370 Possidius
1504 2330 1617 2368 non
1651 2311 1937 2379 meminit,
1972 2311 2072 2366 sed
2097 2311 2419 2383 presertim
2447 2312 2586 2383 quia
2615 2315 3004 2387 supposititiis
3028 2333 3146 2373 non
3177 2323 3396 2374 carent.
3429 2320 3493 2376 In
3511 2321 3810 2392 Lectiona-

404 2415 513 2481 ria,
546 2409 828 2484 nimirum
853 2407 981 2477 ejus
1013 2419 1314 2474 sermones
1343 2402 1598 2474 sparsim
1630 2399 1904 2466 traducti,
1935 2399 2342 2455 collectionum
2391 2400 2909 2459 describendarum
2936 2403 3193 2462 laborem
3223 2407 3536 2466 sustulere.
3569 2411 3645 2466 Ex
3676 2413 3813 2479 Lac-

403 2499 653 2562 tionaris
683 2500 878 2552 autem
908 2497 1028 2549 tres
1061 2494 1392 2555 memoratae
1425 2490 1792 2546 collectiones
1824 2488 2112 2561 posterius
2144 2488 2379 2544 fuerunt
2408 2489 2665 2562 digestae,
2695 2507 2761 2546 ac
2792 2491 3067 2565 deinceps
3106 2493 3202 2549 alii
3234 2511 3534 2554 sermones
3565 2516 3633 2556 ex
3679 2500 3813 2558 aliis

403 2586 759 2650 Lectionaris
791 2582 1065 2655 descripti
1098 2579 1543 2653 Augustinianis
1572 2578 1781 2652 adjecti
1812 2578 2047 2632 fuerunt
2075 2577 2135 2632 in
2161 2577 2516 2633 editionibus
2539 2594 2665 2650 quae
2688 2579 2937 2636 subinde
2953 2588 3387 2655 apparuerunt;
3421 2602 3526 2643 nec
3568 2588 3813 2648 deerunt

409 2679 512 2762 qui
535 2677 678 2732 alios
710 2672 973 2745 ejusdem
1005 2669 1261 2724 doctoris
1290 2683 1590 2722 sermones
1619 2683 1689 2721 ex
1721 2665 1928 2720 iisdem
1960 2664 2243 2722 fontibux
2273 2665 2535 2721 derivare
2567 2671 2802 2738 queant,
2855 2668 3027 2724 sicuti
3084 2687 3191 2728 nos
3228 2671 3435 2746 viginti
3473 2679 3530 2731 et
3555 2682 3836 2754 amplius,

409 2754 693 2844 genuinos
723 2762 784 2816 in
815 2758 1125 2816 Anecdotis
1155 2755 1545 2812 Miscellaneis
1575 2754 1890 2826 aliquando
1921 2754 2137 2809 edituri
2164 2770 2394 2810 sumus.

472 2857 528 2912 3.
559 2850 762 2910 Simile
790 2847 1091 2922 quidpiam
1125 2847 1183 2902 S.
1218 2843 1422 2900 Leonis
1454 2843 1827 2900 sermonibus
1844 2841 2127 2899 accidisse
2146 2841 2520 2898 arbitramur.
2554 2843 2719 2900 Hunc
2741 2848 3360 2919 sanctumpontiﬁcem
3393 2852 3576 2911 multo
3605 2857 3802 2915 studio

406 2958 706 3001 sermones
737 2937 1098 3001 lucubrasse,
1128 2938 1186 2990 et
1242 2932 1514 2989 accurata
1543 2948 1744 2988 eorum
1764 2930 2028 3003 exempla
2058 2931 2212 3003 apud
2231 2948 2293 2988 se
2320 2931 2632 2989 retinuisse
2664 2932 2810 2989 illud
2850 2933 3065 2992 indicio
3099 2943 3206 3004 est,
3241 2941 3398 3010 quod
3432 2940 3491 2996 in
3520 2943 3642 2999 suis
3656 2946 3798 3020 dog-

405 3030 636 3088 maticis
667 3025 950 3100 epistolis,
984 3040 1113 3095 quae
1143 3021 1217 3078 ob
1248 3021 1562 3078 sublimem
1587 3019 2456 3092 difﬁcilemqueexplicationem
2487 3022 2826 3092 dogmatum
2841 3023 2911 3078 de
2940 3023 3155 3096 quibus
3171 3027 3466 3100 disseruit,
3487 3019 3806 3093 maximam

403 3137 520 3177 non
550 3123 671 3174 tam
702 3113 1128 3171 sententiarum
1150 3127 1334 3182 quam
1365 3111 1673 3165 verborum
1702 3107 2032 3164 cautionem
2056 3110 2113 3162 et
2151 3106 2440 3164 delectum
2491 3109 2856 3180 ﬂagitabant,
2891 3114 3156 3184 quaedam
3188 3132 3257 3172 ex
3289 3120 3658 3178 sermonibus
3688 3141 3806 3180 non

395 3207 615 3282 exigua
635 3205 959 3276 fragmenta
988 3200 1320 3256 inseruerit.
1341 3199 1470 3254 Haec
1501 3201 1695 3252 autem
1727 3213 2067 3252 sermonum
2097 3197 2461 3269 autographa
2490 3198 2845 3270 exemplaria
2877 3199 2936 3256 in
2967 3203 3196 3260 archivo
3229 3207 3545 3277 apostolico
3577 3211 3806 3271 diutius

394 3277 587 3352 inisse
616 3289 927 3358 custodita,
961 3288 1228 3344 dubitare
1250 3304 1365 3342 non
1398 3287 1550 3341 licet.
1584 3286 1728 3341 Cum
1767 3301 1902 3340 vero
1926 3302 2027 3357 pro
2072 3286 2413 3341 auctoritate
2443 3303 2508 3340 ac
2540 3287 2872 3344 celebritate
2903 3292 3156 3348 auctoris
3193 3298 3250 3348 et
3271 3311 3410 3350 cura
3434 3298 3713 3370 peculiari
3745 3303 3826 3372 in.

405 3377 1113 3440 sermonibuslucubrand
1125 3376 1174 3431 is
1190 3376 1268 3443 hi,
1279 3376 1449 3448 paulo
1469 3378 1599 3448 post
1617 3372 1824 3429 Leonis
1845 3373 2092 3441 obitum,
2113 3374 2171 3428 in
2188 3373 2564 3430 Lectionariis
2578 3375 2973 3434 Romanarum
2986 3380 3375 3438 Ecclesiarum
3391 3384 3542 3442 inter
3556 3388 3806 3448 aliorum

402 3476 739 3532 sanctorum
771 3481 1070 3524 sermones
1096 3465 1344 3520 fuissent
1373 3463 1728 3536 transcripti,
1762 3466 1819 3518 et
1837 3462 2046 3518 exinde
2076 3462 2430 3518 transissent
2471 3463 2530 3518 in
2585 3464 2809 3522 similes
2863 3468 3090 3526 codices
3137 3470 3385 3528 aliarum
3420 3475 3809 3537 Ecclesiarum

394 3561 578 3619 totius
607 3554 974 3618 Occidentis;
1007 3553 1144 3609 hinc
1169 3553 1388 3608 factum
1420 3552 1530 3608 fuit
1559 3555 1623 3608 ut
1642 3551 1980 3607 eorumdem
2011 3567 2348 3606 sermonum
2380 3550 2438 3607 in
2475 3551 2671 3625 aliquo
2719 3562 2984 3628 separato
3027 3557 3320 3617 volumine
3349 3562 3810 3637 colligendorum

397 3666 540 3706 cura
569 3645 896 3719 antiquitus
925 3643 1194 3700 defuerit.
1219 3645 1407 3709 Quare
1437 3640 1583 3696 nihil
1616 3641 1832 3696 mirum
1856 3641 1904 3696 si
1924 3639 2400 3713 Gennadius,qui
2454 3647 2741 3698 memorat
2771 3661 3068 3702 sermones
3089 3651 3144 3702 S.
3178 3648 3414 3706 Maximi
3432 3653 3816 3716 Taurinensis

392 3739 458 3796 in
489 3740 696 3804 Leone,
731 3753 780 3792 c.
810 3735 901 3802 70,
935 3731 1159 3788 nullam
1191 3732 1456 3804 ejusdem
1488 3746 1828 3786 sermonum
1855 3727 2210 3784 mentionem
2255 3728 2392 3783 facit
2425 3744 2437 3783 :
2473 3729 2732 3802 aliquam
2776 3734 2933 3788 enim
2989 3734 3224 3792 Maximi
3264 3754 3602 3798 sermonum
3643 3751 3809 3802 vetu-

393 3826 720 3883 stissimam
747 3819 1403 3888 collectionem,nullam
1436 3823 1629 3875 autem
1656 3817 1864 3873 Leonis
1895 3815 2142 3884 invenit,
2176 3832 2280 3872 nec
2304 3818 2374 3872 ad
2409 3818 2851 3877 Lectionariain
2884 3822 3199 3894 qumhujus
3228 3841 3530 3886 sermones
3561 3833 3811 3892 traducti

392 3915 625 3972 fuerant
652 3912 851 3970 oculos
883 3927 947 3966 ac
975 3913 1232 3966 mentem
1263 3908 1536 3964 intendit.

462 4005 516 4058 4.
551 4003 758 4059 Fontes
781 4001 962 4075 igitur
989 3998 1337 4054 vetustiores
1369 3997 1671 4069 exquibus
1703 3994 1909 4051 Leonis
1938 4009 2240 4051 sermones
2272 3993 2344 4050 ad
2386 4010 2492 4050 nos
2533 4004 2940 4066 pervenerunt,
2973 4006 3113 4057 sunt
3142 4002 3387 4077 antiqua
3417 4006 3800 4065 Lectionaria.

386 4094 470 4147 Ex
499 4091 593 4166 his
624 4107 765 4146 sane
795 4105 892 4144 eos
923 4086 1251 4158 allegarunt
1281 4085 1415 4141 noni
1449 4083 1646 4141 saeculi
1691 4082 2026 4154 scriptores,
2077 4081 2426 4139 Hincmarus
2470 4083 2796 4154 Remensis,
2839 4086 3143 4162 Remigius
3193 4096 3622 4166 Lugdunensis,
3667 4097 3808 4153 Pru-

389 4161 623 4236 dentius
653 4177 1067 4242 Tricassimus,
1099 4193 1164 4231 ac
1197 4174 1518 4247 praesertim
1553 4172 1772 4229 Florus.
1805 4176 1861 4226 Is
1893 4169 2196 4240 nimirum,
2230 4170 2330 4242 qui
2378 4172 2438 4226 in
2490 4189 2633 4229 mss.
2687 4161 3058 4234 collectaneis
3099 4180 3169 4236 ad
3205 4161 3365 4237 Pauli
3400 4161 3702 4257 epistolas,
3742 4186 3802 4242 in

386 4267 696 4326 Carthusia
726 4263 930 4338 Majori
955 4263 1584 4336 custoditis,integrum
1617 4262 1867 4316 duarum
1899 4264 1956 4316 et
1977 4259 2278 4332 sexaginta
2308 4258 2636 4333 ingentium
2649 4262 3328 4337 columnarumlibrum,
3351 4273 3805 4343 compendiariis

387 4357 544 4413 notis
568 4355 876 4427 scriptum,
921 4369 991 4408 ex
1037 4351 1248 4407 Leonis
1303 4350 1658 4407 testimoniis
1717 4348 1981 4421 digessit,
2039 4364 2381 4404 sermonum
2430 4349 2759 4422 fragmenta
2787 4370 2856 4408 ex
2907 4355 3284 4414 Lectionariis
3325 4359 3806 4419 manifestissime

388 4446 700 4517 excerpsit,
730 4441 916 4498 utitur
946 4440 1101 4496 enim
1130 4439 1338 4495 iisdem
1371 4439 1573 4495 ordine
1605 4455 1672 4495 ac
1705 4436 1890 4493 titulis
1913 4453 2068 4510 .quos
2101 4436 2159 4492 in
2192 4436 2574 4494 Lectionariis
2595 4439 2850 4496 basilicas
2870 4442 2928 4497 S.
2955 4443 3105 4499 Petri
3139 4445 3497 4503 invenimus.
3523 4451 3669 4506 Ante
3698 4451 3807 4509 hos

384 4549 592 4607 omnes
623 4531 832 4586 iisdem
868 4527 1246 4584 Lectionariis
1286 4543 1429 4581 usus
1461 4531 1547 4582 est
1579 4526 1794 4582 Paulus
1829 4525 2118 4582 Diaconus
2149 4524 2208 4580 in
2238 4524 2600 4596 Homiliario,
2643 4529 2701 4584 in
2738 4545 2853 4601 quo
2885 4529 3084 4602 plures
3117 4532 3326 4590 Leonis
3357 4551 3662 4595 sermones
3696 4556 3802 4612 pro

381 4623 666 4679 festorum
696 4617 921 4672 ratione
950 4614 1282 4687 descripsit.

448 4707 505 4762 5.
540 4705 743 4760 Plures
764 4703 822 4759 id
854 4718 1041 4776 genus
1073 4707 1129 4759 et
1159 4701 1677 4774 praestantissimos
1708 4702 1957 4768 codices,
1982 4703 2082 4774 qui
2128 4698 2417 4759 diversam
2469 4703 2758 4777 originem
2810 4709 3126 4778 praeferunt
3153 4709 3366 4779 videre,
3405 4716 3463 4769 et
3501 4713 3805 4774 consulere

375 4793 544 4850 licuit
573 4793 632 4848 in
663 4791 1034 4848 bibliothecis
1066 4791 1344 4847 Romanis
1374 4791 1672 4858 Vaticana,
1706 4791 1959 4848 basilicae
1991 4791 2054 4846 S.
2083 4791 2256 4859 Petri,
2291 4791 3072 4870 Vallicellana,etChigiana,
3093 4797 3152 4852 in
3167 4799 3403 4856 Venetis
3433 4800 3490 4856 S.
3521 4801 3719 4868 Marci,
3743 4810 3804 4860 et

376 4883 437 4939 S.
473 4881 733 4955 Gregorii
763 4880 1022 4953 Majoris,
1046 4881 1105 4934 in
1138 4881 1429 4936 Patavinis
1461 4881 1882 4937 monachorum
1914 4881 1972 4936 S.
1999 4880 2269 4947 Justinze,
2304 4883 2775 4941 conventualium
2827 4886 2886 4941 S.
2919 4886 3175 4957 Antonii,
3223 4893 3281 4944 et
3339 4889 3798 4949 eremitanorum

373 4969 476 5028 SS.
507 4969 756 5044 Philippi
786 4975 842 5026 et
870 4969 1092 5037 Jacobi,
1125 4969 1183 5024 in
1217 4969 1567 5026 Vercellensi
1592 4968 2166 5042 Eusebianacapituli
2190 4969 2632 5039 cathedralis,in
2669 4973 2849 5046 Regia
2880 4975 3249 5046 Taurinensi,
3278 4977 3338 5033 in
3373 4977 3804 5045 Padilironenei

373 5061 779 5118 Casinensium
809 5063 864 5113 S.
893 5058 1209 5126 Benedicti,
1237 5059 1297 5114 in
1332 5059 1703 5130 Bergomensi
1737 5059 1796 5114 S.
1839 5057 2148 5114 Alexandri
2181 5059 2238 5114 in
2271 5060 2574 5129 Columna,
2609 5077 2673 5115 ac
2687 5063 2924 5118 tandem
2958 5063 3018 5118 in
3050 5069 3251 5120 nostra
3293 5065 3602 5139 capitulari
3622 5067 3802 5128 Vero-

371 5149 652 5206 nensi.Ex
669 5146 757 5202 his
775 5149 990 5202 mss.ut
1003 5151 1134 5217 pote
1148 5146 1580 5218 antiquioribus
1595 5163 1934 5201 sermonum
1951 5147 2207 5203 fontibus
2221 5147 2519 5216 lectiones,
2543 5165 2643 5204 seu
2664 5147 2979 5204 lectionum
2997 5152 3389 5209 correctiones
3417 5153 3808 5226 potissimum-

371 5236 668 5292 sumendze
699 5240 888 5310 erunt.
923 5233 1291 5302 Ouesnellus,
1324 5234 1421 5306 qui
1445 5235 1654 5290 horum
1687 5235 1954 5289 codicum
1985 5237 2379 5307 praestantiam
2413 5241 2469 5292 et
2489 5235 2887 5310 antiquiorem
2913 5237 3202 5310 originem
3233 5257 3415 5314 supra
3444 5258 3588 5298 mss.
3625 5241 3802 5298 colle-

369 5323 590 5380 ctiones
611 5323 1022 5396 deprehendit(
1031 5327 1096 5377 ut
1120 5325 1279 5394 patet
1292 5339 1359 5377 ex
1388 5323 1517 5394 ejus
1539 5321 1874 5394 praefatione
1890 5325 2167 5394 generali,
2193 5329 2327 5381 ante
2350 5326 2653 5396 medium),
2675 5322 2734 5378 in
2749 5325 3469 5390 recolendissermonibus
3494 5331 3817 5390 Lectiona-"

366 5410 470 5467 riis
503 5410 825 5483 plurimum
851 5411 1230 5468 deferendum
1263 5410 1530 5483 agnovit:
1567 5427 1632 5465 ac
1661 5410 1962 5482 praecipuas
1987 5423 2192 5464 eorum
2224 5409 2688 5476 emendationes,
2715 5427 2863 5482 quas
2892 5413 2954 5468 in
2986 5418 3207 5470 textum
3235 5415 3485 5487 induxit,
3519 5416 3612 5473 his
3642 5434 3796 5493 mss.

366 5499 670 5573 debentur.
706 5502 770 5557 At
791 5503 848 5557 id
884 5499 1240 5557 incommodi
1270 5499 1327 5553 in
1360 5499 1651 5570 ejusmodi
1683 5499 1848 5554 libris
1878 5501 2169 5570 expertus,
2203 5498 2343 5568 quod
2360 5513 2470 5554 non
2507 5515 2696 5554 omnes
2723 5502 3037 5557 contineant
3066 5520 3360 5573 sermones,
3412 5505 3549 5562 alii
3573 5508 3800 5578 quidem

363 5587 596 5658 aliquos,
632 5589 722 5643 illi
752 5591 890 5645 alios
905 5606 1006 5660 pro
1031 5589 1244 5643 diverso
1265 5589 1630 5642 Ecclesiarum
1660 5603 1824 5654 more,
1852 5601 2091 5658 quarum
2117 5589 2244 5640 usui
2269 5587 2530 5660 descripti
2555 5592 2726 5650 sunt;
2757 5589 2890 5645 adeo
2921 5595 2982 5646 ut
3001 5593 3270 5650 immisti
3283 5598 3337 5649 et
3351 5595 3656 5652 innumera
3670 5597 3797 5668 pla-

364 5693 596 5750 rumque
628 5677 925 5734 evolvenda
957 5679 1185 5733 tibisint
1209 5677 1577 5746 volumina,ut
1603 5692 1802 5748 paucos
1831 5676 2042 5746 aliquos
2057 5690 2329 5733 sermones
2349 5677 2419 5732 ad
2446 5676 2576 5733 illos
2594 5676 3106 5738 codices‘vecmeas
3140 5681 3256 5750 :id,
3283 5681 3795 5755 inquamginpm-
