4092 6178
426 355 542 424 123
1249 352 1664 418 PREFATIO
1706 352 1787 417 IN
1832 352 2252 418 SERMONES
2296 352 2360 416 S.
2408 351 2691 418 LEONIS
2735 351 3010 420 MAGNI.
3714 349 3829 415 124

423 493 702 553 Ῥωσίαὲω
727 506 823 551 con
833 495 916 548 ’να
943 485 1556 563 Eutychianos,habitus
1584 490 1646 546 in
1668 486 1865 562 templo
1891 487 1946 545 S.
1980 486 2415 546 Anastasiallic
2437 503 2630 545 sermo
2646 492 2848 547 contra
2867 488 3257 565 Eutychianos
3286 503 3422 547 cum
3452 489 3829 545 conservatus

420 583 596 641 fuerit
620 584 679 639 in
711 598 853 638 mss.
885 578 1325 637 collectionibus
1356 580 1415 636 S.
1447 579 1675 648 Leonis,
1703 574 1861 651 quae,
1884 583 1948 635 ut
1975 578 2365 645 videbimus,e
2397 578 2769 636 Lectionariis
2790 578 3280 647 dimanant,haud
3311 577 3651 635 dubitamus
3680 575 3825 649 quin

416 672 474 728 in
503 672 699 745 aliquo
728 669 1087 726 Lectionario
1114 668 1263 725 libro
1295 668 1679 736 contineatur,
1715 684 1889 741 quem
1911 668 2198 724 hactenus
2229 666 2482 740 reperire
2510 668 2678 724 nobis
2708 686 2824 725 non
2857 669 3114 743 contigit.

488 763 573 817 lO.
608 762 671 818 Id
700 760 896 834 ipsum
929 765 1124 816 autem
1158 760 1271 815 dici
1304 776 1419 815 non
1455 776 1625 831 posse
1655 757 1951 814 credimus
1982 759 2171 830 quoad
2208 757 2353 813 alios
2403 761 2521 813 tres
2570 775 2893 825 sermones,
2925 757 3196 815 videlicet
3227 757 3500 830 quintum
3532 757 3616 813 ’de
3646 753 3827 811 natali

414 844 597 923 papas,
629 852 855 905 sextum
889 850 960 904 de
989 848 1266 914 collectis,
1302 852 1357 902 et
1383 863 1603 902 nonum
1634 846 1705 901 de
1722 840 1949 918 jejunio
1980 845 2191 901 decimi
2217 846 2460 912 mensis,
2491 846 2590 917 qui
2618 863 2686 901 ex
2716 863 2827 902 ms.
2860 846 3074 903 Nicloai
3108 845 3277 902 Fabri
3308 844 3447 901 editi
3479 847 3636 900 sunt.
3662 843 3828 899 Sicut

411 937 567 994 enim
597 939 811 995 desunt
838 938 897 992 in
927 936 1365 992 collectionibus
1388 951 1727 991 sermonum
1758 936 1816 990 S.
1838 935 2193 1006 Leonis,quaa
2223 949 2254 989 e
2284 934 2660 990 Lectionariis
2683 934 3125 1002 manarunt;ita
3148 933 3205 990 in
3232 930 3824 990 nullis.Lectionariis

412 1016 682 1084 inventos
703 1032 803 1083 aut
832 1026 1213 1081 inveniendos
1245 1023 1645 1080 censemusln
1676 1040 1793 1078 uno
1822 1022 2001 1096 igitur
2030 1024 2227 1079 codice
2257 1022 2473 1079 Nicolai
2509 1023 2676 1078 Fabri
2704 1024 2811 1080 hos
2842 1028 2961 1080 tres
2992 1040 3294 1079 sermones
3333 1021 3615 1078 contineri
3665 1025 3831 1094 puta-

412 1134 569 1187 mus,
604 1116 718 1171 nisi
747 1114 1014 1171 fortassis
1036 1114 1184 1169 alius
1206 1113 1420 1169 similis
1442 1112 1756 1184 aliquando
1778 1113 2035 1185 prodeat.
2071 1113 2172 1168 Hic
2194 1118 2389 1169 autem
2412 1112 2579 1168 Fabri
2599 1114 2798 1185 codex,
2823 1113 2921 1185 qui
2946 1113 3005 1168 in
3036 1111 3453 1168 bibliothecam
3473 1111 3830 1167 Tbuanaeam

410 1204 705 1273 Quesnelli
734 1207 901 1258 etate
931 1202 1422 1269 transierat,unde
1452 1202 1783 1257 Thuanaaus
1811 1201 1882 1256 ab
1913 1202 2112 1257 eodem
2148 1201 2493 1273 appellatur,
2540 1206 2742 1274 postea
2782 1219 2916 1258 vero
2959 1202 3019 1257 in
3068 1200 3480 1271 Colbertinam,
3530 1204 3826 1273 postremo

410 1301 607 1352 autem
640 1293 697 1349 in
730 1292 967 1365 Regiam
996 1290 1381 1347 Parisiensem
1418 1289 1875 1363 migravit,varia
1894 1291 2131 1346 Patrum
2156 1289 2437 1363 opuscula
2454 1291 2817 1348 continet.De
2830 1291 2940 1347 hoc
2967 1292 3093 1347 fuse
3120 1291 3240 1365 agit
3259 1290 3475 1363 Joseph
3496 1288 3826 1345 Antelmius

408 1384 552 1440 diss.
582 1385 637 1439 6.
671 1384 746 1438 De
773 1383 916 1438 veris
946 1381 1198 1453 operibus
1224 1380 1322 1436 SS.
1354 1381 1546 1435 Leonis
1575 1387 1625 1435 et
1652 1381 1909 1452 Prosperi
1939 1397 1996 1435 n.
2052 1381 2086 1435 4
2133 1384 2190 1436 et
2238 1396 2686 1453 seqq.,eumque
2732 1385 2867 1437 ante
2911 1398 3094 1438 annos
3147 1383 3471 1453 nongentos
3523 1383 3827 1435 exaratum

407 1471 750 1538 Mabillonii,
778 1470 1012 1538 Baluzii,
1047 1469 1412 1541 aliorumque
1442 1468 1762 1541 peritorum
1787 1468 2012 1540 judicio
2046 1469 2476 1525 testatur.lnter
2504 1468 2866 1525 diversorum
2898 1470 3135 1525 Patrum
3158 1466 3442 1541 opuscula
3461 1472 3577 1524 tres
3598 1466 3825 1523 laudati

407 1561 614 1619 Leonis
643 1576 942 1616 sermones
973 1558 1407 1623 describuntur,
1442 1574 1690 1629 quorum
1724 1557 1951 1630 primus
1982 1558 2221 1614 omnino
2269 1574 2506 1613 erronee
2550 1559 2827 1630 Prospero
2874 1558 3154 1614 tribuitur
3200 1558 3307 1613 hoc
3360 1556 3528 1613 titulo
3578 1575 3590 1612 :
3622 1558 3830 1630 Incipit

403 1667 580 1708 sermo
610 1650 862 1721 Prosperi
889 1648 954 1703 de
980 1648 1164 1703 natale
1188 1661 1383 1719 papae,-
1416 1645 1514 1700 alii
1546 1650 1742 1701 autem
1776 1646 1890 1701 duo
1923 1662 2222 1701 sermones
2246 1646 2329 1701 sic
2360 1645 2797 1701 inscribuntur:
2829 1648 3029 1719 Incipit
3073 1647 3138 1702 de
3179 1647 3529 1702 collectarum
3574 1645 3685 1715 die,
3719 1649 3778 1703 et
3807 1664 3828 1702 :

404 1742 601 1813 Incipit
627 1739 694 1794 de
721 1740 925 1794 mmsis
953 1737 1151 1792 decimi
1168 1735 1629 1808 jeiunio.0mnes
1659 1735 1766 1791 bos
1796 1752 2094 1791 sermones
2127 1735 2338 1791 Leonis
2359 1735 2648 1815 esse,styli
2673 1736 2816 1791 ratio
2839 1753 2903 1791 ac
2926 1735 3256 1809 argumenti
3280 1735 3825 1809 sententiarumque

404 1826 785 1886 consonantia
813 1843 944 1881 cum
977 1824 1105 1880 aliis
1136 1825 1475 1889 earumdem
1507 1822 1810 1880 titulorum
1843 1824 2213 1879 sermonibus
2246 1823 2418 1896 plane
2438 1823 2709 1880 Leoninis
2740 1823 2978 1880 omnino
3010 1822 3583 1880 evincunt.Nicolaus
3615 1824 3822 1895 Faber,

404 1919 506 1992 qui
535 1917 731 1990 ipsum
764 1914 1021 1971 codicem
1045 1913 1464 1987 possidebat,in
1495 1912 1740 1985 epistola
1765 1913 1837 1968 ad
1857 1913 2129 1969 Vossium
2152 1912 2528 1985 praepositum
2551 1912 2955 1986 Tungrensem
2977 1912 3275 1986 opusculis
3297 1913 3519 1969 inserta
3537 1912 3646 1969 hoc
3668 1912 3825 1969 idem

403 2005 671 2081 pervidit.
701 2005 778 2060 De
809 2003 997 2077 primo
1026 2002 1183 2058 enim
1216 2001 1611 2074 sermone,qui
1645 2002 1993 2074 Prosperum
2024 2002 2275 2075 przel‘ert,
2309 2001 2501 2074 inquit
2533 2020 2546 2058 :
2582 2004 2698 2076 Qui
2744 2004 3003 2073 Prospero
3061 2003 3376 2072 ascribitur,
3426 2002 3666 2074 ejusdem
3717 2018 3830 2059 esse

403 2097 641 2154 auctoris
671 2111 794 2151 cum
824 2094 1075 2164 reliquis,
1109 2099 1428 2163 argumento
1455 2095 1585 2146 sunt
1626 2090 1768 2146 mihi
1812 2091 2135 2158 similitudo,
2169 2098 2220 2147 et
2249 2090 2388 2163 quod
2438 2094 2626 2146 auctor
2667 2092 2840 2163 ipsius
2885 2091 2949 2147 de
2989 2107 3047 2147 se
3094 2092 3237 2148 velut
3278 2091 3537 2163 pontiﬁce
3585 2091 3826 2148 Romano

404 2184 929 2259 loquitur.Quamvis
958 2183 1106 2238 enim
1130 2197 1291 2254 opera
1320 2182 1577 2252 Prosperi
1607 2198 1766 2236 usum
1793 2182 1966 2251 fuisse
1993 2183 2055 2236 Β.
2089 2182 2317 2236 Leonem
2346 2180 2552 2247 dicunt,
2583 2196 2741 2235 nemo
2791 2187 2973 2236 tamen
3019 2180 3159 2235 mihi
3199 2179 3527 2253 persuadeat
3570 2180 3825 2237 disertis-

401 2278 605 2332 simum
628 2273 942 2347 pontiﬁcem
970 2271 1156 2326 aliena
1185 2270 1345 2326 verba
1378 2270 1757 2334 ementlicasse,
1789 2276 1841 2325 et
1862 2286 1964 2341 pro
1992 2271 2110 2325 suis
2140 2269 2211 2324 ad
2234 2271 2502 2341 populum
2522 2270 3097 2341 pronuntiasseldem
3127 2269 3588 2343 Antelmius,qui
3618 2269 3676 2325 in
3702 2269 3830 2327 lau-

403 2366 540 2422 data
570 2362 976 2421 dissertatione
1006 2377 1118 2416 non
1151 2363 1272 2415 tam
1303 2359 1410 2415 hos
1439 2363 1558 2416 tres
1588 2376 1766 2432 quam
1800 2376 2004 2415 omnes
2034 2358 2246 2415 Leonis
2277 2375 2579 2415 sermones
2606 2359 2888 2431 Prospero
2912 2358 3110 2431 aliqua
3129 2358 3352 2415 ratione
3374 2374 3633 2415 asserere
3654 2360 3820 2416 visus

403 2453 914 2526 fuerat,hujusque
927 2449 1145 2506 codicis
1175 2449 1617 2522 inscriptionem
1649 2449 2253 2522 ingesserat,mentcm
2282 2465 2449 2503 suam
2475 2447 2729 2520 apertius
2749 2447 3046 2520 explicans
3069 2447 3127 2503 in
3147 2447 3393 2521 epistola
3415 2448 3673 2504 secunda
3694 2447 3828 2505 Gal-

399 2543 508 2600 lice
539 2541 755 2615 scripta
789 2541 881 2597 die
907 2541 938 2594 4
965 2538 1307 2595 Novembris
1339 2556 1432 2594 an.
1470 2538 1626 2593 1689.
1660 2555 1825 2592 num.
1857 2538 1928 2592 35
1957 2541 2013 2592 et
2040 2538 2128 2601 40,
2163 2535 2464 2592 communi
2508 2535 2806 2592 sententiae
2855 2552 2973 2607 qua
3020 2536 3196 2591 Leoni
3246 2537 3610 2605 tribuuntur,
3643 2552 3820 2593 suum

402 2648 636 2705 quoque
663 2628 956 2685 calculum
987 2626 1400 2682 addidit.Unde
1431 2643 1562 2681 vero
1594 2630 1712 2680 tres
1745 2626 1804 2680 bi
1834 2625 2040 2681 Leonis
2071 2640 2372 2681 sermones
2404 2624 2514 2679 hoc
2544 2641 2661 2679 uno
2692 2625 2751 2679 in
2784 2624 3108 2697 codice,qui
3130 2624 3279 2680 nihil
3310 2628 3592 2698 praeterea
3618 2624 3823 2681 Leoni-

400 2737 545 2776 num
571 2719 763 2783 habet,
801 2715 1243 2789 reperiantur,et
1270 2731 1375 2769 cur
1405 2713 1631 2786 primus
1662 2713 1869 2770 saltem
1904 2713 2170 2786 Prosperi
2196 2730 2409 2769 nomen
2442 2712 2731 2780 exhibeat,
2765 2713 2897 2786 quis
2931 2714 3151 2769 divinet
3184 2730 3196 2769 :
3229 2713 3384 2769 Num
3415 2714 3681 2788 Prosper,
3715 2714 3825 2785 qui

400 2808 575 2865 Leoni
602 2807 848 2863 intimus
880 2804 1017 2871 fuit,
1041 2807 1100 2859 et
1128 2802 1199 2858 ab
1230 2803 1428 2859 Adone
1460 2802 1723 2860 notarius
1752 2804 1881 2874 ejus
1910 2802 2257 2870 dicitur,hos
2289 2801 2602 2874 separatim
2637 2819 2744 2859 sua
2772 2819 2951 2858 manu
2985 2801 3390 2875 descripserat,
3416 2819 3482 2859 ac
3513 2802 3573 2857 in
3605 2800 3825 2859 Gallias

401 2897 659 2964 miserat,
692 2895 793 2952 ubi
825 2892 1146 2949 conservati
1177 2892 1347 2948 nobis
1379 2892 1636 2959 fuerunt;
1672 2892 1898 2965 primus
1946 2895 2145 2948 autem
2189 2892 2567 2948 amanuensis
2617 2892 2714 2964 qui
2749 2908 2848 2947 eos
2881 2891 3066 2947 codici
3114 2891 3457 2959 inseruit,ex
3484 2890 3823 2948 charactere

398 2987 512 3045 sibi
543 2990 680 3042 noto
708 2983 1130 3055 exscriptorum
1162 2981 1298 3037 fecit
1326 2980 1661 3037 auctorem?
1692 2980 1892 3037 Simile
1924 2981 2230 3054 quidpiam
2263 2980 2524 3053 epistolis
2556 2980 2783 3037 accidit.
2818 2980 3085 3054 Quinque
3117 2981 3274 3036 enim
3318 2981 3528 3036 Leonis
3558 2979 3816 3053 epistola:

396 3077 549 3134 inter
577 3074 723 3130 alias
752 3072 1001 3128 aliorum
1026 3074 1372 3126 conservata;
1399 3070 1568 3126 nobis
1597 3071 1833 3126 fuerunt
1852 3070 1911 3126 in
1944 3068 2084 3127 solis
2105 3069 2536 3142 exemplaribus
2558 3068 3069 3127 m'ss.colleotionis
3085 3068 3469 3126 Avellanaa.de
3485 3085 3604 3142 qua
3626 3069 3818 3126 fusius

400 3170 605 3241 agetur
634 3163 692 3218 in
724 3160 1060 3235 prmfatione
1090 3159 1161 3214 ad
1188 3158 1465 3232 epistolas
1495 3159 1734 3229 Leonis;
1768 3164 1826 3215 et
1857 3159 1992 3216 solas
2024 3159 2263 3231 quidem
2294 3158 2404 3214 illa:
2437 3162 2698 3232 quinque
2725 3158 2985 3231 epistolae
3019 3175 3088 3215 ex
3116 3159 3391 3216 omnibus
3423 3158 3717 3216 Leominis
3746 3158 3808 3214 in

398 3255 601 3312 eadem
633 3249 971 3308 collectione
1001 3246 1568 3304 inveniuntur.Sicut
1597 3251 1794 3304 autem
1825 3248 2090 3321 ignotum
2120 3252 2209 3303 est
2238 3252 2527 3320 quatenus
2558 3247 2644 3303 hae
2674 3246 2951 3321 epistola,
2980 3264 3107 3321 quae
3137 3247 3197 3303 in
3229 3247 3507 3304 omnibus
3545 3245 3677 3303 aliis
3698 3245 3815 3303 col-

397 3338 746 3398 lectionibus
775 3338 1009 3408 desunt,
1038 3337 1353 3409 separatim
1383 3337 1693 3412 migrarint
1720 3337 1781 3393 in
1812 3353 1940 3394 eam
1972 3336 2399 3405 collectionem;
2430 3336 2513 3393 ita
2544 3354 2661 3410 qua
2688 3337 2911 3394 ratione
2938 3341 3058 3395 tres
3087 3336 3174 3393 illi
3200 3353 3500 3395 sermones
3539 3336 3599 3393 in
3644 3335 3817 3394 Fabri

398 3428 657 3488 codicem
680 3424 964 3493 venerint,
998 3424 1155 3481 latet.
1178 3422 1183 3433 '

471 3518 635 3575 tl.Ut
664 3521 860 3573 autem
894 3515 964 3571 ad
984 3514 1377 3572 Lectionarios
1408 3513 1636 3571 codices
1666 3515 2260 3584 revertamur,horum
2283 3516 2655 3573 incommoda
2674 3514 3019 3582 Quesnellus
3042 3514 3103 3571 in
3124 3514 3461 3588 praefatione
3480 3530 3814 3584 recensens,

397 3605 705 3683 peregrina
732 3604 1132 3661 additamenta
1163 3602 1537 3676 potissimum
1569 3608 1753 3675 urget.
1783 3604 1936 3672 Cum,
1970 3604 2353 3677 inquit,iidem
2380 3607 2553 3662 variis
2574 3606 2920 3678 propriisque
2963 3604 3207 3660 locorum
3245 3604 3680 3660 solemnitatibus
3726 3619 3816 3659 ac-

395 3697 719 3755 commodati
746 3697 1027 3766 sint,saepe
1053 3694 1258 3765 saepius
1284 3694 1603 3765 peregrinis
1633 3693 1955 3763 quibusdam
1980 3692 2447 3760 additamentis,et
2468 3695 2535 3749 ab
2566 3695 2803 3748 auctoris
2832 3701 3009 3750 mente
3037 3696 3268 3765 'prorsus
3296 3693 3518 3759 alienis,
3550 3692 3820 3748 auctiores

398 3788 688 3852 habentur,
723 3783 917 3854 quibus
945 3797 1359 3853 nonnumquam
1387 3780 1760 3835 discernendis
1790 3782 1886 3836 via:
1912 3781 2174 3853 sufﬁcias.
2204 3782 2423 3853 Insigne
2451 3780 2764 3854 hujusmodi
2794 3782 3108 3853 exemplum
3154 3782 3315 3837 habes
3360 3783 3421 3836 in
3465 3797 3713 3838 sermone
3752 3781 3813 3836 41

401 3873 593 3944 (nobis
623 3872 713 3943 42)
743 3872 841 3942 qui
868 3876 1094 3941 quartus
1120 3872 1200 3924 est
1228 3868 1294 3923 de
1320 3868 1990 3941 Quadragesima.Aliqua
2022 3868 2420 3925 additamenta
2447 3870 2507 3925 in
2529 3868 2885 3941 quibusdam
2911 3868 3473 3937 Lectionariis,sicut
3497 3869 3673 3925 etiam
3696 3867 3821 3940 qui-

400 3962 537 4017 dam
569 3958 956 4028 saltus,atque
987 3954 1384 4011 mutilationes
1415 3972 1861 4027 nonnumquam
1893 3958 2330 4030 contingunt.At
2356 3972 2503 4030 sazpe
2529 3959 2731 4029 saepius
2762 3957 2822 4013 id
2855 3957 3082 4014 evenire
3102 3956 3309 4014 saltem
3330 3958 3390 4014 in
3405 3955 3820 4030 Leone,p1ures

399 4048 536 4104 licet
564 4044 984 4103 contulerimus
1015 4044 1074 4099 id
1102 4060 1287 4118 genus
1316 4042 1910 4111 libros,l‘alsissimum
1941 4046 2177 4101 est.Imo
2209 4045 2499 4116 ejusmodi
2530 4045 2965 4118 defectus,quos
2995 4046 3054 4101 in
3086 4046 3509 4119 posterioribus
3531 4044 3820 4102 collectio-

404 4135 578 4192 nibus
611 4132 973 4205 frequentius
1003 4132 1520 4205 deprehendimus,
1552 4149 1621 4190 ex
1650 4132 2026 4189 Lectionariis
2060 4133 2302 4190 feliciter
2331 4135 2658 4191 deteximus
2687 4138 2743 4191 et
2773 4134 3244 4204 emendavimus;
3278 4135 3432 4190 sicut
3459 4133 3616 4191 idem
3642 4134 3823 4199 Ques-

404 4224 594 4282 nellus
623 4240 693 4279 ex
722 4222 980 4294 quinque
1014 4220 1385 4278 Lectionariis
1417 4220 1659 4277 sustulit
1687 4222 2153 4279 additamentum
2184 4222 2471 4279 sermonis
2490 4223 2609 4279 lide
2630 4223 3271 4297 Quadragesima,quod
3295 4241 3363 4279 ex
3392 4221 3822 4296 posterioribus

403 4310 841 4370 collectionibus
872 4309 1146 4366 Leoninis
1176 4309 1236 4364 in
1270 4309 1555 4366 editiones
1584 4309 1885 4383 irepserat.
1918 4311 2081 4377 Quod
2105 4327 2274 4383 porro
2303 4311 2461 4367 idem
2494 4310 2841 4377 Quesnellus
2868 4311 3135 4383 queritur
3165 4313 3235 4368 de
3267 4309 3672 4384 frequentibus
3692 4326 3824 4366 ma-

403 4400 551 4459 culis
581 4406 638 4458 et
667 4400 897 4456 mendis
927 4399 1143 4473 quibus
1174 4398 1547 4455 librariorum
1597 4398 1716 4455 sive
1764 4399 1992 4455 incuria
2041 4399 2161 4456 sive
2211 4399 2542 4472 ignorantia
2569 4398 2860 4471 ejusmodi
2892 4399 3023 4456 libri
3063 4399 3364 4468 vitiantur,
3393 4414 3703 4455 commune
3734 4402 3825 4456 est

403 4491 680 4548 omnibus
711 4506 855 4546 mss.
889 4488 1188 4545 codicibus
1219 4504 1232 4542 :
1268 4488 1369 4544 sed
1402 4487 1499 4542 alii
1534 4487 1665 4544 aliis
1689 4488 2375 4562 corriguntur,nobisque
2411 4487 2675 4544 nonnulli
2699 4487 2927 4544 codices
2957 4488 3189 4561 optimae
3218 4491 3366 4544 notio
3397 4503 3464 4543 ac
3494 4487 3823 4560 praesertim

404 4595 548 4636 mss.
577 4576 831 4635 basilicae
862 4577 919 4633 S.
955 4576 1106 4634 Petri
1136 4575 1390 4633 maximo
1420 4576 1758 4648 adjumento
1780 4577 1962 4646 fuere,
1993 4577 2208 4650 quibus
2239 4576 2558 4649 quingenta
2589 4575 2820 4633 circiter
2848 4575 2975 4634 loca
3004 4575 3222 4634 saniori
3248 4574 3484 4633 lectioni
3516 4575 3828 4632 restituere

405 4670 509 4723 aut
537 4666 850 4722 emendare
868 4664 1055 4721 licuit.

476 4754 565 4811 l2.
597 4756 924 4827 Antequam
954 4770 989 4810 a
1017 4752 1392 4811 Lectionariis
1419 4753 1494 4810 ad
1524 4753 1895 4810 eollectiones
1922 4758 2314 4821 transeamus,
2349 4754 2672 4811 notandum
2704 4759 2795 4812 est
2829 4754 3187 4829 praecipuum
3229 4754 3383 4811 inter
3434 4753 3827 4816 Lectionarioa

404 4844 585 4901 libros
615 4842 953 4900 discrimen.
986 4843 1112 4900 Non
1143 4843 1334 4900 solum
1365 4843 1520 4899 enim
1548 4842 1646 4899 alii
1678 4842 1898 4917 plures,
1927 4843 2025 4900 alii
2058 4844 2362 4917 pauciores
2406 4843 2612 4901 Leonis
2663 4860 2963 4902 sermones
2993 4845 3067 4902 ad
3095 4844 3361 4901 eamdem
3390 4841 3827 4901 solemnitatem

406 4931 763 5007 pertinentes
795 4932 1136 5005 preferunt;
1168 4932 1265 4989 alii
1290 4932 1488 5000 unius,
1521 4932 1618 4988 alii
1651 4931 1891 4989 alterius
1921 4932 2251 4990 festivitatis
2282 4949 2583 4990 sermones
2612 4933 3193 5007 praetermittuntzsed
3223 4933 3365 4990 ordo
3388 4931 3568 4988 etiam
3588 4947 3827 4988 eorum-

406 5022 541 5079 dem
569 5036 909 5077 sermonum
939 5020 998 5077 in
1024 5020 1270 5077 diversis
1300 5020 1681 5077 Lectionariis
1709 5021 1974 5078 diversus
1994 5021 2382 5094 est.Exemplo
2403 5022 2524 5078 sint
2541 5021 2866 5095 insigniora
2884 5020 3250 5078 Lectionaria
3272 5021 3535 5078 Romana
3553 5019 3829 5077 basilica-

407 5126 539 5168 rum
569 5109 629 5166 S.
664 5109 816 5189 Petpi
847 5126 913 5166 ac
941 5111 1040 5167 SS.
1075 5109 1329 5182 Philippi
1356 5114 1415 5166 et
1441 5110 1663 5166 Jacobi.
1699 5116 1758 5167 In
1792 5111 2170 5168 Lectionariis
2201 5113 2260 5169 S.
2290 5111 2439 5168 Petri
2471 5112 2794 5181 sermones,
2825 5126 2895 5166 ex
2940 5126 3053 5184 gr.,
3102 5111 3174 5166 de
3219 5109 3496 5167 Passione
3527 5109 3829 5167 diversum

407 5198 674 5256 ordinem
702 5184 922 5255 habent
950 5215 1017 5254 ae
1046 5198 1106 5254 in
1136 5197 1415 5255 Vaticano
1444 5199 1587 5254 3835
1617 5199 1870 5256 basilicae
1901 5200 2262 5274 SS.Philippi
2295 5204 2353 5256 et
2379 5199 2580 5255 Jacobi
2614 5216 2628 5254 :
2660 5215 2729 5254 ex
2757 5214 2874 5271 quo
2895 5215 3030 5255 cum
3058 5197 3207 5256 alter
3234 5197 3383 5255 liber
3409 5199 3482 5255 ab
3505 5197 3685 5255 altero
3709 5184 3843 5255 non.

408 5286 1207 5359 prodierit,verisimillimum
1236 5291 1326 5343 est
1354 5287 1460 5343 hos
1491 5289 1871 5361 perantiquos
1906 5289 2296 5345 Lectionarios
2325 5286 2555 5343 codices
2585 5286 2895 5343 Romanos
2909 5303 2980 5343 ex
3004 5286 3386 5361 autographis
3414 5286 3690 5343 S.Lsonis
3711 5303 3833 5343 ser-

410 5374 686 5431 monibus
714 5376 942 5432 diverso
973 5374 1176 5434 ordine
1206 5375 1461 5448 primum
1491 5376 1801 5450 descriptis
1821 5379 2111 5451 profectos
2133 5374 2549 5433 fuisse.Varius
2581 5391 2715 5432 vero
2745 5376 2886 5434 ordo
2917 5375 3018 5450 qui
3046 5376 3108 5432 in
3130 5375 3261 5433 aliis
3290 5374 3666 5433 Lectionariis
3688 5373 3834 5430 alia-

409 5479 541 5518 rum
570 5462 965 5521 Ecclesiarum
996 5465 1467 5537 deprehenditur,
1501 5481 1569 5521 ex
1601 5465 1972 5523 librariorum
2002 5464 2244 5523 arbitrio
2275 5465 2577 5520 dimanare
2624 5464 2835 5535 potuit.
2881 5465 2961 5521 De
3010 5464 3407 5538 eupposititiis
3452 5462 3833 5521 sermonibus

410 5551 510 5623 qui
541 5549 601 5606 in
633 5553 1011 5611 Lectionariis
1040 5554 1181 5627 (non
1210 5558 1409 5611 tamen
1444 5555 1722 5611 Romanis
1750 5554 1925 5627 paulo
1955 5558 2090 5613 ante
2116 5551 2396 5623 laudatis)
2429 5550 2648 5624 passim
2682 5553 2857 5612 Leoni
2884 5554 3250 5622 tribuuntur,
3282 5553 3342 5609 in
3375 5552 3713 5627 praefatione
3753 5551 3832 5608 ad

411 5638 793 5715 appendicem
825 5641 1088 5702 dicemus
1119 5661 1235 5701 non
1261 5660 1466 5717 pauca.
