4092 6178
1112 335 1549 417 ’pmsm'no
1590 350 1673 415 IN
1717 348 2135 416 SERMONES
2181 349 2248 415 s.
2291 347 2575 415 LEONIS
2617 347 2892 415 MAGNI.

623 589 706 642 De
734 596 862 636 mss.
894 578 1321 648 collectionibus,
1356 577 1528 633 altero
1566 578 1716 648 fonte
1737 485 2066 632 εει-ξιξέγῖ
2080 485 2380 643 SiILeonis,
2416 592 2480 631 ac
2508 572 2573 631 de
2601 591 2783 631 eorum
2814 572 3161 634 distinctione
3182 580 3235 635 et
3260 594 3386 635 usu.

310 696 337 754 5
364 693 407 744 Ι.
435 690 816 754 Μιηιιωιδίριω
857 698 1180 737 sermonum.
1210 684 1262 736 S.
1302 684 1494 735 Leonis
1523 683 1861 754 collectiones
1889 682 2307 754 n9n__exced_1_1p_t
2356 682 2612 754 saaculum
2641 696 2711 732 xx.
2742 684 3141 749 Distinguendaa
3170 686 3422 747 invicem,
3451 690 3503 738 et
3530 687 3709 739 cautio

1554 747 1611 795 in
1631 760 1813 795 earum
1844 746 2118 796 codicibus
2143 746 2471 796 adhibenda.

369 854 462 911 l3.
495 852 747 910 Nuncad
770 847 1141 906 collectiones
1170 861 1533 903 sermonum.
1551 845 1611 901 S.
1645 843 2233 901 Leonisaccedamus.
2252 845 2447 900 Prima
2468 861 2595 917 quea
2622 843 2790 900 nobis
2811 844 3710 905 occurritharumcollectionum

301 944 460 1017 apud
492 942 810 1016 scriptores
840 937 1081 1007 mentio,
1111 954 1225 993 non
1260 939 1348 991 est
1368 934 1622 991 anterior
1638 933 1848 989 saeculo
1869 933 2329 1006 x1.Micrologus,
2350 935 2420 989 de
2434 933 2644 990 Ecclesi
2654 933 2850 989 asticis
2864 933 3396 1002 Observationibus,
3412 953 3461 993 c.
3480 940 3569 1007 25,
3593 955 3710 995 non

303 1032 500 1090 solum
534 1029 744 1087 Leonis
774 1042 1076 1085 sermones
1100 1025 1372 1082 collectos
1401 1024 1593 1079 innuit
1614 1024 1669 1078 in
1690 1022 1905 1090 codice,
1926 1040 2101 1096 quem
2125 1024 2329 1079 librum
2357 1022 2682 1079 Sermonum
2717 1022 2991 1095 appellat,
3034 1024 3134 1078 sed
3158 1025 3508 1095 probaturus
3528 1030 3715 1101 quarti

302 1122 481 1178 mensi
502 1121 787 1193 jejunium
814 1117 1045 1173 nonnisi
1070 1112 1404 1170 hebdomada
1431 1114 1766 1168 Pentecostes
1794 1112 2124 1167 celebratum
2167 1113 2357 1183 fuisse,
2396 1111 2640 1167 lectores
2671 1113 2741 1167 ad
2776 1112 3050 1168 eumdem
3084 1111 3297 1168 librum
3329 1113 3712 1172 evolvendum

306 1208 561 1266 remittit
600 1207 724 1262 haec
757 1207 980 1262 addens
1005 1221 1018 1260 ε
1050 1205 1230 1275 Neque
1256 1202 1356 1258 hoc
1385 1205 1600 1257 tantum
1628 1203 1687 1255 in
1717 1216 1826 1256 uno
1854 1216 2119 1267 sermone,
2136 1200 2228 1255 sed
2249 1202 2314 1256 in
2332 1202 2604 1273 pluribus,
2629 1217 2758 1272 quos
2785 1201 2850 1256 de
2874 1202 3178 1257 Pentecoste
3208 1204 3268 1256 in
3296 1202 3529 1259 diversis
3552 1208 3716 1262 annis

300 1301 497 1370 fecisse
528 1297 773 1366 legitur:
805 1294 945 1366 quod
990 1294 1154 1348 illum
1190 1292 1560 1363 subterfugere
1600 1306 1712 1345 non
1736 1289 1953 1362 poterit,
2003 1291 2326 1361 quicumque
2354 1288 2597 1344 eumdem
2645 1291 2851 1344 librum
2880 1289 3178 1358 diligenter
3200 1292 3508 1363 perlegerit.
3560 1294 3717 1350 Inter

303 1386 538 1445 codices
558 1402 707 1457 quos
726 1382 1062 1440 Desiderius
1084 1382 1265 1436 abbas
1287 1380 1505 1435 montis
1527 1378 1744 1444 Casini,
1763 1381 1964 1451 postea
1987 1378 2285 1433 Romanus
2308 1377 2565 1449 pontifex
2584 1377 3261 1441 VictorIII,bibliotheca3
3283 1381 3412 1452 ejus
3434 1387 3723 1439 monaste-

305 1477 374 1532 rii
406 1473 664 1542 addidit,
696 1489 851 1527 unus
872 1487 1005 1526 cum
1027 1467 1198 1524 titulo
1227 1468 1508 1525 Sermones
1538 1469 1729 1523 Leonis
1758 1481 1916 1538 papae
1937 1471 2298 1521 memoratur
2327 1482 2361 1521 a
2382 1466 2571 1521 Leone
2596 1464 2887 1521 Hostiensi
2913 1465 2970 1520 in
2993 1465 3276 1523 Chronico
3293 1469 3591 1526 Casinensi
3616 1471 3716 1527 lib.

297 347 419 416 123
1130 350 1549 416 PREFATIO
1590 350 1673 415 IN
1717 348 1974 416 SERMO

2120 352 2135 414 ἓ
2181 349 2248 415 S.
2291 347 2575 415 LEONIS
2617 347 2892 415 MAGNI.
3590 349 3708 415 126

307 1576 391 1629 ιιι,
406 1579 459 1618 c.
482 1563 577 1617 63.
608 1561 843 1616 Primus
865 1558 1344 1629 interscriptores
1365 1557 1436 1612 de
1456 1556 1597 1612 viris
1619 1554 1949 1611 illustribus
1973 1571 2075 1609 seu
2092 1554 2164 1610 de
2178 1553 2562 1626 scriptoribus
2583 1552 3123 1627 ecclesiasticis.qui
3146 1571 3484 1613 sermonum
3512 1559 3721 1616 Leonis

304 1651 729 1715 meminerunt,
752 1653 1179 1719 estanonymus
1195 1644 1551 1701 Mellicensis
1574 1648 1779 1700 auctor
1796 1660 1851 1698 x1
1881 1642 2098 1707 saeculi,
2126 1659 2301 1715 quem
2325 1642 2488 1713 prius
2510 1642 2693 1697 edidit
2714 1643 2775 1697 P.
2800 1643 2928 1708 Pez,
2960 1641 3378 1701 deinAlbertus
3397 1647 3719 1706 Fabricius.

303 1739 399 1796 Sic
432 1742 636 1795 autem
660 1736 839 1802 ille,c.
856 1737 893 1790 7
919 1754 932 1792 :
964 1737 1066 1791 Leo
1095 1751 1330 1806 magnus
1348 1734 1672 1805 apostolicus
1692 1732 2026 1787 declamator
2044 1733 2290 1803 egregius
2308 1733 2437 1803 fuit,
2462 1733 2560 1801 qui
2586 1731 2742 1786 verbo
2770 1735 2822 1786 et
2862 1732 3108 1803 exemplo
3129 1733 3440 1790 christiana:
3464 1737 3724 1808 religioni

301 1829 620 1899 plurimum
645 1827 879 1898 profuit.
902 1826 1073 1880 Porro
1093 1804 1405 1879 sermonum
1427 1823 1585 1877 illius
1615 1822 1855 1876 incertus
1878 1828 2248 1885 estnumerus,
2265 1835 2497 1890 quorum
2514 1826 2691 1891 tamen
2714 1819 2779 1875 de
2794 1820 3038 1874 Adventu
3055 1821 3291 1889 Domini,
3318 1822 3382 1879 de
3408 1804 3719 1893 Nativitate,

304 1916 370 1972 de
393 1910 778 1988 Apparnione,
807 1914 875 1969 de
900 1914 1139 1985 .lejunio,
1170 1911 1235 1967 de
1256 1913 1537 1981 Passione,
1560 1909 1625 1966 de
1651 1918 1836 1965 sancto
1855 1910 2161 1965 Pentecoste
2187 1909 2424 1980 plurimi
2454 1908 2743 1979 habentur.
2778 1911 2839 1964 In
2883 1917 3196 1965 sanctorum
3215 1928 3424 1983 quoque
3450 1915 3725 1972 natalitiis

305 2005 571 2060 nonnulli
600 2005 779 2059 habiti
806 2004 1183 2058 inveniuntur.
1216 2001 1364 2056 Dum
1386 2015 1515 2055 eam
1540 1998 1719 2054 ferme
1732 2014 2076 2054 sermonum
2095 1998 2330 2064 seriem,
2350 1996 2548 2069 quaain
2578 1996 3726 2070 collectionibusexstat,recenset,colle-

309 2092 537 2148 ctiones
567 2090 828 2148 indicare
856 2090 1105 2146 videtur.
1139 2089 1290 2145 Dum
1324 2093 1519 2144 autem
1551 2089 1820 2143 incertum
1847 2085 2107 2143 afﬁrmat
2134 2102 2467 2155 numerum,
2500 2086 2559 2141 in
2594 2086 2958 2142 Lectionaria
2971 2086 3184 2160 potius,
3210 2105 3337 2161 quae
3359 2089 3587 2147 diverso
3619 2109 3725 2148 nu-

314 2197 478 2237 mero
509 2195 817 2236 sermones
845 2179 1162 2246 continent,
1182 2175 1504 2233 intendisse
1525 2176 1680 2232 credi
1706 2178 1915 2248 potest.
1950 2175 2077 2231 Haec
2110 2174 2445 2245 antiquiora
2470 2180 2610 2231 sunt
2638 2175 2993 2244 testimonia,
3016 2192 3143 2248 quae
3167 2194 3269 2249 pro
3286 2177 3725 2239 collectionibus

314 2286 661 2326 sermonum
695 2268 906 2326 Leonis
938 2267 1126 2325 aﬂ'erri
1149 2271 1392 2339 queunt,
1425 2266 1581 2338 quod
1613 2268 1701 2321 est
1729 2265 2019 2336 ejusmodi
2054 2263 2423 2320 collectiones
2452 2264 2813 2336 antiquiores
2846 2264 3030 2320 multo
3061 2282 3175 2322 non
3208 2266 3409 2323 fuisse.

382 2360 472 2413 14.
503 2357 679 2414 Enim
708 2373 843 2413 vero
874 2357 1026 2413 inter
1041 2353 1420 2428 quamplures
1452 2371 1597 2410 mss.
1630 2352 1812 2409 libros
1830 2369 2168 2410 sermonum
2194 2351 2417 2421 Leonis,
2438 2369 2587 2424 quos
2616 2352 2676 2408 in
2698 2352 2873 2407 variis
2894 2351 3261 2409 bibliothecis
3290 2354 3568 2424 vidimus,
3591 2356 3725 2413 nul-

316 2446 441 2502 lum
476 2446 735 2519 reperire
763 2443 929 2501 licuit
955 2443 1055 2517 qui
1084 2461 1142 2500 xx
1164 2442 1446 2499 saeculum
1475 2442 1736 2512 excedat,
1767 2458 1900 2497 cum
1923 2458 2039 2497 non
2064 2458 2249 2513 pauca
2274 2440 2637 2496 Lectionaria
2661 2440 2866 2495 Leonis
2889 2455 3187 2496 sermones
3208 2440 3542 2499 exhibentia
3559 2448 3723 2500 vetu-

311 2535 523 2592 stiores
550 2533 741 2591 aetatis
757 2532 1336 2605 deprehendet-imus.
1362 2530 1422 2586 Id
1453 2534 1650 2587 autem
1673 2530 1935 2587 evenisse
1961 2530 2278 2599 credimus,
2310 2545 2375 2584 eo
2396 2527 2551 2600 quod
2574 2528 2728 2583 circa
2748 2526 3027 2583 saaculum
3049 2545 3105 2582 χι
3123 2528 3182 2584 S.
3206 2529 3499 2601 pontiﬁcis
3529 2548 3722 2590 sermo

312 2641 417 2679 nes
449 2622 649 2696 colligi
671 2627 988 2694 coeperunt.
1010 2622 1161 2677 Sane
1190 2620 1452 2693 quinque
1476 2617 1845 2675 collectiones
1876 2618 2114 2674 diversas
2152 2617 2395 2690 originis
2430 2616 2582 2672 nacti
2607 2632 3089 2688 sumus,quarum
3112 2617 3455 2675 vetustiores
3472 2620 3545 2676 ad
3567 2620 3723 2678 idem

310 2710 603 2769 naculum
619 2711 971 2767 referuntur.
998 2711 1056 2765 E.
1084 2708 1462 2765 Lectionariis
1481 2711 1677 2763 autem
1701 2711 1946 2780 sumptae
1966 2707 2223 2776 fuerunt,
2246 2723 2358 2761 non
2387 2704 2578 2761 solum
2602 2706 2757 2777 quod
2781 2703 3076 2777 antiquior
3095 2705 3354 2762 collectio
3375 2706 3538 2763 nulla
3567 2708 3725 2766 inve-

311 2800 477 2855 nitur
506 2816 579 2855 ex
609 2816 728 2871 qua
755 2798 1001 2855 exscribi
1026 2796 1339 2870 potuerint,
1356 2813 1559 2852 verum
1579 2796 1753 2851 etiam
1769 2794 1907 2867 quia
1922 2811 2261 2851 sermonum
2287 2810 2552 2865 numero,
2570 2794 2794 2863 ordine,
2811 2792 2899 2849 vel
2918 2791 3124 2849 saltem
3146 2792 3354 2864 titulis,
3370 2801 3726 2869 acpraetcrea

312 2888 491 2943 variis
522 2886 878 2943 lectionibus
909 2885 1203 2951 differunt,
1236 2890 1410 2958 prout
1438 2902 1506 2941 ex
1537 2884 1915 2941 Lectionariis
1948 2883 2129 2939 simili
2161 2883 2386 2939 ratione
2412 2882 2658 2939 diversis
2688 2881 2973 2954 originem
3007 2882 3256 2938 ducunt.

387 2976 477 3031 l5.
508 2974 840 3031 Plurimum
870 2990 1005 3030 vero
1035 2974 1275 3030 interest
1295 2972 1665 3045 singularum
1693 2972 2009 3028 discrimen
2063 2976 2263 3028 notare
2294 2989 2471 3044 quam
2520 2970 3002 3044 diligentissime;
3035 2970 3173 3027 hinc
3215 2972 3372 3028 enim
3404 2990 3520 3030 non
3551 2977 3724 3034 modo

318 3064 551 3137 patebit
565 3064 795 3119 diversa
812 3063 1151 3118 earumdem
1168 3063 1350 3135 origo,
1367 3063 1468 3118 sed
1491 3062 1685 3117 cautio
1707 3062 1886 3117 etiam
1906 3062 1965 3117 in
1981 3079 2093 3117 usu
2107 3060 2397 3133 ejusmodi
2420 3060 2952 3134 manuscriptorum
2967 3060 3297 3117 adhibenda
3321 3071 3722 3137 cognoscetur.

313 3153 467 3210 Uubi
483 3153 768 3208 nimirum
783 3151 837 3224 pl
848 3169 981 3208 ures
994 3152 1257 3224 ejusdem
1272 3149 1630 3207 collectionis
1644 3149 2017 3206 inveniantur
2029 3151 2133 3206 cod
2141 3150 2353 3209 ices.cu
2363 3166 2419 3204 m
2434 3149 2504 3204 ab
2516 3149 2718 3205 eodem
2732 3148 2919 3221 primo
2933 3149 3245 3223 exemplari
3264 3153 3724 3225 proficiscantur,

317 3242 541 3297 eadem
576 3241 695 3297 fere
724 3240 1002 3296 lectiones
1019 3244 1323 3296 occurrent
1348 3239 1408 3295 in
1431 3238 1728 3307 omnibus,
1756 3238 1900 3296 solis
1920 3239 2216 3295 erroribus
2233 3244 2336 3295 aut
2365 3237 2689 3294 arbitrariis
2708 3237 3082 3295 librariorum
3126 3241 3584 3303 correctionibus
3620 3261 3725 3301 ex-

313 3330 542 3403 ceptis;
578 3330 723 3385 adeo
754 3333 818 3385 ut
849 3328 950 3401 qui
980 3344 1164 3383 unum
1213 3327 1472 3383 codicem
1502 3328 1682 3383 unius
1733 3327 2093 3384 collectionis
2135 3326 2467 3395 contulerit,
2501 3343 2705 3382 omnes
2759 3326 3104 3399 plerumque
3134 3327 3463 3386 contulerit.
3498 3333 3579 3387 Ex
3608 3349 3724 3407 quo

314 3417 463 3475 illud
496 3418 754 3474 maxime
784 3416 1369 3473 animadvertendum
1392 3415 1676 3489 sequitur,
1706 3416 1923 3473 frustra
1951 3421 2017 3473 ut
2045 3415 2365 3489 plurimum
2398 3414 2637 3488 allegari
2675 3415 2981 3471 duodecim
3027 3420 3130 3471 aut
3158 3415 3362 3490 viginti
3391 3420 3724 3491 codices,'si

315 3507 497 3563 unius
526 3507 913 3580 ejusdemque
943 3502 1299 3561 collectionis
1320 3520 1524 3560 omnes
1554 3502 1709 3561 sint:
1744 3505 1860 3562 duo
1890 3504 2181 3578 siquidem
2210 3504 2299 3560 vel
2328 3504 2441 3560 tria
2457 3502 2810 3575 exemplaria
2825 3502 3186 3584 diversarum
3212 3504 3622 3565 collectionum
3642 3511 3715 3567 ad

315 3595 580 3669 aliquam
612 3595 919 3652 lectionem
952 3594 1326 3651 statuendam
1356 3592 1489 3666 plus
1518 3593 1763 3666 probare
1796 3593 1987 3650 solent
2018 3610 2196 3666 quam
2227 3596 2463 3649 centum
2498 3591 2693 3647 unius.

1633 3696 1658 3752 §
1690 3692 1751 3742 II.
1783 3693 1857 3742 De
1886 3692 2059 3755 prima
2087 3690 2418 3741 collectione.

393 3770 480 3829 16.
511 3771 776 3828 Primam
808 3769 1204 3827 collectionem
1234 3770 1401 3827 illam
1433 3769 1729 3828 credimus
1759 3789 1887 3845 quas
1905 3770 2265 3843 reperiturin
2288 3769 2484 3826 codice
2515 3770 2958 3825 membrauaceo
2982 3768 3177 3825 saeculi
3207 3784 3284 3838 χι,
3318 3787 3475 3826 nunc
3495 3771 3726 3846 signato

320 3878 487 3917 num.
522 3861 631 3916 126
658 3857 1022 3914 bibliothecae
1043 3858 1400 3928 Casinensis,
1434 3876 1571 3916 cum
1600 3860 1769 3915 titulo
1795 3861 2023 3916 :Leonis
2038 3862 2213 3932 primi
2232 3874 2389 3931 papa:
2404 3875 2533 3931 pars
2556 3860 2761 3930 prima,
2788 3874 3079 3914 sermones.
3111 3858 3213 3914 Hic
3234 3857 3331 3915 ille
3360 3858 3514 3916 idem
3548 3861 3727 3919 codex

316 3948 548 4005 videtur
577 3946 1078 4021 quem,Desiderio
1108 3947 1317 4004 abbate
1347 3948 1955 4022 praecipiente,saaculo
1972 3967 2024 4005 xx
2055 3953 2429 4022 compactum
2452 3946 2754 4002 innuimus
2784 3946 3348 4020 testimoniojLeonis
3369 3948 3698 4006 Hostiensis
3722 3993 3731 4021 ε

321 4038 421 4110 qui
452 4053 620 4104 sane,
653 4052 789 4093 cum
819 4035 1071 4091 alterum
1098 4052 1331 4108 quoque
1360 4037 1576 4092 librum
1606 4037 1984 4109 epistolarum
2015 4054 2139 4107 seu,
2174 4036 2260 4094 uti
2290 4040 2475 4103 vocat,
2509 4037 2815 4109 Registrum
2841 4038 3055 4105 Leonis,
3090 4037 3165 4093 ab
3192 4037 3395 4093 eodem
3425 4037 3637 4095 abbate
3665 4039 3727 4096 in

317 4127 524 4182 eadem
548 4123 907 4181 bibliotheca
936 4124 1192 4197 positum
1224 4125 1438 4194 tradat,
1471 4125 1615 4197 quid
1637 4124 1957 4183 contineret
1978 4127 2236 4183 secunda
2263 4143 2421 4199 pars,
2449 4139 2578 4199 qum
2606 4142 2762 4181 nunc
2778 4126 3161 4194 desideratur,
3195 4124 3727 4201 satisindigitat.1n

320 4214 433 4271 hoc
462 4214 668 4271 codice
683 4214 798 4271 XCI
821 4230 1122 4271 sermones
1148 4212 1445 4286 leguntur,
1472 4214 1626 4270 inter
1646 4231 1794 4287 quos
1818 4232 1971 4272 unus
1990 4216 2081 4271 bis
2098 4215 2467 4282 describitur,
2504 4213 2649 4271 alter
2664 4214 2879 4270 dubius
2908 4219 3018 4283 est,
3036 4216 3235 4271 decem
3251 4232 3386 4271 vero
3414 4216 3730 4289 suppositi-

317 4301 385 4357 tii
422 4306 584 4369 sunt,
619 4318 686 4358 ac
718 4304 1026 4376 propterea
1055 4305 1276 4358 restant
1294 4301 1506 4358 sinceri
1537 4306 1594 4358 et
1613 4303 1752 4358 certi
1785 4320 2084 4360 sermones
2109 4304 2344 4359 LXXIX.
2379 4304 2591 4376 Ipsam,
2613 4319 2954 4358 sermonum
2983 4302 3190 4359 seriem
3222 4303 3550 4376 appendere
3562 4305 3729 4376 juve-

327 4391 417 4459 rit,
446 4396 510 4447 ut
540 4394 884 4447 caeterarum
916 4389 1327 4447 collectionum
1357 4390 1681 4448 discrimen
1714 4393 1942 4451 facilius
1974 4393 2319 4450 innotescat.

724 4522 795 4561 ne
831 4522 1064 4579 summo
1104 4523 1307 4563 MENSIS
1347 4523 1565 4564 uxorm.

322 4594 373 4650 1.
407 4593 469 4649 Si
494 4594 754 4665 ﬁdeliter.
786 4594 849 4650 In
883 4598 1085 4650 nostra
1112 4594 1366 4653 editione
1397 4611 1589 4653 sermo
1621 4595 1741 4653 XII.
2083 4593 2169 4665 Ψ·
2202 4593 2403 4665 93⁸178,τέ

313 4648 371 4721 ἑ.
402 4648 711 4722 essm.
739 4648 1360 4722 semiixvinim'

2120 4653 2169 4706 1.
2202 4648 2425 4706 Excedit
2455 4651 2650 4722 Serm.
2675 4648 2837 4704 XXX.

315 4718 373 4791 3.
402 4718 924 4793 δίιῖη-ἇξιάῦέῆῶξ
949 4718 1158 4793 ὁδί-ὧδ’
1178 4737 1320 4793 xIx,
2088 4725 2170 4777 12.
2201 4724 2343 4778 Dum
2370 4737 2599 4793 semper.
2632 4721 2817 4777 Serm.
2852 4718 3103 4793 XXVIII.

315 4790 373 4863 4.
405 4790 754 4864 satisan;
772 4790 1318 4864 'se'mam.""“

2121 4796 2174 4849 3.
2208 4790 2495 4864 Quamvis,
2516 4792 2877 4864 dilectissimi.
2910 4792 3096 4864 seru}.
3130 4790 3291 4847 XXV.

314 4862 372 4934 5.
406 4862 777 4949 summa.
803 4862 1212 4935 sesami.

2120 4866 2170 4949 ξ.
2205 4862 2425 4949 Semper
2452 4863 2688 4949 quidem.
2726 4864 2913 4949 εἶναι.

314 4933 372 5005 δ.
406 4933 1111 5022 saevassaeuas
1138 4933 1294 5022 im,
1343 5021 1349 5022 ί
1523 5021 1528 5022 ί
2084 4938 2172 5022 is
2206 4933 2475 5022 quem
2506 4934 2746 5022 queen.
2781 4933 3197 5022 Sermcxw.

314 5023 374 5076 7.
408 5006 473 5077 In
501 5006 736 5093 Domini)
781 5006 933 5093 agro.
960 5006 1185 5079 Sermo
1232 5020 1391 5090 XIV;
1440 5021 1533 5093 cui
1574 5022 1788 5093 eodem
1839 5039 1972 5079 con-

2120 5008 2170 5093 9-
2203 5008 2870 5093 §9i”“‘°".".05‘e’;.se’m°
3161 5077 3215 5093 ..
3446 5078 3460 5093 .
3610 5079 3621 5093 .
3671 5076 3682 5087 .

392 5097 555 5147 textu
587 5092 647 5147 in
681 5108 793 5148 ms.
816 5077 1174 5148 annectitur
1201 5077 1393 5148 sermo
1445 5077 1719 5150 editionis
1757 5077 1974 5151 nostris

2120 5081 2171 5151 7.
2206 5080 2344 5135 Nota
2391 5078 2625 5151 quidem.
2670 5078 2856 5151 Serm.
2893 5078 3107 5151 XXXIII.
3159 5077 3315 5151 Idem
3360 5078 3502 5134 ordo
3539 5079 3631 5133 est
3668 5077 3728 5133 in

1997 4515 2048 4581 Α
2078 4511 2135 4565 9.
2169 4508 2496 4581 Festivitatis
2523 4506 2822 4581 hodiernae.
2854 4510 3044 4581 Serm.
3073 4505 3299 4563 XXVII.

2083 4583 2169 4637 10.
2202 4580 2351 4650 Saepe
2373 4584 2435 4635 ut
2464 4579 2656 4635 nostis.
2678 4578 2880 4650 Serm,
2907 4576 3065 4634 XXX.

393 5163 519 5229 XV,
551 5162 654 5236 qui
699 5163 942 5236 inscribi
985 5163 1287 5236 debuisset
1337 5163 1557 5236 in_hac
1589 5166 1736 5222 serie
1782 5183 1975 5222 sermo

393 5234 655 5319 octavus,
684 5240 742 5290 et
765 5234 971 5319 incipit
1000 5234 1354 5319 Con/ﬁdenter.
1394 5234 1556 5291 Hunc
1579 5237 1849 5293 eumdem
1881 5254 1975 5319 or-

390 5305 591 5361 dinem
624 5322 760 5361 cum
792 5305 995 5361 eadem
1018 5305 1231 5362 unione
1262 5308 1512 5361 duorum
1536 5324 1872 5364 sermonum
1904 5310 1975 5364 de

392 5376 824 5504 prebgpdimus
852 5377 914 5433 in
944 5394 1054 5434 ms.
1087 5377 1448 5434 Lectionario
1480 5377 1731 5435 basilica:
1762 5381 1821 5437 S.
1872 5380 1973 5437 Pe-

420 5465 471 5502 ri
612 5491 627 5504 .

420 5465 471 5502 Pl
499 5465 627 5504 1U].

508 5553 582 5593 DE
620 5554 836 5594 NATALE
871 5554 1079 5594 DOMIN’I
1116 5554 1319 5595 NOSTRI
1355 5554 1496 5594 JESU
1538 5555 1784 5596 CHRISTI.

323 5625 377 5679 8.
413 5626 754 5683 Exsultanus
783 5628 845 5682 in
874 5628 1121 5684 Domino.
1157 5627 1343 5685 Serm.
1379 5627 1544 5695 XXII,

2153 5148 2615 5206 laudato—codice
2651 5150 2748 5204 107
2778 5148 3035 5209 basilicas
3066 5150 3125 5206 S.
3159 5148 3335 5205 Petri.

2086 5222 2171 5278 18.
2205 5222 2533 5286 Justissime,
2564 5224 2767 5292 fratres
2788 5223 3110 5286 festivitatis
3132 5221 3432 5292 praesentis
3449 5218 3583 5284 diei,
3616 5221 3726 5292 etc.

2155 5294 2361 5348 Sermo
2390 5288 2581 5363 Leoni:
2617 5307 2918 5363 perperam
2967 5288 3220 5356 effictus,
3263 5294 3353 5346 est
3401 5288 3462 5345 S.
3495 5288 3731 5346 Maximi

2156 5362 2538 5420 Tuurinensis
2570 5362 2731 5418 hom.
2756 5365 2793 5418 2
2822 5363 2893 5419 de
2924 5363 3254 5419 Nativitate.

2559 5477 2630 5516 DE
2667 5476 2976 5517 EPIPHANIA
3014 5475 3132 5514 DOM
3143 5475 3245 5514 INI.

2087 5563 2174 5618 19.
2210 5561 2505 5617 Celebrate.
2534 5559 2719 5614 Serm.
2751 5556 2933 5613 XXXI.

2085 5636 2174 5689 20.
2207 5632 2447 5689 Gaudete
2473 5632 2535 5685 in
2564 5630 2797 5686 Domino
2828 5628 3013 5684 Serm.
3042 5627 3263 5686 XXXII.
