4092 6178
399 339 513 403 131
1220 336 1637 401 PREFATIO
1677 334 1759 397 ΙΝ
1802 334 2013 398 SERM

2182 335 2217 396 Β
2261 335 2325 397 S.
2372 333 2652 398 LEONIS
2697 333 2968 399 MAGNI.
3672 333 3798 397 132-

469 472 750 531 Postremi
781 472 1041 545 quinque
1061 476 1382 538 sermones,
1408 471 1507 543 qui
1529 470 1745 526 desunt
1762 469 1819 523 in
1847 468 2036 539 prima
2061 466 2583 536 collectione,extra
2601 468 2893 541 propriam
2916 468 3114 525 sedem
3137 467 3310 540 positi
3331 472 3500 535 sunt;
3522 484 3661 523 nam
3679 468 3797 540 pri-

396 581 533 621 mus
560 561 933 619 collocandus
943 563 1066 617 erat
1079 559 1234 616 inter
1245 575 1543 615 sermones
1572 558 1643 613 de
1655 557 2133 630 Quadragesima,
2157 556 2297 612 utin
2321 556 2697 613 Lectionariis
2717 560 2776 612 et
2794 556 3215 629 posterioribus
3230 555 3668 613 collectionibus
3686 556 3791 612 ha—

395 653 597 719 betur;
621 650 917 708 secundus
937 649 1009 705 de
1029 647 1373 704 Machabneis
1397 651 1530 703 ante
1551 662 1854 703 sermones
1871 646 1941 701 de
1961 646 2019 701 S.
2046 645 2358 702 Laurentio
2380 647 2732 702 statuendus
2750 651 2900 714 erat;
2921 645 3109 702 caeteri
3128 649 3323 702 autem
3344 649 3464 701 tres
3484 645 3557 700 de
3564 645 3792 717 jejunio

394 740 616 797 mensis
641 738 875 811 septimi
896 736 1204 809 adjiciendi
1230 740 1393 791 erant
1412 735 1542 791 aliis
1563 751 1664 790 sex
1685 735 1951 806 ejusdem
1969 733 2123 790 tituli
2142 734 2535 801 sermonibus,
2549 751 2584 791 a
2600 737 2847 791 num.72
2867 751 3053 807 usque
3065 735 3138 792 ad
3158 738 3247 805 77,
3266 734 3538 807 superius
3557 734 3794 807 proprio

390 831 520 888 loco
548 827 881 901 descriptis.
900 827 965 882 1d
992 830 1189 882 autem
1221 825 1415 899 palam
1448 824 1587 881 facit
1614 824 1765 880 hanc
1794 823 2195 880 collectionem
2216 823 2408 896 prima
2438 841 2579 881 cura
2601 824 2969 881 lueubratam
2992 824 3172 881 fuisse
3199 824 3357 881 exiis
3378 823 3544 880 libris
3563 824 3790 880 Lectio-

390 919 572 977 nariis
603 918 705 991 qui
729 917 822 972 his
847 914 1219 971 sermonibus
1243 914 1552 970 carebant:
1582 915 1786 985 postea
1801 928 1937 969 vero
1956 912 2018 967 in
2039 910 2364 969 collectoris
2392 930 2604 970 manus
2624 912 2851 970 venisse
2876 912 3021 970 alios
3042 912 3351 985 libros,qui
3372 928 3509 968 cum
3528 911 3636 968 hos
3658 927 3786 969 ser-

391 1024 596 1067 mones
625 1006 978 1080 pral'errent,
1011 1019 1111 1059 eos
1141 1002 1202 1058 in
1236 1002 1349 1057 ﬁne
1378 1001 1743 1073 adjiciendos
1771 999 2015 1074 putavit.

462 1098 551 1154 19.
585 1098 648 1152 In
677 1095 788 1152 hac
818 1092 1154 1149 collectione
1189 1090 1565 1147 inveniuntur
1579 1105 1784 1145 omnes
1808 1087 2050 1161 genuini
2080 1089 2291 1146 Leonis
2311 1104 2611 1147 sermones
2631 1091 2733 1163 qui
2764 1094 2998 1147 exstant
3018 1090 3077 1145 in
3098 1089 3439 1146 collectione
3459 1089 3667 1163 prima,
3691 1105 3793 1146 ex-

391 1191 555 1260 cepto
586 1200 762 1242 serm.
795 1185 851 1248 2,
885 1182 954 1238 de
982 1179 1164 1236 natali
1198 1196 1381 1252 papae,
1410 1178 1510 1251 qui
1533 1177 1737 1249 incipit
1755 1178 2171 1235 Honorabilem:
2203 1182 2260 1234 at
2289 1178 2595 1235 duodecim
2626 1178 2773 1236 alios
2802 1195 3111 1252 germanos
3141 1178 3568 1253 complectitur,
3600 1179 3700 1251 qui
3729 1178 3790 1234 in

389 1273 692 1334 Casinensi
721 1271 1148 1329 desiderantur.
1171 1268 1447 1335 Quamvis
1469 1266 1665 1340 plures
1689 1265 1860 1322 alieni
1888 1284 2187 1324 sermones
2220 1267 2279 1322 in
2311 1266 2404 1323 his
2425 1268 2655 1324 duabus
2667 1267 3107 1325 collectionibus
3128 1268 3302 1325 Leoni
3325 1268 3790 1341 tribuantur,qui

389 1368 449 1424 in
470 1366 660 1422 tribus
673 1359 1052 1434 sequentibus
1066 1375 1180 1414 non
1194 1357 1591 1425 inveniuntur,
1612 1360 1767 1412 unde
1779 1356 1888 1412 hoc
1902 1355 2689 1429 nomineillispostponendze
2708 1356 2859 1425 sint;
2891 1362 3231 1413 cumtamen
3244 1356 3519 1414 lectiones
3529 1356 3789 1430 plerum-

390 1471 504 1529 que
524 1451 792 1509 meliores
815 1448 1200 1521 preseferant,
1227 1445 1479 1501 multum
1503 1462 1605 1518 per
1630 1461 1690 1502 se
1712 1445 2034 1501 editoribus
2056 1444 2339 1512 utiliores,
2356 1463 2421 1500 ac
2445 1445 2631 1518 pluris
2648 1446 3002 1502 aestimandae
3020 1450 3176 1501 sunt.
3203 1447 3263 1501 In
3282 1463 3393 1501 ms.
3416 1447 3479 1502 21
3497 1489 3511 1503 .
3533 1445 3790 1503 basilica

388 1547 450 1603 S.
482 1542 657 1608 Petri,
681 1542 813 1613 post
832 1542 1067 1594 centum
1100 1552 1401 1592 sermones
1421 1534 1704 1590 hactenus
1725 1533 2035 1600 indicatos,
2057 1538 2289 1591 exstant
2307 1534 2574 1605 quaedam
2595 1538 2652 1589 S.
2672 1534 2939 1607 Cypriani
2961 1550 3164 1607 opera:
3198 1533 3319 1591 haec
3357 1538 3553 1591 autem
3575 1534 3793 1607 excipit

388 1631 636 1707 epistola
654 1633 711 1685 S.
739 1625 949 1683 Leonis
970 1626 1041 1681 ad
1068 1626 1316 1681 Leonem
1342 1626 1674 1695 Augustum
1699 1624 1821 1689 165,
1846 1639 1973 1695 quae
1995 1623 2054 1679 in
2084 1622 2442 1679 Lectionario
2464 1621 2841 1681 Vallicellano
2868 1624 2941 1678 26
2975 1622 3196 1678 inserta
3222 1627 3332 1690 est,
3375 1626 3433 1679 et
3477 1623 3610 1678 dein
3644 1640 3787 1697 qua-

386 1719 711 1780 tuordecim
742 1714 839 1773 alii
871 1729 1173 1770 sermones
1204 1712 1351 1768 subd
1364 1716 1540 1766 untur
1564 1710 1691 1767 sine
1720 1710 1840 1769 ullo
1871 1711 2127 1768 auctoris
2157 1711 2412 1779 nomine,
2440 1710 2543 1784 qui
2566 1712 2685 1768 fere
2716 1712 2775 1768 in
2806 1711 3127 1785 appendice
3141 1710 3569 1785 Augustiniana
3587 1729 3789 1770 recen-

380 1814 609 1875 sentur.
639 1808 700 1862 In
723 1803 919 1861 codice
948 1805 1147 1858 autem
1180 1799 1493 1857 Barberino
1509 1801 1580 1855 88
1600 1800 1722 1856 hinc
1741 1816 2083 1857 sermonum
2106 1800 2326 1856 additio
2349 1800 2721 1857 subnectitur
2752 1805 2989 1856 centum
3019 1800 3393 1857 sermonibus
3424 1800 3787 1869 memoratis,

387 1904 472 1957 ita
489 1904 555 1955 ut
574 1895 840 1968 ejusdem
866 1891 1068 1947 Leonis
1087 1890 1265 1945 videri
1302 1888 1505 1961 possit.
1526 1892 1597 1943 At
1616 1889 1782 1943 deest
1797 1888 2036 1944 omnino
2056 1888 2117 1943 in
2143 1905 2255 1944 ms.
2275 1888 2652 1945 Casanatensi
2676 1888 2742 1944 G.
2771 1888 2845 1943 III
2864 1889 2917 1953 7,
2943 1888 3096 1943 nnde
3119 1903 3225 1943 nec
3259 1887 3431 1959 primi
3463 1888 3791 1947 collectoris

386 2005 535 2062 opus
551 2001 701 2048 esse,
725 1998 830 2037 nec
859 1980 930 2035 ad
962 1980 1112 2034 hanc
1142 1977 1539 2033 collectionem
1571 1982 1834 2050 spectare
1863 1978 2252 2049 cognoscitur.
2301 1981 2508 2032 Petrus
2541 1976 2776 2033 Mallius
2805 1994 2883 2032 x11
2915 1976 3110 2031 saeculi
3142 1977 3411 2049 scriptor,
3444 1977 3503 2032 in
3536 1978 3791 2034 Historia

386 2076 663 2135 basillicze
686 2073 745 2127 S.
771 2069 919 2127 Petri
943 2085 976 2122 a
998 2065 1371 2122 Bollandistis
1394 2066 1552 2122 edita
1573 2070 1714 2121 tom.
1744 2065 1816 2120 VI
1838 2067 1965 2121 Act.
1996 2065 2095 2120 SS.
2120 2070 2268 2137 part.
2293 2083 2355 2132 ιι,
2377 2082 2511 2121 cum
2529 2082 2653 2138 cap.
2682 2066 2737 2135 3,
2767 2081 2927 2121 num.
2943 2066 3032 2130 37,
3057 2065 3412 2122 mentionem
3435 2066 3575 2123 facit
3593 2068 3792 2139 cujus-

385 2170 521 2225 dam
543 2158 897 2220 collectionis
918 2171 1257 2212 sermonum
1279 2154 1336 2210 S.
1358 2154 1583 2221 Leonis,
1609 2171 1734 2227 quae
1756 2153 2098 2227 praeferebat
2117 2153 2291 2210 etiam
2313 2152 2622 2226 epistolam
2645 2155 2717 2210 ad
2742 2153 3082 2211 Flavianum
3106 2173 3119 2222 ;
3140 2159 3267 2210 tum
3286 2171 3417 2212 vero
3439 2171 3488 2211 c.
3519 2157 3574 2223 7,
3597 2173 3655 2211 n.
3684 2158 3779 2212 131

384 2257 597 2328 allegat
625 2262 957 2308 sermonem
979 2244 1228 2300 laudatae
1262 2242 1624 2314 appendicis,
1648 2243 1960 2315 inquiens:
1995 2246 2088 2298 Est
2112 2251 2164 2299 et
2187 2243 2491 2313 castellum,
2518 2244 2658 2313 quod
2686 2244 2796 2314 fuit
2822 2245 3086 2299 memoria
3116 2243 3391 2299 Hadriani
3415 2247 3781 2317 imperatoris,

381 2348 523 2404 sicut
553 2342 753 2412 legitur
782 2339 843 2394 in
867 2349 1113 2391 sermone
1139 2333 1195 2389 S.
1227 2334 1417 2388 Leonis
1440 2347 1606 2403 papa:
1624 2332 1689 2387 de
1713 2334 2011 2404 festivitate
2039 2331 2094 2387 S.
2127 2333 2320 2394 Petri;
2350 2332 2526 2387 refert
2557 2336 2753 2388 autem
2784 2331 3188 2388 testimonium
3205 2349 3274 2389 ex
3289 2350 3558 2391 sermone
3581 2336 3644 2390 13
3663 2335 3788 2392 lau-

382 2438 530 2493 data:
546 2425 853 2505 appenfiici
882 2425 1121 2489 inserto,
1146 2437 1322 2493 quem
1346 2421 1403 2476 in
1424 2420 1744 2493 appendice
1761 2424 1961 2477 nostra
1989 2421 2251 2477 edemus.
2276 2421 2582 2494 Respicere
2597 2421 2827 2478 videtur
2854 2420 3210 2479 collectionis
3239 2428 3567 2481 memoratae
3589 2441 3785 2482 exem-

381 2525 568 2600 plum,
602 2518 757 2594 quod
787 2516 848 2571 in
875 2510 1110 2570 archivo
1140 2508 1394 2567 basilica:
1418 2513 1475 2565 S.
1502 2508 1653 2567 Petri
1683 2513 1968 2566 servatur.

1562 2654 1587 2709 §
1616 2652 1699 2703 IV.
1732 2651 1805 2701 De
1834 2651 2003 2702 tribus
2034 2651 2147 2701 aliis
2176 2651 2598 2703 collectionibus.

449 2795 540 2850 20.
571 2785 826 2846 Tertiam
858 2777 1256 2837 collectionem
1275 2774 1641 2848 appellamus
1661 2791 1790 2830 eam
1822 2791 1949 2847 quae
1967 2776 2233 2832 exstabat
2258 2776 2319 2832 in
2350 2793 2461 2833 ms.
2488 2777 2642 2832 unde
2664 2777 2855 2849 prima
2874 2777 3054 2834 editio
3076 2782 3337 2835 Romana
3366 2797 3401 2836 a
3420 2780 3646 2839 Joanne
3665 2785 3785 2839 An-

380 2886 521 2955 dron
550 2878 821 2953 episcopo
851 2867 1132 2928 Aleriensi
1152 2868 1388 2937 sumpta
1410 2863 1538 2920 fuit.
1572 2864 1733 2920 Hanc
1754 2881 1862 2921 nos
1889 2864 2217 2921 invenimus
2248 2865 2308 2920 in
2332 2865 2610 2921 Vaticano
2643 2882 2754 2922 ms.
2778 2868 2902 2935 545,
2928 2866 3029 2940 qui
3060 2867 3216 2924 solos
3235 2868 3442 2926 Leonis
3481 2886 3786 2929 sermones

385 2951 664 3030 continet.
688 2964 771 3020 Ad
794 2961 945 3016 hanc
961 2955 1227 3014 eamdem
1249 2951 1646 3011 collectionem
1664 2951 1953 3023 pertinere
1983 2952 2278 3008 credimus
2299 2952 2555 3009 codicem
2578 2956 3026 3026 Bononiensem,
3049 2956 3221 3027 cujus
3241 2956 3530 3014 variantes
3551 2962 3785 3018 notatas

380 3059 717 3120 invenimus
736 3052 794 3107 in
818 3064 930 3104 ms.
954 3043 1437 3108 Barberin03528,
1458 3040 1545 3096 htB
1561 3041 1714 3097 enim
1741 3057 1873 3096 cum
1896 3039 2246 3098 lectionibus
2256 3041 2459 3115 prima:
2477 3042 2750 3101 editionis
2771 3044 2888 3101 fere
2908 3044 3278 3101 conveniunt.
3301 3045 3565 3103 Continet
3584 3051 3783 3106 autem

381 3151 503 3207 haec
521 3141 782 3204 collectio
797 3134 1002 3194 Leonis
1023 3147 1323 3193 sermones
1338 3130 1739 3196 XCIII,omnes
1759 3128 2039 3194 sinceros,
2060 3128 2256 3185 nullos
2279 3129 2640 3200 ascititios,si
2670 3148 2855 3187 unum
2873 3131 2944 3188 de
2956 3131 3303 3189 Machabazis
3324 3134 3782 3209 excipias,quem

381 3241 442 3297 in
463 3231 785 3311 appendice
801 3222 1127 3311 Augustino
1141 3218 1590 3311 vindicabimus.
1614 3217 1995 3311 Sermonibus
2016 3217 2089 3311 de
2109 3216 2295 3311 Natali
2307 3216 2538 3311 Domini
2556 3219 2856 3291 praemittit
2871 3220 3179 3294 epistolam
3193 3223 3265 3278 ad
3285 3222 3780 3300 Flavianum,qua3

380 3305 789 3395 hanc—quoque
807 3309 1208 3369 collectionem
1232 3323 1301 3363 ex
1323 3305 1703 3362 Lectionariis
1732 3305 2048 3362 deri’vatam
2072 3305 2285 3367 innuit.
2310 3306 2532 3363 Desunt
2551 3322 2618 3364 ex
2645 3308 2888 3366 sinceris
2921 3314 3040 3366 tres
3085 3310 3191 3367 soli
3223 3327 3544 3383 sermones,
3577 3314 3679 3387 qui
3710 3332 3780 3372 ex

383 3434 498 3475 ms.
518 3394 736 3469 Nicolai
769 3400 937 3460 Fabri
959 3398 1097 3455 editi
1127 3399 1285 3453 sunt.
1318 3395 1470 3451 Ordo
1501 3398 1696 3450 autem
1718 3411 2059 3453 sermonum
2078 3394 2248 3451 XCIII
2271 3394 2426 3450 idem
2447 3400 2538 3452 est
2557 3412 2624 3452 ac
2654 3396 2715 3452 in
2736 3398 2988 3470 vulgatis
3022 3399 3541 3473 communioribus,
3564 3403 3664 3475 qui
3684 3403 3779 3461 his

383 3506 574 3564 tribus
596 3491 969 3557 sermonibus
999 3490 1216 3552 carent,
1247 3483 1355 3540 hac
1393 3501 1511 3539 una
1541 3483 1893 3556 exceptione,
1930 3484 2087 3555 quod
2110 3500 2302 3539 sermo
2321 3484 2382 3539 51
2413 3484 2470 3539 in
2504 3484 2880 3558 Evangelium
2911 3486 3166 3543 Matthaai
3198 3506 3246 3545 c.
3269 3506 3384 3545 xm
3424 3491 3782 3549 describitur

381 3578 535 3654 inter
564 3600 862 3648 sermones
890 3580 961 3637 de
988 3574 1466 3647 Quadragesima,
1495 3573 1579 3629 uti
1609 3572 1670 3628 in
1692 3571 1967 3629 omnibus
1985 3570 2361 3629 Lectionariis
2383 3574 2608 3645 positus
2629 3580 2717 3631 est
2736 3575 2978 3633 sabbato
3001 3581 3253 3649 quatuor
3273 3583 3602 3652 temporum
3626 3584 3778 3649 Qua-

352 3681 746 3758 0dragesima,
778 3670 919 3730 editi
949 3671 1144 3724 autem
1175 3665 1234 3720 in
1267 3662 1449 3719 alium
1480 3662 1673 3719 locum
1702 3660 2147 3718 transtulerunt.

449 3747 543 3830 2Ῑ.
573 3771 705 3826 Haec
734 3757 1016 3820 collectio,
1065 3756 1273 3825 praeter
1302 3750 1566 3807 ordinem
1602 3751 1674 3806 ab
1704 3748 2093 3805 anterioribus
2131 3747 2303 3823 longe
2332 3750 2649 3820 diversum,
2682 3752 2832 3809 duos
2863 3769 3162 3812 sermones
3192 3755 3252 3810 in
3284 3756 3494 3812 iisdem
3526 3757 3782 3815 omissos

378 3860 632 3924 exhibet,
655 3866 844 3911 unum
861 3848 933 3902 de
964 3840 1243 3907 collectis,
1267 3839 1361 3894 cui
1388 3838 1620 3893 initium
1641 3839 1839 3893 Notum
1867 3837 2035 3905 vobis,
2062 3836 2120 3891 in
2147 3842 2348 3894 nostra
2369 3840 2624 3897 editione
2641 3857 2815 3896 serm.
2836 3841 2968 3909 Vll;
3002 3842 3248 3898 alterum
3272 3850 3476 3900 contra
3510 3845 3781 3904 haeresim

376 3944 736 4023 Eutychetis,
759 3935 858 4010 qui
881 3931 1086 4004 incipit
1105 3926 1774 4023 Sicutpcrilcramnobis
1794 3943 1969 4023 serm.
1990 3926 2173 4023 XCYI.
2199 3926 2427 3984 Titulos
2448 3933 2643 4023 autem
2661 3945 2999 4023 sermonum
3020 3931 3344 4003 peculiares
3360 3933 3782 4017 habet,quibus

374 4012 513 4097 tam.
532 4037 603 4092 ab
619 4029 790 4090 editis
810 4038 983 4098 quam
1019 4037 1052 4075 a
1080 4015 1303 4074 cmteris
1324 4014 1762 4072 collectionibus
1783 4014 2035 4071 maxime
2056 4014 2417 4087 discrepans,
2442 4017 2594 4073 sicut
2617 4022 2674 4072 et
2696 4017 2753 4073 in
2776 4017 3125 4075 lectionibus
3147 4038 3296 4094 saepe
3320 4020 3487 4078 valde
3511 4012 3782 4080 dissimi-

373 4128 552 4190 libus,
577 4122 758 4179 alium
776 4113 1014 4172 omnino
1039 4109 1256 4164 fontem
1277 4102 1644 4177 apertissime
1663 4103 1876 4176 prodit.
1900 4102 2125 4159 Titulos
2143 4103 2403 4160 diversos
2426 4104 2714 4163 indicasse
2742 4106 3014 4162 sufﬁciat.
3039 4107 3358 4167 Duodecim
3380 4127 3681 4168 sermones
3715 4112 3784 4169 dc

376 4209 805 4286 Quadragesima
823 4203 974 4259 hanc
996 4193 1347 4286 peculiarem
1367 4191 1710 4286 divisionem
1728 4191 1913 4248 ethos
1935 4191 2136 4248 titulos
2164 4192 2507 4264 praeferunt:
2540 4194 2799 4258 Quatuor
2823 4194 2996 4267 primi
3022 4196 3424 4253 inscribuntur
3441 4199 3507 4255 de
3535 4200 3781 4268 Quadra-

374 4280 615 4378 ᾱϐδίτηαξ
643 4294 908 4371 quintus,
929 4288 995 4344 de
1014 4280 1728 4378 jejuniogaadragesimali
1759 4296 1936 4336 sermo
1970 4283 2035 4341 V:
2075 4285 2293 4378 sextus,
2340 4282 2629 4378 septimus
2650 4287 2707 4337 et
2736 4289 2994 4378 octavus,
3028 4284 3092 4340 de
3121 4287 3378 4343 Passione
3405 4295 3455 4343 et
3486 4289 3777 4345 Resurrec-

378 4368 526 4452 liene
551 4368 772 4448 Domini
799 4396 979 4440 sermo
1008 4379 1048 4444 I,
1081 4376 1133 4431 II
1159 4376 1207 4429 et
1232 4373 1337 4435 III;
1368 4387 1577 4439 nonus,
1607 4368 1872 4425 decimus
1903 4374 1962 4425 et
1991 4368 2357 4441 undecimus,
2401 4370 2466 4426 de
2494 4372 2640 4426 Festo
2661 4370 2911 4443 paschali
2936 4388 3133 4441 sermo,
3159 4375 3202 4443 Ι,
3237 4375 3286 4431 II
3316 4383 3368 4431 et
3396 4378 3473 4432 III
3497 4393 3518 4439 ;
3548 4377 3774 4433 duode-

377 4484 568 4542 cimus
590 4483 807 4543 autem,
833 4472 897 4529 de
910 4467 1172 4526 Passione
1200 4460 1420 4517 Domini
1437 4475 1610 4515 sermo
1636 4462 1883 4529 quartus.
1909 4458 2052 4514 Dein
2075 4458 2338 4529 subjecto
2364 4475 2633 4515 sermone
2655 4458 2714 4514 in
2736 4459 3108 4532 Evangelium
3129 4462 3382 4519 Matthaei
3399 4480 3448 4520 c.
3480 4481 3615 4533 xvu,
3651 4482 3776 4522 ser-

374 4587 578 4629 mones
598 4569 666 4625 19
692 4560 912 4635 vulgati
936 4558 1003 4613 de
1022 4555 1277 4611 Passione
1297 4554 1354 4606 et
1375 4549 1490 4604 duo
1515 4551 1828 4620 sequentes
1846 4546 1911 4602 de
1931 4547 2355 4603 Resurrectione.
2378 4547 2718 4603 continuata
2739 4565 3116 4604 numerorum
3142 4551 3289 4606 serie
3310 4552 3394 4607 sic
3414 4552 3769 4623 efferuntur;

373 4660 607 4717 Primus
652 4657 716 4711 In
744 4654 1095 4707 Parascevem
1137 4640 1357 4697 Domini
1393 4638 1459 4693 de
1490 4638 1748 4694 Passione
1781 4650 1956 4691 sermo
1995 4637 2244 4706 primus;
2279 4634 2540 4707 quinque
2590 4640 2922 4708 sequentes,
2945 4637 3012 4693 de
3039 4639 3298 4695 Passione
3326 4643 3546 4697 Domini
3572 4644 3641 4710 II,
3673 4643 3769 4708 III,

371 4750 459 4820 IV,
496 4749 535 4805 ν
571 4749 624 4803 et
673 4744 768 4804 VI;
817 4736 1125 4809 septimus,
1172 4729 1241 4820 de
1286 4728 1498 4820 Pascha
1543 4726 1766 4820 Domini
1814 4740 1989 4820 sermo
2039 4724 2342 4820 septimus;
2370 4723 2488 4820 alii
2536 4729 2788 4820 quatuor
2835 4726 2901 4782 de
2946 4729 3208 4785 Passione
3260 4729 3387 4798 VIII,
3420 4730 3503 4798 IX,
3534 4731 3578 4785 X
3602 4733 3652 4787 et
3685 4731 3769 4787 XI.

372 4807 573 4893 Caiteri
616 4830 756 4888 editi
784 4807 913 4883 octo
969 4823 1039 4877 de
1083 4817 1360 4875 Passione
1390 4819 1447 4872 et
1476 4814 1703 4886 primus
1731 4813 1803 4868 de
1834 4810 2274 4868 Resurrectione
2304 4807 2412 4868 hac
2444 4812 2822 4887 inscriptione
2864 4820 3298 4887 praenotantur;
3332 4819 3407 4875 De
3429 4821 3692 4875 ραδείοπε
3722 4827 3773 4876 ει

369 4922 780 4983 Resurreclione
833 4911 1058 4972 Domini
1111 4909 1226 4972 XII,
1277 4906 1410 4972 XIII,
1470 4904 1596 4969 XIV,
1628 4904 1730 4969 XV,
1775 4902 1901 4970 XVI,
1936 4901 2085 4966 XVII,
2135 4900 2315 4968 XVIII,
2372 4903 2481 4957 XIX
2504 4906 2557 4958 et
2586 4904 2684 4958 XX.
2745 4904 3004 4959 Tandem
3054 4910 3385 4977 postremus
3442 4922 3656 4974 sermo,
3706 4906 3775 4963 de

368 5011 785 5072 Resurrectione
812 5001 1032 5060 Domini
1058 5013 1233 5053 sermo
1264 4995 1390 5048 XXI.

440 5104 531 5158 2-2.
564 5099 710 5156 Cum
734 5110 868 5152 vero
889 5086 1080 5164 quoad
1106 5085 1257 5140 hanc
1279 5080 1675 5139 collectionem
1701 5079 1791 5134 usi
1810 5077 1997 5134 simus
2017 5078 2488 5149 frequentissime
2518 5079 2778 5151 exemplo
2801 5080 3001 5152 primae
3024 5081 3295 5138 Romanis
3313 5082 3607 5151 editionis,
3641 5100 3772 5156 qua

370 5190 677 5253 rarissima
702 5188 809 5251 est,
842 5185 899 5238 et
919 5171 1230 5244 Quesnello
1264 5171 1461 5244 ignota
1482 5168 1611 5235 l‘uit,
1645 5167 1717 5222 de
1746 5166 1854 5222 hac
1885 5183 2000 5221 non
2032 5165 2176 5221 nihil
2212 5167 2528 5224 dicendum
2558 5168 2805 5224 videtur.
2831 5168 2931 5225 Ille
2959 5169 3195 5241 quidem
3220 5171 3279 5227 in
3312 5172 3647 5244 pra-ratione
3676 5189 3774 5245 ge-

371 5278 575 5346 nerali,
600 5295 659 5333 n.
690 5277 745 5343 2,
767 5268 942 5328 veluti
971 5266 1223 5339 primam
1254 5257 1512 5316 traduxit
1540 5272 1880 5312 sermonum
1908 5254 2225 5346 editionem
2255 5257 2537 5312 Venetam
2570 5275 2664 5313 an.
2697 5259 2851 5324 1485,
2875 5275 3002 5331 quaa
3023 5259 3309 5316 Joannem
3331 5262 3622 5318 Andream
3656 5260 3774 5332 epi-

370 5343 615 5441 scopum
644 5361 999 5421 Aleriensem
1019 5357 1317 5441 auctorem
1334 5348 1591 5441 praefert,
1615 5346 1997 5441 eamdemque
2013 5343 2248 5441 alicubi,
2264 5347 2385 5441 sed
2397 5346 2695 5403 rarissime
2716 5344 2776 5441 in
2800 5346 3164 5441 variantibus
3182 5348 3473 5406 adhibuit.
3498 5350 3609 5406 Sed
3631 5367 3774 5422 prai-

369 5433 636 5529 terquam
670 5452 823 5526 quod
857 5449 1043 5505 exstat
1073 5440 1188 5499 alia
1211 5437 1386 5529 editio
1415 5434 1827 5529 Veneta-Luca:
1859 5433 2061 5529 Veneti
2110 5450 2211 5529 an.
2255 5434 2410 5497 1482,
2446 5438 2706 5529 utraeque
2733 5434 2820 5490 ha:
2849 5434 3156 5529 _editiones
3188 5454 3404 5494 recusa:
3437 5438 3674 5495 fuerunt
3702 5453 3773 5492 ex

372 5520 655 5605 Romana,
680 5520 858 5613 quam
889 5534 1162 5592 laudatus
1193 5526 1503 5600 episcopus
1525 5539 1599 5613 ex
1622 5522 1902 5613 Vaticano
1927 5520 2129 5613 codice
2157 5521 2351 5613 Doms:
2382 5522 2736 5613 vulgaverat,
2759 5528 2819 5579 et
2848 5523 3025 5580 Paule
3043 5524 3089 5580 II
3115 5524 3376 5583 Romano
3398 5525 3657 5599 pontiﬁci
3680 5524 3772 5580 in-

372 5610 717 5716 scripserat;
742 5626 853 5705 Qui
878 5617 1327 5704 typograpbioos
1354 5611 1609 5679 Annales
1637 5611 1888 5684 edidere,
1927 5611 2080 5674 banc
2107 5610 2422 5676 editionem
2454 5612 2780 5675 Romanam
2809 5612 3115 5695 assignant
3141 5631 3239 5677 an.
3272 5615 3431 5689 1470,
3464 5618 3521 5678 et
3549 5615 3611 5675 in
3640 5615 3774 5695 ejus
