4092 6178
236 314 361 381 ’133
1067 314 1484 377 ΡΡιιΕΕΑΤΙΟ
1529 314 1605 375 IN
1654 312 1852 376 SERM

2043 315 2073 374 Ξ
2119 313 2185 373 S.
2229 310 2511 375 LEONlS
2557 311 2831 375 MAGNI.
3536 312 3659 373 134.

257 450 396 507 calce
422 450 541 524 legi
564 452 859 507 testantur
875 465 1078 505 versus
1103 450 1312 522 Aspicis
1343 448 1582 504 illustres
1603 451 1734 511 etc.,
1755 446 1853 518 qui
1877 445 2372 519 typographorum
2399 446 2457 500 in
2479 445 2704 502 edibus
2724 446 2955 503 familia:
2977 448 3241 507 Maxima;
3261 451 3655 513 laborantium

256 539 484 596 nomina
513 539 794 595 referunt.
816 539 939 603 Quo
971 543 1167 594 autem
1200 538 1578 592 fundamento
1611 535 1733 590 haec
1764 534 2130 599 tradiderint,
2165 534 2321 597 latet.
2355 535 2479 590 Non
2513 534 2703 591 solum
2734 536 2889 592 enim
2930 539 3087 593 omni
3119 543 3400 615 temporis
3430 543 3659 618 locique

255 629 651 696 notatione,ac
682 628 1028 684 memoratis
1058 626 1321 683 versibus
1353 631 1549 682 carent
1578 626 1693 681 duo
1724 642 1851 697 quae
1884 623 2390 681 eminentissimus
2419 622 2734 680 cardinalis
2756 624 3031 689 Quirinus
3052 629 3198 684 vidit
3225 633 3353 701 ejus
3384 634 3659 692 editionis

252 717 623 790 exemplaria,
646 734 849 774 verum
879 717 1055 773 etiam
1086 715 1188 771 illa
1219 716 1329 771 tria
1361 732 1487 786 quae
1515 714 1960 787 nobismetipsis
1989 714 2181 769 videre
2212 711 2475 785 contigit,
2501 730 2685 768 unum
2714 714 2906 770 Romae
2937 717 3088 787 apud
3121 719 3657 779 enimentissimum

252 806 655 869 Passioneum,
690 806 940 862 alterum
971 804 1210 860 Verona:
1240 804 1299 858 in
1330 802 1682 859 bibliotheca
1726 801 2093 870 Muselliana,
2117 802 2357 858 tertium
2388 801 2447 856 in
2480 801 2763 858 suburbio
2802 802 3112 859 Veronensi
3150 809 3301 878 apud
3347 812 3660 869 canonicos

251 897 668 952 Lateranenses
698 902 753 950 b'.
780 893 1062 950 Leonardi
1095 896 1359 965 emptum
1392 894 1452 948 in
1485 892 1620 949 Urbe
1649 909 1682 947 a
1710 891 2086 947 celeberrimo
2116 893 2239 947 viro
2260 890 2423 946 Celso
2452 891 2678 946 Mall‘cio
2709 908 2855 946 anno
2888 892 3045 958 1472,
3072 900 3139 950 ut
3168 895 3228 950 in
3260 888 3661 974 manuscripts

250 987 508 1057 ejusdem
531 984 745 1040 Maﬁ'eii
770 982 1062 1039 notatione
1083 982 1355 1038 traditur.
1376 981 1439 1036 In
1465 980 1727 1054 catalogo
1750 978 1986 1053 quidem
2011 978 2293 1035 librorum
2318 979 2414 1051 qui
2440 980 2749 1035 aConrado
2766 981 3140 1055 Sweynheim
3162 991 3220 1040 et
3237 989 3488 1047 Arnoldo
3512 991 3657 1046 Pan-

251 1078 402 1129 nartz
420 1073 734 1129 Germanis
755 1071 1134 1145 typographis
1154 1071 1215 1126 in
1238 1071 1462 1127 aedibus
1483 1069 1867 1126 Maximorum
1892 1070 2121 1125 fuerant
2151 1068 2424 1141 impressi
2445 1085 2633 1141 usque
2653 1071 2726 1125 ad
2748 1070 2903 1126 diem
2927 1074 2994 1126 2U
3022 1072 3211 1129 Martii
3237 1092 3332 1130 an.
3361 1079 3519 1148 1472,
3541 1082 3595 1135 et
3625 1098 3660 1136 a

248 1161 586 1235 supradicto
608 1161 894 1217 Aleriensi
916 1165 1295 1216 recensentur
1313 1157 1478 1214 initio
1500 1159 1640 1214 tomi
1662 1158 1709 1212 V
1729 1158 1984 1231 Operum
2001 1156 2223 1213 Nicolai
2240 1158 2311 1212 de
2333 1158 2507 1230 Lyra;
2532 1157 2590 1212 in
2608 1158 2738 1226 hoc,
2759 1158 3025 1231 inquam,
3045 1162 3308 1236 catalogo
3328 1166 3659 1222 referuntur

244 1252 360 1308 Divi
387 1253 587 1308 Leonis
610 1269 767 1324 papae
798 1250 1100 1318 Sermones,
1128 1254 1184 1305 et
1210 1252 1488 1305 notantur
1506 1248 1663 1303 edita
1691 1248 2036 1320 exemplaria
2064 1263 2296 1315 cccxxv,
2323 1265 2436 1320 quo
2460 1249 2675 1303 factum
2704 1254 2793 1304 est
2818 1255 2883 1304 ut
2905 1251 3207 1307 rarissima
3228 1254 3303 1308 sit
3323 1253 3443 1309 hac
3474 1254 3664 1327 prima

247 1340 445 1411 editio,
470 1356 611 1396 cum
641 1344 759 1396 tam
792 1355 979 1412 pauca
1007 1336 1365 1411 exemplaria
1391 1336 1682 1409 impressa
1712 1337 1948 1393 fuerint.
1976 1338 2122 1393 Ante
2144 1353 2362 1391 annum
2386 1353 2520 1392 vero
2549 1338 2704 1402 1472,
2728 1337 2883 1409 typis
2912 1340 3244 1410 subjectum
3269 1342 3449 1400 fuisse
3480 1342 3666 1418 liquet

247 1447 307 1485 ex
333 1427 666 1485 Aleriensis
695 1426 942 1501 epistola
968 1427 1037 1482 ad
1069 1426 1317 1482 Paulum
1349 1426 1416 1493 Il,
1451 1426 1551 1497 qui
1584 1442 1926 1498 supremum
1957 1426 2110 1481 diem
2145 1424 2290 1480 obiit
2317 1441 2395 1479 xu
2430 1423 2540 1479 kal.
2576 1426 2822 1497 Augusti
2855 1444 2950 1481 an.
2986 1429 3117 1483 1471
3155 1430 3252 1501 (α).

309 1519 397 1572 23.
432 1518 661 1582 Quarta
678 1515 939 1573 collectio
960 1516 1321 1587 frequentior
1339 1513 1399 1569 in
1425 1531 1567 1570 mss.
1592 1513 1865 1571 occurrit.
1888 1515 2134 1570 Eosdem
2160 1519 2353 1569 autem
2376 1513 2613 1569 omnino
2635 1530 2934 1570 sermones
2958 1516 3161 1572 eodem
3184 1519 3387 1576 ordine
3408 1522 3662 1593 praefert,

251 1612 307 1662 ut
334 1608 393 1662 iu
427 1606 712 1663 anteriori
734 1605 988 1660 vidimus
1014 1622 1026 1660 :
1051 1604 1238 1661 titulis
1258 1609 1475 1672 autem,
1500 1605 1601 1675 qui
1624 1603 1796 1659 iidem
1822 1608 1962 1659 sunt
1981 1620 2047 1659 ac
2070 1603 2126 1658 in
2147 1603 2421 1675 vulgatis,
2445 1603 2517 1657 ab
2540 1601 2639 1657 illa
2660 1602 2972 1676 discrepat,
2996 1623 3060 1661 ac
3084 1613 3357 1679 praiterea
3382 1611 3664 1666 varianti-

248 1696 355 1751 bus
375 1712 486 1752 nec
510 1695 781 1763 modicis,
804 1711 909 1750 nec
934 1694 1425 1766 infrequentibus,
1442 1710 1567 1765 qum
1591 1693 1829 1749 diversae
1855 1692 2086 1765 origini,
2114 1710 2224 1749 non
2242 1692 2614 1747 librariorum
2636 1691 2826 1764 lapsui
2850 1694 2936 1750 vel
2959 1695 3197 1752 arbitrio
3218 1696 3395 1753 tribui
3418 1704 3661 1772 queunt.

247 1784 517 1857 Plerique
540 1784 771 1840 codices
794 1800 1080 1840 annexam
1103 1782 1323 1839 habent
1343 1781 1724 1855 epistolarum
1752 1780 2177 1849 collectionem,
2202 1786 2258 1837 et
2286 1781 2393 1836 hac
2424 1781 2494 1836 de
2524 1796 2700 1836 causa
2726 1782 3004 1838 omittunt
3035 1786 3185 1840 inter
3213 1802 3512 1843 sermones
3542 1789 3664 1861 epi-

249 1873 457 1930 stolam
491 1873 568 1929 ad
602 1872 965 1942 Flavianum,
990 1889 1122 1928 cum
1154 1872 1214 1927 in
1246 1871 1508 1943 epistolis
1539 1887 1644 1927 suo
1670 1870 1794 1925 loco
1825 1873 2095 1942 ponatur.
2122 1869 2418 1940 Ejusmodi
2442 1875 2638 1924 autem
2671 1879 2811 1926 sunt
2839 1878 2955 1927 tres
2986 1890 3129 1929 mss.
3154 1875 3307 1929 Vatt.
3331 1877 3458 1947 541,
3480 1878 3586 1931 546
3611 1882 3667 1932 et

246 1963 375 2028 547;
399 1961 537 2016 Vat.
563 1960 815 2016 Urbinas
836 1962 936 2027 65;
960 1977 1114 2016 unus
1137 1958 1425 2032 Angelicas
1451 1959 1835 2015 Eremitarum
1869 1959 1926 2014 S.
1951 1956 2295 2030 Augustini;
2329 1954 2481 2011 alius
2502 1956 2757 2013 Venetus
2796 1960 2851 2013 S.
2876 1960 3050 2015 Marci
3081 1963 3183 2030 79;
3235 1967 3293 2017 et
3344 1962 3668 2021 Fesulanus

247 2049 670 2107 canonicorum
704 2050 1204 2105 Lateranensium.
1234 2050 1388 2103 llanc
1420 2048 1683 2103 eamdem
1712 2046 2109 2103 collectionem
2136 2063 2269 2101 eum
2292 2044 2537 2118 epistola
2568 2047 2640 2102 ad
2676 2048 3031 2115 li‘lavianum,
3057 2052 3155 2106 sed
3180 2051 3306 2107 sine
3327 2052 3666 2110 collectione

247 2138 659 2211 epistolarum,
689 2137 1026 2194 invenimus
1084 2139 1143 2192 in
1203 2154 1312 2192 ms.
1336 2137 1583 2193 Justina:
1632 2135 1908 2193 Patavine
1940 2135 2364 2204 Casinensium,
2396 2152 2499 2191 nec
2548 2153 2663 2191 non
2724 2135 2782 2191 in
2838 2137 2950 2193 alio
2974 2139 3189 2196 Veneto
3240 2142 3664 2199 monachorum

245 2231 300 2283 S.
328 2226 567 2299 Georgii
599 2226 865 2298 majoris.
890 2225 1128 2281 Nullum
1155 2224 1453 2297 exemplar
1480 2224 1692 2280 saeculo
1721 2242 1814 2281 xxv
1845 2224 2132 2280 vetustius
2164 2224 2415 2297 reperire
2446 2224 2631 2294 licuit,
2665 2227 2821 2281 unde
2843 2227 3240 2285 collectionem
3272 2230 3438 2287 valde
3468 2249 3668 2289 recen-

248 2323 364 2373 tem
392 2314 761 2388 colligimus.
784 2313 1063 2370 Omnium
1093 2319 1246 2371 certe
1274 2312 1657 2370 vitiosissima
1686 2319 1775 2369 est
1807 2330 1821 2369 :
1855 2329 2108 2385 cumque
2133 2328 2203 2368 ex
2230 2312 2428 2369 codice
2458 2312 2638 2386 hujus
2672 2313 3033 2372 collectionis
3062 2318 3330 2388 profectae
3363 2320 3672 2377 videantur

246 2405 497 2478 vulgatae
528 2403 818 2460 editiones
849 2419 1187 2459 sermonum
1218 2419 1321 2476 per
1348 2419 1448 2459 eos
1475 2402 1578 2475 qui
1598 2401 1917 2459 Aleriensis
1936 2401 2253 2458 editionem
2277 2402 2645 2474 ignorarunt,
2669 2398 2814 2457 nihil
2835 2403 3051 2460 mirum
3074 2406 3123 2462 si
3146 2407 3417 2479 pluribus
3437 2409 3668 2466 mendis

250 2501 305 2551 et
327 2492 630 2566 corruptis
660 2492 1015 2549 lectionibus
1040 2495 1322 2550 scateant.

313 2585 408 2639 24.
431 2583 712 2651 Quintam
745 2581 1149 2639 collectionem
1181 2597 1521 2638 sermonum
1550 2581 1624 2637 ab
1655 2577 2406 2653 epistolarum'collectione
2438 2579 2497 2635 in
2527 2579 2689 2636 nullo
2714 2579 2913 2637 codice
2939 2586 3270 2655 separatam
3312 2583 3669 2666 invenimus.

250 2672 411 2729 Sicut
442 2676 643 2728 autem
693 2670 1073 2744 epistolarum
1124 2669 1385 2727 collectio
1415 2688 1543 2744 qua:
1573 2669 1711 2725 huic
1750 2669 2092 2742 adjungitur
2108 2669 2336 2724 diversa
2363 2674 2453 2725 est
2481 2686 2516 2724 a
2544 2670 2880 2727 collectione
2910 2671 3290 2744 epistolarum
3343 2692 3473 2748 quae
3530 2696 3665 2738 cum

256 2765 466 2835 quarta
495 2748 837 2818 collectidne
868 2777 1207 2818 sermonum
1238 2760 1606 2834 copulantur,
1631 2759 1715 2815 ita
1742 2760 1918 2816 etiam
1966 2775 2304 2816 sermonum
2332 2758 2595 2816 collectio
2622 2759 2862 2832 aliquot,
2890 2761 2999 2818 etsi
3037 2765 3241 2835 paucis
3270 2770 3330 2822 at
3357 2767 3674 2841 exploratis

254 2850 717 2918 characteribus,
742 2849 1145 2923 distinguitur,
1171 2854 1230 2907 et
1257 2850 1545 2906 diversam
1577 2848 1864 2922 originem
1901 2847 2139 2922 promit.
2160 2847 2326 2904 Mitto
2347 2847 2745 2920 discrepantes
2767 2849 3295 2925 lectiones,quibus
3325 2856 3436 2913 etsi
3467 2857 3675 2915 melior

260 2944 339 3000 sit
364 2943 490 3000 haec
518 2958 699 3014 quam
729 2940 857 2995 duae
885 2938 1162 2995 lecliones
1191 2939 1604 3011 precedentes,
1629 2939 1830 3010 primas
1869 2942 2066 2994 tamen
2087 2936 2434 2993 etsecunda:
2457 2936 2895 2995 collectionibus
2916 2941 3084 2997 facile
3113 2944 3283 2999 cedit.
3309 2944 3671 3020 Praecipuum

255 3034 577 3090 discrimen
599 3035 690 3087 est
709 3030 769 3084 in
798 3029 1030 3085 duobus
1052 3027 1445 3084 sermonibus.
1472 3029 1818 3084 Exsultemus
1850 3029 1922 3083 de
1953 3027 2055 3084 SS.
2090 3026 2255 3082 Petro
2283 3031 2339 3082 et
2369 3025 2570 3095 Paulo,
2602 3031 2660 3083 et
2688 3030 2926 3096 Gratias,
2957 3030 3320 3102 dilectissimi,
3340 3035 3410 3093 de
3440 3037 3674 3099 Macha.

259 3122 418 3190 basis,
450 3121 556 3193 qui
589 3121 648 3176 in
679 3119 791 3174 hac
850 3118 1187 3174 collectione
1240 3120 1378 3184 non‘.
1400 3117 1678 3190 leguntur
1699 3135 1712 3173 :
1737 3117 1965 3190 primus
2021 3120 2216 3172 autem
2244 3115 2304 3171 in
2337 3121 2593 3188 quatuor
2620 3119 3099 3178 antecedentibus
3126 3121 3360 3196 legitur,
3383 3128 3676 3185 secundus

262 3228 392 3267 vero
419 3213 612 3268 exstat
642 3208 702 3263 in
735 3207 1013 3276 secunda,
1040 3207 1212 3263 tertia
1239 3212 1296 3261 et
1327 3211 1556 3279 quarta.
1580 3206 1733 3261 Ordo
1765 3209 1960 3261 autem
1990 3205 2051 3260 in
2082 3205 2303 3261 caeteris
2333 3206 2706 3262 sermonibus
2742 3206 2898 3264 idem
2930 3214 3019 3265 est
3049 3227 3114 3266 ac
3145 3211 3204 3266 in
3235 3212 3676 3273 collectionibus

268 3302 432 3356 tertia
461 3305 519 3355 et
548 3302 785 3370 quarta,
805 3296 914 3352 hoc
945 3313 1060 3352 uno
1094 3295 1454 3360 discrimine,
1478 3295 1633 3366 quod
1668 3299 1800 3367 post
1829 3310 2127 3350 sermones
2161 3295 2234 3349 de
2255 3295 2480 3366 jejunio
2510 3294 2880 3353 Pentecostes
2931 3298 3182 3355 habetur
3209 3303 3411 3359 ordine
3442 3303 3675 3361 inverso

274 3390 519 3461 primum
540 3390 607 3444 In
625 3388 828 3443 octavis
853 3386 1238 3457 apostolorum,
1260 3385 1608 3455 Religiosum,
1629 3400 1803 3440 serm.
1827 3382 2117 3450 LXXXIV;
2144 3383 2278 3438 dein
2298 3384 2361 3438 In
2379 3385 2563 3439 natali
2579 3386 2946 3457 apostolorum
2967 3389 3118 3444 Petri
3135 3393 3186 3445 et
3204 3392 3391 3459 Pauli.
3417 3393 3677 3452 Omnium
3770 3458 3773 3460 .

273 3477 499 3550 quidem,
533 3492 714 3533 serm.
749 3473 1012 3538 LXXXII,
1045 3473 1143 3544 qui
1176 3473 1317 3528 ordo
1348 3473 1559 3528 horum
1592 3489 1931 3529 sermonum
1965 3475 2053 3526 est
2081 3472 2145 3526 in
2174 3469 2509 3527 collectione
2539 3474 2593 3529 2.
2624 3476 2696 3529 At
2723 3475 2939 3531 rectius
2969 3475 3028 3530 in
3060 3477 3230 3534 tertia
3258 3483 3315 3535 et
3346 3487 3556 3553 quarta
3585 3484 3673 3539 in-

271 3571 417 3621 serto
444 3580 717 3622 sermone
749 3564 1115 3629 Exsultemus,
1151 3562 1472 3617 efferuntur
1501 3562 1582 3616 sic
1615 3578 1628 3616 :
1660 3563 1722 3617 In
1757 3562 1937 3616 natali
1966 3560 2059 3615 SS.
2092 3561 2461 3631 apostolorum
2506 3564 2661 3617 Petri
2687 3571 2737 3618 et
2764 3565 2933 3619 Pauli
2963 3581 3140 3621 serm.
3175 3567 3229 3634 I;
3266 3569 3523 3633 Omnium
3551 3575 3674 3644 qui-

271 3654 403 3723 dem,
425 3670 601 3711 serm.
622 3652 694 3718 ΙΙ,
718 3652 1070 3706 Exsultcmus
1100 3655 1157 3705 et
1182 3652 1243 3705 In
1265 3652 1464 3705 octavis
1484 3650 1849 3721 apostolorum
1867 3651 2019 3704 Pet-ri
2043 3656 2093 3704 et
2110 3648 2297 3713 Pauli,
2322 3649 2669 3719 Religiosum.
2695 3650 2823 3706 Haec
2843 3650 3122 3723 collectio,
3147 3670 3274 3726 quae
3297 3661 3387 3711 est
3407 3660 3672 3717 omnium

270 3742 597 3816 purissima,
623 3758 759 3796 cum
792 3739 938 3796 nihil
973 3738 1342 3795 subdititium
1377 3738 1686 3806 contineat,
1712 3738 2004 3793 invenitur
2030 3736 2091 3793 in
2122 3737 2253 3792 Vat.
2285 3737 2390 3793 544
2421 3737 2615 3793 surculi
2648 3738 2877 3796 circiter
2904 3757 3004 3809 xm,
3036 3741 3096 3797 in
3126 3742 3252 3798 Vat.
3276 3743 3505 3817 Reginae
3528 3747 3673 3803 Sue-

269 3832 355 3887 tiae
386 3833 482 3888 l39
512 3829 712 3887 saeculi
743 3847 865 3897 xm,
896 3827 984 3885 vel
1015 3846 1132 3896 xxv,
1160 3832 1218 3883 et
1245 3827 1302 3882 in
1337 3843 1453 3882 uno
1485 3830 1774 3883 Cmsenate
1807 3825 2097 3881 Minorum
2129 3824 2612 3882 Conventualium
2659 3831 2716 3882 Β.
2752 3829 3043 3886 Francisci
3076 3831 3272 3888 saeculi
3302 3851 3394 3902 xv,
3420 3851 3526 3892 nec
3558 3853 3673 3893 non

266 3920 325 3976 in
355 3921 673 3989 Victorino,
705 3935 879 3992 quem
911 3917 1259 3983 Quesnellus
1287 3915 1578 3972 adhibuit.

1088 4020 1113 4076 §
1144 4016 1201 4064 V.
1236 4015 1307 4064 De
1339 4014 1443 4064 alia
1471 4027 1567 4063 ms.
1600 4004 1887 4063 Oxoniensi
1918 4011 2225 4061 collectione
2255 4027 2286 4061 a
2314 4013 2590 4071 Quesnello
2620 4015 2857 4066 laudata.

334 4101 419 4155 25.
441 4099 536 4155 Hae
568 4100 711 4153 sunt
737 4095 1108 4152 collectiones
1139 4111 1285 4167 quas
1318 4093 1591 4148 vidimus.
1618 4092 1794 4149 Porro
1820 4090 2166 4157 Quesncllus
2197 4093 2456 4149 codicem
2480 4094 2865 4152 Oxoniensem
2899 4098 3096 4155 saeculi
3127 4116 3205 4171 x1,
3228 4101 3313 4158 vel
3346 4121 3446 4161 xu.
3478 4104 3681 4163 laudat

274 4188 495 4244 dissert.
524 4187 618 4254 12,
639 4202 768 4258 cap.
794 4187 846 4254 2,
877 4185 935 4239 in
969 4201 1084 4257 quo
1115 4181 1378 4239 collectio
1406 4182 1670 4255 quaedam
1694 4198 2031 4238 sermonum
2056 4181 2265 4239 Leonis
2286 4200 2404 4238 una
2423 4200 2556 4238 cum
2580 4185 2845 4256 ejusdem
2871 4189 3132 4262 epistolis
3162 4192 3513 4262 continetur,
3533 4197 3676 4254 adeo

276 4281 339 4331 ut
364 4276 543 4349 primo
575 4275 795 4330 intuitu
825 4273 983 4330 credi
1014 4270 1201 4345 possit
1222 4269 1500 4327 alterutra
1523 4288 1590 4326 ex
1612 4271 1843 4328 duabus
1872 4271 2186 4344 postremis
2216 4270 2659 4330 collectionibus
2680 4292 2808 4348 quas
2833 4294 3130 4334 sermones
3162 4285 3218 4335 et
3234 4281 3511 4353 epistolas
3533 4301 3681 4358 pou-

280 4363 401 4421 ﬁcis
420 4366 700 4437 jungunt.
726 4362 836 4419 Sed
869 4362 1046 4417 aliam
1069 4360 1308 4416 omnino
1330 4376 1458 4415 esse
1480 4377 1656 4431 quam
1685 4358 1967 4416 hactenUs
1996 4359 2258 4416 invenire
2278 4362 2672 4434 nequivimus,
2698 4364 2805 4421 hoc
2826 4366 3116 4431 Quesnelli
3141 4368 3424 4426 indicium
3448 4373 3685 4432 demon-

286 4457 436 4507 strat.
460 4452 741 4525 Epistolis,
772 4450 989 4524 inquit,
1012 4452 1234 4506 insertae
1261 4452 1387 4505 sunt
1413 4450 1821 4505 constitutiones
1852 4451 2246 4521 imperatorum
2286 4451 2563 4507 Theodosii
2591 4456 2643 4508 et
2675 4455 3048 4513 Valentiniani
3077 4458 3330 4515 adversus
3355 4462 3685 4524 Hanichaeos

280 4547 332 4596 et
353 4549 527 4596 eorum
560 4541 840 4629 Hilarium
868 4539 1250 4593 Arelatensem.
1271 4537 1621 4629 sermonibus
1649 4538 2020 4629 subjiciuntur
2048 4539 2168 4594 dum
2213 4541 2447 4611 epistola;
2478 4544 2717 4598 Proterii
2745 4545 3184 4615 Alexandrini,”
3216 4551 3544 4610 Paschasini
3571 4555 3685 4629 Ly-

279 4628 511 4684 libzlani
539 4628 611 4685 ad
640 4629 871 4684 Leonem
898 4635 1165 4695 nostrum,
1197 4630 1249 4682 et
1279 4627 1391 4682 alia
1419 4628 1651 4682 nonulla
1681 4628 1752 4683 ad
1776 4630 1948 4684 vitam
1977 4628 2033 4684 S.
2058 4631 2342 4700 pontiﬁcis
2386 4631 2697 4686 attinentia.
2731 4633 2891 4686 Sicut
2929 4639 3121 4691 autem
3153 4638 3533 4711 epistolarum
3566 4627 3684 4701 col-

280 4715 438 4773 lectio
464 4734 597 4773 cum
629 4716 971 4773 memoratis
1001 4714 1417 4771 additamentis
1438 4714 1648 4771 nullibi
1673 4733 1706 4772 a
1725 4717 1895 4773 nobis
1919 4718 2155 4774 inventa
2185 4718 2314 4785 fuit,
2338 4718 2418 4774 ita
2448 4718 2708 4776 collectio
2741 4737 3101 4789 sermonum,
3127 4741 3195 4782 ex
3217 4726 3491 4788 indicatis
3512 4734 3686 4790 addi-

283 4806 548 4877 tionibus,
571 4806 647 4863 ab
667 4805 943 4862 omnibus
965 4821 1113 4877 quas
1139 4803 1395 4860 vidimus
1416 4804 1728 4877 discrepat.
1759 4804 2031 4878 Displicet
2052 4805 2426 4871 Quesnellum
2453 4809 2799 4865 exactiorem
2821 4809 3001 4883 hujus
3023 4813 3381 4876 eollectionis
3405 4820 3673 4879 notitiam

352 4949 422 5021 (α)
450 4949 578 5032 llic,
605 4949 662 5003 in
698 4949 911 5032 [Emptis
939 4946 1317 5032 tcmo'suonll
1348 4946 2539 5032 annextiSLBallerri‘nii‘addendanindicant
2571 4951 2875 5032 sequentia
2895 4970 2957 5032 _:_«
2977 4954 3088 5032 _His
3117 4956 3177 5013 in
3212 4960 3401 5032 prima
3431 4963 3683 5019 editione

360 5018 636 5101 recri‘ptis,
659 5020 775 5101 a_P.
801 5019 1023 5101 Montio
1045 5018 1493 5101 bibliothecario
1525 5019 1584 5073 S.
1608 5019 1801 5101 Mariae
1832 5020 2161 5101 Ghratiarum
2312 5018 2763 5101 Praedicatorfum
2786 5024 3094 5101 Mediolani
3122 5018 3327 5101 moniti
3357 5018 3597 5101 fuimus,
3620 5018 3681 5091 in

293 5034 636 5143 perscriptis,
659 5037 693 5076 a
714 5034 775 5075 Ρ.
801 5034 1023 5075 MOI]th
1051 5034 1493 5075 ninuomecario
1525 5034 1584 5073 is.
1609 5034 1801 5074 meme
1832 5034 2161 5075 uratiarum
2187 5034 2290 5075 ιλιι.
2312 5034 2763 5078 rraemcatorum
2786 5034 3094 5083 Mediolani
3122 5034 3327 5087 moniti
3357 5034 3597 5101 fuimus,
3620 5034 3680 5091 in

297 5089 923 5186 .fl’i‘i‘ﬁeitﬁill‘fé‘ii‘
946 5089 1199 5186 $321333?
1226 5089 2130 5186 ΞίὲΪῗὲἓτίιίίἕξδΞΡέξξξξῖ.¹ἔὲωῇῖέθε
2152 5091 2425 5186 “illi”?
2447 5109 2515 5147 ⁸ο
2525 5093 2589 5186 Pi
2606 5095 2761 5186 “‘70:
2791 5095 2848 5150 ίη
2871 5098 3040 5186 mi“?
3059 5100 3222 5184 Falce
3243 5102 3518 5186 leguntur
3536 5122 3680 5186 ρξε-

297 5166 379 5242 ter
402 5162 531 5217 anni
552 5160 925 5242 notationem
958 5160 1201 5242 indicati
1226 5160 1686 5242 versps‘Aspi'cis'
1706 5163 1965 5242 illustres,
1998 5168 2130 5242 etc,
2154 5163 2237 5217 uti
2271 5163 2327 5218 in
2360 5163 2686 5242 Annalibus
2728 5160 3163 5242 typographicis
3192 5160 3334 5229 editi
3362 5180 3517 5231 sunt.
3536 5160 3681 5233 Ἠωθ

299 5239 472 5316 autem
494 5233 677 5316 editio
705 5234 973 5316 omnium
1005 5232 1308 5316 rarissima
1337 5232 1537 5288 diﬂ‘ert
1578 5233 1650 5288 ab
1681 5250 1749 5289 ea
1778 5235 1995 5316 pariter
2047 5235 2309 5316 Bomana
2338 5236 2507 5316 cujus
2537 5232 2810 5316 quinque
2848 5232 3204 5316 eiemplaria
3256 5232 3680 5303 recensuimus.

296 5301 407 5383 lion
433 5303 617 5388 solum
648 5305 806 5386 enim
829 5305 951 5388 ista
993 5304 1276 5388 posterior
1302 5320 1508 5388 versus
1548 5301 1899 5388 memoratos
1932 5306 2187 5388 annique
2216 5301 2573 5388 notationem
2604 5301 3078 5388 ignorat,_veruin
3125 5316 3300 5370 etiam
3333 5315 3391 5370 in
3425 5301 3682 5374 lineisvet

302 5373 527 5462 singulis
557 5375 789 5462 paginis
811 5373 1133 5462 discrepat;
1167 5392 1233 5432 ac
1264 5381 1544 5448 praeterea
1572 5377 1732 5458 prior
1760 5376 1861 5433 illa
1891 5381 2047 5460 caret
2075 5373 2425 5462 iis'quatuor
2444 5373 2658 5462 Leonis
2673 5373 2956 5462 epistolis,
2975 5385 3189 5456 quibus
3217 5387 3478 5443 secunda
3498 5373 3684 5462 ditata

302 5442 413 5531 fuit,
432 5442 577 5531 cum
600 5442 744 5531 véro.
764 5446 894 5531 haec
924 5442 1104 5529 altera
1121 5442 1783 5531 'quamaecognovimps
1804 5464 1835 5504 e
1853 5448 2049 5531 prima
2079 5442 2332 5531 editione
2363 5452 2600 5531 omnino
2623 5442 2797 5531 tuerit
2813 5442 3117 5531 expressa,
3139 5442 3684 5531 eumgquerciodicem

300 5516 485 5599 referat
510 5533 685 5593 quem
715 5516 1031 5574 Aleriensis
1059 5518 1120 5574 in
1150 5516 1330 5591 priori
1363 5516 1616 5579 editione
1635 5516 1926 5592 exhibuit;
1952 5520 2332 5603 allegationes
2356 5523 2558 5603 prima:
2588 5516 3051 5602 editionisfquas
3077 5516 3137 5588 in
3166 5516 3319 5591 notis
3350 5516 3685 5610 attulimus,

300 5589 623 5653 corrigenda
652 5605 772 5653 non
802 5594 963 5652 sunt.
984 5610 1010 5645 ιι
1047 5589 1204 5653 Enn.
3172 5630 3177 5635 -
3612 5634 3625 5646 ο

300 5602 623 5669 corrigean
652 5605 772 5653 non
802 5602 963 5652 sunt.
984 5610 1010 5645 ιι
1047 5602 1204 5653 unm
