4092 6178
463 264 578 326 135
1275 263 1695 327 PRIEFATIO
1739 265 1817 326 IN
1863 263 2286 329 SERMONES
2333 268 2399 328 S.
2446 267 2728 328 LEONlS
2774 265 3050 330 MAGNI.
3746 264 3860 328 136

460 415 574 456 non
597 396 856 466 dedisse;
881 413 948 453 ex
969 395 1170 452 ordino
1190 394 1347 452 enim
1375 399 1431 453 et
1451 397 1773 470 quantitate
1796 413 2134 453 sermonum
2158 397 2407 469 speciale
2424 398 2495 454 de
2515 398 2720 454 eadem
2729 397 3023 470 judicium
3044 397 3193 455 ferre
3208 413 3540 471 possemus.
3557 395 3722 454 Hunc
3742 399 3864 452 tan-

457 491 582 543 tum
606 483 965 560 peculiarum
985 481 1220 539 titulum
1243 500 1310 539 ex
1331 485 1533 541 eodem
1551 485 1748 541 codice
1770 484 1972 540 recitat
1989 485 2047 540 in
2067 485 2470 542 observatione
2490 486 2561 542 ad
2586 485 2840 558 primum
2861 502 3214 552 sermonem,
3231 503 3407 559 quam
3430 483 3744 558 praemissa
3765 481 3864 540 ad-

459 575 765 633 monitioni
798 572 1176 628 inseruimus.
1202 575 1263 629 In.
1294 576 1514 630 nomine
1542 577 1642 654 Dei
1669 575 1890 630 summi.
1917 576 2194 646 Incipiunt
2221 577 2485 630 tractatus
2514 590 2644 647 quos
2675 592 2709 630 a
2731 575 2819 630 die
2847 574 3214 631 ordinationis
3240 590 3360 632 sum
3399 591 3501 646 per
3545 575 3866 629 continuum

457 664 892 737 quinquennium
921 663 1261 717 beatissimus
1287 679 1434 734 papa
1462 663 1566 718 Deo
1597 663 1741 719 dixit
1763 662 1832 718 ad
1859 663 2140 735 populum.
2169 663 2250 719 Ex
2279 662 2372 718 bis
2402 668 2601 720 autem
2633 663 2823 720 verbis
2844 663 3035 737 colligi
3059 681 3228 737 posse
3253 662 3499 719 credidit
3519 660 3865 730 Quesnellus

454 754 604 810 hanc
632 769 972 808 sermonum
1005 749 1403 807 collectionem
1431 752 1689 808 derivare
1714 768 1782 808 ex
1802 751 2064 824 exemplo
2087 751 2444 809 collectionis
2475 753 2682 810 Leonis
2703 770 2819 810 evo
2846 755 3112 809 exarata.
3133 752 3328 825 Inquit
3357 751 3513 808 enim
3547 770 3560 808 ε
3586 752 3739 808 Totus
3769 765 3864 806 ve-

452 844 705 908 tustatem
735 841 910 914 spirat
940 841 1132 896 titulus
1165 843 1280 908 iste,
1305 840 1618 914 indicatque
1646 857 1936 910 sermones,
1955 859 2052 897 seu
2081 829 2340 898 tractatus
2361 843 2508 913 (quae
2535 859 2640 898 vox
2665 844 2852 898 Leonis
2875 858 2986 897 aevo
3013 841 3358 914 familiaris),
3381 841 3671 912 descriptos
3689 840 3867 912 fuisse

450 949 521 989 ex
547 931 730 987 codice
754 931 1026 1002 pontiﬁcis
1056 930 1219 985 istius
1248 937 1409 986 aetate
1437 934 1684 986 exarata.
1710 930 1843 986 Cum
1871 946 2020 985 enim
2044 946 2115 986 ex
2146 931 2279 1002 ipsis
2305 932 2643 987 sermonibus
2669 931 2827 986 nulla
2858 931 3064 986 indicia
3089 930 3355 1002 prodeant
3377 931 3573 1002 quibus
3601 935 3867 1001 appareat

452 1037 554 1093 quo
585 1022 808 1092 quisque
837 1034 982 1074 anno
1012 1018 1188 1075 dictus
1217 1019 1407 1089 fuerit,
1439 1020 1643 1091 oportet
1671 1021 1735 1073 ut
1763 1019 1949 1074 statim
1991 1019 2108 1090 fere
2129 1021 2248 1090 post
2277 1019 2715 1091 quinquennium
2739 1018 2878 1075 illud
2907 1019 3235 1090 descriptum
3276 1021 3347 1076 sit
3389 1020 3630 1090 primum
3662 1017 3864 1073 codicis

451 1111 611 1166 istius
643 1109 944 1180 exemplar.
977 1106 1099 1162 Vox
1123 1107 1361 1179 quidem
1395 1111 1658 1164 tractatus
1685 1124 1790 1180 pro
1821 1108 2194 1164 sermonibus
2246 1111 2530 1180 usurpata
2558 1108 2970 1180 antiquitatem
3021 1107 3268 1176 redolet;
3301 1114 3360 1163 at
3386 1107 3434 1163 si
3465 1107 3643 1164 codex
3671 1106 3864 1162 editos

451 1213 752 1256 sermones
775 1197 1053 1262 continet,
1076 1195 1288 1252 titulus
1309 1196 1408 1268 qui
1433 1196 1538 1252 hos
1561 1197 1751 1269 primo
1773 1195 2176 1268 quinquennio
2201 1195 2574 1269 pontificatus
2597 1196 2805 1252 Leonis
2825 1194 3050 1261 tribuit,
3074 1195 3132 1251 id
3154 1200 3243 1252 est
3263 1196 3414 1251 inter
3437 1212 3660 1256 annum
3680 1195 3787 1254 440
3807 1198 3866 1250 et

450 1285 575 1354 445,
598 1287 975 1342 manifestum
1005 1302 1258 1340 errorem
1293 1285 1506 1358 prodit.
1531 1285 1758 1340 Etenim
1791 1301 2091 1342 sermones
2121 1300 2327 1341 novem
2357 1285 2429 1340 de
2449 1285 2677 1357 jejunio
2709 1284 2929 1340 mensis
2959 1284 3191 1352 decimi,
3215 1284 3516 1344 decemde
3546 1280 3864 1339 Nativitate

449 1375 701 1441 Domini,
734 1378 861 1431 octo
891 1373 963 1429 de
992 1372 1338 1447 Epiphania,
1363 1390 1544 1428 unum
1577 1378 1634 1429 et
1660 1372 1890 1448 viginti,
1911 1373 1999 1430 vel
2033 1373 2242 1429 saltem
2275 1373 2474 1430 decem
2498 1378 2555 1429 et
2584 1390 2789 1430 novem
2822 1374 2893 1430 de
2913 1374 3190 1430 Passione
3219 1373 3472 1440 Domini,
3495 1388 3566 1428 ex
3587 1371 3718 1445 ipsa
3738 1387 3864 1428 ser-

448 1481 713 1534 monum,
733 1461 832 1537 qui
855 1462 1099 1519 diversis
1123 1462 1292 1519 annis
1325 1461 1549 1519 recitati
1573 1463 1828 1532 fuerunt,
1851 1462 2284 1535 computatione
2305 1463 2772 1536 quinquennium
2798 1463 3116 1530 excedunt;
3141 1461 3640 1534 quemadmodum
3667 1465 3862 1517 trans-

448 1558 691 1612 currunt
711 1554 884 1609 etiam
908 1551 1174 1608 nonnulli
1199 1569 1500 1608 sermones
1523 1552 1592 1608 de
1614 1551 1895 1619 collectis,
1921 1552 2004 1607 uti
2028 1568 2094 1608 ex
2116 1569 2404 1607 annorum
2427 1551 2862 1607 characteribus
2887 1551 2945 1606 in
2971 1551 3178 1606 iisdem
3208 1551 3479 1607 indicatis
3499 1549 3702 1622 liquet.
3726 1549 3862 1605 Ser-

447 1660 649 1700 mones
664 1647 901 1698 octavus
915 1641 985 1696 de
1016 1640 1349 1706 Nativitate,
1373 1645 1430 1696 et
1459 1645 1658 1696 sextus
1682 1642 1752 1696 de
1775 1641 2003 1713 jejunio
2035 1641 2266 1712 septimi
2293 1641 2536 1708 mensis,
2559 1640 2878 1714 Eutychem
2901 1639 3079 1696 veluti
3103 1639 3439 1696 haereticum
3459 1656 3726 1712 expresse
3751 1656 3860 1696 no-

445 1733 692 1802 minant,
713 1730 868 1804 quod
900 1729 1024 1785 fieri
1056 1729 1258 1785 debuit
1288 1729 1462 1786 citius
1493 1747 1628 1785 ann.
1655 1728 1778 1796 449,
1806 1728 1892 1785 vel
1925 1729 2122 1802 potius
2153 1728 2454 1802 aliquanto
2481 1734 2612 1802 post
2637 1748 2648 1786 :
2679 1730 2787 1786 hoc
2817 1729 2974 1785 enim
3005 1747 3156 1785 anno
3177 1745 3434 1786 errorem
3457 1729 3692 1802 quidem
3726 1729 3860 1800 ejus

446 1823 558 1880 Leo
587 1817 1021 1888 condemnavit;
1047 1819 1146 1874 sed
1169 1834 1306 1874 cum
1325 1817 1640 1891 Eutychem
1672 1823 1995 1874 correctum
2031 1818 2102 1874 iri
2139 1824 2420 1891 speraret,
2447 1833 2708 1892 personze
2738 1818 3066 1892 pepercisse
3095 1818 3342 1874 videtur.
3367 1819 3567 1875 Sermo
3595 1815 3668 1874 de
3696 1823 3858 1874 octa-

444 1912 532 1969 vis
563 1908 989 1985 apostolorum,
1004 1909 1102 1981 qui
1138 1913 1271 1980 post
1300 1899 1683 1981 direptionem
1717 1909 1989 1964 Romanis
2024 1908 2184 1964 urbis
2216 1907 2452 1964 habitus
2483 1909 2612 1976 fuit,
2637 1913 2768 1980 post
2797 1926 2892 1964 an.
2918 1909 3023 1963 445
3052 1907 3320 1964 collocari
3342 1908 3530 1964 debet.
3547 1907 3861 1964 Tractatus

445 2005 649 2058 contra
675 1998 943 2054 haeresim
979 1996 1315 2070 Eutychetis
1354 1997 1546 2066 (nobis
1576 2014 1766 2053 sermo
1795 1997 1980 2068 XCVI)
2013 1996 2290 2052 recitatus
2322 1995 2432 2052 iuit
2461 1995 2520 2052 in
2554 1996 2792 2052 basilica
2823 1998 2882 2053 S.
2915 1995 3233 2054 Anastasius
3265 2001 3398 2069 post
3426 1996 3665 2052 Proterii
3697 2012 3858 2052 mur-

444 2093 585 2157 tem,
620 2105 747 2161 quis
804 2085 1010 2142 incidit
1055 2085 1112 2139 in
1145 2101 1367 2140 annum
1401 2085 1522 2140 457.
1551 2085 1628 2140 Ex
1658 2083 1750 2139 bis
1782 2084 1962 2157 igitur
1991 2084 2373 2140 conﬁrmatur
2402 2085 2556 2156 quod
2595 2083 2761 2141 initio
2794 2084 3128 2152 statuimus,
3165 2083 3394 2140 nullum
3425 2100 3730 2158 superesse
3763 2101 3861 2140 co-

443 2178 632 2236 dicem
665 2174 764 2250 qui
793 2173 1196 2231 collectionem
1230 2173 1436 2229 Leonis
1468 2177 1633 2229 astate
1659 2179 1953 2230 exaratam
1985 2173 2299 2230 contineat.

1633 2297 1664 2361 ς
1690 2297 1775 2348 Vi.
1810 2299 1880 2348 De
1911 2298 2219 2349 Homiliario
2249 2299 2392 2350 Pauli
2425 2299 2664 2350 Diaconi.

513 2403 602 2456 se.
638 2400 838 2456 Restat
868 2402 934 2453 ut
959 2398 1032 2454 de
1060 2397 1386 2454 Homitiario
1418 2398 1707 2453 Doctorum
1735 2396 2021 2452 noon-ulla
2048 2397 2336 2466 dicamus,
2363 2397 2474 2454 hoc
2521 2397 2678 2454 enim
2727 2397 2945 2470 pariter
2971 2395 3149 2454 veluti
3179 2397 3378 2453 codice
3406 2397 3689 2453 utendum
3721 2396 3856 2452 erit.

448 2490 636 2562 Hujus
659 2487 983 2545 Homiliarii
1005 2490 1208 2543 auctor
1234 2490 1323 2542 est
1342 2485 1560 2542 Paulus
1581 2485 1893 2554 Diaconus,
1917 2486 2015 2558 qui
2040 2487 2214 2557 jussu
2239 2484 2422 2542 Caroli
2446 2486 2641 2558 Magni
2665 2486 2856 2541 varias
2878 2485 3117 2540 Patrum
3147 2484 3422 2541 homilias
3447 2501 3551 2557 pro
3574 2485 3854 2542 festorum

444 2579 666 2635 ratione
694 2576 928 2646 collegit
972 2579 1221 2631 exeunte
1267 2573 1478 2630 saeculo
1507 2589 1627 2630 vm.
1663 2575 1724 2629 id
1756 2573 1943 2646 liquet
1971 2590 2040 2628 ex
2071 2575 2406 2646 praefatione
2449 2575 2722 2646 ejusdem
2745 2573 2932 2630 Caroli
2982 2575 3213 2647 pristim
3259 2574 3575 2631 rarissimas
3601 2574 3849 2632 editioni

442 2665 700 2738 Spirensi
719 2682 814 2719 an.
837 2661 994 2729 1482,
1021 2667 1078 2717 et
1101 2679 1136 2719 a
1157 2662 1494 2720 Msbillonio
1525 2679 1729 2718 recusa
1760 2666 1900 2718 tom.
1930 2661 2379 2718 [Analectorum
2418 2680 2548 2736 pag.
2572 2665 2660 2719 25.
2689 2663 2897 2720 Leonis
2928 2677 3227 2719 sermones
3253 2663 3365 2730 XX,
3397 2664 3613 2720 ibidem
3645 2663 3854 2719 inserti

443 2753 736 2824 leguntur.
757 2751 886 2806 Haec
917 2755 1110 2805 autem
1143 2749 1405 2805 collectio
1435 2765 1569 2804 cum
1601 2750 1886 2822 originem
1932 2750 2106 2806 ducat
2134 2769 2202 2806 ex
2233 2769 2374 2808 mss.
2401 2751 2570 2808 libris
2595 2753 3027 2824 antiquioribus
3049 2752 3260 2809 saeculo
3292 2768 3347 2808 Ix
3377 2752 3476 2826 qui
3509 2751 3686 2808 Paulo
3716 2753 3858 2809 Dia-

443 2852 587 2898 e0no
619 2840 750 2895 usui
783 2841 962 2904 fuere,
987 2855 1101 2893 non
1134 2837 1365 2892 minimi
1392 2839 1658 2894 facienda
1680 2839 1807 2893 fuit.
1827 2838 1972 2895 Cum
1994 2855 2127 2895 vero
2151 2840 2348 2911 plures
2373 2839 2636 2911 ejusdem
2661 2839 2981 2896 Homiliarii
3006 2841 3292 2898 editiones
3313 2841 3653 2913 prodierint,
3670 2841 3858 2905 Ques-

443 2929 632 2987 uellus
661 2927 975 3000 aliquando
1003 2926 1112 2982 hoc
1144 2925 1405 3000 allegans
1437 2927 1708 2983 adhibuit
1727 2928 2040 2984 editionem
2063 2928 2230 2984 valde
2257 2929 2656 3001 posteriorem,
2681 2929 2738 2985 in
2763 2946 2878 3002 qua
2894 2929 2990 2984 alii
3017 2947 3085 2984 ex
3106 2930 3279 2985 editis
3301 2930 3507 2985 Leon-is
3530 2947 3644 2986 non
3668 2945 3860 3002 pauca

443 3020 768 3075 mutarunt.
787 3015 905 3071 Nos
924 3029 1057 3070 vero
1076 3019 1141 3070 ut
1161 3027 1471 3088 germanas
1493 3015 1656 3070 Pauli
1679 3015 1912 3071 Diaconi
1933 3015 2208 3072 lectiones
2227 3031 2731 3088 cognosceremus,
2752 3016 3110 3072 contulimus
3125 3017 3438 3073 editionem
3459 3016 3858 3073 Basileensem

440 3105 658 3164 Nioolai
691 3102 924 3160 Kessler
961 3103 1097 3158 anni
1133 3103 1292 3169 1496,
1324 3107 1624 3175 sumptam
1671 3119 1739 3160 ex
1767 3104 2170 3160 vetustissimo
2199 3104 2393 3160 codice
2425 3104 2688 3161 Ecclesiae
2720 3105 3098 3172 Basileensis;
3132 3123 3258 3178 quis
3307 3107 3442 3162 licet
3490 3123 3604 3162 non
3656 3105 3858 3162 minus

440 3211 619 3268 quam
657 3193 950 3266 Spirensis
999 3190 1314 3247 nonnullos
1361 3208 1661 3248 sermones
1690 3194 1991 3250 auctorum
2024 3193 2412 3266 posteriorum
2460 3193 2757 3249 addititics
2788 3195 3074 3266 praeferat,
3107 3195 3424 3266 genuinam
3455 3199 3652 3250 tamen
3686 3193 3852 3252 Pauli

445 3284 675 3340 Diaconi
705 3282 1017 3338 editionem
1047 3281 1236 3352 quoad
1261 3284 1498 3338 steteras
1518 3286 1575 3337 et
1599 3282 1886 3338 Leoninos
1913 3282 2145 3338 exhibet
2169 3300 2184 3338 :
2207 3282 2308 3354 qui
2333 3299 2472 3338 sane
2496 3282 2620 3338 sine
2643 3283 2926 3339 addititiis
2951 3283 3010 3338 in
3033 3284 3265 3340 duobus
3287 3301 3432 3340 mss.
3457 3283 3856 3356 Augiensibus

439 3372 838 3440 inveniuntur,
873 3371 1076 3428 eodem
1110 3369 1446 3426 Mabillonio
1478 3374 1626 3427 teste
1654 3375 1798 3427 tom.
1833 3370 1907 3427 IV
1934 3370 2260 3428 Analector.
2293 3387 2425 3444 pag.
2458 3372 2557 3427 631
2595 3375 2652 3426 et
2679 3372 2805 3427 632.

1027 3499 1052 3556 §
1080 3496 1189 3546 VII.
1221 3496 1292 3546 De
1322 3507 1422 3544 ms.
1454 3494 1743 3546 Barberino
1790 3496 2100 3547 continente
2129 3497 2304 3548 varias
2343 3495 2600 3546 lectiones
2628 3509 2938 3547 sermonum
2969 3497 3022 3547 S.
3053 3497 3264 3547 Leonis.

503 3609 596 3662 27.
630 3605 959 3677 Antequam
990 3601 1063 3659 ab
1091 3601 1200 3658 hac
1231 3603 1565 3676 praefatione
1588 3620 1831 3660 manum
1863 3605 2265 3668 submoveam,
2290 3603 2771 3675 praemonendum
2803 3607 2913 3670 est,
2936 3621 3050 3672 me,
3083 3605 3225 3660 dum
3259 3602 3454 3660 Romae
3484 3619 3768 3671 versarer,
3797 3602 3861 3660 in

434 3694 788 3753 bibliotheca
816 3693 1132 3749 Barberina
1161 3691 1455 3748 invenisse
1487 3693 1874 3750 recentiorum
1903 3694 2166 3749 codicem
2197 3694 2358 3760 3520,
2381 3693 2483 3764 qui
2507 3710 2619 3748 non
2645 3710 2862 3765 paucas
2880 3693 3172 3749 variantes
3203 3709 3543 3749 sermonum
3564 3696 3621 3747 S.
3647 3692 3864 3748 Leonis

435 3783 678 3842 editioni
737 3787 972 3855 paratas
1027 3776 1283 3836 exhibet.
1317 3781 1700 3837 Praemittitur
1742 3781 1943 3836 Italica
1971 3779 2219 3852 epistola
2252 3781 2546 3837 Laurentii
2579 3781 2722 3836 Mari
2755 3781 2974 3854 scripta
3025 3782 3116 3838 die
3171 3783 3241 3836 30
3296 3780 3487 3837 Martii
3521 3781 3678 3836 1677.
3711 3780 3862 3836 Cum

434 3869 822 3930 amentissimi
854 3867 1169 3925 cardinalis
1199 3869 1492 3926 Francisci
1532 3869 1830 3925 Barberini
1855 3873 1912 3924 et
1934 3868 2230 3924 Brancacii
2262 3874 2389 3925 tum
2424 3870 2644 3942 prazlati
2676 3871 2911 3926 nomine
2941 3870 3012 3926 ab
3043 3886 3109 3926 eo
3143 3871 3451 3942 quaesitum
3487 3869 3694 3925 fuisset
3717 3867 3862 3940 quid

432 3961 689 4019 Joannes
711 3957 971 4029 Baptista
994 3955 1191 4012 Marus
1214 3955 1393 4012 frater
1414 3973 1559 4012 suus
1583 3957 1639 4011 in
1665 3956 1979 4012 editionem
2005 3958 2212 4014 Leonis
2234 3957 2588 4030 reliquisset,
2614 3957 2914 4031 respondit
2933 3962 3068 4014 ante
3097 3958 3320 4030 aliquot
3341 3975 3526 4014 annos
3557 3958 3615 4013 in
3643 3974 3864 4014 manus

434 4049 700 4120 ejusdem
734 4045 931 4101 fratris
959 4043 1192 4100 venisse
1221 4043 1537 4101 editionem
1570 4062 1910 4101 sermonum
1942 4045 2173 4116 Leonis,
2206 4046 2265 4102 in
2299 4047 2468 4118 cujus
2500 4045 2867 4119 marginibus
2895 4047 3187 4103 Gerardus
3215 4047 3481 4112 Vossius,
3508 4046 3864 4119 praepositus

433 4134 819 4211 Tungrensis,
844 4134 1138 4190 variantes
1167 4133 1446 4190 lectiones
1478 4139 1779 4190 notaverat
1812 4152 1825 4191 :
1861 4135 1968 4191 has
1999 4139 2196 4192 autem
2247 4135 2454 4192 exinde
2483 4136 2843 4208 excerpsisse
2871 4136 3156 4192 Joannem
3208 4136 3559 4208 Baptistam;
3595 4134 3865 4209 aliasque

432 4227 724 4283 variantes
754 4240 824 4278 ex
853 4217 984 4278 aliis
1019 4217 1322 4277 codicibus
1353 4225 1410 4277 et
1441 4222 1797 4279 editionibus
1827 4223 2126 4280 addidisse
2155 4239 2221 4279 eo
2251 4221 2515 4290 consilio,
2539 4229 2604 4280 ut
2631 4237 2840 4280 novam
2868 4239 3206 4281 sermonum
3239 4224 3550 4281 editionem
3581 4222 3862 4296 vulgaret

434 4328 568 4372 cum
600 4312 769 4370 titulo
803 4329 816 4367 :
851 4312 1133 4368 Sermones
1173 4309 1227 4364 S.
1260 4311 1453 4367 Leonis
1502 4314 1698 4384 Magni
1745 4315 1988 4369 restituti
2015 4312 2086 4369 ad
2113 4309 2550 4386 ﬁdemplurium
2597 4313 2846 4372 codicum
2892 4331 3046 4383 mss.,
3072 4313 3502 4386 concluditque,
3535 4311 3859 4368 editionem

434 4402 775 4478 praedictam
807 4417 941 4456 cum
972 4397 1338 4455 variantibus
1368 4399 1584 4468 Vossii,
1615 4404 1672 4455 et
1719 4401 1810 4456 sui
1862 4400 2058 4458 fratris
2097 4400 2532 4458 lucubrationes
2580 4419 2643 4459 se
2688 4402 3002 4459 tradidisse
3050 4401 3319 4458 Michaeli
3367 4401 3586 4474 Angelo
3636 4399 3857 4467 Riccio,

433 4495 638 4567 postea
667 4487 973 4556 cardinali,
1007 4503 1074 4542 ex
1123 4502 1260 4558 quo,
1293 4486 1652 4560 quicumque
1678 4489 1837 4556 velit,
1868 4506 1937 4545 ea
1983 4495 2177 4562 petere
2225 4489 2454 4563 poterit.
2486 4489 2766 4563 Sequitur
2802 4491 3060 4564 praefatio
3089 4489 3336 4548 Joannis
3385 4490 3654 4563 Baptista:
3705 4489 3858 4546 Mari

432 4579 684 4638 editioni
715 4573 1140 4651 premittenda,
1173 4591 1353 4648 quam
1383 4575 1476 4632 hic
1503 4576 1874 4648 subjicimus.

1527 4719 1832 4776 LECTORI
1869 4720 2071 4776 JOAN.
2113 4721 2461 4777 BAPTISTA
2498 4719 2761 4778 MARUS.

505 4857 532 4885 ‹‹
567 4833 782 4900 Prodit,
815 4833 1028 4890 iterum
1060 4833 1119 4889 in
1148 4833 1339 4890 lucem
1370 4834 1542 4890 divus
1575 4835 1686 4891 Leo
1718 4835 1892 4892 rebus
1941 4836 2216 4892 omnibus
2247 4853 2518 4910 magnus,
2543 4836 2752 4893 ultima
2783 4854 2960 4894 manu
3006 4841 3062 4893 et
3109 4836 3464 4892 accuratiore
3496 4853 3676 4909 quam
3708 4840 3848 4892 ante

432 4923 738 4997 diligentia
759 4924 1084 4980 restitutus.
1099 4923 1286 4978 Tanta
1310 4928 1401 4979 est
1422 4924 1680 4997 dignitas
1702 4925 1980 4992 auctoris,
2003 4924 2350 4997 eloquentia
2377 4929 2678 4998 majestas,
2701 4927 2984 4983 sanctitas
3003 4927 3150 4993 vitae,
3168 4930 3332 4982 tanta
3353 4925 3714 4982 devictarum
3737 4925 3855 4980 hae-

432 5029 652 5082 resum,
675 5017 732 5070 et
753 5013 960 5068 frenati
981 5011 1190 5078 Attila,
1209 5028 1276 5068 ac
1309 5016 1545 5069 servatas
1570 5013 1762 5069 Romae
1785 5014 1988 5087 gloria.
2007 5018 2072 5068 ut
2093 5018 2150 5070 et
2181 5014 2366 5086 ipsius
2392 5015 2624 5087 scriptis
2646 5015 2718 5070 ad
2751 5031 3091 5088 germanam
3123 5013 3474 5070 sententiam
3507 5013 3848 5070 revocandis

431 5117 546 5161 non
570 5102 757 5176 possit
776 5103 901 5158 sine
923 5100 1216 5158 uberrimo
1241 5101 1508 5158 Ecclesiae
1531 5104 1722 5158 fructu
1745 5109 1800 5159 et
1823 5102 1948 5158 sine
1971 5118 2206 5159 summa
2220 5105 2584 5160 eruditorum
2601 5102 2896 5177 voluptate
2923 5102 3226 5160 elaborari.
3243 5103 3374 5160 Fuit
3394 5104 3502 5158 iste
3521 5101 3690 5157 labor
3709 5119 3854 5174 pau-

433 5192 517 5249 cis
541 5198 671 5248 ante
694 5192 864 5247 annis
887 5189 946 5245 P.
968 5188 1275 5262 Theophili
1299 5190 1586 5246 Rainaudi
1609 5208 1727 5247 soc.
1751 5192 1891 5248 Jesu
1909 5191 2184 5264 theologi,
2205 5192 2276 5247 de
2297 5194 2466 5265 cujus
2490 5191 2799 5264 multiplici
2821 5191 3146 5249 eruditione
3168 5192 3443 5266 praeclara
3465 5195 3851 5246 monumenta

430 5282 507 5338 ab
536 5297 603 5337 eo
632 5280 786 5354 typis
816 5279 972 5336 edita
1001 5278 1233 5333 abunde
1262 5283 1578 5334 testantur.
1597 5281 1670 5335 At
1690 5279 1968 5352 quoniam
1995 5297 2111 5336 non
2131 5285 2249 5336 tam
2273 5296 2340 5336 ex
2364 5280 2596 5352 ingenio
2621 5284 2677 5334 et
2699 5279 2964 5354 doctrina
2989 5297 3165 5352 quam
3188 5299 3256 5337 ex
3274 5280 3554 5336 varietate
3573 5278 3847 5335 codicum

429 5368 584 5441 typis
600 5369 894 5425 editorum
906 5371 964 5423 et
978 5365 1092 5422 ﬁde
1110 5364 1486 5437 antiquorum
1509 5369 2040 5440 manuscriptorum
2062 5384 2210 5441 opus
2227 5374 2563 5442 susceptum
2587 5355 2875 5442 pendebat
2889 5368 3044 5437 ;licet
3057 5386 3169 5425 non
3191 5369 3315 5426 sine
3332 5367 3506 5426 laude
3521 5371 3580 5423 et
3595 5365 3850 5423 utilitate

431 5457 494 5514 in
519 5471 592 5512 eo
623 5455 945 5528 desudat-it,
974 5459 1173 5511 tamen
1202 5469 1336 5511 cum
1369 5453 1626 5529 plurima
1653 5457 1961 5531 utriusque
2003 5457 2232 5532 generis
2277 5457 2544 5533 exempla
2571 5457 2622 5514 ei
2653 5457 2963 5528 defuerint,
3000 5475 3116 5515 non
3147 5457 3336 5533 potuit
3383 5474 3488 5532 pro
3516 5460 3648 5513 voto
3679 5458 3852 5512 tanta

385 5571 395 5582 ν
432 5543 726 5631 pontiﬁcis
753 5544 974 5626 scripta
1003 5543 1197 5604 nativo
1228 5542 1404 5606 nitori
1434 5545 1738 5606 restituere
1771 5562 1784 5605 :
1821 5563 1936 5625 quo
1971 5547 2189 5606 factum
2219 5551 2310 5606 est
2339 5551 2404 5605 ut
2431 5552 2488 5606 et
2517 5545 2681 5625 operi
2711 5545 2942 5606 deesset
2969 5550 3166 5624 optata
3196 5545 3486 5608 absolutio
3513 5547 3573 5605 et
3601 5543 3660 5603 in
3692 5535 3850 5607 sacri
