4092 6178
261 372 348 437 137
1062 370 1478 434 ΡΗΕΡΑΤΙΟ
1520 370 1601 433 ΙΝ
1648 370 1877 435 SERMt

2031 372 2066 434 S
2110 370 2175 434 S.
2224 370 2505 433 LEONIS
2551 371 2824 436 MAGNI.
3533 368 3647 431 138

256 502 804 575 omoiilecti'onibus,
834 519 984 576 quas
1013 508 1218 560 Sancta
1245 502 1500 560 Ecclesia
1542 503 1601 559 in
1652 503 1959 577 pracipuis
2002 504 2136 560 anni
2189 503 2659 560 solemnitatibus
2702 521 2770 560 ex
2815 505 3015 578 magni
3049 502 3260 560 Leonis
3290 501 3497 560 Divina
3525 501 3647 560 elo-

252 592 467 666 quentia
495 592 765 651 mutuari.
779 592 944 660 solet,
979 593 1192 648 menda
1216 610 1332 649 non
1364 609 1549 664 pauca
1578 593 1921 660 residerent,
1954 593 2109 665 quod
2142 593 2197 647 in
2227 592 2383 664 typis
2414 593 2760 648 renovandis
2777 593 2848 649 ad
2872 592 3143 648 ultimam
3191 590 3505 647 editionem
3544 605 3643 647 ve-

253 681 322 737 lut
356 681 819 738 emendatiorem
849 682 1033 738 soleat
1060 681 1301 738 recurri.
1336 684 1522 748 Quare
1561 698 1697 738 cum
1749 682 1978 738 diversa
2006 681 2271 754 exempla
2316 682 2472 755 typis
2518 682 2693 751 edita,
2737 686 2795 738 et
2841 682 2955 737 ﬁde
3006 681 3184 755 digna
3240 678 3646 752 manuscripts

250 773 469 846 antiqua
498 787 618 829 non
649 788 854 845 pauca,
887 772 1101 847 quibus
1130 777 1397 828 caruerat
1415 770 1778 844 Theophilus
1826 772 2187 838 Rainaudus,
2237 770 2392 826 nacti
2442 786 2709 827 essemus
2734 788 2747 838 ;
2771 769 2984 837 lucem,
3018 786 3142 842 quae
3167 785 3236 826 ex
3254 768 3374 825 illis
3404 768 3643 842 copiosa
3722 824 3729 833 ,

248 860 425 921 conﬁci
458 865 709 933 poterat,
722 860 783 916 in
812 860 1094 917 honorem
1124 859 1272 916 tanti
1292 860 1587 931 pontiﬁcis
1620 860 2091 933 scriptorumque
2120 860 2248 931 ejus
2298 864 2555 932 optatam
2604 859 3052 926 restitutionem,
3105 862 3164 913 et
3190 857 3501 915 utilitatem
3532 857 3640 921 Ec-

250 947 433 1016 clesiae,
463 954 649 1021 atque
676 948 1031 1006 creditorum
1062 947 1420 1020 voluptatem
1448 949 1728 1004 duximus
1757 949 2189 1005 conferendam.
2229 948 2390 1020 Vale,
2432 948 2618 1005 amice
2654 947 2856 1018 lector;
2907 952 2965 1005 et
3005 947 3149 1003 dum
3193 945 3402 1004 foveris
3444 945 3642 1004 labore

157 1084 163 1091 .
249 1043 446 1106 nostro,
481 1036 632 1105 fave,
664 1054 732 1093 ac
763 1037 812 1094 si
843 1037 984 1113 quid
1011 1036 1223 1093 melius
1254 1035 1430 1102 nosti,
1462 1052 1685 1108 prome.
1730 1058 1759 1087 »

303 1125 397 1183 Hic
413 1124 1203 1201 Joan.BaptistaMarus,qui
1236 1124 1397 1180 hisce
1426 1125 1639 1181 studiis
1656 1124 2156 1193 delectabatur,an
2178 1127 2336 1195 1644,
2360 1143 2428 1182 ex
2450 1143 2595 1194 mss,
2611 1126 2914 1183 Vaticanis
2936 1132 2991 1183 et
3006 1123 3342 1182 Barberinis
3354 1124 3641 1197 quosdam

243 1215 541 1288 Augustini
571 1231 896 1281 sermones,
929 1218 985 1270 et
1012 1230 1081 1272 ex
1109 1214 1240 1269 Vat.
1268 1213 1397 1269 cod.
1432 1214 1583 1268 1203
1602 1213 1863 1287 dialogos
1894 1213 2178 1270 Desiderii
2228 1214 2457 1270 abbatis
2512 1214 2870 1281 Casinensis,
2926 1219 3129 1288 postea
3173 1212 3425 1272 Victoris
3456 1212 3555 1279 Ili,
3579 1227 3645 1269 ac

243 1305 459 1360 tandem
493 1320 650 1360 anno
680 1305 826 1359 1655
850 1320 901 1359 e.
934 1320 1045 1359 ms.
1079 1302 1398 1358 Barberino
1428 1302 1687 1358 Pietrum
1702 1303 2023 1359 Diaconum
2041 1303 2114 1358 de
2140 1302 2298 1358 Viris
2330 1301 2665 1359 lllustribus
2685 1302 3103 1359 Casinensibus
3132 1302 3328 1358 Romae
3358 1300 3642 1361 ediderat.

241 1392 622 1449 Observamus
646 1398 841 1450 autem
872 1393 932 1449 in
959 1391 1196 1448 laudata
1221 1392 1563 1465 praefatione
1602 1392 1824 1449 nullam
1857 1393 2212 1449 mentionem
2237 1391 2361 1447 ﬁeri
2399 1392 2692 1450 variarum
2728 1391 3048 1449 lectionum
3069 1391 3283 1461 Vossii,
3306 1407 3455 1463 quas
3488 1391 3646 1447 Lau-

240 1482 441 1543 rentius
472 1482 676 1539 Marus
706 1481 1065 1539 memoravit.
1092 1482 1154 1538 In
1185 1481 1384 1537 codice
1414 1486 1613 1537 autem
1640 1481 1956 1538 Barberino
1978 1482 2316 1537 subduntur
2345 1481 2543 1554 plures
2571 1482 2861 1538 variantes
2892 1498 3232 1538 sermonum
3263 1480 3467 1537 ordine
3492 1495 3641 1535 non-

241 1588 529 1643 nunquam
560 1571 925 1644 perturbato.
954 1571 1251 1643 Plerisque
1281 1576 1535 1643 sumptae
1559 1576 1700 1626 sunt
1729 1588 1798 1627 ex
1825 1571 2122 1627 codicibus
2153 1571 2405 1628 basilica:
2438 1572 2495 1627 S.
2530 1571 2702 1637 Petri,
2752 1570 2877 1627 aliae
2908 1588 2977 1627 ex
3003 1570 3322 1638 Vaticanis,
3347 1567 3645 1626 nonnullas

239 1677 294 1716 ει
317 1660 445 1716 eod.
480 1660 651 1728 Bon.,
682 1659 743 1714 id
774 1664 866 1716 est
894 1659 1269 1715 Bononiensi.
1305 1660 1750 1731 Frequentiores
1782 1664 1921 1715 sunt
1948 1659 2008 1715 in
2034 1661 2107 1716 iis
2140 1662 2511 1716 sermonibus
2545 1661 2644 1732 qui
2670 1660 3120 1716 continenturin
3151 1652 3530 1716 Lectionariis
3549 1657 3647 1714 ba-

244 1742 402 1804 silicas
429 1747 494 1803 S.
531 1747 707 1803 Petri.
744 1747 849 1804 Ubi
884 1752 1078 1804 autem
1103 1747 1224 1803 haec
1258 1749 1626 1804 Lectionaria
1657 1748 1910 1816 defuere,
1947 1748 2259 1804 rarissimae
2291 1753 2348 1804 et
2377 1750 2730 1822 quandoque
2762 1749 2932 1805 nullae
2962 1750 3249 1805 variantes
3278 1748 3638 1804 indicantur.

241 1840 357 1904 Qua:
390 1837 516 1893 sint
553 1838 855 1893 variantes
884 1855 952 1894 ex
978 1836 1188 1894 Vossio
1214 1843 1490 1910 sumptae,
1526 1855 1653 1911 quea
1685 1841 1882 1894 autem
1914 1838 2122 1895 additae
2150 1855 2183 1893 a
2214 1838 2392 1904 Maro,
2419 1838 2670 1894 discerni
2688 1839 2910 1911 nequit.
2928 1839 3204 1895 Vossium
3238 1837 3499 1910 quidem,
3540 1834 3653 1907 qui

239 1929 416 1984 Romen
447 1924 776 1999 aliquando
807 1926 1057 1995 studuit,
1093 1928 1390 1983 Romanos
1419 1926 1670 1993 codices,
1715 1926 1905 1998 quoad
1932 1926 2180 1984 Leonem
2212 1926 2531 1983 contulisse
2561 1926 2853 2001 colligitur
2891 1944 2959 1983 ex
2989 1925 3374 1984 Miscellaneis
3403 1924 3504 1982 SS.
3537 1924 3643 1981 Pa-

235 2021 373 2072 trum
403 2015 702 2088 subjectis
734 2015 991 2071 editioni
1010 2016 1368 2089 Moguntime
1400 2033 1495 2071 an.
1532 2016 1668 2072 1604
1700 2016 1955 2088 Operum
1986 2016 2044 2073 S.
2070 2015 2332 2089 Gregorii
2359 2016 2806 2091 Thaumaturgi,
2835 2017 2931 2072 ubi
2961 2016 3157 2090 aliqua
3185 2014 3395 2075 Leonis
3425 2031 3495 2071 ex
3524 2013 3643 2070 Ro-

234 2105 410 2161 manis
440 2120 592 2160 mss.
616 2104 999 2161 edidit.Plura
1028 2110 1224 2161 tamen
1239 2122 1415 2179 quam
1449 2122 1577 2178 quae
1608 2104 1941 2160 innuuntur
1970 2104 2030 2161 in
2049 2105 2295 2178 epistola
2322 2107 2615 2163 Laurentii
2649 2107 2814 2174 Mari,
2838 2124 2970 2163 eum
3001 2105 3499 2179 parasseprohant
3514 2118 3644 2175 qua

233 2197 370 2252 idem
402 2194 661 2252 Vossius
682 2193 863 2249 tradit
899 2193 958 2250 in
991 2194 1146 2251 calce
1185 2194 1439 2266 Operum
1475 2196 1533 2251 S.
1569 2194 1918 2266 Ephrem,in
1941 2211 2056 2267 qua
2086 2212 2200 2250 non
2218 2194 2374 2252 solos
2399 2212 2724 2263 sermones,
2751 2197 2851 2252 sed
2870 2196 3068 2252 omnia
3085 2192 3645 2267 S.pontificis0pera

216 2284 529 2357 'recognita
562 2287 620 2341 et
658 2282 954 2341 illustrata
982 2300 1045 2339 se
1070 2283 1365 2339 editurum
1399 2283 1706 2357 pollicetur
1739 2299 1752 2337 :
1788 2287 1845 2339 et
1874 2283 1933 2338 in
1962 2285 2258 2340 notatione
2287 2285 2356 2340 ad
2390 2289 2702 2341 tractatum
2749 2286 2803 2340 S.
2842 2285 3045 2340 Leonis
3076 2284 3136 2339 in
3166 2282 3485 2356 Entychem
3514 2279 3644 2336 vul-

239 2380 431 2447 gatum
457 2372 524 2427 in
556 2372 798 2427 laudata
816 2371 1068 2428 editione
1092 2371 1435 2444 Moguntina
1464 2376 1712 2428 testatur
1745 2389 1758 2426 :
1783 2373 1857 2426 De
1873 2373 2129 2444 pluribus
2150 2388 2250 2444 per
2278 2388 2395 2437 nos,
2432 2373 2641 2445 inquit,
2675 2376 2735 2429 in
2782 2374 3153 2442 recognitione
3191 2375 3375 2428 nostra
3401 2370 3648 2427 Leoniua

232 2462 539 2527 observatis,
574 2475 641 2515 ac
669 2459 739 2516 ad
768 2460 1079 2530 marginem
1106 2461 1465 2532 epistularum
1495 2461 1792 2525 annotatis,
1818 2460 1937 2527 ubi,
1971 2464 2177 2533 praeter
2215 2477 2535 2527 sermones,
2569 2460 2845 2533 epistolas
2890 2460 3107 2532 pariter
3138 2477 3173 2516 a
3201 2475 3263 2516 se
3293 2457 3642 2531 recognitas,

230 2556 276 2606 et
299 2551 598 2607 variantes
628 2548 1036 2621 admarginem
1065 2548 1342 2605 editionis
1371 2548 1754 2621 epistolarum
1789 2553 2097 2605 annotatas
2128 2550 2403 2605 ostendit.
2431 2549 2592 2604 Unde
2618 2550 2795 2605 etiam
2827 2546 3371 2605 NicolausFaberin
3392 2542 3644 2619 epistola

233 2639 297 2713 ad,
316 2626 597 2699 eumdem
626 2636 905 2693 Vossium
933 2636 1085 2694 inter
1111 2637 1377 2706 ejusdem
1394 2637 1561 2692 Fabri
1594 2636 1891 2709 Opuscula
1906 2638 2150 2709 pag.ll3
2179 2642 2236 2693 et
2252 2638 2354 2692 114
2386 2656 2446 2693 se
2465 2637 2700 2694 audisse
2721 2643 2969 2693 testatur
2984 2634 3645 2693 Michaelem'Sonuium

234 2727 608 2784 Parisiensem
630 2724 1061 2797 typographum
1092 2729 1427 2798 exspectare
1456 2742 1621 2796 quam
1648 2726 1815 2780 citius
1846 2726 2022 2796 ipsius
2052 2725 2350 2781 editionem
2399 2727 2631 2799 Operam
2680 2727 2736 2783 S.
2788 2729 3003 2783 Leonis.
3054 2724 3406 2791 Quesnellus
3437 2724 3497 2780 in
3528 2724 3645 2781 ﬁne

234 2813 579 2888 prazfatiouis
595 2813 887 2887 generalis
914 2819 1202 2869 memorat
1220 2813 1455 2869 codicem
1486 2814 1723 2885 Operam
1739 2814 1792 2869 S.
1827 2815 2037 2882 Leonis,
2063 2831 2238 2885 quem
2258 2815 2534 2872 collatum
2567 2834 2599 2872 a
2620 2816 2965 2873 doctissimo
2981 2815 3103 2871 viro
3125 2815 3432 2871 Francisco
3450 2814 3645 2887 Pegna

231 2921 351 2960 cum
381 2906 787 2961 Romanarum
821 2902 1306 2961 bibliothecarum
1338 2920 1482 2958 mss.
1517 2903 1836 2970 rodicibus,
1869 2902 2010 2959 olim
2039 2908 2171 2975 post
2194 2903 2398 2975 Pegnae
2428 2910 2679 2960 mortem
2730 2904 2886 2976 apud
2920 2904 3171 2967 Marium
3202 2902 3398 2962 Sancti
3427 2902 3649 2976 Angeli

231 2995 563 3051 canonicum
602 2978 833 3051 viderat
864 2991 1159 3051 Emericus
1191 2991 1472 3064 Bigotius.
1505 2991 1653 3047 Cum
1682 2992 1939 3047 Joannes
1962 2991 2221 3063 Baptista
2256 2992 2455 3047 Marus
2485 2991 2659 3064 paulo
2712 2997 2845 3048 ante
2872 2997 3235 3048 memoratus
3265 2992 3321 3049 S.
3355 2992 3551 3064 Angeli
3582 2992 3646 3055 in

238 3084 344 3153 foro
365 3085 607 3159 piscium
639 3082 939 3138 canonicus
970 3080 1028 3135 in
1061 3080 1236 3136 editis
1266 3080 1712 3159 ejusOperibus
1742 3079 2085 3153 appelletur,
2115 3080 2261 3135 nihil
2297 3079 2539 3136 dubium
2574 3087 2659 3137 est
2692 3082 2833 3154 quin
2865 3081 3086 3137 Marius
3115 3098 3150 3137 a
3179 3079 3488 3146 Quesnello
3516 3079 3648 3136 lau~

239 3158 397 3227 datus
425 3172 585 3228 idem
617 3171 785 3228 sitae
811 3171 1067 3227 Joannes
1097 3171 1361 3243 Baptista
1391 3158 1608 3228 Marus.
1638 3170 1778 3235 Quis
1808 3174 2005 3228 autem
2038 3169 2214 3225 fuerit
2229 3170 2408 3226 codex
2437 3187 2610 3242 quem
2646 3171 2907 3244 Bigotius
2924 3172 3081 3243 apud
3112 3171 3308 3242 ipsum
3340 3170 3560 3225 invenit
3579 3185 3651 3225 ex

244 3258 547 3317 Barberino
580 3277 695 3317 ms.
724 3258 1075 3327 innotescit;
1108 3264 1166 3315 et
1202 3276 1397 3315 errore
1427 3259 1573 3315 forte
1604 3258 1836 3332 Bigotii,
1870 3260 2027 3331 quod
2058 3258 2265 3315 Vossio
2294 3264 2420 3315 erat
2456 3260 2913 3331 adjudicandum
2952 3260 3243 3316 tributum
3282 3260 3393 3315 fuit
3420 3259 3645 3331 Pegnae,

245 3364 304 3403 eo
331 3350 482 3421 quod
508 3348 668 3406 Vesii
710 3349 889 3405 codex
920 3349 980 3404 in
1013 3348 1194 3419 hujus
1217 3365 1429 3404 manus
1456 3349 1716 3404 venisset
1743 3354 2057 3420 antequam
2083 3348 2141 3403 in
2176 3349 2323 3404 Mari
2355 3349 2771 3405 bibliothecam
2817 3348 3112 3405 transiret.
3173 3349 3292 3405 Nos
3320 3347 3518 3420 ipsum
3549 3363 3646 3405 co-

243 3437 417 3495 dicem
443 3456 545 3496 seu
578 3438 896 3494 editionem
928 3438 1137 3494 Leonis
1159 3455 1192 3491 a
1220 3436 1430 3493 Vossio
1460 3454 1595 3492 cum
1628 3454 1770 3493 mss.
1804 3422 2071 3493 collatam
2096 3454 2214 3511 non
2262 3438 2620 3500 invenimus.
2673 3438 2773 3494 sed
2804 3437 2951 3493 Mari
3000 3437 3466 3494 lucubrationem
3489 3435 3655 3493 nacti

241 3518 437 3584 sumus
464 3528 523 3583 in
555 3526 755 3583 codice
784 3525 1120 3593 Barberino,
1155 3526 1479 3599 quaeVossii
1508 3530 1566 3583 et
1582 3526 2056 3582 Mariivariantes
2077 3525 2508 3598 complectitur.
2528 3530 2719 3597 Hujus
2755 3542 2889 3581 vero
2922 3526 3224 3581 Barberini
3255 3523 3644 3595 manuscripti

248 3616 425 3673 multa
437 3617 561 3674 loca
590 3615 947 3673 contulimus
965 3633 1099 3672 cum
1118 3615 1494 3672 Lectionariis
1516 3616 1768 3672 basilicae
1785 3615 1999 3672 S.Petri
2019 3633 2033 3685 ;
2068 3631 2322 3687 cumque
2336 3631 2403 3670 ea
2417 3623 2618 3671 exacte
2638 3618 2837 3669 notata
2853 3613 3367 3686 deprehendimus,
3387 3629 3422 3668 a
3438 3611 3644 3667 fusiori

245 3704 535 3765 collatione
562 3696 905 3763 eorumdem
934 3704 1105 3762 levati
1139 3704 1397 3773 fuimus;
1422 3704 1623 3777 sicque
1645 3704 1775 3761 aliis
1806 3703 2260 3777 quampluribus
2288 3708 2417 3759 tum
2440 3703 2707 3775 ejusdem
2730 3701 3147 3771 basilicae,tum
3174 3699 3491 3770 Vaticanis,
3514 3704 3644 3756 tum

249 3790 480 3851 aliarum
508 3796 909 3875 Romanarum
931 3793 1421 3850 bibliothecarum
1450 3809 1593 3851 mss.
1625 3792 2064 3866 exemplaribus
2094 3793 2583 3866 recognoscendis
2610 3807 2815 3849 vacare
2845 3790 3217 3849 commodius
3245 3784 3572 3864 potuimusl

1222 4217 1347 4320 ε.
1409 4214 2024 4323 ιεθωιε
2086 4218 2675 4321 MAGNI

1529 4416 1976 4480 PONTIFICIS
2062 4416 2367 4479 ROMANI

1147 4593 2762 4764 SERMONES

658 4867 774 4955 IN
830 4864 1452 4954 PR/ECIPUIS
1513 4867 1941 4956 TOTIUS
1996 4868 2257 4953 ANNI
2314 4864 3252 4955 FESTIVITATIBUS

1184 5058 1311 5121 AD
1391 5057 1869 5122 ROMANAM
1946 5058 2319 5125 PLEBEM
2395 5057 2761 5122 HABITI.

1052 5396 1493 5461 ADMONITIO
1538 5397 1616 5459 ΙΝ
1660 5398 1868 5462 DUOS
1914 5398 2377 5470 SEQUENTES
2425 5400 2870 5479 SERMONES,

158 5590 183 5599 -
297 5541 398 5613 Qui
422 5545 477 5608 in
503 5549 1017 5617 antecedentibus
1046 5549 1447 5623 editionibus,
1480 5549 1639 5611 sicut
1668 5556 1729 5610 et
1759 5549 1823 5609 in
1856 5568 1981 5691 rion
2008 5551 2228 5630 paucis
2258 5570 2405 5614 mss.
2458 5551 2922 5633 exemplaribus
2960 5550 3022 5611 in
3058 5563 3256 5611 unum
3311 5551 3674 5629 perpetram

1754 5649 1867 5691 coa
1897 5640 2146 5691 uerunt.

1754 5640 2146 5694 coaluerunt.

353 5776 412 5864 In
437 5783 794 5864 caui-{orique
820 5780 1157 5864 editionibug
1186 5797 1330 5837 unus
1359 5784 1477 5838 erat
1503 5796 1680 5864 sermo
1708 5782 1808 5864 qui
1824 5799 2041 5864 pauco
2072 5784 2228 5864 nobis
2250 5786 2309 5864 in
2334 5782 2466 5864 ἄξιος
2482 5783 2689 5864 divi-sus
2723 5781 3023 5864 prognti-7:.
3045 5780 3219 5864 Hujus
3245 5782 3384 5855 facti
3409 5781 3680 5861 rationem

289 5850 362 5930 εει,
380 5850 562 5930 ἔσειον,
586 5855 891 5930 intelligas,
917 5850 1881 5930 nonnullepraempncndasum.ln
1908 5855 2305 5930 vulgatisante
2353 5854 2703 5930 Quesnelliim
2723 5850 3076 5930 'editionibas
3330 5850 3571 5930 δεητιοηί
3610 5864 3682 5930 σαί

284 5917 482 5986 ἀείσω
505 5917 852 6002 Wﬁlin
870 5917 1243 5999 compacto/iii:
1266 5925 1465 5984 titulus
1482 5925 1877 6002 praeﬁgebatur
1899 5944 1912 5988 :
1937 5917 2431 5986 ln'anniversar'io
2480 5927 2550 5983 de
2598 5924 2691 5984 die
2734 5917 3156 6002 assumptioni's
3186 5925 3314 5999 ejus
3357 5921 3429 5981 ad
3461 5917 3682 5978 summi

592 6053 862 6121 Ριτιοι..
906 6049 1055 6118 ων.
3323 6047 3362 6115 5
