  <div class='ocr_page' id='page_1' title='image "/cluster/home/n/w/nwhite01/storage/ocr_20150623/54/hvd.32044054758636/080.png"; bbox 0 0 4092 6178; ppageno 0'>
   <div class='ocr_carea' id='block_1_1' title="bbox 262 348 377 416">
    <p class='ocr_par' dir='ltr' id='par_1_1' title="bbox 262 348 377 416">
     <span class='ocr_line' id='line_1_1' title="bbox 262 348 377 416; baseline -0.009 0"><span class='ocrx_word' id='word_1_1' title='bbox 262 348 377 416; x_wconf 71' lang='grc'>148</span> 
     </span>
    </p>
   </div>
   <div class='ocr_carea' id='block_1_2' title="bbox 1642 334 2177 421">
    <p class='ocr_par' dir='ltr' id='par_1_2' title="bbox 1642 334 2177 421">
     <span class='ocr_line' id='line_1_2' title="bbox 1642 334 2177 421; baseline 0 0"><span class='ocrx_word' id='word_1_2' title='bbox 1642 334 1651 343; x_wconf 84' lang='grc'><em>’</em></span> <span class='ocrx_word' id='word_1_3' title='bbox 1759 355 2027 421; x_wconf 79' lang='lat' dir='ltr'>snauo</span> <span class='ocrx_word' id='word_1_4' title='bbox 2069 354 2177 421; x_wconf 90' lang='lat' dir='ltr'>III.</span> 
     </span>
    </p>
   </div>
   <div class='ocr_carea' id='block_1_3' title="bbox 3553 356 3671 423">
    <p class='ocr_par' dir='ltr' id='par_1_3' title="bbox 3553 356 3671 423">
     <span class='ocr_line' id='line_1_3' title="bbox 3553 356 3671 423; baseline -0.008 0"><span class='ocrx_word' id='word_1_5' title='bbox 3553 356 3671 423; x_wconf 73' lang='grc'>146</span> 
     </span>
    </p>
   </div>
   <div class='ocr_carea' id='block_1_4' title="bbox 260 472 3665 575">
    <p class='ocr_par' dir='ltr' id='par_1_4' title="bbox 260 472 3665 575">
     <span class='ocr_line' id='line_1_4' title="bbox 260 472 3665 575; baseline 0.002 -25"><span class='ocrx_word' id='word_1_6' title='bbox 260 493 415 569; x_wconf 82' lang='lat' dir='ltr'>enim</span> <span class='ocrx_word' id='word_1_7' title='bbox 445 492 527 567; x_wconf 78' lang='grc' dir='ltr'>(α)</span> <span class='ocrx_word' id='word_1_8' title='bbox 556 472 1519 569; x_wconf 79' lang='lat' dir='ltr'>taminsolitum,tampavendum,</span> <span class='ocrx_word' id='word_1_9' title='bbox 1545 513 1721 570; x_wconf 89' lang='lat' dir='ltr'>quam</span> <span class='ocrx_word' id='word_1_10' title='bbox 1743 496 1909 555; x_wconf 88' lang='lat' dir='ltr'>labor</span> <span class='ocrx_word' id='word_1_11' title='bbox 1936 494 1993 562; x_wconf 77' lang='grc' dir='ltr'><strong>Α</strong></span> <span class='ocrx_word' id='word_1_12' title='bbox 2022 498 2279 567; x_wconf 87' lang='lat' dir='ltr'>laudata,</span> <span class='ocrx_word' id='word_1_13' title='bbox 2312 498 2379 574; x_wconf 67' lang='grc' dir='ltr'>(Γ)</span> <span class='ocrx_word' id='word_1_14' title='bbox 2410 497 2688 575; x_wconf 88' lang='lat' dir='ltr'>perpetua</span> <span class='ocrx_word' id='word_1_15' title='bbox 2717 503 2824 570; x_wconf 89' lang='lat' dir='ltr'>est;</span> <span class='ocrx_word' id='word_1_16' title='bbox 2854 502 2912 557; x_wconf 89' lang='lat' dir='ltr'>et</span> <span class='ocrx_word' id='word_1_17' title='bbox 2932 498 3083 557; x_wconf 82' lang='lat' dir='ltr'>sicut</span> <span class='ocrx_word' id='word_1_18' title='bbox 3106 503 3410 574; x_wconf 75' lang='lat' dir='ltr'>permanet</span> <span class='ocrx_word' id='word_1_19' title='bbox 3432 500 3583 574; x_wconf 86' lang='lat' dir='ltr'>quod</span> <span class='ocrx_word' id='word_1_20' title='bbox 3606 498 3665 557; x_wconf 89' lang='lat' dir='ltr'>iu</span> 
     </span>
    </p>
   </div>
   <div class='ocr_carea' id='block_1_5' title="bbox 257 582 1912 659">
    <p class='ocr_par' dir='ltr' id='par_1_5' title="bbox 257 582 1912 659">
     <span class='ocr_line' id='line_1_5' title="bbox 257 582 1912 659; baseline 0.002 -18"><span class='ocrx_word' id='word_1_21' title='bbox 257 582 474 658; x_wconf 80' lang='lat' dir='ltr'>fragili,</span> <span class='ocrx_word' id='word_1_22' title='bbox 509 584 849 642; x_wconf 79' lang='lat' dir='ltr'>sublimitas</span> <span class='ocrx_word' id='word_1_23' title='bbox 869 584 1098 654; x_wconf 85' lang='lat' dir='ltr'>humili,</span> <span class='ocrx_word' id='word_1_24' title='bbox 1123 586 1381 659; x_wconf 79' lang='lat' dir='ltr'>dignitas</span> <span class='ocrx_word' id='word_1_25' title='bbox 1407 604 1522 643; x_wconf 89' lang='lat' dir='ltr'>non</span> <span class='ocrx_word' id='word_1_26' title='bbox 1537 588 1816 644; x_wconf 85' lang='lat' dir='ltr'>merenti?</span> <span class='ocrx_word' id='word_1_27' title='bbox 1842 589 1912 644; x_wconf 89' lang='lat' dir='ltr'>Et</span> 
     </span>
    </p>
   </div>
   <div class='ocr_carea' id='block_1_6' title="bbox 254 675 1909 750">
    <p class='ocr_par' dir='ltr' id='par_1_6' title="bbox 254 675 1909 750">
     <span class='ocr_line' id='line_1_6' title="bbox 254 675 1909 750; baseline 0.001 -17"><span class='ocrx_word' id='word_1_28' title='bbox 254 680 452 735; x_wconf 85' lang='lat' dir='ltr'>tamen</span> <span class='ocrx_word' id='word_1_29' title='bbox 482 692 601 731; x_wconf 89' lang='lat' dir='ltr'>non</span> <span class='ocrx_word' id='word_1_30' title='bbox 633 675 1016 747; x_wconf 88' lang='lat' dir='ltr'>desperamus</span> <span class='ocrx_word' id='word_1_31' title='bbox 1047 693 1235 748; x_wconf 88' lang='lat' dir='ltr'>neque</span> <span class='ocrx_word' id='word_1_32' title='bbox 1265 676 1589 743; x_wconf 89' lang='lat' dir='ltr'>deﬁcimus,</span> <span class='ocrx_word' id='word_1_33' title='bbox 1624 679 1763 750; x_wconf 87' lang='lat' dir='ltr'>quia</span> <span class='ocrx_word' id='word_1_34' title='bbox 1793 696 1909 734; x_wconf 89' lang='lat' dir='ltr'>non</span> 
     </span>
    </p>
   </div>
   <div class='ocr_carea' id='block_1_7' title="bbox 253 764 1907 838">
    <p class='ocr_par' dir='ltr' id='par_1_7' title="bbox 253 764 1907 838">
     <span class='ocr_line' id='line_1_7' title="bbox 253 764 1907 838; baseline 0.002 -17"><span class='ocrx_word' id='word_1_35' title='bbox 253 764 322 821; x_wconf 90' lang='lat' dir='ltr'>de</span> <span class='ocrx_word' id='word_1_36' title='bbox 352 764 661 832; x_wconf 89' lang='lat' dir='ltr'>nobis,sed</span> <span class='ocrx_word' id='word_1_37' title='bbox 694 766 767 820; x_wconf 89' lang='lat' dir='ltr'>de</span> <span class='ocrx_word' id='word_1_38' title='bbox 794 764 894 820; x_wconf 89' lang='lat' dir='ltr'>illo</span> <span class='ocrx_word' id='word_1_39' title='bbox 924 765 1363 837; x_wconf 70' lang='lat' dir='ltr'>praesumimus,</span> <span class='ocrx_word' id='word_1_40' title='bbox 1398 766 1497 838; x_wconf 86' lang='lat' dir='ltr'>qui</span> <span class='ocrx_word' id='word_1_41' title='bbox 1544 773 1821 838; x_wconf 76' lang='lat' dir='ltr'>operatur</span> <span class='ocrx_word' id='word_1_42' title='bbox 1849 769 1907 824; x_wconf 90' lang='lat' dir='ltr'>in</span> 
     </span>
    </p>
   </div>
   <div class='ocr_carea' id='block_1_8' title="bbox 250 854 1906 928">
    <p class='ocr_par' dir='ltr' id='par_1_8' title="bbox 250 854 1906 928">
     <span class='ocr_line' id='line_1_8' title="bbox 250 854 1906 928; baseline 0 -17"><span class='ocrx_word' id='word_1_43' title='bbox 250 855 445 911; x_wconf 90' lang='lat' dir='ltr'>nobis.</span> <span class='ocrx_word' id='word_1_44' title='bbox 492 855 656 910; x_wconf 86' lang='lat' dir='ltr'>Unde</span> <span class='ocrx_word' id='word_1_45' title='bbox 697 860 755 910; x_wconf 89' lang='lat' dir='ltr'>et</span> <span class='ocrx_word' id='word_1_46' title='bbox 804 854 1141 910; x_wconf 89' lang='lat' dir='ltr'>Davidicum</span> <span class='ocrx_word' id='word_1_47' title='bbox 1183 855 1906 928; x_wconf 86' lang='lat' dir='ltr'>psalmum,dilectissimi,</span> 
     </span>
    </p>
   </div>
   <div class='ocr_carea' id='block_1_9' title="bbox 249 943 1908 1011">
    <p class='ocr_par' dir='ltr' id='par_1_9' title="bbox 249 943 1908 1011">
     <span class='ocr_line' id='line_1_9' title="bbox 249 943 1908 1011; baseline 0.001 -10"><span class='ocrx_word' id='word_1_48' title='bbox 249 961 366 1001; x_wconf 90' lang='lat' dir='ltr'>non</span> <span class='ocrx_word' id='word_1_49' title='bbox 398 945 476 1000; x_wconf 87' lang='lat' dir='ltr'>ad</span> <span class='ocrx_word' id='word_1_50' title='bbox 508 948 774 1000; x_wconf 87' lang='lat' dir='ltr'>nostram</span> <span class='ocrx_word' id='word_1_51' title='bbox 804 943 1141 1011; x_wconf 81' lang='lat' dir='ltr'>elationem,</span> <span class='ocrx_word' id='word_1_52' title='bbox 1177 945 1277 1000; x_wconf 89' lang='lat' dir='ltr'>sed</span> <span class='ocrx_word' id='word_1_53' title='bbox 1309 945 1380 1001; x_wconf 90' lang='lat' dir='ltr'>ad</span> <span class='ocrx_word' id='word_1_54' title='bbox 1412 945 1627 1001; x_wconf 85' lang='lat' dir='ltr'>Christi</span> <span class='ocrx_word' id='word_1_55' title='bbox 1677 947 1908 1002; x_wconf 90' lang='lat' dir='ltr'>Domini</span> 
     </span>
    </p>
   </div>
   <div class='ocr_carea' id='block_1_10' title="bbox 249 1034 1909 1110">
    <p class='ocr_par' dir='ltr' id='par_1_10' title="bbox 249 1034 1909 1110">
     <span class='ocr_line' id='line_1_10' title="bbox 249 1034 1909 1110; baseline 0.002 -22"><span class='ocrx_word' id='word_1_56' title='bbox 249 1034 501 1110; x_wconf 81' lang='lat' dir='ltr'>gloriam</span> <span class='ocrx_word' id='word_1_57' title='bbox 531 1050 794 1089; x_wconf 88' lang='lat' dir='ltr'>consona</span> <span class='ocrx_word' id='word_1_58' title='bbox 814 1050 949 1089; x_wconf 90' lang='lat' dir='ltr'>voce</span> <span class='ocrx_word' id='word_1_59' title='bbox 970 1035 1356 1091; x_wconf 89' lang='lat' dir='ltr'>cantavimus.</span> <span class='ocrx_word' id='word_1_60' title='bbox 1392 1036 1519 1107; x_wconf 87' lang='lat' dir='ltr'>Ipse</span> <span class='ocrx_word' id='word_1_61' title='bbox 1550 1040 1640 1092; x_wconf 92' lang='lat' dir='ltr'>est</span> <span class='ocrx_word' id='word_1_62' title='bbox 1660 1036 1817 1093; x_wconf 87' lang='lat' dir='ltr'>enim</span> <span class='ocrx_word' id='word_1_63' title='bbox 1839 1037 1909 1092; x_wconf 92' lang='lat' dir='ltr'>de</span> 
     </span>
    </p>
   </div>
   <div class='ocr_carea' id='block_1_11' title="bbox 250 1122 1912 1198">
    <p class='ocr_par' dir='ltr' id='par_1_11' title="bbox 250 1122 1912 1198">
     <span class='ocr_line' id='line_1_11' title="bbox 250 1122 1912 1198; baseline 0.001 -19"><span class='ocrx_word' id='word_1_64' title='bbox 250 1141 365 1198; x_wconf 90' lang='lat' dir='ltr'>quo</span> <span class='ocrx_word' id='word_1_65' title='bbox 397 1122 743 1196; x_wconf 81' lang='lat' dir='ltr'>prophetica</span> <span class='ocrx_word' id='word_1_66' title='bbox 763 1123 840 1196; x_wconf 70' lang='grc' dir='ltr'>(ὁ)</span> <span class='ocrx_word' id='word_1_67' title='bbox 863 1123 1145 1195; x_wconf 90' lang='lat' dir='ltr'>scriptum</span> <span class='ocrx_word' id='word_1_68' title='bbox 1178 1129 1286 1180; x_wconf 88' lang='lat' dir='ltr'>est:</span> <span class='ocrx_word' id='word_1_69' title='bbox 1314 1126 1459 1181; x_wconf 80' lang='lat' dir='ltr'>Tues</span> <span class='ocrx_word' id='word_1_70' title='bbox 1488 1125 1732 1182; x_wconf 83' lang='lat' dir='ltr'>sacerdos</span> <span class='ocrx_word' id='word_1_71' title='bbox 1765 1129 1824 1181; x_wconf 87' lang='lat' dir='ltr'>in</span> <span class='ocrx_word' id='word_1_72' title='bbox 1842 1144 1912 1181; x_wconf 77' lang='grc' dir='ltr'>ιε-</span> 
     </span>
    </p>
   </div>
   <div class='ocr_carea' id='block_1_12' title="bbox 248 1211 1905 1288">
    <p class='ocr_par' dir='ltr' id='par_1_12' title="bbox 248 1211 1905 1288">
     <span class='ocr_line' id='line_1_12' title="bbox 248 1211 1905 1288; baseline 0 -18"><span class='ocrx_word' id='word_1_73' title='bbox 248 1217 465 1270; x_wconf 78' lang='lat' dir='ltr'>tirnum</span> <span class='ocrx_word' id='word_1_74' title='bbox 490 1212 789 1270; x_wconf 71' lang='lat' dir='ltr'>semiudum</span> <span class='ocrx_word' id='word_1_75' title='bbox 816 1213 1065 1269; x_wconf 86' lang='lat' dir='ltr'>ordinem</span> <span class='ocrx_word' id='word_1_76' title='bbox 1091 1211 1473 1269; x_wconf 73' lang='lat' dir='ltr'>Melchisedech</span> <span class='ocrx_word' id='word_1_77' title='bbox 1506 1216 1699 1285; x_wconf 89' lang='lat' dir='ltr'>(Psal.,</span> <span class='ocrx_word' id='word_1_78' title='bbox 1732 1217 1905 1288; x_wconf 83' lang='lat' dir='ltr'>c1x,):</span> 
     </span>
    </p>
   </div>
   <div class='ocr_carea' id='block_1_13' title="bbox 249 1301 1910 1375">
    <p class='ocr_par' dir='ltr' id='par_1_13' title="bbox 249 1301 1910 1375">
     <span class='ocr_line' id='line_1_13' title="bbox 249 1301 1910 1375; baseline 0 -16"><span class='ocrx_word' id='word_1_79' title='bbox 249 1302 358 1359; x_wconf 89' lang='lat' dir='ltr'>hoc</span> <span class='ocrx_word' id='word_1_80' title='bbox 390 1306 506 1371; x_wconf 87' lang='lat' dir='ltr'>est,</span> <span class='ocrx_word' id='word_1_81' title='bbox 537 1318 651 1358; x_wconf 86' lang='lat' dir='ltr'>non</span> <span class='ocrx_word' id='word_1_82' title='bbox 680 1301 977 1358; x_wconf 82' lang='lat' dir='ltr'>secundum</span> <span class='ocrx_word' id='word_1_83' title='bbox 1005 1302 1259 1358; x_wconf 79' lang='lat' dir='ltr'>ordinem</span> <span class='ocrx_word' id='word_1_84' title='bbox 1290 1304 1489 1372; x_wconf 82' lang='lat' dir='ltr'>Aaron,</span> <span class='ocrx_word' id='word_1_85' title='bbox 1523 1305 1693 1375; x_wconf 81' lang='lat' dir='ltr'>cujus</span> <span class='ocrx_word' id='word_1_86' title='bbox 1726 1320 1910 1359; x_wconf 87' lang='lat' dir='ltr'>sacer-</span> 
     </span>
    </p>
   </div>
   <div class='ocr_carea' id='block_1_14' title="bbox 249 1390 1906 1466">
    <p class='ocr_par' dir='ltr' id='par_1_14' title="bbox 249 1390 1906 1466">
     <span class='ocr_line' id='line_1_14' title="bbox 249 1390 1906 1466; baseline 0 -18"><span class='ocrx_word' id='word_1_87' title='bbox 249 1392 485 1448; x_wconf 89' lang='lat' dir='ltr'>dotium</span> <span class='ocrx_word' id='word_1_88' title='bbox 518 1407 624 1463; x_wconf 87' lang='lat' dir='ltr'>per</span> <span class='ocrx_word' id='word_1_89' title='bbox 639 1390 1021 1464; x_wconf 81' lang='lat' dir='ltr'>propaginem</span> <span class='ocrx_word' id='word_1_90' title='bbox 1040 1390 1129 1446; x_wconf 90' lang='lat' dir='ltr'>sui</span> <span class='ocrx_word' id='word_1_91' title='bbox 1149 1391 1393 1447; x_wconf 79' lang='lat' dir='ltr'>seminis</span> <span class='ocrx_word' id='word_1_92' title='bbox 1409 1409 1671 1462; x_wconf 80' lang='lat' dir='ltr'>currens,</span> <span class='ocrx_word' id='word_1_93' title='bbox 1684 1397 1906 1466; x_wconf 85' lang='lat' dir='ltr'>tempo-</span> 
     </span>
    </p>
   </div>
   <div class='ocr_carea' id='block_1_15' title="bbox 249 1480 1907 1555">
    <p class='ocr_par' dir='ltr' id='par_1_15' title="bbox 249 1480 1907 1555">
     <span class='ocr_line' id='line_1_15' title="bbox 249 1480 1907 1555; baseline 0.001 -17"><span class='ocrx_word' id='word_1_94' title='bbox 249 1481 389 1538; x_wconf 86' lang='lat' dir='ltr'>ralis</span> <span class='ocrx_word' id='word_1_95' title='bbox 422 1480 742 1537; x_wconf 86' lang='lat' dir='ltr'>ministerii</span> <span class='ocrx_word' id='word_1_96' title='bbox 778 1480 905 1548; x_wconf 89' lang='lat' dir='ltr'>fuit,</span> <span class='ocrx_word' id='word_1_97' title='bbox 939 1484 1147 1536; x_wconf 89' lang='lat' dir='ltr'>etcum</span> <span class='ocrx_word' id='word_1_98' title='bbox 1181 1480 1389 1537; x_wconf 84' lang='lat' dir='ltr'>veteris</span> <span class='ocrx_word' id='word_1_99' title='bbox 1404 1483 1760 1538; x_wconf 86' lang='lat' dir='ltr'>Testamenti</span> <span class='ocrx_word' id='word_1_100' title='bbox 1781 1482 1907 1555; x_wconf 87' lang='lat' dir='ltr'>lege</span> 
     </span>
    </p>
   </div>
   <div class='ocr_carea' id='block_1_16' title="bbox 249 1570 1907 1644">
    <p class='ocr_par' dir='ltr' id='par_1_16' title="bbox 249 1570 1907 1644">
     <span class='ocr_line' id='line_1_16' title="bbox 249 1570 1907 1644; baseline 0 -15"><span class='ocrx_word' id='word_1_101' title='bbox 249 1571 524 1638; x_wconf 83' lang='lat' dir='ltr'>cessavit;</span> <span class='ocrx_word' id='word_1_102' title='bbox 558 1571 663 1628; x_wconf 87' lang='lat' dir='ltr'>sed</span> <span class='ocrx_word' id='word_1_103' title='bbox 694 1570 990 1626; x_wconf 83' lang='lat' dir='ltr'>secundum</span> <span class='ocrx_word' id='word_1_104' title='bbox 1021 1570 1269 1628; x_wconf 75' lang='lat' dir='ltr'>ordinem</span> <span class='ocrx_word' id='word_1_105' title='bbox 1287 1571 1683 1638; x_wconf 79' lang='lat' dir='ltr'>Melchisedech,</span> <span class='ocrx_word' id='word_1_106' title='bbox 1705 1572 1764 1626; x_wconf 91' lang='lat' dir='ltr'>in</span> <span class='ocrx_word' id='word_1_107' title='bbox 1791 1588 1907 1644; x_wconf 92' lang='lat' dir='ltr'>quo</span> 
     </span>
    </p>
   </div>
   <div class='ocr_carea' id='block_1_17' title="bbox 245 1659 1905 1733">
    <p class='ocr_par' dir='ltr' id='par_1_17' title="bbox 245 1659 1905 1733">
     <span class='ocr_line' id='line_1_17' title="bbox 245 1659 1905 1733; baseline 0.001 -17"><span class='ocrx_word' id='word_1_108' title='bbox 245 1661 446 1717; x_wconf 66' lang='lat' dir='ltr'>ater-ni</span> <span class='ocrx_word' id='word_1_109' title='bbox 468 1659 773 1715; x_wconf 89' lang='lat' dir='ltr'>Pontiﬁcis</span> <span class='ocrx_word' id='word_1_110' title='bbox 791 1659 978 1716; x_wconf 84' lang='lat' dir='ltr'>forma</span> <span class='ocrx_word' id='word_1_111' title='bbox 989 1659 1304 1733; x_wconf 73' lang='lat' dir='ltr'>praecessit.</span> <span class='ocrx_word' id='word_1_112' title='bbox 1324 1660 1393 1715; x_wconf 89' lang='lat' dir='ltr'>Et</span> <span class='ocrx_word' id='word_1_113' title='bbox 1411 1660 1552 1716; x_wconf 88' lang='lat' dir='ltr'>dum</span> <span class='ocrx_word' id='word_1_114' title='bbox 1572 1661 1787 1732; x_wconf 89' lang='lat' dir='ltr'>quibus</span> <span class='ocrx_word' id='word_1_115' title='bbox 1804 1678 1905 1733; x_wconf 91' lang='lat' dir='ltr'>pa-</span> 
     </span>
    </p>
   </div>
   <div class='ocr_carea' id='block_1_18' title="bbox 243 1744 1908 1823">
    <p class='ocr_par' dir='ltr' id='par_1_18' title="bbox 243 1744 1908 1823">
     <span class='ocr_line' id='line_1_18' title="bbox 243 1744 1908 1823; baseline -0.001 -16"><span class='ocrx_word' id='word_1_116' title='bbox 243 1749 519 1807; x_wconf 84' lang='lat' dir='ltr'>rentibus</span> <span class='ocrx_word' id='word_1_117' title='bbox 550 1748 834 1806; x_wconf 83' lang='lat' dir='ltr'>siteditus</span> <span class='ocrx_word' id='word_1_118' title='bbox 852 1766 969 1804; x_wconf 90' lang='lat' dir='ltr'>non</span> <span class='ocrx_word' id='word_1_119' title='bbox 990 1749 1255 1818; x_wconf 84' lang='lat' dir='ltr'>refertur,</span> <span class='ocrx_word' id='word_1_120' title='bbox 1272 1749 1331 1804; x_wconf 92' lang='lat' dir='ltr'>in</span> <span class='ocrx_word' id='word_1_121' title='bbox 1355 1765 1421 1805; x_wconf 93' lang='lat' dir='ltr'>eo</span> <span class='ocrx_word' id='word_1_122' title='bbox 1444 1747 1538 1805; x_wconf 88' lang='lat' dir='ltr'>ille</span> <span class='ocrx_word' id='word_1_123' title='bbox 1560 1744 1908 1823; x_wconf 84' lang='lat' dir='ltr'>intelligitur</span> 
     </span>
    </p>
   </div>
   <div class='ocr_carea' id='block_1_19' title="bbox 242 1837 1982 1934">
    <p class='ocr_par' dir='ltr' id='par_1_19' title="bbox 242 1837 1982 1934">
     <span class='ocr_line' id='line_1_19' title="bbox 242 1837 1982 1934; baseline -0.001 -37"><span class='ocrx_word' id='word_1_124' title='bbox 242 1839 603 1911; x_wconf 88' lang='lat' dir='ltr'>ostendi,cuj</span> <span class='ocrx_word' id='word_1_125' title='bbox 613 1855 681 1895; x_wconf 91' lang='lat' dir='ltr'>us</span> <span class='ocrx_word' id='word_1_126' title='bbox 699 1837 999 1912; x_wconf 79' lang='lat' dir='ltr'>generatio</span> <span class='ocrx_word' id='word_1_127' title='bbox 1013 1856 1126 1895; x_wconf 91' lang='lat' dir='ltr'>non</span> <span class='ocrx_word' id='word_1_128' title='bbox 1142 1842 1332 1912; x_wconf 83' lang='lat' dir='ltr'>potest</span> <span class='ocrx_word' id='word_1_129' title='bbox 1347 1838 1627 1895; x_wconf 83' lang='lat' dir='ltr'>enarrari.</span> <span class='ocrx_word' id='word_1_130' title='bbox 1643 1839 1904 1912; x_wconf 89' lang='lat' dir='ltr'>Denique</span> <span class='ocrx_word' id='word_1_131' title='bbox 1934 1868 1982 1934; x_wconf 82' lang='lat' dir='ltr'><strong>B</strong></span> 
     </span>
    </p>
   </div>
   <div class='ocr_carea' id='block_1_20' title="bbox 242 1928 1905 2000">
    <p class='ocr_par' dir='ltr' id='par_1_20' title="bbox 242 1928 1905 2000">
     <span class='ocr_line' id='line_1_20' title="bbox 242 1928 1905 2000; baseline -0.001 -14"><span class='ocrx_word' id='word_1_132' title='bbox 242 1946 373 1986; x_wconf 89' lang='lat' dir='ltr'>cum</span> <span class='ocrx_word' id='word_1_133' title='bbox 404 1928 599 2000; x_wconf 86' lang='lat' dir='ltr'>hujus</span> <span class='ocrx_word' id='word_1_134' title='bbox 630 1928 808 1983; x_wconf 87' lang='lat' dir='ltr'>divini</span> <span class='ocrx_word' id='word_1_135' title='bbox 844 1928 1153 1985; x_wconf 83' lang='lat' dir='ltr'>sacerdotii</span> <span class='ocrx_word' id='word_1_136' title='bbox 1177 1933 1610 1984; x_wconf 83' lang='lat' dir='ltr'>sacramentum</span> <span class='ocrx_word' id='word_1_137' title='bbox 1634 1928 1808 1985; x_wconf 86' lang='lat' dir='ltr'>etiam</span> <span class='ocrx_word' id='word_1_138' title='bbox 1832 1931 1905 1985; x_wconf 87' lang='lat' dir='ltr'>ad</span> 
     </span>
    </p>
   </div>
   <div class='ocr_carea' id='block_1_21' title="bbox 239 2016 1907 2091">
    <p class='ocr_par' dir='ltr' id='par_1_21' title="bbox 239 2016 1907 2091">
     <span class='ocr_line' id='line_1_21' title="bbox 239 2016 1907 2091; baseline 0 -17"><span class='ocrx_word' id='word_1_139' title='bbox 239 2018 541 2074; x_wconf 88' lang='lat' dir='ltr'>humanas</span> <span class='ocrx_word' id='word_1_140' title='bbox 555 2017 822 2091; x_wconf 87' lang='lat' dir='ltr'>pervenit</span> <span class='ocrx_word' id='word_1_141' title='bbox 840 2016 1186 2086; x_wconf 81' lang='lat' dir='ltr'>functiones,</span> <span class='ocrx_word' id='word_1_142' title='bbox 1205 2034 1321 2073; x_wconf 90' lang='lat' dir='ltr'>non</span> <span class='ocrx_word' id='word_1_143' title='bbox 1341 2035 1442 2090; x_wconf 89' lang='lat' dir='ltr'>per</span> <span class='ocrx_word' id='word_1_144' title='bbox 1463 2018 1907 2091; x_wconf 87' lang='lat' dir='ltr'>generationum</span> 
     </span>
    </p>
   </div>
   <div class='ocr_carea' id='block_1_22' title="bbox 242 2105 1905 2180">
    <p class='ocr_par' dir='ltr' id='par_1_22' title="bbox 242 2105 1905 2180">
     <span class='ocr_line' id='line_1_22' title="bbox 242 2105 1905 2180; baseline -0.001 -16"><span class='ocrx_word' id='word_1_145' title='bbox 242 2107 546 2167; x_wconf 80' lang='lat' dir='ltr'>tramitem</span> <span class='ocrx_word' id='word_1_146' title='bbox 569 2107 642 2178; x_wconf 87' lang='lat' dir='ltr'>(e)</span> <span class='ocrx_word' id='word_1_147' title='bbox 668 2105 945 2177; x_wconf 88' lang='lat' dir='ltr'>curritur,</span> <span class='ocrx_word' id='word_1_148' title='bbox 965 2123 1066 2162; x_wconf 90' lang='lat' dir='ltr'>nec</span> <span class='ocrx_word' id='word_1_149' title='bbox 1087 2107 1243 2179; x_wconf 91' lang='lat' dir='ltr'>quod</span> <span class='ocrx_word' id='word_1_150' title='bbox 1258 2123 1395 2163; x_wconf 88' lang='lat' dir='ltr'>caro</span> <span class='ocrx_word' id='word_1_151' title='bbox 1409 2111 1466 2163; x_wconf 87' lang='lat' dir='ltr'>et</span> <span class='ocrx_word' id='word_1_152' title='bbox 1483 2106 1726 2180; x_wconf 82' lang='lat' dir='ltr'>sanguis</span> <span class='ocrx_word' id='word_1_153' title='bbox 1749 2124 1905 2164; x_wconf 88' lang='lat' dir='ltr'>crea-</span> 
     </span>
    </p>
   </div>
   <div class='ocr_carea' id='block_1_23' title="bbox 239 2195 1907 2273">
    <p class='ocr_par' dir='ltr' id='par_1_23' title="bbox 239 2195 1907 2273">
     <span class='ocr_line' id='line_1_23' title="bbox 239 2195 1907 2273; baseline -0.001 -20"><span class='ocrx_word' id='word_1_154' title='bbox 239 2197 340 2265; x_wconf 81' lang='lat' dir='ltr'>vit,</span> <span class='ocrx_word' id='word_1_155' title='bbox 372 2196 652 2273; x_wconf 83' lang='lat' dir='ltr'>eligitur;</span> <span class='ocrx_word' id='word_1_156' title='bbox 686 2196 787 2255; x_wconf 86' lang='lat' dir='ltr'>sed</span> <span class='ocrx_word' id='word_1_157' title='bbox 820 2200 1087 2252; x_wconf 84' lang='lat' dir='ltr'>cessante</span> <span class='ocrx_word' id='word_1_158' title='bbox 1117 2195 1418 2268; x_wconf 86' lang='lat' dir='ltr'>privilegio</span> <span class='ocrx_word' id='word_1_159' title='bbox 1449 2200 1705 2269; x_wconf 85' lang='lat' dir='ltr'>patrum,</span> <span class='ocrx_word' id='word_1_160' title='bbox 1740 2201 1795 2253; x_wconf 90' lang='lat' dir='ltr'>et</span> <span class='ocrx_word' id='word_1_161' title='bbox 1819 2198 1907 2252; x_wconf 88' lang='lat' dir='ltr'>fa-</span> 
     </span>
    </p>
   </div>
   <div class='ocr_carea' id='block_1_24' title="bbox 243 2284 1910 2358">
    <p class='ocr_par' dir='ltr' id='par_1_24' title="bbox 243 2284 1910 2358">
     <span class='ocr_line' id='line_1_24' title="bbox 243 2284 1910 2358; baseline -0.001 -16"><span class='ocrx_word' id='word_1_162' title='bbox 243 2286 551 2349; x_wconf 88' lang='lat' dir='ltr'>miliarum</span> <span class='ocrx_word' id='word_1_163' title='bbox 580 2284 785 2340; x_wconf 90' lang='lat' dir='ltr'>ordine</span> <span class='ocrx_word' id='word_1_164' title='bbox 810 2284 1222 2358; x_wconf 74' lang='lat' dir='ltr'>praetermisso,</span> <span class='ocrx_word' id='word_1_165' title='bbox 1246 2300 1345 2340; x_wconf 89' lang='lat' dir='ltr'>eos</span> <span class='ocrx_word' id='word_1_166' title='bbox 1380 2290 1631 2341; x_wconf 84' lang='lat' dir='ltr'>rectores</span> <span class='ocrx_word' id='word_1_167' title='bbox 1652 2284 1910 2342; x_wconf 87' lang='lat' dir='ltr'>Ecclesia</span> 
     </span>
    </p>
   </div>
   <div class='ocr_carea' id='block_1_25' title="bbox 246 2373 1907 2449">
    <p class='ocr_par' dir='ltr' id='par_1_25' title="bbox 246 2373 1907 2449">
     <span class='ocr_line' id='line_1_25' title="bbox 246 2373 1907 2449; baseline -0.001 -16"><span class='ocrx_word' id='word_1_168' title='bbox 246 2375 481 2449; x_wconf 84' lang='lat' dir='ltr'>accipit,</span> <span class='ocrx_word' id='word_1_169' title='bbox 519 2392 673 2449; x_wconf 89' lang='lat' dir='ltr'>quos</span> <span class='ocrx_word' id='word_1_170' title='bbox 701 2374 956 2447; x_wconf 87' lang='lat' dir='ltr'>Spiritus</span> <span class='ocrx_word' id='word_1_171' title='bbox 979 2378 1219 2431; x_wconf 88' lang='lat' dir='ltr'>sanctus</span> <span class='ocrx_word' id='word_1_172' title='bbox 1238 2375 1568 2447; x_wconf 84' lang='lat' dir='ltr'>preparavit</span> <span class='ocrx_word' id='word_1_173' title='bbox 1597 2393 1610 2443; x_wconf 91' lang='lat'><strong>;</strong></span> <span class='ocrx_word' id='word_1_174' title='bbox 1640 2379 1704 2431; x_wconf 91' lang='lat' dir='ltr'>ut</span> <span class='ocrx_word' id='word_1_175' title='bbox 1722 2373 1782 2429; x_wconf 93' lang='lat' dir='ltr'>in</span> <span class='ocrx_word' id='word_1_176' title='bbox 1802 2392 1907 2447; x_wconf 82' lang='lat' dir='ltr'>po-</span> 
     </span>
    </p>
   </div>
   <div class='ocr_carea' id='block_1_26' title="bbox 250 2463 1908 2539">
    <p class='ocr_par' dir='ltr' id='par_1_26' title="bbox 250 2463 1908 2539">
     <span class='ocr_line' id='line_1_26' title="bbox 250 2463 1908 2539; baseline -0.001 -18"><span class='ocrx_word' id='word_1_177' title='bbox 250 2465 387 2539; x_wconf 90' lang='lat' dir='ltr'>pulo</span> <span class='ocrx_word' id='word_1_178' title='bbox 416 2463 761 2538; x_wconf 86' lang='lat' dir='ltr'>adoptionis</span> <span class='ocrx_word' id='word_1_179' title='bbox 785 2463 911 2527; x_wconf 84' lang='lat' dir='ltr'>Dei,</span> <span class='ocrx_word' id='word_1_180' title='bbox 944 2464 1115 2535; x_wconf 80' lang='lat' dir='ltr'>cujus</span> <span class='ocrx_word' id='word_1_181' title='bbox 1144 2463 1496 2520; x_wconf 75' lang='lat' dir='ltr'>universitas</span> <span class='ocrx_word' id='word_1_182' title='bbox 1527 2464 1908 2521; x_wconf 88' lang='lat' dir='ltr'>sacerdotalis</span> 
     </span>
    </p>
   </div>
   <div class='ocr_carea' id='block_1_27' title="bbox 251 2552 1909 2629">
    <p class='ocr_par' dir='ltr' id='par_1_27' title="bbox 251 2552 1909 2629">
     <span class='ocr_line' id='line_1_27' title="bbox 251 2552 1909 2629; baseline -0.001 -18"><span class='ocrx_word' id='word_1_183' title='bbox 251 2559 425 2627; x_wconf 83' lang='lat' dir='ltr'>atque</span> <span class='ocrx_word' id='word_1_184' title='bbox 456 2552 679 2629; x_wconf 81' lang='lat' dir='ltr'>regalis</span> <span class='ocrx_word' id='word_1_185' title='bbox 709 2554 820 2621; x_wconf 89' lang='lat' dir='ltr'>est,</span> <span class='ocrx_word' id='word_1_186' title='bbox 852 2570 965 2609; x_wconf 90' lang='lat' dir='ltr'>non</span> <span class='ocrx_word' id='word_1_187' title='bbox 996 2553 1375 2627; x_wconf 66' lang='lat' dir='ltr'>prazrogativa</span> <span class='ocrx_word' id='word_1_188' title='bbox 1403 2556 1643 2609; x_wconf 70' lang='lat' dir='ltr'>terrena:</span> <span class='ocrx_word' id='word_1_189' title='bbox 1665 2552 1909 2627; x_wconf 84' lang='lat' dir='ltr'>originis</span> 
     </span>
    </p>
   </div>
   <div class='ocr_carea' id='block_1_28' title="bbox 251 2641 1908 2716">
    <p class='ocr_par' dir='ltr' id='par_1_28' title="bbox 251 2641 1908 2716">
     <span class='ocr_line' id='line_1_28' title="bbox 251 2641 1908 2716; baseline -0.002 -16"><span class='ocrx_word' id='word_1_190' title='bbox 251 2644 328 2716; x_wconf 77' lang='grc' dir='ltr'>(ά)</span> <span class='ocrx_word' id='word_1_191' title='bbox 352 2644 624 2700; x_wconf 85' lang='lat' dir='ltr'>obtineat</span> <span class='ocrx_word' id='word_1_192' title='bbox 644 2641 1002 2713; x_wconf 88' lang='lat' dir='ltr'>unctionem,</span> <span class='ocrx_word' id='word_1_193' title='bbox 1029 2643 1131 2699; x_wconf 86' lang='lat' dir='ltr'>sed</span> <span class='ocrx_word' id='word_1_194' title='bbox 1155 2642 1412 2715; x_wconf 87' lang='lat' dir='ltr'>dignatio</span> <span class='ocrx_word' id='word_1_195' title='bbox 1437 2641 1688 2700; x_wconf 72' lang='lat' dir='ltr'>cmlestis</span> <span class='ocrx_word' id='word_1_196' title='bbox 1710 2642 1908 2715; x_wconf 65' lang='lat' dir='ltr'>gratiae</span> 
     </span>
    </p>
   </div>
   <div class='ocr_carea' id='block_1_29' title="bbox 248 2731 839 2805">
    <p class='ocr_par' dir='ltr' id='par_1_29' title="bbox 248 2731 839 2805">
     <span class='ocr_line' id='line_1_29' title="bbox 248 2731 839 2805; baseline -0.003 -16"><span class='ocrx_word' id='word_1_197' title='bbox 248 2733 454 2805; x_wconf 83' lang='lat' dir='ltr'>gignat</span> <span class='ocrx_word' id='word_1_198' title='bbox 484 2731 839 2788; x_wconf 86' lang='lat' dir='ltr'>antistitem.</span> 
     </span>
    </p>
   </div>
   <div class='ocr_carea' id='block_1_30' title="bbox 325 2818 1907 2893">
    <p class='ocr_par' dir='ltr' id='par_1_30' title="bbox 325 2818 1907 2893">
     <span class='ocr_line' id='line_1_30' title="bbox 325 2818 1907 2893; baseline -0.001 -16"><span class='ocrx_word' id='word_1_199' title='bbox 325 2820 458 2877; x_wconf 70' lang='grc' dir='ltr'>ΟΑΡ.</span> <span class='ocrx_word' id='word_1_200' title='bbox 493 2825 569 2876; x_wconf 84' lang='lat' dir='ltr'>Il.</span> <span class='ocrx_word' id='word_1_201' title='bbox 601 2852 672 2860; x_wconf 97' lang='lat'><strong>—</strong></span> <span class='ocrx_word' id='word_1_202' title='bbox 697 2820 974 2885; x_wconf 80' lang='lat' dir='ltr'>Quamvis</span> <span class='ocrx_word' id='word_1_203' title='bbox 1003 2836 1160 2893; x_wconf 86' lang='lat' dir='ltr'>ergo,</span> <span class='ocrx_word' id='word_1_204' title='bbox 1184 2818 1570 2887; x_wconf 88' lang='lat' dir='ltr'>dilectissimi,</span> <span class='ocrx_word' id='word_1_205' title='bbox 1590 2837 1696 2876; x_wconf 89' lang='lat' dir='ltr'>nos</span> <span class='ocrx_word' id='word_1_206' title='bbox 1719 2820 1791 2875; x_wconf 90' lang='lat' dir='ltr'>ad</span> <span class='ocrx_word' id='word_1_207' title='bbox 1813 2835 1907 2875; x_wconf 83' lang='lat' dir='ltr'>ex-</span> 
     </span>
    </p>
   </div>
   <div class='ocr_carea' id='block_1_31' title="bbox 250 2908 1907 2984">
    <p class='ocr_par' dir='ltr' id='par_1_31' title="bbox 250 2908 1907 2984">
     <span class='ocr_line' id='line_1_31' title="bbox 250 2908 1907 2984; baseline 0 -19"><span class='ocrx_word' id='word_1_208' title='bbox 250 2909 535 2984; x_wconf 86' lang='lat' dir='ltr'>plendam</span> <span class='ocrx_word' id='word_1_209' title='bbox 570 2908 759 2967; x_wconf 89' lang='lat' dir='ltr'>nostri</span> <span class='ocrx_word' id='word_1_210' title='bbox 774 2908 953 2967; x_wconf 91' lang='lat' dir='ltr'>ofﬁcii</span> <span class='ocrx_word' id='word_1_211' title='bbox 969 2909 1330 2977; x_wconf 87' lang='lat' dir='ltr'>servitutem,</span> <span class='ocrx_word' id='word_1_212' title='bbox 1343 2909 1629 2966; x_wconf 85' lang='lat' dir='ltr'>etinﬁrmi</span> <span class='ocrx_word' id='word_1_213' title='bbox 1652 2908 1907 2966; x_wconf 89' lang='lat' dir='ltr'>invenia-</span> 
     </span>
    </p>
   </div>
   <div class='ocr_carea' id='block_1_32' title="bbox 245 2997 1910 3073">
    <p class='ocr_par' dir='ltr' id='par_1_32' title="bbox 245 2997 1910 3073">
     <span class='ocr_line' id='line_1_32' title="bbox 245 2997 1910 3073; baseline -0.001 -18"><span class='ocrx_word' id='word_1_214' title='bbox 245 3016 387 3055; x_wconf 88' lang='lat' dir='ltr'>mur</span> <span class='ocrx_word' id='word_1_215' title='bbox 412 3003 472 3055; x_wconf 85' lang='lat' dir='ltr'>et</span> <span class='ocrx_word' id='word_1_216' title='bbox 501 3015 736 3073; x_wconf 87' lang='lat' dir='ltr'>segnes,</span> <span class='ocrx_word' id='word_1_217' title='bbox 761 2999 902 3053; x_wconf 89' lang='lat' dir='ltr'>dum</span> <span class='ocrx_word' id='word_1_218' title='bbox 938 2997 986 3054; x_wconf 92' lang='lat' dir='ltr'>si</span> <span class='ocrx_word' id='word_1_219' title='bbox 1019 2997 1160 3070; x_wconf 88' lang='lat' dir='ltr'>quid</span> <span class='ocrx_word' id='word_1_220' title='bbox 1177 2999 1377 3054; x_wconf 88' lang='lat' dir='ltr'>devote</span> <span class='ocrx_word' id='word_1_221' title='bbox 1406 3001 1463 3055; x_wconf 88' lang='lat' dir='ltr'>et</span> <span class='ocrx_word' id='word_1_222' title='bbox 1484 3002 1719 3055; x_wconf 84' lang='lat' dir='ltr'>strenue</span> <span class='ocrx_word' id='word_1_223' title='bbox 1740 3015 1910 3072; x_wconf 84' lang='lat' dir='ltr'>agere</span> 
     </span>
    </p>
   </div>
   <div class='ocr_carea' id='block_1_33' title="bbox 248 3086 1912 3161">
    <p class='ocr_par' dir='ltr' id='par_1_33' title="bbox 248 3086 1912 3161">
     <span class='ocr_line' id='line_1_33' title="bbox 248 3086 1912 3161; baseline -0.002 -14"><span class='ocrx_word' id='word_1_224' title='bbox 248 3088 553 3160; x_wconf 68' lang='lat' dir='ltr'>cupimus,</span> <span class='ocrx_word' id='word_1_225' title='bbox 586 3087 776 3161; x_wconf 82' lang='lat' dir='ltr'>ipsius</span> <span class='ocrx_word' id='word_1_226' title='bbox 790 3090 1003 3142; x_wconf 66' lang='lat' dir='ltr'>nostra:</span> <span class='ocrx_word' id='word_1_227' title='bbox 1015 3086 1369 3143; x_wconf 88' lang='lat' dir='ltr'>conditionis</span> <span class='ocrx_word' id='word_1_228' title='bbox 1392 3086 1704 3159; x_wconf 84' lang='lat' dir='ltr'>fragilitate</span> <span class='ocrx_word' id='word_1_229' title='bbox 1721 3090 1848 3143; x_wconf 86' lang='lat' dir='ltr'>tard</span> <span class='ocrx_word' id='word_1_230' title='bbox 1858 3106 1912 3143; x_wconf 84' lang='lat' dir='ltr'>a-</span> 
     </span>
    </p>
   </div>
   <div class='ocr_carea' id='block_1_34' title="bbox 248 3173 1903 3247">
    <p class='ocr_par' dir='ltr' id='par_1_34' title="bbox 248 3173 1903 3247">
     <span class='ocr_line' id='line_1_34' title="bbox 248 3173 1903 3247; baseline -0.001 -14"><span class='ocrx_word' id='word_1_231' title='bbox 248 3193 416 3245; x_wconf 84' lang='lat' dir='ltr'>mur;</span> <span class='ocrx_word' id='word_1_232' title='bbox 442 3176 734 3232; x_wconf 83' lang='lat' dir='ltr'>habentes</span> <span class='ocrx_word' id='word_1_233' title='bbox 763 3180 959 3231; x_wconf 87' lang='lat' dir='ltr'>tamen</span> <span class='ocrx_word' id='word_1_234' title='bbox 991 3173 1400 3232; x_wconf 87' lang='lat' dir='ltr'>incessabilem</span> <span class='ocrx_word' id='word_1_235' title='bbox 1430 3174 1903 3247; x_wconf 88' lang='lat' dir='ltr'>propitiationem</span> 
     </span>
    </p>
   </div>
   <div class='ocr_carea' id='block_1_35' title="bbox 249 3235 1979 3338">
    <p class='ocr_par' dir='ltr' id='par_1_35' title="bbox 249 3235 1979 3338">
     <span class='ocr_line' id='line_1_35' title="bbox 249 3235 1979 3338; baseline 0 -18"><span class='ocrx_word' id='word_1_236' title='bbox 249 3235 681 3338; x_wconf 76' lang='lat' dir='ltr'>omnipotentis</span> <span class='ocrx_word' id='word_1_237' title='bbox 709 3268 765 3320; x_wconf 90' lang='lat' dir='ltr'>et</span> <span class='ocrx_word' id='word_1_238' title='bbox 786 3262 1048 3337; x_wconf 88' lang='lat' dir='ltr'>perpetui</span> <span class='ocrx_word' id='word_1_239' title='bbox 1072 3235 1771 3336; x_wconf 41' lang='lat' dir='ltr'>Sacerdotis,‘quisimilis</span> <span class='ocrx_word' id='word_1_240' title='bbox 1805 3282 1906 3320; x_wconf 81' lang='lat' dir='ltr'>no-</span> <span class='ocrx_word' id='word_1_241' title='bbox 1937 3235 1979 3301; x_wconf 67' lang='grc' dir='ltr'>Ο</span> 
     </span>
    </p>
   </div>
   <div class='ocr_carea' id='block_1_36' title="bbox 251 3351 1911 3426">
    <p class='ocr_par' dir='ltr' id='par_1_36' title="bbox 251 3351 1911 3426">
     <span class='ocr_line' id='line_1_36' title="bbox 251 3351 1911 3426; baseline -0.001 -17"><span class='ocrx_word' id='word_1_242' title='bbox 251 3353 382 3421; x_wconf 82' lang='lat' dir='ltr'>atri,</span> <span class='ocrx_word' id='word_1_243' title='bbox 413 3352 665 3426; x_wconf 67' lang='lat' dir='ltr'>aequalis</span> <span class='ocrx_word' id='word_1_244' title='bbox 693 3353 871 3420; x_wconf 88' lang='lat' dir='ltr'>Patri,</span> <span class='ocrx_word' id='word_1_245' title='bbox 914 3351 1279 3408; x_wconf 89' lang='lat' dir='ltr'>divinitatem</span> <span class='ocrx_word' id='word_1_246' title='bbox 1328 3369 1516 3424; x_wconf 89' lang='lat' dir='ltr'>usque</span> <span class='ocrx_word' id='word_1_247' title='bbox 1546 3353 1618 3408; x_wconf 89' lang='lat' dir='ltr'>ad</span> <span class='ocrx_word' id='word_1_248' title='bbox 1649 3353 1911 3409; x_wconf 90' lang='lat' dir='ltr'>humana</span> 
     </span>
    </p>
   </div>
   <div class='ocr_carea' id='block_1_37' title="bbox 250 3441 1910 3513">
    <p class='ocr_par' dir='ltr' id='par_1_37' title="bbox 250 3441 1910 3513">
     <span class='ocr_line' id='line_1_37' title="bbox 250 3441 1910 3513; baseline -0.001 -14"><span class='ocrx_word' id='word_1_249' title='bbox 250 3441 997 3509; x_wconf 78' lang='lat' dir='ltr'>submisit,humanitatem</span> <span class='ocrx_word' id='word_1_250' title='bbox 1012 3457 1199 3513; x_wconf 87' lang='lat' dir='ltr'>usque</span> <span class='ocrx_word' id='word_1_251' title='bbox 1223 3441 1295 3496; x_wconf 92' lang='lat' dir='ltr'>ad</span> <span class='ocrx_word' id='word_1_252' title='bbox 1313 3441 1509 3496; x_wconf 89' lang='lat' dir='ltr'>divina</span> <span class='ocrx_word' id='word_1_253' title='bbox 1532 3442 1808 3513; x_wconf 84' lang='lat' dir='ltr'>provexit,</span> <span class='ocrx_word' id='word_1_254' title='bbox 1829 3442 1910 3497; x_wconf 87' lang='lat' dir='ltr'>di-</span> 
     </span>
    </p>
   </div>
   <div class='ocr_carea' id='block_1_38' title="bbox 248 3529 1909 3604">
    <p class='ocr_par' dir='ltr' id='par_1_38' title="bbox 248 3529 1909 3604">
     <span class='ocr_line' id='line_1_38' title="bbox 248 3529 1909 3604; baseline -0.003 -15"><span class='ocrx_word' id='word_1_255' title='bbox 248 3547 361 3603; x_wconf 82' lang='lat' dir='ltr'>gne</span> <span class='ocrx_word' id='word_1_256' title='bbox 381 3533 549 3604; x_wconf 85' lang='lat' dir='ltr'>etpie</span> <span class='ocrx_word' id='word_1_257' title='bbox 564 3529 838 3603; x_wconf 83' lang='lat' dir='ltr'>deipsius</span> <span class='ocrx_word' id='word_1_258' title='bbox 849 3529 1263 3586; x_wconf 88' lang='lat' dir='ltr'>constitutione</span> <span class='ocrx_word' id='word_1_259' title='bbox 1275 3530 1620 3603; x_wconf 86' lang='lat' dir='ltr'>gaudemus:</span> <span class='ocrx_word' id='word_1_260' title='bbox 1631 3529 1909 3602; x_wconf 89' lang='lat' dir='ltr'>quoniam</span> 
     </span>
    </p>
   </div>
   <div class='ocr_carea' id='block_1_39' title="bbox 248 3618 1913 3692">
    <p class='ocr_par' dir='ltr' id='par_1_39' title="bbox 248 3618 1913 3692">
     <span class='ocr_line' id='line_1_39' title="bbox 248 3618 1913 3692; baseline -0.004 -15"><span class='ocrx_word' id='word_1_261' title='bbox 248 3622 356 3678; x_wconf 83' lang='lat' dir='ltr'>etsi</span> <span class='ocrx_word' id='word_1_262' title='bbox 373 3620 936 3692; x_wconf 82' lang='lat' dir='ltr'>multispastoribus</span> <span class='ocrx_word' id='word_1_263' title='bbox 948 3635 1148 3674; x_wconf 87' lang='lat' dir='ltr'>curam</span> <span class='ocrx_word' id='word_1_264' title='bbox 1162 3636 1404 3675; x_wconf 89' lang='lat' dir='ltr'>suarum</span> <span class='ocrx_word' id='word_1_265' title='bbox 1418 3618 1614 3675; x_wconf 90' lang='lat' dir='ltr'>ovium</span> <span class='ocrx_word' id='word_1_266' title='bbox 1627 3618 1913 3691; x_wconf 88' lang='lat' dir='ltr'>delegavit</span> 
     </span>
    </p>
   </div>
   <div class='ocr_carea' id='block_1_40' title="bbox 251 3707 1907 3784">
    <p class='ocr_par' dir='ltr' id='par_1_40' title="bbox 251 3707 1907 3784">
     <span class='ocr_line' id='line_1_40' title="bbox 251 3707 1907 3784; baseline -0.004 -15"><span class='ocrx_word' id='word_1_267' title='bbox 251 3712 353 3776; x_wconf 67' lang='lat'>12</span> <span class='ocrx_word' id='word_1_268' title='bbox 370 3711 499 3784; x_wconf 85' lang='lat' dir='ltr'>ipse</span> <span class='ocrx_word' id='word_1_269' title='bbox 521 3714 725 3765; x_wconf 84' lang='lat' dir='ltr'>tamen</span> <span class='ocrx_word' id='word_1_270' title='bbox 744 3708 940 3764; x_wconf 86' lang='lat' dir='ltr'>dilecti</span> <span class='ocrx_word' id='word_1_271' title='bbox 962 3708 1156 3781; x_wconf 86' lang='lat' dir='ltr'>gregis</span> <span class='ocrx_word' id='word_1_272' title='bbox 1172 3708 1498 3764; x_wconf 89' lang='lat' dir='ltr'>custodiam</span> <span class='ocrx_word' id='word_1_273' title='bbox 1516 3725 1628 3763; x_wconf 91' lang='lat' dir='ltr'>non</span> <span class='ocrx_word' id='word_1_274' title='bbox 1652 3707 1907 3779; x_wconf 85' lang='lat' dir='ltr'>reliquit.</span> 
     </span>
    </p>
   </div>
   <div class='ocr_carea' id='block_1_41' title="bbox 252 3795 1913 3873">
    <p class='ocr_par' dir='ltr' id='par_1_41' title="bbox 252 3795 1913 3873">
     <span class='ocr_line' id='line_1_41' title="bbox 252 3795 1913 3873; baseline -0.005 -14"><span class='ocrx_word' id='word_1_275' title='bbox 252 3798 332 3859; x_wconf 82' lang='lat' dir='ltr'>De</span> <span class='ocrx_word' id='word_1_276' title='bbox 347 3801 521 3873; x_wconf 85' lang='lat' dir='ltr'>cujus</span> <span class='ocrx_word' id='word_1_277' title='bbox 535 3797 852 3872; x_wconf 87' lang='lat' dir='ltr'>principali</span> <span class='ocrx_word' id='word_1_278' title='bbox 869 3796 1202 3869; x_wconf 59' lang='lat' dir='ltr'>internoque</span> <span class='ocrx_word' id='word_1_279' title='bbox 1214 3796 1507 3868; x_wconf 67' lang='lat' dir='ltr'>praesidio,</span> <span class='ocrx_word' id='word_1_280' title='bbox 1522 3795 1913 3868; x_wconf 88' lang='lat' dir='ltr'>etiam(e)apo-</span> 
     </span>
    </p>
   </div>
   <div class='ocr_carea' id='block_1_42' title="bbox 251 3884 1913 3962">
    <p class='ocr_par' dir='ltr' id='par_1_42' title="bbox 251 3884 1913 3962">
     <span class='ocr_line' id='line_1_42' title="bbox 251 3884 1913 3962; baseline -0.004 -18"><span class='ocrx_word' id='word_1_281' title='bbox 251 3889 470 3946; x_wconf 74' lang='lat' dir='ltr'>stolicae</span> <span class='ocrx_word' id='word_1_282' title='bbox 483 3888 616 3962; x_wconf 89' lang='lat' dir='ltr'>opis</span> <span class='ocrx_word' id='word_1_283' title='bbox 635 3886 941 3943; x_wconf 88' lang='lat' dir='ltr'>munimen</span> <span class='ocrx_word' id='word_1_284' title='bbox 954 3884 1470 3957; x_wconf 89' lang='lat' dir='ltr'>accepimus,quod</span> <span class='ocrx_word' id='word_1_285' title='bbox 1483 3884 1687 3957; x_wconf 87' lang='lat' dir='ltr'>utique</span> <span class='ocrx_word' id='word_1_286' title='bbox 1699 3884 1769 3939; x_wconf 85' lang='lat' dir='ltr'>ab</span> <span class='ocrx_word' id='word_1_287' title='bbox 1783 3901 1913 3956; x_wconf 90' lang='lat' dir='ltr'>ope-</span> 
     </span>
    </p>
   </div>
   <div class='ocr_carea' id='block_1_43' title="bbox 252 3972 1912 4044">
    <p class='ocr_par' dir='ltr' id='par_1_43' title="bbox 252 3972 1912 4044">
     <span class='ocr_line' id='line_1_43' title="bbox 252 3972 1912 4044; baseline -0.002 -11"><span class='ocrx_word' id='word_1_288' title='bbox 252 3994 313 4033; x_wconf 87' lang='lat' dir='ltr'>re</span> <span class='ocrx_word' id='word_1_289' title='bbox 334 3995 440 4035; x_wconf 89' lang='lat' dir='ltr'>suo</span> <span class='ocrx_word' id='word_1_290' title='bbox 469 3995 592 4034; x_wconf 89' lang='lat' dir='ltr'>non</span> <span class='ocrx_word' id='word_1_291' title='bbox 625 3978 826 4044; x_wconf 84' lang='lat' dir='ltr'>vacat;</span> <span class='ocrx_word' id='word_1_292' title='bbox 860 3978 917 4030; x_wconf 89' lang='lat' dir='ltr'>et</span> <span class='ocrx_word' id='word_1_293' title='bbox 942 3972 1187 4029; x_wconf 88' lang='lat' dir='ltr'>ﬁrmitas</span> <span class='ocrx_word' id='word_1_294' title='bbox 1211 3972 1597 4042; x_wconf 81' lang='lat' dir='ltr'>fundamenti,</span> <span class='ocrx_word' id='word_1_295' title='bbox 1622 3972 1713 4028; x_wconf 89' lang='lat' dir='ltr'>cui</span> <span class='ocrx_word' id='word_1_296' title='bbox 1733 3974 1912 4029; x_wconf 87' lang='lat' dir='ltr'>totius</span> 
     </span>
    </p>
   </div>
   <div class='ocr_carea' id='block_1_44' title="bbox 252 4061 1911 4139">
    <p class='ocr_par' dir='ltr' id='par_1_44' title="bbox 252 4061 1911 4139">
     <span class='ocr_line' id='line_1_44' title="bbox 252 4061 1911 4139; baseline -0.002 -18"><span class='ocrx_word' id='word_1_297' title='bbox 252 4066 525 4123; x_wconf 75' lang='lat' dir='ltr'>Ecclesia:</span> <span class='ocrx_word' id='word_1_298' title='bbox 556 4063 995 4139; x_wconf 85' lang='lat' dir='ltr'>superstruitur</span> <span class='ocrx_word' id='word_1_299' title='bbox 1018 4062 1286 4131; x_wconf 87' lang='lat' dir='ltr'>altitudo,</span> <span class='ocrx_word' id='word_1_300' title='bbox 1321 4061 1484 4117; x_wconf 89' lang='lat' dir='ltr'>nulla</span> <span class='ocrx_word' id='word_1_301' title='bbox 1515 4062 1911 4117; x_wconf 87' lang='lat' dir='ltr'>incumbentis</span> 
     </span>
    </p>
   </div>
   <div class='ocr_carea' id='block_1_45' title="bbox 255 4149 1913 4227">
    <p class='ocr_par' dir='ltr' id='par_1_45' title="bbox 255 4149 1913 4227">
     <span class='ocr_line' id='line_1_45' title="bbox 255 4149 1913 4227; baseline -0.001 -20"><span class='ocrx_word' id='word_1_302' title='bbox 255 4153 369 4209; x_wconf 85' lang='lat' dir='ltr'>sibi</span> <span class='ocrx_word' id='word_1_303' title='bbox 400 4151 611 4227; x_wconf 78' lang='lat' dir='ltr'>templi</span> <span class='ocrx_word' id='word_1_304' title='bbox 634 4150 1133 4222; x_wconf 84' lang='lat' dir='ltr'>molelacessit[F.</span> <span class='ocrx_word' id='word_1_305' title='bbox 1168 4151 1270 4222; x_wconf 85' lang='lat' dir='ltr'>leg.</span> <span class='ocrx_word' id='word_1_306' title='bbox 1302 4149 1613 4223; x_wconf 83' lang='lat' dir='ltr'>lassescit].</span> <span class='ocrx_word' id='word_1_307' title='bbox 1637 4150 1913 4207; x_wconf 89' lang='lat' dir='ltr'>Soliditas</span> 
     </span>
    </p>
   </div>
   <div class='ocr_carea' id='block_1_46' title="bbox 252 4239 1915 4313">
    <p class='ocr_par' dir='ltr' id='par_1_46' title="bbox 252 4239 1915 4313">
     <span class='ocr_line' id='line_1_46' title="bbox 252 4239 1915 4313; baseline -0.001 -16"><span class='ocrx_word' id='word_1_308' title='bbox 252 4242 410 4298; x_wconf 82' lang='lat' dir='ltr'>enim</span> <span class='ocrx_word' id='word_1_309' title='bbox 443 4240 609 4299; x_wconf 87' lang='lat' dir='ltr'>illius</span> <span class='ocrx_word' id='word_1_310' title='bbox 640 4240 800 4309; x_wconf 86' lang='lat' dir='ltr'>ﬁdei,</span> <span class='ocrx_word' id='word_1_311' title='bbox 834 4255 960 4313; x_wconf 65' lang='lat' dir='ltr'>qua</span> <span class='ocrx_word' id='word_1_312' title='bbox 991 4239 1051 4294; x_wconf 89' lang='lat' dir='ltr'>in</span> <span class='ocrx_word' id='word_1_313' title='bbox 1082 4239 1479 4313; x_wconf 87' lang='lat' dir='ltr'>apostolorum</span> <span class='ocrx_word' id='word_1_314' title='bbox 1514 4239 1777 4311; x_wconf 87' lang='lat' dir='ltr'>principe</span> <span class='ocrx_word' id='word_1_315' title='bbox 1825 4245 1915 4296; x_wconf 89' lang='lat' dir='ltr'>est</span> 
     </span>
    </p>
   </div>
   <div class='ocr_carea' id='block_1_47' title="bbox 326 4363 1911 4440">
    <p class='ocr_par' dir='ltr' id='par_1_47' title="bbox 326 4363 1911 4440">
     <span class='ocr_line' id='line_1_47' title="bbox 326 4363 1911 4440; baseline 0 -18"><span class='ocrx_word' id='word_1_316' title='bbox 326 4368 406 4440; x_wconf 76' lang='grc' dir='ltr'>(ιι)</span> <span class='ocrx_word' id='word_1_317' title='bbox 422 4363 1377 4440; x_wconf 78' lang='lat' dir='ltr'>Codd.Bodleian.etGaudiival.ad</span> <span class='ocrx_word' id='word_1_318' title='bbox 1402 4365 1911 4440; x_wconf 77' lang='lat' dir='ltr'>marginem,solli-</span> 
     </span>
    </p>
   </div>
   <div class='ocr_carea' id='block_1_48' title="bbox 252 4435 1909 4508">
    <p class='ocr_par' dir='ltr' id='par_1_48' title="bbox 252 4435 1909 4508">
     <span class='ocr_line' id='line_1_48' title="bbox 252 4435 1909 4508; baseline 0 -14"><span class='ocrx_word' id='word_1_319' title='bbox 252 4435 449 4494; x_wconf 57' lang='lat' dir='ltr'>nam.</span> <span class='ocrx_word' id='word_1_320' title='bbox 464 4436 853 4508; x_wconf 44' lang='lat' dir='ltr'>Cassa—Ita</span> <span class='ocrx_word' id='word_1_321' title='bbox 880 4452 1114 4508; x_wconf 85' lang='lat' dir='ltr'>quoque</span> <span class='ocrx_word' id='word_1_322' title='bbox 1135 4435 1589 4507; x_wconf 76' lang='lat' dir='ltr'>antiquissimus</span> <span class='ocrx_word' id='word_1_323' title='bbox 1610 4436 1909 4494; x_wconf 88' lang='lat' dir='ltr'>Vat.3836.</span> 
     </span>
    </p>
   </div>
   <div class='ocr_carea' id='block_1_49' title="bbox 324 4506 1315 4575">
    <p class='ocr_par' dir='ltr' id='par_1_49' title="bbox 324 4506 1315 4575">
     <span class='ocr_line' id='line_1_49' title="bbox 324 4506 1315 4575; baseline -0.002 -10"><span class='ocrx_word' id='word_1_324' title='bbox 324 4511 407 4575; x_wconf 86' lang='lat' dir='ltr'>(b)</span> <span class='ocrx_word' id='word_1_325' title='bbox 436 4514 562 4565; x_wconf 89' lang='lat' dir='ltr'>Duo</span> <span class='ocrx_word' id='word_1_326' title='bbox 590 4524 736 4564; x_wconf 86' lang='lat' dir='ltr'>mss.</span> <span class='ocrx_word' id='word_1_327' title='bbox 772 4506 952 4575; x_wconf 82' lang='lat' dir='ltr'>Vatt.,</span> <span class='ocrx_word' id='word_1_328' title='bbox 983 4506 1189 4563; x_wconf 89' lang='lat' dir='ltr'>dictum</span> <span class='ocrx_word' id='word_1_329' title='bbox 1217 4506 1315 4563; x_wconf 84' lang='lat' dir='ltr'>est.</span> 
     </span>
    </p>
   </div>
   <div class='ocr_carea' id='block_1_50' title="bbox 320 4581 1037 4649">
    <p class='ocr_par' dir='ltr' id='par_1_50' title="bbox 320 4581 1037 4649">
     <span class='ocr_line' id='line_1_50' title="bbox 320 4581 1037 4649; baseline -0.003 -14"><span class='ocrx_word' id='word_1_330' title='bbox 320 4581 403 4649; x_wconf 76' lang='lat' dir='ltr'>(e)</span> <span class='ocrx_word' id='word_1_331' title='bbox 434 4582 616 4647; x_wconf 82' lang='lat' dir='ltr'>Alias,</span> <span class='ocrx_word' id='word_1_332' title='bbox 649 4581 827 4635; x_wconf 83' lang='lat' dir='ltr'>currit</span> <span class='ocrx_word' id='word_1_333' title='bbox 855 4581 1037 4644; x_wconf 79' lang='lat' dir='ltr'>QUEN.</span> 
     </span>
    </p>
   </div>
   <div class='ocr_carea' id='block_1_51' title="bbox 324 4647 1913 4723">
    <p class='ocr_par' dir='ltr' id='par_1_51' title="bbox 324 4647 1913 4723">
     <span class='ocr_line' id='line_1_51' title="bbox 324 4647 1913 4723; baseline 0 -16"><span class='ocrx_word' id='word_1_334' title='bbox 324 4647 410 4723; x_wconf 38' lang='lat' dir='ltr'>(d&#39;)</span> <span class='ocrx_word' id='word_1_335' title='bbox 444 4652 826 4708; x_wconf 83' lang='lat' dir='ltr'>Manifestum</span> <span class='ocrx_word' id='word_1_336' title='bbox 849 4655 957 4718; x_wconf 91' lang='lat' dir='ltr'>est,</span> <span class='ocrx_word' id='word_1_337' title='bbox 983 4650 1040 4723; x_wconf 82' lang='lat' dir='ltr'>ni</span> <span class='ocrx_word' id='word_1_338' title='bbox 1062 4647 1250 4723; x_wconf 87' lang='lat' dir='ltr'>fallor,</span> <span class='ocrx_word' id='word_1_339' title='bbox 1270 4665 1339 4704; x_wconf 80' lang='lat' dir='ltr'>ex</span> <span class='ocrx_word' id='word_1_340' title='bbox 1359 4648 1467 4703; x_wconf 92' lang='lat' dir='ltr'>hoc</span> <span class='ocrx_word' id='word_1_341' title='bbox 1500 4648 1624 4723; x_wconf 84' lang='lat' dir='ltr'>loco</span> <span class='ocrx_word' id='word_1_342' title='bbox 1648 4651 1913 4723; x_wconf 86' lang='lat' dir='ltr'>materia-</span> 
     </span>
    </p>
   </div>
   <div class='ocr_carea' id='block_1_52' title="bbox 248 4720 1913 4794">
    <p class='ocr_par' dir='ltr' id='par_1_52' title="bbox 248 4720 1913 4794">
     <span class='ocr_line' id='line_1_52' title="bbox 248 4720 1913 4794; baseline 0.001 -17"><span class='ocrx_word' id='word_1_343' title='bbox 248 4720 367 4779; x_wconf 75' lang='lat' dir='ltr'>lem</span> <span class='ocrx_word' id='word_1_344' title='bbox 390 4720 1176 4794; x_wconf 79' lang='lat' dir='ltr'>episcoporumunctionem</span> <span class='ocrx_word' id='word_1_345' title='bbox 1191 4722 1316 4794; x_wconf 88' lang='lat' dir='ltr'>jam</span> <span class='ocrx_word' id='word_1_346' title='bbox 1330 4725 1476 4794; x_wconf 46' lang='lat' dir='ltr'>tum</span> <span class='ocrx_word' id='word_1_347' title='bbox 1504 4720 1563 4775; x_wconf 89' lang='lat' dir='ltr'>in</span> <span class='ocrx_word' id='word_1_348' title='bbox 1588 4737 1698 4776; x_wconf 89' lang='lat' dir='ltr'>usu</span> <span class='ocrx_word' id='word_1_349' title='bbox 1728 4722 1913 4779; x_wconf 88' lang='lat' dir='ltr'>fuisse</span> 
     </span>
    </p>
   </div>
   <div class='ocr_carea' id='block_1_53' title="bbox 248 4741 1912 4865">
    <p class='ocr_par' dir='ltr' id='par_1_53' title="bbox 248 4741 1912 4865">
     <span class='ocr_line' id='line_1_53' title="bbox 249 4741 1912 4794; baseline 0.001 -17"><span class='ocrx_word' id='word_1_350' title='bbox 249 4741 367 4779; x_wconf 75' lang='lat' dir='ltr'>lem</span> <span class='ocrx_word' id='word_1_351' title='bbox 402 4741 436 4779; x_wconf 85' lang='lat' dir='ltr'>e</span> <span class='ocrx_word' id='word_1_352' title='bbox 482 4741 820 4794; x_wconf 78' lang='lat' dir='ltr'>iscoporum</span> <span class='ocrx_word' id='word_1_353' title='bbox 844 4741 1176 4777; x_wconf 78' lang='lat' dir='ltr'>uncuonem</span> <span class='ocrx_word' id='word_1_354' title='bbox 1191 4741 1316 4793; x_wconf 75' lang='lat' dir='ltr'>jam</span> <span class='ocrx_word' id='word_1_355' title='bbox 1350 4741 1476 4775; x_wconf 71' lang='lat' dir='ltr'>tum</span> <span class='ocrx_word' id='word_1_356' title='bbox 1505 4741 1563 4775; x_wconf 88' lang='lat' dir='ltr'>1n</span> <span class='ocrx_word' id='word_1_357' title='bbox 1588 4741 1698 4776; x_wconf 87' lang='lat' dir='ltr'>usu</span> <span class='ocrx_word' id='word_1_358' title='bbox 1728 4741 1912 4779; x_wconf 77' lang='lat' dir='ltr'>IUISBB</span> 
     </span>
     <span class='ocr_line' id='line_1_54' title="bbox 248 4741 1912 4865; baseline 0 -16"><span class='ocrx_word' id='word_1_359' title='bbox 248 4794 309 4850; x_wconf 88' lang='lat' dir='ltr'>in</span> <span class='ocrx_word' id='word_1_360' title='bbox 341 4741 722 4854; x_wconf 59' lang='lat' dir='ltr'>orcgnatione</span> <span class='ocrx_word' id='word_1_361' title='bbox 752 4790 1099 4865; x_wconf 73' lang='lat' dir='ltr'>episcopali,</span> <span class='ocrx_word' id='word_1_362' title='bbox 1134 4793 1295 4865; x_wconf 87' lang='lat' dir='ltr'>apud</span> <span class='ocrx_word' id='word_1_363' title='bbox 1328 4792 1653 4865; x_wconf 81' lang='lat' dir='ltr'>Romanam</span> <span class='ocrx_word' id='word_1_364' title='bbox 1705 4794 1912 4850; x_wconf 86' lang='lat' dir='ltr'>saltem</span> 
     </span>
    </p>
   </div>
   <div class='ocr_carea' id='block_1_54' title="bbox 248 4863 1916 4936">
    <p class='ocr_par' dir='ltr' id='par_1_54' title="bbox 248 4863 1916 4936">
     <span class='ocr_line' id='line_1_55' title="bbox 248 4863 1916 4936; baseline -0.001 -13"><span class='ocrx_word' id='word_1_365' title='bbox 248 4865 608 4931; x_wconf 68' lang='lat' dir='ltr'>Ecclesium,</span> <span class='ocrx_word' id='word_1_366' title='bbox 624 4863 929 4936; x_wconf 71' lang='lat' dir='ltr'>Siquidem</span> <span class='ocrx_word' id='word_1_367' title='bbox 953 4863 1104 4936; x_wconf 85' lang='lat' dir='ltr'>apud</span> <span class='ocrx_word' id='word_1_368' title='bbox 1126 4863 1548 4936; x_wconf 81' lang='lat' dir='ltr'>Leonemidem</span> <span class='ocrx_word' id='word_1_369' title='bbox 1566 4866 1654 4936; x_wconf 80' lang='lat' dir='ltr'>est</span> <span class='ocrx_word' id='word_1_370' title='bbox 1674 4865 1916 4922; x_wconf 82' lang='lat' dir='ltr'>obtinere</span> 
     </span>
    </p>
   </div>
   <div class='ocr_carea' id='block_1_55' title="bbox 250 4881 1914 5016">
    <p class='ocr_par' dir='ltr' id='par_1_55' title="bbox 250 4881 1914 5016">
     <span class='ocr_line' id='line_1_56' title="bbox 250 4881 1914 4936; baseline -0.001 -13"><span class='ocrx_word' id='word_1_371' title='bbox 250 4881 608 4931; x_wconf 63' lang='lat' dir='ltr'>scelestam,</span> <span class='ocrx_word' id='word_1_372' title='bbox 624 4881 684 4921; x_wconf 73' lang='lat' dir='ltr'>Si</span> <span class='ocrx_word' id='word_1_373' title='bbox 732 4881 929 4920; x_wconf 71' lang='lat' dir='ltr'>niuem</span> <span class='ocrx_word' id='word_1_374' title='bbox 953 4881 1104 4936; x_wconf 88' lang='lat' dir='ltr'>apua</span> <span class='ocrx_word' id='word_1_375' title='bbox 1127 4881 1375 4920; x_wconf 70' lang='lat' dir='ltr'>Leonem</span> <span class='ocrx_word' id='word_1_376' title='bbox 1394 4881 1548 4918; x_wconf 82' lang='lat' dir='ltr'>mem</span> <span class='ocrx_word' id='word_1_377' title='bbox 1566 4881 1654 4917; x_wconf 79' lang='lat' dir='ltr'>eat</span> <span class='ocrx_word' id='word_1_378' title='bbox 1674 4881 1914 4922; x_wconf 76' lang='lat' dir='ltr'>abnuere</span> 
     </span>
     <span class='ocr_line' id='line_1_57' title="bbox 250 4881 1914 5016; baseline -0.001 -24"><span class='ocrx_word' id='word_1_379' title='bbox 250 4881 821 5016; x_wconf 20' lang='lat' dir='ltr'>undAmmm-ae_?ie‘ri</span> <span class='ocrx_word' id='word_1_380' title='bbox 841 4934 1224 5016; x_wconf 46' lang='lat' dir='ltr'>episcopum}</span> <span class='ocrx_word' id='word_1_381' title='bbox 1250 4935 1497 5016; x_wconf 44' lang='lat' dir='ltr'>quod-de</span> <span class='ocrx_word' id='word_1_382' title='bbox 1519 4934 1647 4990; x_wconf 87' lang='lat' dir='ltr'>sola</span> <span class='ocrx_word' id='word_1_383' title='bbox 1664 4936 1914 5016; x_wconf 71' lang='lat' dir='ltr'>spiritali</span> 
     </span>
    </p>
   </div>
   <div class='ocr_carea' id='block_1_56' title="bbox 251 5005 1919 5079">
    <p class='ocr_par' dir='ltr' id='par_1_56' title="bbox 251 5005 1919 5079">
     <span class='ocr_line' id='line_1_58' title="bbox 251 5005 1919 5079; baseline -0.001 -15"><span class='ocrx_word' id='word_1_384' title='bbox 251 5009 541 5065; x_wconf 85' lang='lat' dir='ltr'>unctione</span> <span class='ocrx_word' id='word_1_385' title='bbox 554 5005 1061 5079; x_wconf 66' lang='lat' dir='ltr'>siintelligei&#39;etur,</span> <span class='ocrx_word' id='word_1_386' title='bbox 1080 5005 1247 5079; x_wconf 86' lang='lat' dir='ltr'>valde</span> <span class='ocrx_word' id='word_1_387' title='bbox 1268 5005 1613 5079; x_wconf 82' lang='lat' dir='ltr'>ambiguum</span> <span class='ocrx_word' id='word_1_388' title='bbox 1636 5005 1919 5079; x_wconf 80' lang='lat' dir='ltr'>esset.Est</span> 
     </span>
    </p>
   </div>
   <div class='ocr_carea' id='block_1_57' title="bbox 251 5076 1918 5150">
    <p class='ocr_par' dir='ltr' id='par_1_57' title="bbox 251 5076 1918 5150">
     <span class='ocr_line' id='line_1_59' title="bbox 251 5076 1918 5150; baseline 0 -15"><span class='ocrx_word' id='word_1_389' title='bbox 251 5084 307 5135; x_wconf 86' lang='lat' dir='ltr'>et</span> <span class='ocrx_word' id='word_1_390' title='bbox 330 5080 395 5135; x_wconf 91' lang='lat' dir='ltr'>in</span> <span class='ocrx_word' id='word_1_391' title='bbox 420 5095 698 5135; x_wconf 88' lang='lat' dir='ltr'>sermone</span> <span class='ocrx_word' id='word_1_392' title='bbox 727 5076 1018 5145; x_wconf 71' lang='lat' dir='ltr'>sequenti,</span> <span class='ocrx_word' id='word_1_393' title='bbox 1052 5095 1177 5150; x_wconf 91' lang='lat' dir='ltr'>cap.</span> <span class='ocrx_word' id='word_1_394' title='bbox 1204 5078 1255 5145; x_wconf 91' lang='grc'>1,</span> <span class='ocrx_word' id='word_1_395' title='bbox 1290 5094 1404 5150; x_wconf 83' lang='lat' dir='ltr'>non</span> <span class='ocrx_word' id='word_1_396' title='bbox 1436 5076 1726 5150; x_wconf 83' lang='lat' dir='ltr'>absimilis</span> <span class='ocrx_word' id='word_1_397' title='bbox 1748 5095 1918 5135; x_wconf 88' lang='lat' dir='ltr'>men-</span> 
     </span>
    </p>
   </div>
   <div class='ocr_carea' id='block_1_58' title="bbox 252 5146 1918 5222">
    <p class='ocr_par' dir='ltr' id='par_1_58' title="bbox 252 5146 1918 5222">
     <span class='ocr_line' id='line_1_60' title="bbox 252 5146 1918 5222; baseline 0 -15"><span class='ocrx_word' id='word_1_398' title='bbox 252 5151 355 5219; x_wconf 88' lang='lat' dir='ltr'>tio,</span> <span class='ocrx_word' id='word_1_399' title='bbox 393 5150 594 5222; x_wconf 82' lang='lat' dir='ltr'>magis</span> <span class='ocrx_word' id='word_1_400' title='bbox 616 5154 814 5222; x_wconf 73' lang='lat' dir='ltr'>tamen</span> <span class='ocrx_word' id='word_1_401' title='bbox 828 5146 1427 5222; x_wconf 77' lang='lat' dir='ltr'>obscura,materialis</span> <span class='ocrx_word' id='word_1_402' title='bbox 1450 5148 1918 5207; x_wconf 83' lang='lat' dir='ltr'>unctionis.Vide</span> 
     </span>
    </p>
   </div>
   <div class='ocr_carea' id='block_1_59' title="bbox 252 5219 1917 5291">
    <p class='ocr_par' dir='ltr' id='par_1_59' title="bbox 252 5219 1917 5291">
     <span class='ocr_line' id='line_1_61' title="bbox 252 5219 1917 5291; baseline 0.001 -14"><span class='ocrx_word' id='word_1_403' title='bbox 252 5224 437 5279; x_wconf 78' lang='lat' dir='ltr'>etiam</span> <span class='ocrx_word' id='word_1_404' title='bbox 473 5219 651 5277; x_wconf 74' lang='lat' dir='ltr'>sérm.</span> <span class='ocrx_word' id='word_1_405' title='bbox 683 5223 719 5277; x_wconf 92' lang='lat'>8</span> <span class='ocrx_word' id='word_1_406' title='bbox 740 5221 813 5277; x_wconf 88' lang='lat' dir='ltr'>de</span> <span class='ocrx_word' id='word_1_407' title='bbox 844 5219 1119 5277; x_wconf 87' lang='lat' dir='ltr'>Passione</span> <span class='ocrx_word' id='word_1_408' title='bbox 1146 5224 1308 5286; x_wconf 89' lang='lat' dir='ltr'>Dom,</span> <span class='ocrx_word' id='word_1_409' title='bbox 1330 5236 1468 5291; x_wconf 88' lang='lat' dir='ltr'>cap.</span> <span class='ocrx_word' id='word_1_410' title='bbox 1503 5222 1575 5274; x_wconf 89' lang='lat'>7:</span> <span class='ocrx_word' id='word_1_411' title='bbox 1622 5222 1796 5289; x_wconf 80' lang='lat' dir='ltr'>Nunc,</span> <span class='ocrx_word' id='word_1_412' title='bbox 1829 5223 1917 5277; x_wconf 85' lang='lat' dir='ltr'>in-</span> 
     </span>
    </p>
   </div>
   <div class='ocr_carea' id='block_1_60' title="bbox 255 5290 1917 5365">
    <p class='ocr_par' dir='ltr' id='par_1_60' title="bbox 255 5290 1917 5365">
     <span class='ocr_line' id='line_1_62' title="bbox 255 5290 1917 5365; baseline -0.001 -17"><span class='ocrx_word' id='word_1_413' title='bbox 255 5294 405 5365; x_wconf 84' lang='lat' dir='ltr'>quit,</span> <span class='ocrx_word' id='word_1_414' title='bbox 438 5296 496 5348; x_wconf 77' lang='lat' dir='ltr'>et</span> <span class='ocrx_word' id='word_1_415' title='bbox 522 5293 654 5348; x_wconf 80' lang='lat' dir='ltr'>ordo</span> <span class='ocrx_word' id='word_1_416' title='bbox 684 5293 892 5348; x_wconf 84' lang='lat' dir='ltr'>clarior</span> <span class='ocrx_word' id='word_1_417' title='bbox 908 5293 1221 5365; x_wconf 82' lang='lat' dir='ltr'>levitarum,</span> <span class='ocrx_word' id='word_1_418' title='bbox 1243 5298 1293 5346; x_wconf 81' lang='lat' dir='ltr'>et</span> <span class='ocrx_word' id='word_1_419' title='bbox 1306 5290 1555 5365; x_wconf 65' lang='lat' dir='ltr'>dignitas</span> <span class='ocrx_word' id='word_1_420' title='bbox 1584 5295 1823 5364; x_wconf 56' lang='lat' dir='ltr'>umidior</span> <span class='ocrx_word' id='word_1_421' title='bbox 1837 5312 1917 5349; x_wconf 79' lang='lat' dir='ltr'>se-</span> 
     </span>
    </p>
   </div>
   <div class='ocr_carea' id='block_1_61' title="bbox 257 5361 1920 5428">
    <p class='ocr_par' dir='ltr' id='par_1_61' title="bbox 257 5361 1920 5428">
     <span class='ocr_line' id='line_1_63' title="bbox 257 5361 1920 5428; baseline 0.001 -10"><span class='ocrx_word' id='word_1_422' title='bbox 257 5361 515 5428; x_wconf 65' lang='lat' dir='ltr'>niorum,</span> <span class='ocrx_word' id='word_1_423' title='bbox 545 5372 598 5419; x_wconf 86' lang='lat' dir='ltr'>et</span> <span class='ocrx_word' id='word_1_424' title='bbox 622 5366 895 5420; x_wconf 71' lang='lat' dir='ltr'>sacratior</span> <span class='ocrx_word' id='word_1_425' title='bbox 922 5371 1002 5419; x_wconf 85' lang='lat' dir='ltr'>est</span> <span class='ocrx_word' id='word_1_426' title='bbox 1028 5364 1212 5418; x_wconf 77' lang='lat' dir='ltr'>unctio</span> <span class='ocrx_word' id='word_1_427' title='bbox 1258 5361 1613 5418; x_wconf 77' lang='lat' dir='ltr'>sacerdotum.</span> <span class='ocrx_word' id='word_1_428' title='bbox 1647 5361 1729 5418; x_wconf 75' lang='lat' dir='ltr'>Ad</span> <span class='ocrx_word' id='word_1_429' title='bbox 1764 5372 1920 5420; x_wconf 74' lang='lat' dir='ltr'>exte-</span> 
     </span>
    </p>
   </div>
   <div class='ocr_carea' id='block_1_62' title="bbox 256 5433 1921 5494">
    <p class='ocr_par' dir='ltr' id='par_1_62' title="bbox 256 5433 1921 5494">
     <span class='ocr_line' id='line_1_64' title="bbox 256 5433 1921 5494; baseline 0.001 -3"><span class='ocrx_word' id='word_1_430' title='bbox 256 5436 479 5494; x_wconf 84' lang='lat' dir='ltr'>riorem</span> <span class='ocrx_word' id='word_1_431' title='bbox 512 5437 687 5491; x_wconf 86' lang='lat' dir='ltr'>etiam</span> <span class='ocrx_word' id='word_1_432' title='bbox 708 5436 1079 5493; x_wconf 87' lang='lat' dir='ltr'>sacerdotum</span> <span class='ocrx_word' id='word_1_433' title='bbox 1095 5433 1427 5489; x_wconf 89' lang='lat' dir='ltr'>unctionem</span> <span class='ocrx_word' id='word_1_434' title='bbox 1445 5434 1751 5490; x_wconf 87' lang='lat' dir='ltr'>manifeste</span> <span class='ocrx_word' id='word_1_435' title='bbox 1772 5436 1921 5493; x_wconf 92' lang='lat' dir='ltr'>allu-</span> 
     </span>
    </p>
   </div>
   <div class='ocr_carea' id='block_1_63' title="bbox 258 5504 1916 5579">
    <p class='ocr_par' dir='ltr' id='par_1_63' title="bbox 258 5504 1916 5579">
     <span class='ocr_line' id='line_1_65' title="bbox 258 5504 1916 5579; baseline 0 -15"><span class='ocrx_word' id='word_1_436' title='bbox 258 5507 419 5564; x_wconf 81' lang='lat' dir='ltr'>ditin</span> <span class='ocrx_word' id='word_1_437' title='bbox 434 5507 825 5579; x_wconf 84' lang='lat' dir='ltr'>subsequenti</span> <span class='ocrx_word' id='word_1_438' title='bbox 842 5522 1130 5579; x_wconf 83' lang='lat' dir='ltr'>sermone,</span> <span class='ocrx_word' id='word_1_439' title='bbox 1163 5522 1294 5579; x_wconf 84' lang='lat' dir='ltr'>cum</span> <span class='ocrx_word' id='word_1_440' title='bbox 1311 5506 1381 5560; x_wconf 92' lang='lat' dir='ltr'>de</span> <span class='ocrx_word' id='word_1_441' title='bbox 1394 5504 1643 5577; x_wconf 88' lang='lat' dir='ltr'>spiritali</span> <span class='ocrx_word' id='word_1_442' title='bbox 1657 5509 1916 5564; x_wconf 90' lang='lat' dir='ltr'>omnium</span> 
     </span>
    </p>
   </div>
   <div class='ocr_carea' id='block_1_64' title="bbox 256 5576 1924 5651">
    <p class='ocr_par' dir='ltr' id='par_1_64' title="bbox 256 5576 1924 5651">
     <span class='ocr_line' id='line_1_66' title="bbox 256 5576 1924 5651; baseline 0.001 -16"><span class='ocrx_word' id='word_1_443' title='bbox 256 5576 691 5651; x_wconf 75' lang='lat' dir='ltr'>baptizatoruin</span> <span class='ocrx_word' id='word_1_444' title='bbox 721 5596 825 5651; x_wconf 88' lang='lat' dir='ltr'>seu</span> <span class='ocrx_word' id='word_1_445' title='bbox 853 5577 1113 5634; x_wconf 89' lang='lat' dir='ltr'>ﬁdelium</span> <span class='ocrx_word' id='word_1_446' title='bbox 1138 5576 1410 5632; x_wconf 87' lang='lat' dir='ltr'>unctione</span> <span class='ocrx_word' id='word_1_447' title='bbox 1432 5576 1769 5651; x_wconf 78' lang='lat' dir='ltr'>sermonem</span> <span class='ocrx_word' id='word_1_448' title='bbox 1786 5581 1924 5637; x_wconf 88' lang='lat' dir='ltr'>facit</span> 
     </span>
    </p>
   </div>
   <div class='ocr_carea' id='block_1_65' title="bbox 258 5649 1925 5721">
    <p class='ocr_par' dir='ltr' id='par_1_65' title="bbox 258 5649 1925 5721">
     <span class='ocr_line' id='line_1_67' title="bbox 258 5649 1925 5721; baseline 0.001 -16"><span class='ocrx_word' id='word_1_449' title='bbox 258 5649 371 5707; x_wconf 42' lang='lat' dir='ltr'>cf!</span> <span class='ocrx_word' id='word_1_450' title='bbox 399 5669 415 5706; x_wconf 89' lang='lat'><strong>:</strong></span> <span class='ocrx_word' id='word_1_451' title='bbox 456 5649 652 5706; x_wconf 80' lang='lat' dir='ltr'>Omnes</span> <span class='ocrx_word' id='word_1_452' title='bbox 680 5652 739 5706; x_wconf 80' lang='lat' dir='ltr'>in</span> <span class='ocrx_word' id='word_1_453' title='bbox 774 5650 984 5706; x_wconf 73' lang='lat' dir='ltr'>Christo</span> <span class='ocrx_word' id='word_1_454' title='bbox 1015 5656 1354 5721; x_wconf 83' lang='lat' dir='ltr'>regeneratos</span> <span class='ocrx_word' id='word_1_455' title='bbox 1372 5651 1549 5704; x_wconf 80' lang='lat' dir='ltr'>sancti</span> <span class='ocrx_word' id='word_1_456' title='bbox 1569 5649 1805 5721; x_wconf 81' lang='lat' dir='ltr'>Spiritus</span> <span class='ocrx_word' id='word_1_457' title='bbox 1826 5670 1925 5707; x_wconf 89' lang='lat' dir='ltr'>un-</span> 
     </span>
    </p>
   </div>
   <div class='ocr_carea' id='block_1_66' title="bbox 258 5720 1923 5792">
    <p class='ocr_par' dir='ltr' id='par_1_66' title="bbox 258 5720 1923 5792">
     <span class='ocr_line' id='line_1_68' title="bbox 258 5720 1923 5792; baseline 0.001 -13"><span class='ocrx_word' id='word_1_458' title='bbox 258 5724 367 5779; x_wconf 79' lang='lat' dir='ltr'>ctio</span> <span class='ocrx_word' id='word_1_459' title='bbox 423 5730 703 5778; x_wconf 83' lang='lat' dir='ltr'>consecrat</span> <span class='ocrx_word' id='word_1_460' title='bbox 736 5721 1049 5778; x_wconf 85' lang='lat' dir='ltr'>secerdotes.</span> <span class='ocrx_word' id='word_1_461' title='bbox 1082 5720 1170 5776; x_wconf 84' lang='lat' dir='ltr'>Et</span> <span class='ocrx_word' id='word_1_462' title='bbox 1219 5720 1406 5776; x_wconf 89' lang='lat' dir='ltr'>infra:</span> <span class='ocrx_word' id='word_1_463' title='bbox 1460 5720 1651 5792; x_wconf 63' lang='lat' dir='ltr'>Effusa</span> <span class='ocrx_word' id='word_1_464' title='bbox 1708 5723 1923 5780; x_wconf 83' lang='lat' dir='ltr'>benedi-</span> 
     </span>
    </p>
   </div>
   <div class='ocr_carea' id='block_1_67' title="bbox 2020 589 3666 665">
    <p class='ocr_par' dir='ltr' id='par_1_67' title="bbox 2020 589 3666 665">
     <span class='ocr_line' id='line_1_69' title="bbox 2020 589 3666 665; baseline 0 -18"><span class='ocrx_word' id='word_1_465' title='bbox 2020 590 2249 647; x_wconf 89' lang='lat' dir='ltr'>Christo</span> <span class='ocrx_word' id='word_1_466' title='bbox 2280 590 2485 647; x_wconf 90' lang='lat' dir='ltr'>Petrus</span> <span class='ocrx_word' id='word_1_467' title='bbox 2518 591 2781 658; x_wconf 88' lang='lat' dir='ltr'>credidit,</span> <span class='ocrx_word' id='word_1_468' title='bbox 2815 590 2895 647; x_wconf 87' lang='lat' dir='ltr'>ita</span> <span class='ocrx_word' id='word_1_469' title='bbox 2912 594 3212 665; x_wconf 88' lang='lat' dir='ltr'>permanet</span> <span class='ocrx_word' id='word_1_470' title='bbox 3229 589 3383 665; x_wconf 87' lang='lat' dir='ltr'>quod</span> <span class='ocrx_word' id='word_1_471' title='bbox 3407 590 3468 649; x_wconf 90' lang='lat' dir='ltr'>in</span> <span class='ocrx_word' id='word_1_472' title='bbox 3498 591 3666 648; x_wconf 88' lang='lat' dir='ltr'>Petro</span> 
     </span>
    </p>
   </div>
   <div class='ocr_carea' id='block_1_68' title="bbox 2019 678 3665 754">
    <p class='ocr_par' dir='ltr' id='par_1_68' title="bbox 2019 678 3665 754">
     <span class='ocr_line' id='line_1_70' title="bbox 2019 678 3665 754; baseline 0.001 -19"><span class='ocrx_word' id='word_1_473' title='bbox 2019 678 2285 735; x_wconf 85' lang='lat' dir='ltr'>Christus</span> <span class='ocrx_word' id='word_1_474' title='bbox 2300 679 2571 736; x_wconf 88' lang='lat' dir='ltr'>instituit.</span> <span class='ocrx_word' id='word_1_475' title='bbox 2601 685 2742 735; x_wconf 90' lang='lat' dir='ltr'>Cum</span> <span class='ocrx_word' id='word_1_476' title='bbox 2764 681 3097 746; x_wconf 90' lang='lat' dir='ltr'>enim,sicut</span> <span class='ocrx_word' id='word_1_477' title='bbox 3117 680 3448 754; x_wconf 88' lang='lat' dir='ltr'>evangelica</span> <span class='ocrx_word' id='word_1_478' title='bbox 3466 679 3665 738; x_wconf 84' lang='lat' dir='ltr'>lectio-</span> 
     </span>
    </p>
   </div>
   <div class='ocr_carea' id='block_1_69' title="bbox 2020 769 3663 842">
    <p class='ocr_par' dir='ltr' id='par_1_69' title="bbox 2020 769 3663 842">
     <span class='ocr_line' id='line_1_71' title="bbox 2020 769 3663 842; baseline 0.002 -18"><span class='ocrx_word' id='word_1_479' title='bbox 2020 786 2091 832; x_wconf 85' lang='lat' dir='ltr'>ne</span> <span class='ocrx_word' id='word_1_480' title='bbox 2122 774 2442 825; x_wconf 89' lang='lat' dir='ltr'>reseratum</span> <span class='ocrx_word' id='word_1_481' title='bbox 2463 770 2998 840; x_wconf 84' lang='lat' dir='ltr'>est,interrogasset</span> <span class='ocrx_word' id='word_1_482' title='bbox 3026 770 3307 826; x_wconf 89' lang='lat' dir='ltr'>Dominus</span> <span class='ocrx_word' id='word_1_483' title='bbox 3320 769 3663 842; x_wconf 85' lang='lat' dir='ltr'>discipulos,</span> 
     </span>
    </p>
   </div>
   <div class='ocr_carea' id='block_1_70' title="bbox 2019 857 3662 931">
    <p class='ocr_par' dir='ltr' id='par_1_70' title="bbox 2019 857 3662 931">
     <span class='ocr_line' id='line_1_72' title="bbox 2019 857 3662 931; baseline 0.001 -18"><span class='ocrx_word' id='word_1_484' title='bbox 2019 875 2194 931; x_wconf 88' lang='lat' dir='ltr'>quem</span> <span class='ocrx_word' id='word_1_485' title='bbox 2221 858 2651 931; x_wconf 88' lang='lat' dir='ltr'>ipsum,multis</span> <span class='ocrx_word' id='word_1_486' title='bbox 2666 859 2893 914; x_wconf 84' lang='lat' dir='ltr'>diversa</span> <span class='ocrx_word' id='word_1_487' title='bbox 2913 857 3311 930; x_wconf 85' lang='lat' dir='ltr'>opinantibus,</span> <span class='ocrx_word' id='word_1_488' title='bbox 3338 859 3662 923; x_wconf 87' lang='lat' dir='ltr'>crederent,</span> 
     </span>
    </p>
   </div>
   <div class='ocr_carea' id='block_1_71' title="bbox 2019 946 3664 1020">
    <p class='ocr_par' dir='ltr' id='par_1_71' title="bbox 2019 946 3664 1020">
     <span class='ocr_line' id='line_1_73' title="bbox 2019 946 3664 1020; baseline 0.001 -18"><span class='ocrx_word' id='word_1_489' title='bbox 2019 948 2531 1020; x_wconf 88' lang='lat' dir='ltr'>respondissetque</span> <span class='ocrx_word' id='word_1_490' title='bbox 2564 947 2846 1019; x_wconf 86' lang='lat' dir='ltr'>beatus(g)</span> <span class='ocrx_word' id='word_1_491' title='bbox 2858 948 3079 1015; x_wconf 78' lang='lat' dir='ltr'>Petrus,</span> <span class='ocrx_word' id='word_1_492' title='bbox 3103 946 3322 1002; x_wconf 88' lang='lat' dir='ltr'>dicens:</span> <span class='ocrx_word' id='word_1_493' title='bbox 3344 949 3416 1003; x_wconf 86' lang='lat' dir='ltr'>Tu</span> <span class='ocrx_word' id='word_1_494' title='bbox 3433 964 3488 1004; x_wconf 86' lang='lat' dir='ltr'>es</span> <span class='ocrx_word' id='word_1_495' title='bbox 3507 947 3664 1004; x_wconf 84' lang='lat' dir='ltr'>Chri-</span> 
     </span>
    </p>
   </div>
   <div class='ocr_carea' id='block_1_72' title="bbox 2016 1036 3665 1108">
    <p class='ocr_par' dir='ltr' id='par_1_72' title="bbox 2016 1036 3665 1108">
     <span class='ocr_line' id='line_1_74' title="bbox 2016 1036 3665 1108; baseline 0.002 -17"><span class='ocrx_word' id='word_1_496' title='bbox 2016 1040 2129 1092; x_wconf 82' lang='lat' dir='ltr'>stus</span> <span class='ocrx_word' id='word_1_497' title='bbox 2156 1039 2305 1108; x_wconf 81' lang='lat' dir='ltr'>ﬁlius</span> <span class='ocrx_word' id='word_1_498' title='bbox 2336 1040 2432 1093; x_wconf 88' lang='lat' dir='ltr'>Dei</span> <span class='ocrx_word' id='word_1_499' title='bbox 2474 1039 2586 1093; x_wconf 82' lang='lat' dir='ltr'>vivi</span> <span class='ocrx_word' id='word_1_500' title='bbox 2607 1054 2619 1093; x_wconf 87' lang='lat'><strong>:</strong></span> <span class='ocrx_word' id='word_1_501' title='bbox 2670 1037 2900 1092; x_wconf 90' lang='lat' dir='ltr'>Domini</span> <span class='ocrx_word' id='word_1_502' title='bbox 2934 1036 3058 1099; x_wconf 87' lang='lat' dir='ltr'>ait;</span> <span class='ocrx_word' id='word_1_503' title='bbox 3117 1041 3317 1092; x_wconf 81' lang='lat' dir='ltr'>Beatus</span> <span class='ocrx_word' id='word_1_504' title='bbox 3339 1053 3411 1105; x_wconf 88' lang='lat' dir='ltr'>es,</span> <span class='ocrx_word' id='word_1_505' title='bbox 3473 1036 3665 1094; x_wconf 81' lang='lat' dir='ltr'>Simon</span> 
     </span>
    </p>
   </div>
   <div class='ocr_carea' id='block_1_73' title="bbox 2016 1127 3664 1199">
    <p class='ocr_par' dir='ltr' id='par_1_73' title="bbox 2016 1127 3664 1199">
     <span class='ocr_line' id='line_1_75' title="bbox 2016 1127 3664 1199; baseline 0 -17"><span class='ocrx_word' id='word_1_506' title='bbox 2016 1128 2315 1193; x_wconf 84' lang='lat' dir='ltr'>Bar-Jona,</span> <span class='ocrx_word' id='word_1_507' title='bbox 2348 1129 2478 1199; x_wconf 85' lang='lat' dir='ltr'>quia</span> <span class='ocrx_word' id='word_1_508' title='bbox 2508 1143 2635 1182; x_wconf 88' lang='lat' dir='ltr'>caro</span> <span class='ocrx_word' id='word_1_509' title='bbox 2666 1131 2721 1182; x_wconf 86' lang='lat' dir='ltr'>et</span> <span class='ocrx_word' id='word_1_510' title='bbox 2749 1129 2978 1197; x_wconf 81' lang='lat' dir='ltr'>sanguis</span> <span class='ocrx_word' id='word_1_511' title='bbox 3001 1143 3109 1183; x_wconf 86' lang='lat' dir='ltr'>non</span> <span class='ocrx_word' id='word_1_512' title='bbox 3142 1127 3398 1182; x_wconf 82' lang='lat' dir='ltr'>reuelauit</span> <span class='ocrx_word' id='word_1_513' title='bbox 3415 1127 3540 1195; x_wconf 84' lang='lat' dir='ltr'>tibi,</span> <span class='ocrx_word' id='word_1_514' title='bbox 3562 1127 3664 1183; x_wconf 68' lang='lat' dir='ltr'>sed</span> 
     </span>
    </p>
   </div>
   <div class='ocr_carea' id='block_1_74' title="bbox 2016 1215 3665 1288">
    <p class='ocr_par' dir='ltr' id='par_1_74' title="bbox 2016 1215 3665 1288">
     <span class='ocr_line' id='line_1_76' title="bbox 2016 1215 3665 1288; baseline -0.001 -17"><span class='ocrx_word' id='word_1_515' title='bbox 2016 1218 2181 1272; x_wconf 88' lang='lat' dir='ltr'>Pater</span> <span class='ocrx_word' id='word_1_516' title='bbox 2202 1233 2355 1272; x_wconf 80' lang='lat' dir='ltr'>meus</span> <span class='ocrx_word' id='word_1_517' title='bbox 2383 1219 2479 1288; x_wconf 87' lang='lat' dir='ltr'>qui</span> <span class='ocrx_word' id='word_1_518' title='bbox 2510 1219 2570 1272; x_wconf 86' lang='lat' dir='ltr'>in</span> <span class='ocrx_word' id='word_1_519' title='bbox 2600 1218 2749 1272; x_wconf 73' lang='lat' dir='ltr'>cazlis</span> <span class='ocrx_word' id='word_1_520' title='bbox 2779 1219 2874 1271; x_wconf 84' lang='lat' dir='ltr'>est.</span> <span class='ocrx_word' id='word_1_521' title='bbox 2923 1218 2989 1271; x_wconf 87' lang='lat' dir='ltr'>Et</span> <span class='ocrx_word' id='word_1_522' title='bbox 3019 1233 3114 1287; x_wconf 88' lang='lat' dir='ltr'>ego</span> <span class='ocrx_word' id='word_1_523' title='bbox 3141 1215 3260 1271; x_wconf 85' lang='lat' dir='ltr'>dico</span> <span class='ocrx_word' id='word_1_524' title='bbox 3307 1217 3409 1270; x_wconf 87' lang='lat' dir='ltr'>tibi</span> <span class='ocrx_word' id='word_1_525' title='bbox 3445 1216 3575 1286; x_wconf 83' lang='lat' dir='ltr'>quia</span> <span class='ocrx_word' id='word_1_526' title='bbox 3605 1223 3665 1270; x_wconf 91' lang='lat' dir='ltr'>tu</span> 
     </span>
    </p>
   </div>
   <div class='ocr_carea' id='block_1_75' title="bbox 2016 1304 3667 1377">
    <p class='ocr_par' dir='ltr' id='par_1_75' title="bbox 2016 1304 3667 1377">
     <span class='ocr_line' id='line_1_77' title="bbox 2016 1304 3667 1377; baseline 0 -16"><span class='ocrx_word' id='word_1_527' title='bbox 2016 1322 2070 1361; x_wconf 87' lang='lat' dir='ltr'>es</span> <span class='ocrx_word' id='word_1_528' title='bbox 2099 1307 2314 1371; x_wconf 85' lang='lat' dir='ltr'>Petrus,</span> <span class='ocrx_word' id='word_1_529' title='bbox 2335 1315 2387 1361; x_wconf 91' lang='lat' dir='ltr'>ct</span> <span class='ocrx_word' id='word_1_530' title='bbox 2412 1323 2576 1377; x_wconf 85' lang='lat' dir='ltr'>super</span> <span class='ocrx_word' id='word_1_531' title='bbox 2605 1307 2747 1361; x_wconf 84' lang='lat' dir='ltr'>hanc</span> <span class='ocrx_word' id='word_1_532' title='bbox 2774 1307 2995 1361; x_wconf 79' lang='lat' dir='ltr'>Petram</span> <span class='ocrx_word' id='word_1_533' title='bbox 3045 1304 3320 1375; x_wconf 60' lang='grc' dir='ltr'>(διαβαιὸο</span> <span class='ocrx_word' id='word_1_534' title='bbox 3366 1305 3667 1361; x_wconf 81' lang='lat' dir='ltr'>Ecclesium</span> 
     </span>
    </p>
   </div>
   <div class='ocr_carea' id='block_1_76' title="bbox 2016 1394 3662 1467">
    <p class='ocr_par' dir='ltr' id='par_1_76' title="bbox 2016 1394 3662 1467">
     <span class='ocr_line' id='line_1_78' title="bbox 2016 1394 3662 1467; baseline -0.001 -18"><span class='ocrx_word' id='word_1_535' title='bbox 2016 1411 2213 1461; x_wconf 88' lang='lat' dir='ltr'>meam,</span> <span class='ocrx_word' id='word_1_536' title='bbox 2245 1404 2300 1450; x_wconf 83' lang='lat' dir='ltr'>et</span> <span class='ocrx_word' id='word_1_537' title='bbox 2325 1399 2498 1467; x_wconf 69' lang='lat' dir='ltr'>portae</span> <span class='ocrx_word' id='word_1_538' title='bbox 2517 1396 2687 1466; x_wconf 79' lang='lat' dir='ltr'>inferi</span> <span class='ocrx_word' id='word_1_539' title='bbox 2714 1411 2825 1450; x_wconf 89' lang='lat' dir='ltr'>non</span> <span class='ocrx_word' id='word_1_540' title='bbox 2846 1395 3219 1462; x_wconf 74' lang='lat' dir='ltr'>pramalebunt</span> <span class='ocrx_word' id='word_1_541' title='bbox 3239 1394 3499 1449; x_wconf 86' lang='lat' dir='ltr'>adversus</span> <span class='ocrx_word' id='word_1_542' title='bbox 3518 1409 3662 1448; x_wconf 86' lang='lat' dir='ltr'>eam.</span> 
     </span>
    </p>
   </div>
   <div class='ocr_carea' id='block_1_77' title="bbox 2015 1482 3666 1558">
    <p class='ocr_par' dir='ltr' id='par_1_77' title="bbox 2015 1482 3666 1558">
     <span class='ocr_line' id='line_1_79' title="bbox 2015 1482 3666 1558; baseline -0.001 -20"><span class='ocrx_word' id='word_1_543' title='bbox 2015 1486 2081 1539; x_wconf 85' lang='lat' dir='ltr'>Et</span> <span class='ocrx_word' id='word_1_544' title='bbox 2108 1485 2215 1540; x_wconf 83' lang='lat' dir='ltr'>tibi</span> <span class='ocrx_word' id='word_1_545' title='bbox 2242 1484 2377 1540; x_wconf 83' lang='lat' dir='ltr'>dabo</span> <span class='ocrx_word' id='word_1_546' title='bbox 2404 1484 2581 1541; x_wconf 81' lang='lat' dir='ltr'>claves</span> <span class='ocrx_word' id='word_1_547' title='bbox 2609 1486 2767 1557; x_wconf 84' lang='lat' dir='ltr'>regni</span> <span class='ocrx_word' id='word_1_548' title='bbox 2794 1485 3071 1539; x_wconf 68' lang='lat' dir='ltr'>caelorum.</span> <span class='ocrx_word' id='word_1_549' title='bbox 3104 1486 3170 1539; x_wconf 83' lang='lat' dir='ltr'>Et</span> <span class='ocrx_word' id='word_1_550' title='bbox 3197 1483 3278 1558; x_wconf 83' lang='lat' dir='ltr'>(h)</span> <span class='ocrx_word' id='word_1_551' title='bbox 3309 1482 3666 1555; x_wconf 83' lang='lat' dir='ltr'>quodcunque</span> 
     </span>
    </p>
   </div>
   <div class='ocr_carea' id='block_1_78' title="bbox 2016 1571 3664 1646">
    <p class='ocr_par' dir='ltr' id='par_1_78' title="bbox 2016 1571 3664 1646">
     <span class='ocr_line' id='line_1_80' title="bbox 2016 1571 3664 1646; baseline -0.004 -15"><span class='ocrx_word' id='word_1_552' title='bbox 2016 1574 2277 1644; x_wconf 83' lang='lat' dir='ltr'>ligaveris</span> <span class='ocrx_word' id='word_1_553' title='bbox 2304 1591 2467 1646; x_wconf 86' lang='lat' dir='ltr'>super</span> <span class='ocrx_word' id='word_1_554' title='bbox 2513 1582 2741 1642; x_wconf 86' lang='lat' dir='ltr'>terram,</span> <span class='ocrx_word' id='word_1_555' title='bbox 2790 1575 2896 1630; x_wconf 82' lang='lat' dir='ltr'>erit</span> <span class='ocrx_word' id='word_1_556' title='bbox 2940 1574 3173 1642; x_wconf 83' lang='lat' dir='ltr'>ligatum</span> <span class='ocrx_word' id='word_1_557' title='bbox 3202 1580 3252 1629; x_wconf 87' lang='lat' dir='ltr'>et</span> <span class='ocrx_word' id='word_1_558' title='bbox 3284 1574 3345 1628; x_wconf 91' lang='lat' dir='ltr'>in</span> <span class='ocrx_word' id='word_1_559' title='bbox 3389 1571 3573 1627; x_wconf 69' lang='lat' dir='ltr'>aclis:</span> <span class='ocrx_word' id='word_1_560' title='bbox 3606 1575 3664 1626; x_wconf 82' lang='lat' dir='ltr'>et</span> 
     </span>
    </p>
   </div>
   <div class='ocr_carea' id='block_1_79' title="bbox 2015 1662 3664 1737">
    <p class='ocr_par' dir='ltr' id='par_1_79' title="bbox 2015 1662 3664 1737">
     <span class='ocr_line' id='line_1_81' title="bbox 2015 1662 3664 1737; baseline -0.003 -18"><span class='ocrx_word' id='word_1_561' title='bbox 2015 1664 2386 1737; x_wconf 86' lang='lat' dir='ltr'>quodcumque</span> <span class='ocrx_word' id='word_1_562' title='bbox 2410 1665 2635 1720; x_wconf 85' lang='lat' dir='ltr'>solveris</span> <span class='ocrx_word' id='word_1_563' title='bbox 2662 1680 2827 1735; x_wconf 84' lang='lat' dir='ltr'>super</span> <span class='ocrx_word' id='word_1_564' title='bbox 2851 1670 3075 1730; x_wconf 87' lang='lat' dir='ltr'>terram,</span> <span class='ocrx_word' id='word_1_565' title='bbox 3103 1663 3208 1718; x_wconf 88' lang='lat' dir='ltr'>erit</span> <span class='ocrx_word' id='word_1_566' title='bbox 3253 1662 3493 1718; x_wconf 86' lang='lat' dir='ltr'>solutum</span> <span class='ocrx_word' id='word_1_567' title='bbox 3522 1667 3574 1716; x_wconf 86' lang='lat' dir='ltr'>et</span> <span class='ocrx_word' id='word_1_568' title='bbox 3603 1676 3664 1715; x_wconf 71' lang='lat' dir='ltr'>in</span> 
     </span>
    </p>
   </div>
   <div class='ocr_carea' id='block_1_80' title="bbox 2015 1754 2785 1825">
    <p class='ocr_par' dir='ltr' id='par_1_80' title="bbox 2015 1754 2785 1825">
     <span class='ocr_line' id='line_1_82' title="bbox 2015 1754 2785 1825; baseline -0.003 -15"><span class='ocrx_word' id='word_1_569' title='bbox 2015 1755 2161 1810; x_wconf 73' lang='lat' dir='ltr'>cwlis</span> <span class='ocrx_word' id='word_1_570' title='bbox 2191 1756 2397 1822; x_wconf 81' lang='lat' dir='ltr'>(Matth.</span> <span class='ocrx_word' id='word_1_571' title='bbox 2431 1772 2544 1821; x_wconf 83' lang='lat' dir='ltr'>XVI,</span> <span class='ocrx_word' id='word_1_572' title='bbox 2575 1754 2785 1825; x_wconf 86' lang='grc'>16-19).</span> 
     </span>
    </p>
   </div>
   <div class='ocr_carea' id='block_1_81' title="bbox 2087 1836 3666 1914">
    <p class='ocr_par' dir='ltr' id='par_1_81' title="bbox 2087 1836 3666 1914">
     <span class='ocr_line' id='line_1_83' title="bbox 2087 1836 3666 1914; baseline -0.004 -17"><span class='ocrx_word' id='word_1_573' title='bbox 2087 1842 2219 1898; x_wconf 77' lang='lat' dir='ltr'>CAP.</span> <span class='ocrx_word' id='word_1_574' title='bbox 2277 1842 2372 1898; x_wconf 86' lang='lat' dir='ltr'>IIl.</span> <span class='ocrx_word' id='word_1_575' title='bbox 2401 1874 2470 1881; x_wconf 92' lang='lat'><strong>—</strong></span> <span class='ocrx_word' id='word_1_576' title='bbox 2502 1842 2699 1898; x_wconf 88' lang='lat' dir='ltr'>Manet</span> <span class='ocrx_word' id='word_1_577' title='bbox 2746 1857 2883 1914; x_wconf 83' lang='lat' dir='ltr'>ergo</span> <span class='ocrx_word' id='word_1_578' title='bbox 2943 1838 3248 1912; x_wconf 87' lang='lat' dir='ltr'>dispositio</span> <span class='ocrx_word' id='word_1_579' title='bbox 3289 1836 3572 1904; x_wconf 86' lang='lat' dir='ltr'>veritatis,</span> <span class='ocrx_word' id='word_1_580' title='bbox 3605 1840 3666 1893; x_wconf 85' lang='lat' dir='ltr'>et</span> 
     </span>
    </p>
   </div>
   <div class='ocr_carea' id='block_1_82' title="bbox 2013 1929 3751 2002">
    <p class='ocr_par' dir='ltr' id='par_1_82' title="bbox 2013 1929 3751 2002">
     <span class='ocr_line' id='line_1_84' title="bbox 2013 1929 3751 2002; baseline -0.002 -15"><span class='ocrx_word' id='word_1_581' title='bbox 2013 1932 2224 1989; x_wconf 77' lang='lat' dir='ltr'>beatus</span> <span class='ocrx_word' id='word_1_582' title='bbox 2249 1931 2454 1988; x_wconf 88' lang='lat' dir='ltr'>Petrus</span> <span class='ocrx_word' id='word_1_583' title='bbox 2475 1932 2535 1986; x_wconf 89' lang='lat' dir='ltr'>in</span> <span class='ocrx_word' id='word_1_584' title='bbox 2565 1935 2801 2002; x_wconf 89' lang='lat' dir='ltr'>accepta</span> <span class='ocrx_word' id='word_1_585' title='bbox 2831 1929 3170 1986; x_wconf 87' lang='lat' dir='ltr'>fortitudine</span> <span class='ocrx_word' id='word_1_586' title='bbox 3192 1929 3254 2000; x_wconf 72' lang='grc' dir='ltr'>(ἢ</span> <span class='ocrx_word' id='word_1_587' title='bbox 3273 1932 3447 2001; x_wconf 71' lang='lat' dir='ltr'>petrae</span> <span class='ocrx_word' id='word_1_588' title='bbox 3470 1942 3658 2000; x_wconf 88' lang='lat' dir='ltr'>perse-</span> <span class='ocrx_word' id='word_1_589' title='bbox 3750 1978 3751 1983; x_wconf 46' lang='grc' dir='ltr'><strong>η</strong></span> 
     </span>
    </p>
   </div>
   <div class='ocr_carea' id='block_1_83' title="bbox 2014 2015 3656 2093">
    <p class='ocr_par' dir='ltr' id='par_1_83' title="bbox 2014 2015 3656 2093">
     <span class='ocr_line' id='line_1_85' title="bbox 2014 2015 3656 2093; baseline -0.004 -16"><span class='ocrx_word' id='word_1_590' title='bbox 2014 2038 2245 2089; x_wconf 82' lang='lat' dir='ltr'>vorans,</span> <span class='ocrx_word' id='word_1_591' title='bbox 2270 2024 2542 2093; x_wconf 88' lang='lat' dir='ltr'>suscepta</span> <span class='ocrx_word' id='word_1_592' title='bbox 2561 2019 2829 2076; x_wconf 71' lang='lat' dir='ltr'>Ecclesiae</span> <span class='ocrx_word' id='word_1_593' title='bbox 2847 2017 3247 2091; x_wconf 87' lang='lat' dir='ltr'>gubernacula</span> <span class='ocrx_word' id='word_1_594' title='bbox 3268 2015 3656 2088; x_wconf 87' lang='lat' dir='ltr'>non-reliquit.</span> 
     </span>
    </p>
   </div>
   <div class='ocr_carea' id='block_1_84' title="bbox 2018 2105 3667 2182">
    <p class='ocr_par' dir='ltr' id='par_1_84' title="bbox 2018 2105 3667 2182">
     <span class='ocr_line' id='line_1_86' title="bbox 2018 2105 3667 2182; baseline -0.004 -16"><span class='ocrx_word' id='word_1_595' title='bbox 2018 2111 2112 2167; x_wconf 89' lang='lat' dir='ltr'>Sic</span> <span class='ocrx_word' id='word_1_596' title='bbox 2140 2110 2298 2166; x_wconf 89' lang='lat' dir='ltr'>enim</span> <span class='ocrx_word' id='word_1_597' title='bbox 2334 2125 2446 2182; x_wconf 70' lang='lat' dir='ltr'>prae</span> <span class='ocrx_word' id='word_1_598' title='bbox 2477 2110 2698 2165; x_wconf 60' lang='lat' dir='ltr'>caeteris</span> <span class='ocrx_word' id='word_1_599' title='bbox 2726 2113 2817 2164; x_wconf 90' lang='lat' dir='ltr'>est</span> <span class='ocrx_word' id='word_1_600' title='bbox 2846 2108 3171 2174; x_wconf 89' lang='lat' dir='ltr'>ordinatus,</span> <span class='ocrx_word' id='word_1_601' title='bbox 3221 2110 3288 2164; x_wconf 90' lang='lat' dir='ltr'>ut</span> <span class='ocrx_word' id='word_1_602' title='bbox 3315 2107 3458 2165; x_wconf 87' lang='lat' dir='ltr'>dum</span> <span class='ocrx_word' id='word_1_603' title='bbox 3495 2105 3667 2163; x_wconf 85' lang='lat' dir='ltr'>Petra</span> 
     </span>
    </p>
   </div>
   <div class='ocr_carea' id='block_1_85' title="bbox 2016 2192 3659 2270">
    <p class='ocr_par' dir='ltr' id='par_1_85' title="bbox 2016 2192 3659 2270">
     <span class='ocr_line' id='line_1_87' title="bbox 2016 2192 3659 2270; baseline -0.003 -15"><span class='ocrx_word' id='word_1_604' title='bbox 2016 2200 2400 2267; x_wconf 88' lang='lat' dir='ltr'>dicitur,dum</span> <span class='ocrx_word' id='word_1_605' title='bbox 2415 2199 2862 2254; x_wconf 85' lang='lat' dir='ltr'>fundamentum</span> <span class='ocrx_word' id='word_1_606' title='bbox 2886 2196 3473 2270; x_wconf 87' lang='lat' dir='ltr'>pronuntiatur,dum</span> <span class='ocrx_word' id='word_1_607' title='bbox 3492 2192 3659 2267; x_wconf 85' lang='lat' dir='ltr'>regni</span> 
     </span>
    </p>
   </div>
   <div class='ocr_carea' id='block_1_86' title="bbox 2017 2282 3656 2359">
    <p class='ocr_par' dir='ltr' id='par_1_86' title="bbox 2017 2282 3656 2359">
     <span class='ocr_line' id='line_1_88' title="bbox 2017 2282 3656 2359; baseline -0.005 -12"><span class='ocrx_word' id='word_1_608' title='bbox 2017 2289 2293 2347; x_wconf 73' lang='lat' dir='ltr'>caelorum</span> <span class='ocrx_word' id='word_1_609' title='bbox 2316 2288 2538 2359; x_wconf 88' lang='lat' dir='ltr'>janitor</span> <span class='ocrx_word' id='word_1_610' title='bbox 2561 2286 2952 2352; x_wconf 89' lang='lat' dir='ltr'>constituitur,</span> <span class='ocrx_word' id='word_1_611' title='bbox 2983 2287 3126 2341; x_wconf 90' lang='lat' dir='ltr'>dum</span> <span class='ocrx_word' id='word_1_612' title='bbox 3144 2284 3519 2358; x_wconf 85' lang='lat' dir='ltr'>ligandorum</span> <span class='ocrx_word' id='word_1_613' title='bbox 3540 2282 3656 2339; x_wconf 89' lang='lat' dir='ltr'>sol-</span> 
     </span>
    </p>
   </div>
   <div class='ocr_carea' id='block_1_87' title="bbox 2015 2371 3667 2450">
    <p class='ocr_par' dir='ltr' id='par_1_87' title="bbox 2015 2371 3667 2450">
     <span class='ocr_line' id='line_1_89' title="bbox 2015 2371 3667 2450; baseline -0.004 -15"><span class='ocrx_word' id='word_1_614' title='bbox 2015 2381 2453 2450; x_wconf 79' lang='lat' dir='ltr'>vendorumque</span> <span class='ocrx_word' id='word_1_615' title='bbox 2484 2378 2721 2445; x_wconf 88' lang='lat' dir='ltr'>arbiter,</span> <span class='ocrx_word' id='word_1_616' title='bbox 2748 2392 3028 2432; x_wconf 89' lang='lat' dir='ltr'>mansura</span> <span class='ocrx_word' id='word_1_617' title='bbox 3047 2375 3221 2431; x_wconf 86' lang='lat' dir='ltr'>etiam</span> <span class='ocrx_word' id='word_1_618' title='bbox 3253 2374 3314 2430; x_wconf 90' lang='lat' dir='ltr'>in</span> <span class='ocrx_word' id='word_1_619' title='bbox 3345 2371 3667 2446; x_wconf 58' lang='lat' dir='ltr'>cmlisquu-</span> 
     </span>
    </p>
   </div>
   <div class='ocr_carea' id='block_1_88' title="bbox 2018 2460 3663 2536">
    <p class='ocr_par' dir='ltr' id='par_1_88' title="bbox 2018 2460 3663 2536">
     <span class='ocr_line' id='line_1_90' title="bbox 2018 2460 3663 2536; baseline -0.005 -12"><span class='ocrx_word' id='word_1_620' title='bbox 2018 2468 2305 2525; x_wconf 88' lang='lat' dir='ltr'>diciorum</span> <span class='ocrx_word' id='word_1_621' title='bbox 2325 2482 2567 2523; x_wconf 90' lang='lat' dir='ltr'>suorum</span> <span class='ocrx_word' id='word_1_622' title='bbox 2589 2464 2946 2527; x_wconf 89' lang='lat' dir='ltr'>deﬁnitione,</span> <span class='ocrx_word' id='word_1_623' title='bbox 2976 2462 3308 2536; x_wconf 67' lang='lat' dir='ltr'>praeﬁcitur,</span> <span class='ocrx_word' id='word_1_624' title='bbox 3336 2461 3529 2534; x_wconf 82' lang='lat' dir='ltr'>qualis</span> <span class='ocrx_word' id='word_1_625' title='bbox 3548 2460 3663 2533; x_wconf 87' lang='lat' dir='ltr'>ipsi</span> 
     </span>
    </p>
   </div>
   <div class='ocr_carea' id='block_1_89' title="bbox 2018 2549 3761 2625">
    <p class='ocr_par' dir='ltr' id='par_1_89' title="bbox 2018 2549 3761 2625">
     <span class='ocr_line' id='line_1_91' title="bbox 2018 2549 3761 2625; baseline -0.008 -12"><span class='ocrx_word' id='word_1_626' title='bbox 2018 2571 2152 2614; x_wconf 89' lang='lat' dir='ltr'>cum</span> <span class='ocrx_word' id='word_1_627' title='bbox 2183 2555 2415 2613; x_wconf 87' lang='lat' dir='ltr'>Christo</span> <span class='ocrx_word' id='word_1_628' title='bbox 2446 2560 2601 2611; x_wconf 89' lang='lat' dir='ltr'>esset</span> <span class='ocrx_word' id='word_1_629' title='bbox 2621 2553 2889 2620; x_wconf 88' lang='lat' dir='ltr'>societas,</span> <span class='ocrx_word' id='word_1_630' title='bbox 2924 2551 3176 2625; x_wconf 68' lang='lat' dir='ltr'>peeipsa</span> <span class='ocrx_word' id='word_1_631' title='bbox 3205 2549 3666 2624; x_wconf 83' lang='lat' dir='ltr'>appellationum</span> 
     </span>
    </p>
   </div>
   <div class='ocr_carea' id='block_1_90' title="bbox 2018 2639 3664 2718">
    <p class='ocr_par' dir='ltr' id='par_1_90' title="bbox 2018 2639 3664 2718">
     <span class='ocr_line' id='line_1_92' title="bbox 2018 2639 3664 2718; baseline -0.004 -16"><span class='ocrx_word' id='word_1_632' title='bbox 2018 2647 2147 2716; x_wconf 87' lang='lat' dir='ltr'>ejus</span> <span class='ocrx_word' id='word_1_633' title='bbox 2178 2644 2456 2718; x_wconf 86' lang='lat' dir='ltr'>mysteria</span> <span class='ocrx_word' id='word_1_634' title='bbox 2484 2659 2880 2699; x_wconf 88' lang='lat' dir='ltr'>nosceremus.</span> <span class='ocrx_word' id='word_1_635' title='bbox 2914 2641 3025 2706; x_wconf 89' lang='lat' dir='ltr'>Qui</span> <span class='ocrx_word' id='word_1_636' title='bbox 3049 2656 3204 2695; x_wconf 91' lang='lat' dir='ltr'>nunc</span> <span class='ocrx_word' id='word_1_637' title='bbox 3232 2639 3465 2713; x_wconf 88' lang='lat' dir='ltr'>plenius</span> <span class='ocrx_word' id='word_1_638' title='bbox 3487 2642 3544 2696; x_wconf 88' lang='lat' dir='ltr'>et</span> <span class='ocrx_word' id='word_1_639' title='bbox 3563 2656 3664 2712; x_wconf 81' lang='lat' dir='ltr'>po-</span> 
     </span>
    </p>
   </div>
   <div class='ocr_carea' id='block_1_91' title="bbox 2018 2728 3668 2805">
    <p class='ocr_par' dir='ltr' id='par_1_91' title="bbox 2018 2728 3668 2805">
     <span class='ocr_line' id='line_1_93' title="bbox 2018 2728 3668 2805; baseline -0.004 -16"><span class='ocrx_word' id='word_1_640' title='bbox 2018 2733 2236 2799; x_wconf 82' lang='lat' dir='ltr'>tentius</span> <span class='ocrx_word' id='word_1_641' title='bbox 2252 2750 2321 2790; x_wconf 89' lang='lat' dir='ltr'>ea</span> <span class='ocrx_word' id='word_1_642' title='bbox 2341 2750 2468 2805; x_wconf 72' lang='lat' dir='ltr'>quae</span> <span class='ocrx_word' id='word_1_643' title='bbox 2494 2732 2606 2788; x_wconf 90' lang='lat' dir='ltr'>sibi</span> <span class='ocrx_word' id='word_1_644' title='bbox 2624 2730 2944 2789; x_wconf 87' lang='lat' dir='ltr'>commissa</span> <span class='ocrx_word' id='word_1_645' title='bbox 2964 2733 3103 2786; x_wconf 88' lang='lat' dir='ltr'>sunt</span> <span class='ocrx_word' id='word_1_646' title='bbox 3122 2728 3367 2801; x_wconf 86' lang='lat' dir='ltr'>peragit,</span> <span class='ocrx_word' id='word_1_647' title='bbox 3390 2731 3449 2789; x_wconf 86' lang='lat' dir='ltr'>et</span> <span class='ocrx_word' id='word_1_648' title='bbox 3460 2743 3668 2785; x_wconf 86' lang='lat' dir='ltr'>omnes</span> 
     </span>
    </p>
   </div>
   <div class='ocr_carea' id='block_1_92' title="bbox 2019 2816 3662 2895">
    <p class='ocr_par' dir='ltr' id='par_1_92' title="bbox 2019 2816 3662 2895">
     <span class='ocr_line' id='line_1_94' title="bbox 2019 2816 3662 2895; baseline -0.003 -18"><span class='ocrx_word' id='word_1_649' title='bbox 2019 2828 2215 2895; x_wconf 87' lang='lat' dir='ltr'>partes</span> <span class='ocrx_word' id='word_1_650' title='bbox 2235 2823 2560 2879; x_wconf 88' lang='lat' dir='ltr'>ofﬁciorum</span> <span class='ocrx_word' id='word_1_651' title='bbox 2580 2826 3040 2893; x_wconf 89' lang='lat' dir='ltr'>atquecurarum</span> <span class='ocrx_word' id='word_1_652' title='bbox 3054 2819 3113 2873; x_wconf 91' lang='lat' dir='ltr'>in</span> <span class='ocrx_word' id='word_1_653' title='bbox 3137 2819 3265 2890; x_wconf 90' lang='lat' dir='ltr'>ipso</span> <span class='ocrx_word' id='word_1_654' title='bbox 3286 2821 3343 2873; x_wconf 93' lang='lat' dir='ltr'>et</span> <span class='ocrx_word' id='word_1_655' title='bbox 3360 2833 3496 2873; x_wconf 89' lang='lat' dir='ltr'>cum</span> <span class='ocrx_word' id='word_1_656' title='bbox 3514 2816 3662 2889; x_wconf 90' lang='lat' dir='ltr'>ipso.</span> 
     </span>
    </p>
   </div>
   <div class='ocr_carea' id='block_1_93' title="bbox 2018 2905 3666 2985">
    <p class='ocr_par' dir='ltr' id='par_1_93' title="bbox 2018 2905 3666 2985">
     <span class='ocr_line' id='line_1_95' title="bbox 2018 2905 3666 2985; baseline -0.005 -17"><span class='ocrx_word' id='word_1_657' title='bbox 2018 2926 2121 2984; x_wconf 83' lang='lat' dir='ltr'>per</span> <span class='ocrx_word' id='word_1_658' title='bbox 2147 2928 2319 2985; x_wconf 89' lang='lat' dir='ltr'>quem</span> <span class='ocrx_word' id='word_1_659' title='bbox 2339 2916 2429 2967; x_wconf 92' lang='lat' dir='ltr'>est</span> <span class='ocrx_word' id='word_1_660' title='bbox 2446 2910 2827 2983; x_wconf 81' lang='lat' dir='ltr'>gloriﬁcatus,</span> <span class='ocrx_word' id='word_1_661' title='bbox 2844 2908 3201 2980; x_wconf 87' lang='lat' dir='ltr'>exsequitur.</span> <span class='ocrx_word' id='word_1_662' title='bbox 3226 2906 3284 2963; x_wconf 90' lang='lat' dir='ltr'>Si</span> <span class='ocrx_word' id='word_1_663' title='bbox 3308 2906 3447 2979; x_wconf 88' lang='lat' dir='ltr'>quid</span> <span class='ocrx_word' id='word_1_664' title='bbox 3469 2905 3666 2976; x_wconf 87' lang='lat' dir='ltr'>itaque</span> 
     </span>
    </p>
   </div>
   <div class='ocr_carea' id='block_1_94' title="bbox 2019 2992 3663 3071">
    <p class='ocr_par' dir='ltr' id='par_1_94' title="bbox 2019 2992 3663 3071">
     <span class='ocr_line' id='line_1_96' title="bbox 2019 2992 3663 3071; baseline -0.005 -15"><span class='ocrx_word' id='word_1_665' title='bbox 2019 3017 2053 3056; x_wconf 89' lang='lat' dir='ltr'>a</span> <span class='ocrx_word' id='word_1_666' title='bbox 2082 3001 2252 3057; x_wconf 90' lang='lat' dir='ltr'>nobis</span> <span class='ocrx_word' id='word_1_667' title='bbox 2282 3005 2436 3056; x_wconf 90' lang='lat' dir='ltr'>recte</span> <span class='ocrx_word' id='word_1_668' title='bbox 2470 3000 2683 3071; x_wconf 85' lang='lat' dir='ltr'>agitur,</span> <span class='ocrx_word' id='word_1_669' title='bbox 2717 2994 3499 3070; x_wconf 69' lang='lat' dir='ltr'>rectequefk)discernitur,si</span> <span class='ocrx_word' id='word_1_670' title='bbox 3519 2992 3663 3065; x_wconf 88' lang='lat' dir='ltr'>quid</span> 
     </span>
    </p>
   </div>
   <div class='ocr_carea' id='block_1_95' title="bbox 2019 3080 3669 3159">
    <p class='ocr_par' dir='ltr' id='par_1_95' title="bbox 2019 3080 3669 3159">
     <span class='ocr_line' id='line_1_97' title="bbox 2019 3080 3669 3159; baseline -0.007 -12"><span class='ocrx_word' id='word_1_671' title='bbox 2019 3108 2053 3147; x_wconf 90' lang='lat' dir='ltr'>a</span> <span class='ocrx_word' id='word_1_672' title='bbox 2079 3087 2580 3146; x_wconf 87' lang='lat' dir='ltr'>misericordiaDei</span> <span class='ocrx_word' id='word_1_673' title='bbox 2595 3085 2955 3159; x_wconf 86' lang='lat' dir='ltr'>quotidianis</span> <span class='ocrx_word' id='word_1_674' title='bbox 2975 3082 3505 3157; x_wconf 88' lang='lat' dir='ltr'>supplicationibus</span> <span class='ocrx_word' id='word_1_675' title='bbox 3525 3080 3669 3137; x_wconf 89' lang='lat' dir='ltr'>obti-</span> 
     </span>
    </p>
   </div>
   <div class='ocr_carea' id='block_1_96' title="bbox 2018 3170 3665 3248">
    <p class='ocr_par' dir='ltr' id='par_1_96' title="bbox 2018 3170 3665 3248">
     <span class='ocr_line' id='line_1_98' title="bbox 2018 3170 3665 3248; baseline -0.007 -13"><span class='ocrx_word' id='word_1_676' title='bbox 2018 3184 2210 3245; x_wconf 80' lang='lat' dir='ltr'>netur,</span> <span class='ocrx_word' id='word_1_677' title='bbox 2243 3178 2403 3233; x_wconf 91' lang='lat' dir='ltr'>illius</span> <span class='ocrx_word' id='word_1_678' title='bbox 2432 3181 2523 3233; x_wconf 87' lang='lat' dir='ltr'>est</span> <span class='ocrx_word' id='word_1_679' title='bbox 2552 3192 2795 3248; x_wconf 87' lang='lat' dir='ltr'>operum</span> <span class='ocrx_word' id='word_1_680' title='bbox 2822 3179 2996 3247; x_wconf 88' lang='lat' dir='ltr'>atque</span> <span class='ocrx_word' id='word_1_681' title='bbox 3028 3173 3392 3239; x_wconf 87' lang='lat' dir='ltr'>meritorum,</span> <span class='ocrx_word' id='word_1_682' title='bbox 3445 3172 3573 3242; x_wconf 88' lang='lat' dir='ltr'>ejus</span> <span class='ocrx_word' id='word_1_683' title='bbox 3605 3170 3665 3225; x_wconf 90' lang='lat' dir='ltr'>in</span> 
     </span>
    </p>
   </div>
   <div class='ocr_carea' id='block_1_97' title="bbox 2018 3258 3792 3337">
    <p class='ocr_par' dir='ltr' id='par_1_97' title="bbox 2018 3258 3792 3337">
     <span class='ocr_line' id='line_1_99' title="bbox 2018 3258 3792 3337; baseline -0.006 -13"><span class='ocrx_word' id='word_1_684' title='bbox 2018 3270 2156 3324; x_wconf 88' lang='lat' dir='ltr'>sede</span> <span class='ocrx_word' id='word_1_685' title='bbox 2189 3285 2296 3324; x_wconf 89' lang='lat' dir='ltr'>sua</span> <span class='ocrx_word' id='word_1_686' title='bbox 2324 3267 2465 3321; x_wconf 90' lang='lat' dir='ltr'>vivit</span> <span class='ocrx_word' id='word_1_687' title='bbox 2494 3270 2774 3337; x_wconf 86' lang='lat' dir='ltr'>potestas,</span> <span class='ocrx_word' id='word_1_688' title='bbox 2808 3269 2866 3319; x_wconf 89' lang='lat' dir='ltr'>et</span> <span class='ocrx_word' id='word_1_689' title='bbox 2896 3262 3126 3318; x_wconf 84' lang='lat' dir='ltr'>excellit</span> <span class='ocrx_word' id='word_1_690' title='bbox 3156 3260 3496 3326; x_wconf 88' lang='lat' dir='ltr'>auctoritas,</span> <span class='ocrx_word' id='word_1_691' title='bbox 3547 3258 3666 3315; x_wconf 86' lang='lat' dir='ltr'>Hoc</span> <span class='ocrx_word' id='word_1_692' title='bbox 3778 3272 3792 3287; x_wconf 82' lang='lat'><strong><em>°</em></strong></span> 
     </span>
    </p>
   </div>
   <div class='ocr_carea' id='block_1_98' title="bbox 2020 3348 3665 3421">
    <p class='ocr_par' dir='ltr' id='par_1_98' title="bbox 2020 3348 3665 3421">
     <span class='ocr_line' id='line_1_100' title="bbox 2020 3348 3665 3421; baseline -0.005 -9"><span class='ocrx_word' id='word_1_693' title='bbox 2020 3358 2177 3413; x_wconf 89' lang='lat' dir='ltr'>enim</span> <span class='ocrx_word' id='word_1_694' title='bbox 2208 3355 2483 3421; x_wconf 90' lang='lat' dir='ltr'>obtinuit,</span> <span class='ocrx_word' id='word_1_695' title='bbox 2503 3353 2892 3419; x_wconf 89' lang='lat' dir='ltr'>dilectissimi,</span> <span class='ocrx_word' id='word_1_696' title='bbox 2915 3350 3017 3407; x_wconf 88' lang='lat' dir='ltr'>illa</span> <span class='ocrx_word' id='word_1_697' title='bbox 3028 3351 3337 3417; x_wconf 88' lang='lat' dir='ltr'>confessio,</span> <span class='ocrx_word' id='word_1_698' title='bbox 3362 3365 3490 3421; x_wconf 65' lang='lat' dir='ltr'>qua:</span> <span class='ocrx_word' id='word_1_699' title='bbox 3511 3364 3545 3403; x_wconf 85' lang='lat' dir='ltr'>a</span> <span class='ocrx_word' id='word_1_700' title='bbox 3563 3348 3665 3404; x_wconf 76' lang='lat' dir='ltr'>l8</span> 
     </span>
    </p>
   </div>
   <div class='ocr_carea' id='block_1_99' title="bbox 2019 3436 3666 3514">
    <p class='ocr_par' dir='ltr' id='par_1_99' title="bbox 2019 3436 3666 3514">
     <span class='ocr_line' id='line_1_101' title="bbox 2019 3436 3666 3514; baseline -0.006 -14"><span class='ocrx_word' id='word_1_701' title='bbox 2019 3445 2135 3500; x_wconf 90' lang='lat' dir='ltr'>Deo</span> <span class='ocrx_word' id='word_1_702' title='bbox 2168 3448 2335 3498; x_wconf 86' lang='lat' dir='ltr'>Patre</span> <span class='ocrx_word' id='word_1_703' title='bbox 2361 3441 2679 3514; x_wconf 86' lang='lat' dir='ltr'>apostolico</span> <span class='ocrx_word' id='word_1_704' title='bbox 2710 3440 2997 3511; x_wconf 89' lang='lat' dir='ltr'>inspirata</span> <span class='ocrx_word' id='word_1_705' title='bbox 3015 3438 3197 3503; x_wconf 90' lang='lat' dir='ltr'>cordi,</span> <span class='ocrx_word' id='word_1_706' title='bbox 3229 3436 3428 3493; x_wconf 88' lang='lat' dir='ltr'>omnia</span> <span class='ocrx_word' id='word_1_707' title='bbox 3458 3436 3666 3492; x_wconf 88' lang='lat' dir='ltr'>huma-</span> 
     </span>
    </p>
   </div>
   <div class='ocr_carea' id='block_1_100' title="bbox 2017 3525 3667 3603">
    <p class='ocr_par' dir='ltr' id='par_1_100' title="bbox 2017 3525 3667 3603">
     <span class='ocr_line' id='line_1_102' title="bbox 2017 3525 3667 3603; baseline -0.005 -15"><span class='ocrx_word' id='word_1_708' title='bbox 2017 3532 2229 3588; x_wconf 74' lang='lat' dir='ltr'>narum</span> <span class='ocrx_word' id='word_1_709' title='bbox 2254 3531 2596 3603; x_wconf 89' lang='lat' dir='ltr'>opinionum</span> <span class='ocrx_word' id='word_1_710' title='bbox 2612 3530 2831 3584; x_wconf 89' lang='lat' dir='ltr'>incerta</span> <span class='ocrx_word' id='word_1_711' title='bbox 2848 3525 3227 3591; x_wconf 90' lang='lat' dir='ltr'>transcendit,</span> <span class='ocrx_word' id='word_1_712' title='bbox 3251 3529 3308 3581; x_wconf 93' lang='lat' dir='ltr'>et</span> <span class='ocrx_word' id='word_1_713' title='bbox 3328 3525 3667 3580; x_wconf 88' lang='lat' dir='ltr'>ﬁrmitatem</span> 
     </span>
    </p>
   </div>
   <div class='ocr_carea' id='block_1_101' title="bbox 2020 3612 3665 3694">
    <p class='ocr_par' dir='ltr' id='par_1_101' title="bbox 2020 3612 3665 3694">
     <span class='ocr_line' id='line_1_103' title="bbox 2020 3612 3665 3694; baseline -0.007 -16"><span class='ocrx_word' id='word_1_714' title='bbox 2020 3626 2350 3694; x_wconf 54' lang='lat' dir='ltr'>penumquae</span> <span class='ocrx_word' id='word_1_715' title='bbox 2369 3618 2548 3673; x_wconf 89' lang='lat' dir='ltr'>nullis</span> <span class='ocrx_word' id='word_1_716' title='bbox 2572 3615 3031 3688; x_wconf 89' lang='lat' dir='ltr'>impulsionibus</span> <span class='ocrx_word' id='word_1_717' title='bbox 3057 3612 3665 3685; x_wconf 70' lang='lat' dir='ltr'>quateretur,aecepit.</span> 
     </span>
    </p>
   </div>
   <div class='ocr_carea' id='block_1_102' title="bbox 2022 3700 3669 3778">
    <p class='ocr_par' dir='ltr' id='par_1_102' title="bbox 2022 3700 3669 3778">
     <span class='ocr_line' id='line_1_104' title="bbox 2022 3700 3669 3778; baseline -0.008 -10"><span class='ocrx_word' id='word_1_718' title='bbox 2022 3713 2084 3768; x_wconf 91' lang='lat' dir='ltr'>In</span> <span class='ocrx_word' id='word_1_719' title='bbox 2119 3711 2388 3765; x_wconf 86' lang='lat' dir='ltr'>universa</span> <span class='ocrx_word' id='word_1_720' title='bbox 2417 3722 2670 3778; x_wconf 87' lang='lat' dir='ltr'>namque</span> <span class='ocrx_word' id='word_1_721' title='bbox 2700 3703 2976 3769; x_wconf 87' lang='lat' dir='ltr'>Ecclesia,</span> <span class='ocrx_word' id='word_1_722' title='bbox 3011 3705 3083 3759; x_wconf 88' lang='lat' dir='ltr'>Tu</span> <span class='ocrx_word' id='word_1_723' title='bbox 3111 3719 3166 3759; x_wconf 90' lang='lat' dir='ltr'>es</span> <span class='ocrx_word' id='word_1_724' title='bbox 3212 3701 3458 3758; x_wconf 77' lang='lat' dir='ltr'>Christus</span> <span class='ocrx_word' id='word_1_725' title='bbox 3493 3700 3669 3756; x_wconf 76' lang='lat' dir='ltr'>Filius</span> 
     </span>
    </p>
   </div>
   <div class='ocr_carea' id='block_1_103' title="bbox 2020 3790 3668 3870">
    <p class='ocr_par' dir='ltr' id='par_1_103' title="bbox 2020 3790 3668 3870">
     <span class='ocr_line' id='line_1_105' title="bbox 2020 3790 3668 3870; baseline -0.008 -13"><span class='ocrx_word' id='word_1_726' title='bbox 2020 3802 2119 3857; x_wconf 88' lang='lat' dir='ltr'>Dei</span> <span class='ocrx_word' id='word_1_727' title='bbox 2149 3801 2276 3864; x_wconf 85' lang='lat' dir='ltr'>vivi,</span> <span class='ocrx_word' id='word_1_728' title='bbox 2310 3796 2573 3870; x_wconf 90' lang='lat' dir='ltr'>quotidie</span> <span class='ocrx_word' id='word_1_729' title='bbox 2600 3796 2804 3851; x_wconf 89' lang='lat' dir='ltr'>Petrus</span> <span class='ocrx_word' id='word_1_730' title='bbox 2834 3793 2995 3861; x_wconf 88' lang='lat' dir='ltr'>dicit,</span> <span class='ocrx_word' id='word_1_731' title='bbox 3013 3796 3069 3848; x_wconf 89' lang='lat' dir='ltr'>et</span> <span class='ocrx_word' id='word_1_732' title='bbox 3085 3790 3519 3863; x_wconf 88' lang='lat' dir='ltr'>omnislingua,</span> <span class='ocrx_word' id='word_1_733' title='bbox 3540 3806 3668 3862; x_wconf 65' lang='lat' dir='ltr'>quas</span> 
     </span>
    </p>
   </div>
   <div class='ocr_carea' id='block_1_104' title="bbox 2021 3877 3670 3954">
    <p class='ocr_par' dir='ltr' id='par_1_104' title="bbox 2021 3877 3670 3954">
     <span class='ocr_line' id='line_1_106' title="bbox 2021 3877 3670 3954; baseline -0.009 -8"><span class='ocrx_word' id='word_1_734' title='bbox 2021 3890 2332 3946; x_wconf 86' lang='lat' dir='ltr'>conﬁtetur</span> <span class='ocrx_word' id='word_1_735' title='bbox 2348 3885 2683 3949; x_wconf 88' lang='lat' dir='ltr'>Dominum,</span> <span class='ocrx_word' id='word_1_736' title='bbox 2709 3881 3050 3954; x_wconf 87' lang='lat' dir='ltr'>magisterio</span> <span class='ocrx_word' id='word_1_737' title='bbox 3067 3880 3247 3952; x_wconf 87' lang='lat' dir='ltr'>hujus</span> <span class='ocrx_word' id='word_1_738' title='bbox 3269 3877 3427 3935; x_wconf 88' lang='lat' dir='ltr'>vocis</span> <span class='ocrx_word' id='word_1_739' title='bbox 3448 3877 3670 3933; x_wconf 89' lang='lat' dir='ltr'>imbui-</span> 
     </span>
    </p>
   </div>
   <div class='ocr_carea' id='block_1_105' title="bbox 2020 3966 3670 4040">
    <p class='ocr_par' dir='ltr' id='par_1_105' title="bbox 2020 3966 3670 4040">
     <span class='ocr_line' id='line_1_107' title="bbox 2020 3966 3670 4040; baseline -0.007 -6"><span class='ocrx_word' id='word_1_740' title='bbox 2020 3984 2138 4035; x_wconf 90' lang='lat' dir='ltr'>tur.</span> <span class='ocrx_word' id='word_1_741' title='bbox 2171 3977 2298 4033; x_wconf 77' lang='lat' dir='ltr'>Haec</span> <span class='ocrx_word' id='word_1_742' title='bbox 2330 3975 2474 4030; x_wconf 89' lang='lat' dir='ltr'>ﬁdes</span> <span class='ocrx_word' id='word_1_743' title='bbox 2505 3970 2808 4028; x_wconf 88' lang='lat' dir='ltr'>diabolum</span> <span class='ocrx_word' id='word_1_744' title='bbox 2840 3970 3040 4038; x_wconf 87' lang='lat' dir='ltr'>vincit,</span> <span class='ocrx_word' id='word_1_745' title='bbox 3075 3973 3132 4025; x_wconf 88' lang='lat' dir='ltr'>et</span> <span class='ocrx_word' id='word_1_746' title='bbox 3161 3967 3521 4040; x_wconf 72' lang='lat' dir='ltr'>captivarum</span> <span class='ocrx_word' id='word_1_747' title='bbox 3542 3966 3670 4038; x_wconf 87' lang='lat' dir='ltr'>ejus</span> 
     </span>
    </p>
   </div>
   <div class='ocr_carea' id='block_1_106' title="bbox 2018 4053 3673 4123">
    <p class='ocr_par' dir='ltr' id='par_1_106' title="bbox 2018 4053 3673 4123">
     <span class='ocr_line' id='line_1_108' title="bbox 2018 4053 3673 4123; baseline -0.007 0"><span class='ocrx_word' id='word_1_748' title='bbox 2018 4065 2254 4123; x_wconf 89' lang='lat' dir='ltr'>vincula</span> <span class='ocrx_word' id='word_1_749' title='bbox 2283 4062 2568 4119; x_wconf 88' lang='lat' dir='ltr'>dissolvit.</span> <span class='ocrx_word' id='word_1_750' title='bbox 2602 4060 2730 4117; x_wconf 78' lang='lat' dir='ltr'>Haec</span> <span class='ocrx_word' id='word_1_751' title='bbox 2748 4063 2946 4115; x_wconf 89' lang='lat' dir='ltr'>erutos</span> <span class='ocrx_word' id='word_1_752' title='bbox 2980 4058 3199 4113; x_wconf 90' lang='lat' dir='ltr'>mundo</span> <span class='ocrx_word' id='word_1_753' title='bbox 3218 4055 3424 4113; x_wconf 88' lang='lat' dir='ltr'>inserit</span> <span class='ocrx_word' id='word_1_754' title='bbox 3454 4053 3594 4111; x_wconf 68' lang='lat' dir='ltr'>cce-lo</span> <span class='ocrx_word' id='word_1_755' title='bbox 3615 4058 3673 4111; x_wconf 91' lang='lat' dir='ltr'>et</span> 
     </span>
    </p>
   </div>
   <div class='ocr_carea' id='block_1_107' title="bbox 2020 4146 3666 4230">
    <p class='ocr_par' dir='ltr' id='par_1_107' title="bbox 2020 4146 3666 4230">
     <span class='ocr_line' id='line_1_109' title="bbox 2020 4146 3666 4230; baseline -0.007 -19"><span class='ocrx_word' id='word_1_756' title='bbox 2020 4161 2199 4230; x_wconf 82' lang='lat' dir='ltr'>portae</span> <span class='ocrx_word' id='word_1_757' title='bbox 2230 4152 2399 4208; x_wconf 90' lang='lat' dir='ltr'>inferi</span> <span class='ocrx_word' id='word_1_758' title='bbox 2429 4151 2709 4206; x_wconf 88' lang='lat' dir='ltr'>adversus</span> <span class='ocrx_word' id='word_1_759' title='bbox 2739 4164 2866 4204; x_wconf 91' lang='lat' dir='ltr'>eam</span> <span class='ocrx_word' id='word_1_760' title='bbox 2897 4146 3206 4218; x_wconf 71' lang='lat' dir='ltr'>praevalere</span> <span class='ocrx_word' id='word_1_761' title='bbox 3232 4161 3349 4201; x_wconf 90' lang='lat' dir='ltr'>non</span> <span class='ocrx_word' id='word_1_762' title='bbox 3398 4146 3666 4217; x_wconf 86' lang='lat' dir='ltr'>possunt.</span> 
     </span>
    </p>
   </div>
   <div class='ocr_carea' id='block_1_108' title="bbox 2023 4233 3671 4301">
    <p class='ocr_par' dir='ltr' id='par_1_108' title="bbox 2023 4233 3671 4301">
     <span class='ocr_line' id='line_1_110' title="bbox 2023 4233 3671 4301; baseline -0.008 0"><span class='ocrx_word' id='word_1_763' title='bbox 2023 4247 2209 4301; x_wconf 89' lang='lat' dir='ltr'>Tanta</span> <span class='ocrx_word' id='word_1_764' title='bbox 2240 4242 2396 4297; x_wconf 89' lang='lat' dir='ltr'>enim</span> <span class='ocrx_word' id='word_1_765' title='bbox 2429 4238 2709 4294; x_wconf 90' lang='lat' dir='ltr'>divinitus</span> <span class='ocrx_word' id='word_1_766' title='bbox 2738 4234 3035 4291; x_wconf 90' lang='lat' dir='ltr'>soliditate</span> <span class='ocrx_word' id='word_1_767' title='bbox 3064 4233 3294 4290; x_wconf 89' lang='lat' dir='ltr'>munita</span> <span class='ocrx_word' id='word_1_768' title='bbox 3321 4237 3431 4300; x_wconf 90' lang='lat' dir='ltr'>est,</span> <span class='ocrx_word' id='word_1_769' title='bbox 3455 4236 3521 4288; x_wconf 91' lang='lat' dir='ltr'>ut</span> <span class='ocrx_word' id='word_1_770' title='bbox 3540 4248 3671 4288; x_wconf 85' lang='lat' dir='ltr'>eam</span> 
     </span>
    </p>
   </div>
   <div class='ocr_carea' id='block_1_109' title="bbox 2020 4364 3490 4448">
    <p class='ocr_par' dir='ltr' id='par_1_109' title="bbox 2020 4364 3490 4448">
     <span class='ocr_line' id='line_1_111' title="bbox 2020 4364 3490 4448; baseline -0.01 -22"><span class='ocrx_word' id='word_1_771' title='bbox 2020 4370 2234 4448; x_wconf 54' lang='lat' dir='ltr'>ctionii</span> <span class='ocrx_word' id='word_1_772' title='bbox 2249 4367 2543 4448; x_wconf 68' lang='lat' dir='ltr'>unguento,</span> <span class='ocrx_word' id='word_1_773' title='bbox 2564 4366 2688 4448; x_wconf 51' lang='lat' dir='ltr'>ste.</span> <span class='ocrx_word' id='word_1_774' title='bbox 2724 4364 3113 4448; x_wconf 56' lang='lat' dir='ltr'>qussanws.</span> <span class='ocrx_word' id='word_1_775' title='bbox 3141 4436 3156 4448; x_wconf 38' lang='grc' dir='ltr'><strong><em>Δ</em></strong></span> <span class='ocrx_word' id='word_1_776' title='bbox 3346 4443 3384 4448; x_wconf 35' lang='grc' dir='ltr'>μ</span> <span class='ocrx_word' id='word_1_777' title='bbox 3416 4443 3433 4448; x_wconf 33' lang='grc' dir='ltr'><strong>Δ</strong></span> <span class='ocrx_word' id='word_1_778' title='bbox 3480 4428 3490 4440; x_wconf 44' lang='grc'><strong><em>⁸</em></strong></span> 
     </span>
    </p>
   </div>
   <div class='ocr_carea' id='block_1_110' title="bbox 2094 4426 3672 4511">
    <p class='ocr_par' dir='ltr' id='par_1_110' title="bbox 2094 4426 3672 4511">
     <span class='ocr_line' id='line_1_112' title="bbox 2094 4426 3672 4511; baseline -0.008 -16"><span class='ocrx_word' id='word_1_779' title='bbox 2094 4440 2164 4511; x_wconf 90' lang='lat' dir='ltr'>(e)</span> <span class='ocrx_word' id='word_1_780' title='bbox 2194 4426 2350 4511; x_wconf 79' lang='lat' dir='ltr'>Editi</span> <span class='ocrx_word' id='word_1_781' title='bbox 2378 4426 2958 4511; x_wconf 29' lang='lat' dir='ltr'>ante-Quesnellum,</span> <span class='ocrx_word' id='word_1_782' title='bbox 3002 4429 3299 4511; x_wconf 41' lang='lat' dir='ltr'>apostolici.</span> <span class='ocrx_word' id='word_1_783' title='bbox 3337 4426 3672 4511; x_wconf 48' lang='lat' dir='ltr'>oper;is.ullle</span> 
     </span>
    </p>
   </div>
   <div class='ocr_carea' id='block_1_111' title="bbox 2024 4496 3669 4585">
    <p class='ocr_par' dir='ltr' id='par_1_111' title="bbox 2024 4496 3669 4585">
     <span class='ocr_line' id='line_1_113' title="bbox 2024 4496 3669 4585; baseline -0.01 -17"><span class='ocrx_word' id='word_1_784' title='bbox 2024 4496 2279 4585; x_wconf 62' lang='lat' dir='ltr'>praetulit</span> <span class='ocrx_word' id='word_1_785' title='bbox 2304 4496 2610 4585; x_wconf 63' lang='lat' dir='ltr'>lectionem</span> <span class='ocrx_word' id='word_1_786' title='bbox 2642 4504 2810 4585; x_wconf 67' lang='lat' dir='ltr'>codd,</span> <span class='ocrx_word' id='word_1_787' title='bbox 2834 4496 2984 4585; x_wconf 79' lang='lat' dir='ltr'>Vict.</span> <span class='ocrx_word' id='word_1_788' title='bbox 3011 4496 3669 4585; x_wconf 41' lang='lat' dir='ltr'>e&#39;tnGaudiival.&#39;Quibus</span> 
     </span>
    </p>
   </div>
   <div class='ocr_carea' id='block_1_112' title="bbox 2022 4571 3670 4657">
    <p class='ocr_par' dir='ltr' id='par_1_112' title="bbox 2022 4571 3670 4657">
     <span class='ocr_line' id='line_1_114' title="bbox 2022 4571 3670 4657; baseline -0.009 -18"><span class='ocrx_word' id='word_1_789' title='bbox 2022 4571 2273 4657; x_wconf 73' lang='lat' dir='ltr'>quatuor</span> <span class='ocrx_word' id='word_1_790' title='bbox 2282 4577 2624 4657; x_wconf 65' lang='lat' dir='ltr'>nostriYatt.</span> <span class='ocrx_word' id='word_1_791' title='bbox 2640 4593 2707 4657; x_wconf 77' lang='lat' dir='ltr'>su</span> <span class='ocrx_word' id='word_1_792' title='bbox 2718 4576 3056 4657; x_wconf 52' lang='lat' dir='ltr'>ﬁragantur:</span> <span class='ocrx_word' id='word_1_793' title='bbox 3065 4572 3238 4657; x_wconf 71' lang='lat' dir='ltr'>Porro</span> <span class='ocrx_word' id='word_1_794' title='bbox 3250 4571 3553 4643; x_wconf 86' lang='lat' dir='ltr'>accipimus</span> <span class='ocrx_word' id='word_1_795' title='bbox 3566 4585 3670 4642; x_wconf 87' lang='lat' dir='ltr'>pro</span> 
     </span>
    </p>
   </div>
   <div class='ocr_carea' id='block_1_113' title="bbox 2023 4644 3311 4718">
    <p class='ocr_par' dir='ltr' id='par_1_113' title="bbox 2023 4644 3311 4718">
     <span class='ocr_line' id='line_1_115' title="bbox 2023 4644 3311 4718; baseline -0.012 -7"><span class='ocrx_word' id='word_1_796' title='bbox 2023 4644 2325 4718; x_wconf 66' lang='lat' dir='ltr'>dcccpimus</span> <span class='ocrx_word' id='word_1_797' title='bbox 2356 4654 2446 4707; x_wconf 87' lang='lat' dir='ltr'>est</span> <span class='ocrx_word' id='word_1_798' title='bbox 2476 4650 2534 4702; x_wconf 90' lang='lat' dir='ltr'>in</span> <span class='ocrx_word' id='word_1_799' title='bbox 2567 4644 2978 4718; x_wconf 80' lang='lat' dir='ltr'>antiquissimo</span> <span class='ocrx_word' id='word_1_800' title='bbox 3008 4644 3311 4718; x_wconf 71' lang='lat' dir='ltr'>Vaticano.</span> 
     </span>
    </p>
   </div>
   <div class='ocr_carea' id='block_1_114' title="bbox 2094 4711 3670 4798">
    <p class='ocr_par' dir='ltr' id='par_1_114' title="bbox 2094 4711 3670 4798">
     <span class='ocr_line' id='line_1_116' title="bbox 2094 4711 3670 4798; baseline -0.008 -20"><span class='ocrx_word' id='word_1_801' title='bbox 2094 4711 2161 4798; x_wconf 52' lang='lat' dir='ltr'>(fi</span> <span class='ocrx_word' id='word_1_802' title='bbox 2191 4724 2365 4798; x_wconf 73' lang='lat' dir='ltr'>idem</span> <span class='ocrx_word' id='word_1_803' title='bbox 2384 4720 2511 4777; x_wconf 90' lang='lat' dir='ltr'>cod.</span> <span class='ocrx_word' id='word_1_804' title='bbox 2546 4711 3321 4798; x_wconf 38' lang='lat' dir='ltr'>Yet.{perpetuatQuesnelli</span> <span class='ocrx_word' id='word_1_805' title='bbox 3342 4711 3670 4798; x_wconf 54' lang='lat' dir='ltr'>annotatio:</span> 
     </span>
    </p>
   </div>
   <div class='ocr_carea' id='block_1_115' title="bbox 2024 4786 3675 4861">
    <p class='ocr_par' dir='ltr' id='par_1_115' title="bbox 2024 4786 3675 4861">
     <span class='ocr_line' id='line_1_117' title="bbox 2024 4786 3675 4861; baseline -0.01 -6"><span class='ocrx_word' id='word_1_806' title='bbox 2024 4786 2158 4855; x_wconf 64' lang='lat' dir='ltr'>nem</span> <span class='ocrx_word' id='word_1_807' title='bbox 2189 4796 2327 4852; x_wconf 89' lang='lat' dir='ltr'>huic</span> <span class='ocrx_word' id='word_1_808' title='bbox 2352 4794 2477 4849; x_wconf 90' lang='lat' dir='ltr'>loco</span> <span class='ocrx_word' id='word_1_809' title='bbox 2496 4786 2909 4861; x_wconf 36' lang='lat' dir='ltr'>subject—amﬁn</span> <span class='ocrx_word' id='word_1_810' title='bbox 2934 4786 3367 4861; x_wconf 71' lang='lat' dir='ltr'>observationes</span> <span class='ocrx_word' id='word_1_811' title='bbox 3390 4801 3517 4861; x_wconf 74' lang='lat' dir='ltr'>qua:</span> <span class='ocrx_word' id='word_1_812' title='bbox 3541 4787 3675 4856; x_wconf 87' lang='lat' dir='ltr'>post</span> 
     </span>
    </p>
   </div>
   <div class='ocr_carea' id='block_1_116' title="bbox 2024 4856 3671 4933">
    <p class='ocr_par' dir='ltr' id='par_1_116' title="bbox 2024 4856 3671 4933">
     <span class='ocr_line' id='line_1_118' title="bbox 2024 4856 3671 4933; baseline -0.01 -6"><span class='ocrx_word' id='word_1_813' title='bbox 2024 4872 2333 4928; x_wconf 88' lang='lat' dir='ltr'>Sermones</span> <span class='ocrx_word' id='word_1_814' title='bbox 2363 4856 2630 4933; x_wconf 55' lang='lat' dir='ltr'>edentur&#39;,</span> <span class='ocrx_word' id='word_1_815' title='bbox 2666 4860 3016 4933; x_wconf 88' lang='lat' dir='ltr'>rejecimus;</span> <span class='ocrx_word' id='word_1_816' title='bbox 3050 4858 3250 4930; x_wconf 89' lang='lat' dir='ltr'>ibique</span> <span class='ocrx_word' id='word_1_817' title='bbox 3282 4856 3495 4914; x_wconf 89' lang='lat' dir='ltr'>Leonis</span> <span class='ocrx_word' id='word_1_818' title='bbox 3534 4871 3671 4912; x_wconf 78' lang='lat' dir='ltr'>sen-</span> 
     </span>
    </p>
   </div>
   <div class='ocr_carea' id='block_1_117' title="bbox 2024 4932 2741 5008">
    <p class='ocr_par' dir='ltr' id='par_1_117' title="bbox 2024 4932 2741 5008">
     <span class='ocr_line' id='line_1_119' title="bbox 2024 4932 2741 5008; baseline -0.017 -9"><span class='ocrx_word' id='word_1_819' title='bbox 2024 4941 2272 4999; x_wconf 87' lang='lat' dir='ltr'>tentiam</span> <span class='ocrx_word' id='word_1_820' title='bbox 2297 4932 2741 5008; x_wconf 76' lang='lat' dir='ltr'>explicabimus.</span> 
     </span>
    </p>
   </div>
   <div class='ocr_carea' id='block_1_118' title="bbox 2116 5002 3279 5081">
    <p class='ocr_par' dir='ltr' id='par_1_118' title="bbox 2116 5002 3279 5081">
     <span class='ocr_line' id='line_1_120' title="bbox 2116 5002 3279 5081; baseline -0.009 -16"><span class='ocrx_word' id='word_1_821' title='bbox 2116 5012 2171 5081; x_wconf 84' lang='lat' dir='ltr'>g)</span> <span class='ocrx_word' id='word_1_822' title='bbox 2201 5010 2322 5064; x_wconf 92' lang='lat' dir='ltr'>Duo</span> <span class='ocrx_word' id='word_1_823' title='bbox 2349 5002 2497 5081; x_wconf 68' lang='lat' dir='ltr'>mss.</span> <span class='ocrx_word' id='word_1_824' title='bbox 2530 5005 2684 5081; x_wconf 68' lang='lat' dir='ltr'>Yatt.</span> <span class='ocrx_word' id='word_1_825' title='bbox 2718 5003 2964 5068; x_wconf 88' lang='lat' dir='ltr'>addunt,</span> <span class='ocrx_word' id='word_1_826' title='bbox 2986 5002 3279 5081; x_wconf 62' lang='lat' dir='ltr'>apostolus.</span> 
     </span>
    </p>
   </div>
   <div class='ocr_carea' id='block_1_119' title="bbox 2096 5019 3674 5155">
    <p class='ocr_par' dir='ltr' id='par_1_119' title="bbox 2096 5019 3674 5155">
     <span class='ocr_line' id='line_1_121' title="bbox 2116 5019 3279 5081; baseline -0.009 -16"><span class='ocrx_word' id='word_1_827' title='bbox 2116 5019 2171 5081; x_wconf 84' lang='lat' dir='ltr'>g)</span> <span class='ocrx_word' id='word_1_828' title='bbox 2202 5019 2322 5064; x_wconf 82' lang='lat' dir='ltr'>Duo</span> <span class='ocrx_word' id='word_1_829' title='bbox 2356 5024 2497 5062; x_wconf 87' lang='lat' dir='ltr'>mss.</span> <span class='ocrx_word' id='word_1_830' title='bbox 2540 5019 2684 5060; x_wconf 71' lang='lat' dir='ltr'>vati.</span> <span class='ocrx_word' id='word_1_831' title='bbox 2718 5019 2964 5068; x_wconf 76' lang='lat' dir='ltr'>acuunt,</span> <span class='ocrx_word' id='word_1_832' title='bbox 2986 5019 3279 5074; x_wconf 67' lang='lat' dir='ltr'>apostolus.</span> 
     </span>
     <span class='ocr_line' id='line_1_122' title="bbox 2096 5019 3674 5155; baseline -0.011 -16"><span class='ocrx_word' id='word_1_833' title='bbox 2096 5019 2180 5155; x_wconf 53' lang='lat' dir='ltr'>ih)</span> <span class='ocrx_word' id='word_1_834' title='bbox 2213 5081 2322 5155; x_wconf 76' lang='lat' dir='ltr'>Ms,</span> <span class='ocrx_word' id='word_1_835' title='bbox 2348 5080 2503 5133; x_wconf 88' lang='lat' dir='ltr'>Vatt.</span> <span class='ocrx_word' id='word_1_836' title='bbox 2534 5076 2695 5132; x_wconf 87' lang='lat'>3836.</span> <span class='ocrx_word' id='word_1_837' title='bbox 2726 5090 3062 5155; x_wconf 55' lang='lat' dir='ltr'>quiscunque</span> <span class='ocrx_word' id='word_1_838' title='bbox 3109 5072 3481 5155; x_wconf 35' lang='lat' dir='ltr'>ligaveris...”</span> 
     </span>
    </p>
   </div>
   <div class='ocr_carea' id='block_1_120' title="bbox 2028 5141 3671 5225">
    <p class='ocr_par' dir='ltr' id='par_1_120' title="bbox 2028 5141 3671 5225">
     <span class='ocr_line' id='line_1_123' title="bbox 2028 5141 3671 5225; baseline -0.012 -15"><span class='ocrx_word' id='word_1_839' title='bbox 2028 5141 2228 5225; x_wconf 61' lang='lat' dir='ltr'>ligula.</span> <span class='ocrx_word' id='word_1_840' title='bbox 2254 5141 2694 5225; x_wconf 57' lang='lat' dir='ltr'>thua’cunque</span> <span class='ocrx_word' id='word_1_841' title='bbox 2730 5141 3079 5225; x_wconf 56' lang='lat' dir='ltr'>solveris...”</span> <span class='ocrx_word' id='word_1_842' title='bbox 3130 5141 3296 5200; x_wconf 75' lang='lat' dir='ltr'>erunt</span> <span class='ocrx_word' id='word_1_843' title='bbox 3336 5141 3535 5225; x_wconf 73' lang='lat' dir='ltr'>soluta,</span> <span class='ocrx_word' id='word_1_844' title='bbox 3585 5141 3671 5225; x_wconf 46' lang='lat' dir='ltr'>Sri-</span> 
     </span>
    </p>
   </div>
   <div class='ocr_carea' id='block_1_121' title="bbox 2029 5209 3671 5283">
    <p class='ocr_par' dir='ltr' id='par_1_121' title="bbox 2029 5209 3671 5283">
     <span class='ocr_line' id='line_1_124' title="bbox 2029 5209 3671 5283; baseline -0.012 -1"><span class='ocrx_word' id='word_1_845' title='bbox 2029 5209 2185 5282; x_wconf 51' lang='lat' dir='ltr'>ni&#39;ilis</span> <span class='ocrx_word' id='word_1_846' title='bbox 2215 5209 2383 5277; x_wconf 81' lang='lat' dir='ltr'>lectio</span> <span class='ocrx_word' id='word_1_847' title='bbox 2415 5209 2667 5276; x_wconf 77' lang='lat' dir='ltr'>occurrit</span> <span class='ocrx_word' id='word_1_848' title='bbox 2689 5218 2865 5274; x_wconf 88' lang='lat' dir='ltr'>etiam</span> <span class='ocrx_word' id='word_1_849' title='bbox 2886 5216 2947 5272; x_wconf 92' lang='lat' dir='ltr'>in</span> <span class='ocrx_word' id='word_1_850' title='bbox 2972 5232 3243 5272; x_wconf 89' lang='lat' dir='ltr'>sermone</span> <span class='ocrx_word' id='word_1_851' title='bbox 3272 5209 3538 5283; x_wconf 80' lang='lat' dir='ltr'>sequenti</span> <span class='ocrx_word' id='word_1_852' title='bbox 3561 5209 3671 5264; x_wconf 81' lang='lat'>0.3.</span> 
     </span>
    </p>
   </div>
   <div class='ocr_carea' id='block_1_122' title="bbox 2100 5281 3670 5369">
    <p class='ocr_par' dir='ltr' id='par_1_122' title="bbox 2100 5281 3670 5369">
     <span class='ocr_line' id='line_1_125' title="bbox 2100 5281 3670 5369; baseline -0.01 -18"><span class='ocrx_word' id='word_1_853' title='bbox 2100 5295 2247 5369; x_wconf 78' lang='lat'>(2)10</span> <span class='ocrx_word' id='word_1_854' title='bbox 2282 5293 2485 5369; x_wconf 72' lang='lat' dir='ltr'>eodem</span> <span class='ocrx_word' id='word_1_855' title='bbox 2515 5292 2641 5346; x_wconf 91' lang='lat' dir='ltr'>cod.</span> <span class='ocrx_word' id='word_1_856' title='bbox 2676 5296 2734 5346; x_wconf 92' lang='lat' dir='ltr'>et</span> <span class='ocrx_word' id='word_1_857' title='bbox 2757 5291 2813 5345; x_wconf 94' lang='lat' dir='ltr'>in</span> <span class='ocrx_word' id='word_1_858' title='bbox 2849 5288 2961 5345; x_wconf 88' lang='lat' dir='ltr'>alio</span> <span class='ocrx_word' id='word_1_859' title='bbox 2991 5289 3123 5369; x_wconf 64' lang='lat' dir='ltr'>Yat.</span> <span class='ocrx_word' id='word_1_860' title='bbox 3156 5304 3263 5369; x_wconf 71' lang='lat' dir='ltr'>vox</span> <span class='ocrx_word' id='word_1_861' title='bbox 3288 5281 3461 5355; x_wconf 68' lang='lat' dir='ltr'>petra:</span> <span class='ocrx_word' id='word_1_862' title='bbox 3487 5281 3670 5336; x_wconf 82' lang='lat' dir='ltr'>deest.</span> 
     </span>
    </p>
   </div>
   <div class='ocr_carea' id='block_1_123' title="bbox 2027 5360 3575 5438">
    <p class='ocr_par' dir='ltr' id='par_1_123' title="bbox 2027 5360 3575 5438">
     <span class='ocr_line' id='line_1_126' title="bbox 2027 5360 3575 5438; baseline -0.01 -15"><span class='ocrx_word' id='word_1_863' title='bbox 2027 5360 2165 5424; x_wconf 79' lang='lat' dir='ltr'>Post</span> <span class='ocrx_word' id='word_1_864' title='bbox 2198 5382 2384 5438; x_wconf 82' lang='lat' dir='ltr'>pauca</span> <span class='ocrx_word' id='word_1_865' title='bbox 2410 5363 2584 5438; x_wconf 83' lang='lat' dir='ltr'>iidem</span> <span class='ocrx_word' id='word_1_866' title='bbox 2615 5378 2929 5438; x_wconf 83' lang='lat' dir='ltr'>ms_s.,__non</span> <span class='ocrx_word' id='word_1_867' title='bbox 2958 5360 3237 5438; x_wconf 72' lang='lat' dir='ltr'>relinquit.</span> <span class='ocrx_word' id='word_1_868' title='bbox 3378 5424 3391 5438; x_wconf 46' lang='lat'><strong><em>‘</em></strong></span> <span class='ocrx_word' id='word_1_869' title='bbox 3435 5425 3459 5438; x_wconf 46' lang='grc' dir='ltr'><strong><em>Δ</em></strong></span> 
     </span>
    </p>
   </div>
   <div class='ocr_carea' id='block_1_124' title="bbox 2103 5424 3677 5511">
    <p class='ocr_par' dir='ltr' id='par_1_124' title="bbox 2103 5424 3677 5511">
     <span class='ocr_line' id='line_1_127' title="bbox 2103 5424 3677 5511; baseline -0.008 -19"><span class='ocrx_word' id='word_1_870' title='bbox 2103 5440 2167 5511; x_wconf 83' lang='lat' dir='ltr'>(i)</span> <span class='ocrx_word' id='word_1_871' title='bbox 2196 5424 2741 5511; x_wconf 64' lang='lat' dir='ltr'>V’elutissi_mis_qod.</span> <span class='ocrx_word' id='word_1_872' title='bbox 2774 5424 2928 5511; x_wconf 43' lang='lat' dir='ltr'>Vat.)</span> <span class='ocrx_word' id='word_1_873' title='bbox 2965 5424 3311 5511; x_wconf 50' lang='lat' dir='ltr'>iudiciorum</span> <span class='ocrx_word' id='word_1_874' title='bbox 3354 5424 3677 5496; x_wconf 79' lang='lat' dir='ltr'>deﬁnitione</span> 
     </span>
    </p>
   </div>
   <div class='ocr_carea' id='block_1_125' title="bbox 2027 5504 3477 5584">
    <p class='ocr_par' dir='ltr' id='par_1_125' title="bbox 2027 5504 3477 5584">
     <span class='ocr_line' id='line_1_128' title="bbox 2027 5504 3477 5584; baseline 0 0"><span class='ocrx_word' id='word_1_875' title='bbox 2027 5504 2380 5584; x_wconf 48' lang='lat' dir='ltr'>praeﬁnitur;</span> <span class='ocrx_word' id='word_1_876' title='bbox 2416 5505 2749 5584; x_wconf 61' lang='lat' dir='ltr'>aliPSYaiu</span> <span class='ocrx_word' id='word_1_877' title='bbox 2782 5504 3137 5584; x_wconf 57' lang='grc' dir='ltr'>Ρθνβθξίυνκ</span> <span class='ocrx_word' id='word_1_878' title='bbox 3313 5571 3343 5584; x_wconf 94' lang='grc'>..</span> <span class='ocrx_word' id='word_1_879' title='bbox 3476 5512 3477 5515; x_wconf 7' lang='grc' dir='ltr'>γ</span> 
     </span>
    </p>
   </div>
   <div class='ocr_carea' id='block_1_126' title="bbox 2105 5569 3678 5653">
    <p class='ocr_par' dir='ltr' id='par_1_126' title="bbox 2105 5569 3678 5653">
     <span class='ocr_line' id='line_1_129' title="bbox 2105 5569 3678 5653; baseline -0.008 -17"><span class='ocrx_word' id='word_1_880' title='bbox 2105 5569 2179 5653; x_wconf 56' lang='lat' dir='ltr'>(Ii)</span> <span class='ocrx_word' id='word_1_881' title='bbox 2212 5569 2378 5636; x_wconf 38' lang='lat' dir='ltr'>Idem,</span> <span class='ocrx_word' id='word_1_882' title='bbox 2399 5569 2848 5649; x_wconf 78' lang='lat' dir='ltr'>antiquissimus</span> <span class='ocrx_word' id='word_1_883' title='bbox 2874 5569 3073 5641; x_wconf 71' lang='lat' dir='ltr'>codex,</span> <span class='ocrx_word' id='word_1_884' title='bbox 3103 5571 3432 5637; x_wconf 78' lang='lat' dir='ltr'>decernitur,</span> <span class='ocrx_word' id='word_1_885' title='bbox 3456 5572 3514 5625; x_wconf 88' lang='lat' dir='ltr'>et</span> <span class='ocrx_word' id='word_1_886' title='bbox 3532 5569 3678 5624; x_wconf 89' lang='lat' dir='ltr'>forte</span> 
     </span>
    </p>
   </div>
   <div class='ocr_carea' id='block_1_127' title="bbox 2036 5653 2269 5710">
    <p class='ocr_par' dir='ltr' id='par_1_127' title="bbox 2036 5653 2269 5710">
     <span class='ocr_line' id='line_1_130' title="bbox 2036 5653 2269 5710; baseline -0.017 0"><span class='ocrx_word' id='word_1_887' title='bbox 2036 5653 2269 5710; x_wconf 79' lang='lat' dir='ltr'>melius.</span> 
     </span>
    </p>
   </div>
  </div>
