4092 6178
384 291 498 381 in

1500 306 1563 369 S.
1599 306 1876 372 LEONIS
1920 306 2171 374 MAGNI
2216 308 2663 374 SERMONES.

3668 304 3788 371 H8

381 449 571 510 neque
589 435 860 495 hasretica
877 439 1615 515 umquam(a)corrumpere
1638 442 2024 515 pravitas,nec
2050 442 2107 510 Α
2136 442 2305 516 cipue
2336 442 2489 500 inter
2518 447 2754 501 caeteros
2791 442 3039 520 populos
3079 442 3245 502 decet
3285 438 3511 501 meritis
3547 437 3786 515 pietatis

382 541 610 600 pagana
643 528 892 599 potuerit
923 545 1199 600 superare
1230 530 1493 602 perfidia.

455 615 589 671 CAP.
618 615 1168 691 lV.-—His(b)itaque
1202 618 1411 683 modis,
1446 620 1837 688 dilectissimi,
1864 621 2034 677 ratio-

383 703 562 759 nabili
594 704 872 776 obsequio
904 705 1231 763 celebratur
1255 709 1537 765 hodierna
1560 710 1862 773 festivitas,
1888 714 1951 765 ut
1973 710 2031 765 in

382 808 630 865 persona
651 792 1004 851 humilitatis
1029 814 1167 853 meae
1199 797 1297 852 ille
1327 797 1709 871 intelligatur,
1737 799 1836 855 ille
1857 799 2036 855 hono-

384 885 561 949 ratur,
596 882 655 938 in
690 901 804 956 quo
836 889 891 942 et
915 887 1178 942 omnium
1212 892 1510 960 pastorum
1546 888 1876 945 sollicitudo
1899 907 2032 946 cum

386 974 925 1030 commendatarum
955 976 1065 1031 sibi
1098 976 1291 1033 ovium
1324 978 1591 1033 custodia
1611 982 1959 1050 perseverat,
1979 982 2035 1034 et

385 1058 628 1132 (e)cujus
640 1062 896 1136 dignitas
920 1065 1095 1120 etiam
1109 1066 1166 1120 in
1181 1066 1420 1138 indigno
1435 1066 1660 1122 haerede
1674 1083 1789 1122 non
1812 1067 2027 1124 deficit.

384 1147 969 1209 Undevenerabilium
983 1171 1214 1227 quoque
1226 1155 1470 1210 fratrum
1485 1159 1541 1211 et
1556 1157 2033 1211 consacerdotum

383 1256 649 1296 meorum
680 1242 1007 1297 desiderata
1057 1243 1200 1298 mihi
1249 1248 1303 1299 et
1332 1244 1673 1299 honoranda
1720 1244 2029 1317 prementia

385 1331 523 1387 hinc
545 1331 824 1388 sacratior
852 1336 942 1388 est
972 1336 1145 1404 atque
1175 1333 1453 1400 devotior,
1481 1332 1529 1388 si
1562 1332 1832 1404 pietatem
1856 1332 2037 1404 hujus

382 1422 559 1480 officii
590 1422 650 1478 in
681 1438 796 1495 quo
828 1422 1032 1478 adesse
1081 1421 1303 1494 dignati
1335 1425 1493 1488 sunt,
1543 1422 1592 1477 ei
1626 1421 2026 1494 principaliter

383 1512 463 1586 (ἀ)
495 1512 783 1575 deferunt,
803 1527 974 1584 quem
993 1528 1106 1565 non
1121 1510 1310 1566 solum
1324 1510 1504 1582 hujus
1517 1511 1672 1567 sedis
1689 1510 2020 1583 priesulem,

381 1601 483 1658 sed
516 1605 574 1657 et
602 1601 865 1656 omnium
892 1601 1300 1673 episcoporum
1334 1604 1619 1654 noverunt
1645 1616 1774 1655 esse
1802 1599 2031 1671 prima-

381 1690 673 1746 tem.Cum
700 1706 836 1763 ergo
857 1690 1285 1746 cohortationes
1310 1693 1540 1744 nostras
1565 1688 1808 1744 auribus
1830 1694 2033 1744 vestrae

382 1778 1293 1883 sanctitatisadhihemusﬁpsum
1310 1777 1875 1883 vobis,cujus(elvice
1898 1776 2034 1832 fun-
2063 1817 2111 1883 B

383 1867 599 1940 gimur,
630 1866 789 1940 loqui
820 1867 1035 1923 credite
1062 1884 1074 1922 :
1109 1866 1249 1938 quia
1276 1870 1334 1921 et
1362 1865 1523 1921 illius
1550 1883 1652 1921 vos
1678 1865 1886 1921 affectu
1909 1882 2032 1921 mo-

383 1971 616 2022 nemus,
646 1960 705 2011 et
735 1972 849 2011 non
875 1954 1031 2011 aliud
1050 1955 1232 2020 vobis,
1261 1969 1437 2026 quam
1466 1954 1621 2027 quod
1646 1954 1862 2023 docuit,
1888 1970 2032 2027 pra;-

383 2043 688 2113 dicamus;
721 2045 1113 2109 obsecrantes,
1146 2047 1211 2098 ut
1240 2043 1519 2099 succincti
1551 2042 1784 2099 lumbos
1819 2043 2033 2099 mentis

377 2135 582 2189 vestrae
613 2137 834 2189 castam
866 2136 923 2189 et
952 2132 1205 2189 sobriam
1254 2130 1432 2187 vitam
1466 2130 1525 2185 in
1556 2130 1763 2187 timore
1793 2131 1893 2187 Dei
1925 2132 2032 2187 du-

383 2221 549 2291 cetis,
573 2238 679 2279 nec
712 2221 1204 2295 concupiscentiis
1237 2221 1432 2276 carnis
1465 2237 1633 2276 mens
1664 2220 2029 2293 principatus

382 2312 474 2369 sui
505 2311 710 2378 oblita,
742 2311 1088 2367 consentiat.
1114 2308 1317 2365 Brevia
1341 2313 1397 2365 et
1428 2310 1647 2365 caduca
1677 2313 1815 2365 sunt
1841 2313 2031 2365 terre-

382 2418 593 2458 narum
625 2401 840 2475 gaudia
868 2400 1257 2472 voluptatum,
1282 2415 1409 2471 quae
1442 2399 1512 2454 ad
1543 2398 1925 2455 aeternitatem
1942 2416 2034 2455 vo-

378 2496 559 2562 catos,
584 2490 652 2563 (ﬁ
675 2508 710 2545 a
738 2490 966 2546 semitis
996 2488 1122 2543 vitae
1179 2492 1464 2544 vocantur
1493 2492 1769 2544 avertere.
1819 2488 2031 2545 Fidelis

382 2596 519 2652 ergo
550 2583 607 2635 et
643 2578 953 2651 religiosus
1000 2578 1255 2645 animus,
1308 2593 1375 2631 ea
1406 2593 1532 2646 qua:
1561 2581 1701 2631 sunt
1750 2575 2029 2644 caelestia,

382 2666 777 2738 concupiscat.
803 2670 858 2721 et
874 2666 1201 2720 divinarum
1228 2664 1687 2736 promissionum
1721 2663 1946 2731 avidus,
1970 2665 2030 2719 in

381 2771 644 2812 amorem
674 2771 735 2809 se
775 2751 1239 2824 incorruptibilis
1284 2751 1444 2819 boni,
1493 2756 1549 2806 et
1580 2751 1638 2805 in
1687 2768 1853 2823 apem
1885 2769 2029 2809 vera:

378 2844 532 2901 lucis
563 2842 809 2899 attollat.
842 2841 988 2897 Certi
1005 2844 1200 2896 autem
1232 2843 1436 2906 estote,
1462 2839 1845 2909 dilectissimi,
1872 2842 2027 2913 quod

382 2933 548 2990 labor
574 2935 783 3001 vester,
807 2947 923 3003 quo
947 2929 1104 2984 vitiis
1126 2928 1419 2995 resistitis,
1448 2932 1504 2984 et
1526 2928 1860 2985 carnalibus
1882 2929 2031 2985 desi-

381 3022 562 3079 deriis
592 3016 1263 3093 repugnatis,placensin
1293 3021 1605 3089 conspectu
1631 3017 1728 3072 Dei
1751 3022 2028 3091 estatquc

2142 530 2440 599 excellere,
2475 550 2622 605 quos
2655 532 2714 588 in
2736 532 2865 606 ipsa
2883 531 3216 606 apostolicae
3235 536 3408 605 petrae
3430 547 3561 587 arce
3584 530 3788 587 funda-

2139 624 2251 688 tos;
2279 626 2336 677 et
2348 621 2641 692 Dominus
2662 628 2859 678 noster
2875 623 3047 679 Jcsus
3071 621 3337 677 Christus
3353 636 3486 676 cum
3510 620 3787 677 omnibus

2142 709 2407 779 redemit,
2442 716 2499 766 ct
2528 712 2736 768 beatus
2766 710 3070 784 apostolus
3120 712 3325 767 Petrus
3350 727 3465 783 prie
3511 709 3789 766 omnibus

2141 799 2412 855 erudivit.
2442 800 2833 859 Pereumdcm
2849 800 3142 856 Christum
3160 799 3472 856 Dominum
3494 803 3783 855 nostrum.

2142 893 2346 944 Amen.

2631 977 2870 1034 SERMO
2912 977 2985 1033 1v
3025 978 3129 1050 [AL
3172 975 3296 1050 III].

2145 1066 2223 1141 (h)
2276 1071 2351 1123 De
2380 1067 2565 1122 Natali
2594 1068 2767 1140 ipsius
2798 1069 2904 1136 IV;
2936 1069 3005 1149 in,
3022 1066 3407 1149 anaiversario
3435 1065 3525 1120 die
3551 1064 3792 1137 ejusdem

2767 1148 3171 1210 assumptionis.

2143 1227 2440 1282 vaorsrs.
2473 1259 2542 1267 —
2577 1229 2618 1281 l.
2651 1228 3033 1282 Festivitatem
3068 1228 3211 1280 hanc
3239 1226 3492 1281 omnibus
3522 1241 3632 1281 esse
3650 1240 3794 1281 com-

2212 1316 2436 1354 munem
2468 1298 2817 1366 Christianis,
2850 1301 2947 1369 qui
2974 1302 3028 1354 et
3053 1314 3204 1368 reges
3231 1302 3361 1353 sunt
3389 1305 3440 1352 et
3467 1296 3788 1369 sacerdotes.

2215 1401 2285 1409 —
2314 1372 2387 1424 ll.
2445 1370 2661 1438 Quanta
2705 1368 2872 1425 Petro
2890 1386 3009 1441 pra:
3039 1370 3247 1441 cwteris
3277 1372 3391 1441 sint
3417 1368 3617 1423 collata
3637 1386 3656 1422 :
3686 1368 3787 1441 lic-

2213 1442 2436 1496 clesiam
2466 1444 2524 1496 in
2545 1443 2724 1507 Petro,
2756 1445 2807 1496 el
2835 1439 2903 1496 iii
2940 1442 3057 1512 ejus
3085 1440 3190 1510 ﬁde
3229 1440 3537 1512 fundatam.
3581 1470 3647 1480 —
3692 1439 3790 1495 III.

2217 1514 2487 1567 Transivit
2519 1515 2578 1567 in.
2606 1513 2746 1568 alios
2776 1513 3041 1583 apostolos
3069 1514 3304 1582 potestas
3351 1512 3610 1580 clarium,
3656 1526 3793 1581 quas

2214 1586 2408 1639 Petrus
2435 1586 2659 1655 accepit.
2716 1583 2964 1653 Speciale
3004 1583 3357 1655 privilegium
3406 1583 3587 1655 Petri,
3634 1583 3793 1651 cujus

2212 1656 2464 1727 specialis
2491 1653 2627 1710 cura
2653 1672 2689 1710 a
2710 1655 2938 1710 Domino
2955 1653 3277 1725 suscipitur,
3308 1657 3359 1709 et
3384 1669 3485 1724 pro
3635 1656 3794 1727 cujus

2211 1725 2433 1798 proprie
2454 1726 2907 1792 Christusoravil,
2921 1734 2982 1781 ut
3007 1727 3244 1797 ﬁrmitas
3264 1742 3384 1798 qua:
3398 1740 3500 1796 per
3515 1725 3793 1780 Christum

2213 1797 2371 1854 Petro
2400 1799 2687 1863 tribuitur,
2716 1813 2817 1869 per
2845 1799 3069 1852 Petrum
3094 1797 3351 1869 apostolis
3368 1798 3789 1869 _conferatur.—_

2216 1869 2308 1941 IV.
2340 1871 2495 1925 Petri
2518 1866 2775 1941 precibus
2804 1872 2855 1924 et
2903 1866 3267 1941 sollicitudini
3294 1866 3488 1925 deberi
3525 1866 3793 1940 quidquid

2216 1940 2350 1995 boni
2377 1957 2409 1995 a
2436 1941 2831 1996 successoribus
2859 1940 2977 2010 ejus
3006 1941 3207 2011 agitur.

2213 2046 2348 2103 CAP.
2382 2047 2424 2103 Ι.
2459 2078 2524 2087 -
2551 2047 2805 2113 Gaudeo,
2858 2044 3244 2114 dilectissimi,
3288 2045 3357 2101 de
3388 2043 3659 2118 religioso
3688 2061 3789 2101 ve-

2142 2139 2274 2191 strae
2306 2136 2626 2193 devotionis
2656 2136 2888 2205 atlectu,
2923 2139 2981 2191 et
3008 2134 3122 2191 Deo
3154 2134 3372 2207 gratias
3392 2150 3522 2208 ago,
3547 2134 3702 2207 quod
3726 2134 3787 2190 in

2140 2226 2305 2281 vobis
2335 2226 2611 2298 pietatem
2644 2224 2985 2281 Christianae
3038 2222 3282 2280 unitatis
3315 2239 3585 2296 agnosco.
3627 2221 3791 2280 Sicut

2141 2315 2298 2370 enim
2331 2316 2460 2389 ipsa
2485 2314 2812 2387 frequentia
2830 2316 3023 2369 vestra
3044 2315 3315 2381 testatur,
3348 2312 3793 2386 intelligitishu-

2134 2406 2235 2477 jus
2258 2405 2371 2461 diei
2389 2422 2689 2461 recursum
2718 2404 2788 2459 ad
2802 2418 3174 2459 communem
3196 2401 3454 2457 laetitiam
3475 2401 3787 2473 pertinere,

2141 2498 2195 2549 et
2222 2494 2500 2549 honorem
2532 2492 2808 2548 celebrari
2840 2491 3019 2547 totius
3047 2490 3241 2565 gregis
3270 2507 3373 2564 per
3412 2508 3610 2547 annua
3642 2492 3793 2548 festa

2139 2581 2413 2655 pastoris.
2448 2582 2593 2636 Nam
2626 2581 2763 2636 licet
2791 2580 3062 2635 universa
3082 2578 3341 2635 Ecclesia
3365 2580 3463 2635 Dei
3494 2578 3807 2637 distinctis

2139 2671 2408 2726 ordinata
2437 2670 2512 2726 sit
2543 2669 2845 2743 gradibus,
2879 2673 2945 2724 ut
2974 2669 3074 2725 15
3108 2684 3177 2724 ex
3224 2667 3469 2724 diversis
3502 2669 3785 2726 membris

2139 2759 2350 2815 sacrati
2380 2759 2639 2832 corporis
2660 2758 2946 2815 subsistat
2976 2757 3315 2830 integritas;
3347 2774 3531 2813 omnes
3563 2761 3783 2827 tamen,

2139 2849 2205 2921 (i)
2231 2847 2385 2906 sicut
2414 2849 2494 2904 ait
2521 2846 2856 2920 Apostolus,
2890 2849 2951 2902 in
2977 2848 3190 2904 Christo
3208 2863 3383 2902 unum
3409 2863 3599 2902 sumus
3625 2847 3783 2919 (Gal.

2138 2955 2242 3005 1m,
2274 2938 2363 3010 28)
2391 2956 2404 3006 ;
2438 2953 2542 2993 nec
2590 2936 2903 3009 quisquam
2949 2936 3021 2990 ab
3052 2934 3291 2991 alterius
3333 2935 3413 2991 ita
3441 2939 3530 2992 est
3559 2935 3784 2993 divisus

2136 3027 2348 3095 officio,
2377 3030 2443 3081 ut
2474 3042 2587 3082 non
2608 3026 2679 3081 ad
2703 3024 3117 3081 connexionem
3135 3023 3422 3096 pertineat
3451 3024 3658 3097 capitis
3681 3042 3783 3081 cu-

381 3115 485 3169 14
515 3110 938 3184 pretiosusmec
961 3106 1152 3163 8οῘοω
1166 3106 1352 3174 VObiS,
1375 3106 1475 3162 88d
1493 3105 1665 3162 etiam
1698 3106 1843 3161 mihi
1869 3109 2023 3179 ερυᾶ
2066 3182 2097 3188 _
2127 3116 2374 3188 juslibet
2404 3114 2709 3171 humilitas
2738 3113 3424 3188 portionis,(j)Inunitate
3448 3113 3785 3187 igiturfidei

379 3200 484 3258 Πθί
515 3182 975 3256 misericordiam
1030 3194 1411 3267 Ρτοῗυίυνιλεῖ
1463 3194 1602 3266 (lilia
1647 3195 1718 3251 de
1763 3196 2024 3267 PPOfeCtu
2056 3182 2100 3249 θ
2129 3182 2310 3277 atque
2330 3182 3081 3277 Βαριίεωειῐίείίηάἱεθι-ειδί
3099 3202 3269 3258 nobis
3318 3182 3589 3270 societas,
3637 3202 3787 3260 dile-

380 3287 748 3363 (g)Dominici
778 3285 973 3358 gregis
1001 3283 1283 3357 gloriatur
1312 3300 1452 3338 cura
1494 3283 1764 3355 pastoris.
1818 3284 2028 3341 Corona

379 3380 529 3436 enim
560 3393 700 3444 mea,
735 3375 890 3432 sicut
917 3371 1231 3445 Apostolus
1260 3372 1360 3441 ait,
1393 3376 1447 3427 et
1471 3372 1736 3442 gaudium
1781 3389 1874 3429 vos
1902 3376 2028 3429 estis

380 3470 430 3540 (ι
456 3466 630 3523 Thess.
663 3482 725 3535 ιι,
760 3462 869 3536 19);
903 3462 951 3520 si
984 3463 1127 3518 fides
1150 3464 1361 3527 vestra,
1392 3478 1519 3533 quae
1551 3461 1623 3517 ab
1652 3461 1818 3518 initio
1839 3462 2023 3518 Evan-

378 3556 515 3632 gelii
546 3556 604 3611 in
637 3551 1156 3611 universo‘mundo
1193 3550 1503 3623 pradicata
1550 3553 1638 3606 est
1667 3550 1839 3622 (Rom.
1872 3567 1911 3617 ι,
1943 3551 2022 3623 8),

376 3645 439 3703 in
471 3644 778 3702 dilectione
808 3645 865 3698 et
894 3640 1200 3697 sanctitate
1240 3638 1647 3712 permanserit.
1699 3639 1846 3694 Nam
1889 3638 2025 3696 licet

376 3749 610 3792 omnem
639 3730 979 3795 Ecclesiam,
1013 3745 1141 3800 quae
1171 3727 1231 3782 in
1263 3731 1383 3783 toto
1414 3731 1503 3783 est
1531 3727 1670 3783 orbe
1708 3730 2020 3798 terrarum,

376 3822 604 3878 cunctis
643 3821 908 3893 Oporteat
938 3817 1141 3872 florere
1168 3814 1502 3884 virtutibus,
1526 3831 1628 3871 vos
1658 3819 1854 3871 tamen
1876 3832 2020 3888 prae-

445 3963 521 4045 (ςι)
552 3964 911 4045 Parumper?
937 3955 1516 4045 Ξάίάξςριξοξοςηαβν
1534 3955 2022 4045 testestestes”

372 4027 561 4113 editos
591 4027 818 4113 codices
850 4034 907 4086 et
934 4027 1256 4113 Gaudiival.
1280 4028 1492 4084 habere
1511 4043 1879 4109 perrumpere.
1904 4029 2020 4113 N‘os

372 4105 660 4162 editorum
689 4102 996 4159 lectionem
1014 4102 1400 4167 restituimus,
1425 4102 1641 4173 quippe
1661 4115 1838 4170 quam
1864 4102 2014 4155 anti-

376 4176 613 4250 quiores
644 4191 788 4250 mss.
820 4172 1162 4250 approbant.

442 4248 520 4315 (b)
556 4248 676 4303 Duo
705 4246 883 4310 Vatt.,
918 4246 1088 4314 igitur
1118 4258 1221 4314 pro
1255 4250 1454 4314 itaque.

442 4318 513 4396 (ε)
548 4317 637 4396 Ita
650 4315 1023 4396 restituimus
1043 4330 1112 4396 ei:
1129 4311 1863 4396 vetustissimthaticano,‘
1879 4328 2014 4395 cum

371 4382 518 4467 alias
538 4388 975 4467 editumesset,
1001 4386 1361 4467 cujusnetiam
1391 4384 1629 4467 dignitas
1678 4385 1737 4467 iii
1768 4382 2011 4467 iridigno.

369 4461 432 4517 In
508 4460 654 4515 rima
682 4459 934 4517 editione
962 4462 1020 4513 et
1049 4455 1108 4510 in
1139 4455 1361 4527 aliquot.
1381 4455 1547 4510 codd.
1580 4455 1743 4510 deest
1771 4456 1957 4511 ctiam.

438 4478 514 4602 (Ξ)
544 4532 676 4587 Vat.
706 4531 802 4588 541
819 4531 1179 4602 ,referuat,et
1200 4525 1765 4602 forte-melius,_cpm
1789 4525 1957 4596 signit

2136 3294 2406 3359 ctissimi,
2439 3298 2496 3349 et
2524 3291 2813 3366 generalis
2843 3296 2934 3348 est
2963 3291 3241 3365 dignitas,
3281 3291 3605 3347 secundum
3634 3292 3784 3349 illud

2133 3382 2456 3440 beatissimi
2485 3382 2634 3439 Petri
2663 3379 3401 3455 apostoli(k)sacratissima
3418 3396 3555 3436 voce
3577 3381 3785 3437 dicen-

2133 3473 2244 3530 tis:
2276 3474 2341 3528 Et
2374 3474 2483 3545 ipsi
2521 3475 2783 3543 tanquam
2833 3468 3039 3542 lapides
3092 3470 3206 3525 vivi
3258 3468 3789 3541 superwdiﬁcamini

2134 3564 2195 3618 in
2222 3562 2408 3619 domos
2431 3561 2725 3633 spiritales.
2775 3557 3140 3614 sacerdotium
3179 3565 3450 3625 sanctum,
3500 3558 3785 3631 offerentes

2130 3651 2405 3722 spiritales
2430 3649 2628 3704 hostias
2657 3648 3011 3719 acceptabiles
3028 3648 3135 3703 Deo
3150 3662 3249 3719 per
3266 3647 3451 3703 Iesum
3477 3646 3783 3709 Christum.-

2130 3743 2187 3795 et
2217 3738 2403 3794 infra:
2445 3740 2538 3794 Vos
2568 3740 2750 3792 autem
2777 3752 2950 3807 genus
3000 3737 3245 3815 electum,
3294 3735 3480 3804 regale
3523 3735 3780 3792 sacerdo-

2131 3830 2290 3898 tium,
2323 3844 2453 3898 gcns
2495 3829 2702 3894 sancta,
2746 3825 2984 3897 populus
3030 3824 3416 3895 acquisitionis
3463 3823 3511 3893 (l
3537 3824 3685 3880 Petr.
3711 3842 3776 3891 ιι,

2200 3953 2263 4023 (Ῑ)
2295 3952 2425 4006 Vat.
2455 3951 2619 4023 3836.
2652 3967 2685 4023 ᾳ
2714 3950 2919 4023 caelesti
2948 3951 3061 4023 vita
3089 3957 3358 4023 couautur
3386 3954 3644 4004 avertere.

2200 4020 2278 4095 (ᾖ)
2307 4022 2456 4095 Yict.
2493 4022 2620 4095 cod.
2650 4020 2809 4095 delet
2832 4022 3124 4095 Dominici.
3153 4022 3371 4095 Qussu,

2197 4088 2276 4163 (7i)
2309 4094 2372 4148 In
2405 4110 2514 4147 ms.
2534 4093 2618 4218 ἐξ)
2637 4091 2960 4162 Casinensi,
2982 4090 3079 4163 qul
3110 4095 3242 4164 post
3262 4089 3377 4145 alia
3402 4088 3648 4145 aliorum
3670 4089 3776 4145 Pa-

2197 4183 2283 4218 im
2307 4165 2515 4218 Opera.
2577 4180 2682 4218 uos
2702 4167 2933 4218 tantum
2955 4178 3257 4218 sermones
3279 4166 3336 4216 S.
3356 4161 3564 4217 Leonis
3588 4161 3776 4216 conti-

2127 4161 2283 4221 trum
2307 4165 2515 4237 Opera,
2534 4161 2682 4237 duos
2702 4161 3257 4237 tantumsermbnes
3279 4166 3336 4216 S.
3356 4161 3564 4237 Leonis
3587 4161 3776 4237 conti-

2126 4242 2243 4292 net.
2278 4231 2540 4308 pag.588,
2568 4234 2664 4308 hic
2684 4250 2877 4308 sermo
2902 4233 3193 4308 profertur
3209 4250 3346 4308 cum
3379 4231 3777 4308 titulozlncipit

2122 4304 2299 4363 sermo
2328 4304 2393 4362 de
2424 4306 2688 4361 Cathedra
2718 4306 2770 4377 T.
2802 4304 2959 4362 Petri
2984 4305 3236 4377 apostoli,
3293 4319 3419 4377 quae
3463 4304 3775 4377 celebratur

2123 4395 2243 4434 vm.
2279 4378 2391 4433 kal.
2428 4379 2644 4442 Martii,-
2674 4374 2756 4431 uti
2788 4392 2931 4432 sane
2961 4373 3115 4431 tertii
3146 4373 3416 4431 nocturni
3464 4373 3769 4442 lectiones,

2124 4468 2250 4523 quae
2281 4450 2389 4504 hac
2404 4449 2495 4503 die
2526 4448 2585 4502 in
2600 4448 2859 4503 Romano
2873 4447 3163 4523 Breviario
3176 4445 3263 4523 vel
3277 4446 3450 4523 hodie
3471 4445 3598 4519 legu
3608 4450 3768 4523 ntur,

496 4537 514 4604 )
544 4532 676 4617 Yat.
706 4531 802 4588 541
819 4532 1105 4617 ,referuat,
1117 4531 1179 4617 et
1200 4517 1765 4617 forte‘melius,Jcprp
1789 4525 2011 4596 signifi-
2041 4552 2090 4617 Β
2122 4517 2189 4577 ex
2218 4521 2327 4617 hpc
2358 4523 2899 4617 sermonesumptzp
2930 4523 3088 4617 sunt.
3124 4522 3201 4617 In‘
3214 4517 3433 4617 tabula)
3446 4517 3638 4617 agt—lem
3657 4521 3762 4572 Ca-

366 4597 531 4729 petur
559 4597 840 4659 honorem
872 4597 1248 4674 pontificibus
1277 4597 1535 4654 delatum
1565 4598 1635 4652 ad
1655 4597 1887 4652 Petrum
1921 4614 2008 4653 re-

394 4690 528 4729 em.

430 4690 528 4729 m.

394 4690 688 4817 ἐωνήθη
699 4744 949 4817 alicujus
960 4745 1240 4815 gereretet
1253 4741 1451 4817 vicarii
1461 4737 1702 4817 antiqua
1717 4737 2007 4817 locutione

363 4809 642 4873 dicuntur
669 4809 1268 4879 etiam'successores,
1304 4811 1403 4883 qui
1438 4827 1551 4865 non
1585 4809 1797 4864 minori
1827 4826 2005 4883 quam

357 4902 681 5013 praecessor
697 4887 992 4971 dignitate
1021 4890 1077 4940 et
1108 4879 1390 4956 potestate
1406 4882 1431 4935 f
1430 4899 1502 4937 un
1510 4885 1694 4954 guntu
1703 4885 1817 4951 r,ut
1832 4879 2008 4963 pluri:

403 4975 473 5013 us
487 4964 745 5013 antiquis
758 4962 887 5013 testi
898 4959 1007 5013 bus
1021 4957 1420 5010 demonstrare
1436 4957 2005 5013 possemusﬂomam

403 4975 473 5014 us
487 4958 745 5031 antiquis
758 4952 887 5014 ὤεῑὶ
898 4959 1007 5013 bus
1021 4952 1420 5031 demonstrare
1436 4952 2005 5031 possemus.Rom_ani

364 5034 563 5103 autem
594 5022 899 5103 pontifices
913 5027 1147 5103 speciali
1173 5026 1345 5103 modo
1361 5022 1501 5078 dioti
1520 5027 1660 5103 sunt
1678 5022 1843 5103 ungi
1857 5022 2000 5103 vice,

358 5104 460 5156 aut
470 5093 669 5157 vicarii
684 5101 926 5166 Petri,ut
939 5093 1339 5168 intelligantur
1351 5112 1469 5168 non
1480 5093 1695 5149 suimet
1709 5093 2002 5166 propriam

357 5172 811 5241 obtinuisse,sed
834 5171 1105 5241 eamdem
1121 5166 1437 5238 accepisse,
1457 5166 1514 5219 in
1538 5182 1741 5241 omnes
1771 5181 2001 5241 succes-

357 5259 519 5301 sores
538 5235 921 5305 transfusum,
948 5235 1293 5311 dignitatem
1315 5254 1381 5292 ac
1398 5237 1802 5311 auctoritatem
1826 5235 2000 5298 Petri,

354 5317 529 5387 cujus,
564 5322 630 5371 ut
659 5316 740 5373 ait
770 5316 882 5369 Leo
903 5308 1233 5387 hocvipsoin
1269 5324 1536 5387 sermone
1562 5324 1611 5387 c.
1640 5308 1692 5375 3,
1718 5309 1777 5387 ia
1795 5324 1897 5363 sua
1915 5324 2001 5387 se:

2119 4591 2448 4649 sanatensis
2479 4607 2590 4646 ms.
2624 4589 2985 4646 inscribitur:
3011 4592 3073 4645 In
3103 4589 3363 4644 natalitio
3393 4590 3615 4645 B.Petri
3629 4605 3765 4660 apo-

2115 4665 2261 4720 stoli.

2188 4734 2464 4807 (i)Verba,
2495 4734 2635 4807 sicut
2662 4733 2743 4786 ait
2758 4732 3057 4807 Apostolus,
3078 4749 3111 4786 a
3130 4729 3438 4807 Quesnello
3453 4728 3771 4807 omissam):

2116 4800 2392 4863 omnibus
2424 4803 2639 4860 nostris
2669 4800 2970 4860 codicibus
3000 4807 3057 4859 et
3086 4801 3478 4859 anterioribus
3495 4800 3769 4857 editioni-

2114 4877 2227 4932 bus
2260 4875 2677 4932 revocavimus.
2738 4876 2881 4931 Tres
2930 4874 3098 4930 codd.
3147 4874 3303 4929 Vatt.
3337 4877 3393 4928 et
3440 4871 3581 4945 editi
3628 4877 3767 4945 ante

2113 4947 2490 5012 Quesnellum
2550 4946 2802 5002 habent:
2861 4948 2963 5001 Nos
3020 4950 3203 5001 tamen
3253 4960 3459 5013 omnes,
3509 4944 3661 5000 sicut
3681 4946 3767 5000 ait

2113 5020 2414 5091 Apostolus,
2446 5018 2746 5091 iaC/triste
2773 5022 2905 5073 Jesu
2932 5030 3107 5072 unum
3135 5031 3339 5072 sumus.

2184 5092 2248 5162 (j)
2274 5091 2404 5145 Vat.
2431 5090 2590 5157 3836,
2626 5090 2687 5162 la
2716 5091 3003 5162 unitatem.

2182 5155 2344 5235 (7;')Ita
2376 5178 2467 5235 om
2477 5155 2967 5235 nesgcditionesmt
2986 5158 3211 5235 codices
3226 5155 3593 5235 nostri,intet_‘
3611 5172 3763 5235 quos

2112 5226 2977 5304 antiquissimusVaticanus,ct
2997 5229 3274 5304 laudatus
3289 5226 3755 5304 Casinensi§,qui

2111 5306 2225 5360 duo
2240 5298 2429 5360 solum
2445 5318 2546 5375 pro
2566 5301 2856 5375 secundum
2876 5301 3016 5357 illud
3036 5302 3254 5375 habent
3273 5298 3568 5375 secundum
3578 5298 3759 5375 Evari-

353 5379 439 5452 de',
471 5379 527 5441 id
559 5392 668 5454 est,
703 5387 759 5441 in
788 5379 1250 5454 successoribus,
1268 5381 1415 5454 Avivit
1436 5382 1701 5454 potestas,
1715 5383 1766 5435 et
1781 5379 2002 5454 excellit

353 5450 672 5523 auctoritas,-
702 5461 760 5511 et
788 5471 915 5524 cap.
948 5455 1000 5517 4,
1032 5452 1189 5523 cujus
1216 5451 1453 5524 dignitas
1482 5453 1651 5524 etiam
1681 5453 1741 5505 in
1774 5450 2000 5524 indigno

351 5526 566 5583 luerede
594 5520 699 5583 non
732 5520 930 5594 deﬁcit.
964 5520 1102 5578 Haec
1124 5520 1324 5577 notare
1377 5521 1550 5576 libuit
1580 5523 1652 5576 ob
1703 5520 1997 5593 postiltam

349 5615 525 5670 quam
560 5599 669 5655 hoc
700 5598 821 5670 loco
843 5594 1190 5670 Quesnellus
1215 5598 1504 5670 posuerat:
1526 5595 1802 5649 Primatus
1822 5595 1994 5662 Petri,

347 5668 506 5741 cujus
536 5669 767 5726 Romani
790 5669 1071 5741 pontiﬁces
1102 5668 1301 5722 vicarii
1329 5669 1475 5722 sunt.

2107 5378 2332 5456 gelium.
2366 5371 2713 5456 Qu'esnellus
2730 5390 2865 5455 vero
2896 5372 3202 5456 ex‘punctis
3221 5371 3463 5427 vocibus
3482 5372 3758 5456 sacratis-

2106 5441 2249 5503 sima
2276 5446 2655 5510 vocedicentis,
2680 5444 2856 5499 unius
2869 5441 3102 5516 codicis,
3129 5460 3302 5516 quem
3326 5441 3756 5516 nondesignat,

2108 5518 2450 5574 auctoritate
2471 5516 2585 5571 alia
2611 5516 2995 5573 substituens.
3016 5514 3172 5570 hunc
3190 5514 3381 5570 locum
3409 5514 3494 5568 sic
3522 5514 3759 5585 expres-

2109 5590 2221 5646 sit:
2255 5588 2561 5645 Secundum
2592 5586 2737 5642 illud
2769 5587 3072 5642 beatissimi
3094 5588 3249 5642 Petri
3274 5585 3531 5657 apostoli,
3551 5586 3645 5639 cui
3663 5585 3763 5641 iste

2112 5678 2293 5718 sermo
2322 5660 2472 5718 debet
2496 5659 2805 5731 famulari:
2836 5660 2900 5715 Et
2930 5659 3039 5731 ipsi
3068 5654 3331 5731 tanquam
3381 5654 3609 5729 lapides,
3641 5659 3754 5713 etc.
