  <div class='ocr_page' id='page_1' title='image "/cluster/home/n/w/nwhite01/storage/ocr_20150623/54/hvd.32044054758636/082.png"; bbox 0 0 4092 6178; ppageno 0'>
   <div class='ocr_carea' id='block_1_1' title="bbox 306 297 406 366">
    <p class='ocr_par' dir='ltr' id='par_1_1' title="bbox 306 297 406 366">
     <span class='ocr_line' id='line_1_1' title="bbox 306 297 406 366; baseline -0.03 0"><span class='ocrx_word' id='word_1_1' title='bbox 306 297 406 366; x_wconf 73' lang='lat' dir='ltr'><strong>MO</strong></span> 
     </span>
    </p>
   </div>
   <div class='ocr_carea' id='block_1_2' title="bbox 1782 291 2192 361">
    <p class='ocr_par' dir='ltr' id='par_1_2' title="bbox 1782 291 2192 361">
     <span class='ocr_line' id='line_1_2' title="bbox 1782 291 2192 361; baseline -0.005 -1"><span class='ocrx_word' id='word_1_2' title='bbox 1782 291 2046 361; x_wconf 79' lang='lat' dir='ltr'><strong>SERMO</strong></span> <span class='ocrx_word' id='word_1_3' title='bbox 2089 292 2192 361; x_wconf 88' lang='lat' dir='ltr'>IV.</span> 
     </span>
    </p>
   </div>
   <div class='ocr_carea' id='block_1_3' title="bbox 3572 287 3691 359">
    <p class='ocr_par' dir='ltr' id='par_1_3' title="bbox 3572 287 3691 359">
     <span class='ocr_line' id='line_1_3' title="bbox 3572 287 3691 359; baseline -0.008 -1"><span class='ocrx_word' id='word_1_4' title='bbox 3572 287 3691 359; x_wconf 73' lang='lat' dir='ltr'>I50</span> 
     </span>
    </p>
   </div>
   <div class='ocr_carea' id='block_1_4' title="bbox 305 402 3692 513">
    <p class='ocr_par' dir='ltr' id='par_1_4' title="bbox 305 402 3692 513">
     <span class='ocr_line' id='line_1_4' title="bbox 305 402 3692 513; baseline 0.001 -20"><span class='ocrx_word' id='word_1_5' title='bbox 305 434 349 504; x_wconf 83' lang='lat'>5,</span> <span class='ocrx_word' id='word_1_6' title='bbox 373 435 446 511; x_wconf 83' lang='lat'>9).</span> <span class='ocrx_word' id='word_1_7' title='bbox 480 431 888 497; x_wconf 81' lang='lat' dir='ltr'>Omnesenim</span> <span class='ocrx_word' id='word_1_8' title='bbox 921 431 981 492; x_wconf 89' lang='lat' dir='ltr'>in</span> <span class='ocrx_word' id='word_1_9' title='bbox 1038 430 1266 493; x_wconf 78' lang='lat' dir='ltr'>Christo</span> <span class='ocrx_word' id='word_1_10' title='bbox 1315 432 1710 510; x_wconf 84' lang='lat' dir='ltr'>regeneratos,</span> <span class='ocrx_word' id='word_1_11' title='bbox 1742 430 1935 489; x_wconf 88' lang='lat' dir='ltr'>crucis</span> <span class='ocrx_word' id='word_1_12' title='bbox 1961 428 2018 499; x_wconf 83' lang='grc' dir='ltr'><strong>Α</strong></span> <span class='ocrx_word' id='word_1_13' title='bbox 2046 402 2313 508; x_wconf 79' lang='lat' dir='ltr'>quamvis</span> <span class='ocrx_word' id='word_1_14' title='bbox 2332 432 2391 492; x_wconf 90' lang='lat' dir='ltr'>in</span> <span class='ocrx_word' id='word_1_15' title='bbox 2406 432 2619 510; x_wconf 81' lang='lat' dir='ltr'>pOpulo</span> <span class='ocrx_word' id='word_1_16' title='bbox 2638 432 3264 495; x_wconf 87' lang='lat' dir='ltr'>Deimultisacerdotes</span> <span class='ocrx_word' id='word_1_17' title='bbox 3279 437 3692 513; x_wconf 84' lang='lat' dir='ltr'>sint(h)multi-</span> 
     </span>
    </p>
   </div>
   <div class='ocr_carea' id='block_1_5' title="bbox 304 521 1935 600">
    <p class='ocr_par' dir='ltr' id='par_1_5' title="bbox 304 521 1935 600">
     <span class='ocr_line' id='line_1_5' title="bbox 304 521 1935 600; baseline -0.002 -18"><span class='ocrx_word' id='word_1_18' title='bbox 304 526 518 599; x_wconf 85' lang='lat' dir='ltr'>signum</span> <span class='ocrx_word' id='word_1_19' title='bbox 549 525 731 583; x_wconf 80' lang='lat' dir='ltr'>efficit</span> <span class='ocrx_word' id='word_1_20' title='bbox 760 543 945 600; x_wconf 88' lang='lat' dir='ltr'>reges,</span> <span class='ocrx_word' id='word_1_21' title='bbox 975 525 1165 582; x_wconf 86' lang='lat' dir='ltr'>saneti</span> <span class='ocrx_word' id='word_1_22' title='bbox 1195 524 1272 599; x_wconf 80' lang='grc' dir='ltr'>(α)</span> <span class='ocrx_word' id='word_1_23' title='bbox 1293 541 1427 581; x_wconf 91' lang='lat' dir='ltr'>vero</span> <span class='ocrx_word' id='word_1_24' title='bbox 1458 524 1707 598; x_wconf 80' lang='lat' dir='ltr'>Spiritus</span> <span class='ocrx_word' id='word_1_25' title='bbox 1738 521 1935 579; x_wconf 82' lang='lat' dir='ltr'>unctio</span> 
     </span>
    </p>
   </div>
   <div class='ocr_carea' id='block_1_6' title="bbox 303 612 1933 688">
    <p class='ocr_par' dir='ltr' id='par_1_6' title="bbox 303 612 1933 688">
     <span class='ocr_line' id='line_1_6' title="bbox 303 612 1933 688; baseline -0.003 -16"><span class='ocrx_word' id='word_1_26' title='bbox 303 620 586 672; x_wconf 75' lang='lat' dir='ltr'>consecrat</span> <span class='ocrx_word' id='word_1_27' title='bbox 622 617 955 673; x_wconf 79' lang='lat' dir='ltr'>sacerdotes</span> <span class='ocrx_word' id='word_1_28' title='bbox 988 633 1001 670; x_wconf 90' lang='lat'><strong>:</strong></span> <span class='ocrx_word' id='word_1_29' title='bbox 1036 620 1103 671; x_wconf 92' lang='lat' dir='ltr'>ut</span> <span class='ocrx_word' id='word_1_30' title='bbox 1132 620 1336 688; x_wconf 70' lang='lat' dir='ltr'>praeter</span> <span class='ocrx_word' id='word_1_31' title='bbox 1389 615 1561 672; x_wconf 89' lang='lat' dir='ltr'>istam</span> <span class='ocrx_word' id='word_1_32' title='bbox 1621 612 1933 687; x_wconf 83' lang='lat' dir='ltr'>specialem</span> 
     </span>
    </p>
   </div>
   <div class='ocr_carea' id='block_1_7' title="bbox 302 703 1936 776">
    <p class='ocr_par' dir='ltr' id='par_1_7' title="bbox 302 703 1936 776">
     <span class='ocr_line' id='line_1_7' title="bbox 302 703 1936 776; baseline -0.002 -15"><span class='ocrx_word' id='word_1_33' title='bbox 302 705 464 761; x_wconf 88' lang='lat' dir='ltr'>nostri</span> <span class='ocrx_word' id='word_1_34' title='bbox 488 705 804 763; x_wconf 74' lang='lat' dir='ltr'>ministerii</span> <span class='ocrx_word' id='word_1_35' title='bbox 822 706 1183 770; x_wconf 73' lang='lat' dir='ltr'>servitutem,</span> <span class='ocrx_word' id='word_1_36' title='bbox 1201 705 1454 760; x_wconf 81' lang='lat' dir='ltr'>universi</span> <span class='ocrx_word' id='word_1_37' title='bbox 1480 703 1770 776; x_wconf 78' lang='lat' dir='ltr'>spiritales</span> <span class='ocrx_word' id='word_1_38' title='bbox 1790 704 1862 767; x_wconf 75' lang='grc' dir='ltr'>(ὁ)</span> <span class='ocrx_word' id='word_1_39' title='bbox 1879 706 1936 759; x_wconf 88' lang='lat' dir='ltr'>et</span> 
     </span>
    </p>
   </div>
   <div class='ocr_carea' id='block_1_8' title="bbox 301 792 1935 869">
    <p class='ocr_par' dir='ltr' id='par_1_8' title="bbox 301 792 1935 869">
     <span class='ocr_line' id='line_1_8' title="bbox 301 792 1935 869; baseline -0.002 -19"><span class='ocrx_word' id='word_1_40' title='bbox 301 794 662 851; x_wconf 80' lang='lat' dir='ltr'>rationabiles</span> <span class='ocrx_word' id='word_1_41' title='bbox 684 794 999 851; x_wconf 79' lang='lat' dir='ltr'>Christiani</span> <span class='ocrx_word' id='word_1_42' title='bbox 1021 799 1342 869; x_wconf 84' lang='lat' dir='ltr'>agnoscant</span> <span class='ocrx_word' id='word_1_43' title='bbox 1362 812 1423 850; x_wconf 90' lang='lat' dir='ltr'>se</span> <span class='ocrx_word' id='word_1_44' title='bbox 1441 792 1578 867; x_wconf 89' lang='lat' dir='ltr'>regii</span> <span class='ocrx_word' id='word_1_45' title='bbox 1604 793 1853 866; x_wconf 81' lang='lat' dir='ltr'>generis,</span> <span class='ocrx_word' id='word_1_46' title='bbox 1877 796 1935 847; x_wconf 90' lang='lat' dir='ltr'>et</span> 
     </span>
    </p>
   </div>
   <div class='ocr_carea' id='block_1_9' title="bbox 297 883 1931 949">
    <p class='ocr_par' dir='ltr' id='par_1_9' title="bbox 297 883 1931 949">
     <span class='ocr_line' id='line_1_9' title="bbox 297 883 1931 949; baseline -0.002 -10"><span class='ocrx_word' id='word_1_47' title='bbox 297 884 667 939; x_wconf 83' lang='lat' dir='ltr'>sacerdotalis</span> <span class='ocrx_word' id='word_1_48' title='bbox 707 884 885 939; x_wconf 82' lang='lat' dir='ltr'>ofﬁcii</span> <span class='ocrx_word' id='word_1_49' title='bbox 937 900 1067 940; x_wconf 89' lang='lat' dir='ltr'>esse</span> <span class='ocrx_word' id='word_1_50' title='bbox 1097 889 1414 940; x_wconf 90' lang='lat' dir='ltr'>consortes.</span> <span class='ocrx_word' id='word_1_51' title='bbox 1452 883 1599 949; x_wconf 85' lang='lat' dir='ltr'>Quid</span> <span class='ocrx_word' id='word_1_52' title='bbox 1631 883 1786 938; x_wconf 90' lang='lat' dir='ltr'>enim</span> <span class='ocrx_word' id='word_1_53' title='bbox 1815 886 1931 936; x_wconf 89' lang='lat' dir='ltr'>tam</span> 
     </span>
    </p>
   </div>
   <div class='ocr_carea' id='block_1_10' title="bbox 298 969 1933 1045">
    <p class='ocr_par' dir='ltr' id='par_1_10' title="bbox 298 969 1933 1045">
     <span class='ocr_line' id='line_1_10' title="bbox 298 969 1933 1045; baseline -0.002 -18"><span class='ocrx_word' id='word_1_54' title='bbox 298 972 508 1045; x_wconf 72' lang='lat' dir='ltr'>regium</span> <span class='ocrx_word' id='word_1_55' title='bbox 541 988 723 1044; x_wconf 87' lang='lat' dir='ltr'>quam</span> <span class='ocrx_word' id='word_1_56' title='bbox 754 972 1059 1028; x_wconf 90' lang='lat' dir='ltr'>subditum</span> <span class='ocrx_word' id='word_1_57' title='bbox 1093 977 1202 1027; x_wconf 88' lang='lat' dir='ltr'>Deo</span> <span class='ocrx_word' id='word_1_58' title='bbox 1233 973 1501 1027; x_wconf 89' lang='lat' dir='ltr'>animum</span> <span class='ocrx_word' id='word_1_59' title='bbox 1551 970 1809 1043; x_wconf 84' lang='lat' dir='ltr'>corporis</span> <span class='ocrx_word' id='word_1_60' title='bbox 1841 969 1933 1026; x_wconf 92' lang='lat' dir='ltr'>sui</span> 
     </span>
    </p>
   </div>
   <div class='ocr_carea' id='block_1_11' title="bbox 296 1059 1930 1133">
    <p class='ocr_par' dir='ltr' id='par_1_11' title="bbox 296 1059 1930 1133">
     <span class='ocr_line' id='line_1_11' title="bbox 296 1059 1930 1133; baseline -0.002 -17"><span class='ocrx_word' id='word_1_61' title='bbox 296 1076 405 1116; x_wconf 82' lang='lat' dir='ltr'>esse</span> <span class='ocrx_word' id='word_1_62' title='bbox 432 1061 768 1116; x_wconf 86' lang='lat' dir='ltr'>rectorem?</span> <span class='ocrx_word' id='word_1_63' title='bbox 793 1062 863 1116; x_wconf 86' lang='lat' dir='ltr'>Et</span> <span class='ocrx_word' id='word_1_64' title='bbox 893 1061 1032 1133; x_wconf 89' lang='lat' dir='ltr'>quid</span> <span class='ocrx_word' id='word_1_65' title='bbox 1064 1066 1183 1116; x_wconf 90' lang='lat' dir='ltr'>tam</span> <span class='ocrx_word' id='word_1_66' title='bbox 1216 1059 1570 1117; x_wconf 85' lang='lat' dir='ltr'>sacerdotale</span> <span class='ocrx_word' id='word_1_67' title='bbox 1601 1076 1779 1133; x_wconf 88' lang='lat' dir='ltr'>quam</span> <span class='ocrx_word' id='word_1_68' title='bbox 1836 1076 1930 1113; x_wconf 90' lang='lat' dir='ltr'>vo-</span> 
     </span>
    </p>
   </div>
   <div class='ocr_carea' id='block_1_12' title="bbox 295 1147 1935 1222">
    <p class='ocr_par' dir='ltr' id='par_1_12' title="bbox 295 1147 1935 1222">
     <span class='ocr_line' id='line_1_12' title="bbox 295 1147 1935 1222; baseline -0.001 -18"><span class='ocrx_word' id='word_1_69' title='bbox 295 1165 405 1204; x_wconf 82' lang='lat' dir='ltr'>vere</span> <span class='ocrx_word' id='word_1_70' title='bbox 434 1148 689 1205; x_wconf 90' lang='lat' dir='ltr'>Domino</span> <span class='ocrx_word' id='word_1_71' title='bbox 720 1148 1135 1205; x_wconf 82' lang='lat' dir='ltr'>conscientiam</span> <span class='ocrx_word' id='word_1_72' title='bbox 1168 1165 1398 1222; x_wconf 90' lang='lat' dir='ltr'>puram,</span> <span class='ocrx_word' id='word_1_73' title='bbox 1424 1155 1481 1205; x_wconf 89' lang='lat' dir='ltr'>et</span> <span class='ocrx_word' id='word_1_74' title='bbox 1528 1147 1935 1204; x_wconf 88' lang='lat' dir='ltr'>immaculatas</span> 
     </span>
    </p>
   </div>
   <div class='ocr_carea' id='block_1_13' title="bbox 294 1237 1932 1310">
    <p class='ocr_par' dir='ltr' id='par_1_13' title="bbox 294 1237 1932 1310">
     <span class='ocr_line' id='line_1_13' title="bbox 294 1237 1932 1310; baseline -0.001 -18"><span class='ocrx_word' id='word_1_75' title='bbox 294 1238 515 1310; x_wconf 83' lang='lat' dir='ltr'>pietatis</span> <span class='ocrx_word' id='word_1_76' title='bbox 549 1238 774 1294; x_wconf 80' lang='lat' dir='ltr'>hostias</span> <span class='ocrx_word' id='word_1_77' title='bbox 803 1240 875 1294; x_wconf 89' lang='lat' dir='ltr'>de</span> <span class='ocrx_word' id='word_1_78' title='bbox 905 1237 1073 1294; x_wconf 87' lang='lat' dir='ltr'>altari</span> <span class='ocrx_word' id='word_1_79' title='bbox 1106 1239 1297 1294; x_wconf 89' lang='lat' dir='ltr'>cordis</span> <span class='ocrx_word' id='word_1_80' title='bbox 1329 1238 1573 1295; x_wconf 79' lang='lat' dir='ltr'>offerre?</span> <span class='ocrx_word' id='word_1_81' title='bbox 1604 1237 1766 1303; x_wconf 86' lang='lat' dir='ltr'>Quod</span> <span class='ocrx_word' id='word_1_82' title='bbox 1798 1253 1932 1291; x_wconf 92' lang='lat' dir='ltr'>cum</span> 
     </span>
    </p>
   </div>
   <div class='ocr_carea' id='block_1_14' title="bbox 292 1324 1934 1399">
    <p class='ocr_par' dir='ltr' id='par_1_14' title="bbox 292 1324 1934 1399">
     <span class='ocr_line' id='line_1_14' title="bbox 292 1324 1934 1399; baseline -0.003 -16"><span class='ocrx_word' id='word_1_83' title='bbox 292 1327 558 1383; x_wconf 89' lang='lat' dir='ltr'>omnibus</span> <span class='ocrx_word' id='word_1_84' title='bbox 591 1344 694 1399; x_wconf 89' lang='lat' dir='ltr'>per</span> <span class='ocrx_word' id='word_1_85' title='bbox 723 1327 820 1382; x_wconf 85' lang='lat' dir='ltr'>Dei</span> <span class='ocrx_word' id='word_1_86' title='bbox 844 1326 1095 1399; x_wconf 83' lang='lat' dir='ltr'>gratiam</span> <span class='ocrx_word' id='word_1_87' title='bbox 1119 1343 1430 1383; x_wconf 87' lang='lat' dir='ltr'>commune</span> <span class='ocrx_word' id='word_1_88' title='bbox 1448 1326 1522 1382; x_wconf 91' lang='lat' dir='ltr'>sit</span> <span class='ocrx_word' id='word_1_89' title='bbox 1544 1328 1783 1392; x_wconf 82' lang='lat' dir='ltr'>factum,</span> <span class='ocrx_word' id='word_1_90' title='bbox 1808 1324 1934 1380; x_wconf 88' lang='lat' dir='ltr'>reli-</span> 
     </span>
    </p>
   </div>
   <div class='ocr_carea' id='block_1_15' title="bbox 182 1414 1934 1490">
    <p class='ocr_par' dir='ltr' id='par_1_15' title="bbox 182 1414 1934 1490">
     <span class='ocr_line' id='line_1_15' title="bbox 182 1414 1934 1490; baseline -0.001 -19"><span class='ocrx_word' id='word_1_91' title='bbox 182 1470 195 1479; x_wconf 70' lang='lat'>,</span> <span class='ocrx_word' id='word_1_92' title='bbox 292 1415 513 1490; x_wconf 73' lang='lat' dir='ltr'>giosum</span> <span class='ocrx_word' id='word_1_93' title='bbox 555 1421 754 1471; x_wconf 88' lang='lat' dir='ltr'>tamen</span> <span class='ocrx_word' id='word_1_94' title='bbox 790 1415 860 1487; x_wconf 78' lang='grc' dir='ltr'>(ο)</span> <span class='ocrx_word' id='word_1_95' title='bbox 895 1415 1056 1471; x_wconf 90' lang='lat' dir='ltr'>vobis</span> <span class='ocrx_word' id='word_1_96' title='bbox 1087 1420 1260 1488; x_wconf 90' lang='lat' dir='ltr'>atque</span> <span class='ocrx_word' id='word_1_97' title='bbox 1290 1416 1585 1472; x_wconf 86' lang='lat' dir='ltr'>laudabile</span> <span class='ocrx_word' id='word_1_98' title='bbox 1603 1420 1710 1483; x_wconf 90' lang='lat' dir='ltr'>est,</span> <span class='ocrx_word' id='word_1_99' title='bbox 1743 1415 1815 1470; x_wconf 92' lang='lat' dir='ltr'>de</span> <span class='ocrx_word' id='word_1_100' title='bbox 1842 1414 1934 1469; x_wconf 90' lang='lat' dir='ltr'>die</span> 
     </span>
    </p>
   </div>
   <div class='ocr_carea' id='block_1_16' title="bbox 293 1504 1934 1578">
    <p class='ocr_par' dir='ltr' id='par_1_16' title="bbox 293 1504 1934 1578">
     <span class='ocr_line' id='line_1_16' title="bbox 293 1504 1934 1578; baseline -0.002 -17"><span class='ocrx_word' id='word_1_101' title='bbox 293 1504 670 1577; x_wconf 86' lang='lat' dir='ltr'>provectionis</span> <span class='ocrx_word' id='word_1_102' title='bbox 702 1509 914 1560; x_wconf 74' lang='lat' dir='ltr'>nostrae</span> <span class='ocrx_word' id='word_1_103' title='bbox 942 1504 1111 1576; x_wconf 89' lang='lat' dir='ltr'>quasi</span> <span class='ocrx_word' id='word_1_104' title='bbox 1144 1505 1214 1559; x_wconf 91' lang='lat' dir='ltr'>de</span> <span class='ocrx_word' id='word_1_105' title='bbox 1244 1507 1478 1578; x_wconf 88' lang='lat' dir='ltr'>proprio</span> <span class='ocrx_word' id='word_1_106' title='bbox 1535 1505 1751 1561; x_wconf 89' lang='lat' dir='ltr'>honore</span> <span class='ocrx_word' id='word_1_107' title='bbox 1791 1520 1934 1577; x_wconf 89' lang='lat' dir='ltr'>gau-</span> 
     </span>
    </p>
   </div>
   <div class='ocr_carea' id='block_1_17' title="bbox 289 1593 1935 1665">
    <p class='ocr_par' dir='ltr' id='par_1_17' title="bbox 289 1593 1935 1665">
     <span class='ocr_line' id='line_1_17' title="bbox 289 1593 1935 1665; baseline -0.002 -15"><span class='ocrx_word' id='word_1_108' title='bbox 289 1595 408 1650; x_wconf 82' lang='lat' dir='ltr'>dere</span> <span class='ocrx_word' id='word_1_109' title='bbox 431 1594 543 1662; x_wconf 81' lang='lat' dir='ltr'>;(dl</span> <span class='ocrx_word' id='word_1_110' title='bbox 561 1597 626 1648; x_wconf 88' lang='lat' dir='ltr'>ut</span> <span class='ocrx_word' id='word_1_111' title='bbox 645 1611 827 1649; x_wconf 88' lang='lat' dir='ltr'>unum</span> <span class='ocrx_word' id='word_1_112' title='bbox 846 1593 1171 1649; x_wconf 87' lang='lat' dir='ltr'>celebretur</span> <span class='ocrx_word' id='word_1_113' title='bbox 1193 1593 1253 1649; x_wconf 92' lang='lat' dir='ltr'>in</span> <span class='ocrx_word' id='word_1_114' title='bbox 1275 1599 1394 1649; x_wconf 89' lang='lat' dir='ltr'>toto</span> <span class='ocrx_word' id='word_1_115' title='bbox 1405 1594 1673 1651; x_wconf 59' lang='lat' dir='ltr'>Ecclesia</span> <span class='ocrx_word' id='word_1_116' title='bbox 1696 1608 1935 1665; x_wconf 87' lang='lat' dir='ltr'>corpore</span> 
     </span>
    </p>
   </div>
   <div class='ocr_carea' id='block_1_18' title="bbox 293 1682 1934 1755">
    <p class='ocr_par' dir='ltr' id='par_1_18' title="bbox 293 1682 1934 1755">
     <span class='ocr_line' id='line_1_18' title="bbox 293 1682 1934 1755; baseline -0.001 -18"><span class='ocrx_word' id='word_1_117' title='bbox 293 1682 564 1755; x_wconf 81' lang='lat' dir='ltr'>pontiﬁcii</span> <span class='ocrx_word' id='word_1_118' title='bbox 599 1686 1055 1751; x_wconf 86' lang='lat' dir='ltr'>sacramentum,</span> <span class='ocrx_word' id='word_1_119' title='bbox 1089 1683 1267 1753; x_wconf 90' lang='lat' dir='ltr'>quod,</span> <span class='ocrx_word' id='word_1_120' title='bbox 1299 1682 1481 1738; x_wconf 81' lang='lat' dir='ltr'>eli‘uso</span> <span class='ocrx_word' id='word_1_121' title='bbox 1514 1682 1934 1738; x_wconf 89' lang='lat' dir='ltr'>benedictionis</span> 
     </span>
    </p>
   </div>
   <div class='ocr_carea' id='block_1_19' title="bbox 293 1770 2015 1871">
    <p class='ocr_par' dir='ltr' id='par_1_19' title="bbox 293 1770 2015 1871">
     <span class='ocr_line' id='line_1_19' title="bbox 293 1770 2015 1871; baseline -0.002 -43"><span class='ocrx_word' id='word_1_122' title='bbox 293 1771 954 1845; x_wconf 85' lang='lat' dir='ltr'>ungumento,copiosus</span> <span class='ocrx_word' id='word_1_123' title='bbox 972 1770 1209 1843; x_wconf 89' lang='lat' dir='ltr'>quidem</span> <span class='ocrx_word' id='word_1_124' title='bbox 1242 1771 1301 1826; x_wconf 92' lang='lat' dir='ltr'>in</span> <span class='ocrx_word' id='word_1_125' title='bbox 1322 1770 1623 1843; x_wconf 84' lang='lat' dir='ltr'>superiora</span> <span class='ocrx_word' id='word_1_126' title='bbox 1640 1771 1932 1842; x_wconf 83' lang='lat' dir='ltr'>profluxit,</span> <span class='ocrx_word' id='word_1_127' title='bbox 1966 1805 2015 1871; x_wconf 80' lang='grc' dir='ltr'>Β</span> 
     </span>
    </p>
   </div>
   <div class='ocr_carea' id='block_1_20' title="bbox 293 1859 1650 1933">
    <p class='ocr_par' dir='ltr' id='par_1_20' title="bbox 293 1859 1650 1933">
     <span class='ocr_line' id='line_1_20' title="bbox 293 1859 1650 1933; baseline -0.002 -16"><span class='ocrx_word' id='word_1_128' title='bbox 293 1862 377 1918; x_wconf 84' lang='lat' dir='ltr'>sed</span> <span class='ocrx_word' id='word_1_129' title='bbox 399 1877 521 1916; x_wconf 92' lang='lat' dir='ltr'>non</span> <span class='ocrx_word' id='word_1_130' title='bbox 545 1877 718 1933; x_wconf 87' lang='lat' dir='ltr'>parce</span> <span class='ocrx_word' id='word_1_131' title='bbox 739 1860 916 1915; x_wconf 89' lang='lat' dir='ltr'>etiam</span> <span class='ocrx_word' id='word_1_132' title='bbox 938 1859 996 1914; x_wconf 91' lang='lat' dir='ltr'>in</span> <span class='ocrx_word' id='word_1_133' title='bbox 1026 1859 1300 1915; x_wconf 87' lang='lat' dir='ltr'>inferiora</span> <span class='ocrx_word' id='word_1_134' title='bbox 1329 1859 1650 1916; x_wconf 89' lang='lat' dir='ltr'>descendit.</span> 
     </span>
    </p>
   </div>
   <div class='ocr_carea' id='block_1_21' title="bbox 352 1948 1935 2020">
    <p class='ocr_par' dir='ltr' id='par_1_21' title="bbox 352 1948 1935 2020">
     <span class='ocr_line' id='line_1_21' title="bbox 352 1948 1935 2020; baseline -0.002 -14"><span class='ocrx_word' id='word_1_135' title='bbox 352 1950 480 2006; x_wconf 70' lang='lat' dir='ltr'>Cm.</span> <span class='ocrx_word' id='word_1_136' title='bbox 508 1950 580 2005; x_wconf 88' lang='lat' dir='ltr'>ll.</span> <span class='ocrx_word' id='word_1_137' title='bbox 615 1979 671 1990; x_wconf 63' lang='grc' dir='ltr'>-α</span> <span class='ocrx_word' id='word_1_138' title='bbox 694 1950 838 2005; x_wconf 90' lang='lat' dir='ltr'>Cum</span> <span class='ocrx_word' id='word_1_139' title='bbox 864 1949 1081 2020; x_wconf 89' lang='lat' dir='ltr'>itaque,</span> <span class='ocrx_word' id='word_1_140' title='bbox 1125 1948 1509 2016; x_wconf 86' lang='lat' dir='ltr'>dilectissimi,</span> <span class='ocrx_word' id='word_1_141' title='bbox 1542 1950 1615 2004; x_wconf 89' lang='lat' dir='ltr'>de</span> <span class='ocrx_word' id='word_1_142' title='bbox 1642 1948 1935 2004; x_wconf 89' lang='lat' dir='ltr'>consortio</span> 
     </span>
    </p>
   </div>
   <div class='ocr_carea' id='block_1_22' title="bbox 290 2037 1932 2111">
    <p class='ocr_par' dir='ltr' id='par_1_22' title="bbox 290 2037 1932 2111">
     <span class='ocr_line' id='line_1_22' title="bbox 290 2037 1932 2111; baseline 0 -17"><span class='ocrx_word' id='word_1_143' title='bbox 290 2037 447 2094; x_wconf 84' lang='lat' dir='ltr'>istius</span> <span class='ocrx_word' id='word_1_144' title='bbox 460 2038 732 2094; x_wconf 88' lang='lat' dir='ltr'>muneris</span> <span class='ocrx_word' id='word_1_145' title='bbox 752 2055 966 2111; x_wconf 84' lang='lat' dir='ltr'>magna</span> <span class='ocrx_word' id='word_1_146' title='bbox 984 2038 1062 2093; x_wconf 88' lang='lat' dir='ltr'>sit</span> <span class='ocrx_word' id='word_1_147' title='bbox 1083 2037 1253 2093; x_wconf 91' lang='lat' dir='ltr'>nobis</span> <span class='ocrx_word' id='word_1_148' title='bbox 1276 2037 1518 2093; x_wconf 85' lang='lat' dir='ltr'>materia</span> <span class='ocrx_word' id='word_1_149' title='bbox 1531 2042 1932 2094; x_wconf 89' lang='lat' dir='ltr'>communium</span> 
     </span>
    </p>
   </div>
   <div class='ocr_carea' id='block_1_23' title="bbox 291 2126 1937 2203">
    <p class='ocr_par' dir='ltr' id='par_1_23' title="bbox 291 2126 1937 2203">
     <span class='ocr_line' id='line_1_23' title="bbox 291 2126 1937 2203; baseline -0.002 -18"><span class='ocrx_word' id='word_1_150' title='bbox 291 2131 382 2185; x_wconf 71' lang='lat'>16</span> <span class='ocrx_word' id='word_1_151' title='bbox 427 2128 811 2203; x_wconf 84' lang='lat' dir='ltr'>gaudiorum,</span> <span class='ocrx_word' id='word_1_152' title='bbox 834 2126 1023 2183; x_wconf 89' lang='lat' dir='ltr'>verior</span> <span class='ocrx_word' id='word_1_153' title='bbox 1044 2132 1235 2183; x_wconf 86' lang='lat' dir='ltr'>tamen</span> <span class='ocrx_word' id='word_1_154' title='bbox 1270 2127 1440 2183; x_wconf 89' lang='lat' dir='ltr'>nobis</span> <span class='ocrx_word' id='word_1_155' title='bbox 1482 2132 1539 2183; x_wconf 92' lang='lat' dir='ltr'>et</span> <span class='ocrx_word' id='word_1_156' title='bbox 1567 2126 1937 2183; x_wconf 80' lang='lat' dir='ltr'>excellentior</span> 
     </span>
    </p>
   </div>
   <div class='ocr_carea' id='block_1_24' title="bbox 287 2215 1935 2284">
    <p class='ocr_par' dir='ltr' id='par_1_24' title="bbox 287 2215 1935 2284">
     <span class='ocr_line' id='line_1_24' title="bbox 287 2215 1935 2284; baseline -0.001 -10"><span class='ocrx_word' id='word_1_157' title='bbox 287 2218 383 2274; x_wconf 88' lang='lat' dir='ltr'>erit</span> <span class='ocrx_word' id='word_1_158' title='bbox 408 2235 593 2274; x_wconf 88' lang='lat' dir='ltr'>causa</span> <span class='ocrx_word' id='word_1_159' title='bbox 611 2216 871 2284; x_wconf 73' lang='lat' dir='ltr'>laetandi,</span> <span class='ocrx_word' id='word_1_160' title='bbox 892 2215 940 2273; x_wconf 88' lang='lat' dir='ltr'>si</span> <span class='ocrx_word' id='word_1_161' title='bbox 975 2234 1089 2272; x_wconf 91' lang='lat' dir='ltr'>non</span> <span class='ocrx_word' id='word_1_162' title='bbox 1114 2216 1172 2271; x_wconf 91' lang='lat' dir='ltr'>in</span> <span class='ocrx_word' id='word_1_163' title='bbox 1196 2220 1407 2271; x_wconf 70' lang='lat' dir='ltr'>nostrae</span> <span class='ocrx_word' id='word_1_164' title='bbox 1430 2216 1783 2272; x_wconf 88' lang='lat' dir='ltr'>humilitatis</span> <span class='ocrx_word' id='word_1_165' title='bbox 1802 2233 1935 2272; x_wconf 90' lang='lat' dir='ltr'>con-</span> 
     </span>
    </p>
   </div>
   <div class='ocr_carea' id='block_1_25' title="bbox 288 2304 1933 2377">
    <p class='ocr_par' dir='ltr' id='par_1_25' title="bbox 288 2304 1933 2377">
     <span class='ocr_line' id='line_1_25' title="bbox 288 2304 1933 2377; baseline -0.001 -15"><span class='ocrx_word' id='word_1_166' title='bbox 288 2307 631 2362; x_wconf 86' lang='lat' dir='ltr'>sideratione</span> <span class='ocrx_word' id='word_1_167' title='bbox 645 2305 1042 2373; x_wconf 82' lang='lat' dir='ltr'>remoremini;</span> <span class='ocrx_word' id='word_1_168' title='bbox 1059 2322 1193 2361; x_wconf 90' lang='lat' dir='ltr'>cum</span> <span class='ocrx_word' id='word_1_169' title='bbox 1214 2304 1395 2359; x_wconf 91' lang='lat' dir='ltr'>multo</span> <span class='ocrx_word' id='word_1_170' title='bbox 1410 2304 1535 2359; x_wconf 87' lang='lat' dir='ltr'>utili</span> <span class='ocrx_word' id='word_1_171' title='bbox 1547 2322 1613 2360; x_wconf 92' lang='lat' dir='ltr'>us</span> <span class='ocrx_word' id='word_1_172' title='bbox 1632 2304 1933 2377; x_wconf 89' lang='lat' dir='ltr'>multoque</span> 
     </span>
    </p>
   </div>
   <div class='ocr_carea' id='block_1_26' title="bbox 288 2393 1935 2468">
    <p class='ocr_par' dir='ltr' id='par_1_26' title="bbox 288 2393 1935 2468">
     <span class='ocr_line' id='line_1_26' title="bbox 288 2393 1935 2468; baseline -0.002 -16"><span class='ocrx_word' id='word_1_173' title='bbox 288 2394 613 2468; x_wconf 86' lang='lat' dir='ltr'>sitdignius</span> <span class='ocrx_word' id='word_1_174' title='bbox 636 2395 708 2451; x_wconf 90' lang='lat' dir='ltr'>ad</span> <span class='ocrx_word' id='word_1_175' title='bbox 721 2394 1051 2450; x_wconf 84' lang='lat' dir='ltr'>beatissimi</span> <span class='ocrx_word' id='word_1_176' title='bbox 1076 2394 1226 2450; x_wconf 86' lang='lat' dir='ltr'>Petri</span> <span class='ocrx_word' id='word_1_177' title='bbox 1251 2393 1493 2466; x_wconf 76' lang='lat' dir='ltr'>apoetoli</span> <span class='ocrx_word' id='word_1_178' title='bbox 1525 2393 1771 2467; x_wconf 88' lang='lat' dir='ltr'>gloriam</span> <span class='ocrx_word' id='word_1_179' title='bbox 1804 2411 1935 2450; x_wconf 87' lang='lat' dir='ltr'>con-</span> 
     </span>
    </p>
   </div>
   <div class='ocr_carea' id='block_1_27' title="bbox 289 2482 1930 2557">
    <p class='ocr_par' dir='ltr' id='par_1_27' title="bbox 289 2482 1930 2557">
     <span class='ocr_line' id='line_1_27' title="bbox 289 2482 1930 2557; baseline -0.001 -17"><span class='ocrx_word' id='word_1_180' title='bbox 289 2483 680 2557; x_wconf 82' lang='lat' dir='ltr'>temptandam</span> <span class='ocrx_word' id='word_1_181' title='bbox 703 2484 888 2539; x_wconf 88' lang='lat' dir='ltr'>aciem</span> <span class='ocrx_word' id='word_1_182' title='bbox 908 2484 1119 2538; x_wconf 88' lang='lat' dir='ltr'>mentis</span> <span class='ocrx_word' id='word_1_183' title='bbox 1143 2482 1403 2539; x_wconf 88' lang='lat' dir='ltr'>attollere</span> <span class='ocrx_word' id='word_1_184' title='bbox 1419 2501 1431 2549; x_wconf 90' lang='lat'><strong>;</strong></span> <span class='ocrx_word' id='word_1_185' title='bbox 1447 2488 1505 2539; x_wconf 90' lang='lat' dir='ltr'>et</span> <span class='ocrx_word' id='word_1_186' title='bbox 1524 2483 1681 2538; x_wconf 89' lang='lat' dir='ltr'>hunc</span> <span class='ocrx_word' id='word_1_187' title='bbox 1704 2483 1930 2539; x_wconf 90' lang='lat' dir='ltr'>diemin</span> 
     </span>
    </p>
   </div>
   <div class='ocr_carea' id='block_1_28' title="bbox 290 2571 1930 2645">
    <p class='ocr_par' dir='ltr' id='par_1_28' title="bbox 290 2571 1930 2645">
     <span class='ocr_line' id='line_1_28' title="bbox 290 2571 1930 2645; baseline 0.001 -17"><span class='ocrx_word' id='word_1_188' title='bbox 290 2573 435 2629; x_wconf 82' lang='lat' dir='ltr'>illius</span> <span class='ocrx_word' id='word_1_189' title='bbox 455 2573 838 2645; x_wconf 85' lang='lat' dir='ltr'>potissimum</span> <span class='ocrx_word' id='word_1_190' title='bbox 861 2572 1228 2628; x_wconf 85' lang='lat' dir='ltr'>veneratione</span> <span class='ocrx_word' id='word_1_191' title='bbox 1251 2571 1562 2639; x_wconf 87' lang='lat' dir='ltr'>celebrare,</span> <span class='ocrx_word' id='word_1_192' title='bbox 1579 2573 1679 2645; x_wconf 85' lang='lat' dir='ltr'>qui</span> <span class='ocrx_word' id='word_1_193' title='bbox 1698 2573 1771 2627; x_wconf 90' lang='lat' dir='ltr'>ab</span> <span class='ocrx_word' id='word_1_194' title='bbox 1804 2574 1930 2645; x_wconf 89' lang='lat' dir='ltr'>ipso</span> 
     </span>
    </p>
   </div>
   <div class='ocr_carea' id='block_1_29' title="bbox 294 2661 1933 2734">
    <p class='ocr_par' dir='ltr' id='par_1_29' title="bbox 294 2661 1933 2734">
     <span class='ocr_line' id='line_1_29' title="bbox 294 2661 1933 2734; baseline -0.002 -16"><span class='ocrx_word' id='word_1_195' title='bbox 294 2662 545 2718; x_wconf 88' lang='lat' dir='ltr'>omnium</span> <span class='ocrx_word' id='word_1_196' title='bbox 580 2661 1007 2717; x_wconf 88' lang='lat' dir='ltr'>charismatum</span> <span class='ocrx_word' id='word_1_197' title='bbox 1028 2662 1181 2717; x_wconf 85' lang='lat' dir='ltr'>fonte</span> <span class='ocrx_word' id='word_1_198' title='bbox 1201 2666 1323 2717; x_wconf 87' lang='lat' dir='ltr'>tam</span> <span class='ocrx_word' id='word_1_199' title='bbox 1344 2662 1594 2734; x_wconf 90' lang='lat' dir='ltr'>copiosis</span> <span class='ocrx_word' id='word_1_200' title='bbox 1623 2665 1712 2717; x_wconf 89' lang='lat' dir='ltr'>est</span> <span class='ocrx_word' id='word_1_201' title='bbox 1731 2662 1933 2733; x_wconf 87' lang='lat' dir='ltr'>irriga-</span> 
     </span>
    </p>
   </div>
   <div class='ocr_carea' id='block_1_30' title="bbox 295 2749 1928 2821">
    <p class='ocr_par' dir='ltr' id='par_1_30' title="bbox 295 2749 1928 2821">
     <span class='ocr_line' id='line_1_30' title="bbox 295 2749 1928 2821; baseline -0.002 -15"><span class='ocrx_word' id='word_1_202' title='bbox 295 2752 542 2806; x_wconf 89' lang='lat' dir='ltr'>tionibus</span> <span class='ocrx_word' id='word_1_203' title='bbox 573 2750 922 2815; x_wconf 86' lang='lat' dir='ltr'>inundatus,</span> <span class='ocrx_word' id='word_1_204' title='bbox 956 2753 1022 2804; x_wconf 89' lang='lat' dir='ltr'>ut</span> <span class='ocrx_word' id='word_1_205' title='bbox 1051 2767 1186 2804; x_wconf 91' lang='lat' dir='ltr'>cum</span> <span class='ocrx_word' id='word_1_206' title='bbox 1218 2749 1403 2805; x_wconf 86' lang='lat' dir='ltr'>multa</span> <span class='ocrx_word' id='word_1_207' title='bbox 1434 2750 1595 2805; x_wconf 88' lang='lat' dir='ltr'>solus</span> <span class='ocrx_word' id='word_1_208' title='bbox 1623 2751 1928 2821; x_wconf 87' lang='lat' dir='ltr'>acceperit,</span> 
     </span>
    </p>
   </div>
   <div class='ocr_carea' id='block_1_31' title="bbox 298 2838 1933 2912">
    <p class='ocr_par' dir='ltr' id='par_1_31' title="bbox 298 2838 1933 2912">
     <span class='ocr_line' id='line_1_31' title="bbox 298 2838 1933 2912; baseline 0 -17"><span class='ocrx_word' id='word_1_209' title='bbox 298 2839 432 2895; x_wconf 91' lang='lat' dir='ltr'>nihil</span> <span class='ocrx_word' id='word_1_210' title='bbox 442 2840 499 2895; x_wconf 91' lang='lat' dir='ltr'>in</span> <span class='ocrx_word' id='word_1_211' title='bbox 513 2855 875 2912; x_wconf 88' lang='lat' dir='ltr'>quemquam</span> <span class='ocrx_word' id='word_1_212' title='bbox 889 2839 1015 2894; x_wconf 90' lang='lat' dir='ltr'>sine</span> <span class='ocrx_word' id='word_1_213' title='bbox 1030 2838 1286 2910; x_wconf 86' lang='lat' dir='ltr'>(e)ipsius</span> <span class='ocrx_word' id='word_1_214' title='bbox 1298 2839 1734 2911; x_wconf 87' lang='lat' dir='ltr'>participatione</span> <span class='ocrx_word' id='word_1_215' title='bbox 1748 2844 1933 2895; x_wconf 87' lang='lat' dir='ltr'>trans-</span> 
     </span>
    </p>
   </div>
   <div class='ocr_carea' id='block_1_32' title="bbox 297 2926 1930 2999">
    <p class='ocr_par' dir='ltr' id='par_1_32' title="bbox 297 2926 1930 2999">
     <span class='ocr_line' id='line_1_32' title="bbox 297 2926 1930 2999; baseline 0 -17"><span class='ocrx_word' id='word_1_216' title='bbox 297 2926 434 2983; x_wconf 89' lang='lat' dir='ltr'>ierit.</span> <span class='ocrx_word' id='word_1_217' title='bbox 453 2931 517 2999; x_wconf 74' lang='grc' dir='ltr'>(ρ</span> <span class='ocrx_word' id='word_1_218' title='bbox 530 2928 790 2983; x_wconf 83' lang='lat' dir='ltr'>Verbum</span> <span class='ocrx_word' id='word_1_219' title='bbox 814 2944 945 2982; x_wconf 91' lang='lat' dir='ltr'>caro</span> <span class='ocrx_word' id='word_1_220' title='bbox 967 2928 1185 2983; x_wconf 86' lang='lat' dir='ltr'>factum</span> <span class='ocrx_word' id='word_1_221' title='bbox 1203 2928 1329 2998; x_wconf 82' lang='lat' dir='ltr'>jam</span> <span class='ocrx_word' id='word_1_222' title='bbox 1355 2927 1655 2982; x_wconf 87' lang='lat' dir='ltr'>habitabat</span> <span class='ocrx_word' id='word_1_223' title='bbox 1678 2928 1735 2981; x_wconf 89' lang='lat' dir='ltr'>in</span> <span class='ocrx_word' id='word_1_224' title='bbox 1760 2926 1930 2983; x_wconf 89' lang='lat' dir='ltr'>nobis</span> 
     </span>
    </p>
   </div>
   <div class='ocr_carea' id='block_1_33' title="bbox 298 3016 1931 3089">
    <p class='ocr_par' dir='ltr' id='par_1_33' title="bbox 298 3016 1931 3089">
     <span class='ocr_line' id='line_1_33' title="bbox 298 3016 1931 3089; baseline -0.001 -16"><span class='ocrx_word' id='word_1_225' title='bbox 298 3016 519 3087; x_wconf 82' lang='lat' dir='ltr'>(Joan.|,</span> <span class='ocrx_word' id='word_1_226' title='bbox 540 3018 650 3084; x_wconf 71' lang='grc'>14),</span> <span class='ocrx_word' id='word_1_227' title='bbox 674 3021 731 3072; x_wconf 93' lang='lat' dir='ltr'>et</span> <span class='ocrx_word' id='word_1_228' title='bbox 753 3017 1074 3089; x_wconf 88' lang='lat' dir='ltr'>reparando</span> <span class='ocrx_word' id='word_1_229' title='bbox 1096 3016 1357 3071; x_wconf 88' lang='lat' dir='ltr'>humano</span> <span class='ocrx_word' id='word_1_230' title='bbox 1405 3017 1599 3089; x_wconf 87' lang='lat' dir='ltr'>generi</span> <span class='ocrx_word' id='word_1_231' title='bbox 1632 3021 1817 3071; x_wconf 87' lang='lat' dir='ltr'>totum</span> <span class='ocrx_word' id='word_1_232' title='bbox 1869 3033 1931 3071; x_wconf 88' lang='lat' dir='ltr'>se</span> 
     </span>
    </p>
   </div>
   <div class='ocr_carea' id='block_1_34' title="bbox 298 3104 1926 3178">
    <p class='ocr_par' dir='ltr' id='par_1_34' title="bbox 298 3104 1926 3178">
     <span class='ocr_line' id='line_1_34' title="bbox 298 3104 1926 3178; baseline -0.001 -17"><span class='ocrx_word' id='word_1_233' title='bbox 298 3106 546 3161; x_wconf 85' lang='lat' dir='ltr'>Christus</span> <span class='ocrx_word' id='word_1_234' title='bbox 564 3106 949 3178; x_wconf 88' lang='lat' dir='ltr'>impenderat.</span> <span class='ocrx_word' id='word_1_235' title='bbox 971 3104 1127 3160; x_wconf 89' lang='lat' dir='ltr'>Nihil</span> <span class='ocrx_word' id='word_1_236' title='bbox 1160 3105 1573 3178; x_wconf 87' lang='lat' dir='ltr'>indispositum</span> <span class='ocrx_word' id='word_1_237' title='bbox 1606 3105 1926 3178; x_wconf 67' lang='lat' dir='ltr'>sapientiae,</span> 
     </span>
    </p>
   </div>
   <div class='ocr_carea' id='block_1_35' title="bbox 2048 525 3688 602">
    <p class='ocr_par' dir='ltr' id='par_1_35' title="bbox 2048 525 3688 602">
     <span class='ocr_line' id='line_1_35' title="bbox 2048 525 3688 602; baseline 0.003 -21"><span class='ocrx_word' id='word_1_238' title='bbox 2048 542 2160 598; x_wconf 87' lang='lat' dir='ltr'>que</span> <span class='ocrx_word' id='word_1_239' title='bbox 2191 530 2473 599; x_wconf 89' lang='lat' dir='ltr'>pastores,</span> <span class='ocrx_word' id='word_1_240' title='bbox 2508 543 2711 583; x_wconf 90' lang='lat' dir='ltr'>omnes</span> <span class='ocrx_word' id='word_1_241' title='bbox 2757 529 2951 583; x_wconf 88' lang='lat' dir='ltr'>tamen</span> <span class='ocrx_word' id='word_1_242' title='bbox 3010 525 3242 601; x_wconf 87' lang='lat' dir='ltr'>proprie</span> <span class='ocrx_word' id='word_1_243' title='bbox 3266 533 3430 602; x_wconf 88' lang='lat' dir='ltr'>regat</span> <span class='ocrx_word' id='word_1_244' title='bbox 3461 529 3688 597; x_wconf 88' lang='lat' dir='ltr'>Petrus,</span> 
     </span>
    </p>
   </div>
   <div class='ocr_carea' id='block_1_36' title="bbox 2045 615 3696 692">
    <p class='ocr_par' dir='ltr' id='par_1_36' title="bbox 2045 615 3696 692">
     <span class='ocr_line' id='line_1_36' title="bbox 2045 615 3696 692; baseline 0.002 -21"><span class='ocrx_word' id='word_1_245' title='bbox 2045 633 2193 689; x_wconf 87' lang='lat' dir='ltr'>quos</span> <span class='ocrx_word' id='word_1_246' title='bbox 2220 615 2616 688; x_wconf 87' lang='lat' dir='ltr'>principaliter</span> <span class='ocrx_word' id='word_1_247' title='bbox 2635 615 2782 689; x_wconf 86' lang='lat' dir='ltr'>regit</span> <span class='ocrx_word' id='word_1_248' title='bbox 2801 621 2857 671; x_wconf 89' lang='lat' dir='ltr'>et</span> <span class='ocrx_word' id='word_1_249' title='bbox 2877 616 3162 673; x_wconf 90' lang='lat' dir='ltr'>Christus.</span> <span class='ocrx_word' id='word_1_250' title='bbox 3193 618 3472 692; x_wconf 84' lang='lat' dir='ltr'>Magnum</span> <span class='ocrx_word' id='word_1_251' title='bbox 3492 623 3550 675; x_wconf 91' lang='lat' dir='ltr'>et</span> <span class='ocrx_word' id='word_1_252' title='bbox 3573 618 3651 675; x_wconf 91' lang='lat' dir='ltr'>mi</span> <span class='ocrx_word' id='word_1_253' title='bbox 3668 650 3696 661; x_wconf 93' lang='lat'><strong>-</strong></span> 
     </span>
    </p>
   </div>
   <div class='ocr_carea' id='block_1_37' title="bbox 2044 704 3690 782">
    <p class='ocr_par' dir='ltr' id='par_1_37' title="bbox 2044 704 3690 782">
     <span class='ocr_line' id='line_1_37' title="bbox 2044 704 3690 782; baseline 0.003 -22"><span class='ocrx_word' id='word_1_254' title='bbox 2044 704 2245 771; x_wconf 87' lang='lat' dir='ltr'>rabile,</span> <span class='ocrx_word' id='word_1_255' title='bbox 2275 704 2661 772; x_wconf 89' lang='lat' dir='ltr'>dilectissimi,</span> <span class='ocrx_word' id='word_1_256' title='bbox 2684 705 2819 759; x_wconf 89' lang='lat' dir='ltr'>huic</span> <span class='ocrx_word' id='word_1_257' title='bbox 2860 705 2981 761; x_wconf 77' lang='lat' dir='ltr'>viro</span> <span class='ocrx_word' id='word_1_258' title='bbox 3013 708 3370 763; x_wconf 87' lang='lat' dir='ltr'>consortium</span> <span class='ocrx_word' id='word_1_259' title='bbox 3419 709 3690 782; x_wconf 63' lang='lat' dir='ltr'>potentiae</span> 
     </span>
    </p>
   </div>
   <div class='ocr_carea' id='block_1_38' title="bbox 2044 794 3692 868">
    <p class='ocr_par' dir='ltr' id='par_1_38' title="bbox 2044 794 3692 868">
     <span class='ocr_line' id='line_1_38' title="bbox 2044 794 3692 868; baseline 0.002 -17"><span class='ocrx_word' id='word_1_260' title='bbox 2044 812 2164 851; x_wconf 82' lang='lat' dir='ltr'>suae</span> <span class='ocrx_word' id='word_1_261' title='bbox 2192 794 2393 849; x_wconf 84' lang='lat' dir='ltr'>tribuit</span> <span class='ocrx_word' id='word_1_262' title='bbox 2416 794 2610 849; x_wconf 89' lang='lat' dir='ltr'>divina</span> <span class='ocrx_word' id='word_1_263' title='bbox 2636 794 2926 866; x_wconf 86' lang='lat' dir='ltr'>dignatio;</span> <span class='ocrx_word' id='word_1_264' title='bbox 2957 799 3013 850; x_wconf 90' lang='lat' dir='ltr'>et</span> <span class='ocrx_word' id='word_1_265' title='bbox 3035 796 3083 851; x_wconf 89' lang='lat' dir='ltr'>si</span> <span class='ocrx_word' id='word_1_266' title='bbox 3116 797 3256 868; x_wconf 89' lang='lat' dir='ltr'>quid</span> <span class='ocrx_word' id='word_1_267' title='bbox 3290 813 3422 854; x_wconf 93' lang='lat' dir='ltr'>cum</span> <span class='ocrx_word' id='word_1_268' title='bbox 3440 814 3505 854; x_wconf 87' lang='lat' dir='ltr'>eo</span> <span class='ocrx_word' id='word_1_269' title='bbox 3533 814 3692 854; x_wconf 88' lang='lat' dir='ltr'>com-</span> 
     </span>
    </p>
   </div>
   <div class='ocr_carea' id='block_1_39' title="bbox 2045 883 3691 959">
    <p class='ocr_par' dir='ltr' id='par_1_39' title="bbox 2045 883 3691 959">
     <span class='ocr_line' id='line_1_39' title="bbox 2045 883 3691 959; baseline 0.001 -19"><span class='ocrx_word' id='word_1_270' title='bbox 2045 900 2224 941; x_wconf 87' lang='lat' dir='ltr'>mune</span> <span class='ocrx_word' id='word_1_271' title='bbox 2246 883 2468 938; x_wconf 73' lang='lat' dir='ltr'>ceeteris</span> <span class='ocrx_word' id='word_1_272' title='bbox 2489 883 2671 938; x_wconf 88' lang='lat' dir='ltr'>voluit</span> <span class='ocrx_word' id='word_1_273' title='bbox 2696 900 2823 939; x_wconf 90' lang='lat' dir='ltr'>esse</span> <span class='ocrx_word' id='word_1_274' title='bbox 2846 884 3229 957; x_wconf 86' lang='lat' dir='ltr'>principibus,</span> <span class='ocrx_word' id='word_1_275' title='bbox 3249 903 3552 959; x_wconf 88' lang='lat' dir='ltr'>nunquam</span> <span class='ocrx_word' id='word_1_276' title='bbox 3576 885 3691 943; x_wconf 88' lang='lat' dir='ltr'>nisi</span> 
     </span>
    </p>
   </div>
   <div class='ocr_carea' id='block_1_40' title="bbox 2042 968 3689 1045">
    <p class='ocr_par' dir='ltr' id='par_1_40' title="bbox 2042 968 3689 1045">
     <span class='ocr_line' id='line_1_40' title="bbox 2042 968 3689 1045; baseline 0.001 -19"><span class='ocrx_word' id='word_1_277' title='bbox 2042 988 2147 1043; x_wconf 89' lang='lat' dir='ltr'>per</span> <span class='ocrx_word' id='word_1_278' title='bbox 2168 972 2363 1043; x_wconf 89' lang='lat' dir='ltr'>ipsum</span> <span class='ocrx_word' id='word_1_279' title='bbox 2387 971 2547 1025; x_wconf 83' lang='lat' dir='ltr'>dedit</span> <span class='ocrx_word' id='word_1_280' title='bbox 2572 968 2859 1043; x_wconf 84' lang='lat' dir='ltr'>quidquid</span> <span class='ocrx_word' id='word_1_281' title='bbox 2892 970 3024 1026; x_wconf 90' lang='lat' dir='ltr'>aliis</span> <span class='ocrx_word' id='word_1_282' title='bbox 3049 988 3163 1027; x_wconf 92' lang='lat' dir='ltr'>non</span> <span class='ocrx_word' id='word_1_283' title='bbox 3198 974 3447 1045; x_wconf 85' lang='lat' dir='ltr'>negavit.</span> <span class='ocrx_word' id='word_1_284' title='bbox 3472 973 3689 1030; x_wconf 79' lang='lat' dir='ltr'>Omnes</span> 
     </span>
    </p>
   </div>
   <div class='ocr_carea' id='block_1_41' title="bbox 2043 1059 3691 1134">
    <p class='ocr_par' dir='ltr' id='par_1_41' title="bbox 2043 1059 3691 1134">
     <span class='ocr_line' id='line_1_41' title="bbox 2043 1059 3691 1134; baseline 0.002 -20"><span class='ocrx_word' id='word_1_285' title='bbox 2043 1060 2292 1133; x_wconf 80' lang='lat' dir='ltr'>deniqus</span> <span class='ocrx_word' id='word_1_286' title='bbox 2321 1059 2616 1132; x_wconf 84' lang='lat' dir='ltr'>apostolos</span> <span class='ocrx_word' id='word_1_287' title='bbox 2641 1059 2920 1116; x_wconf 83' lang='lat' dir='ltr'>Dominus</span> <span class='ocrx_word' id='word_1_288' title='bbox 2945 1061 3082 1132; x_wconf 91' lang='lat' dir='ltr'>quid</span> <span class='ocrx_word' id='word_1_289' title='bbox 3103 1062 3173 1117; x_wconf 90' lang='lat' dir='ltr'>de</span> <span class='ocrx_word' id='word_1_290' title='bbox 3205 1078 3265 1117; x_wconf 91' lang='lat' dir='ltr'>se</span> <span class='ocrx_word' id='word_1_291' title='bbox 3283 1061 3550 1118; x_wconf 89' lang='lat' dir='ltr'>homines</span> <span class='ocrx_word' id='word_1_292' title='bbox 3571 1062 3691 1134; x_wconf 94' lang='lat' dir='ltr'>opi-</span> 
     </span>
    </p>
   </div>
   <div class='ocr_carea' id='block_1_42' title="bbox 2043 1149 3688 1223">
    <p class='ocr_par' dir='ltr' id='par_1_42' title="bbox 2043 1149 3688 1223">
     <span class='ocr_line' id='line_1_42' title="bbox 2043 1149 3688 1223; baseline 0.001 -19"><span class='ocrx_word' id='word_1_293' title='bbox 2043 1154 2256 1204; x_wconf 83' lang='lat' dir='ltr'>nentur</span> <span class='ocrx_word' id='word_1_294' title='bbox 2280 1150 2596 1222; x_wconf 87' lang='lat' dir='ltr'>interrogat</span> <span class='ocrx_word' id='word_1_295' title='bbox 2625 1154 2714 1216; x_wconf 87' lang='lat' dir='ltr'>;et</span> <span class='ocrx_word' id='word_1_296' title='bbox 2736 1149 2959 1205; x_wconf 88' lang='lat' dir='ltr'>tamdiu</span> <span class='ocrx_word' id='word_1_297' title='bbox 2986 1166 3177 1205; x_wconf 88' lang='lat' dir='ltr'>sermo</span> <span class='ocrx_word' id='word_1_298' title='bbox 3211 1152 3688 1223; x_wconf 87' lang='lat' dir='ltr'>respondentium</span> 
     </span>
    </p>
   </div>
   <div class='ocr_carea' id='block_1_43' title="bbox 2042 1238 3694 1312">
    <p class='ocr_par' dir='ltr' id='par_1_43' title="bbox 2042 1238 3694 1312">
     <span class='ocr_line' id='line_1_43' title="bbox 2042 1238 3694 1312; baseline 0 -18"><span class='ocrx_word' id='word_1_299' title='bbox 2042 1239 2371 1294; x_wconf 88' lang='lat' dir='ltr'>communis</span> <span class='ocrx_word' id='word_1_300' title='bbox 2385 1238 2781 1310; x_wconf 85' lang='lat' dir='ltr'>est,quamdiu</span> <span class='ocrx_word' id='word_1_301' title='bbox 2797 1240 2860 1301; x_wconf 85' lang='lat' dir='ltr'>(i)</span> <span class='ocrx_word' id='word_1_302' title='bbox 2874 1238 3497 1312; x_wconf 63' lang='lat' dir='ltr'>humanasignorantize</span> <span class='ocrx_word' id='word_1_303' title='bbox 3512 1239 3694 1294; x_wconf 90' lang='lat' dir='ltr'>ambi-</span> 
     </span>
    </p>
   </div>
   <div class='ocr_carea' id='block_1_44' title="bbox 2043 1328 3779 1405">
    <p class='ocr_par' dir='ltr' id='par_1_44' title="bbox 2043 1328 3779 1405">
     <span class='ocr_line' id='line_1_44' title="bbox 2043 1328 3779 1405; baseline -0.001 -19"><span class='ocrx_word' id='word_1_304' title='bbox 2043 1331 2237 1404; x_wconf 87' lang='lat' dir='ltr'>guitas</span> <span class='ocrx_word' id='word_1_305' title='bbox 2268 1329 2607 1402; x_wconf 80' lang='lat' dir='ltr'>explicatur.</span> <span class='ocrx_word' id='word_1_306' title='bbox 2640 1333 2714 1383; x_wconf 84' lang='lat' dir='ltr'>At</span> <span class='ocrx_word' id='word_1_307' title='bbox 2745 1328 2840 1384; x_wconf 91' lang='lat' dir='ltr'>ubi</span> <span class='ocrx_word' id='word_1_308' title='bbox 2876 1328 3014 1401; x_wconf 90' lang='lat' dir='ltr'>quid</span> <span class='ocrx_word' id='word_1_309' title='bbox 3037 1329 3248 1384; x_wconf 81' lang='lat' dir='ltr'>haheat</span> <span class='ocrx_word' id='word_1_310' title='bbox 3271 1346 3480 1386; x_wconf 87' lang='lat' dir='ltr'>sensus</span> <span class='ocrx_word' id='word_1_311' title='bbox 3511 1329 3687 1385; x_wconf 88' lang='lat' dir='ltr'>disci-</span> <span class='ocrx_word' id='word_1_312' title='bbox 3762 1404 3779 1405; x_wconf 18' lang='grc' dir='ltr'>ί</span> 
     </span>
    </p>
   </div>
   <div class='ocr_carea' id='block_1_45' title="bbox 2044 1417 3689 1492">
    <p class='ocr_par' dir='ltr' id='par_1_45' title="bbox 2044 1417 3689 1492">
     <span class='ocr_line' id='line_1_45' title="bbox 2044 1417 3689 1492; baseline 0.002 -19"><span class='ocrx_word' id='word_1_313' title='bbox 2044 1419 2319 1492; x_wconf 86' lang='lat' dir='ltr'>pulcrum</span> <span class='ocrx_word' id='word_1_314' title='bbox 2337 1418 2604 1491; x_wconf 80' lang='lat' dir='ltr'>exigitur,</span> <span class='ocrx_word' id='word_1_315' title='bbox 2632 1418 2861 1490; x_wconf 90' lang='lat' dir='ltr'>primus</span> <span class='ocrx_word' id='word_1_316' title='bbox 2876 1421 2963 1473; x_wconf 89' lang='lat' dir='ltr'>est</span> <span class='ocrx_word' id='word_1_317' title='bbox 2978 1418 3032 1471; x_wconf 91' lang='lat' dir='ltr'>in</span> <span class='ocrx_word' id='word_1_318' title='bbox 3055 1417 3283 1473; x_wconf 88' lang='lat' dir='ltr'>Domini</span> <span class='ocrx_word' id='word_1_319' title='bbox 3305 1417 3689 1485; x_wconf 80' lang='lat' dir='ltr'>confessione,</span> 
     </span>
    </p>
   </div>
   <div class='ocr_carea' id='block_1_46' title="bbox 2045 1505 3691 1582">
    <p class='ocr_par' dir='ltr' id='par_1_46' title="bbox 2045 1505 3691 1582">
     <span class='ocr_line' id='line_1_46' title="bbox 2045 1505 3691 1582; baseline -0.001 -19"><span class='ocrx_word' id='word_1_320' title='bbox 2045 1510 2143 1582; x_wconf 90' lang='lat' dir='ltr'>qui</span> <span class='ocrx_word' id='word_1_321' title='bbox 2173 1509 2399 1581; x_wconf 89' lang='lat' dir='ltr'>primus</span> <span class='ocrx_word' id='word_1_322' title='bbox 2428 1509 2491 1579; x_wconf 79' lang='lat' dir='ltr'>(j)</span> <span class='ocrx_word' id='word_1_323' title='bbox 2526 1510 2615 1562; x_wconf 86' lang='lat' dir='ltr'>est</span> <span class='ocrx_word' id='word_1_324' title='bbox 2646 1508 2742 1562; x_wconf 78' lang='grc'>17</span> <span class='ocrx_word' id='word_1_325' title='bbox 2782 1506 2839 1561; x_wconf 92' lang='lat' dir='ltr'>in</span> <span class='ocrx_word' id='word_1_326' title='bbox 2874 1505 3196 1578; x_wconf 85' lang='lat' dir='ltr'>apostolica</span> <span class='ocrx_word' id='word_1_327' title='bbox 3247 1506 3545 1579; x_wconf 89' lang='lat' dir='ltr'>dignitstc.</span> <span class='ocrx_word' id='word_1_328' title='bbox 3581 1506 3691 1573; x_wconf 89' lang='lat' dir='ltr'>Qui</span> 
     </span>
    </p>
   </div>
   <div class='ocr_carea' id='block_1_47' title="bbox 2045 1597 3697 1668">
    <p class='ocr_par' dir='ltr' id='par_1_47' title="bbox 2045 1597 3697 1668">
     <span class='ocr_line' id='line_1_47' title="bbox 2045 1597 3697 1668; baseline -0.002 -13"><span class='ocrx_word' id='word_1_329' title='bbox 2045 1616 2180 1655; x_wconf 90' lang='lat' dir='ltr'>cum</span> <span class='ocrx_word' id='word_1_330' title='bbox 2208 1597 2571 1653; x_wconf 80' lang='lat' dir='ltr'>dixissetzTu</span> <span class='ocrx_word' id='word_1_331' title='bbox 2590 1613 2642 1652; x_wconf 85' lang='lat' dir='ltr'>es</span> <span class='ocrx_word' id='word_1_332' title='bbox 2674 1597 2916 1655; x_wconf 86' lang='lat' dir='ltr'>Cbristus</span> <span class='ocrx_word' id='word_1_333' title='bbox 2944 1597 3118 1651; x_wconf 86' lang='lat' dir='ltr'>Filius</span> <span class='ocrx_word' id='word_1_334' title='bbox 3148 1598 3246 1652; x_wconf 85' lang='lat' dir='ltr'>Dei</span> <span class='ocrx_word' id='word_1_335' title='bbox 3292 1599 3425 1663; x_wconf 85' lang='lat' dir='ltr'>vivi,</span> <span class='ocrx_word' id='word_1_336' title='bbox 3458 1613 3697 1668; x_wconf 88' lang='lat' dir='ltr'>respon-</span> 
     </span>
    </p>
   </div>
   <div class='ocr_carea' id='block_1_48' title="bbox 2045 1686 3693 1758">
    <p class='ocr_par' dir='ltr' id='par_1_48' title="bbox 2045 1686 3693 1758">
     <span class='ocr_line' id='line_1_48' title="bbox 2045 1686 3693 1758; baseline -0.001 -16"><span class='ocrx_word' id='word_1_337' title='bbox 2045 1688 2132 1743; x_wconf 89' lang='lat' dir='ltr'>dit</span> <span class='ocrx_word' id='word_1_338' title='bbox 2161 1687 2213 1743; x_wconf 90' lang='lat' dir='ltr'>ei</span> <span class='ocrx_word' id='word_1_339' title='bbox 2240 1687 2415 1741; x_wconf 86' lang='lat' dir='ltr'>Jesus</span> <span class='ocrx_word' id='word_1_340' title='bbox 2442 1704 2455 1741; x_wconf 87' lang='lat'><strong>:</strong></span> <span class='ocrx_word' id='word_1_341' title='bbox 2484 1688 2675 1740; x_wconf 86' lang='lat' dir='ltr'>Beatus</span> <span class='ocrx_word' id='word_1_342' title='bbox 2726 1702 2801 1752; x_wconf 90' lang='lat' dir='ltr'>es,</span> <span class='ocrx_word' id='word_1_343' title='bbox 2834 1686 3019 1741; x_wconf 80' lang='lat' dir='ltr'>Simon</span> <span class='ocrx_word' id='word_1_344' title='bbox 3054 1686 3162 1740; x_wconf 91' lang='lat' dir='ltr'>Bar</span> <span class='ocrx_word' id='word_1_345' title='bbox 3182 1690 3348 1751; x_wconf 86' lang='lat' dir='ltr'>Jona,</span> <span class='ocrx_word' id='word_1_346' title='bbox 3381 1687 3512 1758; x_wconf 78' lang='lat' dir='ltr'>quia</span> <span class='ocrx_word' id='word_1_347' title='bbox 3565 1700 3693 1741; x_wconf 88' lang='lat' dir='ltr'>caro</span> 
     </span>
    </p>
   </div>
   <div class='ocr_carea' id='block_1_49' title="bbox 2044 1772 3694 1846">
    <p class='ocr_par' dir='ltr' id='par_1_49' title="bbox 2044 1772 3694 1846">
     <span class='ocr_line' id='line_1_49' title="bbox 2044 1772 3694 1846; baseline -0.001 -16"><span class='ocrx_word' id='word_1_348' title='bbox 2044 1784 2095 1830; x_wconf 89' lang='lat' dir='ltr'>et</span> <span class='ocrx_word' id='word_1_349' title='bbox 2124 1774 2345 1844; x_wconf 76' lang='lat' dir='ltr'>sanguis</span> <span class='ocrx_word' id='word_1_350' title='bbox 2374 1788 2485 1827; x_wconf 78' lang='lat' dir='ltr'>non</span> <span class='ocrx_word' id='word_1_351' title='bbox 2528 1774 2789 1827; x_wconf 82' lang='lat' dir='ltr'>revelavit</span> <span class='ocrx_word' id='word_1_352' title='bbox 2836 1773 2955 1835; x_wconf 85' lang='lat' dir='ltr'>tibi,</span> <span class='ocrx_word' id='word_1_353' title='bbox 2986 1772 3079 1827; x_wconf 85' lang='lat' dir='ltr'>sed</span> <span class='ocrx_word' id='word_1_354' title='bbox 3118 1774 3283 1828; x_wconf 84' lang='lat' dir='ltr'>Pater</span> <span class='ocrx_word' id='word_1_355' title='bbox 3313 1790 3466 1829; x_wconf 87' lang='lat' dir='ltr'>meus</span> <span class='ocrx_word' id='word_1_356' title='bbox 3498 1775 3595 1846; x_wconf 87' lang='lat' dir='ltr'>qui</span> <span class='ocrx_word' id='word_1_357' title='bbox 3631 1776 3694 1829; x_wconf 86' lang='lat' dir='ltr'>in</span> 
     </span>
    </p>
   </div>
   <div class='ocr_carea' id='block_1_50' title="bbox 2043 1860 3688 1935">
    <p class='ocr_par' dir='ltr' id='par_1_50' title="bbox 2043 1860 3688 1935">
     <span class='ocr_line' id='line_1_50' title="bbox 2043 1860 3688 1935; baseline 0 -16"><span class='ocrx_word' id='word_1_358' title='bbox 2043 1864 2190 1920; x_wconf 63' lang='lat' dir='ltr'>caelis</span> <span class='ocrx_word' id='word_1_359' title='bbox 2221 1870 2296 1918; x_wconf 86' lang='lat' dir='ltr'>est</span> <span class='ocrx_word' id='word_1_360' title='bbox 2328 1863 2536 1935; x_wconf 80' lang='lat' dir='ltr'>(Matth.</span> <span class='ocrx_word' id='word_1_361' title='bbox 2566 1878 2678 1930; x_wconf 78' lang='lat' dir='ltr'>xvr,</span> <span class='ocrx_word' id='word_1_362' title='bbox 2720 1863 2798 1925; x_wconf 84' lang='grc'>16,</span> <span class='ocrx_word' id='word_1_363' title='bbox 2830 1860 2913 1933; x_wconf 83' lang='lat' dir='ltr'>l7)</span> <span class='ocrx_word' id='word_1_364' title='bbox 2939 1878 2952 1927; x_wconf 90' lang='lat'><strong>;</strong></span> <span class='ocrx_word' id='word_1_365' title='bbox 2975 1860 3033 1916; x_wconf 90' lang='lat' dir='ltr'>id</span> <span class='ocrx_word' id='word_1_366' title='bbox 3070 1866 3179 1927; x_wconf 89' lang='lat' dir='ltr'>est,</span> <span class='ocrx_word' id='word_1_367' title='bbox 3201 1861 3328 1918; x_wconf 89' lang='lat' dir='ltr'>idco</span> <span class='ocrx_word' id='word_1_368' title='bbox 3368 1862 3574 1919; x_wconf 88' lang='lat' dir='ltr'>beatus</span> <span class='ocrx_word' id='word_1_369' title='bbox 3604 1880 3688 1927; x_wconf 88' lang='lat' dir='ltr'>es,</span> 
     </span>
    </p>
   </div>
   <div class='ocr_carea' id='block_1_51' title="bbox 2047 1951 3693 2025">
    <p class='ocr_par' dir='ltr' id='par_1_51' title="bbox 2047 1951 3693 2025">
     <span class='ocr_line' id='line_1_51' title="bbox 2047 1951 3693 2025; baseline 0.002 -19"><span class='ocrx_word' id='word_1_370' title='bbox 2047 1953 2123 2025; x_wconf 63' lang='lat' dir='ltr'>(Ir)</span> <span class='ocrx_word' id='word_1_371' title='bbox 2147 1952 2284 2024; x_wconf 87' lang='lat' dir='ltr'>quia</span> <span class='ocrx_word' id='word_1_372' title='bbox 2307 1957 2361 2007; x_wconf 88' lang='lat' dir='ltr'>te</span> <span class='ocrx_word' id='word_1_373' title='bbox 2382 1952 2547 2006; x_wconf 81' lang='lat' dir='ltr'>Pater</span> <span class='ocrx_word' id='word_1_374' title='bbox 2586 1967 2752 2005; x_wconf 89' lang='lat' dir='ltr'>meus</span> <span class='ocrx_word' id='word_1_375' title='bbox 2790 1951 3005 2019; x_wconf 88' lang='lat' dir='ltr'>docuit,</span> <span class='ocrx_word' id='word_1_376' title='bbox 3029 1967 3134 2006; x_wconf 90' lang='lat' dir='ltr'>nec</span> <span class='ocrx_word' id='word_1_377' title='bbox 3155 1955 3386 2007; x_wconf 88' lang='lat' dir='ltr'>terrena</span> <span class='ocrx_word' id='word_1_378' title='bbox 3415 1952 3609 2024; x_wconf 91' lang='lat' dir='ltr'>opinio</span> <span class='ocrx_word' id='word_1_379' title='bbox 3636 1958 3693 2010; x_wconf 88' lang='lat' dir='ltr'>te</span> 
     </span>
    </p>
   </div>
   <div class='ocr_carea' id='block_1_52' title="bbox 2045 2038 3692 2112">
    <p class='ocr_par' dir='ltr' id='par_1_52' title="bbox 2045 2038 3692 2112">
     <span class='ocr_line' id='line_1_52' title="bbox 2045 2038 3692 2112; baseline 0.001 -16"><span class='ocrx_word' id='word_1_380' title='bbox 2045 2040 2267 2108; x_wconf 81' lang='lat' dir='ltr'>fefellit,</span> <span class='ocrx_word' id='word_1_381' title='bbox 2284 2041 2382 2095; x_wconf 88' lang='lat' dir='ltr'>sed</span> <span class='ocrx_word' id='word_1_382' title='bbox 2402 2038 2707 2112; x_wconf 86' lang='lat' dir='ltr'>inspiratio</span> <span class='ocrx_word' id='word_1_383' title='bbox 2722 2038 2971 2095; x_wconf 64' lang='lat' dir='ltr'>caelestis</span> <span class='ocrx_word' id='word_1_384' title='bbox 2992 2039 3269 2095; x_wconf 78' lang='lat' dir='ltr'>instruxit</span> <span class='ocrx_word' id='word_1_385' title='bbox 3292 2056 3304 2095; x_wconf 91' lang='lat'><strong>:</strong></span> <span class='ocrx_word' id='word_1_386' title='bbox 3330 2045 3386 2096; x_wconf 89' lang='lat' dir='ltr'>et</span> <span class='ocrx_word' id='word_1_387' title='bbox 3415 2058 3528 2097; x_wconf 92' lang='lat' dir='ltr'>non</span> <span class='ocrx_word' id='word_1_388' title='bbox 3560 2058 3692 2098; x_wconf 87' lang='lat' dir='ltr'>caro</span> 
     </span>
    </p>
   </div>
   <div class='ocr_carea' id='block_1_53' title="bbox 2044 2127 3693 2204">
    <p class='ocr_par' dir='ltr' id='par_1_53' title="bbox 2044 2127 3693 2204">
     <span class='ocr_line' id='line_1_53' title="bbox 2044 2127 3693 2204; baseline 0 -18"><span class='ocrx_word' id='word_1_389' title='bbox 2044 2147 2149 2186; x_wconf 90' lang='lat' dir='ltr'>nec</span> <span class='ocrx_word' id='word_1_390' title='bbox 2166 2130 2429 2201; x_wconf 88' lang='lat' dir='ltr'>sanguis,</span> <span class='ocrx_word' id='word_1_391' title='bbox 2448 2129 2548 2183; x_wconf 89' lang='lat' dir='ltr'>sed</span> <span class='ocrx_word' id='word_1_392' title='bbox 2582 2127 2680 2182; x_wconf 89' lang='lat' dir='ltr'>ille</span> <span class='ocrx_word' id='word_1_393' title='bbox 2703 2144 2794 2183; x_wconf 90' lang='lat' dir='ltr'>me</span> <span class='ocrx_word' id='word_1_394' title='bbox 2828 2127 2954 2196; x_wconf 90' lang='lat' dir='ltr'>tibi,</span> <span class='ocrx_word' id='word_1_395' title='bbox 2979 2130 3149 2199; x_wconf 81' lang='lat' dir='ltr'>cujus</span> <span class='ocrx_word' id='word_1_396' title='bbox 3189 2146 3320 2185; x_wconf 90' lang='lat' dir='ltr'>sum</span> <span class='ocrx_word' id='word_1_397' title='bbox 3354 2130 3693 2204; x_wconf 90' lang='lat' dir='ltr'>unigenitus</span> 
     </span>
    </p>
   </div>
   <div class='ocr_carea' id='block_1_54' title="bbox 2044 2216 3690 2288">
    <p class='ocr_par' dir='ltr' id='par_1_54' title="bbox 2044 2216 3690 2288">
     <span class='ocr_line' id='line_1_54' title="bbox 2044 2216 3690 2288; baseline 0.002 -14"><span class='ocrx_word' id='word_1_398' title='bbox 2044 2218 2247 2283; x_wconf 87' lang='lat' dir='ltr'>Filius,</span> <span class='ocrx_word' id='word_1_399' title='bbox 2272 2217 2567 2273; x_wconf 88' lang='lat' dir='ltr'>indicavit.</span> <span class='ocrx_word' id='word_1_400' title='bbox 2604 2218 2667 2271; x_wconf 87' lang='lat' dir='ltr'>Et</span> <span class='ocrx_word' id='word_1_401' title='bbox 2696 2233 2811 2285; x_wconf 82' lang='lat' dir='ltr'>ego,</span> <span class='ocrx_word' id='word_1_402' title='bbox 2848 2216 3060 2288; x_wconf 89' lang='lat' dir='ltr'>inquit,</span> <span class='ocrx_word' id='word_1_403' title='bbox 3093 2218 3210 2275; x_wconf 82' lang='lat' dir='ltr'>dico</span> <span class='ocrx_word' id='word_1_404' title='bbox 3241 2220 3342 2274; x_wconf 87' lang='lat' dir='ltr'>tibi</span> <span class='ocrx_word' id='word_1_405' title='bbox 3369 2237 3388 2273; x_wconf 86' lang='grc'><strong>.·</strong></span> <span class='ocrx_word' id='word_1_406' title='bbox 3421 2219 3529 2275; x_wconf 87' lang='lat' dir='ltr'>hoc</span> <span class='ocrx_word' id='word_1_407' title='bbox 3583 2224 3690 2287; x_wconf 85' lang='lat' dir='ltr'>est,</span> 
     </span>
    </p>
   </div>
   <div class='ocr_carea' id='block_1_55' title="bbox 2044 2303 3692 2378">
    <p class='ocr_par' dir='ltr' id='par_1_55' title="bbox 2044 2303 3692 2378">
     <span class='ocr_line' id='line_1_55' title="bbox 2044 2303 3692 2378; baseline 0.001 -17"><span class='ocrx_word' id='word_1_408' title='bbox 2044 2307 2195 2362; x_wconf 88' lang='lat' dir='ltr'>sicut</span> <span class='ocrx_word' id='word_1_409' title='bbox 2208 2306 2377 2361; x_wconf 88' lang='lat' dir='ltr'>Pater</span> <span class='ocrx_word' id='word_1_410' title='bbox 2389 2321 2555 2359; x_wconf 88' lang='lat' dir='ltr'>meus</span> <span class='ocrx_word' id='word_1_411' title='bbox 2574 2303 2675 2357; x_wconf 89' lang='lat' dir='ltr'>tibi</span> <span class='ocrx_word' id='word_1_412' title='bbox 2692 2304 3085 2361; x_wconf 83' lang='lat' dir='ltr'>manifestavit</span> <span class='ocrx_word' id='word_1_413' title='bbox 3099 2306 3464 2363; x_wconf 88' lang='lat' dir='ltr'>divinitatem</span> <span class='ocrx_word' id='word_1_414' title='bbox 3478 2324 3692 2378; x_wconf 88' lang='lat' dir='ltr'>meam,</span> 
     </span>
    </p>
   </div>
   <div class='ocr_carea' id='block_1_56' title="bbox 2042 2392 3695 2466">
    <p class='ocr_par' dir='ltr' id='par_1_56' title="bbox 2042 2392 3695 2466">
     <span class='ocr_line' id='line_1_56' title="bbox 2042 2392 3695 2466; baseline 0.002 -17"><span class='ocrx_word' id='word_1_415' title='bbox 2042 2396 2123 2450; x_wconf 89' lang='lat' dir='ltr'>ita</span> <span class='ocrx_word' id='word_1_416' title='bbox 2142 2399 2199 2450; x_wconf 89' lang='lat' dir='ltr'>et</span> <span class='ocrx_word' id='word_1_417' title='bbox 2220 2410 2324 2466; x_wconf 87' lang='lat' dir='ltr'>ego</span> <span class='ocrx_word' id='word_1_418' title='bbox 2346 2393 2451 2448; x_wconf 91' lang='lat' dir='ltr'>tibi</span> <span class='ocrx_word' id='word_1_419' title='bbox 2475 2399 2672 2448; x_wconf 90' lang='lat' dir='ltr'>notam</span> <span class='ocrx_word' id='word_1_420' title='bbox 2710 2392 2857 2447; x_wconf 85' lang='lat' dir='ltr'>facio</span> <span class='ocrx_word' id='word_1_421' title='bbox 2886 2393 3285 2451; x_wconf 74' lang='lat' dir='ltr'>excellentiam</span> <span class='ocrx_word' id='word_1_422' title='bbox 3322 2400 3486 2451; x_wconf 88' lang='lat' dir='ltr'>tuam</span> <span class='ocrx_word' id='word_1_423' title='bbox 3512 2415 3525 2452; x_wconf 90' lang='lat'><strong>:</strong></span> <span class='ocrx_word' id='word_1_424' title='bbox 3554 2397 3695 2464; x_wconf 85' lang='lat' dir='ltr'>Quia</span> 
     </span>
    </p>
   </div>
   <div class='ocr_carea' id='block_1_57' title="bbox 2042 2482 3686 2557">
    <p class='ocr_par' dir='ltr' id='par_1_57' title="bbox 2042 2482 3686 2557">
     <span class='ocr_line' id='line_1_57' title="bbox 2042 2482 3686 2557; baseline 0.001 -18"><span class='ocrx_word' id='word_1_425' title='bbox 2042 2488 2100 2539; x_wconf 83' lang='lat' dir='ltr'>tu</span> <span class='ocrx_word' id='word_1_426' title='bbox 2129 2501 2183 2539; x_wconf 88' lang='lat' dir='ltr'>es</span> <span class='ocrx_word' id='word_1_427' title='bbox 2214 2485 2407 2538; x_wconf 78' lang='lat' dir='ltr'>Petrus</span> <span class='ocrx_word' id='word_1_428' title='bbox 2428 2501 2445 2536; x_wconf 91' lang='lat'><strong><em>:</em></strong></span> <span class='ocrx_word' id='word_1_429' title='bbox 2470 2482 2525 2536; x_wconf 89' lang='lat' dir='ltr'>id</span> <span class='ocrx_word' id='word_1_430' title='bbox 2544 2485 2651 2550; x_wconf 90' lang='lat' dir='ltr'>est,</span> <span class='ocrx_word' id='word_1_431' title='bbox 2677 2498 2809 2537; x_wconf 89' lang='lat' dir='ltr'>cum</span> <span class='ocrx_word' id='word_1_432' title='bbox 2832 2498 2937 2554; x_wconf 86' lang='lat' dir='ltr'>ego</span> <span class='ocrx_word' id='word_1_433' title='bbox 2970 2483 3082 2538; x_wconf 89' lang='lat' dir='ltr'>sim</span> <span class='ocrx_word' id='word_1_434' title='bbox 3115 2483 3469 2540; x_wconf 88' lang='lat' dir='ltr'>inviolabilis</span> <span class='ocrx_word' id='word_1_435' title='bbox 3501 2489 3686 2557; x_wconf 89' lang='lat' dir='ltr'>petra,</span> 
     </span>
    </p>
   </div>
   <div class='ocr_carea' id='block_1_58' title="bbox 2040 2571 3692 2647">
    <p class='ocr_par' dir='ltr' id='par_1_58' title="bbox 2040 2571 3692 2647">
     <span class='ocr_line' id='line_1_58' title="bbox 2040 2571 3692 2647; baseline 0.002 -20"><span class='ocrx_word' id='word_1_436' title='bbox 2040 2589 2145 2646; x_wconf 87' lang='lat' dir='ltr'>ego</span> <span class='ocrx_word' id='word_1_437' title='bbox 2169 2574 2308 2645; x_wconf 85' lang='lat' dir='ltr'>lapis</span> <span class='ocrx_word' id='word_1_438' title='bbox 2328 2572 2634 2641; x_wconf 81' lang='lat' dir='ltr'>angularis,</span> <span class='ocrx_word' id='word_1_439' title='bbox 2659 2572 2756 2645; x_wconf 82' lang='lat' dir='ltr'>qui</span> <span class='ocrx_word' id='word_1_440' title='bbox 2779 2571 2925 2641; x_wconf 81' lang='lat' dir='ltr'>facio</span> <span class='ocrx_word' id='word_1_441' title='bbox 2955 2576 3183 2644; x_wconf 82' lang='lat' dir='ltr'>utraque</span> <span class='ocrx_word' id='word_1_442' title='bbox 3202 2589 3393 2644; x_wconf 84' lang='lat' dir='ltr'>unum,</span> <span class='ocrx_word' id='word_1_443' title='bbox 3412 2574 3530 2647; x_wconf 87' lang='lat' dir='ltr'>Ego</span> <span class='ocrx_word' id='word_1_444' title='bbox 3563 2574 3692 2630; x_wconf 86' lang='lat' dir='ltr'>fun-</span> 
     </span>
    </p>
   </div>
   <div class='ocr_carea' id='block_1_59' title="bbox 2041 2660 3687 2735">
    <p class='ocr_par' dir='ltr' id='par_1_59' title="bbox 2041 2660 3687 2735">
     <span class='ocr_line' id='line_1_59' title="bbox 2041 2660 3687 2735; baseline 0.001 -18"><span class='ocrx_word' id='word_1_445' title='bbox 2041 2662 2384 2717; x_wconf 88' lang='lat' dir='ltr'>damentum</span> <span class='ocrx_word' id='word_1_446' title='bbox 2421 2664 2628 2732; x_wconf 59' lang='lat' dir='ltr'>praeter</span> <span class='ocrx_word' id='word_1_447' title='bbox 2670 2660 2823 2731; x_wconf 91' lang='lat' dir='ltr'>quod</span> <span class='ocrx_word' id='word_1_448' title='bbox 2857 2675 3027 2716; x_wconf 91' lang='lat' dir='ltr'>nemo</span> <span class='ocrx_word' id='word_1_449' title='bbox 3060 2665 3251 2733; x_wconf 88' lang='lat' dir='ltr'>potest</span> <span class='ocrx_word' id='word_1_450' title='bbox 3280 2661 3439 2717; x_wconf 92' lang='lat' dir='ltr'>aliud</span> <span class='ocrx_word' id='word_1_451' title='bbox 3472 2679 3687 2735; x_wconf 87' lang='lat' dir='ltr'>ponere</span> 
     </span>
    </p>
   </div>
   <div class='ocr_carea' id='block_1_60' title="bbox 2042 2749 3685 2823">
    <p class='ocr_par' dir='ltr' id='par_1_60' title="bbox 2042 2749 3685 2823">
     <span class='ocr_line' id='line_1_60' title="bbox 2042 2749 3685 2823; baseline 0.001 -17"><span class='ocrx_word' id='word_1_452' title='bbox 2042 2750 2256 2823; x_wconf 84' lang='lat' dir='ltr'>(Ephes.</span> <span class='ocrx_word' id='word_1_453' title='bbox 2279 2767 2338 2817; x_wconf 84' lang='grc' dir='ltr'>ιι,</span> <span class='ocrx_word' id='word_1_454' title='bbox 2356 2750 2420 2803; x_wconf 85' lang='grc'>14</span> <span class='ocrx_word' id='word_1_455' title='bbox 2442 2753 2492 2804; x_wconf 86' lang='lat' dir='ltr'>et</span> <span class='ocrx_word' id='word_1_456' title='bbox 2514 2749 2636 2817; x_wconf 85' lang='lat'>20);</span> <span class='ocrx_word' id='word_1_457' title='bbox 2662 2754 2854 2803; x_wconf 87' lang='lat' dir='ltr'>tamen</span> <span class='ocrx_word' id='word_1_458' title='bbox 2886 2752 2950 2803; x_wconf 93' lang='lat' dir='ltr'>tu</span> <span class='ocrx_word' id='word_1_459' title='bbox 2977 2766 3208 2822; x_wconf 89' lang='lat' dir='ltr'>quoque</span> <span class='ocrx_word' id='word_1_460' title='bbox 3238 2754 3404 2822; x_wconf 88' lang='lat' dir='ltr'>petra</span> <span class='ocrx_word' id='word_1_461' title='bbox 3429 2767 3512 2817; x_wconf 91' lang='lat' dir='ltr'>es,</span> <span class='ocrx_word' id='word_1_462' title='bbox 3545 2751 3685 2823; x_wconf 90' lang='lat' dir='ltr'>quia</span> 
     </span>
    </p>
   </div>
   <div class='ocr_carea' id='block_1_61' title="bbox 2041 2836 3685 2912">
    <p class='ocr_par' dir='ltr' id='par_1_61' title="bbox 2041 2836 3685 2912">
     <span class='ocr_line' id='line_1_61' title="bbox 2041 2836 3685 2912; baseline 0.002 -20"><span class='ocrx_word' id='word_1_463' title='bbox 2041 2854 2172 2894; x_wconf 84' lang='lat' dir='ltr'>mea</span> <span class='ocrx_word' id='word_1_464' title='bbox 2214 2837 2427 2892; x_wconf 88' lang='lat' dir='ltr'>virtute</span> <span class='ocrx_word' id='word_1_465' title='bbox 2458 2836 2747 2903; x_wconf 84' lang='lat' dir='ltr'>solidaris,</span> <span class='ocrx_word' id='word_1_466' title='bbox 2784 2841 2846 2891; x_wconf 89' lang='lat' dir='ltr'>ut</span> <span class='ocrx_word' id='word_1_467' title='bbox 2877 2854 3003 2909; x_wconf 81' lang='lat' dir='ltr'>quae</span> <span class='ocrx_word' id='word_1_468' title='bbox 3048 2838 3190 2893; x_wconf 91' lang='lat' dir='ltr'>mihi</span> <span class='ocrx_word' id='word_1_469' title='bbox 3233 2843 3516 2912; x_wconf 88' lang='lat' dir='ltr'>potestate</span> <span class='ocrx_word' id='word_1_470' title='bbox 3545 2843 3685 2896; x_wconf 90' lang='lat' dir='ltr'>sunt</span> 
     </span>
    </p>
   </div>
   <div class='ocr_carea' id='block_1_62' title="bbox 2040 2925 3678 3000">
    <p class='ocr_par' dir='ltr' id='par_1_62' title="bbox 2040 2925 3678 3000">
     <span class='ocr_line' id='line_1_62' title="bbox 2040 2925 3678 3000; baseline 0.002 -19"><span class='ocrx_word' id='word_1_471' title='bbox 2040 2926 2427 3000; x_wconf 86' lang='lat' dir='ltr'>propria,sint</span> <span class='ocrx_word' id='word_1_472' title='bbox 2456 2925 2557 2979; x_wconf 89' lang='lat' dir='ltr'>tibi</span> <span class='ocrx_word' id='word_1_473' title='bbox 2583 2941 2811 2980; x_wconf 86' lang='lat' dir='ltr'>mecum</span> <span class='ocrx_word' id='word_1_474' title='bbox 2850 2926 3294 2999; x_wconf 89' lang='lat' dir='ltr'>participatione</span> <span class='ocrx_word' id='word_1_475' title='bbox 3322 2928 3678 2985; x_wconf 87' lang='lat' dir='ltr'>communia.</span> 
     </span>
    </p>
   </div>
   <div class='ocr_carea' id='block_1_63' title="bbox 2040 3015 3684 3089">
    <p class='ocr_par' dir='ltr' id='par_1_63' title="bbox 2040 3015 3684 3089">
     <span class='ocr_line' id='line_1_63' title="bbox 2040 3015 3684 3089; baseline 0.002 -17"><span class='ocrx_word' id='word_1_476' title='bbox 2040 3020 2103 3072; x_wconf 80' lang='lat' dir='ltr'>Et</span> <span class='ocrx_word' id='word_1_477' title='bbox 2148 3032 2312 3087; x_wconf 83' lang='lat' dir='ltr'>super</span> <span class='ocrx_word' id='word_1_478' title='bbox 2368 3017 2505 3069; x_wconf 83' lang='lat' dir='ltr'>hanc</span> <span class='ocrx_word' id='word_1_479' title='bbox 2539 3018 2749 3084; x_wconf 82' lang='lat' dir='ltr'>petram</span> <span class='ocrx_word' id='word_1_480' title='bbox 2779 3015 3055 3086; x_wconf 65' lang='lat' dir='ltr'>aediﬁcabo</span> <span class='ocrx_word' id='word_1_481' title='bbox 3085 3018 3378 3073; x_wconf 79' lang='lat' dir='ltr'>Ecclesium</span> <span class='ocrx_word' id='word_1_482' title='bbox 3406 3035 3605 3089; x_wconf 88' lang='lat' dir='ltr'>meam,</span> <span class='ocrx_word' id='word_1_483' title='bbox 3628 3025 3684 3075; x_wconf 80' lang='lat' dir='ltr'>et</span> 
     </span>
    </p>
   </div>
   <div class='ocr_carea' id='block_1_64' title="bbox 2033 3103 3682 3179">
    <p class='ocr_par' dir='ltr' id='par_1_64' title="bbox 2033 3103 3682 3179">
     <span class='ocr_line' id='line_1_64' title="bbox 2033 3103 3682 3179; baseline 0.001 -17"><span class='ocrx_word' id='word_1_484' title='bbox 2033 3109 2203 3178; x_wconf 69' lang='lat' dir='ltr'>portae</span> <span class='ocrx_word' id='word_1_485' title='bbox 2225 3106 2394 3175; x_wconf 79' lang='lat' dir='ltr'>inferi</span> <span class='ocrx_word' id='word_1_486' title='bbox 2416 3120 2521 3157; x_wconf 84' lang='lat' dir='ltr'>non</span> <span class='ocrx_word' id='word_1_487' title='bbox 2540 3103 2919 3174; x_wconf 70' lang='lat' dir='ltr'>prazralebunt</span> <span class='ocrx_word' id='word_1_488' title='bbox 2939 3104 3193 3161; x_wconf 85' lang='lat' dir='ltr'>adversus</span> <span class='ocrx_word' id='word_1_489' title='bbox 3215 3107 3553 3179; x_wconf 68' lang='lat' dir='ltr'>eam(ll!atth.</span> <span class='ocrx_word' id='word_1_490' title='bbox 3568 3125 3682 3175; x_wconf 76' lang='lat' dir='ltr'>xvr,</span> 
     </span>
    </p>
   </div>
   <div class='ocr_carea' id='block_1_65' title="bbox 300 3175 3684 3267">
    <p class='ocr_par' dir='ltr' id='par_1_65' title="bbox 300 3175 3684 3267">
     <span class='ocr_line' id='line_1_65' title="bbox 300 3175 3684 3267; baseline 0.001 -18"><span class='ocrx_word' id='word_1_491' title='bbox 300 3194 433 3250; x_wconf 92' lang='lat' dir='ltr'>nihil</span> <span class='ocrx_word' id='word_1_492' title='bbox 454 3199 576 3251; x_wconf 89' lang='lat' dir='ltr'>erat</span> <span class='ocrx_word' id='word_1_493' title='bbox 605 3175 860 3250; x_wconf 79' lang='lat' dir='ltr'>arduum</span> <span class='ocrx_word' id='word_1_494' title='bbox 892 3193 1186 3265; x_wconf 88' lang='lat' dir='ltr'>potestati.</span> <span class='ocrx_word' id='word_1_495' title='bbox 1208 3175 1932 3250; x_wconf 29' lang='lat' dir='ltr'>Famulabanturielcmen-</span> <span class='ocrx_word' id='word_1_496' title='bbox 1962 3175 2005 3241; x_wconf 78' lang='lat' dir='ltr'>C</span> <span class='ocrx_word' id='word_1_497' title='bbox 2033 3175 2148 3267; x_wconf 35' lang='lat'>‘18).</span> <span class='ocrx_word' id='word_1_498' title='bbox 2175 3196 2361 3266; x_wconf 88' lang='lat' dir='ltr'>Super</span> <span class='ocrx_word' id='word_1_499' title='bbox 2391 3192 2560 3260; x_wconf 87' lang='lat' dir='ltr'>hanc,</span> <span class='ocrx_word' id='word_1_500' title='bbox 2584 3192 2796 3264; x_wconf 87' lang='lat' dir='ltr'>inquit,</span> <span class='ocrx_word' id='word_1_501' title='bbox 2841 3192 3240 3250; x_wconf 85' lang='lat' dir='ltr'>fortitudinem</span> <span class='ocrx_word' id='word_1_502' title='bbox 3272 3175 3553 3252; x_wconf 67' lang='lat' dir='ltr'>aeternum</span> <span class='ocrx_word' id='word_1_503' title='bbox 3587 3213 3684 3253; x_wconf 83' lang='lat' dir='ltr'>ex-</span> 
     </span>
    </p>
   </div>
   <div class='ocr_carea' id='block_1_66' title="bbox 300 3282 1932 3355">
    <p class='ocr_par' dir='ltr' id='par_1_66' title="bbox 300 3282 1932 3355">
     <span class='ocr_line' id='line_1_66' title="bbox 300 3282 1932 3355; baseline 0 -18"><span class='ocrx_word' id='word_1_504' title='bbox 300 3285 462 3353; x_wconf 83' lang='lat' dir='ltr'>ta,(g)</span> <span class='ocrx_word' id='word_1_505' title='bbox 484 3282 902 3339; x_wconf 86' lang='lat' dir='ltr'>ministrabant</span> <span class='ocrx_word' id='word_1_506' title='bbox 930 3282 1197 3354; x_wconf 77' lang='lat' dir='ltr'>spiritus,</span> <span class='ocrx_word' id='word_1_507' title='bbox 1221 3282 1414 3355; x_wconf 84' lang='lat' dir='ltr'>angeli</span> <span class='ocrx_word' id='word_1_508' title='bbox 1445 3282 1792 3350; x_wconf 88' lang='lat' dir='ltr'>serviebant,</span> <span class='ocrx_word' id='word_1_509' title='bbox 1826 3300 1932 3338; x_wconf 91' lang='lat' dir='ltr'>ncc</span> 
     </span>
    </p>
   </div>
   <div class='ocr_carea' id='block_1_67' title="bbox 300 3370 1934 3444">
    <p class='ocr_par' dir='ltr' id='par_1_67' title="bbox 300 3370 1934 3444">
     <span class='ocr_line' id='line_1_67' title="bbox 300 3370 1934 3444; baseline 0.001 -19"><span class='ocrx_word' id='word_1_510' title='bbox 300 3370 410 3427; x_wconf 89' lang='lat' dir='ltr'>ullo</span> <span class='ocrx_word' id='word_1_511' title='bbox 438 3373 605 3428; x_wconf 89' lang='lat' dir='ltr'>modo</span> <span class='ocrx_word' id='word_1_512' title='bbox 624 3375 854 3444; x_wconf 85' lang='lat' dir='ltr'>poterat</span> <span class='ocrx_word' id='word_1_513' title='bbox 873 3370 1142 3429; x_wconf 83' lang='lat' dir='ltr'>inefﬁcax</span> <span class='ocrx_word' id='word_1_514' title='bbox 1163 3388 1290 3428; x_wconf 83' lang='lat' dir='ltr'>esse</span> <span class='ocrx_word' id='word_1_515' title='bbox 1307 3375 1762 3437; x_wconf 87' lang='lat' dir='ltr'>sacramentum,</span> <span class='ocrx_word' id='word_1_516' title='bbox 1778 3372 1934 3444; x_wconf 90' lang='lat' dir='ltr'>quod</span> 
     </span>
    </p>
   </div>
   <div class='ocr_carea' id='block_1_68' title="bbox 299 3460 1932 3534">
    <p class='ocr_par' dir='ltr' id='par_1_68' title="bbox 299 3460 1932 3534">
     <span class='ocr_line' id='line_1_68' title="bbox 299 3460 1932 3534; baseline -0.001 -17"><span class='ocrx_word' id='word_1_517' title='bbox 299 3460 463 3517; x_wconf 84' lang='lat' dir='ltr'>simul</span> <span class='ocrx_word' id='word_1_518' title='bbox 492 3461 680 3534; x_wconf 88' lang='lat' dir='ltr'>ipsius</span> <span class='ocrx_word' id='word_1_519' title='bbox 706 3460 950 3517; x_wconf 88' lang='lat' dir='ltr'>Deitatis</span> <span class='ocrx_word' id='word_1_520' title='bbox 975 3460 1169 3516; x_wconf 89' lang='lat' dir='ltr'>unitas</span> <span class='ocrx_word' id='word_1_521' title='bbox 1192 3461 1542 3532; x_wconf 87' lang='lat' dir='ltr'>operabatur</span> <span class='ocrx_word' id='word_1_522' title='bbox 1571 3466 1628 3515; x_wconf 91' lang='lat' dir='ltr'>et</span> <span class='ocrx_word' id='word_1_523' title='bbox 1653 3461 1932 3516; x_wconf 89' lang='lat' dir='ltr'>Trinitas.</span> 
     </span>
    </p>
   </div>
   <div class='ocr_carea' id='block_1_69' title="bbox 296 3548 1939 3623">
    <p class='ocr_par' dir='ltr' id='par_1_69' title="bbox 296 3548 1939 3623">
     <span class='ocr_line' id='line_1_69' title="bbox 296 3548 1939 3623; baseline -0.001 -18"><span class='ocrx_word' id='word_1_524' title='bbox 296 3549 562 3606; x_wconf 83' lang='lat' dir='ltr'>Ettamen</span> <span class='ocrx_word' id='word_1_525' title='bbox 590 3550 663 3605; x_wconf 91' lang='lat' dir='ltr'>de</span> <span class='ocrx_word' id='word_1_526' title='bbox 687 3553 812 3605; x_wconf 85' lang='lat' dir='ltr'>toto</span> <span class='ocrx_word' id='word_1_527' title='bbox 834 3550 1055 3605; x_wconf 90' lang='lat' dir='ltr'>mundo</span> <span class='ocrx_word' id='word_1_528' title='bbox 1077 3566 1233 3604; x_wconf 89' lang='lat' dir='ltr'>unus</span> <span class='ocrx_word' id='word_1_529' title='bbox 1255 3549 1459 3604; x_wconf 89' lang='lat' dir='ltr'>Petrus</span> <span class='ocrx_word' id='word_1_530' title='bbox 1489 3548 1744 3622; x_wconf 89' lang='lat' dir='ltr'>eligitur,</span> <span class='ocrx_word' id='word_1_531' title='bbox 1761 3550 1861 3623; x_wconf 89' lang='lat' dir='ltr'>qui</span> <span class='ocrx_word' id='word_1_532' title='bbox 1883 3553 1939 3603; x_wconf 88' lang='lat' dir='ltr'>et</span> 
     </span>
    </p>
   </div>
   <div class='ocr_carea' id='block_1_70' title="bbox 297 3637 1939 3712">
    <p class='ocr_par' dir='ltr' id='par_1_70' title="bbox 297 3637 1939 3712">
     <span class='ocr_line' id='line_1_70' title="bbox 297 3637 1939 3712; baseline -0.001 -18"><span class='ocrx_word' id='word_1_533' title='bbox 297 3639 693 3696; x_wconf 83' lang='lat' dir='ltr'>universarum</span> <span class='ocrx_word' id='word_1_534' title='bbox 720 3638 986 3712; x_wconf 86' lang='lat' dir='ltr'>gentium</span> <span class='ocrx_word' id='word_1_535' title='bbox 1009 3637 1313 3705; x_wconf 89' lang='lat' dir='ltr'>vocationi,</span> <span class='ocrx_word' id='word_1_536' title='bbox 1339 3642 1395 3693; x_wconf 89' lang='lat' dir='ltr'>et</span> <span class='ocrx_word' id='word_1_537' title='bbox 1416 3638 1691 3694; x_wconf 89' lang='lat' dir='ltr'>omnibus</span> <span class='ocrx_word' id='word_1_538' title='bbox 1711 3643 1939 3711; x_wconf 79' lang='lat' dir='ltr'>aposto-</span> 
     </span>
    </p>
   </div>
   <div class='ocr_carea' id='block_1_71' title="bbox 296 3726 1941 3800">
    <p class='ocr_par' dir='ltr' id='par_1_71' title="bbox 296 3726 1941 3800">
     <span class='ocr_line' id='line_1_71' title="bbox 296 3726 1941 3800; baseline 0 -18"><span class='ocrx_word' id='word_1_539' title='bbox 296 3727 388 3797; x_wconf 86' lang='lat' dir='ltr'>lis,</span> <span class='ocrx_word' id='word_1_540' title='bbox 409 3729 754 3800; x_wconf 86' lang='lat' dir='ltr'>cunctisque</span> <span class='ocrx_word' id='word_1_541' title='bbox 802 3726 1069 3783; x_wconf 64' lang='lat' dir='ltr'>Ecclesiae</span> <span class='ocrx_word' id='word_1_542' title='bbox 1128 3726 1396 3782; x_wconf 87' lang='lat' dir='ltr'>Patrihus</span> <span class='ocrx_word' id='word_1_543' title='bbox 1429 3732 1797 3800; x_wconf 66' lang='lat' dir='ltr'>praeponatur</span> <span class='ocrx_word' id='word_1_544' title='bbox 1828 3745 1841 3782; x_wconf 90' lang='lat'><strong>:</strong></span> <span class='ocrx_word' id='word_1_545' title='bbox 1875 3731 1941 3782; x_wconf 90' lang='lat' dir='ltr'>ut</span> 
     </span>
    </p>
   </div>
   <div class='ocr_carea' id='block_1_72' title="bbox 371 3850 1942 3924">
    <p class='ocr_par' dir='ltr' id='par_1_72' title="bbox 371 3850 1942 3924">
     <span class='ocr_line' id='line_1_72' title="bbox 371 3850 1942 3924; baseline -0.002 -15"><span class='ocrx_word' id='word_1_546' title='bbox 371 3851 742 3924; x_wconf 85' lang='lat' dir='ltr'>(a)Particula</span> <span class='ocrx_word' id='word_1_547' title='bbox 756 3868 878 3908; x_wconf 82' lang='lat' dir='ltr'>vero</span> <span class='ocrx_word' id='word_1_548' title='bbox 900 3852 1131 3907; x_wconf 90' lang='lat' dir='ltr'>deestin</span> <span class='ocrx_word' id='word_1_549' title='bbox 1144 3850 1557 3922; x_wconf 88' lang='lat' dir='ltr'>antiquissimo</span> <span class='ocrx_word' id='word_1_550' title='bbox 1576 3851 1942 3924; x_wconf 83' lang='lat' dir='ltr'>Vaticano,et</span> 
     </span>
    </p>
   </div>
   <div class='ocr_carea' id='block_1_73' title="bbox 293 3922 1942 3996">
    <p class='ocr_par' dir='ltr' id='par_1_73' title="bbox 293 3922 1942 3996">
     <span class='ocr_line' id='line_1_73' title="bbox 293 3922 1942 3996; baseline 0.001 -18"><span class='ocrx_word' id='word_1_551' title='bbox 293 3923 360 3978; x_wconf 88' lang='lat' dir='ltr'>in</span> <span class='ocrx_word' id='word_1_552' title='bbox 378 3922 692 3990; x_wconf 78' lang='lat' dir='ltr'>casinensi,</span> <span class='ocrx_word' id='word_1_553' title='bbox 712 3924 815 3996; x_wconf 90' lang='lat' dir='ltr'>qui</span> <span class='ocrx_word' id='word_1_554' title='bbox 837 3927 1174 3996; x_wconf 8' lang='lat' dir='ltr'>postremus?</span> <span class='ocrx_word' id='word_1_555' title='bbox 1191 3940 1295 3995; x_wconf 89' lang='lat' dir='ltr'>pro</span> <span class='ocrx_word' id='word_1_556' title='bbox 1319 3931 1591 3996; x_wconf 80' lang='lat' dir='ltr'>consecrat</span> <span class='ocrx_word' id='word_1_557' title='bbox 1613 3922 1787 3980; x_wconf 86' lang='lat' dir='ltr'>habet</span> <span class='ocrx_word' id='word_1_558' title='bbox 1803 3926 1942 3995; x_wconf 75' lang='lat' dir='ltr'>efﬂi-</span> 
     </span>
    </p>
   </div>
   <div class='ocr_carea' id='block_1_74' title="bbox 294 3994 1699 4068">
    <p class='ocr_par' dir='ltr' id='par_1_74' title="bbox 294 3994 1699 4068">
     <span class='ocr_line' id='line_1_74' title="bbox 294 3994 1699 4068; baseline -0.001 -19"><span class='ocrx_word' id='word_1_559' title='bbox 294 3996 550 4068; x_wconf 9' lang='lat' dir='ltr'>cit.7Post</span> <span class='ocrx_word' id='word_1_560' title='bbox 577 3994 767 4068; x_wconf 80' lang='lat' dir='ltr'>pauca</span> <span class='ocrx_word' id='word_1_561' title='bbox 800 3994 858 4050; x_wconf 81' lang='lat' dir='ltr'>iri</span> <span class='ocrx_word' id='word_1_562' title='bbox 884 3994 1283 4068; x_wconf 32' lang='lat' dir='ltr'>Vatrlaudato</span> <span class='ocrx_word' id='word_1_563' title='bbox 1315 3995 1476 4068; x_wconf 81' lang='lat' dir='ltr'>deest</span> <span class='ocrx_word' id='word_1_564' title='bbox 1505 3996 1699 4068; x_wconf 76' lang='lat' dir='ltr'>nostri.</span> 
     </span>
    </p>
   </div>
   <div class='ocr_carea' id='block_1_75' title="bbox 369 4066 1944 4148">
    <p class='ocr_par' dir='ltr' id='par_1_75' title="bbox 369 4066 1944 4148">
     <span class='ocr_line' id='line_1_75' title="bbox 369 4066 1944 4148; baseline -0.002 -25"><span class='ocrx_word' id='word_1_565' title='bbox 369 4067 547 4148; x_wconf 62' lang='lat' dir='ltr'>Sic</span> <span class='ocrx_word' id='word_1_566' title='bbox 578 4066 700 4148; x_wconf 63' lang='lat' dir='ltr'>tres</span> <span class='ocrx_word' id='word_1_567' title='bbox 729 4066 1646 4148; x_wconf 43' lang='lat' dir='ltr'>praetentioresAnostriIcodices</span> <span class='ocrx_word' id='word_1_568' title='bbox 1678 4066 1944 4148; x_wconf 74' lang='lat' dir='ltr'>etprima</span> 
     </span>
    </p>
   </div>
   <div class='ocr_carea' id='block_1_76' title="bbox 294 4136 1939 4209">
    <p class='ocr_par' dir='ltr' id='par_1_76' title="bbox 294 4136 1939 4209">
     <span class='ocr_line' id='line_1_76' title="bbox 294 4136 1939 4209; baseline -0.002 -16"><span class='ocrx_word' id='word_1_569' title='bbox 294 4136 491 4194; x_wconf 68' lang='lat' dir='ltr'>editio.</span> <span class='ocrx_word' id='word_1_570' title='bbox 508 4136 752 4209; x_wconf 80' lang='lat' dir='ltr'>Reliqui</span> <span class='ocrx_word' id='word_1_571' title='bbox 771 4137 993 4209; x_wconf 86' lang='lat' dir='ltr'>vulgati</span> <span class='ocrx_word' id='word_1_572' title='bbox 1016 4142 1148 4192; x_wconf 89' lang='lat' dir='ltr'>ante</span> <span class='ocrx_word' id='word_1_573' title='bbox 1171 4136 1569 4203; x_wconf 88' lang='lat' dir='ltr'>Quesnellum,</span> <span class='ocrx_word' id='word_1_574' title='bbox 1590 4140 1645 4191; x_wconf 88' lang='lat' dir='ltr'>et</span> <span class='ocrx_word' id='word_1_575' title='bbox 1666 4136 1769 4191; x_wconf 84' lang='lat' dir='ltr'>alii</span> <span class='ocrx_word' id='word_1_576' title='bbox 1795 4155 1939 4192; x_wconf 90' lang='lat' dir='ltr'>mss.</span> 
     </span>
    </p>
   </div>
   <div class='ocr_carea' id='block_1_77' title="bbox 294 4209 1943 4288">
    <p class='ocr_par' dir='ltr' id='par_1_77' title="bbox 294 4209 1943 4288">
     <span class='ocr_line' id='line_1_77' title="bbox 294 4209 1943 4288; baseline -0.001 -24"><span class='ocrx_word' id='word_1_577' title='bbox 294 4225 432 4288; x_wconf 65' lang='lat' dir='ltr'>gum</span> <span class='ocrx_word' id='word_1_578' title='bbox 486 4209 615 4288; x_wconf 84' lang='lat' dir='ltr'>c_o_d.</span> <span class='ocrx_word' id='word_1_579' title='bbox 649 4209 1002 4288; x_wconf 71' lang='lat' dir='ltr'>Gaudiival.,</span> <span class='ocrx_word' id='word_1_580' title='bbox 1040 4212 1105 4288; x_wconf 77' lang='lat' dir='ltr'>et</span> <span class='ocrx_word' id='word_1_581' title='bbox 1133 4209 1489 4288; x_wconf 74' lang='lat' dir='ltr'>rationabiles</span> <span class='ocrx_word' id='word_1_582' title='bbox 1527 4224 1539 4262; x_wconf 92' lang='lat'><strong>:</strong></span> <span class='ocrx_word' id='word_1_583' title='bbox 1572 4225 1719 4288; x_wconf 83' lang='lat' dir='ltr'>quas</span> <span class='ocrx_word' id='word_1_584' title='bbox 1777 4225 1943 4263; x_wconf 90' lang='lat' dir='ltr'>voces</span> 
     </span>
    </p>
   </div>
   <div class='ocr_carea' id='block_1_78' title="bbox 291 4279 1659 4351">
    <p class='ocr_par' dir='ltr' id='par_1_78' title="bbox 291 4279 1659 4351">
     <span class='ocr_line' id='line_1_78' title="bbox 291 4279 1659 4351; baseline -0.002 -15"><span class='ocrx_word' id='word_1_585' title='bbox 291 4279 640 4344; x_wconf 86' lang='lat' dir='ltr'>Quesnellus</span> <span class='ocrx_word' id='word_1_586' title='bbox 670 4279 970 4351; x_wconf 81' lang='lat' dir='ltr'>expunxit,</span> <span class='ocrx_word' id='word_1_587' title='bbox 1001 4284 1056 4336; x_wconf 91' lang='lat' dir='ltr'>et</span> <span class='ocrx_word' id='word_1_588' title='bbox 1085 4280 1335 4351; x_wconf 83' lang='lat' dir='ltr'>margini</span> <span class='ocrx_word' id='word_1_589' title='bbox 1368 4279 1659 4351; x_wconf 75' lang='lat' dir='ltr'>apposuit.</span> 
     </span>
    </p>
   </div>
   <div class='ocr_carea' id='block_1_79' title="bbox 374 4349 1944 4425">
    <p class='ocr_par' dir='ltr' id='par_1_79' title="bbox 374 4349 1944 4425">
     <span class='ocr_line' id='line_1_79' title="bbox 374 4349 1944 4425; baseline -0.001 -18"><span class='ocrx_word' id='word_1_590' title='bbox 374 4353 437 4425; x_wconf 76' lang='grc' dir='ltr'>(ο)</span> <span class='ocrx_word' id='word_1_591' title='bbox 467 4356 554 4407; x_wconf 87' lang='lat' dir='ltr'>Ita</span> <span class='ocrx_word' id='word_1_592' title='bbox 570 4357 696 4425; x_wconf 74' lang='lat' dir='ltr'>tres</span> <span class='ocrx_word' id='word_1_593' title='bbox 718 4349 862 4406; x_wconf 79' lang='lat' dir='ltr'>mss.</span> <span class='ocrx_word' id='word_1_594' title='bbox 886 4351 1145 4407; x_wconf 85' lang='lat' dir='ltr'>Vaticani</span> <span class='ocrx_word' id='word_1_595' title='bbox 1167 4349 1796 4425; x_wconf 27' lang='lat' dir='ltr'>etunus&#39;B‘ononiensis</span> <span class='ocrx_word' id='word_1_596' title='bbox 1810 4366 1944 4425; x_wconf 75' lang='lat' dir='ltr'>cum</span> 
     </span>
    </p>
   </div>
   <div class='ocr_carea' id='block_1_80' title="bbox 295 4421 1945 4494">
    <p class='ocr_par' dir='ltr' id='par_1_80' title="bbox 295 4421 1945 4494">
     <span class='ocr_line' id='line_1_80' title="bbox 295 4421 1945 4494; baseline 0 -18"><span class='ocrx_word' id='word_1_597' title='bbox 295 4421 491 4494; x_wconf 83' lang='lat' dir='ltr'>prima</span> <span class='ocrx_word' id='word_1_598' title='bbox 519 4423 811 4488; x_wconf 84' lang='lat' dir='ltr'>editione;</span> <span class='ocrx_word' id='word_1_599' title='bbox 835 4426 890 4478; x_wconf 88' lang='lat' dir='ltr'>et</span> <span class='ocrx_word' id='word_1_600' title='bbox 911 4439 1050 4478; x_wconf 89' lang='lat' dir='ltr'>sane</span> <span class='ocrx_word' id='word_1_601' title='bbox 1072 4423 1303 4487; x_wconf 89' lang='lat' dir='ltr'>melius,</span> <span class='ocrx_word' id='word_1_602' title='bbox 1325 4438 1458 4478; x_wconf 90' lang='lat' dir='ltr'>cum</span> <span class='ocrx_word' id='word_1_603' title='bbox 1490 4421 1688 4494; x_wconf 67' lang='lat' dir='ltr'>S.Leo</span> <span class='ocrx_word' id='word_1_604' title='bbox 1717 4421 1945 4476; x_wconf 89' lang='lat' dir='ltr'>audito-</span> 
     </span>
    </p>
   </div>
   <div class='ocr_carea' id='block_1_81' title="bbox 299 4493 1949 4567">
    <p class='ocr_par' dir='ltr' id='par_1_81' title="bbox 299 4493 1949 4567">
     <span class='ocr_line' id='line_1_81' title="bbox 299 4493 1949 4567; baseline -0.001 -19"><span class='ocrx_word' id='word_1_605' title='bbox 299 4493 402 4548; x_wconf 73' lang='lat' dir='ltr'>res</span> <span class='ocrx_word' id='word_1_606' title='bbox 436 4494 653 4567; x_wconf 81' lang='lat' dir='ltr'>laudet,</span> <span class='ocrx_word' id='word_1_607' title='bbox 677 4493 778 4565; x_wconf 91' lang='lat' dir='ltr'>qui</span> <span class='ocrx_word' id='word_1_608' title='bbox 810 4494 882 4549; x_wconf 89' lang='lat' dir='ltr'>de</span> <span class='ocrx_word' id='word_1_609' title='bbox 902 4495 1278 4567; x_wconf 19' lang='lat' dir='ltr'>Aprovectione</span> <span class='ocrx_word' id='word_1_610' title='bbox 1311 4493 1808 4567; x_wconf 6' lang='lat' dir='ltr'>seugordinatione</span> <span class='ocrx_word' id='word_1_611' title='bbox 1841 4509 1949 4567; x_wconf 83' lang='lat' dir='ltr'>sua</span> 
     </span>
    </p>
   </div>
   <div class='ocr_carea' id='block_1_82' title="bbox 297 4564 1947 4644">
    <p class='ocr_par' dir='ltr' id='par_1_82' title="bbox 297 4564 1947 4644">
     <span class='ocr_line' id='line_1_82' title="bbox 297 4564 1947 4644; baseline 0.001 -25"><span class='ocrx_word' id='word_1_612' title='bbox 297 4564 952 4644; x_wconf 31' lang='lat' dir='ltr'>tanquamde’proprip</span> <span class='ocrx_word' id='word_1_613' title='bbox 980 4564 1198 4644; x_wconf 80' lang='lat' dir='ltr'>honore</span> <span class='ocrx_word' id='word_1_614' title='bbox 1227 4565 1582 4644; x_wconf 69' lang='lat' dir='ltr'>gaudebant.</span> <span class='ocrx_word' id='word_1_615' title='bbox 1619 4565 1689 4644; x_wconf 70' lang='lat' dir='ltr'>In</span> <span class='ocrx_word' id='word_1_616' title='bbox 1726 4564 1947 4623; x_wconf 68' lang='lat' dir='ltr'>caeteris</span> 
     </span>
    </p>
   </div>
   <div class='ocr_carea' id='block_1_83' title="bbox 304 4634 1947 4709">
    <p class='ocr_par' dir='ltr' id='par_1_83' title="bbox 304 4634 1947 4709">
     <span class='ocr_line' id='line_1_83' title="bbox 304 4634 1947 4709; baseline 0.001 -20"><span class='ocrx_word' id='word_1_617' title='bbox 304 4634 477 4709; x_wconf 73' lang='lat' dir='ltr'>editis</span> <span class='ocrx_word' id='word_1_618' title='bbox 499 4640 553 4692; x_wconf 88' lang='lat' dir='ltr'>et</span> <span class='ocrx_word' id='word_1_619' title='bbox 584 4636 643 4690; x_wconf 92' lang='lat' dir='ltr'>in</span> <span class='ocrx_word' id='word_1_620' title='bbox 670 4634 971 4692; x_wconf 77' lang='lat' dir='ltr'>nonnullis</span> <span class='ocrx_word' id='word_1_621' title='bbox 992 4637 1184 4705; x_wconf 90' lang='lat' dir='ltr'>codd.,</span> <span class='ocrx_word' id='word_1_622' title='bbox 1208 4634 1384 4705; x_wconf 61' lang='lat' dir='ltr'>nobis;</span> <span class='ocrx_word' id='word_1_623' title='bbox 1410 4637 1466 4692; x_wconf 91' lang='lat' dir='ltr'>in</span> <span class='ocrx_word' id='word_1_624' title='bbox 1492 4635 1788 4709; x_wconf 89' lang='lat' dir='ltr'>aliquibus</span> <span class='ocrx_word' id='word_1_625' title='bbox 1802 4653 1947 4691; x_wconf 86' lang='lat' dir='ltr'>mss.</span> 
     </span>
    </p>
   </div>
   <div class='ocr_carea' id='block_1_84' title="bbox 308 4705 707 4763">
    <p class='ocr_par' dir='ltr' id='par_1_84' title="bbox 308 4705 707 4763">
     <span class='ocr_line' id='line_1_84' title="bbox 308 4705 707 4763; baseline 0 -2"><span class='ocrx_word' id='word_1_626' title='bbox 308 4705 474 4762; x_wconf 88' lang='lat' dir='ltr'>deest</span> <span class='ocrx_word' id='word_1_627' title='bbox 502 4715 707 4763; x_wconf 83' lang='lat' dir='ltr'>tamen.</span> 
     </span>
    </p>
   </div>
   <div class='ocr_carea' id='block_1_85' title="bbox 388 4777 1951 4861">
    <p class='ocr_par' dir='ltr' id='par_1_85' title="bbox 388 4777 1951 4861">
     <span class='ocr_line' id='line_1_85' title="bbox 388 4777 1951 4861; baseline 0.001 -29"><span class='ocrx_word' id='word_1_628' title='bbox 388 4777 458 4848; x_wconf 80' lang='grc' dir='ltr'>(ἀ)</span> <span class='ocrx_word' id='word_1_629' title='bbox 474 4778 928 4861; x_wconf 64' lang='lat' dir='ltr'>Vetustissimus</span> <span class='ocrx_word' id='word_1_630' title='bbox 966 4777 1278 4861; x_wconf 48' lang='lat' dir='ltr'>V&#39;aticanus</span> <span class='ocrx_word' id='word_1_631' title='bbox 1296 4778 1512 4861; x_wconf 67' lang='lat' dir='ltr'>omittit</span> <span class='ocrx_word' id='word_1_632' title='bbox 1532 4778 1836 4861; x_wconf 84' lang='lat' dir='ltr'>sequentia</span> <span class='ocrx_word' id='word_1_633' title='bbox 1851 4795 1951 4861; x_wconf 62' lang='lat' dir='ltr'>ps—</span> 
     </span>
    </p>
   </div>
   <div class='ocr_carea' id='block_1_86' title="bbox 316 4847 1952 4932">
    <p class='ocr_par' dir='ltr' id='par_1_86' title="bbox 316 4847 1952 4932">
     <span class='ocr_line' id='line_1_86' title="bbox 316 4847 1952 4932; baseline 0.002 -30"><span class='ocrx_word' id='word_1_634' title='bbox 316 4862 430 4929; x_wconf 40' lang='lat' dir='ltr'>q&#39;ue</span> <span class='ocrx_word' id='word_1_635' title='bbox 456 4850 528 4932; x_wconf 73' lang='lat' dir='ltr'>ad</span> <span class='ocrx_word' id='word_1_636' title='bbox 554 4852 731 4906; x_wconf 77' lang='lat' dir='ltr'>linem</span> <span class='ocrx_word' id='word_1_637' title='bbox 755 4849 981 4923; x_wconf 87' lang='lat' dir='ltr'>capitis.</span> <span class='ocrx_word' id='word_1_638' title='bbox 998 4847 1173 4905; x_wconf 88' lang='lat' dir='ltr'>Paulo</span> <span class='ocrx_word' id='word_1_639' title='bbox 1191 4854 1323 4922; x_wconf 90' lang='lat' dir='ltr'>post</span> <span class='ocrx_word' id='word_1_640' title='bbox 1350 4850 1597 4921; x_wconf 80' lang='lat' dir='ltr'>dce/fuso</span> <span class='ocrx_word' id='word_1_641' title='bbox 1617 4847 1683 4905; x_wconf 84' lang='lat' dir='ltr'>in</span> <span class='ocrx_word' id='word_1_642' title='bbox 1716 4866 1826 4905; x_wconf 91' lang='lat' dir='ltr'>ms.</span> <span class='ocrx_word' id='word_1_643' title='bbox 1846 4850 1952 4905; x_wconf 88' lang='lat' dir='ltr'>Ca-</span> 
     </span>
    </p>
   </div>
   <div class='ocr_carea' id='block_1_87' title="bbox 321 4934 552 4976">
    <p class='ocr_par' dir='ltr' id='par_1_87' title="bbox 321 4934 552 4976">
     <span class='ocr_line' id='line_1_87' title="bbox 321 4934 552 4976; baseline 0.017 -4"><span class='ocrx_word' id='word_1_644' title='bbox 321 4934 372 4973; x_wconf 75' lang='grc' dir='ltr'>ει</span> <span class='ocrx_word' id='word_1_645' title='bbox 379 4936 530 4976; x_wconf 71' lang='grc'>1161181</span> <span class='ocrx_word' id='word_1_646' title='bbox 541 4964 552 4976; x_wconf 89' lang='grc'><strong>.</strong></span> 
     </span>
    </p>
   </div>
   <div class='ocr_carea' id='block_1_88' title="bbox 396 4990 1954 5063">
    <p class='ocr_par' dir='ltr' id='par_1_88' title="bbox 396 4990 1954 5063">
     <span class='ocr_line' id='line_1_88' title="bbox 396 4990 1954 5063; baseline 0.002 -18"><span class='ocrx_word' id='word_1_647' title='bbox 396 4992 454 5061; x_wconf 75' lang='grc' dir='ltr'>(ε)</span> <span class='ocrx_word' id='word_1_648' title='bbox 473 4990 1167 5063; x_wconf 15' lang='grc' dir='ltr'>Ρι-ωῐιιιὶωυεγιθειὶοῃειῐι</span> <span class='ocrx_word' id='word_1_649' title='bbox 1196 4990 1659 5063; x_wconf 41' lang='lat' dir='ltr'>praestantiorem</span> <span class='ocrx_word' id='word_1_650' title='bbox 1687 4992 1954 5048; x_wconf 89' lang='lat' dir='ltr'>codicum</span> 
     </span>
    </p>
   </div>
   <div class='ocr_carea' id='block_1_89' title="bbox 324 5057 1955 5135">
    <p class='ocr_par' dir='ltr' id='par_1_89' title="bbox 324 5057 1955 5135">
     <span class='ocr_line' id='line_1_89' title="bbox 324 5057 1955 5135; baseline 0.002 -20"><span class='ocrx_word' id='word_1_651' title='bbox 324 5057 474 5135; x_wconf 58' lang='lat' dir='ltr'>Vatt.</span> <span class='ocrx_word' id='word_1_652' title='bbox 502 5067 556 5118; x_wconf 85' lang='lat' dir='ltr'>et</span> <span class='ocrx_word' id='word_1_653' title='bbox 610 5064 740 5119; x_wconf 85' lang='lat' dir='ltr'>Cas.</span> <span class='ocrx_word' id='word_1_654' title='bbox 777 5062 969 5135; x_wconf 84' lang='lat' dir='ltr'>Aliqui</span> <span class='ocrx_word' id='word_1_655' title='bbox 1004 5079 1146 5117; x_wconf 89' lang='lat' dir='ltr'>mss.</span> <span class='ocrx_word' id='word_1_656' title='bbox 1181 5057 1538 5135; x_wconf 76' lang='lat' dir='ltr'>collectionis</span> <span class='ocrx_word' id='word_1_657' title='bbox 1569 5066 1789 5135; x_wconf 70' lang='lat' dir='ltr'>quarta:</span> <span class='ocrx_word' id='word_1_658' title='bbox 1822 5080 1955 5118; x_wconf 89' lang='lat' dir='ltr'>cum</span> 
     </span>
    </p>
   </div>
   <div class='ocr_carea' id='block_1_90' title="bbox 332 5130 1624 5207">
    <p class='ocr_par' dir='ltr' id='par_1_90' title="bbox 332 5130 1624 5207">
     <span class='ocr_line' id='line_1_90' title="bbox 332 5130 1624 5207; baseline 0.001 -21"><span class='ocrx_word' id='word_1_659' title='bbox 332 5130 512 5207; x_wconf 55' lang='lat' dir='ltr'>editis</span> <span class='ocrx_word' id='word_1_660' title='bbox 518 5151 618 5206; x_wconf 88' lang='lat' dir='ltr'>pro</span> <span class='ocrx_word' id='word_1_661' title='bbox 650 5137 834 5207; x_wconf 81' lang='lat' dir='ltr'>ipsius</span> <span class='ocrx_word' id='word_1_662' title='bbox 855 5130 1092 5207; x_wconf 73' lang='lat' dir='ltr'>habent,</span> <span class='ocrx_word' id='word_1_663' title='bbox 1118 5134 1273 5189; x_wconf 84' lang='lat' dir='ltr'>illius</span> <span class='ocrx_word' id='word_1_664' title='bbox 1298 5152 1310 5202; x_wconf 95' lang='lat'><strong>;</strong></span> <span class='ocrx_word' id='word_1_665' title='bbox 1335 5133 1454 5203; x_wconf 89' lang='lat' dir='ltr'>alii,</span> <span class='ocrx_word' id='word_1_666' title='bbox 1486 5130 1624 5207; x_wconf 76' lang='lat' dir='ltr'>ejus.</span> 
     </span>
    </p>
   </div>
   <div class='ocr_carea' id='block_1_91' title="bbox 404 5203 1960 5276">
    <p class='ocr_par' dir='ltr' id='par_1_91' title="bbox 404 5203 1960 5276">
     <span class='ocr_line' id='line_1_91' title="bbox 404 5203 1960 5276; baseline -0.001 -17"><span class='ocrx_word' id='word_1_667' title='bbox 404 5203 463 5276; x_wconf 59' lang='grc' dir='ltr'>(ᾖ</span> <span class='ocrx_word' id='word_1_668' title='bbox 478 5203 604 5261; x_wconf 75' lang='lat' dir='ltr'>Erat</span> <span class='ocrx_word' id='word_1_669' title='bbox 620 5203 684 5261; x_wconf 77' lang='lat' dir='ltr'>in</span> <span class='ocrx_word' id='word_1_670' title='bbox 698 5205 891 5261; x_wconf 87' lang='lat' dir='ltr'>editis:</span> <span class='ocrx_word' id='word_1_671' title='bbox 920 5205 1142 5263; x_wconf 77' lang='lat' dir='ltr'>Verbum</span> <span class='ocrx_word' id='word_1_672' title='bbox 1163 5222 1310 5276; x_wconf 70' lang='lat' dir='ltr'>enim</span> <span class='ocrx_word' id='word_1_673' title='bbox 1327 5222 1453 5260; x_wconf 86' lang='lat' dir='ltr'>caro</span> <span class='ocrx_word' id='word_1_674' title='bbox 1468 5203 1675 5275; x_wconf 77' lang='lat' dir='ltr'>factum</span> <span class='ocrx_word' id='word_1_675' title='bbox 1691 5207 1804 5275; x_wconf 62' lang='lat' dir='ltr'>fuci</span> <span class='ocrx_word' id='word_1_676' title='bbox 1820 5211 1892 5271; x_wconf 87' lang='lat' dir='ltr'>at,</span> <span class='ocrx_word' id='word_1_677' title='bbox 1907 5208 1960 5259; x_wconf 88' lang='lat' dir='ltr'>et</span> 
     </span>
    </p>
   </div>
   <div class='ocr_carea' id='block_1_92' title="bbox 338 5269 1960 5349">
    <p class='ocr_par' dir='ltr' id='par_1_92' title="bbox 338 5269 1960 5349">
     <span class='ocr_line' id='line_1_92' title="bbox 338 5269 1960 5349; baseline 0.002 -23"><span class='ocrx_word' id='word_1_678' title='bbox 338 5269 594 5349; x_wconf 53' lang='lat' dir='ltr'>habitabat</span> <span class='ocrx_word' id='word_1_679' title='bbox 603 5280 726 5349; x_wconf 86' lang='lat' dir='ltr'>jam</span> <span class='ocrx_word' id='word_1_680' title='bbox 762 5279 823 5332; x_wconf 85' lang='lat' dir='ltr'>in</span> <span class='ocrx_word' id='word_1_681' title='bbox 860 5279 1039 5343; x_wconf 81' lang='lat' dir='ltr'>nobis,</span> <span class='ocrx_word' id='word_1_682' title='bbox 1072 5269 1736 5349; x_wconf 57' lang='lat' dir='ltr'>utreparando&#39;ﬁumano</span> <span class='ocrx_word' id='word_1_683' title='bbox 1772 5269 1960 5349; x_wconf 77' lang='lat' dir='ltr'>generi</span> 
     </span>
    </p>
   </div>
   <div class='ocr_carea' id='block_1_93' title="bbox 341 5344 1963 5425">
    <p class='ocr_par' dir='ltr' id='par_1_93' title="bbox 341 5344 1963 5425">
     <span class='ocr_line' id='line_1_93' title="bbox 341 5344 1963 5425; baseline 0.003 -27"><span class='ocrx_word' id='word_1_684' title='bbox 341 5344 489 5425; x_wconf 61' lang='lat' dir='ltr'>totum</span> <span class='ocrx_word' id='word_1_685' title='bbox 516 5364 570 5425; x_wconf 70' lang='lat' dir='ltr'>se</span> <span class='ocrx_word' id='word_1_686' title='bbox 595 5344 842 5425; x_wconf 58' lang='lat' dir='ltr'>Christus</span> <span class='ocrx_word' id='word_1_687' title='bbox 863 5344 1222 5425; x_wconf 51' lang='lat' dir='ltr'>impenderet:</span> <span class='ocrx_word' id='word_1_688' title='bbox 1242 5348 1425 5425; x_wconf 77' lang='lat' dir='ltr'>Magis</span> <span class='ocrx_word' id='word_1_689' title='bbox 1444 5346 1663 5425; x_wconf 85' lang='lat' dir='ltr'>placuit</span> <span class='ocrx_word' id='word_1_690' title='bbox 1677 5346 1844 5425; x_wconf 79' lang='lat' dir='ltr'>lectio</span> <span class='ocrx_word' id='word_1_691' title='bbox 1875 5365 1963 5403; x_wconf 87' lang='lat' dir='ltr'>vc-</span> 
     </span>
    </p>
   </div>
   <div class='ocr_carea' id='block_1_94' title="bbox 343 5416 1962 5490">
    <p class='ocr_par' dir='ltr' id='par_1_94' title="bbox 343 5416 1962 5490">
     <span class='ocr_line' id='line_1_94' title="bbox 343 5416 1962 5490; baseline 0.004 -22"><span class='ocrx_word' id='word_1_692' title='bbox 343 5416 1001 5490; x_wconf 66' lang='lat' dir='ltr'>tustissimiVaticaniet</span> <span class='ocrx_word' id='word_1_693' title='bbox 1020 5416 1371 5487; x_wconf 56' lang='lat' dir='ltr'>Casinensis&#39;,</span> <span class='ocrx_word' id='word_1_694' title='bbox 1406 5416 1583 5490; x_wconf 75' lang='lat' dir='ltr'>quam</span> <span class='ocrx_word' id='word_1_695' title='bbox 1616 5418 1789 5490; x_wconf 84' lang='lat' dir='ltr'>etiam</span> <span class='ocrx_word' id='word_1_696' title='bbox 1824 5435 1962 5474; x_wconf 86' lang='lat' dir='ltr'>con—</span> 
     </span>
    </p>
   </div>
   <div class='ocr_carea' id='block_1_95' title="bbox 346 5483 1962 5563">
    <p class='ocr_par' dir='ltr' id='par_1_95' title="bbox 346 5483 1962 5563">
     <span class='ocr_line' id='line_1_95' title="bbox 346 5483 1962 5563; baseline 0.004 -25"><span class='ocrx_word' id='word_1_697' title='bbox 346 5483 558 5544; x_wconf 83' lang='lat' dir='ltr'>ﬁrmant</span> <span class='ocrx_word' id='word_1_698' title='bbox 587 5508 731 5547; x_wconf 88' lang='lat' dir='ltr'>mss.</span> <span class='ocrx_word' id='word_1_699' title='bbox 754 5490 1164 5548; x_wconf 87' lang='lat' dir='ltr'>collectionum</span> <span class='ocrx_word' id='word_1_700' title='bbox 1190 5483 1494 5563; x_wconf 44' lang='lat' dir='ltr'>quartae-et</span> <span class='ocrx_word' id='word_1_701' title='bbox 1526 5489 1744 5563; x_wconf 80' lang='lat' dir='ltr'>quintae</span> <span class='ocrx_word' id='word_1_702' title='bbox 1771 5490 1962 5561; x_wconf 88' lang='lat' dir='ltr'>quoad</span> 
     </span>
    </p>
   </div>
   <div class='ocr_carea' id='block_1_96' title="bbox 347 5561 1831 5634">
    <p class='ocr_par' dir='ltr' id='par_1_96' title="bbox 347 5561 1831 5634">
     <span class='ocr_line' id='line_1_96' title="bbox 347 5561 1831 5634; baseline 0.003 -22"><span class='ocrx_word' id='word_1_703' title='bbox 347 5563 671 5634; x_wconf 75' lang='lat' dir='ltr'>postremam</span> <span class='ocrx_word' id='word_1_704' title='bbox 706 5566 932 5634; x_wconf 83' lang='lat' dir='ltr'>partem</span> <span class='ocrx_word' id='word_1_705' title='bbox 961 5572 1013 5619; x_wconf 83' lang='lat' dir='ltr'>et</span> <span class='ocrx_word' id='word_1_706' title='bbox 1034 5561 1452 5634; x_wconf 74' lang='lat' dir='ltr'>reparando,....</span> <span class='ocrx_word' id='word_1_707' title='bbox 1474 5561 1831 5634; x_wconf 79' lang='lat' dir='ltr'>impenderat.</span> 
     </span>
    </p>
   </div>
   <div class='ocr_carea' id='block_1_97' title="bbox 414 5631 1965 5706">
    <p class='ocr_par' dir='ltr' id='par_1_97' title="bbox 414 5631 1965 5706">
     <span class='ocr_line' id='line_1_97' title="bbox 414 5631 1965 5706; baseline 0 -19"><span class='ocrx_word' id='word_1_708' title='bbox 414 5651 436 5678; x_wconf 70' lang='grc' dir='ltr'>α</span> <span class='ocrx_word' id='word_1_709' title='bbox 466 5631 544 5689; x_wconf 86' lang='lat' dir='ltr'>Ita</span> <span class='ocrx_word' id='word_1_710' title='bbox 569 5631 772 5689; x_wconf 72' lang='lat' dir='ltr'>omnes</span> <span class='ocrx_word' id='word_1_711' title='bbox 805 5634 944 5690; x_wconf 90' lang='lat' dir='ltr'>editi</span> <span class='ocrx_word' id='word_1_712' title='bbox 1003 5638 1061 5689; x_wconf 89' lang='lat' dir='ltr'>et</span> <span class='ocrx_word' id='word_1_713' title='bbox 1090 5631 1354 5700; x_wconf 52' lang='lat' dir='ltr'>&#39;codiccs,</span> <span class='ocrx_word' id='word_1_714' title='bbox 1377 5631 1614 5706; x_wconf 78' lang='lat' dir='ltr'>excepto</span> <span class='ocrx_word' id='word_1_715' title='bbox 1643 5632 1965 5702; x_wconf 84' lang='lat' dir='ltr'>Casincnsi,</span> 
     </span>
    </p>
   </div>
   <div class='ocr_carea' id='block_1_98' title="bbox 2043 3280 3690 3354">
    <p class='ocr_par' dir='ltr' id='par_1_98' title="bbox 2043 3280 3690 3354">
     <span class='ocr_line' id='line_1_98' title="bbox 2043 3280 3690 3354; baseline 0.001 -14"><span class='ocrx_word' id='word_1_716' title='bbox 2043 3290 2264 3341; x_wconf 86' lang='lat' dir='ltr'>struam</span> <span class='ocrx_word' id='word_1_717' title='bbox 2302 3280 2608 3354; x_wconf 87' lang='lat' dir='ltr'>templum,</span> <span class='ocrx_word' id='word_1_718' title='bbox 2642 3285 2697 3337; x_wconf 87' lang='lat' dir='ltr'>et</span> <span class='ocrx_word' id='word_1_719' title='bbox 2743 3281 3009 3337; x_wconf 78' lang='lat' dir='ltr'>Ecclesiae</span> <span class='ocrx_word' id='word_1_720' title='bbox 3042 3300 3181 3339; x_wconf 67' lang='lat' dir='ltr'>mea:</span> <span class='ocrx_word' id='word_1_721' title='bbox 3214 3283 3354 3341; x_wconf 56' lang='lat' dir='ltr'>caelo</span> <span class='ocrx_word' id='word_1_722' title='bbox 3387 3285 3690 3342; x_wconf 87' lang='lat' dir='ltr'>inferenda</span> 
     </span>
    </p>
   </div>
   <div class='ocr_carea' id='block_1_99' title="bbox 2044 3370 3490 3446">
    <p class='ocr_par' dir='ltr' id='par_1_99' title="bbox 2044 3370 3490 3446">
     <span class='ocr_line' id='line_1_99' title="bbox 2044 3370 3490 3446; baseline 0.001 -18"><span class='ocrx_word' id='word_1_723' title='bbox 2044 3372 2377 3428; x_wconf 85' lang='lat' dir='ltr'>sublimitas</span> <span class='ocrx_word' id='word_1_724' title='bbox 2400 3370 2456 3425; x_wconf 90' lang='lat' dir='ltr'>in</span> <span class='ocrx_word' id='word_1_725' title='bbox 2481 3370 2660 3441; x_wconf 84' lang='lat' dir='ltr'>hujus</span> <span class='ocrx_word' id='word_1_726' title='bbox 2687 3371 2817 3425; x_wconf 81' lang='lat' dir='ltr'>fidei</span> <span class='ocrx_word' id='word_1_727' title='bbox 2854 3371 3129 3427; x_wconf 85' lang='lat' dir='ltr'>ﬁrmitate</span> <span class='ocrx_word' id='word_1_728' title='bbox 3160 3378 3490 3446; x_wconf 85' lang='lat' dir='ltr'>consurget.</span> 
     </span>
    </p>
   </div>
   <div class='ocr_carea' id='block_1_100' title="bbox 2116 3459 3689 3531">
    <p class='ocr_par' dir='ltr' id='par_1_100' title="bbox 2116 3459 3689 3531">
     <span class='ocr_line' id='line_1_100' title="bbox 2116 3459 3689 3531; baseline 0.003 -16"><span class='ocrx_word' id='word_1_729' title='bbox 2116 3461 2245 3515; x_wconf 64' lang='lat' dir='ltr'>Cir.</span> <span class='ocrx_word' id='word_1_730' title='bbox 2266 3460 2358 3514; x_wconf 84' lang='lat' dir='ltr'>lli.</span> <span class='ocrx_word' id='word_1_731' title='bbox 2382 3460 2630 3513; x_wconf 88' lang='lat' dir='ltr'>—-Hanc</span> <span class='ocrx_word' id='word_1_732' title='bbox 2661 3459 3088 3514; x_wconf 84' lang='lat' dir='ltr'>confessionem</span> <span class='ocrx_word' id='word_1_733' title='bbox 3147 3466 3325 3531; x_wconf 72' lang='lat' dir='ltr'>portze</span> <span class='ocrx_word' id='word_1_734' title='bbox 3371 3462 3543 3519; x_wconf 82' lang='lat' dir='ltr'>inferi</span> <span class='ocrx_word' id='word_1_735' title='bbox 3575 3481 3689 3520; x_wconf 90' lang='lat' dir='ltr'>non</span> 
     </span>
    </p>
   </div>
   <div class='ocr_carea' id='block_1_101' title="bbox 2045 3546 3690 3621">
    <p class='ocr_par' dir='ltr' id='par_1_101' title="bbox 2045 3546 3690 3621">
     <span class='ocr_line' id='line_1_101' title="bbox 2045 3546 3690 3621; baseline 0.001 -15"><span class='ocrx_word' id='word_1_736' title='bbox 2045 3550 2345 3614; x_wconf 89' lang='lat' dir='ltr'>tenebunt,</span> <span class='ocrx_word' id='word_1_737' title='bbox 2364 3548 2567 3601; x_wconf 90' lang='lat' dir='ltr'>mortis</span> <span class='ocrx_word' id='word_1_738' title='bbox 2580 3546 2814 3602; x_wconf 88' lang='lat' dir='ltr'>vincula</span> <span class='ocrx_word' id='word_1_739' title='bbox 2835 3564 2948 3601; x_wconf 92' lang='lat' dir='ltr'>non</span> <span class='ocrx_word' id='word_1_740' title='bbox 2971 3546 3367 3618; x_wconf 72' lang='lat' dir='ltr'>ligabuntwox</span> <span class='ocrx_word' id='word_1_741' title='bbox 3380 3550 3536 3606; x_wconf 91' lang='lat' dir='ltr'>enim</span> <span class='ocrx_word' id='word_1_742' title='bbox 3554 3551 3690 3621; x_wconf 89' lang='lat' dir='ltr'>ista,</span> 
     </span>
    </p>
   </div>
   <div class='ocr_carea' id='block_1_102' title="bbox 2044 3634 3695 3696">
    <p class='ocr_par' dir='ltr' id='par_1_102' title="bbox 2044 3634 3695 3696">
     <span class='ocr_line' id='line_1_102' title="bbox 2044 3634 3695 3696; baseline 0.001 -3"><span class='ocrx_word' id='word_1_743' title='bbox 2044 3656 2153 3695; x_wconf 85' lang='lat' dir='ltr'>vox</span> <span class='ocrx_word' id='word_1_744' title='bbox 2200 3637 2328 3691; x_wconf 66' lang='lat' dir='ltr'>vitre</span> <span class='ocrx_word' id='word_1_745' title='bbox 2360 3637 2555 3691; x_wconf 85' lang='lat' dir='ltr'>est.Et</span> <span class='ocrx_word' id='word_1_746' title='bbox 2593 3634 2743 3691; x_wconf 89' lang='lat' dir='ltr'>sicut</span> <span class='ocrx_word' id='word_1_747' title='bbox 2768 3634 3131 3691; x_wconf 85' lang='lat' dir='ltr'>confessores</span> <span class='ocrx_word' id='word_1_748' title='bbox 3180 3652 3319 3692; x_wconf 89' lang='lat' dir='ltr'>suos</span> <span class='ocrx_word' id='word_1_749' title='bbox 3346 3638 3403 3693; x_wconf 88' lang='lat' dir='ltr'>in</span> <span class='ocrx_word' id='word_1_750' title='bbox 3436 3639 3695 3696; x_wconf 58' lang='lat' dir='ltr'>caelestia</span> 
     </span>
    </p>
   </div>
   <div class='ocr_carea' id='block_1_103' title="bbox 2047 3723 3695 3801">
    <p class='ocr_par' dir='ltr' id='par_1_103' title="bbox 2047 3723 3695 3801">
     <span class='ocr_line' id='line_1_103' title="bbox 2047 3723 3695 3801; baseline 0.001 -19"><span class='ocrx_word' id='word_1_751' title='bbox 2047 3725 2328 3801; x_wconf 81' lang='lat' dir='ltr'>provehit,</span> <span class='ocrx_word' id='word_1_752' title='bbox 2344 3725 2425 3779; x_wconf 91' lang='lat' dir='ltr'>ita</span> <span class='ocrx_word' id='word_1_753' title='bbox 2446 3728 2749 3797; x_wconf 84' lang='lat' dir='ltr'>negatores</span> <span class='ocrx_word' id='word_1_754' title='bbox 2768 3723 2838 3778; x_wconf 92' lang='lat' dir='ltr'>ad</span> <span class='ocrx_word' id='word_1_755' title='bbox 2860 3723 3086 3779; x_wconf 83' lang='lat' dir='ltr'>inferna</span> <span class='ocrx_word' id='word_1_756' title='bbox 3115 3725 3419 3799; x_wconf 89' lang='lat' dir='ltr'>demergit.</span> <span class='ocrx_word' id='word_1_757' title='bbox 3455 3727 3695 3801; x_wconf 88' lang='lat' dir='ltr'>Propter</span> 
     </span>
    </p>
   </div>
   <div class='ocr_carea' id='block_1_104' title="bbox 2049 3847 3695 3928">
    <p class='ocr_par' dir='ltr' id='par_1_104' title="bbox 2049 3847 3695 3928">
     <span class='ocr_line' id='line_1_104' title="bbox 2049 3847 3695 3928; baseline 0.002 -22"><span class='ocrx_word' id='word_1_758' title='bbox 2049 3853 2146 3925; x_wconf 89' lang='lat' dir='ltr'>qui</span> <span class='ocrx_word' id='word_1_759' title='bbox 2190 3868 2291 3928; x_wconf 73' lang='lat' dir='ltr'>pro</span> <span class='ocrx_word' id='word_1_760' title='bbox 2337 3848 2723 3928; x_wconf 66' lang='lat' dir='ltr'>ministrabant</span> <span class='ocrx_word' id='word_1_761' title='bbox 2768 3847 2959 3928; x_wconf 68' lang='lat' dir='ltr'>habet</span> <span class='ocrx_word' id='word_1_762' title='bbox 2992 3849 3312 3928; x_wconf 65' lang='lat' dir='ltr'>adorabunt.</span> <span class='ocrx_word' id='word_1_763' title='bbox 3347 3851 3695 3928; x_wconf 78' lang='lat' dir='ltr'>Quesnellus</span> 
     </span>
    </p>
   </div>
   <div class='ocr_carea' id='block_1_105' title="bbox 2049 3918 3694 3987">
    <p class='ocr_par' dir='ltr' id='par_1_105' title="bbox 2049 3918 3694 3987">
     <span class='ocr_line' id='line_1_105' title="bbox 2049 3918 3694 3987; baseline 0.001 -8"><span class='ocrx_word' id='word_1_764' title='bbox 2049 3918 2269 3980; x_wconf 71' lang='lat' dir='ltr'>notavit</span> <span class='ocrx_word' id='word_1_765' title='bbox 2318 3920 2401 3976; x_wconf 92' lang='lat' dir='ltr'>sic</span> <span class='ocrx_word' id='word_1_766' title='bbox 2434 3920 2543 3987; x_wconf 73' lang='lat' dir='ltr'>logi</span> <span class='ocrx_word' id='word_1_767' title='bbox 2577 3937 2689 3975; x_wconf 91' lang='lat' dir='ltr'>non</span> <span class='ocrx_word' id='word_1_768' title='bbox 2722 3918 2913 3975; x_wconf 90' lang='lat' dir='ltr'>solum</span> <span class='ocrx_word' id='word_1_769' title='bbox 2946 3919 3004 3975; x_wconf 90' lang='lat' dir='ltr'>in</span> <span class='ocrx_word' id='word_1_770' title='bbox 3037 3922 3230 3986; x_wconf 88' lang='lat' dir='ltr'>editis,</span> <span class='ocrx_word' id='word_1_771' title='bbox 3264 3918 3374 3977; x_wconf 69' lang='lat' dir='ltr'>sed&#39;</span> <span class='ocrx_word' id='word_1_772' title='bbox 3424 3923 3599 3980; x_wconf 87' lang='lat' dir='ltr'>etiam</span> <span class='ocrx_word' id='word_1_773' title='bbox 3634 3925 3694 3981; x_wconf 92' lang='lat' dir='ltr'>in</span> 
     </span>
    </p>
   </div>
   <div class='ocr_carea' id='block_1_106' title="bbox 2050 3991 3693 4062">
    <p class='ocr_par' dir='ltr' id='par_1_106' title="bbox 2050 3991 3693 4062">
     <span class='ocr_line' id='line_1_106' title="bbox 2050 3991 3693 4062; baseline 0.001 -11"><span class='ocrx_word' id='word_1_774' title='bbox 2050 3992 2533 4051; x_wconf 84' lang='lat' dir='ltr'>mss.Gaudiiva|.</span> <span class='ocrx_word' id='word_1_775' title='bbox 2560 3998 2632 4046; x_wconf 74' lang='lat' dir='ltr'>At</span> <span class='ocrx_word' id='word_1_776' title='bbox 2668 4008 2782 4062; x_wconf 90' lang='lat' dir='ltr'>quo</span> <span class='ocrx_word' id='word_1_777' title='bbox 2808 3991 3200 4048; x_wconf 87' lang='lat' dir='ltr'>fultuscodice</span> <span class='ocrx_word' id='word_1_778' title='bbox 3218 3993 3367 4048; x_wconf 91' lang='lat' dir='ltr'>hanc</span> <span class='ocrx_word' id='word_1_779' title='bbox 3386 3993 3693 4052; x_wconf 88' lang='lat' dir='ltr'>lectionem</span> 
     </span>
    </p>
   </div>
   <div class='ocr_carea' id='block_1_107' title="bbox 2049 4063 3697 4125">
    <p class='ocr_par' dir='ltr' id='par_1_107' title="bbox 2049 4063 3697 4125">
     <span class='ocr_line' id='line_1_107' title="bbox 2049 4063 3697 4125; baseline 0.001 -2"><span class='ocrx_word' id='word_1_780' title='bbox 2049 4065 2378 4123; x_wconf 79' lang='lat' dir='ltr'>excluserit.</span> <span class='ocrx_word' id='word_1_781' title='bbox 2402 4067 2459 4117; x_wconf 85' lang='lat' dir='ltr'>et</span> <span class='ocrx_word' id='word_1_782' title='bbox 2514 4063 2570 4117; x_wconf 91' lang='lat' dir='ltr'>in</span> <span class='ocrx_word' id='word_1_783' title='bbox 2604 4069 2757 4118; x_wconf 78' lang='lat' dir='ltr'>textu</span> <span class='ocrx_word' id='word_1_784' title='bbox 2788 4063 3035 4118; x_wconf 88' lang='lat' dir='ltr'>ediderit</span> <span class='ocrx_word' id='word_1_785' title='bbox 3068 4082 3080 4119; x_wconf 87' lang='lat'><strong>:</strong></span> <span class='ocrx_word' id='word_1_786' title='bbox 3115 4066 3554 4121; x_wconf 85' lang='lat' dir='ltr'>Famulabanlur</span> <span class='ocrx_word' id='word_1_787' title='bbox 3592 4070 3697 4125; x_wconf 83' lang='lat' dir='ltr'>ele-</span> 
     </span>
    </p>
   </div>
   <div class='ocr_carea' id='block_1_108' title="bbox 2048 4135 3526 4206">
    <p class='ocr_par' dir='ltr' id='par_1_108' title="bbox 2048 4135 3526 4206">
     <span class='ocr_line' id='line_1_108' title="bbox 2048 4135 3526 4206; baseline 0 -14"><span class='ocrx_word' id='word_1_788' title='bbox 2048 4142 2252 4201; x_wconf 78' lang='lat' dir='ltr'>menta,</span> <span class='ocrx_word' id='word_1_789' title='bbox 2284 4135 2510 4206; x_wconf 81' lang='lat' dir='ltr'>spiritus</span> <span class='ocrx_word' id='word_1_790' title='bbox 2540 4136 2777 4202; x_wconf 61' lang='lat' dir='ltr'>angelici</span> <span class='ocrx_word' id='word_1_791' title='bbox 2798 4136 3127 4206; x_wconf 79' lang='lat' dir='ltr'>serviebant,</span> <span class='ocrx_word' id='word_1_792' title='bbox 3162 4153 3275 4192; x_wconf 89' lang='lat' dir='ltr'>non</span> <span class='ocrx_word' id='word_1_793' title='bbox 3310 4136 3526 4192; x_wconf 90' lang='lat' dir='ltr'>docuit.</span> 
     </span>
    </p>
   </div>
   <div class='ocr_carea' id='block_1_109' title="bbox 2125 4205 3693 4280">
    <p class='ocr_par' dir='ltr' id='par_1_109' title="bbox 2125 4205 3693 4280">
     <span class='ocr_line' id='line_1_109' title="bbox 2125 4205 3693 4280; baseline -0.001 -17"><span class='ocrx_word' id='word_1_794' title='bbox 2125 4205 2578 4280; x_wconf 62' lang='lat' dir='ltr'>(thuesnellus</span> <span class='ocrx_word' id='word_1_795' title='bbox 2608 4205 2883 4280; x_wconf 78' lang='lat' dir='ltr'>expunxit</span> <span class='ocrx_word' id='word_1_796' title='bbox 2913 4222 3101 4273; x_wconf 85' lang='lat' dir='ltr'>voces,</span> <span class='ocrx_word' id='word_1_797' title='bbox 3133 4208 3402 4280; x_wconf 74' lang='lat' dir='ltr'>multique</span> <span class='ocrx_word' id='word_1_798' title='bbox 3427 4212 3693 4280; x_wconf 81' lang='lat' dir='ltr'>pastores,</span> 
     </span>
    </p>
   </div>
   <div class='ocr_carea' id='block_1_110' title="bbox 2054 4276 3699 4352">
    <p class='ocr_par' dir='ltr' id='par_1_110' title="bbox 2054 4276 3699 4352">
     <span class='ocr_line' id='line_1_110' title="bbox 2054 4276 3699 4352; baseline 0.001 -18"><span class='ocrx_word' id='word_1_799' title='bbox 2054 4276 2545 4352; x_wconf 50' lang='lat' dir='ltr'>qu&#39;m&#39;legebantur</span> <span class='ocrx_word' id='word_1_800' title='bbox 2567 4276 2623 4330; x_wconf 91' lang='lat' dir='ltr'>in</span> <span class='ocrx_word' id='word_1_801' title='bbox 2650 4276 2843 4352; x_wconf 66' lang='lat' dir='ltr'>editis,</span> <span class='ocrx_word' id='word_1_802' title='bbox 2864 4281 3114 4348; x_wconf 90' lang='lat' dir='ltr'>quatuor</span> <span class='ocrx_word' id='word_1_803' title='bbox 3138 4295 3280 4334; x_wconf 90' lang='lat' dir='ltr'>mss.</span> <span class='ocrx_word' id='word_1_804' title='bbox 3297 4276 3577 4352; x_wconf 72' lang='lat' dir='ltr'>allegans,</span> <span class='ocrx_word' id='word_1_805' title='bbox 3598 4278 3699 4351; x_wconf 90' lang='lat' dir='ltr'>qui</span> 
     </span>
    </p>
   </div>
   <div class='ocr_carea' id='block_1_111' title="bbox 2053 4321 3699 4406">
    <p class='ocr_par' dir='ltr' id='par_1_111' title="bbox 2053 4321 3699 4406">
     <span class='ocr_line' id='line_1_111' title="bbox 2053 4321 3699 4406; baseline -0.001 0"><span class='ocrx_word' id='word_1_806' title='bbox 2053 4321 2146 4406; x_wconf 57' lang='lat' dir='ltr'>liis</span> <span class='ocrx_word' id='word_1_807' title='bbox 2176 4321 2366 4405; x_wconf 57' lang='lat' dir='ltr'>verSlJis</span> <span class='ocrx_word' id='word_1_808' title='bbox 2396 4353 2614 4403; x_wconf 86' lang='lat' dir='ltr'>carent.</span> <span class='ocrx_word' id='word_1_809' title='bbox 2649 4321 2923 4403; x_wconf 52' lang='lat' dir='ltr'>Nos’verlo</span> <span class='ocrx_word' id='word_1_810' title='bbox 2955 4366 3068 4404; x_wconf 91' lang='lat' dir='ltr'>non</span> <span class='ocrx_word' id='word_1_811' title='bbox 3100 4353 3220 4404; x_wconf 89' lang='lat' dir='ltr'>tam</span> <span class='ocrx_word' id='word_1_812' title='bbox 3253 4321 3542 4406; x_wconf 48' lang='lat' dir='ltr'>editozgum</span> <span class='ocrx_word' id='word_1_813' title='bbox 3564 4321 3699 4405; x_wconf 53' lang='lat' dir='ltr'>oin-</span> 
     </span>
    </p>
   </div>
   <div class='ocr_carea' id='block_1_112' title="bbox 2055 4420 3703 4493">
    <p class='ocr_par' dir='ltr' id='par_1_112' title="bbox 2055 4420 3703 4493">
     <span class='ocr_line' id='line_1_112' title="bbox 2055 4420 3703 4493; baseline -0.001 -16"><span class='ocrx_word' id='word_1_814' title='bbox 2055 4423 2220 4477; x_wconf 90' lang='lat' dir='ltr'>nium</span> <span class='ocrx_word' id='word_1_815' title='bbox 2244 4436 2420 4493; x_wconf 88' lang='lat' dir='ltr'>quam</span> <span class='ocrx_word' id='word_1_816' title='bbox 2438 4421 2831 4493; x_wconf 79' lang='lat' dir='ltr'>Romanorum</span> <span class='ocrx_word' id='word_1_817' title='bbox 2848 4424 2905 4474; x_wconf 90' lang='lat' dir='ltr'>et</span> <span class='ocrx_word' id='word_1_818' title='bbox 2921 4420 3388 4493; x_wconf 67' lang='lat' dir='ltr'>praestantiorum</span> <span class='ocrx_word' id='word_1_819' title='bbox 3413 4421 3588 4476; x_wconf 78' lang='lat' dir='ltr'>Italiae</span> <span class='ocrx_word' id='word_1_820' title='bbox 3610 4437 3703 4476; x_wconf 90' lang='lat' dir='ltr'>co-</span> 
     </span>
    </p>
   </div>
   <div class='ocr_carea' id='block_1_113' title="bbox 2058 4492 3372 4549">
    <p class='ocr_par' dir='ltr' id='par_1_113' title="bbox 2058 4492 3372 4549">
     <span class='ocr_line' id='line_1_113' title="bbox 2058 4492 3372 4549; baseline -0.003 0"><span class='ocrx_word' id='word_1_821' title='bbox 2058 4495 2250 4549; x_wconf 90' lang='lat' dir='ltr'>dicum</span> <span class='ocrx_word' id='word_1_822' title='bbox 2268 4492 2627 4547; x_wconf 85' lang='lat' dir='ltr'>auctoritate</span> <span class='ocrx_word' id='word_1_823' title='bbox 2648 4508 2747 4545; x_wconf 87' lang='lat' dir='ltr'>eas</span> <span class='ocrx_word' id='word_1_824' title='bbox 2767 4506 2934 4545; x_wconf 89' lang='lat' dir='ltr'>voces</span> <span class='ocrx_word' id='word_1_825' title='bbox 2957 4492 3372 4547; x_wconf 89' lang='lat' dir='ltr'>revocavimus.</span> 
     </span>
    </p>
   </div>
   <div class='ocr_carea' id='block_1_114' title="bbox 2129 4561 3702 4646">
    <p class='ocr_par' dir='ltr' id='par_1_114' title="bbox 2129 4561 3702 4646">
     <span class='ocr_line' id='line_1_114' title="bbox 2129 4561 3702 4646; baseline -0.001 -27"><span class='ocrx_word' id='word_1_826' title='bbox 2222 4562 2647 4646; x_wconf 37' lang='lat' dir='ltr'>ltaﬂ’atican‘uls.</span> <span class='ocrx_word' id='word_1_827' title='bbox 2674 4561 3120 4646; x_wconf 76' lang='lat' dir='ltr'>antiquissimus</span> <span class='ocrx_word' id='word_1_828' title='bbox 3141 4567 3197 4619; x_wconf 90' lang='lat' dir='ltr'>et</span> <span class='ocrx_word' id='word_1_829' title='bbox 3217 4562 3568 4646; x_wconf 76' lang='lat' dir='ltr'>Casinonsis.</span> <span class='ocrx_word' id='word_1_830' title='bbox 3592 4562 3702 4646; x_wconf 73' lang='lat' dir='ltr'>Alii</span> 
     </span>
    </p>
   </div>
   <div class='ocr_carea' id='block_1_115' title="bbox 2058 4631 3702 4706">
    <p class='ocr_par' dir='ltr' id='par_1_115' title="bbox 2058 4631 3702 4706">
     <span class='ocr_line' id='line_1_115' title="bbox 2058 4631 3702 4706; baseline -0.001 -15"><span class='ocrx_word' id='word_1_831' title='bbox 2058 4631 2323 4691; x_wconf 79' lang='lat' dir='ltr'>Vaticani</span> <span class='ocrx_word' id='word_1_832' title='bbox 2353 4651 2487 4689; x_wconf 88' lang='lat' dir='ltr'>cum</span> <span class='ocrx_word' id='word_1_833' title='bbox 2513 4631 2683 4689; x_wconf 87' lang='lat' dir='ltr'>editis</span> <span class='ocrx_word' id='word_1_834' title='bbox 2707 4633 3082 4706; x_wconf 54' lang='lat' dir='ltr'>intelligentia</span> <span class='ocrx_word' id='word_1_835' title='bbox 3093 4651 3206 4706; x_wconf 86' lang='lat' dir='ltr'>pro</span> <span class='ocrx_word' id='word_1_836' title='bbox 3231 4636 3581 4706; x_wconf 60' lang='lat' dir='ltr'>ignorantiae;</span> <span class='ocrx_word' id='word_1_837' title='bbox 3600 4635 3702 4690; x_wconf 90' lang='lat' dir='ltr'>sed</span> 
     </span>
    </p>
   </div>
   <div class='ocr_carea' id='block_1_116' title="bbox 2057 4652 3705 4779">
    <p class='ocr_par' dir='ltr' id='par_1_116' title="bbox 2057 4652 3705 4779">
     <span class='ocr_line' id='line_1_116' title="bbox 2069 4652 3702 4706; baseline -0.001 -15"><span class='ocrx_word' id='word_1_838' title='bbox 2069 4652 2323 4691; x_wconf 62' lang='lat' dir='ltr'>raucam</span> <span class='ocrx_word' id='word_1_839' title='bbox 2353 4652 2487 4689; x_wconf 86' lang='lat' dir='ltr'>cum</span> <span class='ocrx_word' id='word_1_840' title='bbox 2513 4652 2683 4689; x_wconf 74' lang='lat' dir='ltr'>CUIUS</span> <span class='ocrx_word' id='word_1_841' title='bbox 2707 4652 3082 4700; x_wconf 63' lang='lat' dir='ltr'>uuetugentiw</span> <span class='ocrx_word' id='word_1_842' title='bbox 3145 4652 3206 4689; x_wconf 85' lang='grc' dir='ltr'>ΓΟ</span> <span class='ocrx_word' id='word_1_843' title='bbox 3231 4652 3581 4706; x_wconf 67' lang='lat' dir='ltr'>zgnoranuaz;</span> <span class='ocrx_word' id='word_1_844' title='bbox 3600 4652 3702 4690; x_wconf 84' lang='lat' dir='ltr'>SCCl</span> 
     </span>
     <span class='ocr_line' id='line_1_117' title="bbox 2057 4652 3705 4779; baseline -0.001 -15"><span class='ocrx_word' id='word_1_845' title='bbox 2057 4708 2358 4779; x_wconf 71' lang='lat' dir='ltr'>explicatur</span> <span class='ocrx_word' id='word_1_846' title='bbox 2394 4708 2726 4779; x_wconf 78' lang='lat' dir='ltr'>constanter</span> <span class='ocrx_word' id='word_1_847' title='bbox 2753 4652 3426 4779; x_wconf 20' lang='lat' dir='ltr'>exliibent.A§uesnellus</span> <span class='ocrx_word' id='word_1_848' title='bbox 3453 4723 3521 4762; x_wconf 88' lang='lat' dir='ltr'>ex</span> <span class='ocrx_word' id='word_1_849' title='bbox 3565 4723 3705 4778; x_wconf 87' lang='lat' dir='ltr'>qua-</span> 
     </span>
    </p>
   </div>
   <div class='ocr_carea' id='block_1_117' title="bbox 2060 4775 3705 4848">
    <p class='ocr_par' dir='ltr' id='par_1_117' title="bbox 2060 4775 3705 4848">
     <span class='ocr_line' id='line_1_118' title="bbox 2060 4775 3705 4848; baseline -0.001 -14"><span class='ocrx_word' id='word_1_850' title='bbox 2060 4775 2194 4837; x_wconf 73' lang='lat' dir='ltr'>tuhr</span> <span class='ocrx_word' id='word_1_851' title='bbox 2226 4793 2364 4832; x_wconf 87' lang='lat' dir='ltr'>mss.</span> <span class='ocrx_word' id='word_1_852' title='bbox 2400 4777 2600 4845; x_wconf 81' lang='lat' dir='ltr'>edidit,</span> <span class='ocrx_word' id='word_1_853' title='bbox 2633 4775 2897 4848; x_wconf 51' lang='lat' dir='ltr'>humanm</span> <span class='ocrx_word' id='word_1_854' title='bbox 2934 4777 3323 4848; x_wconf 51' lang='lat' dir='ltr'>intelligentia</span> <span class='ocrx_word' id='word_1_855' title='bbox 3378 4775 3705 4848; x_wconf 75' lang='lat' dir='ltr'>ambiguitas</span> 
     </span>
    </p>
   </div>
   <div class='ocr_carea' id='block_1_118' title="bbox 2057 4845 3705 4924">
    <p class='ocr_par' dir='ltr' id='par_1_118' title="bbox 2057 4845 3705 4924">
     <span class='ocr_line' id='line_1_119' title="bbox 2057 4845 3705 4924; baseline -0.001 -18"><span class='ocrx_word' id='word_1_856' title='bbox 2057 4851 2295 4924; x_wconf 85' lang='lat' dir='ltr'>perstitit</span> <span class='ocrx_word' id='word_1_857' title='bbox 2320 4866 2346 4924; x_wconf 75' lang='lat'>;_</span> <span class='ocrx_word' id='word_1_858' title='bbox 2365 4853 2423 4924; x_wconf 84' lang='lat' dir='ltr'>et</span> <span class='ocrx_word' id='word_1_859' title='bbox 2450 4846 2673 4924; x_wconf 80' lang='lat' dir='ltr'>notavit</span> <span class='ocrx_word' id='word_1_860' title='bbox 2706 4845 2763 4901; x_wconf 91' lang='lat' dir='ltr'>in</span> <span class='ocrx_word' id='word_1_861' title='bbox 2795 4845 3319 4924; x_wconf 75' lang='lat' dir='ltr'>Gaudiival._zeque</span> <span class='ocrx_word' id='word_1_862' title='bbox 3345 4867 3409 4905; x_wconf 91' lang='lat' dir='ltr'>ac</span> <span class='ocrx_word' id='word_1_863' title='bbox 3441 4851 3500 4924; x_wconf 87' lang='lat' dir='ltr'>in</span> <span class='ocrx_word' id='word_1_864' title='bbox 3527 4845 3705 4905; x_wconf 79' lang='lat' dir='ltr'>editis</span> 
     </span>
    </p>
   </div>
   <div class='ocr_carea' id='block_1_119' title="bbox 2064 4918 3707 4994">
    <p class='ocr_par' dir='ltr' id='par_1_119' title="bbox 2064 4918 3707 4994">
     <span class='ocr_line' id='line_1_120' title="bbox 2064 4918 3707 4994; baseline -0.001 -16"><span class='ocrx_word' id='word_1_865' title='bbox 2064 4918 2198 4994; x_wconf 85' lang='lat' dir='ltr'>legi;</span> <span class='ocrx_word' id='word_1_866' title='bbox 2221 4921 2549 4994; x_wconf 61' lang='lat' dir='ltr'>applicatur.</span> <span class='ocrx_word' id='word_1_867' title='bbox 2569 4918 2625 4972; x_wconf 79' lang='lat' dir='ltr'>Si</span> <span class='ocrx_word' id='word_1_868' title='bbox 2650 4919 2983 4994; x_wconf 63' lang='lat' dir='ltr'>ignorantia?</span> <span class='ocrx_word' id='word_1_869' title='bbox 3004 4936 3106 4994; x_wconf 82' lang='lat' dir='ltr'>pro</span> <span class='ocrx_word' id='word_1_870' title='bbox 3136 4918 3521 4992; x_wconf 71' lang='lat' dir='ltr'>intelligentia:</span> <span class='ocrx_word' id='word_1_871' title='bbox 3548 4937 3707 4994; x_wconf 72' lang='lat' dir='ltr'>repe-</span> 
     </span>
    </p>
   </div>
   <div class='ocr_carea' id='block_1_120' title="bbox 2064 4988 3707 5062">
    <p class='ocr_par' dir='ltr' id='par_1_120' title="bbox 2064 4988 3707 5062">
     <span class='ocr_line' id='line_1_121' title="bbox 2064 4988 3707 5062; baseline -0.002 -12"><span class='ocrx_word' id='word_1_872' title='bbox 2064 4988 2305 5062; x_wconf 71' lang='lat' dir='ltr'>rissetin</span> <span class='ocrx_word' id='word_1_873' title='bbox 2322 4990 2581 5062; x_wconf 90' lang='lat' dir='ltr'>antiquis</span> <span class='ocrx_word' id='word_1_874' title='bbox 2604 4988 2923 5057; x_wconf 89' lang='lat' dir='ltr'>codicibus,</span> <span class='ocrx_word' id='word_1_875' title='bbox 2942 4988 3251 5049; x_wconf 80' lang='lat' dir='ltr'>lectionem</span> <span class='ocrx_word' id='word_1_876' title='bbox 3269 4988 3527 5048; x_wconf 80' lang='lat' dir='ltr'>nostram</span> <span class='ocrx_word' id='word_1_877' title='bbox 3542 4988 3707 5047; x_wconf 80' lang='lat' dir='ltr'>facile</span> 
     </span>
    </p>
   </div>
   <div class='ocr_carea' id='block_1_121' title="bbox 2067 5061 2455 5121">
    <p class='ocr_par' dir='ltr' id='par_1_121' title="bbox 2067 5061 2455 5121">
     <span class='ocr_line' id='line_1_122' title="bbox 2067 5061 2455 5121; baseline -0.01 0"><span class='ocrx_word' id='word_1_878' title='bbox 2067 5061 2455 5121; x_wconf 79' lang='lat' dir='ltr'>antetulisset.</span> 
     </span>
    </p>
   </div>
   <div class='ocr_carea' id='block_1_122' title="bbox 2135 5131 3706 5208">
    <p class='ocr_par' dir='ltr' id='par_1_122' title="bbox 2135 5131 3706 5208">
     <span class='ocr_line' id='line_1_123' title="bbox 2135 5131 3706 5208; baseline -0.004 -15"><span class='ocrx_word' id='word_1_879' title='bbox 2135 5136 2195 5208; x_wconf 84' lang='lat' dir='ltr'>(j)</span> <span class='ocrx_word' id='word_1_880' title='bbox 2219 5132 2719 5208; x_wconf 74' lang='lat' dir='ltr'>Quesnelluscum</span> <span class='ocrx_word' id='word_1_881' title='bbox 2740 5148 2889 5208; x_wconf 86' lang='lat' dir='ltr'>mss.</span> <span class='ocrx_word' id='word_1_882' title='bbox 2911 5131 3267 5208; x_wconf 81' lang='lat' dir='ltr'>collectionis</span> <span class='ocrx_word' id='word_1_883' title='bbox 3297 5134 3536 5208; x_wconf 67' lang='lat' dir='ltr'>quintae,</span> <span class='ocrx_word' id='word_1_884' title='bbox 3567 5136 3706 5208; x_wconf 76' lang='lat' dir='ltr'>erat.</span> 
     </span>
    </p>
   </div>
   <div class='ocr_carea' id='block_1_123' title="bbox 2068 5203 3712 5277">
    <p class='ocr_par' dir='ltr' id='par_1_123' title="bbox 2068 5203 3712 5277">
     <span class='ocr_line' id='line_1_124' title="bbox 2068 5203 3712 5277; baseline -0.002 -15"><span class='ocrx_word' id='word_1_885' title='bbox 2068 5203 2391 5262; x_wconf 57' lang='lat' dir='ltr'>Ex&#39;czeteris</span> <span class='ocrx_word' id='word_1_886' title='bbox 2413 5204 2679 5277; x_wconf 86' lang='lat' dir='ltr'>pluribus</span> <span class='ocrx_word' id='word_1_887' title='bbox 2698 5207 2755 5258; x_wconf 87' lang='lat' dir='ltr'>et</span> <span class='ocrx_word' id='word_1_888' title='bbox 2774 5206 3273 5277; x_wconf 65' lang='lat' dir='ltr'>pra&#39;stantioribus</span> <span class='ocrx_word' id='word_1_889' title='bbox 3296 5203 3438 5260; x_wconf 81' lang='lat' dir='ltr'>mss.</span> <span class='ocrx_word' id='word_1_890' title='bbox 3454 5203 3712 5259; x_wconf 86' lang='lat' dir='ltr'>libriscst</span> 
     </span>
    </p>
   </div>
   <div class='ocr_carea' id='block_1_124' title="bbox 2070 5274 3711 5346">
    <p class='ocr_par' dir='ltr' id='par_1_124' title="bbox 2070 5274 3711 5346">
     <span class='ocr_line' id='line_1_125' title="bbox 2070 5274 3711 5346; baseline -0.001 -14"><span class='ocrx_word' id='word_1_891' title='bbox 2070 5274 2455 5343; x_wconf 77' lang='lat' dir='ltr'>restituimus,</span> <span class='ocrx_word' id='word_1_892' title='bbox 2491 5275 2646 5346; x_wconf 91' lang='lat' dir='ltr'>quod</span> <span class='ocrx_word' id='word_1_893' title='bbox 2697 5274 2980 5330; x_wconf 88' lang='lat' dir='ltr'>retinetur</span> <span class='ocrx_word' id='word_1_894' title='bbox 3025 5276 3200 5332; x_wconf 89' lang='lat' dir='ltr'>etiam</span> <span class='ocrx_word' id='word_1_895' title='bbox 3233 5276 3290 5330; x_wconf 93' lang='lat' dir='ltr'>in</span> <span class='ocrx_word' id='word_1_896' title='bbox 3324 5291 3591 5331; x_wconf 90' lang='lat' dir='ltr'>sermone</span> <span class='ocrx_word' id='word_1_897' title='bbox 3620 5277 3711 5343; x_wconf 90' lang='lat'>83,</span> 
     </span>
    </p>
   </div>
   <div class='ocr_carea' id='block_1_125' title="bbox 2071 5345 3641 5421">
    <p class='ocr_par' dir='ltr' id='par_1_125' title="bbox 2071 5345 3641 5421">
     <span class='ocr_line' id='line_1_126' title="bbox 2071 5345 3641 5421; baseline -0.003 -15"><span class='ocrx_word' id='word_1_898' title='bbox 2071 5366 2197 5421; x_wconf 85' lang='lat' dir='ltr'>cap,</span> <span class='ocrx_word' id='word_1_899' title='bbox 2234 5350 2285 5411; x_wconf 90' lang='grc'>1,</span> <span class='ocrx_word' id='word_1_900' title='bbox 2310 5347 2399 5404; x_wconf 91' lang='lat' dir='ltr'>cui</span> <span class='ocrx_word' id='word_1_901' title='bbox 2423 5345 2529 5421; x_wconf 78' lang='lat' dir='ltr'>hic</span> <span class='ocrx_word' id='word_1_902' title='bbox 2551 5345 2712 5401; x_wconf 89' lang='lat' dir='ltr'>locus</span> <span class='ocrx_word' id='word_1_903' title='bbox 2744 5347 2815 5400; x_wconf 86' lang='lat' dir='ltr'>ab</span> <span class='ocrx_word' id='word_1_904' title='bbox 2850 5346 2987 5421; x_wconf 83' lang='lat' dir='ltr'>ipso</span> <span class='ocrx_word' id='word_1_905' title='bbox 3004 5347 3190 5421; x_wconf 86' lang='lat' dir='ltr'>Leone</span> <span class='ocrx_word' id='word_1_906' title='bbox 3219 5347 3476 5421; x_wconf 81' lang='lat' dir='ltr'>insertus</span> <span class='ocrx_word' id='word_1_907' title='bbox 3500 5346 3641 5421; x_wconf 60' lang='lat' dir='ltr'>fuit.</span> 
     </span>
    </p>
   </div>
   <div class='ocr_carea' id='block_1_126' title="bbox 2143 5417 3719 5489">
    <p class='ocr_par' dir='ltr' id='par_1_126' title="bbox 2143 5417 3719 5489">
     <span class='ocr_line' id='line_1_127' title="bbox 2143 5417 3719 5489; baseline 0.001 -16"><span class='ocrx_word' id='word_1_908' title='bbox 2143 5417 2215 5487; x_wconf 63' lang='lat' dir='ltr'>Ek)</span> <span class='ocrx_word' id='word_1_909' title='bbox 2242 5418 2433 5475; x_wconf 81' lang='lat' dir='ltr'>Secuti</span> <span class='ocrx_word' id='word_1_910' title='bbox 2458 5435 2663 5475; x_wconf 89' lang='lat' dir='ltr'>sumus</span> <span class='ocrx_word' id='word_1_911' title='bbox 2695 5418 3211 5489; x_wconf 66' lang='lat' dir='ltr'>praestantissimos</span> <span class='ocrx_word' id='word_1_912' title='bbox 3241 5417 3469 5474; x_wconf 87' lang='lat' dir='ltr'>codices</span> <span class='ocrx_word' id='word_1_913' title='bbox 3500 5419 3628 5475; x_wconf 90' lang='lat' dir='ltr'>Vat.</span> <span class='ocrx_word' id='word_1_914' title='bbox 3662 5423 3719 5474; x_wconf 89' lang='lat' dir='ltr'>et</span> 
     </span>
    </p>
   </div>
   <div class='ocr_carea' id='block_1_127' title="bbox 2073 5488 3719 5564">
    <p class='ocr_par' dir='ltr' id='par_1_127' title="bbox 2073 5488 3719 5564">
     <span class='ocr_line' id='line_1_128' title="bbox 2073 5488 3719 5564; baseline 0 -18"><span class='ocrx_word' id='word_1_915' title='bbox 2073 5492 2243 5547; x_wconf 84' lang='lat' dir='ltr'>Casia</span> <span class='ocrx_word' id='word_1_916' title='bbox 2282 5490 2517 5564; x_wconf 84' lang='lat' dir='ltr'>Vulgati</span> <span class='ocrx_word' id='word_1_917' title='bbox 2542 5507 2676 5545; x_wconf 83' lang='lat' dir='ltr'>cum</span> <span class='ocrx_word' id='word_1_918' title='bbox 2695 5488 2912 5564; x_wconf 73' lang='lat' dir='ltr'>aliquot</span> <span class='ocrx_word' id='word_1_919' title='bbox 2936 5488 3422 5564; x_wconf 82' lang='lat' dir='ltr'>mss._habehant,</span> <span class='ocrx_word' id='word_1_920' title='bbox 3454 5492 3584 5561; x_wconf 86' lang='lat' dir='ltr'>quia</span> <span class='ocrx_word' id='word_1_921' title='bbox 3614 5493 3719 5545; x_wconf 89' lang='lat' dir='ltr'>Pa-</span> 
     </span>
    </p>
   </div>
   <div class='ocr_carea' id='block_1_128' title="bbox 2076 5560 3720 5631">
    <p class='ocr_par' dir='ltr' id='par_1_128' title="bbox 2076 5560 3720 5631">
     <span class='ocr_line' id='line_1_129' title="bbox 2076 5560 3720 5631; baseline -0.002 -12"><span class='ocrx_word' id='word_1_922' title='bbox 2076 5567 2158 5619; x_wconf 81' lang='lat' dir='ltr'>ter</span> <span class='ocrx_word' id='word_1_923' title='bbox 2188 5580 2339 5618; x_wconf 84' lang='lat' dir='ltr'>meus</span> <span class='ocrx_word' id='word_1_924' title='bbox 2389 5560 2441 5618; x_wconf 75' lang='lat' dir='ltr'>te</span> <span class='ocrx_word' id='word_1_925' title='bbox 2485 5562 2778 5618; x_wconf 79' lang='lat' dir='ltr'>docuit.....</span> <span class='ocrx_word' id='word_1_926' title='bbox 2812 5560 2901 5614; x_wconf 85' lang='lat' dir='ltr'>sed</span> <span class='ocrx_word' id='word_1_927' title='bbox 2950 5561 3241 5631; x_wconf 83' lang='lat' dir='ltr'>inspiratio</span> <span class='ocrx_word' id='word_1_928' title='bbox 3284 5560 3517 5619; x_wconf 74' lang='lat' dir='ltr'>caelestis</span> <span class='ocrx_word' id='word_1_929' title='bbox 3554 5571 3605 5617; x_wconf 87' lang='lat' dir='ltr'>te</span> <span class='ocrx_word' id='word_1_930' title='bbox 3635 5563 3720 5617; x_wconf 89' lang='lat' dir='ltr'>in-</span> 
     </span>
    </p>
   </div>
   <div class='ocr_carea' id='block_1_129' title="bbox 2078 5633 3198 5702">
    <p class='ocr_par' dir='ltr' id='par_1_129' title="bbox 2078 5633 3198 5702">
     <span class='ocr_line' id='line_1_130' title="bbox 2078 5633 3198 5702; baseline -0.002 -11"><span class='ocrx_word' id='word_1_931' title='bbox 2078 5637 2283 5691; x_wconf 68' lang='lat' dir='ltr'>struxit</span> <span class='ocrx_word' id='word_1_932' title='bbox 2311 5653 2330 5696; x_wconf 91' lang='grc'>,·</span> <span class='ocrx_word' id='word_1_933' title='bbox 2365 5639 2412 5689; x_wconf 84' lang='lat' dir='ltr'>et</span> <span class='ocrx_word' id='word_1_934' title='bbox 2446 5651 2548 5690; x_wconf 84' lang='lat' dir='ltr'>non</span> <span class='ocrx_word' id='word_1_935' title='bbox 2580 5650 2707 5688; x_wconf 85' lang='lat' dir='ltr'>caro</span> <span class='ocrx_word' id='word_1_936' title='bbox 2738 5635 2787 5688; x_wconf 82' lang='lat' dir='ltr'>et</span> <span class='ocrx_word' id='word_1_937' title='bbox 2815 5633 3060 5702; x_wconf 83' lang='lat' dir='ltr'>sanguis,</span> <span class='ocrx_word' id='word_1_938' title='bbox 3086 5636 3198 5688; x_wconf 88' lang='lat' dir='ltr'>etc.</span> 
     </span>
    </p>
   </div>
  </div>
