4060 6180
231 301 339 364 i53

743 418 991 492 saeuo
1020 432 1067 488 v
1098 432 1204 507 [AL
1236 431 1354 507 IV].

1764 288 2029 359 SEBMO
2071 289 2145 357 ν.

1913 429 1967 495 Α
1996 435 2220 500 vitatis,
2250 429 2365 487 nisi
2398 445 2513 487 non
2546 428 2906 499 dormitaret,
2940 446 3128 503 neque
3158 429 3516 489 obdormiret
3535 434 3637 504 qui

3520 292 3645 358 {BL

229 525 299 599 (α)
330 527 409 583 De
437 524 625 583 Natali
654 525 840 598 ipsius
876 525 1024 599 V,_in
1056 524 1440 599 anniversario
1488 522 1875 596 assumptionis

2005 525 2246 588 :ustodit
2275 522 2475 593 Israel,
2506 528 2563 581 et
2583 523 2683 595 qui
2714 522 3019 597 discipulis
3072 521 3199 579 suis
3230 524 3343 580 ait:
3375 524 3507 581 Ecce
3543 540 3638 597 ego

728 613 850 653 suae
879 596 949 651 ad
972 598 1372 669 pontiﬁcatum.

230 705 507 763 Smorsrs
539 733 605 743 —
636 705 683 757 Ι.
720 702 919 759 Omnia
945 704 1005 757 in
1036 703 1203 758 Deum
1234 718 1347 758 esse
1374 701 1678 774 referenda.
1714 732 1778 743 —
1801 704 1874 756 Il.

295 778 411 845 Quo
434 776 677 857 quisque
714 776 971 857 altiprem
1000 775 1062 828 in
1111 775 1557 857 b‘cctesz'antenet
1588 775 1783 829 locum.
1818 786 1878 828 eo

292 844 475 917 magis
505 844 597 901 illi
625 844 929 917 timendum
962 861 1093 901 esse.
1125 876 1194 887 —
1228 848 1325 900 lli.
1360 846 1639 917 Christum
1692 860 1881 917 verum

294 915 409 976 esse
434 916 791 974 Sacerdotem
817 918 1120 973 secundum
1150 917 1400 973 ordinem
1448 915 1877 977 Melchisedech.

294 1000 346 1047 et
374 1008 490 1045 suo:
519 1006 735 1061 semper
760 987 949 1045 adesse
977 990 1249 1044 Ecclesire.
1282 1018 1350 1030 —
1384 989 1759 1061 IV.__Petrum
1784 989 1888 1061 Ito-

295 1078 481 1118 mna:
509 1059 653 1117 sedis
679 1076 893 1132 semper
919 1076 1111 1116 curam
1139 1076 1349 1132 gerere.
1382 1090 1451 1101 —-
1492 1059 1561 1113 V.
1594 1060 1685 1115 Illi
1700 1060 1882 1132 potis-

293 1137 507 1190 simum
539 1130 803 1188 honorem
823 1146 938 1187 csse
963 1130 1405 1204 impendondum,
1438 1132 1595 1203 cujus
1616 1130 1736 1186 sedi
1753 1146 1881 1186 suc-

230 1222 459 1262 cessores
488 1205 612 1277 ejus
639 1206 907 1260 serviunt.

297 1331 438 1387 CAP.
474 1329 520 1386 Ῑ.
554 1362 621 1371 -—-
656 1330 822 1385 Sicut
846 1328 1034 1385 honor
1063 1331 1152 1383 est
1180 1327 1458 1396 filiorum,
1491 1326 1883 1394 dilectissimi,

230 1421 490 1495 dignitas
521 1422 780 1493 patrum,
810 1418 891 1473 ita
921 1417 1122 1473 laetitia
1141 1422 1229 1474 est
1254 1417 1461 1490 plebis,
1481 1418 1583 1475 20
1602 1417 1885 1491 gaudium

232 1509 579 1567 sacerdotis.
600 1508 762 1573 Quod
791 1507 929 1580 quia
947 1523 1014 1563 ex
1034 1506 1230 1562 divino
1246 1507 1403 1563 venit
1424 1524 1666 1564 munere
1690 1526 1703 1564 :
1726 1523 1888 1563 omne

233 1603 398 1668 enim,
437 1600 599 1656 sicut
629 1598 915 1671 scriptum
955 1602 1066 1667 est,
1115 1598 1303 1654 datum
1332 1601 1617 1672 optimum,
1650 1604 1702 1655 et
1730 1614 1888 1656 omne

230 1689 431 1746 donum
475 1690 791 1760 perfectum
821 1686 1113 1743 desursum
1142 1694 1240 1752 est,
1299 1686 1624 1743 descendens
1662 1704 1695 1742 α
1722 1689 1889 1744 Patre

1982 620 2259 678 vobiscum
2289 631 2412 672 sum
2449 613 2699 672 omnibus
2736 612 2926 671 diebus
2945 630 3115 689 usque
3134 613 3205 669 ad
3223 617 3642 672 consummatio-

1984 725 2111 765 nem
2140 706 2333 764 saeculi
2359 703 2567 775 (Matth.
2598 720 2798 771 xxvm,
2831 704 2921 774 20)
2949 720 2963 758 :
2998 702 3111 759 nisi
3142 704 3487 777 dignaretur
3536 706 3632 763 21

1988 815 2102 855 non
2138 796 2329 853 solum
2361 798 2562 850 custos
2592 793 2807 859 ovium,
2827 792 2926 850 sed
2949 793 3211 865 ipsorum
3240 794 3417 851 etiam
3441 798 3642 868 pastor

1988 896 2120 944 esse
2171 889 2513 959 pastorum;
2548 883 2650 957 qui
2701 899 2976 956 corporeo
3006 883 3244 955 quidem
3272 882 3489 941 intuitu
3522 901 3637 941 non

1987 977 2235 1044 videtur,
2270 974 2372 1030 sed
2404 972 2657 1047 spiritali
2688 972 2862 1029 corde
2887 972 3179 1041 sentitur;
3212 974 3429 1030 absens
3443 990 3635 1044 carne,

1990 1083 2107 1139 qua
2136 1064 2328 1138 potuit
2355 1079 2483 1119 esse
2514 1061 2908 1135 conspicuus;
2942 1077 3201 1135 presens
3256 1061 3491 1130 deitate,
3524 1079 3643 1135 qua

1990 1153 2211 1226 ubique
2243 1167 2476 1225 semper
2503 1156 2592 1208 est
2645 1154 2826 1218 totus,
2860 1150 3003 1223 quia
3032 1148 3189 1205 enim
3220 1150 3407 1222 justus
3432 1166 3502 1208 ea:
3534 1150 3644 1222 ﬂdc

1991 1244 2126 1301 vivit
2159 1242 2378 1315 (Habac.
2412 1259 2474 1307 ιι,
2508 1241 2561 1313 4)
2592 1244 2651 1296 et
2678 1239 2800 1297 haec
2829 1244 2920 1296 est
2937 1239 3178 1311 justitia
3232 1239 3545 1307 credentis,
3578 1242 3646 1296 ut

1993 1332 2235 1405 recipiat
2263 1330 2459 1387 animo
2490 1330 2643 1403 quod
2678 1346 2793 1386 non
2825 1329 3013 1386 cernit
3039 1333 3321 1402 aspectu;
3353 1329 3645 1386 ascendens

1994 1423 2257 1480 Dominus
2284 1422 2344 1477 in
2374 1421 2550 1477 altum
2589 1422 2863 1493 captivam
2891 1421 3062 1476 duxit
3088 1418 3646 1492 captivitatem,dedit

1994 1512 2134 1569 dona
2192 1511 2506 1568 hominibus
2535 1511 2630 1582 (Ps
2689 1526 2859 1580 nam,
2922 1510 3031 1581 19),
3077 1508 3253 1565 {idem
3312 1507 3559 1576 scilicet,
3587 1510 3645 1565 et

1995 1616 2183 1674 spem,
2215 1604 2275 1657 et
2303 1598 2667 1668 cbaritatem,
2702 1616 2831 1672 quas
2886 1597 3023 1655 inde
3054 1614 3268 1672 magna
3315 1601 3476 1666 sunt,
3509 1597 3648 1655 inde

1995 1688 2189 1757 fortia,
2216 1688 2351 1746 inde
2381 1688 2656 1762 pretiosa,
2691 1687 2831 1762 quia
2861 1687 3016 1761 quod
3049 1687 3242 1744 carnis
3292 1685 3477 1744 oculis
3528 1704 3645 1746 non

230 1778 506 1835 luminum
540 1777 749 1847 (Jac-.1,
784 1776 870 1847 17)
907 1792 920 1830 :
948 1775 1180 1872 gratias
1212 1791 1383 1850 agere
1433 1776 1719 1872 bonorum
1762 1792 1887 1832 om-
1919 1804 1970 1872 Β
1999 1778 2327 1852 attingitur,
2361 1778 2416 1833 id
2478 1777 2626 1834 miro
2656 1777 2868 1834 mentis
2918 1777 3127 1833 affectu
3158 1780 3215 1833 et
3274 1777 3553 1848 creditur,
3583 1782 3643 1836 et

232 1868 392 1924 nium
422 1866 719 1922 debemus
740 1864 984 1929 auctori,
1004 1863 1281 1938 quoniam
1305 1866 1425 1921 sive
1444 1864 1505 1920 in
1525 1865 1891 1923 naturalibus
1920 1863 1966 1872 ”
2001 1870 2289 1942 speratur,
2321 1871 2379 1924 et
2407 1871 2658 1923 amatur.

232 1954 650 2022 incrementis,
680 1954 801 2011 sive
827 1954 887 2010 in
920 1954 1241 2010 moralibus
1282 1954 1590 2024 institutis,
1625 1958 1737 2028 ipse
1764 1957 1894 2028 fecit

230 2062 344 2113 nos,
371 2049 425 2102 et
454 2060 574 2100 non
604 2045 713 2117 ipsi
730 2060 828 2100 nos
847 2044 1018 2116 (Psal.
1040 2061 1189 2112 xcrx,
1214 2044 1267 2115 3)
1290 2063 1304 2113 ;
1327 2060 1579 2117 cumque
1600 2045 1709 2101 hoc
1725 2045 1817 2118 pie
1838 2048 1896 2101 et

216 2134 486 2191 .ﬁdeliter
513 2134 887 2201 confitemur,
920 2150 1107 2206 neque
1135 2133 1197 2189 in
1227 2133 1416 2203 nobis,
1441 2134 1543 2189 sed
1567 2134 1626 2190 in
1651 2135 1893 2191 Domino

231 2223 587 2300 gloriamur,
614 2223 914 2280 fructuosa
946 2223 1004 2278 in
1038 2223 1208 2279 nobis
1240 2228 1593 2280 renovantur
1607 2227 1739 2280 vota
1759 2241 1893 2281 cum

234 2318 523 2388 tempore,
546 2316 608 2369 et
627 2310 903 2386 religiosa
923 2313 1067 2369 festa
1078 2313 1244 2385 justa
1268 2317 1410 2369 sunt
1429 2314 1664 2385 gaudia,
1686 2312 1743 2369 in
1769 2314 1898 2386 qui-

236 2404 347 2460 bus
370 2419 478 2460 nec
495 2401 721 2476 ingrati
741 2419 951 2459 sumus
971 2403 1215 2459 tacendo
1235 2403 1308 2458 de
1328 2403 1517 2469 donis,
1535 2419 1640 2459 nec
1657 2403 1895 2475 superbi

233 2492 658 2565 praesumendo
680 2492 750 2548 de
771 2490 1018 2548 meritis.
1040 2491 1287 2547 Omnem
1310 2491 1517 2564 igitur,
1534 2491 1893 2564 dilectisimi,

237 2598 479 2639 causam
504 2585 565 2638 et
580 2582 866 2638 rationem
892 2580 1281 2637 solomnitatis
1302 2580 1594 2637 hodiernae
1617 2582 1687 2638 ad
1720 2581 1897 2655 origi-

238 2688 369 2727 nem
386 2687 567 2728 snam
587 2674 883 2743 caputque
900 2669 1186 2739 feramus;
1210 2675 1268 2727 et
1287 2670 1452 2727 illum
1470 2671 1666 2727 debita
1686 2672 1899 2745 gratia-

237 2776 366 2816 rum
401 2760 643 2816 actione
695 2759 1028 2828 laudemus,
1063 2760 1122 2815 in
1152 2760 1324 2832 cujus
1356 2777 1535 2816 manu
1565 2765 1623 2816 et
1678 2762 1898 2834 gradus

240 2850 599 2920 ciliciorum,
634 2852 692 2905 et
720 2854 1019 2904 momenta
1045 2853 1182 2905 sunt
1200 2852 1553 2921 temporum.
1581 2849 1727 2905 Nam
1752 2850 1800 2904 si
1824 2850 1896 2906 ad

242 2957 344 2996 nos
375 2944 432 2995 et
462 2938 542 2995 ad
574 2941 779 2995 nostra
808 2937 1176 3011 respicimus,
1206 2938 1301 2994 vix
1326 2937 1546 3011 aliquid
1573 2940 1898 3014 reperimus

243 3029 398 3085 unde
425 3027 644 3084 merito
673 3026 1059 3100 gaudeamus.
1091 3026 1321 3083 Mortali
1350 3027 1567 3084 etenim
1594 3044 1767 3084 carne
1793 3029 1900 3085 cir-

244 3116 532 3184 cumdati,
567 3120 628 3172 et
655 3114 957 3190 fragilitati
990 3115 1382 3189 corruptionis
1436 3116 1688 3186 obnoxii,
1720 3135 1896 3175 num-

246 3223 422 3279 quam
452 3206 540 3262 ita
567 3204 741 3261 liberi
765 3221 996 3270 sumus,
1019 3208 1084 3260 ut
1104 3220 1219 3262 non
1243 3204 1440 3279 aliqua
1462 3206 1904 3281 impugnatione

247 3296 589 3369 pulsamur;
625 3311 734 3351 nec
764 3297 887 3349 tam
920 3291 1055 3350 felix
1087 3293 1314 3367 capitur
1346 3295 1405 3350 in
1435 3294 1544 3352 hoc
1600 3313 1786 3369 agone
1817 3297 1900 3352 vi-

246 3386 446 3453 ctoria,
462 3389 534 3441 ut
554 3402 676 3441 non
698 3383 878 3440 etiam
896 3383 1369 3456 posttriumphos
1382 3388 1629 3458 surgant
1650 3384 1905 3443 rediviva

246 3475 589 3531 certamina.
626 3472 792 3529 Unde
822 3488 994 3528 nemo
1023 3475 1143 3527 tam
1168 3473 1457 3545 perfectus
1486 3478 1576 3531 est
1623 3474 1900 3548 pontifex,

244 3568 362 3619 tam
394 3561 825 3619 immaculatus
854 3561 1119 3630 antistes,
1152 3561 1251 3633 qui
1284 3562 1629 3635 placationis
1678 3564 1902 3623 hostias

240 3670 344 3725 pro
362 3650 567 3727 populi
580 3654 819 3708 tantum
835 3648 1085 3721 delictis,
1105 3667 1217 3707 non
1232 3652 1411 3708 etiam
1434 3669 1537 3725 pro
1552 3654 1676 3709 suis
1697 3654 1905 3711 debeat

243 3743 447 3798 offerre
477 3740 763 3815 peccatis.

309 3830 445 3887 Car.
472 3831 548 3886 Il.
581 3860 656 3871 -
675 3832 813 3897 Quae
839 3828 1097 3885 conditio
1129 3829 1175 3885 si
1206 3844 1414 3886 omnes
1446 3830 1776 3888 sacerdotes
1801 3848 1902 3905 ge-

240 3920 516 3976 neraliter
541 3922 729 3986 tenet,
764 3920 985 3990 quanto
1017 3917 1205 3992 magis
1236 3934 1344 3974 nos
1400 3923 1457 3975 et
1484 3924 1688 3977 onerat
1712 3924 1769 3976 et
1801 3920 1901 3975 ob-

240 4007 509 4082 stringit;
530 4007 759 4081 quibus
780 4006 911 4079 ipsa
930 4006 1185 4079 suscepti
1209 4008 1404 4079 operis
1425 4008 1766 4081 magnitudo
1787 4026 1907 4066 cre-

234 4097 503 4154 berrima
531 4100 629 4154 est
659 4095 1003 4152 offensionis
1031 4094 1276 4153 occasio.
1304 4097 1581 4161 Quamvis
1611 4097 1766 4154 enim
1785 4099 1903 4155 sin-

239 4185 363 4260 guli
395 4187 630 4260 quique
660 4188 926 4259 pastores
947 4185 1184 4257 speciali
1206 4185 1604 4242 sollicitudine
1624 4186 1901 4261 gregibus

244 4277 366 4333 suis
384 4277 650 4350 praesint,
672 4275 979 4347 sciantque
996 4291 1057 4331 se
1077 4291 1181 4348 pro
1204 4275 1539 4339 commissis
1556 4276 1668 4333 sibi
1691 4277 1899 4336 ovibus

242 4364 577 4422 reddituros
588 4381 720 4421 esse
734 4363 1041 4431 rationem,
1053 4364 1223 4420 nobis
1234 4368 1454 4422 tamem
1470 4382 1605 4421 cum
1622 4365 1899 4423 omnibus

247 4454 736 4511 cnucommunis
746 4458 837 4509 est
850 4471 867 4523 ;
881 4470 1073 4527 neque
1092 4455 1444 4527 cujusquam
1466 4455 1898 4513 administratio

2073 2004 2210 2059 ΟΑΡ.
2243 2000 2343 2059 III.
2375 2032 2443 2042 -—
2472 2001 2652 2058 Adest
2676 2000 2876 2074 igitur,
2905 2000 3294 2069 dilectissimi,
3346 2003 3500 2076 quod
3532 2014 3648 2062 non

2004 2098 2239 2161 temere,
2272 2092 2374 2148 sed
2403 2090 2651 2147 ﬁdeliter
2679 2092 3045 2159 conﬁtemur,
3079 2090 3139 2147 in
3168 2092 3361 2149 medio
3404 2093 3652 2151 creden-

2002 2182 2152 2238 tium
2182 2182 2467 2237 Dominus
2495 2181 2667 2237 Jesus
2698 2180 2965 2237 Christus
2989 2199 3002 2238 :
3035 2185 3093 2237 et
3121 2181 3395 2252 quamvis
3419 2182 3492 2238 ad
3507 2182 3652 2240 dex-

2002 2274 2188 2325 teram
2211 2269 2310 2326 Dei
2334 2269 2522 2325 Patris
2544 2269 2933 2337 sedeat,donec
2941 2277 3114 2342 ponat
3128 2272 3381 2327 inimicos
3396 2283 3524 2328 suos
3536 2286 3653 2328 sca-

2007 2358 2209 2415 bellum
2224 2357 2421 2431 pedum
2430 2374 2657 2414 suorum
2669 2359 2685 2429 (
2690 2359 3102 2428 Ps.c1x,3),non
3125 2359 3286 2416 deest
3301 2363 3496 2417 tamen
3509 2359 3655 2418 Pon-

2004 2448 2144 2505 tifex
2170 2464 2444 2503 summus
2471 2464 2505 2503 a
2536 2463 2778 2503 suorum
2811 2446 3258 2520 congregatione
3281 2449 3650 2521 pontificum,

2006 2536 2424 2611 meritoqueilli
2446 2537 2625 2592 totius
2645 2534 2982 2593 Ecclesieet
2993 2536 3257 2592 omnium
3283 2538 3651 2595 sacerdotum

2006 2643 2106 2683 ore
2136 2631 2444 2683 cantatur:
2475 2627 2690 2683 Iuravit
2714 2627 3065 2691 Dominus,et
3083 2642 3195 2682 non
3210 2628 3653 2699 pamitebiteum:

2008 2717 2081 2773 Tu
2101 2734 2154 2772 es
2170 2717 2427 2774 Sacerdos
2446 2717 2507 2772 in
2521 2724 2790 2772 catomum
2802 2714 3101 2771 secundum
3120 2715 3369 2772 ordinm
3378 2715 3655 2775 Melchise-

2004 2806 2138 2862 dech
2167 2806 2324 2873 (Ibid.
2360 2805 2438 2877 4).
2472 2806 2600 2878 Ipse
2629 2805 2787 2861 enim
2811 2821 2985 2861 verus
3015 2808 3073 2862 et
3101 2809 3353 2865 aeternus
3382 2810 3472 2863 est
3490 2806 3658 2864 Anti-

2008 2896 2246 2967 stes,cuj
2258 2910 2325 2951 us
2346 2892 2776 2951 administratio
2799 2906 2906 2949 nec
2925 2894 3446 2950 commutationem
3469 2899 3660 2968 potest

2007 2984 2239 3051 habere,
2265 3000 2367 3041 nec
2398 2983 2734 3056 ilnem.lpse
2762 2986 2851 3039 est
2879 2982 3049 3054 cujus
3080 2983 3328 3039 formam
3355 2980 3661 3042 Melchise-

2008 3072 2152 3131 dech
2184 3073 2441 3147 pontifex
2470 3072 2831 3146 praeferebat,
2846 3088 2961 3128 non
2981 3070 3258 3128 Judaicas
3279 3070 3507 3130 hostias
3526 3074 3659 3132 oii'e-

1932 3176 1979 3246 c
2016 3180 2152 3220 rens
2172 3162 2587 3231 Deo,sedillius
2603 3161 2954 3218 sacramenti
2968 3160 3282 3218 immolans
3304 3162 3658 3220 sacriﬁcium

2016 3253 2168 3325 quod
2202 3253 2555 3324 Redemptor
2575 3255 2777 3308 noster
2804 3250 2863 3305 in
2890 3267 2997 3306 suo
3026 3264 3267 3323 corpore
3295 3257 3353 3308 et
3371 3252 3660 3325 sanguine

2012 3341 2393 3399 consecravit.
2429 3341 2559 3413 Ipse
2588 3345 2677 3397 est
2704 3340 2880 3412 cujus
2912 3338 3303 3396 sacerdotium
3353 3338 3527 3397 Pater
3548 3357 3657 3398 non

2008 3430 2308 3489 secundum
2336 3430 2586 3487 ordinem
2616 3430 2795 3485 Aaron
2847 3446 2980 3484 cum
3010 3426 3158 3501 legis
3182 3432 3443 3501 tempore
3466 3434 3658 3487 trans-

2011 3521 2259 3587 iturum,
2290 3520 2395 3575 sed
2425 3516 3380 3575 secundumordinemlelchisedech
3400 3518 3664 3589 perenni-

2009 3612 2100 3666 ter
2126 3608 2538 3665 celebrandum
2568 3622 2703 3663 cum
2737 3606 3105 3661 firmamento
3136 3602 3473 3661 insolubilis
3495 3607 3659 3678 jura-

2011 3698 2193 3754 tionis
2206 3694 2634 3753 instituit.Nam
2648 3692 3213 3767 quiajusjurandum
3230 3691 3662 3751 interhomines

2012 3786 2086 3844 iis
2101 3786 2541 3842 deﬁnitionibus
2562 3783 2895 3849 adhibetur,
2912 3800 3039 3856 quin
3062 3780 3363 3855 perpetuis
3382 3781 3664 3856 pactioni-

2010 3877 2123 3933 bus
2140 3876 2507 3945 sanciuntur,
2530 3873 2713 3930 divini
2733 3888 2964 3945 quoque
2974 3871 3302 3943 juramenti
3325 3872 3659 3930 testificatio

2010 3965 2069 4021 in
2103 3964 2195 4021 his
2228 3963 2519 4021 invenitur
2549 3962 2876 4037 promissis,
2907 3976 3035 4033 qua:
3073 3960 3657 4020 incommutabilibus

2010 4060 2150 4112 sunt
2180 4056 2293 4110 fixa
2316 4053 2566 4111 decretis
2592 4071 2605 4109 :
2640 4056 2696 4109 et
2726 4050 2866 4124 quia
2906 4049 3246 4123 pcenitentia
3265 4050 3655 4108 mutationem

2010 4144 2228 4201 indicat
2256 4143 2599 4209 voluntatis,
2633 4142 2695 4197 in
2730 4158 2799 4198 eo
2827 4140 2983 4198 Deus
3015 4157 3131 4197 non
3162 4140 3423 4212 poenitet,
3452 4139 3510 4195 in
3542 4156 3658 4213 quo

2012 4233 2335 4290 secundum
2364 4235 2648 4289 aeternum
2681 4229 2979 4303 placitum.
2995 4244 3112 4285 non
3140 4232 3333 4301 potest
3353 4228 3512 4285 aliud
3544 4228 3661 4287 vel-

2006 4320 2062 4378 le
2092 4337 2272 4394 quam
2304 4320 2509 4376 voluit.

2077 4455 2217 4512 Cm;
2244 4453 2335 4509 IV.
2368 4483 2438 4495 --
2465 4452 2591 4510 Non
2632 4455 2724 4508 est
2776 4451 2973 4523 itaque
3013 4449 3202 4517 nobis,
3263 4448 3656 4521 dilectissimi,

245 4558 361 4599 non
393 4544 582 4600 nostri
603 4539 828 4599 laboris
853 4546 943 4599 est
964 4542 1153 4615 portio
1177 4545 1271 4598 :ut
1290 4542 1432 4599 dum
1456 4544 1527 4600 ad
1555 4544 1708 4601 beati
1732 4561 1897 4618 apos-
1925 4545 1976 4616 D
2006 4545 2475 4618 praesumptuosa
2487 4540 2769 4598 festivitas
2783 4554 2899 4613 qua
2911 4538 3165 4612 suscepti
3183 4538 3660 4596 sacerdotiidiem

247 4632 377 4688 ξιοιί
398 4628 553 4690 Petri
582 4633 784 4691 sedem
817 4649 885 4688 ex
934 4635 1057 4687 toto
1105 4631 1242 4689 orbe
1273 4633 1660 4705 concurritur,
1716 4638 1772 4691 et
1802 4634 1901 4691 illa

245 4721 592 4778 universalis
622 4719 896 4778 Ecclesia
928 4737 964 4775 a
997 4720 1237 4777 Domino
1267 4721 1456 4777 eidem
1487 4724 1901 4781 commendata

245 4809 478 4866 dilectio
508 4810 690 4866 etiam
720 4826 792 4865 ex
822 4814 1023 4864 nostra
1051 4809 1487 4882 dispensatione
1515 4811 1855 4884 deposcitur
1883 4830 1895 4881 ;

248 4899 405 4954 tanto
427 4897 688 4972 amplius
697 4897 870 4954 nobis
884 4897 1103 4953 instare
1119 4898 1312 4955 oneris
1326 4898 1897 4975 sentiamus,quanto

249 4988 469 5046 cunctis
489 4988 717 5062 majora
739 4987 1044 5045 debemus.
1068 4988 1136 5043 In
1157 4986 1265 5044 hac
1284 5004 1423 5062 ergo
1445 4990 1690 5046 materia
1724 4989 1900 5064 trepi-

253 5075 517 5146 dationis,
549 5095 682 5151 quae
714 5076 885 5135 nobis
915 5081 1072 5134 esset
1098 5077 1488 5150 dependenda:
1520 5079 1733 5135 ﬁducia
1773 5096 1896 5136 εει-ι

318 5256 397 5325 (α)
422 5254 526 5311 Hic
552 5268 751 5312 sema
774 5259 909 5311 ante
926 5270 1113 5311 annos
1134 5254 1360 5325 aliquot
1381 5253 1654 5312 editusex
1669 5273 1781 5315 ms.
1807 5276 1898 5315 co-

258 5324 623 5398 diceNicolai
659 5327 851 5394 Fabri,
887 5327 984 5398 qui
1005 5330 1208 5398 postea
1238 5324 1304 5381 D.
1326 5326 1552 5398 Thuani
1582 5327 1709 5395 fuit,
1740 5347 1896 5387 nunc

255 5394 311 5450 ia
339 5396 672 5455 Oolbertina
699 5394 1055 5455 bibliotheca
1077 5401 1366 5453 servatur.
1399 5397 1495 5454 Sic
1525 5394 1891 5463 Quesnellus.

255 5469 577 5542 Antelmius
602 5486 744 5527 vero
773 5470 919 5526 diss.
949 5471 1007 5539 6,
1036 5468 1263 5525 deceris
1278 5470 1529 5542 operibus
1561 5471 1653 5527 SS.
1677 5474 1892 5540 Leonis,

255 5543 305 5614 ei
327 5540 595 5614 Prosper-1',
628 5556 798 5597 num.
832 5544 884 5611 4,
919 5542 1201 5614 ρειεᾎ348,
1225 5540 1453 5614 monuit
1473 5540 1609 5598 huic
1636 5545 1891 5601 sermoni

252 5610 309 5687 i_n
333 5628 396 5667 eo
418 5609 620 5687 codice
635 5614 831 5687 prima
850 5609 1309 5687 manu_Prosperi
1320 5628 1538 5687 nomen
1553 5614 1578 5668 l‘
1578 5615 1733 5687 uisse
1756 5632 1895 5687 pra:-

250 5682 427 5759 iixum
460 5683 573 5759 hoc
614 5682 793 5759 titulo
840 5685 1065 5759 rinoipig
1090 5682 1264 5742 seruio
1311 5684 1567 5759 Prospeﬁ
1615 5686 1681 5743 de
1706 5682 1896 5744 Natali

245 5756 399 5828 papa
425 5755 776 5812 :recen-tiori
797 5755 993 5813 autem
1012 5755 1344 5814 charactere
1365 5755 1587 5815 abrasas
1610 5759 1896 5818 membra-

2009 4631 2195 4689 divini
2229 4630 2493 4689 muneris
2523 4645 2812 4687 memores
2844 4628 3204 4685 honoramus
3230 4645 3244 4697 ;
3277 4627 3379 4685 22
3398 4628 3662 4701 quando-

2008 4722 2247 4795 quidem
2271 4722 2365 4794 pie
2380 4723 2441 4778 et
2457 4718 2736 4777 veraciter
2752 4717 3288 4791 conﬁtemur,quod
3316 4734 3467 4791 opus
3485 4718 3661 4775 ruini-

2007 4811 2171 4868 sterii
2194 4810 2382 4867 nostri
2413 4810 2469 4865 in
2501 4809 2778 4865 omnibus
2804 4823 2932 4881 qua:
2961 4810 3117 4864 recte
3133 4806 3662 4881 agimus,Christus

2007 4900 2344 4973 exsequitur
2370 4924 2385 4968 ;
2418 4902 2475 4955 et
2505 4915 2620 4955 non
2650 4897 2713 4954 in
2744 4896 2935 4964 nobis,
2961 4896 3059 4970 qui
3084 4896 3209 4953 sine
3238 4895 3341 4951 illo
3360 4894 3662 4969 nihilpos-

2006 5006 2241 5056 sumus,
2272 4988 2373 5044 sed
2407 4987 2467 5044 in
2499 4987 2647 5061 ipso,
2673 4986 2775 5060 qui
2797 4984 3161 5059 possibilitas
3182 4988 3383 5043 nostra
3412 4988 3517 5049 est,
3536 4982 3661 5056 glo-

2006 5079 2251 5135 riamur.
2270 5075 2588 5149 Subjungit
2598 5079 2797 5133 autem
2818 5074 2969 5133 sead
2994 5074 3280 5133 rationem
3301 5070 3659 5131 solemnitati

2005 5273 2092 5312 me
2150 5255 2501 5327 inscriptum
2547 5253 2729 5310 fuisse
2778 5255 2985 5310 Leonis
3036 5267 3274 5327 nomen.
3323 5248 3474 5327 gum
3518 5261 3657 5305 vero

2004 5327 2293 5383 sermonis
2326 5320 2631 5382 contextus
2676 5330 2973 5383 auctorem
3019 5324 3283 5397 praetbrat
3323 5320 3657 5397 Romanum

2004 5399 2363 5473 pontificem,
2409 5397 2619 5473 stylus
2644 5402 2841 5453 autem
2870 5392 3395 5473 cum'czeterorum
3455 5392 3661 5473 Leonis

2004 5414 2363 5473 ponuncem,
2409 5414 2464 5451 sc
2505 5414 2595 5453 Ius
2644 5414 2841 5453 autem
2870 5414 3004 5453 cum
3056 5414 3395 5449 camerarum
3455 5414 3657 5449 ueonis

2004 5485 2349 5528 sermonum
2385 5414 2543 5543 styxo
2565 5467 2737 5542 plane
2767 5466 3091 5543 conveniat,
3126 5462 3505 5543 multumque
3536 5462 3657 5543 dis.

2003 5545 2201 5618 crepet
2231 5557 2285 5618 a_
2313 5534 2464 5614 stylo
2513 5534 2928 5618 Proqurihde
2977 5535 3232 5618 genuino
3280 5534 3489 5618 Leopis
3540 5534 3661 5618 fetu

2002 5605 2396 5671 dubitandum
2429 5628 2543 5668 non
2575 5605 2683 5667 est’.
2712 5605 3106 5681 Deﬁnscripto
3138 5610 3354 5681 autem
3378 5605 3660 5679 _Pr03peri

2000 5681 2238 5741 nomine
2270 5683 2471 5739 confer
2503 5699 2628 5755 qua:
2659 5677 3104 5753 conjecimus'in
3132 5677 3473 5754 praefatione
3491 5677 3656 5737 num.

2011 5759 2100 5816 40.
