4092 6178
394 241 504 304 171

1621 229 1902 295 LEONIS
1946 226 2188 292 MAGNI
2237 224 2677 293 SEBMONES.

3684 224 3797 283 172

398 376 597 434 dinem
632 373 912 432 fastidivit
944 372 1096 444 (Luc.
1122 385 1227 439 xu,
1254 370 1364 441 16),
1397 372 1454 424 et
1483 368 1556 424 ad
1587 367 1816 439 copiam
1846 364 2048 420 vinde-
2077 364 2131 430 Α
2163 366 2431 425 novatur,
2459 361 2599 417 si-et
2624 360 2685 418 in
2711 359 2945 417 laudem
2977 360 3105 433 ejus
3146 374 3378 432 semper
3406 355 3615 431 parati;
3644 359 3703 413 et
3729 354 3799 411 ad

396 466 529 523 mia:
559 462 853 521 afﬂuentia
882 459 1208 533 ingemuit;
1242 475 1347 514 nec
1378 459 1451 514 de
1482 455 1887 529 magnitudine
1926 453 2048 508 fru-

2155 451 2257 507 43
2290 449 2759 522 puriﬁcationem
2779 454 3040 506 nostram
3061 448 3188 504 sine
3210 446 3531 504 cessatione
3550 444 3800 512 solliciti,

397 559 600 611 etuum
630 550 982 625 gratulatus,
1008 550 1109 605 sed
1132 549 1205 604 de
1225 547 1447 613 vilitate
1476 546 1834 618 conquestus
1854 546 1963 599 est.
1988 540 2050 597 Si
2158 542 2215 594 et
2236 539 2308 594 ad
2334 539 2822 595 sustentationem
2848 537 3096 611 proximi
3116 536 3514 625 indesinenter
3530 534 3804 625 U)‘simus

398 646 593 700 autem
616 622 844 713 parcior
860 638 1031 693 fuerit
1054 637 1112 693 in
1138 635 1426 709 susceptis
1449 639 1604 691 terra
1624 632 1970 699 seminibus,
1996 634 2054 686 et
2160 627 2390 682 intenti.
2424 627 2555 683 Haec
2599 626 2808 700 triplex
2837 624 3222 692 observantia,
3259 622 3648 689 dilectissimi,
3679 638 3807 678 om-

402 728 740 803 catigatiore
762 731 1045 800 proventu
1059 727 1207 783 vites
1224 724 1480 797 oleieque
1496 721 1944 792 deﬂuxerint,(a)
1957 736 2050 775 ac-

401 820 687 877 cusantur
712 817 871 882 anni,
898 820 1228 889 arguuntur
1244 814 1552 878 elementa,
1577 815 1633 867 et
1654 826 1758 867 nec
1775 809 1894 866 aeri
1920 825 2054 881 par-

398 906 573 975 citur,
601 922 708 962 nec
731 906 895 973 coelo,
920 922 1054 961 cum
1088 903 1289 959 ﬁdeles
1305 907 1362 957 et
1382 902 1458 974 (ὁ)
1482 900 1610 973 pios
1626 897 1946 970 discipulos
1964 912 2057 952 ve-

400 996 595 1054 ritatis
617 994 766 1051 nihil
788 994 980 1067 magis
997 993 1365 1050 commendet
1384 995 1441 1046 et
1462 989 1712 1055 muniat,
1752 988 1852 1044 42
1878 1001 2056 1059 quam

402 1101 780 1160 perseverans
808 1083 867 1139 in
890 1088 1091 1149 Deum,
1116 1086 1173 1137 ct
1203 1080 1496 1137 indefessa
1526 1077 1806 1143 laudatio,
1829 1076 2058 1131 dicente

401 1173 712 1248 Apostolo:
749 1172 969 1245 Semper
999 1171 1252 1241 gaudete,
1283 1172 1404 1224 sine
1433 1169 1841 1225 intermissione
1868 1167 2058 1226 orate;

403 1266 467 1320 in
497 1264 748 1320 omnibus
776 1264 978 1332 grrtias
997 1264 1160 1329 agite.
1187 1263 1307 1316 Haec
1334 1260 1484 1315 enim
1511 1259 1757 1314 voluntas
1787 1256 1884 1311 Dei
1903 1261 1979 1309 est
1999 1254 2060 1308 in

410 1351 621 1409 Christo
641 1353 768 1409 Iesu
798 1354 857 1406 in
874 1351 1123 1406 omnibus
1148 1350 1217 1421 (ιε)
1245 1350 1391 1405 vobis
1412 1349 1459 1416 (1
1480 1347 1710 1411 Thess,v,
1737 1344 1847 1415 16).
1872 1344 2061 1412 Hujus

409 1426 604 1499 autem
619 1440 942 1496 devotionis
957 1438 1455 1511 quemadmodum
1469 1434 1793 1508 poterimus
1805 1446 2063 1503 essepar-

409 1530 639 1602 tieipes,
665 1528 779 1584 nisi
801 1543 996 1583 rerum
1018 1526 1269 1582 varietas
1283 1524 1670 1583 constantiam
1684 1521 1898 1577 mentis
1911 1536 2066 1576 exer-

413 1624 541 1676 ceat
565 1618 593 1674 ?
623 1622 690 1673 ut
713 1633 877 1673 amor
907 1615 1166 1672 directus
1195 1615 1253 1669 in
1283 1614 1465 1669 Deum
1500 1629 1605 1667 nec
1626 1611 1779 1667 inter
1807 1608 2068 1666 secunda

415 1705 736 1781 superbiat,
769 1722 876 1795 nec
906 1706 1063 1795 inter
1100 1705 1354 1795 adversa
1385 1700 1638 1795 deficiat.
1672 1699 1836 1764 Quod
1879 1698 2069 1770 placet
2097 1728 2148 1795 Β

414 1801 549 1866 Deo,
574 1795 802 1869 placeat
816 1794 892 1866 (ά)
906 1799 962 1850 et
975 1794 1165 1850 nobis.
1186 1797 1265 1848 De
1281 1791 1441 1846 omni
1461 1805 1737 1846 mensura
1757 1802 2072 1842 munerum

417 1872 545 1958 ejus
586 1884 969 1957 gaudeamus.
1022 1881 1139 1947 Qui
1159 1882 1307 1936 bene
1350 1896 1493 1935 usus
1524 1883 1613 1933 est
1640 1876 1892 1949 magnis,
1926 1875 2072 1930 bene

415 1972 617 2031 u'tatur
646 1976 703 2029 et
730 1971 998 2028 modicis.
1023 1972 1169 2026 Tam
1194 1969 1366 2025 nobis
1389 1967 1557 2039 ecpia
1582 1982 1759 2038 quam
1790 1962 2072 2037 parcitate

415 2061 762 2121 consulitur.
783 2060 898 2116 Nec
914 2060 972 2115 in
992 2056 1358 2131 spiritalibus
1377 2055 1558 2111 lucris
1572 2053 1645 2125 (ε)
1661 2052 1933 2125 angustia
1947 2068 2076 2125 gra-

414 2152 686 2210 vabimur
701 2151 1025 2216 fructuum,
1049 2146 1099 2204 si
1123 2146 1450 2203 fecunditas
1470 2161 1584 2200 non
1607 2146 1834 2199 arescat
1854 2142 2075 2197 animo-
2108 2200 2109 2203 η

418 2230 573 2298 rum.
597 2239 829 2297 Oriatur
842 2238 913 2293 de
924 2237 1116 2293 cordis
1131 2252 1289 2308 agro,
1311 2234 1467 2307 quod
1490 2238 1644 2289 terra
1661 2232 1726 2304 (Γ)
1740 2249 1855 2286 non
1870 2229 2072 2286 edidit.

419 2331 658 2388 Saurea
680 2346 812 2397 ILLI,
837 2327 994 2399 quod
1011 2325 1318 2397 largiatur,
1346 2322 1619 2391 occurrit,
1642 2321 1736 2378 cui
1763 2322 1908 2375 bene
1929 2318 2077 2375 velle

422 2416 539 2478 non
572 2417 887 2474 deficit.Ad
910 2415 1108 2472 omnia
1127 2413 1326 2487 igitur,
1357 2411 1746 2478 dilectissimi,
1768 2426 1944 2482 opera
1964 2408 2078 2480 pie-

422 2508 586 2573 tatis,
619 2506 885 2563 omnium
916 2504 1087 2560 nobis
1118 2504 1370 2575 qualitas
1410 2496 1597 2572 prosit
1627 2515 1937 2562 annorum,
1970 2514 2078 2553 nec

423 2595 889 2653 benevolentiam
903 2592 974 2648 ch
982 2592 1283 2647 ristianam
1299 2588 1615 2644 dil'licultas
1627 2586 1963 2658 temporalis
1978 2585 2080 2639 im-

424 2682 643 2756 pediat.
674 2682 849 2738 Novit
877 2680 1164 2736 Dominus
1195 2695 1334 2733 vasa
1358 2675 1671 2749 hospitalis
1700 2675 1887 2729 viduae
1920 2674 1996 2745 (g)
2018 2672 2077 2729 in

426 2787 576 2844 opus
597 2769 831 2842 pietatis
853 2776 972 2824 suae
1003 2771 1250 2823 vacuata
1277 2764 1567 2836 complere
1613 2763 1709 2833 (IV
1732 2764 1857 2834 Reg.
1881 2779 1958 2824 1v,
1990 2761 2076 2834 5);

428 2853 589 2917 novit
608 2874 793 2930 aquas
815 2858 874 2912 in
903 2857 1041 2912 vina
1061 2860 1393 2912 convertere
1434 2856 1612 2925 (Joan.
1638 2870 1698 2917 ιι,
1727 2855 1804 2920 9);
1829 2851 1987 2908 novit
2008 2853 2080 2908 de

424 2947 801 3022 paucissimis
818 2945 1073 3018 panibus
1096 2943 1356 3017 quinque
1379 2942 1565 2998 millia
1585 2940 1969 2998 esurientium
1987 2958 2079 2995 sa-

423 3042 624 3095 turare
639 3036 991 3109 populorum
1018 3035 1196 3102 (Joan.
1213 3050 1293 3098 νι,
1315 3033 1391 3105 9).
1411 3033 1482 3088 Et
1507 3031 1605 3087 ille
1627 3030 1728 3103 qui
1750 3030 1826 3103 (h)
1853 3030 1911 3085 in
1935 3048 2079 3102 pau-

424 3095 666 3200 peribus
712 3095 837 3180 suis
887 3095 1167 3195 pascitur,
1219 3095 1363 3194 quae
1390 3122 1581 3194 potuit
1610 3095 1822 3193 auge-re
1864 3095 2076 3188 dando,
2109 3095 2153 3164 C-

426 3218 622 3289 potest
650 3212 1044 3286 multiplicare
1075 3212 1383 3268 sumendo.

496 3303 633 3359 CAP.
666 3301 760 3357 1V.
782 3331 852 3343 —-
884 3300 1020 3356 Tria
1046 3315 1180 3355 vero
1227 3304 1367 3356 sunt
1395 3316 1523 3371 quae
1555 3298 1808 3354 maxime
1841 3299 1912 3353 ad
1946 3297 2078 3353 reli-

425 3392 624 3465 giosas
654 3390 948 3464 pertinent
980 3389 1257 3459 actiones,
1278 3390 1461 3444 oratio
1492 3388 1732 3453 scilicet,
1759 3386 2078 3458 jejunium,

429 3484 487 3538 et
498 3478 1111 3553 eleemosyna,quibus
1134 3476 1471 3534 exercendis
1488 3493 1659 3532 omne
1682 3476 1919 3548 quidem
1945 3480 2084 3531 tem-

430 3587 543 3643 pus
563 3571 626 3641 (i)
651 3573 975 3639 acceptum,
1009 3568 1110 3623 sed
1134 3566 1277 3622 illud
1311 3571 1399 3622 est
1426 3564 1752 3622 studiosius
1769 3564 2081 3620 observan-

429 3659 595 3730 dum,
620 3658 777 3731 quod
797 3655 1132 3729 apostolicis
1150 3655 1483 3727 accepimus
1505 3653 1922 3709 traditionibus
1945 3670 2082 3708 con-

432 3751 728 3805 secratum
754 3764 767 3814 ;
803 3745 956 3801 sicut
986 3744 1158 3799 etiam
1192 3744 1459 3799 decimus
1483 3742 1579 3797 hic
1611 3742 1830 3797 mensis
1859 3758 2082 3796 morem

426 3838 604 3892 refert
630 3833 841 3890 veteris
861 3832 1141 3903 instituti,
1164 3836 1228 3886 ut
1257 3832 1370 3886 tria
1389 3830 1491 3886 illa
1522 3831 1592 3886 de
1614 3830 1828 3902 quibus
1850 3829 2084 3885 locutus

431 3940 568 3981 sum
599 3921 942 3994 diligentius
974 3937 1385 3992 exsequamur.
1412 3918 1685 3975 Oratione
1706 3919 1863 3974 enim
1888 3919 2081 3990 propi-

425 4012 593 4069 tiatio
624 4009 727 4067 Dei
758 4010 1061 4081 quaeritur,
1104 4009 1331 4081 jejunio
1376 4007 1849 4080 concupiscentia
1889 4008 2083 4064 carnis

427 4088 842 4172 exstinguitur,
869 4096 1259 4170 eleemosynis
1279 4102 1516 4168 peccata
1536 4096 1928 4169 redimuntur(
1937 4102 2078 4153 Dan.

427 4207 507 4259 Iv,
534 4188 648 4259 24);
678 4184 989 4258 simulque
1013 4203 1117 4259 per
1144 4185 1342 4242 omnia
1372 4185 1473 4241 Dei
1504 4185 1563 4240 in
1586 4185 1755 4241 nobis
1775 4185 1968 4258 imago
2000 4203 2084 4243 re-

503 4326 581 4402 (ᾳ)
602 4326 736 4402 _Duo
760 4345 910 4402 mss.
922 4327 1050 4384 Vat.
1071 4328 1335 4402 etprima
1356 4327 1553 4402 editio,
1573 4332 2078 4402 accusaturiannus.

500 4398 581 4471 (ὁ)
601 4398 1051 4457 Vetustissimus
1074 4398 1227 4472 Vat,
1245 4402 1399 4472 pacis
1420 4399 1735 4472 discipulos.
1762 4402 1825 4455 In
1848 4401 2079 4457 duobus

2162 716 2327 772 nium
2359 715 2639 771 virtutum
2663 714 3106 788 comprehendit
3129 715 3388 772 effectus.
3417 713 3547 770 Haec
3567 712 3639 769 ad
3661 712 3809 768 ima-

2163 805 2357 879 ginem
2404 808 2463 862 et
2503 804 2952 875 similitudinem
2984 804 3082 861 Dei
3128 802 3409 877 pervenit,
3440 807 3499 859 et
3526 819 3562 859 a
3588 801 3810 875 Spiritu

2164 898 2365 951 sancto
2387 893 2810 967 inseparabiles
2832 893 2990 949 facit.
3024 893 3170 961 Quia
3198 892 3258 966 in
3289 891 3652 949 orationibus
3682 908 3812 965 per-

2165 988 2365 1040 manet
2390 984 2533 1039 fides
2564 987 2742 1050 recta,
2792 983 2868 1051 (Is)
2901 982 2957 1038 in
2984 981 3229 1055 jejuniis
3276 981 3557 1038 innocens
3584 981 3724 1046 vita,
3754 981 3812 1036 in

2165 1071 2549 1144 eleemosynis
2567 1088 2734 1128 mens
2755 1071 3029 1145 benigna.
3044 1072 3260 1136 Quarta
3281 1070 3462 1149 igitur
3482 1074 3539 1126 et
3559 1074 3722 1126 sexta
3741 1070 3817 1126 fe-

2167 1161 2254 1216 ria
2272 1161 2652 1232 jcjunemus;
2684 1161 2928 1217 sabbato
2970 1164 3165 1216 autem
3216 1160 3369 1232 apud
3402 1158 3827 1216 beatissimum

2167 1249 2497 1322 apostolum
2532 1250 2767 1305 Petrum
2799 1248 3029 1322 vigilias
3059 1250 3455 1316 celebremus;
3488 1247 3669 1320 quiet
3696 1266 3820 1306 ora.

2169 1338 2380 1404 tiones,
2407 1343 2465 1394 et
2485 1338 2734 1410 jejunia,
2759 1344 2816 1394 et
2846 1338 3244 1411 eleemosynas
3276 1343 3507 1394 nostras
3547 1337 3819 1410 precibus

2171 1428 2298 1484 suis
2327 1427 2668 1500 dignabitur
2685 1428 2962 1500 adjuvare
2987 1428 3071 1499 (l).
3100 1427 3204 1482 Per
3224 1426 3534 1483 Dominum
3551 1431 3819 1483 nostrum

2171 1517 2374 1573 Jesum
2407 1516 2727 1586 Christum,
2754 1516 2853 1588 qui
2881 1533 3015 1572 cum
3049 1516 3216 1587 Patre
3245 1520 3302 1572 et
3342 1520 3546 1573 sancto
3599 1516 3819 1589 Spiritu

2172 1605 2313 1662 vivit
2341 1611 2398 1662 et
2424 1610 2633 1678 regnat
2662 1607 2721 1662 in
2749 1606 2959 1662 saecula
2990 1604 3360 1662 saeculorum.
3387 1607 3591 1663 Amen.

2647 1712 2889 1769 SERMO
2918 1712 3039 1769 XIII
3070 1713 3176 1784 [AL
3210 1712 3356 1783 XII].

2571 1803 2644 1858 De
2671 1804 2887 1875 Jejunio
2906 1802 3104 1858 decimi
3130 1803 3333 1858 mensis
3364 1803 3431 1858 II.

2180 1893 2480 1948 Svuonsrs.
2525 1921 2592 1931 -—-
2622 1893 2907 1960 Ieiunium
2960 1892 3161 1948 mensis
3209 1891 3409 1947 decimi
3456 1907 3557 1947 cur
3603 1894 3824 1949 institu-

2250 1966 2411 2036 tumg;
2440 1964 2683 2035 ejusdem
2721 1967 2773 2018 et
2799 1963 3131 2020 Christiana:
3159 1980 3289 2035 erga
3314 1980 3581 2036 pauperes
3608 1967 3828 2021 miseri-

2250 2035 2456 2092 cordiae
2480 2036 2627 2092 laus.

2253 2142 2416 2208 Quod
2429 2143 2710 2214 temporis
2722 2140 2869 2197 ratio
2883 2147 2939 2198 et
2951 2141 3388 2214 devotionis(m)
3406 2147 3617 2199 nostra:
3634 2144 3829 2199 admo-

2183 2236 2283 2288 net
2301 2232 2684 2309 consuetudo,
2712 2229 2987 2303 pastorali
3017 2230 3202 2297 vobis,
3228 2230 3834 2300 dilectissimi,sol|iei-

2184 2320 2385 2375 tudine
2400 2319 2936 2391 prazdicamus,deci
2947 2320 3024 2376 mi
3038 2320 3259 2376 mensis
3270 2319 3684 2376 celebrandum
3701 2337 3833 2377 esse

2176 2409 2616 2480 jejunium,quo
2629 2425 2733 2481 pro
2755 2412 3166 2464 consummata
3180 2409 3549 2482 perceptione
3562 2409 3831 2466 omnium

2186 2498 2505 2564 fructuum,
2530 2496 2610 2568 (η)
2634 2497 2982 2569 dignissime
3002 2496 3265 2569 largitori
3292 2514 3494 2555 eorum
3514 2498 3633 2555 Deo
3654 2499 3834 2555 conti-

2186 2586 2394 2642 nentiae
2419 2585 2672 2640 libamen
2696 2586 2956 2641 oll‘ertur.
2975 2586 3122 2650 Quid
3144 2586 3301 2642 enim
3325 2591 3515 2659 potest
3533 2588 3833 2645 efficacius

2185 2690 2315 2731 esse
2362 2673 2611 2745 jejunio,
2660 2675 2832 2744 cujus
2871 2674 3242 2731 observantia
3284 2677 3831 2749 appropinquamus

2186 2763 2326 2829 Deo,
2347 2766 2405 2818 et
2425 2763 2762 2818 resistentes
2784 2761 3184 2831 diabolo,vitia
3202 2761 3419 2819 blanda
3434 2780 3784 2836 superamus
3804 2766 3836 2821 i’

2187 2852 2497 2922 Samnitum
2514 2851 2670 2906 enim
2688 2850 2889 2907 virtuti
2900 2850 3097 2922 cibusj
3107 2852 3370 2923 ejunium
3390 2852 3688 2926 fuit.tp)De
3703 2854 3838 2912 abs-

2185 2940 2436 2996 tinentia
2476 2940 2766 3012 prodeunt
2806 2945 2976 2997 castis
3008 2940 3414 3013 cogitationes,
3457 2942 3836 3001 rationabiles

2185 3029 2535 3095 voluntates,
2576 3028 2903 3085 salubriora
2931 3029 3197 3086 consilia.
3244 3032 3312 3086 Et
3341 3047 3445 3102 per
3472 3029 3835 3087 voluntarias

2187 3118 2535 3175 afﬂictiones
2562 3124 2695 3176 caro
2720 3118 3212 3191 concupiscentiis
3234 3120 3500 3185 moritur,
3519 3119 3837 3177 virtutibus

2188 3207 2429 3280 spiritus
2452 3207 2778 3263 innovatur.
2803 3207 2913 3264 Sed
2939 3207 3080 3279 quia
3102 3208 3305 3280 non(q)
3329 3207 3452 3264 solo
3472 3208 3701 3280 jejunio
3719 3209 3842 3265 ani-

2190 3313 2421 3353 marum
2458 3302 2792 3352 nostrarum
2824 3294 2985 3352 salus
3016 3296 3358 3368 acquiritur,
3385 3296 3680 3368 jejunium
3698 3313 3839 3353 nos-

2189 3389 2281 3442 tru
2292 3404 2348 3441 m
2361 3384 2779 3442 misericordiis
2791 3401 3116 3457 pauperum
3128 3385 3842 3458 suppleamus.lmpenda—

2190 3492 2326 3531 mus
2338 3474 2717 3547 virtuti,quod
2734 3473 3836 3546 subtrahimusvoluptati.Fiatrefectio

2191 3563 2485 3637 pauperis,
2518 3562 2873 3619 abstinentia
2890 3563 3234 3634 jejunantis.
3258 3564 3609 3619 Studeamus
3630 3564 3837 3622 vidua-

2192 3670 2322 3708 ruin
2336 3651 2682 3717 defensioni,
2702 3651 3057 3723 pupillorum
3073 3651 3333 3718 utilitati,
3357 3652 3682 3725 lugentium
3697 3671 3837 3711 con-

2192 3740 2485 3807 solationi,
2501 3740 2844 3797 dissidentiu
2856 3757 2910 3794 m
2925 3740 3450 3812 paci.Suscipiatur
3470 3744 3838 3816 peregrinus,

2191 3831 2500 3901 adjuvetur
2520 3846 2857 3902 oppressus,
2880 3830 3162 3885 vestiatur
3192 3834 3296 3886 44
3321 3831 3535 3897 nudus,
3576 3832 3843 3888 foveatur

2191 3926 2465 3993 aegrotus;
2493 3924 2554 3975 ut
2576 3904 2933 3990 quicumque
2948 3923 3217 3974 nostrum
3239 3918 3507 3990 dejustis
3535 3919 3839 3979 laboribus

2191 4010 2407 4066 auctori
2429 4010 2649 4064 bonoru
2660 4025 2714 4062 [ιι
2737 4008 3003 4063 omnium
3023 4007 3138 4064 Deo
3150 4009 3502 4066 sacriﬁcium
3520 4009 3698 4081 hujus
3723 4012 3843 4084 pie-

2189 4099 2328 4155 tatis
2358 4096 2656 4165 obtulerit,
2708 4097 2782 4152 ab
2811 4096 3014 4152 eodem
3054 4097 3214 4168 regni
3246 4097 3496 4154 caelestis
3528 4099 3840 4171 praemium

2190 4189 2260 4262 (r)
2290 4186 2584 4260 percipere
2615 4189 2927 4241 mereatur.
2960 4184 3179 4249 Quarta
3206 4184 3389 4267 igitur
3414 4191 3472 4243 et
3502 4193 3666 4244 sexta
3695 4189 3841 4245 feria

2286 4330 2326 4402 ί)
2357 4327 2660 4384 Homiliar.
2695 4327 2854 4384 Pauli
2884 4327 3066 4395 Diac.,
3094 4337 3427 4402 promptum.

2260 4331 2325 4474 Ei)
2360 4403 2439 4456 [ta
2470 4399 2732 4472 plerique
2763 4398 2994 4474 codices
3019 4404 3078 4455 et
3104 4400 3243 4455 editi
3276 4406 3409 4458 ante

2294 4399 2325 4469 ἱ)
2360 4403 2439 4456 [ta
2470 4399 2732 4472 plerique
2763 4399 2990 4455 codices
3019 4404 3078 4455 et
3104 4399 3409 4458 editi'ante
3434 4401 3837 4471 Quesnellum,

430 4463 630 4554 autem
652 4475 877 4554 ms__s.HS.
912 4472 1090 4554 Petri:
1121 4463 1362 4554 (Ianique
1384 4463 1644 4554 ﬁdelis-et
1654 4474 1806 4543 pacis
1834 4473 2078 4554 discipu-
2108 4463 2157 4531 D
2188 4463 2545 4554 apudquém
2567 4463 2761 4554 sumus
2791 4472 3012 4554 intenti.

431 4544 515 4609 lus
545 4551 596 4597 et
624 4544 1037 4617 veritatis,nihil
1052 4545 1228 4614 magis
1247 4543 1580 4617 commendet
1595 4552 1648 4599 et
1674 4548 1890 4617 moneat
1913 4543 2077 4617 quam

429 4618 493 4669 ut
516 4628 869 4684 perseverans
898 4615 972 4669 sit
1016 4617 1073 4669 in
1104 4616 1273 4669 Deum
1300 4619 1351 4671 et
1384 4614 1650 4686 indefessa
1694 4614 1955 4684 laudatio,
1989 4616 2076 4672 di-

431 4700 588 4742 cens:
622 4684 844 4742 Semner
868 4686 1113 4742 aaudele.
1149 4690 1258 4741 etc.

431 4700 588 4743 cens:
622 4700 844 4756 semper
867 4700 1113 4755 gaudete,
1149 4700 1258 4741 etc.

506 4754 573 4828 (ο)
598 4755 682 4809 Ita
702 4772 770 4811 ex
788 4755 1003 4812 nostris
1027 4774 1167 4812 mss.
1183 4774 1250 4811 ac
1270 4757 1460 4828 prima
1479 4756 1732 4813 editione
1745 4774 1848 4813 nec
1872 4775 1987 4813 non
2009 4775 2078 4812 ex

432 4825 771 4881 Homiliario
818 4826 981 4881 Pauli
1012 4828 1269 4881 Diaconi.
1309 4828 1590 4881 Similiter
1618 4828 1791 4881 etiam
1828 4830 1982 4881 apud
2015 4830 2073 4881 S.

432 4826 771 4884 Ho‘miliario
818 4826 981 4882 Pauli
1012 4826 1287 4883 Diaconif
1309 4828 1590 4883 Similiter
1618 4828 1791 4883 etiam
1828 4830 1982 4900 apud
2015 4830 2073 4885 S.

430 4896 705 4955 Paulum.
734 4896 872 4953 Alia:
903 4899 1185 4955 editiones
1215 4904 1272 4955 et
1301 4899 1668 4963 Quesnellus,
1702 4900 1877 4954 nobis.

526 4969 581 5041 d)
606 4968 699 5041 Sic
732 4969 913 5025 nostri
945 4971 1192 5027 codices.
1227 4971 1403 5036 Editi,
1434 4975 1483 5026 cl
1507 4972 1756 5026 omnibus
1783 4972 1955 5028 nobis.

527 5040 575 5111 e)
604 5040 793 5113 Vatia,
817 5041 979 5113 3836,
1011 5047 1245 5112 angusto
1271 5044 1627 5113 gravabimur
1654 5044 1860 5113 fructu.

522 5112 570 5185 ί)
601 5112 696 5168 Sic
725 5112 838 5168 tria
866 5112 1225 5170 Lectionaria
1254 5114 1516 5169 Romana
1565 5112 1803 5168 laudata
1835 5116 1953 5168 not.
1989 5115 2073 5169 17.

526 5200 610 5239 as.
633 5200 745 5239 non
774 5183 940 5239 dedit.

428 5184 610 5250 Alias,
633 5200 745 5239 non
774 5184 940 5239 dedit.

428 5325 473 5338 ﬂ
502 5256 572 5327 (g)
600 5254 1450 5338 P‘I'omiliar,PauliDiac.,copiis
1465 5256 1810 5338 picta-lissam
1825 5264 2072 5338 vacuata.

428 5325 593 5382 Unus
613 5325 985 5410 Yat._omittit
1010 5344 1140 5383 suae.
1176 5328 1239 5382 In
1267 5325 1457 5399 prima
1484 5326 1737 5381 editione
1760 5327 1993 5397 desunt,
2013 5330 2080 5383 in

430 5413 564 5469 opus
583 5406 807 5468 pietatis
837 5413 973 5455 suae.

497 5466 580 5542 (h)
608 5466 819 5526 Vocem
832 5469 1171 5542 pauperibus
1192 5466 1530 5527 addidimus
1551 5482 1618 5523 ex
1639 5464 1828 5526 tribus
1850 5485 1943 5527 me
1954 5486 2078 5529 mo-

430 5539 537 5603 Btis
575 5539 887 5603 Lecticnar
910 5540 1001 5603 iis.

424 5555 537 5603 aus
575 5555 887 5603 ιιθοιιοηατ
910 5557 1001 5604 llb‘u

503 4970 523 5195 ἕ

2258 4544 2332 4616 (k)
2353 4536 2444 4598 Sic
2469 4542 2681 4597 melius
2709 4559 2778 4596 ex
2810 4541 3148 4617 Homiliario
3168 4542 3335 4617 Pauli
3352 4536 3593 4617 _Diaconi
3622 4544 3840 4617 plurali

2187 4613 2450 4680 numero,
2475 4630 2638 4684 aeque
2668 4629 2735 4667 ac
2765 4630 2967 4668 omnes
2989 4613 3129 4668 editi
3157 4621 3214 4669 et
3239 4615 3465 4671 codices
3495 4613 3698 4672 eodem
3733 4634 3843 4672 nu-

2187 4702 2504 4767 mero-mox
2528 4685 2794 4767 efferunt,
2819 4685 2880 4739 in
2908 4685 3301 4767 eleemosynis;
3319 4688 3475 4767 unde
3496 4687 3669 4767 paulo
3702 4693 3845 4761 post

2178 4759 2398 4831 jejunio
2420 4758 2479 4810 S.
2517 4755 3031 4831 pontilexrepetit.
3063 4755 3226 4831 Alias
3249 4760 3310 4831 in
3329 4755 3562 4829 jejunio.

2258 4829 2317 4899 (ι)
2350 4828 2482 4883 Post
2503 4826 2709 4899 vocem
2722 4826 2984 4898 adjuvare
3006 4844 3158 4884 unus
3180 4826 3496 4886 Vaticanus
3513 4829 3845 4898 addit,dili-

2185 4898 2413 4971 gentilis
2429 4907 2487 4953 ut
2518 4898 2885 4971 invigilcmus.

2259 4971 2357 5042 (τη)
2391 4969 2879 5042 Codices-collect.
2911 4970 3206 5042 5_,rvestrw.

2257 5040 2346 5111 (η)
2369 5041 2608 5096 Variant
2638 5040 2747 5096 hoc
2778 5040 2903 5096 loco
2930 5040 3062 5096 libri
3093 5041 3234 5097 editi
3266 5046 3324 5098 et
3344 5060 3489 5098 mss.
3517 5041 3627 5098 Alii
3647 5044 3838 5111 enim,

2187 5130 2335 5185 quos
2357 5111 2705 5185 Quesnellus
2725 5116 2962 5185 secutus
2981 5117 3088 5179 est,
3113 5112 3350 5185 habent,
3372 5114 3800 5185 diligentissime
3817 5132 3841 5178 ;

2188 5181 2309 5260 alii,
2331 5185 2671 5260 dignissimo.
2687 5181 3023 5260 Meliopvisa
3039 5188 3130 5260 est
3149 5183 3315 5240 lectio
3336 5181 3609 5260 editionis
3631 5186 3843 5260 primas

2187 5261 2245 5313 et
2275 5252 2584 5320 Itainaudi,
2619 5269 2794 5325 quam
2827 5252 2922 5309 alii
2951 5254 3180 5311 codices
3209 5256 3577 5315 conﬁrmant.

2279 5326 2327 5399 0)
2358 5325 2708 5399 addidimus
2731 5328 2887 5399 enim
2915 5342 2982 5380 ex
3013 5327 3231 5383 nostris
3259 5328 3428 5383 codd.

2275 5397 2337 5471 p)
2367 5397 2492 5471 Duo
2524 5397 3153 5471 mss.,__De_abst_inentia
3181 5399 3437 5471 denique.

2258 5467 2334 5545 (ᾖ)
2367 5467 2529 5545 _U_nus
2561 5484 2673 5545 ms.
2697 5468 2755 5524 S.
2788 5467 2963 5545 Petri,
2996 5470 3056 5526 in
3085 5470 3199 5529 solo
3218 5467 3456 5545 jejunio.

2260 5539 2333 5623 (ἓ)
2366 5540 2527 5599 Idem
2557 5539 2758 5612 codex,
2786 5540 3044 5619 recipere.
