4060 6180
254 399 364 466 {77

1722 394 1988 466 SEBMO
2033 394 2190 461 XVI.

3540 399 3658 470 ΠΒ

258 534 401 594 Felix
430 536 524 594 est
549 530 696 594 illud
709 532 1011 608 horreum,
1031 535 1089 595 et
1102 530 1368 608 omnium
1389 532 1688 593 fructuum
1704 529 1897 591 multi-
1924 530 1980 606 Α
2007 550 2106 603 vn,
2141 533 2230 608 45)
2258 551 2272 592 :
2307 533 2447 610 quia
2480 552 2596 594 non
2653 543 2894 612 possent
2920 556 3087 599 veras
3117 546 3178 600 et
3203 541 3660 618 simplicescves

252 624 438 699 plieati
447 642 559 682 one
571 624 991 699 dignissimum
1009 625 1078 682 de
1092 642 1206 698 quo
1219 625 1518 698 egentium
1544 629 1600 682 et
1618 623 1833 680 debilia
1846 639 1901 678 m

253 720 548 771 saturatur
575 715 922 787 esuries,(a)
950 715 1018 770 de
1050 732 1164 788 quo
1185 715 1471 771 relevatur
1496 713 1786 787 peregrini
1811 729 1906 768 ne-

251 804 515 876 cessitas,
547 805 619 860 de
650 820 767 876 quo
806 804 1162 860 desiderium
1212 805 1436 860 fovetur
1465 804 1705 858 inﬁrmi.
1752 805 1903 868 Quos

246 893 370 949 ideo
400 893 518 948 sub
531 893 786 948 diversis
806 892 1092 949 molestiis
1107 893 1344 964 justitia
1371 893 1465 948 Dei
1492 893 1755 948 laborare
1775 909 1900 964 per-

246 981 428 1051 misit,
461 987 529 1038 ut
557 987 617 1038 et
648 983 896 1038 miseros
929 1000 1028 1054 pro
1068 982 1367 1055 patientia,
1405 985 1462 1039 et
1496 981 1901 1038 misericordes

247 1089 350 1146 pro
379 1071 791 1130 benevolentia
821 1078 1144 1128 coronaret.

311 1211 441 1262 CAP.
479 1210 550 1260 II.
587 1238 657 1248 —
689 1206 835 1262 Huic
865 1210 1064 1262 autem
1093 1205 1271 1278 operi,
1305 1205 1714 1274 dilectissimi,
1766 1221 1900 1260 cum

241 1295 439 1352 omnia
469 1298 807 1368 opportuna
836 1295 956 1350 sint
987 1299 1265 1368 tempora,
1299 1294 1408 1350 hoc
1431 1312 1587 1350 nunc
1612 1295 1901 1366 praecipue

238 1388 441 1456 aptum
474 1388 568 1439 est
599 1387 777 1455 atque
802 1384 1174 1450 conveniens,
1222 1384 1282 1438 in
1333 1401 1449 1456 quo
1483 1383 1668 1439 sancti
1704 1387 1898 1456 patres

241 1474 423 1529 nostri
449 1457 746 1528 divinitus
775 1472 1047 1546 inspirati
1077 1473 1284 1530 decimi
1311 1472 1530 1528 mensis
1564 1489 1804 1528 sanxere
1815 1474 1899 1543 je-

233 1562 498 1634 j‘unium,
523 1566 593 1617 ut
613 1563 883 1617 omnium
907 1562 1212 1618 fructuum
1238 1562 1576 1618 collectione
1602 1562 1896 1631 conclusa,

236 1650 610 1707 rationabilis
627 1653 736 1706 Deo
751 1651 1436 1718 abstinentia,dicaretur,
1453 1655 1507 1707 et
1529 1650 1900 1707 meminisset

237 1740 497 1814 quisque
527 1740 612 1796 ita
643 1741 729 1795 uti
751 1740 1130 1808 abundantia,
1157 1745 1222 1796 ut
1252 1744 1308 1797 et
1337 1740 1490 1796 circa
1513 1758 1573 1796 se
1596 1739 1895 1795 abstinen-

233 1821 374 1897 tior,
405 1835 464 1886 et
493 1830 648 1885 circa
678 1846 965 1902 pauperes
1003 1833 1157 1886 esset
1187 1830 1445 1886 etl‘usior.
1476 1828 1896 1885 Efﬂcacissima

234 1920 399 1976 enim
424 1935 534 1990 pro
565 1919 821 1991 peccatis
842 1919 1170 1992 deprecatio
1203 1923 1292 1975 est
1322 1919 1379 1973 in
1408 1919 1791 1991 eleemosynis
1819 1922 1900 1974 at-
1926 1909 1976 1976 Β

232 2024 352 2081 que
374 2005 647 2079 jejuniis,
681 2012 738 2062 et
757 2006 1109 2064 velociterad
1133 2007 1360 2064 divinas
1372 2008 1709 2064 conscendit
1725 2023 1896 2064 aures

229 2097 460 2153 talibus
491 2098 592 2155 49
615 2097 800 2153 oratio
821 2095 1044 2152 elevata
1060 2097 1373 2170 suffragiis.
1400 2099 1708 2166 Quoniam,
1739 2097 1895 2153 sicut

231 2187 357 2241 seri
363 2190 534 2258 ptum
547 2194 608 2240 es
618 2192 655 2250 t,
670 2187 881 2242 animae
891 2201 1009 2242 sua:
1021 2187 1283 2258 benefacit
1297 2188 1383 2241 vir
1391 2187 1698 2242 misericors
1709 2191 1892 2256 (Prov.

228 2293 310 2343 ιι,
351 2269 466 2343 17),
497 2278 556 2330 et
591 2273 736 2330 nihil
783 2277 872 2330 est
921 2275 1387 2347 uniuscujusque
1429 2280 1548 2332 tam
1593 2276 1896 2349 proprium

229 2379 421 2437 quam
443 2363 600 2436 quod
615 2363 972 2435 impenditin
986 2363 1337 2435 proximum.
1363 2368 1506 2420 Pars
1523 2366 1678 2420 enim
1697 2381 1895 2436 corpo-

229 2453 460 2510 ralium
477 2452 849 2519 facultatum,
865 2469 993 2525 quae
1005 2452 1406 2526 indigentibus
1430 2453 1816 2522 ministratur,
1835 2454 1896 2508 in

231 2541 482 2598 divitias
514 2541 999 2608 transitieternas,
1023 2545 1080 2598 et
1105 2541 1215 2597 illa:
1242 2559 1382 2615 opes
1404 2543 1475 2598 de
1494 2542 1605 2598 hac
1628 2543 1895 2616 largitate

233 2633 579 2705 pariuntur,
595 2647 734 2703 quas.
753 2631 914 2688 nulIo
938 2649 1048 2687 usu
1067 2631 1458 2696 minui,nulla
1483 2637 1754 2704 poterunt
1771 2647 1892 2687 cor-

232 2721 522 2793 ruptione
543 2718 744 2776 violari
777 2722 935 2777 Beati
964 2721 1038 2793 (ὁ)
1059 2736 1316 2792 namque
1343 2721 1740 2790 misericordes,
1762 2738 1892 2794 quo-

230 2813 400 2867 niam
429 2809 1044 2883 ipsorummiserebitur
1063 2815 1209 2866 Deus
1232 2809 1442 2882 (Matth.
1475 2826 1531 2880 v,
1562 2811 1652 2880 7);
1685 2816 1741 2866 et
1769 2809 1893 2882 ipse

231 2900 352 2958 erit
385 2898 512 2955 illis
540 2909 773 2955 summa
818 2898 1063 2972 prazmii,
1096 2897 1198 2971 qui
1247 2903 1339 2954 est
1368 2898 1556 2955 forma
1600 2898 1890 2972 praecepti.

302 3037 448 3090 CAP.
483 3033 585 3088 III.
620 3063 688 3078 —-
718 3034 874 3089 Inter
896 3031 1019 3088 hmo
1050 3036 1268 3101 autem,
1294 3031 1685 3100 dilectissimi,
1720 3049 1896 3105 opera

232 3123 503 3198 pietatis,
516 3139 643 3194 quae
665 3138 772 3178 nos
792 3122 909 3177 Deo
927 3121 1116 3194 magis
1131 3122 1437 3194 magisque
1453 3122 1892 3192 commendant,

2013 624 2230 694 fallere,
2269 626 2382 682 nisi
2415 625 2630 684 Christi
2664 628 2897 687 nomine
2927 636 3188 705 tegerent
3205 633 3428 692 rabiem
3452 637 3664 696 bestia~

2012 713 2149 772 lem.
2187 718 2249 771 In
2283 717 2354 772 iis
2387 721 2580 773 autem
2601 720 2876 776 omnibus
2895 727 3165 794 operatur
3181 724 3251 796 (c)
3271 723 3367 782 ille
3385 725 3506 798 qui,
3527 733 3662 786 cum

2013 805 2089 860 sit
2109 821 2238 861 vere
2264 804 2714 863 illuminationis
2731 807 3029 877 inimicus,
3055 811 3114 866 in
3136 811 3287 868 lucis
3305 831 3366 871 se
3387 815 3662 886 angelum

2012 895 2412 968 transfigurat.
2447 896 2634 967 Hujus
2665 903 2786 952 arte
2837 899 3144 966 Basilides,
3177 901 3356 974 hujus
3405 903 3661 965 Marcion

2012 984 2188 1039 callet
2211 985 2464 1057 ingenio,
2491 985 2599 1040 hoc
2619 987 2769 1043 duce
2791 989 2986 1061 agitur
3004 990 3311 1057 Sabellius,
3343 993 3452 1050 hoc
3470 995 3665 1067 praeci-

2011 1074 2233 1146 pitatur
2262 1077 2482 1130 rectore
2515 1075 2817 1142 Photinus,
2844 1077 3025 1148 hujus
3043 1081 3316 1150 potestati
3344 1082 3662 1142 famulatur

2008 1164 2202 1232 Arius,
2231 1163 2407 1234 hujus
2431 1165 2662 1236 spiritui
2686 1160 2860 1221 servit
2884 1168 3236 1237 Eunomius;
3269 1175 3389 1226 tota
3411 1173 3662 1246 denique

2010 1252 2085 1322 (ά)
2111 1253 2431 1308 bestiarum
2445 1253 2652 1309 talium
2668 1255 2874 1311 cohors
2894 1257 3003 1313 hoc
3025 1258 3271 1330 praeside
3303 1261 3374 1316 ab
3393 1261 3660 1320 Ecclesiae

2009 1341 2233 1397 unitate
2261 1342 2555 1408 discessit,
2589 1343 2695 1400 hoc
2714 1345 2994 1418 magistro
3025 1364 3059 1402 a
3082 1348 3325 1405 veritate
3354 1351 3620 1409 descivit.

2078 1433 2207 1486 Car.
2242 1431 2334 1486 IV.
2369 1463 2438 1472 —
2466 1433 2575 1488 Sed
2607 1449 2741 1489 cum
2793 1435 2850 1489 in
2901 1435 3129 1492 cunctis
3171 1439 3659 1510 perversitatibus

2009 1519 2430 1575 multiformem
2449 1524 2644 1578 teneat
2665 1523 3080 1596 principatum,
3109 1543 3302 1583 arcem
3323 1532 3519 1586 tamen
3543 1530 3654 1588 sibi

2006 1607 2066 1663 in
2079 1609 2532 1666 Manichteorum
2556 1612 2770 1667 struxit
2787 1612 3036 1682 insania,
3053 1617 3109 1672 et
3133 1614 3484 1674 latissimam
3500 1619 3559 1675 in
3573 1621 3656 1678 eis

2007 1696 2224 1764 aulam,
2259 1697 2318 1753 in
2352 1716 2468 1771 qua
2501 1717 2561 1756 sc
2590 1701 2978 1758 exsultantius
2993 1705 3262 1777 jactaret,
3282 1706 3506 1765 invenit
3526 1710 3656 1778 ;ubi

2007 1803 2120 1842 non
2141 1787 2317 1843 unius
2338 1789 3047 1864 pravitatis50'speciem,
3064 1794 3165 1850 sed
3189 1797 3452 1854 omnium
3477 1799 3659 1856 simul

2005 1892 2202 1932 erroru
2213 1893 2268 1932 m
2282 1876 2772 1953 impietatumque
2786 1880 3099 1939 mixturam
3117 1880 3466 1956 generaliter
3477 1891 3663 1962 possi-

2007 1965 2186 2021 deret.
2213 1967 2374 2030 Quod
2398 1967 2556 2023 e-nim
2586 1969 2646 2024 in
2669 1970 2916 2042 paganis
2937 1972 3271 2044 profanum,
3293 1979 3449 2048 quod
3475 1978 3661 2050 ianu-

2007 2055 2146 2110 dacis
2168 2055 2502 2112 carnalibus
2517 2073 2757 2127 caecum,
2789 2061 2944 2132 quod
2967 2060 3028 2116 in
3045 2063 3288 2121 secretis
3299 2067 3538 2140 magicas
3561 2085 3658 2124 ari-

2004 2143 2078 2200 iis
2101 2143 2389 2213 illicitum,
2407 2148 2560 2218 quod
2585 2148 2835 2220 denique
2852 2150 2912 2204 in
2935 2151 3210 2208 omnibus
3227 2153 3547 2215 bseresibus
3568 2177 3658 2216 sa-

2005 2233 2289 2306 crilegum
2311 2239 2486 2306 atque
2502 2235 2914 2308 blasphemum
2943 2244 3050 2308 est,
3077 2240 3266 2297 hocin
3294 2243 3460 2311 istos,
3485 2253 3654 2319 quasi

2005 2322 2065 2378 in
2079 2322 2371 2378 sentinam
2387 2325 2704 2395 quamdam
2718 2343 2853 2382 cum
2867 2328 3132 2384 omnium
3147 2332 3410 2389 sordium
3428 2351 3656 2394 concre-

2004 2410 2161 2466 tione
2191 2410 2487 2466 conﬂuxit.
2522 2411 2685 2468 Unde
2715 2413 3020 2471 universas
3066 2431 3266 2473 eorum
3321 2417 3655 2493 impietates

2003 2515 2070 2554 ac
2100 2499 2496 2570 turpitudines
2521 2507 2793 2558 enarrare
2834 2503 3178 2577 perlongum
3227 2511 3318 2563 est
3352 2526 3365 2577 ;
3417 2518 3658 2584 superat

2003 2587 2160 2643 enim
2189 2587 2500 2666 verborum
2532 2590 2758 2661 ccpiam
2791 2590 3106 2648 criminum
3128 2592 3465 2654 multitudo.
3489 2601 3658 2673 (e)Ex

2004 2677 2220 2748 quibus
2238 2677 2310 2731 ad
2324 2676 2706 2733 indicandum
2725 2695 2914 2750 pauca
2931 2697 2997 2736 su
3007 2681 3252 2752 fﬁciunt,
3273 2689 3338 2740 ut
3358 2683 3516 2744 deiiis
3529 2703 3656 2761 quas

2004 2765 2327 2833 audieritis,
2351 2765 2641 2822 etiamilla
2660 2783 2788 2840 quae
2805 2772 3131 2828 verecunde
3152 2767 3656 2846 praetermittimus

2003 2853 2325 2910 aestimetis.
2360 2854 2441 2910 De
2471 2855 2656 2911 sacris
2689 2858 2908 2913 tamen
2931 2873 3154 2929 eorum,
3180 2879 3307 2934 quae
3338 2866 3504 2938 apud
3525 2866 3656 2926 illos

2002 2947 2124 2999 tam
2153 2942 2408 3000 obscena
2421 2949 2563 3000 sunt
2592 2948 2770 3016 quam
2801 2946 3074 3017 nefanda,
3111 2951 3654 3024 quod'inquisitioni

2001 3036 2214 3092 nostrae
2236 3031 2520 3090 Dominus
2538 3034 2913 3090 manifestare
2931 3037 3134 3105 voluit,
3152 3055 3267 3096 non
3285 3044 3565 3113 tacemus,
3582 3059 3654 3102 ne

2004 3122 2317 3194 quisquam
2336 3126 2502 3194 putet
2530 3140 2638 3180 nos
2661 3124 2744 3180 de'
2764 3123 2872 3180 hac
2902 3141 2963 3181 re
2993 3126 3182 3182 dubiae
3202 3128 3444 3187 famast
3461 3131 3654 3190 inceré

235 3210 498 3270 dubium
520 3227 636 3266 non
654 3214 743 3267 est
763 3205 906 3281 quin
927 3208 1114 3265 hostis
1135 3214 1350 3281 noster,
1376 3211 1622 3268 nocendi
1641 3212 1892 3283 cupidus
1930 3281 1966 3293 Α
2004 3211 2081 3267 tis
2111 3211 2488 3283 opinionibus
2518 3211 2855 3269 credidisse.
2873 3214 3290 3273 Resi‘dentibus
3321 3219 3519 3293 itaque
3540 3237 3657 3278 me-

237 3306 296 3359 et
326 3300 578 3373 peritus,
607 3299 929 3356 acrioribus
959 3297 1186 3354 invidia;
1211 3299 1468 3355 stimulis
1487 3281 1795 3358 incitetur:
1831 3304 1895 3357 ut
1925 3281 1970 3350 Ο
2007 3281 2460 3372 ουῐῐιῗθρὶεοορὶε
2479 3317 2546 3356 ac
2568 3302 2943 3374 presbyteris.
2970 3320 3036 3359 ac
3065 3303 3125 3360 in
3139 3281 3502 3381 eumdem.(f)
3517 3327 3655 3367 con-

241 3406 395 3463 quos
417 3389 638 3461 apertis
666 3392 724 3444 et
739 3387 999 3447 cruentis
1028 3388 1529 3461 persecutionibus
1552 3389 1899 3461 impugnare

241 3496 365 3536 non
379 3477 614 3547 sinitur,
636 3477 747 3534 sub
769 3476 918 3534 falsa
937 3476 1254 3534 Christiani
1269 3478 1523 3534 nominis
1542 3479 1900 3550 professione

245 3566 842 3640 corrumpat,habens
863 3566 1166 3623 haereticos
1187 3566 1322 3622 huic
1362 3569 1519 3639 operi
1560 3568 1896 3636 servientes,

248 3674 412 3732 quos
433 3673 468 3711 a
501 3655 782 3712 catholica
808 3655 930 3712 ﬁde
949 3655 1145 3711 devios
1176 3656 1405 3728 sibique
1428 3656 1723 3727 subjectos
1753 3657 1903 3712 mili-

252 3752 384 3803 tare
409 3746 468 3800 in
499 3745 706 3801 castris
737 3743 859 3800 suis
908 3744 1020 3799 sub
1050 3743 1295 3800 diversis
1319 3745 1615 3804 erroribus
1645 3745 1799 3802 fecit.
1833 3748 1903 3802 Et

246 3834 771 3907 sicutdecipiendis
797 3832 1008 3908 primis
1022 3833 1358 3890 hominibus
1381 3833 1774 3890 ministerium
1789 3835 1899 3893 sibi

249 3921 538 3997 gerpentis
576 3923 906 3996 assumpsit
951 3922 1161 3996 (Genes.
1192 3940 1276 3990 III,
1310 3924 1384 3993 1),
1428 3923 1510 3978 ita
1538 3923 1750 3979 horum
1785 3923 1902 3980 lin-

251 4029 396 4087 gazas
422 4013 886 4070 ad-seducendos
911 4015 1204 4069 rectorum
1235 4011 1486 4080 animos,
1519 4028 1739 4069 veneno
1784 4031 1902 4070 suae

255 4102 524 4158 falsitatis
553 4102 822 4158 armavit.
858 4101 970 4158 Sed
1001 4100 1075 4157 iis
1105 4100 1356 4168 insidiis,
1384 4101 1776 4170 dilectissimi,
1808 4120 1905 4175 pa-

258 4191 452 4247 storali
465 4190 944 4258 sollicitudine,in
963 4194 1250 4263 quantum
1262 4190 1546 4248 Dominus
1569 4191 1900 4262 auxiliatur,

261 4280 636 4336 occurrimus.
668 4277 994 4352 Et-neqnid
1015 4278 1098 4334 de
1115 4281 1316 4334 sancto
1340 4294 1512 4351 grege
1534 4282 1750 4350 pereat,
1766 4296 1907 4350 prse-

263 4367 809 4442 caventes,paternis
821 4384 924 4423 vos
939 4367 1485 4424 denuntiationibus
1496 4367 1902 4434 admonemus,

264 4456 484 4514 utlabia
500 4456 771 4531 iniquaet
792 4456 1058 4529 linguam
1076 4456 1630 4528 dolosam,aquibus
1645 4457 1904 4513 animam

265 4563 428 4602 suam
457 4546 741 4620 propheta
789 4545 1028 4602 liberari
1068 4545 1328 4618 postulat
1371 4546 1482 4617 (Ps.
1516 4561 1663 4614 cxax,
1697 4549 1772 4614 2),
1806 4546 1904 4602 de-

2009 3401 2238 3444 cessum
2269 3389 2616 3445 Christianis
2663 3391 2803 3445 viris
2835 3408 2900 3447 ac
2937 3391 3234 3452 nobilibus
3266 3398 3654 3471 congregatis,

2007 3475 2233 3533 Electos
2266 3481 2326 3532 et-
2351 3477 2572 3534 Electae
2603 3495 2803 3534 eorum
2833 3479 3124 3550 jussimus
3154 3487 3514 3554 prsesentari.
3549 3489 3657 3556 Qui

2008 3579 2143 3622 cum
2163 3566 2234 3621 de
2254 3567 2633 3637 perversitate
2655 3568 2946 3640 dogmatis
2969 3569 3081 3639 sui,
3106 3573 3162 3626 et
3182 3572 3252 3626 de
3275 3573 3657 3632 festivitatum

2009 3670 2250 3710 suarum
2266 3655 2689 3712 consuetudine
2705 3646 3506 3730 multa(g)reserassent,illud
3521 3679 3662 3736 quo-

2011 3756 2125 3816 que
2157 3743 2369 3815 scelus,
2402 3744 2556 3817 quod
2579 3744 2773 3817 eloqui
2813 3749 3207 3805 verecundum
3241 3754 3350 3822 est,
3388 3751 3658 3824 prodide-

2011 3837 2170 3900 runt,
2203 3833 2355 3905 quod
2373 3833 2874 3906 tantavdiligentia'
2898 3833 3318 3910 investigatum
3342 3843 3450 3908 est,
3473 3844 3540 3897 ut
3570 3839 3660 3897 ni-

2011 3921 2093 3976 hil
2107 3921 2182 3992 (h)
2203 3923 2401 3978 minus
2420 3921 2845 3990 credulis,nihil
2867 3924 3351 3985 obtrectatoribus
3373 3925 3661 4006 relinque-

2012 4014 2174 4066 retur
2193 4010 2557 4082 ambiguum.
2580 4012 2838 4067 Aderant
2853 4013 3011 4068 enim
3033 4020 3237 4071 omnes
3259 4033 3541 4088 personas,
3558 4037 3662 4093 per

2013 4113 2160 4170 quas
2181 4098 2569 4168 (i)inl‘andum
2585 4098 2810 4156 facinus
2831 4102 3662 4180 fuerat-perpetratum,puella

2015 4187 2238 4242 scilicet
2259 4191 2323 4242 ut
2353 4186 2606 4243 multum
2640 4188 2940 4257 decennis,
2971 4195 3029 4246 et
3063 4191 3190 4247 dum
3225 4192 3659 4268 mulieres,quas

2012 4276 2026 4329 i
2035 4291 2204 4347 psam
2223 4277 2635 4348 nutrierant,et
2654 4277 2790 4332 huic
2803 4277 3003 4334 sceleri
3016 4288 3430 4353 praepararant.
3449 4283 3664 4342 Praesto

2014 4369 2136 4420 erat
2151 4364 2325 4421 etiam
2341 4365 2814 4422 adolescentulus
2844 4366 3077 4424 vitiator
3093 4369 3318 4441 puellae,
3353 4376 3410 4428 et
3441 4374 3664 4445 episco-

2013 4454 2398 4526 pusipscrum
2416 4455 2741 4510 detestandi
2755 4455 3018 4512 criminis
3031 4457 3374 4534 crdinatcr.(
3373 4460 3426 4534 j)
3447 4462 3664 4520 Horum

2015 4543 2281 4599 omnium
2309 4561 2413 4615 par
2442 4543 2553 4598 fuit
2572 4547 2628 4599 et
2658 4559 2776 4598 una
2791 4545 3100 4614 confessio,
3126 4550 3555 4620 etpa'tefactum
3575 4555 3668 4608 est

264 4634 524 4692 clinstis:
574 4635 856 4707 quoniam
900 4650 1078 4690 sermo
1124 4650 1332 4700 eorum,
1386 4633 1539 4690 sicut
1586 4634 1668 4690 ait
1699 4635 1904 4692 beatus
1935 4653 1994 4718 Ι)
2016 4637 2519 4689 exsecramentum
2548 4633 2701 4706 quod
2719 4648 2890 4689 aures
2920 4638 3131 4691 nostra:
3153 4637 3248 4693 vix
3291 4639 3665 4713 ferre-potue-

263 4723 584 4795 Apostolus,
607 4726 774 4795 serpit
800 4731 861 4779 ut
893 4739 1088 4788 cancer
1109 4722 1182 4795 (ΙΙ
1214 4724 1346 4779 Tim.
1371 4741 1428 4791 η,
1464 4723 1574 4794 17).
1600 4723 1912 4782 Humiliter
2018 4725 2174 4776 runt.
2207 4721 2286 4777 De
2319 4738 2431 4793 quo
2462 4737 2534 4776 ne
2565 4720 2822 4793 apertius
2842 4721 3149 4794 loquentes
3181 4731 3374 4785 castos
3403 4729 3668 4786 ctl‘enda-

269 4811 542 4884 i'rrepunt',
573 4811 789 4869 blande
837 4811 1096 4885 capiunt,
1134 4811 1388 4868 molliter
1424 4811 1631 4885 ligant,
1663 4811 1912 4870 latenter
2018 4810 2726 4882 musauditus,gestorum
2749 4810 3101 4870 documenta
3119 4815 3666 4890 sufﬁciunt,quibus

274 4901 550 4957 occidunt.
589 4904 820 4959 Veniunt
847 4903 1016 4969 enim,
1043 4901 1199 4957 sicut
1217 4899 1480 4957 Salvator
1509 4900 1908 4974 przedixit,sub

278 4993 474 5046 uestitu
494 4994 699 5060 mnum,
729 4993 880 5047 intus
923 4995 1108 5048 autem
1136 4999 1266 5046 sunt
1296 4991 1414 5062 lapi
1442 5006 1664 5062 rapaces
1695 4991 1902 5063 (Matth.

350 5166 414 5240 (α)
443 5167 944 5240 Itaomnesnostri
972 5166 1200 5223 codices
1234 5169 1291 5221 et
1320 5166 1460 5222 editi
1480 5171 1614 5223 ante
1637 5168 1910 5234 Quesnel-

281 5235 407 5293 lum'
423 5240 512 5311 qui
542 5240 740 5307 habet,
768 5239 835 5294 de
862 5255 966 5311 quo
995 5240 1271 5294 relevetur
1289 5240 1577 5294 necessitas
1597 5243 1907 5311 peregrino-

287 5318 399 5384 rum
421 5311 480 5384 de
509 5328 610 5384 quo
639 5311 973 5384 desiderium
1000 5312 1213 5384 favetur
1243 5311 1618 5381 infirmorum.

353 5383 415 5454 {b}
444 5382 573 5439 Erat
601 5384 662 5438 in
695 5383 868 5438 editis
891 5387 1022 5436 ante
1044 5382 1282 5448 Quesn.,
1305 5391 1486 5454 autem
1518 5400 1619 5454 pro
1647 5399 1902 5454 namque.

441 5455 725 5511 Addimus
756 5470 955 5536 vocem
987 5454 1083 5538 ille
1113 5469 1179 5508 ex
1212 5445 1389 5536 mss.
1423 5445 1591 5508 Pet-ri.

405 5526 547 5592 )MS.
581 5527 638 5581 S.
673 5525 847 5592 Petri,
892 5525 1090 5580 talium
1107 5529 1346 5592 pestium
1369 5524 1573 5581 cohors.

405 5524 547 5593 3M5.
581 5527 638 5581 S.
673 5525 847 5592 Petri,
892 5525 1090 5580 talium
1107 5527 1346 5595 pestium
1369 5524 1573 5581 cohors.

357 5597 414 5663 (ε)
439 5599 727 5678 Et_pro_E.r
750 5597 1056 5678 legebatur
1075 5597 1132 5650 in
1155 5597 1518 5678 editionibus
1543 5595 1828 5678 Rainaudi
1844 5600 1907 5676 et

357 5615 414 5663 te)
439 5615 496 5652 ιιι
517 5615 620 5723 pro
637 5615 727 5653 1:.1:
751 5615 1056 5678 legebatur
1075 5615 1132 5650 in
1155 5615 1518 5652 coitionibus
1544 5615 1828 5652 ltﬂlnaUQl
1844 5615 1907 5676 et

293 5663 522 5746 Φρίξος)
539 5670 550 5723 i
565 5713 574 5722 .
589 5671 961 5746 QOI‘I‘CXIIIIUS
974 5685 1041 5723 ex
1054 5667 1268 5746 nostris
1282 5668 1579 5746 codicibus
1608 5671 1666 5723 et
1676 5673 1907 5746 caeteris

292 5736 457 5795 editis.
491 5740 663 5797 Paulo
681 5745 814 5813 post
835 5757 940 5813 pro
965 5743 1342 5811 manifestare,
1367 5739 1511 5796 alias
1528 5741 1904 5812 manifestari.

2016 4897 2356 4971 plenissime
2375 4899 2614 4954 docetur
2641 4899 2864 4957 nullam
2882 4901 2941 4957 in
2971 4901 3081 4958 hac
3108 4908 3265 4962 secta
3295 4907 3665 4980 pudicitiam,

2017 4987 2236 5044 nullam
2256 4987 2646 5057 honestatem,
2668 4987 2892 5047 nullam
2906 4992 3141 5064 penitus
3164 4995 3409 5067 reperiri
3427 4995 3667 5052 castita-

2081 5167 2152 5293 Υ)
2186 5166 2293 5222 Ms.
2327 5167 2385 5221 S.
2423 5167 2596 5235 Petri,
2629 5174 2972 5225 conventam.
3025 5170 3104 5226 De
3145 5170 3254 5226 hoc
3281 5186 3560 5227 concessu
3593 5188 3661 5228 ac

2126 5239 2234 5293 icio
2266 5238 2396 5293 vide
2426 5238 2484 5293 S.
2521 5238 2813 5293 pontiﬁcis
2845 5241 3120 5293 epistolas
3149 5245 3184 5293 7
3213 5247 3268 5293 et
3298 5243 3384 5293 45.

2008 5238 2236 5313 judicio
2266 5238 2484 5313 vides.
2519 5238 2813 5313 pontificis
2845 5241 3120 5313 epistolas
3149 5245 3184 5296 7
3213 5247 3268 5296 et
3298 5243 3384 5297 45.

2090 5313 2166 5379 (9)
2199 5309 2279 5364 Ex
2310 5309 2656 5365 eodem’ms.
2692 5312 2748 5366 S.
2786 5309 2937 5368 Pet-ri
2967 5312 3320 5369 correximus
3353 5329 3479 5384 pro,
3512 5328 3666 5372 rese:-

2015 5390 2226 5438 rare‘nt.

2087 5453 2167 5524 (h)
2200 5453 2359 5507 Idem
2394 5469 2527 5518 ms.,
2562 5454 2884 5509 incredulis.

2088 5527 2161 5648 ἓξ)
2195 5524 2388 5579 Prima
2419 5525 2615 5593 editio,
2648 5525 2965 5607 nefandum.

2113 5598 2152 5648 τ)
2188 5597 2271 5648 Ita
2299 5613 2367 5648 ex
2397 5613 2507 5648 ms.
2543 5597 2600 5648 S.
2635 5596 2786 5648 Petri
2808 5599 2965 5648 svnta

2092 5594 2152 5667 (j)
2188 5597 2271 5651 lto.
2299 5613 2367 5672 ex
2397 5613 2507 5672 ms.
2543 5597 2600 5651 S.
2635 5594 2786 5650 Petri
2808 5594 3528 5672 syntaxiLeonina.Alias,
3549 5601 3671 5658 0m-

2017 5669 2174 5745 nium
2199 5684 2306 5738 par
2333 5669 2444 5745 fuit
2471 5668 2687 5745 hortm},
2708 5674 2760 5745 et
2791 5681 2901 5720 una
2930 5668 3214 5739 confessio,
3246 5673 3298 5725 ei
3331 5668 3672 5745 patefactum

2015 5744 2092 5796 est
2125 5736 2485 5809 exsecratum,
2518 5736 2675 5807 quod,
2713 5740 2822 5791 etc.
