4092 6178
417 415 534 482 179

1536 419 1600 483 S.
1648 416 1928 484 LEONIS
1973 416 2227 482 MAGNI
2269 415 2712 484 SERMONES.

3702 409 3814 476 l80

415 559 556 625 tem;
579 554 639 611 in
661 569 777 628 qua
803 551 894 609 lex
923 555 1011 609 est
1041 550 1710 625 mendacium,diabolus
1736 554 2060 627 religio,sa-
2088 549 2147 621 Α
2175 551 2336 611 omni
2364 570 2557 611 errore
2583 553 2659 611 sit
2686 553 2891 623 libera,
2923 553 3032 611 Per
3060 550 3354 610 Christum
3379 548 3693 609 Dominum
3719 565 3819 606 no-

419 645 704 704 criﬁcium
736 643 1064 715 turpitudo.

488 734 621 789 CAP.
636 731 704 788 V.
727 732 920 789 —-Hos
943 732 1141 806 itaque
1155 732 1231 806 (a)
1250 731 1540 800 homines,
1560 732 1946 801 dilectissimi,
1964 749 2067 806 per

418 821 616 879 omnia
628 820 1013 878 exsecrabiles
1026 825 1202 894 atque
1222 821 1370 894 pesti
1381 821 1405 876 Γ
1402 838 1704 893 eros,quos
1718 821 1734 895 (
1743 823 1796 891 ὁ)
1817 822 2067 877 aliarum
2156 858 2159 859 ν

418 910 721 985 regionum
736 912 1096 984 perturbatio
1110 911 1278 968 nobis
1290 910 1487 967 intulit
1499 911 1917 982 erebriores,ab
1930 910 2070 967 ami-

424 1001 561 1056 citia
578 1004 773 1057 vestra
804 1000 1037 1072 penitus
1058 1000 1578 1073 abdicate;vosque
1598 1001 1906 1074 praecipue,
1937 1017 2067 1056 mu-

420 1087 614 1157 lieres,
648 1106 682 1145 a
710 1088 916 1145 talium
947 1090 1157 1146 notitia
1195 1094 1252 1145 et
1301 1089 1607 1162 colloquiis
1642 1089 1961 1145 abstinete:
1997 1105 2069 1145 ne

423 1179 567 1235 dum
585 1178 870 1235 fabulosis
884 1178 1318 1235 narrationibus
1340 1177 1614 1234 incautus
1635 1179 1959 1235 delectatur
1969 1196 2070 1235 au-

424 1268 608 1335 ditus,
641 1267 699 1323 in
720 1267 935 1324 diaboli
961 1268 1201 1341 laqueos
1224 1267 1516 1333 incidatis,
1551 1267 1658 1333 Qui
1691 1268 1884 1324 sciens
1916 1268 2071 1341 quod

426 1356 886 1430 primumvirum
906 1356 1168 1412 mulieris
1189 1373 1287 1412 ore
1311 1357 1402 1413 51
1432 1356 1745 1424 seduxerit,
1766 1357 1834 1429 (ο)
1856 1373 2074 1430 perque

427 1445 740 1503 femineam
771 1446 1175 1502 credulitatem
1206 1461 1409 1502 omnes
1438 1447 1704 1503 homines
1735 1464 1770 1502 a
1816 1447 2075 1520 paradisi

430 1534 705 1591 felicitate
735 1535 1311 1606 dejecerit,(d)vestro
1344 1553 1499 1592 nunc
1523 1552 1753 1610 quoque
1791 1536 1953 1592 sexui
1986 1553 2074 1593 se-

430 1624 657 1681 curiore
676 1624 994 1681 insidiatur
1009 1625 1246 1693 astutia,
1279 1628 1345 1680 ut
1373 1642 1473 1681 eas
1504 1642 1653 1697 quas
1684 1625 1795 1682 sibi
1825 1626 2079 1699 potuerit

429 1729 535 1786 per
563 1713 865 1770 ministros
892 1732 1010 1771 suae
1043 1713 1316 1770 falsitatis
1364 1712 1599 1783 illicere,
1627 1719 1686 1771 et
1714 1714 1828 1771 fide
1867 1714 2078 1788 spoliet

429 1806 487 1860 et
515 1803 756 1877 pudore.
789 1801 935 1859 Illud
967 1819 1198 1875 quoque
1218 1819 1341 1871 vos,
1359 1801 2078 1869 dilectissimi,obsecrans

431 1908 663 1960 moneo,
676 1895 742 1949 ut
771 1891 821 1948 si
835 1891 927 1948 cui
944 1895 1202 1949 vestrum
1225 1891 1543 1947 innotuerit
1560 1892 1633 1965 (e)
1668 1893 1765 1948 ubi
1790 1891 2074 1961 habitent,

433 1981 533 2038 ubi
563 1983 828 2048 doceant,
862 1997 1008 2053 quos
1048 1981 1438 2053 frequentant,
1464 1985 1522 2036 et
1540 1980 1601 2037 in
1620 1998 1872 2055 quorum
1895 1982 2077 2039 socie-

433 2074 553 2128 tate
583 2070 970 2144 requiescant,
1004 2072 1214 2127 nostrae
1245 2068 1630 2128 sollicitudini
1662 2070 1907 2127 fideliter
1936 2071 2083 2127 iudi-

435 2160 745 2233 cetiszquia
756 2176 963 2233 parum
975 2159 1211 2231 prodest
1223 2157 1540 2232 unicuique
1555 2160 1731 2232 quod,
1747 2163 2082 2233 protegente

434 2248 499 2322 (ρ
509 2249 728 2322 Spiritu
741 2249 1041 2313 sancto,ab
1064 2247 1194 2303 istis
1211 2247 1335 2320 ipse
1352 2248 1599 2321 noncapi
1609 2248 1774 2316 tur,si
1789 2265 1922 2304 cum
1936 2247 2084 2306 alios

438 2338 565 2411 capi
587 2337 862 2410 intelligit
882 2354 998 2393 non
1047 2340 1331 2394 movetur.
1363 2338 1577 2393 Contra
1606 2353 1948 2393 communes
1978 2337 2083 2394 ho-

434 2430 558 2485 stes
577 2443 683 2501 pro
708 2426 897 2484 salute
916 2425 1216 2483 communi
1238 2442 1357 2482 una
1371 2425 1637 2483 omnium
1655 2427 1826 2483 debet
1844 2430 1997 2483 esset
2008 2426 2087 2483 vi-

438 2515 867 2590 gilantia,ne(g)
888 2516 959 2571 de
981 2513 1231 2587 alicujus
1249 2515 1497 2571 membri
1513 2515 1753 2571 vulnere
1775 2516 1951 2572 etiam
1974 2516 2089 2573 alia

436 2605 666 2677 possint
695 2604 963 2660 membra
982 2604 1297 2674 corrumpi,
1330 2607 1387 2659 et
1407 2603 1510 2676 qul
1530 2604 1678 2659 tales
1699 2621 1814 2659 non
1836 2606 2086 2677 proden-

441 2692 546 2751 dos
576 2695 805 2764 putant,
838 2691 898 2747 in
912 2691 1134 2762 judicio
1159 2691 1373 2747 Christi
1402 2691 1772 2748 inveniantur
1802 2694 1884 2749 rei
1915 2695 1986 2750 de
2002 2695 2088 2751 si-

439 2778 638 2849 lentio,
669 2779 847 2836 etiam
876 2779 926 2834 si
958 2796 1074 2834 non
1101 2779 1577 2835 contaminantur
1604 2796 1871 2836 assensu.

512 2868 648 2925 CAP.
666 2868 762 2923 VI.
777 2866 1148 2923 -Assumite
1169 2866 1352 2939 igitur
1370 2866 1653 2941 religiosas
1676 2867 2087 2928 sollicitudinis

440 2955 605 3031 pium
636 2954 846 3024 zelum,
865 2959 922 3012 et
942 2958 1144 3012 contra
1174 2954 1527 3012 saevissimos
1547 2957 2088 3017 animarumhostes

441 3044 708 3103 omnium
720 3043 980 3101 fidelium
998 3060 1139 3099 cura
1157 3046 1584 3118 consurgat.'(h)
1597 3046 1729 3103 Ideo
1742 3047 1900 3104 enim
1919 3048 2089 3106 mise-

441 3132 627 3192 ricors
660 3134 812 3191 Deus
832 3132 1159 3205 quamdam
1181 3131 1352 3188 nobis
1371 3137 1597 3206 partem
1617 3135 1871 3208 prodidit
1899 3136 2087 3194 homi-

443 3238 587 3279 num
608 3221 935 3290 noxiorum,
960 3225 1045 3289 ut,
1071 3221 1442 3279 manifestato
1464 3223 1720 3295 periculo
1737 3226 2089 3283 excitaretur

443 3309 746 3385 diligentia
773 3309 1081 3367 cautionis.
1125 3309 1251 3365 Non
1272 3310 1531 3366 sufﬁciat
1559 3313 1714 3384 quod
1745 3318 1943 3370 actum
1974 3319 2082 3382 est,
2115 3297 2159 3364 C

443 3400 546 3457 sed
567 3400 769 3457 eadem
783 3399 1091 3471 inquisitio
1110 3402 1459 3471 perseveret:
1475 3416 1602 3471 quae
1622 3400 1753 3471 hoc,
1774 3402 2090 3462 auxiliante

441 3488 658 3561 Deo,(i)
685 3492 1097 3560 consequetur,
1122 3490 1188 3543 ut
1209 3504 1322 3543 non
1349 3486 1541 3544 solum
1563 3490 1661 3561 qui
1680 3491 1822 3547 recti
1844 3498 1982 3549 sunt
1998 3493 2088 3549 in-

442 3576 701 3634 columes
715 3579 1107 3649 perseverent,
1132 3576 1235 3632 sed
1266 3575 1442 3632 etiam
1464 3576 1634 3633 multi
1667 3578 1767 3651 qui
1800 3580 2091 3638 diabolica

428 3665 781 3729 ,seductione
811 3664 1039 3735 decepti
1070 3668 1228 3732 sunt,
1262 3664 1335 3720 ab
1357 3680 1550 3721 errore
1583 3670 1947 3725 revecentur.
1978 3668 2088 3726 Ve-

438 3758 574 3815 stras
603 3757 801 3809 autem
831 3753 1125 3809 orationes
1154 3756 1213 3807 et
1242 3751 1619 3824 eleemosynaa
1651 3759 1825 3827 atque
1855 3757 2090 3828 jejunia

440 3840 809 3898 misericordi
825 3840 940 3896 Deo
971 3856 1076 3912 per
1103 3839 1255 3896 hanc
1285 3839 1474 3912 ipsam
1506 3841 1870 3900 devotionem
1901 3862 2089 3904 sacra-

441 3927 562 3987 tius
593 3929 930 3993 otl'erentur,
961 3944 1096 3983 cum
1117 3927 1293 3984 etiam
1315 3928 1424 3984 hoc
1462 3946 1610 4001 opus
1631 3929 1765 3986 fidei
1787 3933 1858 3988 ad
1891 3936 2090 3992 omnia

441 4015 634 4073 ofﬁcia
661 4015 896 4088 pietatis
910 4015 1238 4071 accesserit.
1270 4017 1488 4081 Quarta
1501 4017 1680 4090 igitur
1693 4024 1751 4075 et
1770 4025 1931 4077 sexta
1948 4022 2090 4081 feria

435 4104 781 4177 jejunemus
804 4120 817 4171 ;
837 4103 1080 4159 sabbato
1101 4107 1298 4160 autem
1321 4106 1475 4177 apud
1499 4112 1842 4178 praesentem
1876 4109 2088 4169 beatis-

443 4193 664 4249 simum
692 4190 1019 4264 apostolum
1052 4192 1289 4249 Petrum
1307 4192 1537 4268 vigilias
1553 4195 1943 4270 celebremus;
1985 4202 2087 4274 qui

441 4282 596 4338 sicut
621 4280 956 4355 experimur
982 4285 1039 4337 et
1056 4281 1375 4348 credimus,
1398 4300 1502 4355 pro
1520 4289 1949 4346 commendatis
1973 4290 2086 4347 sibi

439 4388 476 4435 a
506 4370 747 4428 Domino
778 4370 1399 4428 ovibusindesinenter
1418 4373 1737 4444 pastorales
1780 4379 2087 4449 praetendit

439 4459 716 4516 excubias
736 4475 748 4514 :
764 4462 1109 4515 exoraturus
1127 4458 1636 4531 deprecationibus
1655 4464 1780 4519 suis
1803 4469 1865 4519 ut
1887 4466 2085 4524 Eccle-

438 4546 530 4604 sia
552 4546 677 4619 Dei,
709 4564 836 4619 quae
857 4546 1147 4620 ipsiusest
1167 4547 1680 4621 praedicationibus
1705 4551 1995 4627 instituta,
2010 4557 2083 4613 ab

2171 648 2353 700 trum.
2386 647 2594 700 Amen.

2548 734 2647 791 52
2685 733 2924 818 SERMO
2963 733 3113 818 XOVIOI
3140 733 3246 807 [Αἰ.

2548 807 2620 859 De
2647 807 2864 859 Jemmo
2894 806 3093 859 decimi
3134 820 3336 859 mensis
3370 806 3409 859 ν
3437 844 3444 857 .

2548 807 2620 861 De
2647 807 2864 878 Jeium'o
2894 806 3093 861 decimi
3134 806 3450 878 mensis”.

2175 877 2551 934 Smorsns.-—
2574 878 2615 931 Ι.
2637 878 2925 947 Jejunium
2949 894 2985 932 a
3013 878 3130 945 lege
3148 877 3317 932 veteri
3336 877 3399 931 in
3415 890 3615 930 novam
3644 881 3820 947 traus~

2248 949 2421 1004 latum
2447 956 2497 1004 et
2525 949 2630 1003 Deo
2648 946 2719 1004 ea:
2742 950 2892 1020 grati
2920 950 3101 1004 animi
3116 964 3282 1020 sensu
3308 947 3528 1020 deberi,_
3547 953 3598 1001 et
3625 946 3823 1002 oratio-

2246 1035 2372 1075 nem
2401 1017 2762 1092 efﬁcaciorem
2810 1020 3043 1092 efﬁcere.
3079 1051 3148 1059 —
3177 1019 3246 1074 II.
3295 1019 3462 1092 Pium
3488 1017 3680 1092 fenus_
3702 1033 3823 1092 cum

2252 1096 2365 1163 Deo
2386 1089 2748 1146 exercendum
2767 1109 2786 1153 ,°
2816 1089 2978 1163 fenus
3005 1106 3128 1163 vero
3158 1107 3325 1163 quam
3367 1089 3573 1162 injuste
3587 1096 3637 1144 et
3660 1089 3823 1160 impie

2249 1162 2316 1217 ab
2348 1161 2659 1217 hominibus
2683 1161 3036 1231 exigatur.—
3054 1162 3148 1216 III.
3167 1161 3438 1231 Quilibet
3461 1164 3723 1232 sequatur
3756 1175 3823 1215 ea:

2248 1235 2435 1305 fenore
2462 1238 2700 1301 eventus,
2732 1249 2949 1305 semper
2972 1234 3124 1289 mala
3158 1237 3210 1288 et
3238 1233 3380 1305 ratio
3408 1233 3731 1304 fenerantis.
3756 1260 3824 1305 -τ

2252 1301 2342 1360 IV.
2374 1306 2697 1377 Aliquorum
2716 1301 3196 1377 abundantiam“
3222 1301 3464 1377 aliorum
3486 1305 3731 1377 inopiam
3756 1301 3825 1357 ad

2251 1377 2349 1431 hoc
2375 1375 2489 1432 esse
2515 1376 2847 1442 ordinatam,
2866 1385 2927 1432 ut
2947 1376 3095 1432 dives
3114 1376 3215 1430 Dei
3236 1375 3532 1431 bonitatem
3556 1375 3821 1430 imitetur.

2252 1447 2387 1503 CAP.
2423 1449 2466 1502 l.
2501 1479 2567 1489 —
2594 1447 2956 1520 Evangelicis
2987 1446 3414 1518 sanctionibus,
3436 1443 3826 1513 dilectissimi,

2183 1537 2437 1593 multum
2464 1537 2528 1609 (j)
2546 1535 2911 1593 auctoritatis
2925 1537 3141 1608 praebet
3163 1534 3427 1592 doctrina
3444 1534 3671 1609 legalis,
3697 1550 3828 1590 cum
3943 1568 3946 1572 ι

2185 1628 2450 1701 quadam
2471 1627 2542 1682 de
2565 1627 2840 1683 mandato
2855 1625 3046 1682 Veteri
3069 1625 3140 1682 ad
3172 1642 3382 1682 novam
3403 1623 3830 1681 observantiam

2182 1717 2639 1784 transferuntur,
2671 1719 2728 1770 et
2757 1732 2826 1771 ex
2844 1715 2973 1788 ipsa
3002 1714 3398 1772 ecclesiastica
3414 1713 3720 1770 devotione
3741 1713 3836 1769 de-

2186 1808 2566 1875 monstratur,
2599 1805 2755 1877 quod
2780 1805 3063 1861 Dominus
3077 1803 3250 1861 Jesus
3271 1803 3541 1861 Christus
3558 1820 3670 1860 non
3687 1804 3836 1859 venit

2107 1930 2155 1996 B
2186 1896 2359 1967 legem
2385 1895 2610 1996 soluere,
2631 1894 2724 1996 sed
2758 1894 3058 1966 adimplere
3078 1893 3284 1967 (Matth.
3315 1893 3517 1996 v,.17).
3544 1890 3838 1995 Cessanti:

2190 1983 2302 2039 bus
2332 1983 2468 2039 enin
2498 1982 3025 2056 significationibus
3055 1983 3271 2056 quibus
3303 1982 3620 2040 Salvatoris
3650 1981 3836 2038 nostri

2188 2072 2572 2129 nuntiabatur
2591 2074 2896 2141 adventus,
2912 2075 2969 2129 et
2983 2073 3232 2146 peractis
3255 2071 3460 2146 figuris
3482 2088 3630 2146 quas
3643 2070 3836 2128 abstu-

2190 2161 3007 2235 litipsaprzesentiaveritatis,
3032 2177 3101 2217 ea
3116 2178 3243 2235 quae
3266 2159 3358 2218 vel
3381 2161 3450 2217 ad
3472 2159 3706 2234 regulas
3718 2177 3836 2217 mo-

2192 2268 2324 2306 rum
2353 2250 2441 2308 vel
2455 2252 2526 2307 ad
2540 2250 2869 2323 simplicem
2888 2250 2989 2307 Dei
3008 2249 3231 2308 cultum
3251 2249 3397 2307 ratio
3417 2248 3650 2324 pietatis
3668 2249 3836 2306 insti-

2191 2340 2322 2410 tuit,
2355 2339 2416 2396 in
2447 2341 2651 2397 eadem
2674 2340 2829 2415 apud
2851 2356 2958 2396 nos
2981 2340 3172 2396 forma
3200 2339 3260 2395 in
3293 2356 3411 2412 qua
3440 2342 3585 2396 sunt
3603 2337 3837 2396 condita

2192 2432 2565 2503 perseverant
2591 2447 2604 2499 ;
2637 2433 2695 2485 et
2717 2445 2845 2501 quae
2864 2427 3098 2500 utrique
3118 2429 3490 2486 Testamento
3511 2432 3678 2485 erant
3702 2446 3835 2486 con-

2194 2535 2360 2592 grua,
2383 2517 2545 2574 nulla
2565 2521 2704 2574 sunt
2715 2516 3175 2587 commutatione
3195 2517 3436 2575 variata.
3451 2518 3532 2574 Ex
3553 2518 3629 2573 iis
3646 2521 3839 2575 autem

2195 2611 2286 2663 est
2313 2607 2487 2663 etiam
2515 2605 2727 2663 decimi
2756 2606 2977 2663 mensis
3006 2606 3603 2679 solemnejejunium,
3625 2607 3779 2681 quod
3798 2624 3834 2664 a

2194 2697 2366 2753 nobis
2396 2711 2550 2751 nunc
2581 2712 2779 2751 annua
2808 2699 2897 2752 est
2926 2695 3351 2753 consuetudine
3373 2695 3785 2753 celebrandum
3818 2713 3833 2753 :

2197 2785 2269 2859 (k)
2283 2784 2422 2858 quia
2438 2785 2677 2857 plenum
2687 2783 2932 2857 justitiae
2948 2787 3039 2841 est
3059 2788 3238 2858 atque
3257 2784 3738 2860 pietatis,gratias
3755 2785 3838 2842 di-

2192 2874 2339 2930 vine:
2371 2890 2542 2947 agere
2569 2872 2825 2947 largitati
2857 2888 2959 2946 pro
2990 2873 3278 2931 fructibus
3295 2891 3444 2947 quos
3466 2874 3524 2930 in
3557 2892 3698 2931 usus
3733 2874 3838 2932 ho-

2196 2963 2425 3019 minum
2442 2963 2767 3020 secundum
2781 2980 3027 3019 summa:
3038 2963 3411 3036 providentia:
3422 2968 3843 3037 temperamen-

2191 3055 2321 3108 tum
2349 3054 2504 3108 terra
2527 3051 2819 3125 produxit.
2870 3051 3033 3119 Quod
3086 3056 3152 3108 ut
3179 3055 3452 3125 prompto
3500 3052 3696 3110 animo
3732 3069 3838 3110 nos

2196 3141 2383 3198 facere
2397 3140 2455 3213 (ι)
2473 3145 2890 3213 monstremus,
2919 3157 3034 3197 non
3047 3140 3239 3198 solum
3258 3140 3676 3197 continentiam
3691 3142 3772 3214 jej
3782 3159 3843 3199 u-

2196 3228 2407 3297 nii,sed
2420 3229 2597 3285 etiam
2617 3228 3120 3302 eleemosynarum
3135 3245 3338 3285 curam
3350 3232 3580 3302 oportet
3593 3230 3838 3297 assumi,

2197 3323 2263 3375 ut
2292 3318 2363 3374 de
2390 3322 2546 3374 terra
2567 3333 2800 3390 quoque
2831 3318 3023 3373 cordis
3053 3316 3239 3374 nostri
3259 3334 3495 3391 germen
3512 3319 3757 3388 justitiaa
3786 3323 3844 3376 et

2197 3406 2424 3464 fructus
2444 3405 2746 3463 charitatis
2765 3406 3007 3474 oriatur,
3022 3409 3080 3462 et
3101 3405 3563 3464 misericordiam
3578 3407 3676 3463 Dei
3698 3424 3843 3480 pau-

2196 3512 2401 3569 perum
2433 3495 2622 3568 ipsius
2672 3493 3005 3552 miserando
3039 3511 3389 3552 mereamur.
3423 3496 3847 3555 Efﬁcacissima

2197 3585 2353 3640 enim
2383 3588 2473 3640 est
2491 3584 2563 3640 ad
2593 3583 2950 3640 exorandum
2970 3583 3155 3639 Deum
3184 3583 3522 3656 postulatio,
3546 3585 3640 3642 cui
3661 3586 3844 3659 pieta-

2196 3673 2274 3729 tis
2299 3688 2473 3746 opera
2504 3672 3216 3746 sufl'ragantur,quoniam
3244 3672 3345 3744 qui
3376 3690 3550 3730 suum
3583 3675 3656 3730 ab
3675 3676 3846 3749 inope

2197 3779 2313 3818 non
2327 3762 2537 3818 avertit
2563 3762 2847 3828 animum,
2869 3762 2983 3817 cito
3006 3762 3076 3817 ad
3100 3778 3163 3817 se
3183 3761 3416 3818 Domini
3442 3763 3726 3819 convertit
3741 3782 3844 3821 au-

2198 3850 2409 3917 ditum,
2441 3850 2668 3906 dicente
2691 3848 2963 3906 Domino:
2995 3858 3161 3906 estote
3204 3851 3596 3919 misericordes,
3626 3855 3772 3909 sicut
3798 3861 3848 3910 et

2193 3941 2361 3995 Pater
2410 3943 2585 3995 vester
2627 3940 2937 3994 misericors
2963 3942 3078 4005 est;
3121 3939 3219 3995 58
3267 3938 3549 4008 dimittite,
3574 3949 3625 3997 et
3652 3941 3848 3998 dimit-

2193 4033 2341 4085 tetur
2366 4027 2517 4083 vobis
2543 4028 2692 4099 (Luc.
2731 4043 2808 4095 vr,
2839 4028 2910 4082 36
2955 4028 3060 4099 :17).
3094 4026 3237 4093 Quid
3272 4026 3381 4083 hac
3401 4029 3639 4102 justitia
3678 4030 3846 4086 heni-

2195 4117 2370 4191 gnius
2384 4115 2564 4181 ?Quib
2586 4115 2696 4171 hac
2707 4115 3093 4172 retributione
3106 4115 3474 4184 clementius,
3490 4118 3590 4173 ubi
3614 4122 3850 4175 senten-

2193 4206 2276 4261 tia
2296 4205 2618 4277 judicaturi
2649 4204 2711 4260 in
2742 4208 3027 4277 potestate
3057 4205 3295 4278 ponitur
3306 4205 3615 4277 judicaudi
3634 4207 3845 4278 ?Date,

2194 4295 2407 4367 inquit,
2438 4303 2487 4350 et
2515 4293 2741 4350 dabitur
2778 4294 2927 4350 vobis
2963 4293 3147 4363 (Ibid.,
3171 4292 3491 4365 38).Quam
3544 4294 3655 4351 cito
3693 4297 3851 4353 ditii-

2193 4382 2399 4439 dentia:
2420 4381 2752 4439 sollicitudo
2763 4387 2821 4438 et
2836 4381 3090 4437 avaritias
3106 4386 3197 4438 est
3212 4388 3515 4455 amputata
3526 4385 3848 4454 cunctatio,

2193 4475 2259 4526 ut
2288 4470 2442 4542 quod
2476 4469 2836 4526 reddituram
2867 4486 2929 4527 se
2946 4470 3236 4544 promittit
3258 4471 3494 4540 veritas,
3528 4489 3853 4532 securae:-

2195 4560 2412 4632 pendat
2443 4558 2540 4632 (m)
2574 4557 2938 4616 humanitas.

512 4671 589 4743 (a)
901 4671 1066 4756 deest
1093 4670 1463 4756 in‘m‘s.‘Cp'n.
1497 4678 1556 4730 et
1583 4676 1776 4748 prima
1805 4678 2077 4751 editione,
2094 4666 2158 4731 ’Ῐ)
2188 4682 2530 4756 postprima
2544 4682 2722 4756 editio
2736 4699 2865 4756 cum
2881 4683 3083 4756 eodem
3098 4699 3210 4751 ms,
3235 4684 3437 4741 Contra
3460 4702 3647 4743 omnes
3666 4686 3851 4746 hostes

441 4741 570 4815 qua:
594 4741 915 4815 etiampro
943 4743 1125 4815 itaque
1155 4742 1334 4815 habet
1362 4744 1500 4800 ideo.

2266 4753 2357 4826 (ων
2376 4753 3158 4835 Praepositiodeomit_tituri_n
3186 4761 3403 4835 mss.S.
3434 4757 3653 4835 Petriet
3670 4759 3850 4827 Bon.,

508 4811 1381 4912 (Qadf‘n‘ighqaq‘s‘I-tqmaaiamdiu
1396 4818 2083 4912 ppteagelituisseliquet
2193 4811 2443 4912 θεὸῖῇοη
2477 4811 2558 4880 iin
2589 4825 2779 4912 prima
2809 4825 3254 4912 e_ditione.f_Po‘st_
3287 4843 3477 4912 pauca
3508 4811 3845 4905 initio-cap:

439 4883 851 4957 sx'Augustini
880 4883 1138 4957 Confess,
1157 4883 1207 4957 "l.
1240 4902 1296 4951 v,
1317 4902 1368 4941 c.
1396 4889 1482 4953 10,
1503 4888 1604 4943 sed
1625 4889 1871 4947 aliarum
1903 4883 2087 4957 regio-

440 4954 681 5028 num,a'e
711 4954 1032 5028 praesertim
1066 4955 1269 5011 Africae
1300 4958 1767 5028 perturbationes
1799 4964 1906 5018 sub
1941 4954 2085 5022 Gen-

438 5024 645 5109 serico,
676 5024 775 5098 qui
806 5042 960 5083 anno
1005 5027 1111 5082 438
1157 5024 1456 5109 occupavit
1497 5030 1929 5109 Carthaginem,
1961 5052 2083 5094 ere-

435 5097 926 5154 briorem’eorum
959 5115 1273 5154 numerum
1299 5097 1642 5158 intulerunt.

506 5171 584 5258 gq)‘
609 5168 730 5258 liti/8.7
750 5169 892 5258 Bon.
920 5173 980 5258 et
999 5169 1189 5258 prima
1211 5170 1412 5258 editio,
1429 5179 1485 5258 et
1503 5174 1642 5253 quod
1665 5191 1766 5245 per
1783 5177 2081 5258 femineam

2190 4897 2244 4964 ὓ,
2279 4897 2462 5021 impne
2490 4897 2608 4979 pro
2627 4899 2802 4966 igitur
2833 4897 2890 4952 in
2924 4914 3034 4953 ms.
3070 4898 3128 4954 S.
3161 4897 3335 4955 Petri.

2191 5038 2201 5040 μ
2263 4968 2526 5040 (hilditi,
2561 4968 2802 5040 ideoque.
2822 4968 3335 5040 Delevimusquee:

2400 4968 2526 5042 diti,
2561 4968 2802 5040 ideoque.
2822 4968 3349 5042 Delevimusqueex
3378 4970 3598 5042 nostris
3627 4972 3852 5030 codici-

2190 5038 2329 5094 bus.
2355 5039 2533 5123 Paulo
2554 5038 2714 5165 Best,
2744 5042 3032 5123 mani[esto
3063 5038 3549 5123 pro—manifestato
3579 5043 3639 5099 in
3688 5060 3846 5102 mss.

2191 5110 2248 5164 S.
2286 5111 2436 5165 Petri
2470 5115 2527 5165 et
2602 5128 2695 5165 on.
2731 5127 2798 5165 ae
2828 5128 3020 5165 nrima
3046 5112 3321 5165 editione.

2602 5128 2695 5166 on.
2730 5127 2798 5184 ac
2828 5112 3020 5184 prima
3046 5112 3321 5169 editione.

2262 5181 2327 5252 (ί)
2362 5185 2443 5258 Ita
2459 5196 2528 5235 ex
2557 5182 2777 5237 nostris
2803 5181 3099 5240 codicibus
3120 5188 3178 5240 et
3209 5184 3689 5258 primaeditione.
3719 5186 3849 5255 AL,

508 5238 679 5325 (ulla
708 5257 817 5296 ms.
837 5238 1092 5325 Petri,
1115 5238 1607 5325 vestropostrollue
1632 5238 1793 5325 sexui
1810 5252 2083 5325 securiore
2186 5238 2552 5325 cori-sequitur.

437 5310 737 5387 insidiatur
762 5313 1072 5387 astutia,_ut
1099 5328 1187 5368 eos
1217 5312 1413 5387 quibus
1418 5310 1663 5387 potuerit
1674 5332 1776 5387 per
1794 5320 2079 5378 ministros

2258 5323 2320 5396 (j)
2352 5322 2463 5399 AL,
2491 5324 2758 5399 utilitatis
2786 5323 2872 5381 Ita
2913 5324 3237 5383 Gaudiival.
3271 5327 3589 5399 Quesnclli,
3630 5333 3688 5386 et
3718 5329 3850 5387 duo

434 5395 558 5454 suae
582 5382 847 5454 falsitatis
872 5382 1121 5454 illwlere,
1145 5387 1201 5454 et
1224 5382 1334 5452 ﬁde
1357 5382 1552 5453 spoliet
1568 5389 1620 5439 et
1647 5382 1992 5454 p'udore.Scd
2016 5396 2083 5448 ut
2188 5382 2373 5450 nostri
2404 5382 2574 5451 codd.
2605 5395 2738 5451 Vat.

439 5451 512 5535 ad
539 5452 945 5509 muliereshmc
958 5451 1325 5535 potistimum
1357 5451 1703 5535 referantur,
1732 5463 2078 5535 anteceden-

443 5524 1084 5604 tia,‘vgsquenprwcipue_
1114 5524 1394 5604 mulieres,
1436 5526 1710 5604 videntur
1758 5532 2073 5604 requirere.

508 5591 574 5664 (e)
608 5591 715 5649 Ms.
744 5591 884 5650 Bon.
915 5591 976 5670 et
998 5596 1415 5670 prima‘editio,
1442 5596 1547 5653 ubi
1570 5591 1949 5670 habitentfvel
1984 5606 2078 5662 ubi

435 5664 799 5735 frequentem,
832 5664 1091 5729 omissis,
1113 5667 1211 5721 ubi
1236 5664 1479 5722 doceant.

506 5734 571 5805 (Ι)
586 5736 669 5794 Id.
684 5737 832 5803 cod.,
850 5737 1060 5807 Spiritu
1071 5738 1166 5793 Dei
1188 5755 1208 5799 ;
1220 5744 1275 5794 et
1289 5739 1460 5807 infra,
1477 5756 1587 5799 non
1607 5749 1885 5803 moveatur
1895 5746 2074 5806 Paulo

2185 5535 2361 5605 tione,
2423 5554 2556 5595 uere

2259 5610 2319 5666 (ll
2351 5556 2458 5666 his.
2486 5611 2542 5666 S.

2410 5628 2458 5664 Β.

2258 5465 2334 5539 (k)
2366 5471 2489 5523 Duo
2518 5466 2689 5523 codd.
2725 5470 2783 5523 et
2820 5483 2974 5523 unus
3022 5468 3082 5524 S.
3128 5468 3280 5526 Petri
3323 5486 3456 5528 cum
3490 5471 3682 5545 prima
3709 5471 3853 5529 edi-

2258 5554 2361 5595 me.
2386 5554 2556 5595 auare
2588 5540 2825 5595 nlenum.

2255 5610 2319 5749 Et)
2351 5610 2458 5666 Ms.
2486 5611 2542 5668 S.
2575 5610 2746 5678 Petri,
2779 5610 3223 5667 demonstremus.

2277 5680 2353 5749 m)
2376 5681 2533 5738 Idem
2566 5681 2771 5749 codex,
2803 5680 3111 5739 humilitas.

2277 5680 2353 5752 m)
2376 5681 2533 5738 Idem
2566 5681 2771 5752 codex,
2803 5680 3111 5739 humilitas.
