4098 6188
237 406 356 491 iss

1713 420 1980 487 SERMO
2023 420 2183 486 XXI.

3536 422 3654 487 190

231 579 370 620 rum
400 565 462 620 et
482 558 839 632 hostiarum,
870 559 1240 620 circumcisio
1298 557 1512 633 carnis,
1572 556 1900 616 differentia
1925 560 1981 631 Α
2008 554 2172 613 nullo
2205 559 2344 613 sunt
2371 554 2602 613 erudita
2629 556 3047 629 mandato,nec
3071 563 3421 633 acceperunt
3439 559 3649 636 legem,

231 651 661 727 baptismatum
672 694 687 719 ,
700 656 757 709 et
769 652 1093 709 observatio
1105 650 1557 725 baptismorum,
1572 665 1686 705 non
1701 647 1895 705 adhuc

232 743 349 799 sub
382 742 653 816 ﬁguratis
685 741 1216 816 signiﬁcationibus
1271 744 1415 797 sunt
1466 739 1714 811 agenda,
1767 755 1894 810 qua

232 832 417 888 etiam
450 836 594 887 sunt
621 831 795 888 rebus
824 830 1108 904 ipsisqua
1126 825 1891 903 signiﬁcabanturimpleta;

234 922 523 978 mandata
540 937 674 976 vero
704 925 761 976 et
787 924 1076 993 pracepta
1106 917 1350 975 moralia
1380 917 1532 975 sicut
1552 920 1691 972 sunt
1740 914 1896 971 edita

233 1013 637 1084 perseverant,
652 1009 915 1081 quianon
934 1008 1092 1064 aliud
1121 1007 1429 1064 insinuant
1449 1022 1626 1079 quam
1647 1004 1897 1077 loquun-

229 1104 332 1155 tur
361 1104 423 1155 et
446 1099 604 1171 apud
636 1099 736 1156 62
766 1097 1164 1154 Christianam
1195 1097 1558 1153 devotionem
1577 1096 1893 1167 augmento

230 1192 534 1255 crescunt,
566 1205 680 1243 non
705 1186 1029 1243 cessatione
1054 1186 1352 1242 deficiunt.
1395 1184 1648 1260 Diligere
1698 1184 1894 1255 itaque

230 1279 425 1334 Deum
460 1281 520 1332 et
549 1277 902 1350 proximum.
936 1275 1224 1331 honorare
1265 1279 1491 1349 patrem
1536 1277 1593 1330 et
1619 1277 1890 1336 matrem,

230 1384 351 1423 non
385 1366 633 1423 adorare
661 1366 800 1422 deos
831 1364 1073 1433 alienos,
1104 1369 1162 1420 et
1189 1368 1414 1430 catera,
1445 1380 1574 1436 qua
1606 1366 1708 1419 aut
1732 1359 1896 1417 terri-

230 1456 434 1513 biliter
463 1459 607 1513 sunt
634 1454 949 1528 prohibita,
980 1458 1081 1510 aut
1108 1453 1421 1511 salubriter
1438 1453 1746 1525 imperata,
1778 1465 1896 1506 non

235 1544 416 1602 aliter
443 1560 517 1601 ex
530 1542 820 1619 legalibus
844 1542 1132 1600 institutis
1149 1560 1327 1616 quam
1356 1559 1426 1600 ex
1446 1540 1898 1616 evangelicisve-

232 1632 828 1702 neramuredictis,ut
839 1633 1107 1706 quamvis
1119 1632 1308 1689 multa
1318 1632 1704 1689 accessserint
1719 1647 1789 1687 ex
1804 1646 1900 1687 no-

232 1724 418 1781 vitate
449 1723 671 1798 gratia,
686 1722 832 1778 nihil
847 1727 1042 1778 tamen
1056 1720 1440 1778 imminutum
1459 1721 1536 1777 sit
1554 1722 1625 1777 de
1642 1720 1900 1792 antiqui-

235 1818 361 1870 tate
382 1812 658 1886 justitia.
691 1812 855 1868 Unde
886 1811 1094 1868 merito
1123 1812 1544 1885 disposuerunt
1567 1809 1900 1883 apostolica

238 1903 587 1962 sanctiones
617 1905 681 1957 ut
700 1905 961 1956 veterum
968 1900 1331 1973 jejuniorum
1345 1899 1567 1956 utilitas
1595 1913 1900 1972 permane-

239 1998 356 2064 ret,
389 1995 451 2048 et
474 1991 613 2047 licet
651 1989 916 2046 Ecclesia
960 1989 1321 2045 consuetudo
1369 1987 1786 2063 prolixioribus
1843 2003 1907 2043 se

233 2079 735 2154 castigationibus
748 2094 1015 2135 exercere
1028 2077 1348 2147 didicisset,
1365 2094 1458 2133 am
1464 2077 1649 2150 plecte
1656 2079 1815 2133 retur
1828 2080 1909 2132 ta-

238 2188 381 2228 men
394 2168 767 2226 continentia
782 2167 1303 2225 sanctiﬁcationem
1318 2184 1386 2222 ex
1405 2165 1531 2240 lege
1542 2166 1870 2223 venientem
1889 2181 1905 2221 :

235 2260 468 2333 quibus
499 2257 657 2314 enim
690 2257 972 2314 donatum
1007 2259 1132 2313 erat
1163 2271 1336 2329 posse
1359 2254 1515 2328 quod
1547 2255 1742 2327 majus
1798 2257 1908 2320 est,

235 2349 532 2405 indecens
557 2344 669 2403 fuit
698 2363 814 2402 non
846 2346 1138 2402 celebrem
1168 2346 1323 2418 quod
1356 2344 1555 2401 minus
1583 2348 1691 2400 est.

319 2438 463 2494 CAP.
502 2438 573 2493 Il.
606 2468 675 2478 —
705 2435 824 2492 Hac
856 2451 994 2509 ergo
1038 2435 1282 2505 ratione,
1341 2432 1730 2499 dilectissimi,
1787 2432 1908 2489 evi-

247 2528 466 2584 denter
494 2523 792 2592 instructi,
823 2523 1232 2581 ecclesiasticis
1264 2522 1479 2597 regulis
1493 2522 1790 2596 jejunium
1820 2522 1910 2578 de-

243 2617 391 2674 cimi
428 2615 651 2671 mensis
680 2612 1085 2687 adjungimus,
1116 2611 1294 2685 idque
1336 2611 1627 2669 devotioni
1683 2616 1911 2678 vestra,

249 2707 416 2764 sicut
431 2708 522 2761 est
533 2702 1098 2768 moris,indicimus:
1126 2700 1405 2775 quoniam
1418 2701 1656 2775 plenum
1678 2700 1913 2774 pietatis

245 2795 622 2870 plenumque
626 2790 873 2865 justitia
902 2794 989 2847 est
1003 2794 1067 2846 ut
1080 2793 1445 2846 terrenorum
1464 2788 1762 2845 fructuum
1782 2806 1913 2864 per-

246 2883 528 2957 ceptione
556 2880 836 2938 conclusa
846 2883 1097 2952 agantur
1119 2883 1231 2935 Deo
1247 2875 1467 2952 gratia,
1486 2882 1544 2935 et
1560 2877 1913 2935 sacriﬁcium

249 2974 310 3030 ei
343 2970 763 3029 misericordia
795 2985 931 3025 cum
951 2967 1164 3041 jejunii
1196 2966 1599 3024 immolatione
1633 2966 1911 3023 solvatur.

249 3062 531 3120 Gaudeat
558 3059 808 3134 quisque
837 3059 908 3115 de
938 3057 1105 3131 copia
1133 3073 1260 3125 sua,
1293 3060 1350 3113 et
1378 3056 1564 3112 multa
1584 3073 1647 3112 se
1687 3054 1915 3113 horreis

246 3152 387 3210 suis
418 3149 691 3206 intulisse
705 3148 954 3217 latetur,
988 3147 1090 3203 sed
1120 3134 1301 3203 ita-ut
1319 3146 1389 3201 de
1402 3143 1765 3201 abundantia
1786 3145 1914 3215 ejus

244 3242 441 3299 etiam
462 3257 495 3294 a
519 3237 880 3312 pauperibus
909 3235 1253 3309 gaudeatur.
1287 3235 1726 3291 Fecunditatem
1753 3249 1915 3307 sege-

2001 646 2104 703 08
2135 661 2260 719 qua
2287 662 2401 702 non
2430 663 2704 720 accepere
2733 648 3050 718 rationem;
3082 650 3182 707 ubi
3214 655 3410 708 autem
3443 655 3534 707 est
3589 650 3654 707 i1-

2001 734 2310 791 luminatio
2343 736 2608 805 rationis,
2641 736 2721 792 ibi
2752 741 2909 794 estet
2923 737 3233 811 disciplina
3255 739 3654 813 pietatis,qua

2004 822 2368 879 dilectionem
2401 828 2458 881 et
2486 825 2603 882 Deo
2644 826 2816 883 debet
2866 830 2923 883 et
2977 829 3261 900 proximo.
3319 828 3445 885 Non
3496 828 3653 885 enim

2003 911 2172 967 aliter
2201 914 2485 985 probatur
2513 915 2689 972 homo
2708 921 2937 973 amator
2966 934 3095 974 esse
3108 919 3220 985 sui,
3246 919 3357 975 nisi
3379 924 3656 993 appareat

2001 1016 2135 1057 eum
2170 1004 2227 1057 et
2247 1019 2426 1077 supra
2446 1020 2508 1060 se
2522 1008 2746 1060 natura
2761 1023 2879 1061 sua
2904 1012 3224 1079 auctorem,
3243 1012 3301 1065 et
3332 1012 3656 1068 secundum

2008 1106 2071 1145 se
2105 1094 2332 1149 natura
2362 1110 2479 1149 sua
2511 1100 3073 1153 amareconsortem.
3106 1097 3313 1154 Merito
3335 1098 3394 1153 in
3416 1098 3509 1155 his
3523 1101 3661 1157 duo-

2002 1177 2114 1234 bus
2149 1182 2445 1240 mandatis
2478 1187 2600 1240 tota
2626 1185 2716 1239 lex
2747 1187 2961 1259 pendet
2983 1191 3039 1242 et
3069 1187 3402 1260 propheta;
3453 1188 3661 1245 merito

2001 1266 2467 1341 disputationum
2481 1273 2744 1330 omnium
2759 1274 3006 1332 latitudo
3019 1278 3131 1333 sub
3144 1295 3464 1350 paucorum
3479 1278 3668 1337 brevi.

1999 1361 2118 1413 tate
2149 1361 2463 1418 verborum
2494 1362 2839 1434 plenissimo
2860 1369 2951 1422 est
2973 1366 3259 1438 explicata
3288 1368 3659 1441 compendio.

2002 1446 2477 1521 DiligaturDeus,
2492 1450 2773 1525 diligatur
2793 1458 2852 1509 et
2864 1454 3192 1527 proximus,
3215 1456 3297 1512 ita
3321 1460 3387 1513 nt
3409 1458 3660 1516 formam

2004 1535 2283 1611 diligendi
2298 1539 2545 1612 proximi
2562 1541 2634 1596 ab
2648 1558 2715 1597 ea
2729 1559 2845 1615 qua
2857 1559 2966 1600 nos
2980 1544 3135 1602 Deus
3152 1545 3343 1620 diligit
3358 1546 3667 1606 dilectione

2006 1642 2316 1697 sumanus,
2351 1630 2449 1701 qui
2483 1629 2660 1686 etiam
2687 1631 2862 1688 malis
2881 1633 3071 1689 bonus
3097 1638 3206 1703 est,
3240 1638 3297 1691 et
3328 1636 3663 1710 benignita-

2007 1714 2085 1771 tis
2117 1733 2236 1772 sua
2268 1718 2437 1774 donis
2468 1736 2584 1775 non
2608 1720 2800 1776 solum
2825 1721 3076 1779 cultores
3099 1740 3240 1781 suos
3257 1725 3541 1798 confovet,
3560 1728 3664 1785 sed

2007 1803 2185 1861 etiam
2216 1810 2544 1879 negatores.
2576 1809 2863 1865 Amentur
2884 1811 3220 1885 propinqui,
3242 1819 3517 1872 amentur
3561 1832 3658 1873 ex-

2009 1894 2197 1950 tranei
2222 1913 2235 1961 ;
2266 1899 2324 1952 et
2355 1897 2510 1968 quod
2542 1897 2790 1955 debetur
2816 1900 3045 1967 amicis,
3076 1909 3525 1978 supererogetur
3546 1906 3661 1963 ini-

2016 1983 2204 2040 micis.
2232 1984 2509 2049 Quamvis
2531 1987 2689 2042 enim
2713 1990 3104 2060 quorumdam
3130 1992 3468 2067 malignitas
3500 1995 3664 2054 nulla

2014 2071 2382 2131 humanitate
2413 2068 2705 2144 mitescat,
2738 2094 2853 2134 non
2886 2083 3027 2136 sunt
3058 2084 3254 2139 tamen
3299 2081 3667 2142 infructuosa

2016 2178 2191 2235 opera
2220 2162 2472 2236 pietatis,
2514 2181 2621 2221 nec
2676 2183 2960 2240 umquam
3019 2170 3212 2241 perdit
3265 2171 3669 2231 benevolentia

2017 2252 2174 2323 quod
2188 2253 2684 2327 prastatingrato.
2698 2254 2879 2313 Nemo
2895 2273 2978 2323 se,
2994 2257 3384 2328 dilectissimi,
3400 2261 3472 2317 ab
3496 2274 3671 2334 opere

2018 2341 2170 2397 bono
2188 2341 2363 2399 faciat
2375 2341 2657 2412 aliennm,
2675 2360 2846 2401 nemo
2859 2345 2930 2400 de
2944 2363 3052 2402 sua
3071 2348 3355 2405 tenuitate
3371 2354 3669 2421 causetur',

2019 2433 2304 2501 tanquam
2337 2431 2437 2503 qui
2468 2430 2580 2487 sibi
2608 2432 2704 2488 vix
2737 2433 2973 2500 sufficit,
3007 2438 3065 2490 et
3090 2434 3273 2492 alium
3295 2438 3505 2507 juvare
3550 2455 3666 2495 non

2020 2519 2225 2590 possit.
2258 2519 2425 2593 Magn
2436 2538 2535 2577 um
2553 2525 2641 2577 est
2663 2523 2817 2595 quod
2853 2523 3104 2595 proferat
3132 2540 3197 2579 ex
3220 2540 3415 2597 parvo,
3439 2530 3496 2583 et
3512 2527 3572 2583 in
3585 2528 3671 2584 di-

2019 2608 2164 2663 vina
2198 2608 2361 2666 lance
2384 2610 2633 2681 justitia
2665 2629 2779 2668 non
2811 2613 3134 2685 quantitate
3166 2631 3501 2685 munerum,
3564 2618 3668 2675 sed

2021 2698 2276 2773 pondere
2305 2700 2947 2772 pensaturanimorum.
2961 2703 3308 2776 Evangelica
3326 2704 3505 2763 vidua
3520 2707 3671 2765 duos

2022 2805 2299 2846 nummos
2319 2790 2377 2844 in
2407 2790 2886 2863 gazophylacium
2915 2791 3076 2848 misit
3106 2793 3292 2866 (Marc.
3325 2811 3424 2860 xu,
3458 2796 3570 2869 42),
3614 2800 3674 2853 et

2023 2877 2289 2933 omnium
2306 2877 2553 2934 divitum
2567 2878 3205 2938 donatranscendit.NU
3214 2898 3315 2938 ιω
3327 2884 3670 2956 apudDeum

2021 2965 2152 3022 vilis
2177 2970 2265 3022 est
2295 2966 2502 3039 pietas,
2536 2967 2701 3023 nulla
2725 2968 3090 3025 infructuosa
3111 2969 3437 3029 miseratio.
3482 2974 3673 3031 Diver-

2025 3070 2122 3110 sos
2147 3056 2386 3127 quidem
2416 3055 2757 3113 hominibus
2785 3058 3189 3129 deditcensus,
3216 3062 3318 3117 sed
3350 3078 3464 3118 non
3487 3063 3676 3120 diver-

2025 3160 2123 3200 sos
2153 3145 2361 3217 quarit
2390 3145 2651 3202 all‘ectus.
2693 3147 3003 3203 Estiment
3055 3165 3260 3206 omnes
3307 3151 3670 3213 substantias

2024 3250 2187 3300 suas,
2217 3237 2274 3289 et
2302 3232 2405 3306 qui
2435 3233 2570 3307 plus
2586 3252 2874 3308 accepere,
2899 3235 3033 3309 plus
3048 3237 3330 3295 tribuant.
3353 3238 3479 3296 Fiat
3493 3241 3675 3298 absti-

244 3336 410 3402 tum,
445 3329 667 3386 ﬂuenta
691 3325 1449 3398 vitium,partusarborum,
1470 3322 1908 3381 ubertasimite-
1941 3326 1985 3394 ο
2022 3321 2220 3380 nentia
2249 3322 2531 3391 fidelium,
2564 3324 2733 3381 cibus
2763 3342 3109 3398 pauperum,
3140 3329 3198 3384 et
3221 3329 3376 3400 quod
3422 3330 3672 3404 quisque

246 3426 353 3477 tur
382 3418 762 3475 animorum:
795 3415 955 3487 quod
1002 3414 1164 3470 dedit
1189 3418 1366 3477 terra,
1389 3414 1531 3469 dent
1567 3411 1746 3468 corda
1774 3428 1789 3468 :
1850 3414 1916 3468 ut

249 3508 566 3583 possimus
597 3505 791 3562 dicere
821 3520 957 3561 cum
989 3503 1273 3576 propheta
1299 3518 1313 3558 :
1349 3504 1511 3558 Terra
1538 3504 1726 3559 nostra
1768 3501 1915 3557 dedit

247 3601 509 3671 fructum
533 3612 657 3651 sum
686 3596 800 3667 (Ps.
834 3610 982 3660 LXVI,
1013 3594 1092 3660 7).
1124 3591 1278 3648 Deus
1317 3608 1577 3662 namque
1630 3607 1804 3647 verus
1858 3593 1917 3647 et

248 3701 540 3743 summus
562 3681 818 3757 agricola
836 3697 952 3736 non
969 3679 1161 3737 solum
1178 3678 1591 3752 corporalium,
1615 3679 1717 3734 sed
1737 3678 1913 3735 etiam

250 3772 641 3848 spiritualum
664 3774 868 3828 auctor
890 3773 981 3825 est
993 3769 1375 3837 fructuum,et
1395 3771 1644 3841 utraque
1664 3767 1915 3834 semina,

254 3870 515 3936 utraque
543 3859 837 3935 plantaria
884 3857 1105 3931 duplici
1143 3858 1302 3914 novit
1341 3873 1605 3915 exercere
1651 3855 1910 3913 cultura:

250 3955 410 4009 dans
443 3949 602 4025 agris
631 3948 930 4023 profectus
941 3946 1295 4021 germinum,
1316 3946 1464 4003 dans
1494 3945 1707 4002 animis
1727 3944 1915 4001 incre-

255 4045 463 4099 menta
481 4041 792 4106 virtutum,
812 4054 941 4110 qua
970 4036 1122 4093 sicut
1134 4036 1208 4092 ab
1228 4053 1346 4092 una
1366 4034 1732 4113 providentia
1752 4051 1915 4091 sum-

256 4147 432 4205 psere
459 4126 844 4203 principium,
874 4126 959 4182 ita
986 4126 1058 4181 ad
1085 4124 1264 4181 unius
1294 4124 1488 4197 operis
1523 4127 1734 4181 vocant
1778 4124 1916 4181 eti'e-

253 4225 445 4277 ctum.
468 4219 654 4275 Homo
684 4215 865 4289 enim,
897 4215 968 4271 ad
1000 4212 1320 4288 imaginem
1371 4217 1430 4270 et
1487 4212 1916 4270 simlitudinem

255 4308 363 4365 Dei
390 4309 605 4375 factus,
637 4304 790 4362 nihil
819 4304 999 4360 habet
1027 4304 1087 4359 in
1118 4306 1337 4359 natura
1366 4318 1484 4359 sua
1514 4301 1737 4359 honore
1791 4305 1916 4358 tam

256 4398 566 4471 proprium
596 4410 777 4468 quam
807 4396 873 4449 ut
891 4392 1214 4449 bonitatem
1236 4391 1329 4447 sui
1358 4390 1623 4448 imitetur
1637 4391 1915 4459 auctoris,

258 4487 365 4559 qui
393 4485 685 4542 donorum
706 4496 974 4548 suorum,
997 4480 1152 4537 sicut
1178 4480 1514 4538 misericors
1544 4479 1790 4555 largitor
1805 4484 1915 4551 est,

252 4573 346 4631 ita
373 4578 468 4631 est
495 4576 551 4631 et
567 4574 771 4645 justus
802 4573 1054 4635 exactor,
1086 4568 1287 4626 volens
1312 4586 1421 4627 nos
1478 4584 1722 4642 operum
1779 4587 1916 4627 suo-

250 4679 397 4720 rum
427 4678 559 4719 esse
582 4664 883 4720 consortes
907 4677 922 4729 ;
944 4664 1013 4716 ut
1042 4655 1312 4732 quamvis
1334 4657 1560 4715 nullam
1591 4676 1700 4716 nos
1728 4658 1919 4716 valea-
1947 4691 1994 4757 Β

2022 3412 2317 3470 subtrahit
2346 3411 2478 3477 sibi,
2492 3413 2755 3486 proﬁciat
2774 3413 3055 3487 indigenti
3078 3433 3091 3471 :
3107 3415 3246 3487 quia
3264 3416 3396 3475 licet
3411 3419 3667 3476 multum

2023 3506 2079 3558 et
2106 3500 2319 3557 animis
2339 3504 2395 3557 et
2417 3501 2761 3574 corporibus
2784 3503 3085 3559 conferant
3114 3506 3373 3561 remedia
3418 3508 3669 3579 parcita-

2021 3591 2120 3659 tis,
2139 3606 2346 3663 parum
2363 3594 2555 3646 tamen
2570 3590 2886 3647 utiliasunt
2902 3592 3032 3664 ipsa
3040 3593 3291 3665 jejunia,
3312 3594 3427 3650 nisi
3446 3595 3673 3652 miseri-

2025 3680 2230 3737 cordia
2259 3679 2698 3737 sanctiﬁcantur
2727 3681 2956 3737 eﬂ'ectu.
2984 3682 3047 3738 In
3076 3681 3461 3756 eleemosynis
3509 3684 3670 3741 enim

2021 3768 2207 3825 virtus
2238 3770 2507 3841 quadam
2537 3772 2626 3826 est
2654 3769 3326 3843 institutabaptismatis,
3359 3771 3500 3845 quia
3520 3771 3675 3830 sicut

2024 3874 2177 3930 aqua
2206 3857 2525 3932 exstinguit
2554 3857 2729 3932 igem,
2763 3858 2846 3913 sic
2887 3858 3257 3933 eleemosyna
3313 3864 3616 3933 peccatum
3654 3880 3668 3933 ;

2023 3950 2080 4003 et
2107 3964 2211 4020 per
2220 3964 2288 4004 eu
2298 3948 2493 4004 mdem
2506 3948 2522 4020 (
2530 3947 2580 4020 b)
2593 3946 2887 4003 Christum
2902 3948 3136 4016 dicitur,
3155 3949 3458 4019 Lavamini,
3476 3951 3674 4008 mundi

1994 4056 1997 4059 ·
2023 4040 2189 4093 estote
2215 4039 2364 4106 (Isai.
2396 4052 2439 4102 ι,
2472 4036 2580 4109 16),
2601 4053 2705 4109 per
2724 4052 2897 4109 quem
2918 4037 3150 4110 dicitur,
3185 4040 3320 4095 Date
3370 4040 3670 4115 eleemosy-

2021 4143 2157 4182 nam
2184 4130 2237 4182 et
2255 4128 2445 4182 omnia
2474 4127 2683 4182 munda
2701 4130 2830 4183 sunt
2843 4128 2992 4183 vobis
3006 4130 3156 4195 (Luc.
3173 4126 3357 4202 xuii)
3383 4146 3396 4196 ;
3428 4133 3678 4187 utnemo

2025 4216 2308 4289 ambigat,
2342 4231 2514 4272 nemo
2546 4215 2776 4273 difﬁdat
2804 4216 3259 4290 regenerationis
3281 4218 3392 4274 sibi
3416 4219 3669 4276 nitorem

2025 4304 2200 4362 etiam
2224 4309 2355 4377 post
2384 4307 2549 4361 muta
2579 4311 2812 4378 peccata
2839 4305 3093 4374 restitui,
3135 4306 3237 4379 qui
3266 4306 3665 4381 eleemosyna-

2026 4410 2155 4449 rum
2176 4394 2470 4450 studuerit
2489 4392 2892 4466 puriﬁcatione
2913 4394 3209 4450 mundari.

2445 4527 2551 4583 64
2578 4519 2820 4584 SERMO
2851 4527 2970 4583 XXI
3000 4526 3106 4600 [Αἱ.
3140 4526 3278 4601 ΧΧ],

2194 4637 2257 4693 In
2285 4636 2581 4691 Natzvitate
2608 4634 2831 4690 Domini
2854 4635 3037 4690 nostri
3058 4635 3186 4691 Iesu
3212 4633 3419 4691 Christi
3447 4638 3493 4691 1.

253 4768 400 4808 mus
431 4765 626 4807 “eam
636 4753 932 4816 natumm’
956 4746 1255 4837 Ροεείωυε
1267 4750 1464 4837 tame?)
1496 4751 1796 4837 acceptam
1808 4764 1913 4820 per
1947 4746 1989 4757 H
2018 4783 2314 4837 SYNOPSIS.
2338 4808 2407 4820 —-
2436 4774 2479 4833 Ῑ.
2502 4776 2802 4833 Nemimem
2820 4782 3147 4834 extraneum
3165 4793 3279 4835 esse
3298 4795 3332 4835 a
3349 4779 3548 4837 laetitia
3570 4779 3676 4836 Na-

251 4840 363 4897 Dei
398 4839 645 4913 gratiam
675 4852 942 4894 exemere
965 4835 1271 4913 materiam
1299 4854 1313 4892 :
1346 4835 1486 4908 quia
1515 4852 1627 4892 non
1652 4836 1733 4892 ita
1773 4837 1908 4893 usui

252 4908 468 4985 nostro
494 4928 644 4984 bona
670 4932 906 4995 terrena
935 4908 1147 4982 collata
1164 4929 1325 4993 sunt,
1354 4928 1420 4981 ut
1438 4924 1763 4981 carnalium
1783 4929 1913 4982 tan-

250 5021 395 5074 tum
436 5032 717 5073 sensuum
752 5013 1039 5087 voluptati
1079 5014 1454 5087 satietatique
1491 5014 1569 5087 (α)
1588 5012 1906 5085 servirent;

255 5104 522 5178 alioquin
566 5102 717 5161 nihil
771 5121 807 5160 a
862 5102 1210 5175 pecudibus,
1266 5101 1414 5158 nihil
1460 5102 1818 5159 distaremus
1876 5120 1912 5160 a

255 5192 493 5259 bestiis,
518 5209 646 5266 qua
666 5192 875 5249 alienis
924 5190 1379 5248 necessitatibus
1422 5190 1727 5248 consulere
1776 5208 1910 5250 nes-

255 5281 450 5348 ciunt,
476 5285 532 5337 et
557 5280 744 5338 solam
768 5280 860 5337 sui
890 5295 957 5336 ac
970 5294 1215 5336 suorum
1236 5278 1459 5336 fetuum
1479 5296 1682 5337 curam
1694 5280 1911 5339 habere

258 5374 567 5426 noverunt.

328 5458 465 5513 CAP.
496 5458 589 5516 III.
619 5490 689 5502 -—-
719 5457 1014 5515 Animalia
1042 5457 1243 5531 igitur,
1265 5457 1526 5515 carentia
1584 5457 1907 5529 intellectu,

244 5564 387 5619 ctio.
416 5561 567 5621 Hanc
593 5565 908 5622 lectionem
939 5561 1287 5632 Quesnellus
1307 5563 1585 5620 indicavit
1636 5565 1696 5621 in
1753 5583 1908 5622 mar-

250 5634 435 5716 gine;
462 5641 655 5692 utrum
687 5653 822 5693 vero
841 5652 911 5693 ex
922 5636 1119 5692 codice
1140 5653 1214 5691 an
1245 5652 1314 5691 ex
1342 5635 1575 5709 ingenio
1596 5638 1911 5695 correxerit

255 5719 628 5778 ignoramus.

340 5774 427 5844 (al
450 5778 620 5851 Alias,
656 5781 919 5837 serviant.

2095 4852 2328 4907 tivitatis
2359 4851 2596 4922 Domini,
2631 4863 2757 4920 quae
2785 4850 2902 4904 sola
2929 4850 3049 4905 sine
3070 4850 3226 4922 sorde
3248 4853 3459 4922 peccati
3484 4853 3581 4907 est.
3605 4882 3675 4892 ~—

2092 4923 2163 4978 ΙΙ.
2198 4923 2395 4978 Hiram
2423 4936 2534 4977 esse
2562 4921 2727 4994 hujus
2784 4921 3039 4994 mysterii
3093 4921 3573 4994 dispensationem.
3605 4952 3676 4964 --

2091 4993 2188 5050 ΙΙΙ.
2214 4995 2322 5063 Qui
2346 5004 2548 5049 novum
2577 4992 2855 5049 hominem
2872 4993 2991 5049 vult
3014 4992 3262 5059 induere,
3322 4995 3379 5050 ei
3439 4996 3675 5050 veterem

2090 5081 2204 5122 esse
2225 5064 2619 5138 deponendum.

2091 5194 2276 5246 CApJ.
2316 5219 2361 5230 -
2380 5187 2645 5245 Salvator
2668 5192 2888 5256 noster,
2907 5186 3482 5261 dilectissimi,hodie
3499 5191 3674 5245 natus

2020 5278 2515 5351 est,gaudeamus.
2527 5277 2726 5349 Neque
2747 5277 3111 5335 enimlocum
3133 5278 3226 5332 i'as
3242 5281 3331 5333 est
3347 5276 3419 5348 (ο)
3434 5275 3513 5332 ibi
3543 5292 3674 5333 esse

2018 5366 2630 5434 tristitia,ubinatalis
2658 5369 2747 5424 est
2774 5368 2906 5423 vita
2932 5385 2944 5435 ;
2979 5383 3107 5439 qua
3138 5367 3486 5437 consumpto
3511 5380 3669 5422 mor-

2019 5455 2263 5514 talitatis
2292 5455 2524 5524 timore,
2557 5455 2729 5512 nobis
2780 5455 2994 5529 ingerit
3035 5455 3106 5510 de
3152 5452 3448 5526 promissa
3504 5457 3671 5512 ater-

2091 5548 2167 5632 (ὁ)
2198 5561 2629 5637 νοχ-Οὴνίσιιιτῃ
2657 5559 3235 5637 videturabundare,
3275 5557 3366 5615 vel
3425 5558 3485 5616 in
3541 5561 3673 5634 ejus

2022 5634 2215 5691 locum
2248 5634 2666 5705 substituenda
2688 5634 3102 5705 voxispiritam.
3128 5633 3525 5705 QuasinsLLUs.

2092 5706 2164 5778 (ε)
2198 5707 2256 5761 In
2291 5704 2512 5778 aliquot
2541 5719 2686 5778 mss.
2703 5709 2778 5778 et
2796 5702 3061 5778 ineditis
3090 5707 3242 5778 ante!
3266 5703 3668 5778 Quesnellum,

2025 5773 2277 5835 necnon
2308 5776 2368 5833 in
2389 5773 2718 5848 ‘memplari
2747 5773 2911 5833 Pauli
2942 5773 3179 5834 Diaconi
3210 5776 3397 5846 deest,
3429 5775 3526 5833 ibi.
