4098 6188
468 369 582 438 191

1589 365 1654 429 S.
1702 364 1980 432 LEONIS
2026 363 2276 441 MAGNI
2320 365 2762 432 SERMONES.

3755 365 3861 430 l9!

467 488 938 566 nitatelaetitiam.
969 496 1239 559 Nemoab
1261 497 1440 572 hujus
1456 497 2108 576 alacﬁtMistarticipa.
2137 501 2193 578 Α
2223 515 2470 561 manens
2497 502 2667 574 quod.
2685 504 2826 572 erat,
2862 513 3287 575 assumeusque
3310 497 3755 574 quodnonerat,
3777 515 3862 558 ve-

465 597 621 653 tione
651 591 996 657 secernitur,
1029 608 1150 649 una
1177 589 1404 646 cunctis
1436 589 1646 648 laetitiae
1676 591 2120 650 communisest
2224 609 2348 650 ram
2382 593 2530 648 servi
2566 593 2810 649 formam
2847 593 2895 649 ei
2932 593 3127 648 formae
3158 591 3218 648 in
3251 609 3368 664 qua
3394 595 3505 647 Deo
3554 590 3712 646 Patri
3780 596 3862 648 est

465 683 647 742 ratio:
681 681 820 754 quia
849 680 1129 736 Dominus
1161 684 1380 752 noster,
1415 681 1633 754 peccati
1659 681 1982 754 mortisque
2014 683 2112 739 de-

464 776 733 839 structor,
769 771 924 828 sicut
949 769 1180 826 nullum
1212 787 1245 826 a
1274 774 1436 827 reatu
1467 770 1718 828 liberum
1765 772 1998 844 reperit,
2033 772 2111 828 ita

463 860 872 934 (a.)liberandis
893 859 1353 917 omnibusvenit.
1377 859 1642 916 Exsultat
1676 865 1936 925 sanctus,
1971 860 2111 932 quia

461 949 900 1024 propinquatad
923 949 1199 1022 palmam.
1216 948 1777 1020 Gaudeatpeccator,
1803 948 1941 1021 quia
1960 948 2109 1004 invi-

459 1044 619 1097 tatur
648 1041 718 1095 ad
749 1039 998 1096 veniam.
1024 1038 1330 1095 Animetur
1345 1038 1600 1121 gentilis,
1622 1039 1760 1110 quia
1775 1043 2016 1094 vocatur
2035 1039 2107 1095 ad

2221 680 2462 755 aequalis
2493 683 2684 740 uniret
2714 683 2938 755 (Philip.
2974 701 3034 750 ιι,
3067 682 3144 755 6),
3177 685 3235 738 et
3265 685 3424 737 tanto
3456 680 3668 737 {cedere
3697 684 3861 737 natu-

2221 790 2346 829 ram
2379 777 2688 845 utramque
2709 775 3056 840 consereret,
3090 777 3157 828 ut
3182 787 3286 828 nec
3310 771 3642 826 inferiorem
3664 788 3865 827 consu-

2221 868 2403 920 meret
2432 862 2796 936 gloriﬁcatio,
2822 879 2926 919 nec
2945 861 3302 933 superiorem
3323 861 3614 916 minueret
3634 878 3861 917 assum-

2175 964 2177 966 ‘
2219 953 2358 1025 ptio.
2383 953 2448 1024 (j)
2483 951 2839 1024 Salvaigitur
2856 950 3209 1024 proprietate
3230 950 3537 1022 utriusque
3597 951 3864 1007 substan-

2217 1041 2332 1108 tiae,
2367 1047 2423 1098 et
2453 1043 2511 1098 in
2545 1058 2722 1096 unam
2739 1046 3326 1113 coeuntepersonam,
3363 1039 3864 1112 suecipiturama-

459 1129 659 1188 vitam.
694 1130 792 1187 Dei
821 1145 1075 1200 namque
1107 1128 1286 1184 Filius
1319 1128 1642 1184 secundum
1681 1127 2105 1199 plenitudinem
2207 1133 2422 1205 jestate
2450 1129 2773 1195 humilitas,
2799 1148 2836 1186 a
2862 1130 3073 1186 virtute
3093 1129 3427 1196 infirmitas,
3452 1130 3525 1185 ab
3545 1131 3862 1186 aeternitate

465 1218 760 1292 temporis,
795 1235 972 1291 quam
987 1217 1405 1274 diviniconsilii
1433 1217 1841 1274 inscrutabilis-
1861 1216 2107 1274 altitudo

451 1295 771 1382 disposuit,
801 1307 1295 1364 reconciliandum
1327 1307 1549 1363 auctori
1583 1324 1689 1362 suo
1714 1311 1982 1363 naturam
2017 1323 2109 1380 ge-

462 1398 617 1456 neris
648 1396 972 1470 assumpsit
1000 1396 1267 1462 humani,
1303 1399 1367 1452 ut
1396 1397 1661 1452 inventor
1682 1396 1888 1452 mortis
1903 1395 2107 1452 diabo-

461 1484 577 1553 lus,
609 1488 686 1556 (b)
717 1503 819 1560 per
841 1486 1032 1556 ipsam
1065 1502 1244 1557 quam
1272 1486 1486 1542 vicerat
1515 1485 1866 1541 vinceretur.-
1901 1489 1966 1540 In
1990 1502 2104 1558 quo

459 1576 731 1634 conﬂictu
753 1593 856 1648 pro
878 1575 1046 1631 nobis
1069 1575 1234 1640 inito,
1267 1591 1478 1648 magno
1533 1578 1590 1630 et
1616 1574 1866 1630 mirabili
1925 1575 2106 1647 azqui-

457 1665 752 1737 tatisjure
776 1668 1064 1722 certatum
1087 1667 1210 1720 est:
1245 1665 1388 1720 dum
1421 1663 1791 1736 omnipotens
1823 1663 2104 1720 Dominus

458 1772 592 1812 eum
623 1753 948 1816 saevissime.
973 1753 1160 1820 hoste,
1185 1770 1300 1809 non
1333 1754 1392 1808 in
1426 1770 1535 1810 sua
1557 1754 1882 1824 majestate,
1907 1753 2006 1808 sed
2041 1752 2102 1808 in

456 1847 659 1902 nostra
699 1843 1069 1916 congreditur
1097 1841 1451 1910 humilitate,
1477 1842 1760 1914 objicieus
1787 1842 1853 1914 (ο)
1881 1841 1931 1897 ei
1951 1859 2102 1898 eam-

456 1934 590 1992 dem
606 1933 858 1990 formam
874 1933 1258 2004 eamdemque
1271 1936 1566 1997 naturam,
1585 1930 2102 2004 mortalitatisqui-

458 2023 588 2081 dem
625 2027 835 2080 nostrae
863 2021 1227 2096 participem,
1261 2022 1366 2078 sed
1413 2021 1632 2093 peccati
1689 2020 1868 2076 totius
1901 2037 2100 2092 expern

456 2116 596 2176 tem.
631 2111 901 2170 Alienum
933 2111 1147 2185 quippe
1181 2111 1266 2167 ab.
1285 2110 1392 2167 hac
1422 2109 1726 2167 nativitate
1752 2113 1842 2166 est
1860 2110 2015 2182 quod
2030 2110 2101 2167 de

458 2202 734 2262 omnibus
759 2201 1010 2276 legitur:
1065 2201 1143 2274 (εἰ)
1171 2201 1337 2276 Nemo
1393 2199 1631 2256 mundus
1685 2217 1719 2256 a
1773 2199 1947 2266 sorde,
2002 2216 2102 2256 nec

452 2293 664 2364 infans,
694 2291 844 2364 cujus
863 2294 939 2347 est
956 2291 1123 2347 unius
1142 2290 1255 2346 diei
1269 2291 1382 2346 vita.
1409 2306 1573 2362 super
1593 2297 1796 2346 terram
1824 2288 1956 2358 (Job.
1982 2306 2096 2358 xw,

452 2382 512 2450 4,
537 2398 642 2442 sec.
678 2382 840 2453 LXX).
873 2379 1030 2437 Nihil
1062 2396 1200 2456 ergo
1231 2380 1291 2436 in
1323 2380 1498 2436 istam
1538 2377 1900 2451 singularem
1948 2377 2098 2433 nati-

449 2470 692 2536 vitatem
722 2471 793 2529 de
823 2469 1016 2528 carnis
1046 2467 1522 2541 concupiscentia
1552 2467 1836 2536 transivit,
1866 2466 2012 2522 nihil
2031 2467 2101 2522 de

452 2560 671 2633 peccati
693 2559 820 2635 lege
850 2560 1127 2616 manavit.
1159 2560 1336 2631 Virgo
1368 2558 1528 2630 regia
1570 2557 1848 2616 Davidicm
1897 2556 2100 2628 stirpis

453 2648 709 2721 eligitur,
741 2664 869 2722 quae
900 2665 1065 2706 sacro
1095 2647 1456 2720 gravidanda
1484 2647 1603 2702 fetu
1619 2645 1878 2701 divinam
1899 2648 2110 2702 huma—.

454 2737 965 2810 namqueprolem
997 2735 1162 2808 prius
1193 2735 1261 2808 (e)
1301 2733 1631 2806 conciperet
1679 2737 1875 2789 mente
1920 2749 2100 2804 quam

452 2843 712 2899 corpore.
743 2827 812 2882 Et
838 2842 910 2882 ne
941 2823 1180 2896 superni
1211 2821 1654 2897 ignamconsilii
1685 2824 1757 2879 ad
1791 2821 2101 2879 inusitatos

451 2919 684 2990 paveaet
712 2919 781 2988 (Ι)
809 2915 1070 2983 effectus,
1094 2913 1192 2971 05
1222 2913 1379 2985 quod
1409 2913 1468 2969 in
1498 2928 1568 2968 ea
1595 2911 1957 2984 operandam
1979 2914 2103 2966 erat

456 3003 533 3079 (ο)
567 3003 840 3078 aSpiritu
872 3007 1094 3074 sancto,
1127 3001 1415 3075 colloquio
1447 3001 1622 3058 discit
1645 2998 1926 3072 angelico.
1985 2999 2101 3056 Nec

455 3081 740 3152 damnum
771 3093 956 3151 credit
985 3091 1245 3166 pudoris,
1280 3091 1384 3148 Dei
1437 3090 1690 3163 genitrix
1716 3106 1852 3146 mox
1881 3089 2098 3147 futura.

455 3182 756 3242 Cur-enim
786 3183 868 3239 de.
887 3180 1284 3254 conceptionis
1305 3178 1558 3237 novitate
1589 3179 1877 3252 desperet,
1907 3179 1984 3251 (h)
2004 3177 2099 3234 cui

453 3271 770 3332 efﬁcientia
796 3272 868 3329 de
896 3249 1188 3330 Altissimi
1206 3269 1421 3325 virtute
1447 3249 1853 3340 promittitur?
1883 3249 2100 3324 Centir—
2128 3249 2172 3320 C

455 3367 651 3419 matur
681 3360 967 3419 credentis
1000 3359 1146 3417 ﬁdes
1176 3358 1352 3416 etiam
1384 3358 1446 3431 (2')
1497 3357 1811 3431 praeeuntis
1855 3359 2096 3414 attesta-

453 3450 616 3508 tione.
664 3448 953 3520 miraculi,
1005 3449 1374 3522 donaturque
1430 3446 1722 3503 Elizabeth
1799 3445 2098 3518 inopinata

451 3539 816 3609 fecunditas;
850 3543 917 3595 ut
946 3537 1049 3612 qui
1071 3541 1415 3610 conceptum
1437 3537 1675 3594 dederat
1705 3533 1910 3604 sterili,
1935 3535 2100 3592 datu.

449 3647 552 3698 rus
579 3645 702 3690 non
725 3627 1094 3696 dubitaretur
1119 3631 1179 3684 et
1197 3625 1428 3701 virgini.

521 3720 649 3777 Cap.
685 3720 756 3776 ll.
791 3749 858 3760 —
890 3716 1360 3788 Verbumigitur
1401 3714 1501 3770 Dei
1533 3714 1706 3782 Deus,
1753 3711 1933 3768 Filius
1971 3712 2095 3782 Dei,

451 3807 550 3880 qui
582 3807 642 3868 in
674 3805 958 3880 principio
989 3811 1111 3862 erat
1141 3805 1296 3876 apud
1328 3804 1536 3870 Deum,
1571 3819 1673 3875 per
1717 3819 1894 3874 quem
1943 3801 2098 3857 facta

447 3899 590 3952 sunt
617 3895 847 3962 omnia,
869 3898 925 3949 et
946 3893 1082 3949 sine
1111 3909 1228 3965 quo
1258 3893 1476 3948 tactum
1505 3896 1593 3947 est
1640 3889 1787 3946 nihil
1846 3892 2022 3960 (Joan.
2053 3908 2094 3961 ι,

452 3984 591 4056 1ρ3),
621 3981 1236 4057 propterliberandum
1253 3981 1325 4036 ab
1338 3983 1751 4037 aeternamorte
1774 3979 2093 4048 hominem,

448 4073 640 4135 factus
662 4076 751 4128 est
777 4071 953 4128 homo
983 4089 996 4127 :
1022 4070 1104 4126 ita
1117 4087 1178 4126 se
1199 4070 1272 4124 ad
1287 4070 1720 4141 susceptionem
1743 4068 2096 4126 humilitatis

449 4166 660 4218 nostrae
674 4161 800 4218 sine
821 4159 1209 4217 diminutione
1223 4175 1341 4216 sua:
1355 4159 1682 4230 majestatis
1704 4157 2016 4227 inclinans,
2031 4162 2098 4216 ut

523 4286 816 4360 (a)Cedex.
835 4284 1224 4360 Ver-cellensis
1253 4283 1637 4360 etiHomiliar.
1691 4283 1855 4340 Pauli
1907 4285 2091 4354 Diac.,

449 4357 589 4417 cum
617 4360 806 4429 prima
834 4358 1106 4422 editione,
1135 4374 1238 4429 pro
1267 4357 1591 4429 liberamus.

617 4426 788 4487 Unus
820 4430 946 4513 cod.
983 4429 1042 4486 S.
1079 4426 1250 4496 Petri,
1271 4433 1339 4510 'et
1367 4426 1519 4513 alius
1550 4428 1715 4513 Dom,
1740 4443 1873 4510 cum
1903 4428 2094 4513 prima

447 4501 719 4575 editione,
747 4519 853 4575 per.
876 4505 1052 4575 ipsam
1082 4517 1190 4572 qua
1224 4502 1427 4555 vicerat
1474 4503 1733 4575 natu-mm
1763 4501 2088 4557 vinceretur.

445 4574 658 4632 Veron.
691 4573 817 4630 cod.
849 4573 938 4639 74,
967 4589 1066 4645 per
1096 4574 1272 4645 ipsum
1300 4573 1646 4645 quqvicerat,
1668 4573 1998 4645 vinceretur.

517 4647 588 4714 (c)
619 4649 682 4700 In
717 4661 826 4700 ms.
862 4641 1000 4700 Bon.
1026 4648 1083 4699 et
1114 4641 1908 4715 prigma‘edi'tioneomittitur
1936 4645 2008 4698 ei.

517 4713 595 4785 (ιι)
616 4716 802 4773 Codex
824 4713 1188 4772 Corbeiensis
1202 4713 1359 4770 hunc
1376 4713 1573 4770 locum
1595 4713 1676 4770 ita
1700 4713 1894 4782 habet,
1920 4716 2096 4780 Ques-

445 4785 597 4843 nello
628 4791 812 4844 teste:
845 4788 1008 4844 Nemo
1057 4786 1291 4842 mundus
1338 4802 1372 4840 α
1391 4785 1566 4853 sorde,
1584 4802 1680 4842 nec
1712 4787 1899 4856 infans
1921 4789 2086 4843 unius

444 4857 553 4925 die,
585 4860 636 4915 si
653 4862 722 4915 sit
752 4862 866 4915 vita
887 4860 1003 4931 ejus
1023 4875 1187 4931 super
1213 4861 1436 4931 terram.
1475 4859 1535 4913 ln
1555 4874 1664 4913 ms.
1697 4861 1753 4911 S.
1788 4856 2088 4931 Petri,_nec

445 4932 656 5004 infans,
688 4932 841 5004 cujus
873 4929 1038 5004 unius
1067 4929 1182 5004 diei
1208 4930 1326 5004 vita
1347 4944 1518 5004 super
1534 4934 1758 5004 terram.
1796 4933 1855 4982 In
1899 4929 2089 5000 prima

445 5000 719 5071 editione,
746 5000 846 5058 nec
869 5003 1054 5073 infans
1077 5003 1244 5056 unius
1269 5000 1399 5066 diei,
1431 5003 1584 5071 cujus
1599 5001 1709 5056 vita.
1721 5009 1798 5073 est
1810 5005 2089 5073 super-ter-

443 5091 588 5130 ram.
621 5070 798 5146 Paulo
829 5070 962 5146 post
993 5073 1283 5146 omittitur
1310 5087 1437 5140 ergo
1469 5070 1528 5146 in
1587 5070 1998 5146 mss.__Vercel.
2033 5074 2090 5146 et

446 5146 676 5204 duobus
706 5141 940 5214 Veron.,
976 5160 1080 5200 nec
1113 5161 1225 5200 non
1250 5143 1308 5197 in
1340 5143 1552 5198 Homil.
1603 5141 1766 5198 Pauli
1827 5143 2084 5199 Diaconi.

517 5218 586 5290 (e)
619 5219 808 5276 Codex
835 5222 892 5290 S.
928 5215 1098 5282 Petri,
1133 5221 1188 5271 et
1217 5214 1407 5290 prima
1435 5214 1634 5279 editio,
1669 5216 1924 5290 concepit.

517 5284 583 5358 (Γ)
615 5291 698 5345 [ta
728 5289 896 5346 codd.
930 5304 1073 5344 mss.
1109 5284 1235 5358 tres
1257 5290 1313 5340 et
1338 5284 1629 5358 pleraeque
1676 5284 1959 5358 editiones
1991 5285 2088 5358 ad

517 5302 583 5363 (1')
615 5302 698 5345 Ita
728 5302 896 5346 cedd.
930 5304 1073 5344 mss.
1109 5302 1226 5342 tres
1257 5302 1629 5410 etcpiermquc
1676 5302 1959 5340 coitiones
2015 5302 2088 5341 ao

447 5361 809 5443 marginem;
843 5359 1059 5443 quibus
1085 5356 1257 5443 facile.
1282 5374 1315 5411 a
1351 5357 1524 5443 jpngi
1558 5361 1804 5443 possunt
1842 5355 1939 5411 alii
1972 5357 2088 5412 duo

448 5427 612 5502 Regii
646 5427 1016 5497 msh-codd”
1046 5429 1104 5484 in
1141 5428 1354 5502 quibus
1384 5427 1596 5502 legitur
1624 5427 1865 5502 affectus,
1897 5443 2092 5483 errore

445 5497 672 5582 librarii
684 5574 695 5582 _
717 5503 898 5582 Sedet
918 5518 1129 5582 sensus
1154 5497 1332 5582 exigit
1345 5501 1430 5582 ut,
1447 5497 1554 5582 hac
1569 5497 1828 5582 “lectione.
1845 5503 2088 5582 retenta,

452 5571 566 5628 alia
594 5574 908 5644 rejiciatur,
942 5590 1067 5644 quae
1100 5571 1157 5626 in
1183 5568 1474 5644 prioribus
1491 5569 1628 5644 edit.
1662 5568 1934 5644 habebat,
1956 5572 2094 5644 cffa-

445 5647 567 5706 tus;
601 5640 715 5700 non
746 5646 900 5702 emiu
933 5640 1201 5715 loquitur
1223 5642 1315 5697 hic
1358 5642 1434 5715 de;
1459 5640 1765 5715 colloquio
1809 5640 2089 5715 angelico,

447 5731 516 5772 cu
517 5716 541 5787 j
553 5716 754 5790 uquti
763 5733 836 5790 us
856 5712 1203 5790 interventu,
1225 5717 1290 5770 ut
1305 5712 1502 5790 statim
1518 5719 1646 5790 post
1660 5712 2094 5790 legitur,'cxem-

449 5785 551 5860 pta
578 5785 666 5843 est
697 5787 879 5844 Maria
893 5803 1100 5859 pavore
1118 5785 1214 5842 illo
1241 5803 1356 5858 quo
1377 5802 1446 5842 ex
1470 5785 1747 5842 inusitato
1771 5786 2092 5859 conceptio-

2127 4627 2176 4694 D

2216 1221 2580 1278 mortalitas:
2615 1225 2674 1277 et
2703 1221 2777 1293 (k)
2830 1221 2901 1276 ad
2955 1220 3412 1292 dependendum
3435 1223 3644 1275 nostrae
3665 1220 3861 1275 condi-

2214 1312 2392 1368 tionis
2421 1311 2703 1378 debitum,
2740 1314 2945 1366 natura
2979 1308 3331 1366 inviolabilis
3354 1312 3681 1365 naturaaest
3701 1309 3864 1364 unita

2215 1399 2499 1474 passibili,
2533 1404 2800 1472 Dcusque
2828 1416 3001 1456 verus
3016 1403 3072 1454 et
3088 1399 3262 1454 homo
3283 1415 3475 1464 verus,
3499 1398 3558 1452 in
3582 1398 3863 1454 unitatem

2218 1489 2443 1547 Domini
2478 1493 2872 1561 temperatur;
2908 1494 2973 1544 ut
3002 1488 3158 1561 quod
3191 1487 3709 1545 nostris-remediis
3729 1503 3862 1542 eon-

2212 1579 2490 1652 gruebat,
2512 1595 2665 1633 unus
2698 1583 2872 1650 atque
2904 1577 3059 1634 idem
3073 1577 3173 1633 Dei
3201 1576 3627 1649 hominumque
3640 1576 3862 1632 media-

2210 1673 2302 1726 tor
2329 1668 2376 1740 (I
2405 1669 2536 1724 Tim.
2570 1685 2630 1734 ιι,
2661 1667 2738 1738 5),
2771 1671 2828 1723 et
2859 1667 3005 1723 mori
3039 1669 3237 1738 posset
3265 1683 3336 1722 ex
3363 1683 3503 1732 uno,
3554 1669 3612 1722 et
3666 1682 3862 1722 resur-

2210 1775 2342 1832 gere
2366 1761 2562 1830 posset
2581 1773 2651 1812 ex
2672 1756 2872 1812 altero.
2899 1756 3104 1814 Merito
3131 1755 3314 1829 igitur
3333 1755 3609 1829 virginea:-
3623 1755 3865 1828 integri-

2209 1848 2313 1904 tati
2346 1847 2490 1902 nihil
2522 1845 2912 1918 corruptionis
2956 1845 3153 1900 intulit
3181 1849 3388 1918 partus
3433 1844 3640 1904 salutis
3673 1861 3688 1899 :
3722 1845 3866 1917 quia

2209 1937 2478 1994 custodia
2512 1935 2620 1991 fuit
2651 1934 2910 2008 pudoris,
2945 1934 3119 1991 editio
3150 1935 3428 1991 veritatis.
3461 1933 3618 1991 Talis
3656 1933 3862 2008 igitur,

2209 2025 2598 2095 dilectissimi,
2629 2025 2904 2082 nativitas
2931 2024 3126 2081 decuit
3151 2024 3252 2080 Dei
3276 2025 3553 2080 virtutem
3577 2027 3636 2079 et
3650 2023 3752 2079 Dei
3777 2040 3866 2081 sa-

2209 2115 2489 2189 pientiam
2521 2113 2839 2181 Christum,
2874 2113 3243 2186 qua-uobiset
3264 2113 3327 2184 (I)
3350 2113 3714 2172 humanitate
3731 2130 3862 2169 con.

2209 2209 2460 2277 grueret,
2494 2207 2554 2260 et
2581 2203 2880 2259 divinitate
2910 2202 3278 2275 praecelleret.
3314 2203 3437 2260 Nisi
3467 2203 3625 2260 enim
3680 2208 3864 2272 esset,

2213 2299 2362 2351 Deus
2389 2310 2560 2350 verus
2580 2310 2694 2349 non
2727 2293 2958 2348 atﬁerret
2981 2292 3338 2362 remedium;
3364 2292 3484 2348 nisi
3500 2296 3654 2350 esset
3677 2292 3863 2349 homo

2207 2401 2402 2452 verus,
2429 2399 2545 2439 non
2578 2382 2862 2455 praeberet
2909 2381 3266 2455 exemplum.
3325 2383 3410 2440 Ab
3459 2381 3862 2440 exultantibus

2209 2489 2345 2546 ergo
2375 2470 2606 2545 angelis
2631 2475 2905 2527 nascente
2925 2471 3186 2539 Domino,
3212 2470 3406 2527 Gloria.
3419 2473 3479 2526 in
3507 2471 3738 2528 excelsis
3753 2471 3861 2527 Deo

2209 2561 2457 2629 canitur,
2491 2565 2549 2617 et
2574 2563 2775 2632 paxin
2799 2565 2951 2616 terra
2979 2561 3127 2617 bonae
3196 2561 3494 2618 voluntatis
3543 2560 3862 2617 hominibus

2209 2651 2516 2708 nuntiatur
2544 2650 2695 2722 (Luc.
2712 2667 2773 2716 ιι,
2797 2650 3135 2722 li).Vident
3152 2649 3310 2706 enim
3345 2649 3636 2708 caelestem
3691 2649 3867 2706 Jeru-

2209 2739 2394 2796 salem
2425 2756 2494 2796 ex
2522 2738 2799 2795 omnibus
2815 2739 3019 2794 mundi
3038 2739 3314 2811 gentibus
3335 2738 3602 2796 fabricari
3619 2755 3636 2793 ε
3653 2739 3725 2795 de
3744 2756 3862 2812 quo

2210 2827 2586 2886 inenarrabili
2619 2828 2826 2884 divinae
2856 2828 3090 2902 pietatis
3121 2844 3313 2901 opere,
3339 2832 3636 2902 quantum.
3676 2827 3864 2885 laetari

2209 2918 2380 2975 debet
2409 2916 2712 2974 humilitas
2725 2917 3057 2985 hominum,
3090 2933 3225 2974 cum
3247 2921 3478 2976 tantum
3499 2918 3756 2991 gaudeat
3770 2935 3869 2977 su-

2208 3005 2470 3064 blimitas
2501 3005 2840 3079 angelorum
2868 3009 2892 3062 ?

2279 3189 2414 3242 CAP.
2435 3185 2530 3242 III.
2551 3215 2616 3227 —
2635 3186 2743 3242 66
2756 3185 3014 3258 Agamus
3042 3200 3200 3258 ergo,
3235 3182 3864 3256 dilectissimi,gratias

2211 3279 2322 3331 Deo
2353 3273 2529 3343 Patri,
2564 3290 2666 3346 per
2697 3273 2908 3330 Filium
2942 3273 3092 3345 ejus,
3121 3272 3180 3329 in
3213 3272 3435 3346 Spiritu
3465 3278 3689 3339 sancto,
3753 3274 3861 3346 qui

2206 3367 2442 3438 propter
2453 3362 2704 3420 multam
2716 3363 2814 3436 (m)
2823 3361 3294 3428 misericordiam
3308 3378 3640 3434 summque
3655 3360 3863 3420 dilexit

2206 3470 2334 3520 nos,
2362 3452 2639 3510 misertus
2668 3455 2757 3507 est
2786 3451 2971 3506 nostri
2999 3468 3014 3519 ;
3044 3454 3095 3508 et
3121 3467 3249 3507 cum
3265 3467 3499 3507 essemus
3512 3453 3718 3508 mortui
3733 3467 3862 3524 pec-

2203 3544 2360 3610 catis,
2392 3540 2790 3611 canviviﬁcavit
2815 3541 2992 3596 nasia
3025 3539 3409 3613 Christo(Epk.
3443 3557 3503 3608 ιι,
3537 3540 3864 3611 5),utesse-

2206 3647 2341 3687 mus
2368 3631 2428 3686 in
2461 3629 2588 3703 ipso
2623 3646 2771 3698 nova
2801 3632 3085 3698 creatura,
3118 3645 3452 3701 novumque
3481 3629 3858 3702 ﬁgmentum.

2205 3721 2577 3793 Deponamus
2606 3721 3006 3792 ergpveterem
3023 3717 3472 3774 hominem-cum
3486 3717 3718 3775 actibus
3732 3718 3862 3776 suis

2205 3809 2364 3883 (Eph.
2391 3825 2468 3878 ιν,
2500 3811 2599 3877 22;
2634 3807 2804 3865 Catos.
2835 3825 2916 3880 ιιι,
2939 3809 3026 3878 8);
3057 3811 3118 3864 et.
3135 3807 3329 3880 adepti
3349 3806 3861 3880 participationem

2204 3896 2596 3972 generationis
2625 3896 2861 3965 Christi,
2894 3897 3088 3953 carnis
3113 3896 3522 3952 renuntiamus
3557 3895 3859 3969 operibus.

2202 3991 2484 4061 Agnosco,
2515 4002 2547 4041 ο
2578 3985 2924 4052 Christiane,
2957 3984 3304 4059 dignitatem
3331 3989 3518 4056 tuam,
3541 3987 3599 4040 et
3646 3985 3860 4042 divine

2205 4094 2310 4135 con
2319 4092 2446 4134 sors
2461 4075 2649 4132 factus
2667 4074 3032 4143 naturae,noli
3050 4075 3108 4129 in
3121 4078 3373 4130 veterem
3386 4073 3667 4131 vilitatem
3685 4075 3862 4148 dege-

2204 4166 2327 4224 neri
2342 4163 2778 4223 conversatione
2809 4163 2890 4236 (η)
2909 4164 3116 4220 redire.
3136 4163 3608 4235 Mementocujus
3620 4163 3858 4236 capitis.

2201 4288 2293 4344 nis
2320 4287 2495 4344 Verbi
2526 4286 2728 4343 effectu
2765 4286 2970 4343 affecta
2999 4287 3224 4343 fuisset.
3259 4287 3634 4352 Qussnecws.
3667 4319 3737 4329 —
3758 4288 3860 4344 Le.

2200 4361 2454 4417 ctionem
2485 4363 2677 4416 textus
2689 4359 3040 4416 conﬁrmant
3054 4360 3231 4415 etiam
3258 4361 3386 4416 cod.
3409 4365 3465 4415 S.
3499 4359 3672 4430 Petri,
3697 4377 3858 4418 unus

2198 4432 2410 4488 Veron.
2446 4435 2506 4486 et
2533 4430 2829 4502 exemplar
2857 4430 3019 4487 Pauli
3041 4430 3313 4487 Diaconi.

2271 4507 2344 4630 (ς
2376 4502 2485 4558 Ms.
2519 4501 2752 4580 Veron.,
2785 4502 2850 4557 de
2888 4503 3099 4573 Spiritu
3147 4510 3351 4560 sancto.
3412 4501 3543 4560 Mox
3599 4501 3673 4558 in.
3721 4503 3855 4560 cod.

2206 4574 2264 4632 S.
2343 4572 2472 4632 etri.
2505 4572 2714 4632 didicit.
2749 4589 2850 4632 Dro
2879 4573 3075 4629 discit:

2253 4617 2264 4630 .
2299 4590 2472 4643 rem,
2505 4590 2714 4641 atazctt,
2749 4590 2850 4643 Ι)Γο
2879 4590 3075 4629 αιιςειιε

2231 4589 2264 4632 5.
2299 4589 2472 4643 rem,
2505 4589 2714 4641 amicti,
2749 4589 2850 4645 pro
2879 4589 3075 4629 atsczt.‘

2231 4716 2242 4728 .
2278 4645 2359 4717 (h)
2390 4645 2569 4728 Codd.
2584 4644 2920 4714 Vaticanus,
2938 4646 2996 4701 S.
3013 4644 3185 4713 Petri,
3205 4647 3264 4700 et
3278 4648 3422 4700 Bon.
3447 4661 3513 4700 ac
3525 4643 3861 4716 primaedi'-

2289 4758 2304 4782 ,
2334 4732 2509 4782 cujus.

2201 4720 2598 4860 ὴῖξξὸἷιῑῖἓίἐηι
2611 4785 2850 4860 vulgati,
2867 4785 3241 4860 librariorum
3253 4802 3470 4860 errore,
3479 4789 3857 4860 praetincta;

2287 4859 2335 4931 λ)
2354 4858 2570 4931 Eadem
2584 4858 2875 4914 habentur
2889 4859 3059 4931 epist.
3077 4859 3166 4926 28,
3185 4875 3312 4931 cap.
3333 4859 3387 4931 3.

2267 4929 2343 4999 (γε)
2365 4929 2514 5002 Editi
2549 4935 2681 5002 ante
2698 4929 3092 5002 Quesnellum,
3119 4929 3272 5002 cugm'
3298 4929 3524 5002 aliquot
3565 4930 3858 5002 posterio-

2199 5018 2329 5057 rum
2360 5001 2770 5074 collectionum
2793 5001 2974 5074 codici
2985 5002 3112 5068 bus,
3127 5000 3631 5074 adrependenduhi.
3646 5001 3860 5058 Crateri

2197 5073 2786 5146 praestantiora-mss.
2821 5078 2888 5146 ut
2915 5072 3172 5146 intextu.
3192 5072 3370 5146 Paulo
3383 5077 3535 5146 post,
3549 5074 3742 5144 infusa
3753 5083 3856 5146 est,

2198 5143 2300 5217 pro
2330 5146 2487 5199 unita
2515 5152 2611 5211 est,
2644 5143 2705 5199 in
2737 5143 2932 5204 codice
2944 5143 3285 5200 Veronensi.
3303 5145 3368 5200 In
3385 5143 3731 5200 cod.autem
3753 5145 3862 5202 Pa-i

2197 5215 2429 5271 dilirOn.
2461 5218 2518 5270 et
2543 5214 2602 5269 in
2635 5213 2744 5270 alio
2775 5214 3016 5272 Veron..
3040 5217 3098 5270 in
3116 5217 3326 5272 unitate
3352 5232 3454 5272 pro
3471 5217 3528 5271 in
3557 5218 3859 5272 unitatem.

2242 5221 2429 5270 ilirOn.
2461 5221 2518 5270 et
2543 5221 2602 5269 in
2635 5221 2744 5270 alio
2781 5221 3016 5282 Veron.,
3040 5221 3098 5270 in
3116 5221 3326 5272 unitate
3351 5221 3528 5287 proin
3557 5221 3859 5277 unitatem.

2269 5287 2332 5355 (Ι)
2357 5291 2444 5341 Ita
2456 5303 2597 5341 mss.
2615 5290 2836 5356 septem
2855 5285 3146 5352 Quesnelli
3167 5291 3223 5343 et
3238 5303 3442 5342 omnes
3457 5287 3664 5343 nostri.
3682 5287 3858 5343 Prius

2197 5356 2845 5431 legebaturhumititate
2875 5357 3135 5414 etiamin
3166 5357 3482 5430 exemplari
3503 5358 3704 5431 prima:
3729 5359 3857 5414 edi“-

2199 5427 2378 5485 tionis
2407 5427 2632 5483 collect.
2664 5429 2718 5484 3.

2272 5500 2368 5572 (m)
2391 5500 2632 5582 Ita-mss.
2653 5499 3426 5582 codd,_quinque0uesnelli.
3456 5500 3725 5582 Plerique
3767 5506 3859 5558 ta-

2201 5570 2549 5627 men'nostri
2584 5575 2640 5626 et
2679 5570 3022 5627 Gaudiival.‘
3057 5572 3320 5642 ejusdem
3367 5570 3662 5638 Quesnelli
3719 5589 3862 5630 cum

2201 5642 2592 5700 anterioribus
2622 5643 2997 5711 editionibus,
3026 5643 3355 5699 charitatem
3386 5660 3564 5699 suam.

2273 5714 2650 5786 (n)l)uomss.
2669 5713 2931 5786 Vaticani
2972 5719 3204 5786 etiunus
3237 5714 3296 5770 S.
3356 5714 3531 5784 Petri,
3591 5716 3859 5783 recidere,

2201 5785 2448 5858 Vercel.,
2482 5785 2816 5846 retrocedere
2834 5803 2856 5851 ;
2887 5785 3226 5856 Padiliron.,
3252 5786 3519 5843 recedere;
