4098 6188
430 288 549 351 203
850 362 883 381 ~
1547 283 1611 345 S.
1660 282 1961 344 LEONIS-
1985 280 2236 343 MAGNI
2282 279 2730 344 SERMONES.
3717 275 3829 338 204

433 421 764 481 Nativitatis
786 420 1075 476 celebrare
1095 419 1399 475 debemus.
1426 418 1587 483 Quod
1611 416 1784 490 digne
1799 432 1866 472 ac
1895 419 1973 488 (a)
1989 415 2075 471 di-
2105 416 2162 482 Α
2192 413 2321 487 ipsa
2350 416 2422 471 ad
2444 418 2778 487 peccatores
2825 384 3246 479 misericordia,
3306 410 3436 484 ipsa
3465 411 3538 466 ad
3573 415 3833 467 errantes

432 510 683 583 ligenter
712 511 858 564 ﬁeta
885 506 1160 580 singulis,
1193 507 1243 564 si
1271 506 1610 564 meminerit
1629 506 1882 578 quisque
1912 505 2083 576 cujus
2192 505 2425 571 veritas,
2454 505 2584 576 ipsa
2605 505 2676 559 ad
2712 507 2973 560 mortuos
2989 502 3107 557 vita
3129 500 3430 557 descendit
3461 517 3475 556 :
3503 504 3567 554 ut
3597 499 3835 555 verbum

434 598 696 671 corporis
727 597 1064 652 membrum
1094 596 1192 664 sit,
1225 600 1283 652 et
1310 596 1403 652 cui
1432 595 1609 668 capiti
1642 599 1977 667 coptatum;
2012 609 2084 647 ne

431 701 607 742 sacra:
624 684 993 741 aediﬁcationi
1012 684 1236 741 discors
1253 700 1535 757 compago
1554 701 1670 739 non
1685 683 1919 739 haereat.
1935 684 2084 738 Con-

430 773 706 840 siderate,
730 773 1122 840 dilectissimi,
1154 778 1212 829 et
1240 774 1565 829 secundum
1593 770 2082 827 illuminationem

435 863 692 937 Spiritus
728 864 915 920 sancti
949 864 1266 936 prudenter
1295 863 1593 929 advertite,
1630 862 1762 934 quis
1797 878 1902 916 nos
1932 860 1990 914 in
2024 876 2087 914 se

437 954 780 1026 susceperit,
794 958 852 1008 et
874 969 1048 1024 quem
1067 949 1502 1025 susceperimus
1516 951 1572 1006 in
1590 950 1760 1006 nobis
1777 968 1789 1006 :
1810 948 2086 1022 quoniam

430 1042 511 1119 1b)
546 1041 698 1098 sicut
719 1042 905 1098 factus
944 1048 1031 1097 est
1053 1041 1336 1097 Dominus
1370 1041 1543 1096 Jesus
1578 1056 1709 1095 caro
1739 1044 1941 1095 nostra
1960 1054 2090 1093 nas-

435 1130 920 1202 cendo,itaetnos
935 1129 1069 1186 facti
1087 1146 1293 1185 sumus
1309 1147 1520 1201 corpus
1534 1127 1719 1201 ipsius
1735 1127 2089 1183 renascendo

441 1219 578 1279 Ideo
606 1223 663 1274 et
692 1219 957 1275 membra
977 1218 1212 1286 Christi,
1228 1223 1285 1273 et
1301 1217 1586 1290 templum
1604 1234 1814 1273 sumus
1836 1216 2091 1288 Spiritus

440 1308 627 1364 sancti
662 1328 676 1363 :
708 1311 765 1364 et
792 1308 864 1363 ob
894 1307 1002 1363 hoc
1033 1308 1096 1362 B.
1130 1306 1446 1379 Apostolus
1467 1305 1629 1372 dicit,
1674 1306 2003 1374 Gloriﬁcate,
2039 1312 2093 1360 et

438 1403 652 1468 portate
681 1396 852 1452 Deum
883 1398 942 1451 in
972 1412 1193 1468 corpore
1242 1400 1412 1451 vestro
1456 1396 1499 1464 (Ι
1555 1396 1674 1450 Cor.
1709 1412 1786 1461 v1,
1837 1395 1949 1462 20).
1984 1392 2093 1458 Qui

441 1487 692 1541 formam
727 1485 897 1541 nobis
937 1503 1053 1541 suae
1107 1484 1577 1540 mansuetudinis
1632 1488 1690 1539 et
1742 1483 2093 1538 humilitatis

448 1573 779 1643 insinuans,
810 1590 878 1629 ea
910 1591 1016 1630 nos
1031 1573 1243 1629 virtute
1274 1572 1488 1629 imbuit
1509 1572 1648 1644 quia
1675 1572 1942 1642 redemit,
1967 1572 2092 1644 ipso

445 1662 691 1720 Domino
713 1662 1052 1734 pollicente:
1084 1664 1268 1719 Venite
1286 1662 1355 1718 ad
1371 1679 1479 1727 me,
1507 1679 1688 1717 omnes
1711 1664 1805 1733 qui
1835 1661 2096 1716 laboratis

450 1756 501 1807 et
549 1754 764 1808 onerati
813 1754 956 1816 estis,
1015 1761 1066 1807 et
1110 1768 1203 1822 ego
1252 1754 1494 1822 reﬁciam
1544 1767 1654 1805 vos.
1690 1752 1874 1806 Tollite
1894 1753 2095 1822 jugum

449 1858 631 1896 meum
659 1858 824 1913 super
850 1858 961 1907 vos,
993 1840 1061 1896 et‘
1076 1842 1268 1897 discite
1286 1860 1317 1896 α
1336 1857 1423 1895 me
1440 1843 1572 1912 quia
1592 1842 1740 1895 milis
1765 1857 1886 1895 sum
1915 1842 1966 1894 ei
1996 1839 2096 1896 ha-

449 1932 602 1987 milis
645 1930 822 1999 corde,
854 1939 904 1986 et
943 1932 1229 1985 invenietis
1270 1932 1515 2001 requiem
1557 1930 1850 1983 animabus
1908 1931 2099 1984 vestris

452 2019 665 2090 (Matth.
689 2037 765 2088 x1,
798 2021 888 2087 28,
919 2021 1032 2087 29).
1063 2018 1471 2091 Suscipiamus
1520 2034 1656 2091 ergo
1694 2020 1950 2090 regentis
1995 2034 2100 2073 nos

449 2108 838 2181 veritatisnon
854 2124 1025 2181 grave
1043 2124 1149 2163 nec
1166 2124 1436 2179 asperum
1450 2108 1661 2179 jugum
1674 2112 1748 2175 ,et
1765 2107 1951 2163 simus
1973 2109 2101 2178 ejus

452 2192 771 2254 humilitati
803 2196 1047 2265 similes,
1081 2197 1248 2268 cujus
1288 2196 1482 2269 gloria:
1514 2195 1785 2251 volumus
1807 2212 1933 2251 esse
1965 2213 2100 2250 con-

453 2287 671 2344 formes
699 2304 711 2343 :
732 2287 858 2359 ipso
882 2285 1192 2342 auxiliante
1210 2290 1265 2341 et
1283 2286 1631 2356 perducente
1650 2301 1755 2340 nos
1772 2285 1843 2339 ad
1859 2285 2103 2357 promis-

455 2376 651 2433 siones
676 2393 814 2432 suas
850 2374 950 2448 qui
980 2375 1302 2431 secundum
1338 2391 1610 2447 magnam
1639 2368 2101 2429 misericordiam

455 2483 626 2522 suam
655 2469 861 2538 potens
892 2470 980 2521 est
1010 2464 1078 2536 (c)
1103 2468 1337 2536 peccata
1360 2470 1557 2518 nostra
1586 2462 1799 2531 delere,
1841 2468 1897 2518 et
1918 2463 2102 2518 suain

455 2555 625 2610 nobis
638 2554 792 2610 dona
803 2553 1133 2626 perﬁcere,.l
1144 2551 1280 2608 esus
1299 2552 1566 2607 Christus
1584 2552 1871 2607 Dominus
1885 2556 2100 2621 noster,

455 2640 558 2712 qui
588 2641 731 2694 vivit
761 2644 825 2695 ut
852 2644 908 2694 ct
939 2643 1143 2711 regnat
1168 2638 1228 2693 in
1261 2643 1474 2694 saecula
1496 2638 1863 2693 szeculorum.
1896 2641 2098 2694 Amen.

841 2771 1084 2827 διεριΜο
1123 2771 1292 2825 xxw
1331 2771 1464 2842 [Αι.
1507 2771 1677 2826 xxm
1719 2773 1759 2842 ].

906 2862 967 2914 In
997 2861 1291 2915 Nativitate
1320 2860 1540 2915 Domini
1567 2862 1653 2915 ιν.

457 2969 750 3027 SYNOPSIS.
783 2999 850 3007 —
881 2969 987 3021 Per
1014 2965 1165 3021 verbi
1209 2968 1646 3021 incarnationem
1669 2966 1872 3037 ﬁguras
1902 2974 1953 3022 et
1975 2983 2101 3037 pro-

529 3042 819 3096 missiones
838 3055 949 3094 esse
975 3038 1559 3109 comptetas.—ll.Nisi
1579 3038 1718 3092 Deus
1733 3040 1894 3107 fieret
1920 3038 2096 3105 homo,

530 3112 748 3166 nullum
779 3110 1018 3165 hominis
1042 3109 1359 3164 vulneribus
1395 3109 1695 3164 remedium
1712 3125 2005 3181 superesse.
2030 3141 2099 3150 —

2194 592 2338 649 illud
2370 598 2720 649 coaeternum
2783 597 2840 647 et
2880 589 3173 663 coaequale
3203 588 3449 663 genitori
3473 588 3530 643 in
3555 587 3836 645 unitatem

2196 682 2441 738 Deitatis
2469 699 2587 738 suae
2602 685 2671 750 (ε)
2687 685 2959 737 naturam
2982 685 3193 737 nostrae
3208 677 3562 734 humilitatis
3575 694 3841 734 assume-

2197 775 2304 838 ret,
2337 775 2392 826 et
2423 771 2578 827 Deus
2608 771 2678 826 de
2710 771 2824 826 Deo
2857 769 3219 837 natus,idem
3242 766 3420 824 etiam
3450 767 3620 823 homo
3643 767 3716 822 de
3740 767 3844 822 ho-

2197 860 2356 916 mine
2377 863 2737 916 nasceretur.
2764 858 3126 914 Promissum
3145 856 3380 929 quidem
3398 855 3507 911 hoc
3522 872 3555 911 a
3568 855 3848 911 constitu-

2198 949 2354 1004 tione
2385 948 2612 1014 mundi,
2648 952 2711 1003 ut
2741 947 2946 1003 multis
2992 948 3060 1019 (l')
3092 944 3619 1019 signiﬁcationibus
3650 962 3847 1001 rerum

2199 1043 2373 1111 atque
2404 1038 2717 1093 verborum
2750 1052 2981 1109 semper
3029 1036 3220 1090 fuerat
3261 1032 3710 1106 prophetatum;
3744 1035 3846 1091 sed

2199 1132 2480 1199 quantam
2495 1126 2802 1183 hominum
2817 1125 3145 1198 portionem
3158 1123 3355 1195 ﬁgura:
3374 1121 3483 1177 illae
3493 1126 3553 1178 et
3572 1124 3850 1195 mysteria

2200 1215 2549 1272 obumbrata
2566 1213 2884 1271 salvarent!
2906 1213 3021 1268 nisi
3054 1211 3226 1284 longa
3259 1215 3317 1268 et
3353 1209 3851 1282 ocultapromissa

2200 1305 2450 1360 adventu
2484 1320 2591 1359 suo
2616 1301 2844 1359 Christo
2874 1300 3174 1373 impleret;
3206 1302 3282 1371 (g)
3306 1300 3527 1371 etquod
3547 1304 3686 1355 tunc
3704 1316 3849 1373 pau-

2203 1393 2286 1449 cis
2318 1393 2697 1449 credentibus
2729 1391 2950 1462 profuit
2980 1389 3333 1461 faciendum,
3366 1388 3696 1444 innumeris
3720 1389 3850 1460 jam

2205 1482 2481 1538 ﬁdelibus
2511 1481 2816 1553 prodesset
2841 1479 3135 1535 eﬁ‘ectum.
3166 1479 3297 1534 Jam
3329 1494 3465 1551 ergo
3495 1494 3601 1533 nos
3631 1495 3752 1535 non
3784 1478 3857 1533 si-

2202 1571 2335 1644 gnis
2367 1587 2554 1642 neque
2586 1568 2943 1642 imaginibus
2991 1568 3063 1624 ad
3106 1567 3281 1624 ﬁdem
3339 1566 3702 1635 deducimur,
3748 1566 3854 1623 sed

2203 1659 2535 1733 evangelica
2573 1656 2818 1713 historia
2852 1656 3200 1726 conﬁrmati,
3225 1655 3376 1727 quod
3411 1654 3634 1712 factum
3664 1656 3856 1712 credi-

2207 1765 2340 1803 mus
2372 1748 2728 1814 adoramus;
2762 1745 3176 1802 accedentibus
3219 1745 3291 1800 ad
3327 1744 3713 1801 eruditionem
3748 1762 3857 1801 no-

2207 1840 2389 1891 stram
2449 1835 2804 1909 propheticis
2861 1833 3305 1899 instrumentis,
3348 1836 3414 1888 ut
3474 1832 3633 1889 nullo
3678 1836 3857 1891 modo

2209 1924 2531 1979 habeamus
2553 1921 2918 1994 ambiguum,
2952 1921 3106 1993 quod
3141 1920 3320 1977 tantis
3352 1922 3600 1978 oraculis
3630 1924 3859 1981 scimus

2210 2030 2339 2069 esse
2371 2012 2739 2084 praedictum.
2803 2010 2947 2067 Hinc
3013 2010 3169 2066 enim
3229 2014 3319 2065 est
3363 2012 3519 2082 quod
3568 2011 3860 2070 Dominus

2208 2101 2452 2157 Abrahae
2484 2102 2566 2157 ait
2598 2102 2678 2156 :In
2706 2102 2910 2156 semine
2929 2104 3020 2155 tuo
3033 2099 3415 2155 benedicentur
3469 2116 3652 2157 omnes
3674 2107 3863 2174 gentes

2212 2190 2365 2263 (Gen.
2400 2208 2536 2257 XXII,
2564 2191 2671 2258 l8).
2708 2189 2849 2244 [Iino
2882 2188 3062 2244 David
3108 2188 3556 2260 promissionem
3589 2189 3690 2245 Dei
3721 2207 3858 2262 pros

2214 2280 2449 2351 phetico
2482 2279 2692 2351 spiritu
2726 2278 2885 2334 canit
2930 2277 3008 2349 (lt)
3060 2276 3259 2333 dicens
3288 2294 3301 2332 :
3351 2278 3565 2334 Iuravit
3594 2275 3865 2335 Dominus

2213 2369 2384 2425 David
2413 2370 2716 2436 veritatem,
2749 2372 2800 2422 et
2840 2384 2949 2423 non
2978 2367 3341 2437 [rustrabitur
3385 2383 3538 2423 eam:
3572 2368 3645 2423 De
3671 2371 3865 2438 [ructu

2216 2458 2418 2513 ventris
2437 2460 2520 2512 tui
2530 2473 2736 2529 ponam
2749 2472 2901 2525 super
2925 2455 3106 2511 sedem
3122 2458 3274 2510 tuam
3289 2455 3398 2527 (Ps.
3419 2456 3687 2528 nitidi).
3715 2456 3865 2513 llinc

2213 2544 2369 2600 idem
2421 2543 2706 2607 Dominus
2750 2561 2850 2616 per
2880 2543 3114 2607 Isaiam,
3156 2544 3294 2600 ~Ecce
3334 2545 3508 2613 virgo,
3554 2544 3765 2617 inquit.
3802 2548 3863 2601 in

2210 2641 2361 2689 utero
2392 2634 2458 2705 (i)
2488 2634 2713 2705 accipiet
2734 2637 2784 2688 et
2811 2634 2995 2705 pariet
3041 2633 3243 2704 ﬁlium,
3275 2640 3326 2688 et
3350 2633 3617 2689 vocabitur
3654 2650 3861 2690 nomen

2209 2724 2325 2794 ejus
2343 2722 2665 2777 Emmanuel
2700 2739 2713 2777 :
2748 2722 2888 2794 quod
2933 2724 3346 2792 interpretatur,
3392 2722 3685 2780 Nobiscum
3714 2724 3862 2780 Deus

2211 2812 2479 2882 (lsai.vu,
2517 2812 2623 2884 llo).
2656 2813 2726 2867 Et
2750 2811 2963 2867 iterum
3010 2812 3173 2867 Exiet
3220 2812 3375 2882 virga
3394 2810 3461 2867 de
3504 2812 3688 2869 radice
3713 2815 3866 2871 Iesse

2208 2905 2261 2956 et
2276 2900 2451 2970 ﬂosde
2464 2900 2648 2957 radice
2668 2901 2784 2973 ejus
2805 2899 3445 2971 ascendet(lsai.x1,l).ln
3470 2917 3587 2973 qua
3622 2901 3862 2976 virga(j)

2209 3007 2321 3045 non
2358 2990 2534 3046 dubie
2564 2991 2732 3046 beata
2751 2989 2925 3063 Virgo
2949 2989 3134 3045 Maria
3166 2988 3446 3061 praedicta
3473 2994 3579 3058 est,
3615 3007 3741 3063 quae
3787 2992 3863 3047 de

2205 3078 2371 3134 Jesse
2394 3083 2450 3134 et
2473 3078 2650 3133 David
2682 3077 2863 3151 stirpe
2909 3077 3230 3151 progenita,
3282 3082 3338 3133 et
3389 3078 3608 3151 Spiritu
3652 3085 3863 3137 sancto

1384 3155 2107 3237 é§é223i¥dfi5i§5wm
2136 3155 2178 3223 C
2214 3167 2548 3237 fecundata,
2574 3184 2786 3223 novum
2804 3167 3007 3223 ﬂorem
3034 3167 3226 3223 carnis
3247 3169 3343 3223 79
3374 3166 3667 3235 humanae,
3692 3171 3862 3225 utero

534 3255 739 3326 peccati
764 3253 1054 3324 originalis
1079 3260 1353 3326 empertem
1377 3268 1398 3312 ,·
1418 3252 1893 3326 cuiusNativitatis
1922 3254 2105 3326 imago

535 3312 597 3381 in
630 3312 1043 3396 baptism-vate—
1076 3312 1165 3379 1νῖ
1198 3312 1407 3396 ΑὸἼιας
1427 3312 1633 3378 alienos
1661 3312 2104 3396 esselllanichmbs

539 3398 815 3452 Christum
844 3400 1100 3465 negentes
1135 3395 1492 3466 corporaliter
1535 3398 1823 3449 natum.—
1854 3395 1920 3449 V.
1956 3397 2104 3451 Atios

530 3469 811 3526 haereticos
830 3467 1088 3523 nonnihil
1120 3468 1318 3522 habere
1370 3467 1514 3534 sani,
1575 3467 1914 3523 Manichzeos
1956 3468 2102 3522 nihil

527 3556 637 3595 non
671 3541 999 3611 impium.—
1020 3538 1116 3611 γι.
1140 3540 1215 3593 Ab
1242 3539 1467 3592 illorum
1501 3540 1631 3611 [icta
1664 3540 1867 3609 pietate
1905 3555 2099 3593 caven-

527 3611 700 3679 dum,-
730 3609 938 3667 unitati
964 3610 1112 3681 ﬁdei,
1171 3611 1289 3664 sine
1325 3626 1433 3680 qua
1485 3609 1633 3665 nihil
1674 3625 1883 3676 verum,
1926 3611 2101 3665 inhae-

531 3683 763 3739 rendum
791 3699 924 3739 esse.

506 3798 628 3854 ,78
661 3797 793 3853 Car.
832 3799 872 3852 ί.
900 3829 969 3837 -
999 3798 1240 3868 Semper
1283 3796 1545 3868 quidem,
1580 3794 1966 3863 dilectissimi,
2010 3796 2099 3851 di-

452 3885 640 3942 versis
673 3885 861 3940 modis
893 3883 1213 3956 multisque
1269 3883 1562 3939 mensuris
1614 3882 1871 3939 humano
1902 3884 2099 3956 generi

453 3973 531 4045 (ἀ)
553 3972 993 4028 bonitasdivina
1011 3971 1333 4038 conSuluit,
1356 3977 1413 4026 et
1441 3970 1696 4043 plurima
1727 3972 2098 4044 providentiae

453 4078 573 4117 suae
593 4077 835 4116 munera
846 4061 1120 4115 omnibus
1136 4065 1290 4115 retro
1307 4058 1533 4116 saeculis
1551 4059 1866 4116 clementer
1881 4060 2096 4132 imper-

450 4149 546 4205 tiit
570 4149 715 4217 ;_sed
731 4149 788 4203 in
813 4148 1146 4204 novissimis
1160 4148 1525 4220 temporibus
1541 4165 1773 4204 omnem
1792 4148 2096 4203 abundan-

451 4238 595 4294 tiam
618 4236 800 4294 solitas
819 4237 1201 4311 benignitatis
1219 4237 1488 4308 excessit,
1512 4238 1745 4310 quando
1765 4237 1822 4292 in
1841 4236 2092 4294 Christo.

524 4400 600 4469 (a)
630 4404 720 4455 Sic
750 4416 819 4456 ex
841 4416 985 4455 mss.
1028 4399 1087 4454 S.
1127 4399 1281 4454 Petri
1333 4403 1390 4454 et
1438 4397 1628 4471 prima
1664 4397 1940 4455 editione.
1980 4396 2093 4464 Al.,

450 4472 841 4527 intelligenter.

526 4525 601 4614 (Vb)
621 4525 719 4597 ita
733 4525 902 4606 codd,
933 4541 991 4614 S.
1026 4542 1782 4614 Petri,quibusgcongruunt
1811 4556 1955 4595 mss.
1976 4540 2094 4595 col-
2126 4525 2171 4590 D
2204 4525 2341 4614 laus.
2362 4525 2511 4614 Dein

452 4611 643 4669 lecti
680 4619 737 4668 et
776 4616 831 4667 2.
884 4613 1083 4668 Solum
1135 4611 1288 4668 enim
1335 4611 1616 4669 omittunt
1662 4627 1859 4667 vocem
1908 4614 2096 4667 nostra

449 4686 977 4755 quamprazl‘erunt
1006 4683 1104 4738 alii
1138 4685 1366 4740 codices
1386 4689 1443 4739 et
1491 4684 1743 4739 Leouino
1783 4699 1943 4755 more
1975 4682 2091 4737 exi-

447 4752 582 4827 gere
605 4752 830 4809 videtur
849 4756 1216 4826 subsequens
1234 4772 1337 4811 vox
1363 4757 1553 4826 ipsius.
1589 4758 1765 4810 Antea
1794 4752 2095 4879 legebatur

448 4831 509 4879 in
541 4826 715 4879 editis
731 4832 789 4879 et
819 4826 1041 4879 aliuuot
1081 4843 1224 4879 mss.
1253 4844 1265 4879 :
1296 4828 1448 4879 Sicut
1493 4830 1663 4879 factas
1712 4829 1788 4879 est
1879 4826 2094 4879 ominus

448 4826 509 4883 in
541 4826 715 4881 editis
731 4832 789 4881 et
819 4826 1041 4896 aliquot
1081 4843 1224 4882 mss.
1253 4844 1265 4881 :
1296 4828 1448 4882 Sicut
1490 4830 1663 4897 factus
1712 4829 1788 4880 est
1832 4826 2094 4879 Dominus

446 4913 574 4954 caro
602 4906 787 4952 nostra
816 4898 1103 4965 nascendo,
1130 4901 1207 4953 ita
1239 4902 1289 4952 et
1318 4914 1424 4952 non
1440 4900 1574 4964 [acti
1609 4913 1796 4952 smnus
1822 4897 2092 4966 ipsiasre-

445 4967 731 5040 nascendo.
761 4969 897 5024 Post
929 4986 1132 5040 pauca,
1151 4970 1388 5040 Spiritus
1422 4970 1647 5040 Dei,pro
1677 4968 1914 5040 Spiritus
1933 4982 2092 5021 sanc-

448 5042 511 5109 ti,
546 5048 635 5095 est
660 5038 715 5094 in
742 5038 1040 5095 nonnullis
1060 5038 1376 5095 codicibus.

517 5111 587 5184 (ο)
615 5110 754 5167 Cod.
788 5112 846 5167 S.
876 5110 1122 5184 Petri,et
1150 5120 1333 5166 nostra
1351 5183 1358 5184 ί
1367 5114 1585 5184 peccata
1614 5110 1813 5184 delere,
1840 5117 1889 5168 et
1917 5109 2092 5184 suain

442 5179 543 5238 nos
571 5179 716 5239 dona
730 5184 1012 5254 perﬁcere.
1043 5183 1183 5239 Dein
1220 5183 1279 5237 in
1311 5179 1607 5253 aliquibUs
1637 5182 1827 5251 codd.,
1869 5194 1970 5255 per
2012 5179 2118 5233 inv

443 5255 606 5325 ﬁnita
640 5256 842 5311 saecula
864 5255 1212 5325 saeculorum.

442 5322 590 5450 ἐλᾷ)
627 5326 735 5381 Ms.
768 5326 826 5381 S.
861 5322 1012 5382 Petri
1045 5342 1109 5381 ac
1143 5325 1309 5393 Bon.,
1342 5328 1398 5379 et
1435 5322 1625 5395 prima
1656 5322 1852 5389 editio,
1888 5329 2091 5384 veritas

482 5411 653 5450 zvzna.

510 5437 821 5539 ῐὲῖῖἓλιίτιυί
871 5468 1037 5523 codd.
1092 5467 1216 5521 Vat.
1263 5471 1322 5521 et
1367 5465 1528 5532 Bon.,
1563 5480 1629 5518 ac
1660 5464 1852 5534 prima
1882 5469 2084 5540 editio,

440 5539 750 5593 materiam.
1700 5562 1707 5566 -

507 5608 576 5686 (Γ)
611 5609 729 5669 Duo
761 5610 818 5667 S.
842 5609 991 5669 Petri
1022 5612 1078 5668 et
1098 5625 1253 5671 unus
1272 5608 1425 5681 Vat,
1447 5607 1866 5685 signationibus.

2214 3256 2451 3329 quidem
2483 3260 2766 3323 materno,
2798 3256 2900 3312 sed
2933 3259 3101 3328 partu
3132 3260 3220 3312 est
3249 3255 3421 3311 enixa
3450 3256 3728 3329 virgineo.

2283 3344 2415 3400 CAP.
2443 3344 2585 3400 ll.—
2609 3343 2909 3399 Exsultent
2936 3360 3072 3416 ergo
3094 3343 3168 3416 (lc)
3191 3343 3339 3416 justi
3358 3344 3416 3398 in
3451 3344 3862 3412 Domino,etin

2209 3432 2444 3489 laudem
2474 3433 2573 3488 Dei
2607 3434 2781 3488 corda
2798 3431 3188 3499 credentium,
3210 3436 3268 3488 et
3285 3432 3553 3488 mirabila
3569 3433 3698 3503 ejus
3720 3451 3862 3491 con-

2211 3523 2485 3578 ﬁteantur
2516 3521 2616 3577 ﬁlii
2648 3521 2955 3577 hominum
2992 3538 3005 3588 ;
3039 3520 3320 3593 quoniam
3340 3521 3399 3577 in
3429 3521 3537 3578 hoc
3568 3523 3860 3596 praecipue

2207 3611 2271 3681 (ι)
2299 3611 2397 3666 Dei
2429 3627 2602 3683 opere
2630 3609 2936 3666 humilitas
2956 3614 3157 3666 nostra
3178 3611 3708 3684 cognoscit,quauti
3726 3629 3859 3670 eam

2208 3715 2354 3755 suus
2382 3699 2649 3755 conditor
2678 3698 3113 3762 aastimarit.0ui
3144 3715 3278 3755 cum
3322 3699 3532 3773 origini
3585 3701 3857 3760 humanae

2208 3786 2461 3843 multum
2492 3788 2735 3856 dederit,
2755 3789 2912 3861 quod
2928 3805 3033 3851 nos
3063 3789 3135 3843 ad
3166 3789 3485 3861 imaginem
3512 3807 3681 3847 suam
3699 3792 3853 3863 fecit,

2208 3876 2559 3949 reparationi
2585 3882 2795 3933 nostra:
2811 3877 2982 3958 longe
3001 3876 3254 3949 amplius
3273 3879 3640 3943 tribuit,cum
3658 3882 3855 3938 servili

2209 3965 2546 4037 formmipse
2577 3982 2638 4020 se
2671 3965 2954 4021 Dominus
2978 3965 3568 4037 coaptavit.Quamvis
3594 3968 3754 4025 enim
3785 3989 3856 4027 ex

2207 4054 2654 4125 unaeademque
2684 4053 2895 4126 pietate
2915 4054 3012 4121 sit,
3045 4053 3331 4126 quidquid
3364 4060 3645 4112 creaturae
3678 4058 3852 4116 Crea-

2207 4146 2299 4198 tor
2328 4143 2634 4215 impendit,
2668 4143 2865 4200 minus
2895 4149 3090 4199 tamen
3114 4144 3329 4200 mirum
3343 4151 3431 4200 est
3460 4146 3760 4205 hominem
3779 4152 3852 4205 ad

2205 4231 2399 4287 divina
2410 4232 2711 4303 proﬁcere,
2727 4249 2901 4304 quam
2919 4232 3100 4288 Deum
3121 4233 3191 4288 ad
3207 4233 3467 4290 humana
3478 4235 3853 4296 descendere.

2376 4390 2553 4480 (I‘Jnus'
2577 4406 2718 4480 mss.
2754 4390 2996 4480 S.'l’etri
3029 4395 3085 4447 et
3114 4391 3316 4480 prima
3332 4394 3531 4465 editio,
3551 4399 3815 4480 lut‘quod.‘

2275 4463 2351 4532 (h)
2371 4462 2786 4549 Supplevimus
2806 4462 2990 4549 dicens
3004 4481 3069 4549 ex
3103 4462 3325 4549 aliqth
3356 4462 3567 4549 uisset
3580 4462 3852 4549 editioni—

2204 4534 2334 4587 bus.
2369 4534 2511 4588 Dein
2587 4534 2733 4588 rima
2763 4534 2938 4589 editio
2967 4551 2979 4589 :
3010 4534 3224 4591 Juravit
3257 4538 3521 4594 Dominus
3566 4541 3853 4597 veritatem

2202 4603 2394 4686 David,
2440 4551 2579 4659 Cod?
2724 4604 2908 4686 “Petri,
2948 4607 3171 4686 .luravit
3190 4608 3473 4686 Dominus,
3492 4618 3544 4665 et
3598 4627 3710 4666 non
3732 4629 3853 4686 pae-

2201 4675 2393 4730 nitebit
2422 4692 2545 4730 eum
2574 4693 2587 4730 :
2619 4677 2693 4730 De
2709 4678 2896 4746 fructu
2926 4679 3127 4733 ventris
3153 4681 3239 4734 tui
3260 4696 3469 4750 ponam
3486 4698 3653 4753 super
3671 4675 3853 4739 sedem

2201 4761 2400 4801 meam.

2274 4834 2341 4913 (ᾖ)
2517 4838 2654 4913 Bon.
2689 4835 3168 4913 etprimaeditio,
3190 4841 3477 4913 concipiet.
3512 4841 3846 4898 Moxincod

2201 4908 2257 4986 ξ.
2290 4905 2463 4986 Petri,
2484 4905 2910 4986 .tvpcabunt’pro
2932 4910 3208 4986 vocabitur
3231 4914 3261 4986 P7
3280 4905 3427 4967 et‘in
3458 4912 3692 4969 duobus
3717 4915 3848 4986 ejus

2204 4975 2337 5050 deni
2373 4975 2647 5050 basilicae,
2669 4975 2809 5050 quod
2834 4982 2911 5032 est
2942 4981 3379 5050 interpretatum.

2273 5046 2340 5126 (j)
2373 5046 2435 5100 In
2466 5046 2694 5127 duobus
2728 5048 2853 5127 Vat.
2879 5053 2945 5127 _e_t
2964 5046 3268 5127 uno—Bon,
3300 5069 3409 5108 non
3438 5054 3663 5127 dubium
3682 5056 3840 5127 quod.

2201 5114 2620 5191 Pri’ma‘editio,
2654 5134 2764 5191 non
2793 5119 2953 5191 dubie
2982 5121 3139 5191 quod.
3169 5114 3294 5178 Du'o
3324 5141 3466 5180 mss.
3516 5130 3572 5180 S.
3606 5114 3761 5183 Petri
3791 5134 3850 5184 et

2201 5204 2355 5265 unus
2375 5187 2537 5265 _Vat.,
2570 5205 2681 5265 non
2709 5190 2954 5265 dubium,
2988 5187 3108 5247 sine
3134 5195 3293 5265 quod.

2271 5258 2740 5341 (lt)'l}etinuimus
2776 5259 3083 5341 lectionem
3128 5258 3329 5341 prima:
3377 5266 3669 5341 editionis,
3714 5284 3845 5341 qua:

2200 5344 2343 5412 mss.
2380 5330 3087 5412 LectionariisS_.__Petriet
3116 5330 3284 5412 codd.
3319 5338 3543 5412 collect.
3576 5330 3845 5412 compro-

2198 5400 2392 5482 batur.
2418 5400 2490 5482 In
2512 5402 2736 5482 caeteris
2756 5403 2928 5482 editis
2958 5407 3016 5460 et
3043 5421 3185 5462 mss.
3206 5408 3619 5466 desiderantur
3643 5400 3879 5482 verba”

2188 5472 2331 5542 justi
2359 5472 2420 5525 in
2451 5473 2698 5542 Domino,
2731 5478 2802 5528 et.

2268 5542 2332 5629 ᾳ)
2360 5541 2627 5629 Quinque
2647 5550 2882 5629 .mss.net
2911 5546 3102 5629 prima
3126 5548 3342 5629 _ed_itio.
3382 5552 3498 5610 diei
3525 5568 3703 5629 opere,
3738 5555 3842 5614 sed

2196 5614 2369 5675 antea
2398 5614 2771 5687 scribendum
2804 5614 2996 5691 fuerit,
3029 5620 3089 5679 in
3118 5618 3302 5698 hujus.
