4098 6188
400 386 407 393 ,
484 311 601 381 2H

1602 316 1666 382 S.
1712 315 1994 384 LEONIS
2038 313 2288 384 MAGNI
2332 316 2779 385 SERMONES.

3771 313 3885 380 213

482 451 675 508 manis
700 468 760 508 se
780 453 1047 525 coeptare
1071 451 1425 525 primordiis,
1442 456 1497 507 ct
1518 452 1651 509 licet
1674 455 1977 526 conceptui
2005 455 2122 527 spi-
2156 454 2211 521 Α
2240 453 2406 511 diens
2429 471 2616 528 usque
2638 456 2710 511 ad
2730 450 3133 522 crucem,t‘ecit
3152 450 3288 510 utin
3321 450 3448 526 ipso
3479 450 3878 509 omnesviviﬁ-

480 541 631 598 ritali
661 540 821 597 nulla
845 541 962 597 sint
991 541 1203 597 terreni
1235 541 1477 598 seminis
1509 543 1691 597 mixta
1723 544 2011 617 contagia,
2045 545 2118 600 ad

473 630 908 703 suscipiendam
921 635 1116 686 tamen
1138 648 1282 688 verae
1306 632 1498 685 carnis
1522 633 1911 688 substantiam
1936 633 2121 689 solam

474 718 787 792 (a)sumere
800 719 869 775 de
884 724 1065 776 matre
1078 724 1217 775 natu
1227 720 1381 775 ram?
1399 720 1513 775 Hac
1529 721 1825 789 missione,
1847 739 1963 794 qua
1978 727 2125 779 Deus

480 807 685 864 unitus
707 811 829 865 eest
844 808 1090 877 homini,
1114 807 1295 865 Filius
1325 809 1518 881 impar
1537 815 1620 865 est
1647 810 1821 879 Patri,
1844 811 2041 867 nonin
2060 829 2126 868 eo

478 898 635 970 quod
656 914 724 953 ex
744 898 933 963 Patre,
951 898 1051 953 sed
1076 898 1133 952 in
1155 914 1220 953 eo
1239 898 1393 970 quod
1419 903 1507 953 est
1539 900 1727 955 factus
1771 917 1837 955 ex
1867 900 2123 956 homine.

478 986 892 1059 Equalitatem
913 987 1091 1052 enim,
1107 1004 1282 1059 quam
1298 987 1691 1043 inviolabilem
1713 988 1889 1044 habet
1910 989 2123 1055 Deitas,

484 1092 600 1131 non
621 1076 879 1147 corrupit
903 1075 1269 1145 humanitas;
1294 1080 1351 1131 et
1379 1076 1667 1132 Creatoris
1699 1077 1770 1133 ad
1802 1081 2129 1133 creaturam

484 1163 944 1230 descensio,cred
954 1164 1067 1220 enti
1078 1181 1174 1219 um
1189 1168 1277 1219 est
1288 1165 1358 1219 ad
1372 1169 1586 1220 aeterna
1599 1166 1614 1237 (
1623 1166 2133 1237 b)provectio.Nam

485 1255 617 1325 quia
637 1251 787 1307 sicut
816 1252 899 1308 ait
924 1252 1260 1325 Apostolus,
1276 1256 1334 1308 in
1354 1256 1628 1326 sapientia
1653 1256 1750 1310 Dei
1767 1257 2131 1327 noncognovit

483 1343 721 1398 mundus
732 1360 833 1415 per
859 1345 1189 1414 sapientiam
1218 1345 1408 1407 Deum,
1440 1344 1652 1415 placuit
1688 1345 1792 1400 Deo
1819 1361 1919 1416 per
1946 1346 2128 1400 stulti-

482 1435 622 1486 tiam
642 1432 1057 1503 praedicationis
1067 1434 1241 1487 salvos
1260 1433 1444 1502 facere
1463 1433 1739 1488 credentes
1754 1433 1801 1505 (I
1818 1433 1939 1489 Cor.
1960 1452 1998 1501 1,
2014 1434 2128 1507 21).

485 1519 703 1575 Mundo
720 1536 879 1593 ergo,
897 1521 953 1575 id
978 1525 1065 1575 est
1082 1521 1467 1593 prudentibus
1488 1522 2012 1593 mundi,sapientia
2024 1540 2132 1580 sua

480 1608 707 1665 caecitas
736 1608 886 1665 facta
911 1613 1019 1676 est,
1036 1626 1138 1664 nec
1153 1614 1581 1682 potueruntper
1600 1609 1761 1665 illam
1785 1627 2132 1684 cognoscere

482 1701 686 1767 Deum,
720 1699 791 1753 ad
824 1698 925 1755 86
963 1699 1134 1769 cujus
1164 1698 1434 1754 notitiam
1467 1716 1582 1755 non
1610 1700 1723 1754 nisi
1757 1700 1813 1754 in
1847 1700 2133 1773 sapientia

477 1787 605 1858 ejus
634 1787 939 1843 acciditur.
975 1789 1042 1843 Et
1070 1787 1198 1843 ideo
1231 1788 1370 1860 quia
1433 1790 1692 1844 mundus
1747 1788 1816 1844 de
1874 1788 2132 1846 vanitate

480 1893 722 1933 suorum
754 1877 1094 1950 dogmatum
1116 1876 1510 1948 superbiehat,
1528 1878 1585 1932 in
1605 1894 1670 1932 eo
1698 1879 2002 1933 constituit
2022 1879 2130 1934 Do-

386 1998 391 2003 ’
480 1964 1109 2021 minussalvandorum
1129 1966 1327 2031 fidem,
1342 1966 1497 2037 quod
1520 1965 1895 2039 etindignum
1910 1967 2129 2024 videre-

478 2057 576 2112 tur
588 2057 644 2109 et
654 2052 897 2109 stultum
909 2053 1479 2126 ,ut(c)deflcientihus
1496 2071 1589 2110 om
1600 2053 1772 2111 nibus
1783 2055 2128 2128 opinionum

480 2142 1058 2215 praesumptionibus,
1092 2142 1219 2198 sola
1270 2142 1365 2199 Dei
1413 2142 1603 2214 gratia
1653 2142 1932 2200 revelaret
1971 2146 2127 2218 quod

478 2231 968 2304 comprehendere
1000 2231 1261 2287 humana
1289 2230 1680 2304 intelligentia
1708 2249 1825 2288 non
1853 2232 2087 2290 valeret.

548 2320 1141 2392 Caram—Agnoscat
1159 2320 1340 2392 igitur
1359 2318 1645 2375 catholica
1668 2321 1812 2376 fides
1846 2322 1905 2377 in
1939 2322 2128 2378 humi-

475 2407 637 2466 litate
654 2408 882 2464 Domini
906 2408 1150 2481 gloriam
1176 2425 1365 2475 suam,
1388 2412 1445 2463 et
1474 2408 1545 2463 de
1567 2408 1775 2465 salutis
1798 2426 1915 2465 sua:
1933 2428 2126 2467 sacra-

477 2498 694 2556 mentis
724 2497 977 2570 gaudeat
1007 2497 1286 2562 Ecclesia,
1319 2514 1446 2568 quze
1478 2514 1692 2569 corpus
1722 2502 1811 2553 est
1858 2500 2072 2556 Christi
2108 2518 2121 2557 :

476 2587 619 2658 quia
636 2586 751 2641 nisi
762 2586 1015 2641 Verbum
1036 2585 1280 2641 Deicaro
1296 2585 1458 2639 ﬁeret
1477 2590 1533 2640 et
1550 2586 1839 2642 habitaret
1857 2588 1915 2643 in
1933 2589 2124 2656 nobis,

482 2674 597 2730 nisi
619 2674 680 2730 in
701 2673 1175 2729 communionem
1194 2676 1467 2727 creaturae
1489 2673 1725 2728 Creator
1739 2674 1864 2744 ipse
1885 2675 2125 2732 descen-

482 2763 731 2829 deret,et
750 2765 1096 2817 vetustatem
1116 2760 1438 2816 humanam
1457 2761 1525 2815 ad
1544 2777 1753 2816 novum
1772 2763 2125 2835 principium

481 2867 592 2906 sua
620 2848 921 2905 nativitato
953 2852 1266 2915 revocaret,
1301 2852 1567 2920 regnaret
1610 2866 1767 2905 mors
1817 2850 1888 2905 ab
1940 2853 2124 2908 Adam

485 2939 660 3011 (Rom.
693 2955 747 2992 v.
774 2938 860 3009 14)
881 2953 1068 3009 usque
1101 2937 1161 2993 in
1182 2937 1378 3005 finem,
1403 2941 1461 2992 et
1497 2954 1675 3011 super
1703 2955 1906 2995 omnes
1936 2940 2124 2997 homi-

484 3008 589 3084 nes
600 3008 1005 3083 condemnatio
1022 3024 1355 3081 insolubilis
1368 3008 1752 3096 permaneret,
1772 3043 1905 3084 cum
1917 3029 1987 3084 de
2002 3029 2127 3087 sola

480 3115 811 3172 conditione
839 3113 1138 3182 nascendi,
1163 3130 1281 3169 una
1311 3114 1536 3170 cunctis
1565 3119 1719 3170 esset
1757 3131 1934 3172 causa
1992 3134 2120 3189 per-

478 3205 677 3262 eundi.
711 3203 881 3259 Solus
929 3203 1126 3275 itaque
1157 3202 1311 3258 inter
1339 3201 1467 3258 ﬁlos
1499 3202 1807 3259 hominum
1839 3204 2122 3263 Dominus

476 3294 651 3351 Jcsus
680 3293 961 3349 innocens
995 3294 1167 3346 natus
1192 3294 1301 3359 est,
1336 3292 1473 3363 quia
1519 3291 1683 3348 solus
1715 3292 1840 3349 sine
1870 3295 2122 3353 carnalis

478 3381 957 3454 concupiscentia;
970 3379 1284 3452 pollutione
1297 3382 1808 3453 conceptus.Factu
1818 3399 1914 3439 ses
1923 3384 2120 3442 thomo

477 3470 661 3528 nostri
683 3470 934 3544 generis,
959 3475 1023 3524 ut
1046 3485 1149 3523 nos
1175 3467 1381 3523 divinae
1413 3472 1632 3525 naturae
1667 3471 1964 3542 possimus
1992 3491 2120 3531 esse

477 3558 1094 3632 consortes.0rigincm
1117 3574 1293 3630 quam
1316 3557 1645 3631 sumpsitin
1670 3564 1831 3616 utero
1852 3560 2117 3634 virginis,

474 3650 670 3723 posuit
691 3650 749 3704 in
770 3648 927 3704 fonte
947 3646 1324 3718 baptismatis
1350 3664 1363 3702 :
1388 3646 1548 3702 dedit
1568 3664 1751 3720 aquae,
1777 3651 1930 3721 quod
1956 3651 2119 3707 dedit

474 3737 649 3794 matri
674 3756 688 3805 ;
709 3737 895 3792 virtus
917 3735 1075 3791 enim
1091 3734 1378 3790 Altissimi
1400 3740 1457 3789 et
1477 3736 1848 3792 obumbratio
1865 3739 2117 3809 Spiritus

471 3825 659 3881 sancti
681 3826 830 3896 (Luc.
855 3841 895 3890 1,
917 3823 1033 3893 35),
1053 3839 1180 3894 qua:
1205 3821 1339 3877 fecit
1363 3826 1426 3877 ut
1446 3822 1629 3878 Maria
1658 3830 1889 3895 pareret
1916 3826 2113 3884 Salva-

472 3917 679 3983 torem,
708 3912 912 3968 eadem
943 3911 1081 3967 facit
1108 3914 1175 3965 ut
1219 3914 1518 3982 regeneret
1549 3912 1706 3967 unda
1757 3914 2111 3972 credentem.

471 4001 620 4068 Quid
643 4005 838 4057 autem
856 3998 1134 4055 sanandis
1146 3998 1748 4070 zegris,illuminandis
1766 4004 1953 4070 caecis,
1972 4004 2113 4059 vivi-

470 4089 718 4146 ﬁcandis
748 4087 996 4143 mortuis
1029 4087 1222 4159 aptius
1244 4087 1372 4156 fuit,
1398 4104 1572 4159 quam
1597 4093 1662 4144 ut
1685 4091 1971 4163 superbiae
1992 4093 2114 4148 vul-

468 4194 612 4233 nera
655 4174 1007 4232 humilitatis
1038 4175 1311 4231 remediis
1340 4178 1721 4232 curarentur?
1751 4179 1933 4235 Adam
1965 4197 2109 4253 pra:-

467 4270 635 4339 cepta
665 4264 767 4322 Dei
796 4262 1118 4338 negligens,
1145 4264 1365 4336 peccati
1388 4263 1618 4320 induxit
1647 4266 2105 4339 damnationem;

464 4355 638 4412 Jesus
653 4356 842 4411 factus
863 4354 976 4410 sub
992 4352 1117 4426 lege
1139 4353 2109 4425 reddiditjustitiaelihertatem.llle

463 4443 695 4500 diabolo
707 4444 1119 4516 obtemperans
1131 4442 1399 4514 usquead
1417 4444 1970 4515 praevaricationem,
1990 4464 2108 4504 me-

2232 545 2635 600 carentur.llle
2664 544 2914 618 cupidus
2944 544 3183 600 honoris
3213 541 3479 616 angelici,
3504 546 3726 597 naturas
3759 557 3879 598 sua:

2232 634 2484 705 perdidit
2511 634 2884 705 dignitatem;
2915 633 3011 690 hic
3049 631 3406 688 inﬁrmitatis
3445 634 3655 687 nostrai
3686 629 3876 687 susci-

2234 722 2400 794 piens
2430 723 2841 789 conditionem,
2868 728 3102 796 propter
3122 738 3270 794 quos
3287 722 3358 777 ad
3380 719 3608 776 inferna
3637 721 3879 776 descen-

2234 812 2582 873 dit,eosdem
2608 812 2665 866 in
2691 811 3025 868 ccelestibus
3047 810 3669 868 collocavit.Postremo
3687 808 3772 863 illi
3789 825 3889 881 per

2236 900 2552 957 elationem
2586 900 2749 972 lapso
2782 900 3003 956 dictum
3035 905 3123 956 est
3155 917 3168 956 :
3208 901 3371 955 Terra
3400 915 3476 966 es,
3507 901 3556 954 et
3595 899 3657 953 in
3683 902 3892 953 terram

2237 990 2342 1044 ibis
2373 988 2582 1062 (Genes.
2612 1007 2699 1055 III,
2733 991 2834 1056 19;
2869 989 3004 1044 huic
3036 1005 3140 1062 per
3168 987 3591 1059 subjectionem
3641 986 3895 1042 exaltato

2238 1078 2462 1134 dictum
2493 1083 2581 1134 est
2600 1096 2613 1133 :
2635 1078 2767 1134 Sede
2785 1096 2816 1133 a
2833 1078 3038 1133 dextris
3057 1080 3214 1146 meis,
3236 1077 3405 1133 donec
3411 1092 3617 1149 ponam
3636 1076 3893 1131 inimicos

2240 1175 2356 1222 tuos
2380 1167 2676 1221 scabellum
2691 1167 2890 1239 pedum
2918 1170 3134 1222 tuorum
3163 1167 3275 1238 (Ps.
3297 1182 3412 1231 cxx,
3440 1165 3510 1237 1).

2311 1255 2553 1311 CAP.VI.
2575 1287 2644 1295 —
2665 1260 2796 1311 Haec
2822 1254 3051 1311 Domini
3074 1254 3257 1311 nostri
3280 1271 3477 1327 opera,
3491 1252 3893 1321 dilectissimi,

2240 1359 2357 1398 non
2390 1343 2579 1399 solum
2613 1348 2981 1400 sacramento
3016 1342 3185 1399 nobis
3218 1341 3386 1398 utilia
3402 1347 3560 1409 sunt,
3577 1341 3680 1397 sed
3712 1341 3894 1397 etiam

2240 1432 2587 1488 imitationis
2608 1432 2890 1504 exemplo,
2898 1432 2956 1510 si
2978 1433 3040 1488 in
3070 1431 3443 1504 disciplinam
3474 1431 3604 1504 ipsa
3636 1430 3901 1486 remedia

2240 1523 2688 1585 transferantur,
2713 1522 2988 1594 quodque
3018 1521 3353 1594 impensum
3375 1524 3464 1576 est
3480 1520 3556 1592 (d)
3575 1518 3899 1591 mysteriis,

2242 1608 2427 1682 prosit
2458 1615 2516 1665 et
2547 1610 2810 1666 moribus
2845 1628 2858 1667 :
2896 1611 2990 1667 81
3028 1616 3093 1666 ut
3143 1607 3590 1665 meminerimus
3635 1608 3818 1664 nobis
3843 1608 3900 1664 in

2241 1697 2571 1754 humilitate
2603 1704 2661 1754 et
2683 1700 3133 1755 mansuetudine
3149 1698 3552 1770 Redemptoris
3565 1696 3757 1753 nostri
3774 1714 3903 1754 esse

2161 1820 2209 1886 Β
2241 1787 2550 1843 vivendum
2574 1804 2587 1843 :
2613 1788 2913 1860 quoniam,
2929 1788 3079 1843 sicut
3099 1785 3528 1860 aitApostolus,
3549 1789 3601 1842 si
3628 1789 3901 1858 compati-

2235 1894 2381 1943 mur,
2396 1885 2449 1932 et
2464 1878 2914 1946 conregnabimus
2931 1878 2948 1949 (
2957 1878 3349 1944 Rom.vm,16).
3371 1876 3629 1931 Faceres
3644 1875 3719 1946 (ε)
3734 1876 3899 1932 enim

2237 1964 2602 2038 appellamur
2616 1964 2953 2033 Christiani,
2966 1965 3015 2020 si
3041 1965 3364 2021 imitatores
3382 1981 3496 2020 non
3515 1964 3709 2019 simus
3728 1963 3897 2020 Chri-

2237 2054 2334 2120 sti,
2350 2054 2449 2125 qui
2470 2054 2600 2109 ideo
2622 2070 2684 2110 se
2712 2053 2866 2109 viam
2888 2054 3033 2109 dixit
3052 2070 3181 2110 esse
3202 2055 3378 2127 (Joan.
3402 2071 3517 2125 xxv,
3536 2052 3616 2125 6),
3652 2057 3722 2108 ut
3754 2069 3902 2110 con-

2234 2144 2483 2200 versatio
2496 2144 2650 2217 magi
2659 2141 3690 2216 strimsitformadiscipulis,etillam
3704 2142 3905 2198 humi-

2233 2231 2458 2288 litatem
2489 2231 2667 2305 eligat
2697 2247 2921 2298 servus,
2956 2248 3134 2305 quam
3166 2236 3425 2288 sectatus
3455 2233 3545 2287 est
3574 2230 3897 2300 Dominus;

2238 2321 2339 2392 qui
2371 2320 2513 2377 vivit
2541 2324 2598 2377 et
2626 2325 2833 2394 regnat
2859 2321 2920 2376 in
2949 2320 3162 2376 saecula
3191 2319 3560 2377 saeculorum.
3594 2322 3819 2376 Amen.

2634 2464 2876 2520 SERMO
2915 2463 3086 2520 XXVI
3126 2464 3233 2535 [AL
3261 2463 3453 2534 XXV].

2626 2552 2702 2624 (g)
2732 2555 2796 2608 In
2823 2553 3118 2608 Nativitate
3146 2553 3368 2608 Domini
3394 2552 3489 2608 VI.

2235 2640 2534 2696 Srsorsrs.
2559 2671 2625 2682 —
2654 2645 2700 2695 Ι.
2725 2642 3043 2697 Nativitatis
3058 2649 3110 2697 et
3130 2642 3391 2713 infantia
3403 2641 3604 2697 Christi
3615 2640 3899 2713 mysteria

2302 2728 2609 2783 numquam
2636 2729 2747 2768 non
2775 2728 2885 2769 esse
2909 2712 3210 2768 recolenda.
3238 2744 3308 2752 -—
3329 2714 3379 2768 ll
3409 2712 3723 2777 Ecclesium,
3757 2712 3901 2768 dum

2307 2782 2511 2838 Christi
2528 2790 2707 2838 ortum
2734 2792 3044 2850 veneratur,
3062 2801 3124 2839 su
3134 2802 3226 2839 um
3240 2783 3530 2852 celebrare.
3545 2815 3612 2825 —
3636 2783 3731 2839 Ill.
3752 2784 3896 2852 Quae

2302 2855 2378 2908 sit
2396 2871 2513 2980 me:
2533 2870 2697 2937 quam
2714 2856 2970 2938 Christus
2997 2856 3118 2910 sine
3143 2856 3595 2938 seminenascens
3615 2857 3897 2938 tergitur.

2305 2956 2373 2964 —
2476 2967 2488 2978 .
2514 2927 2617 2980 Qui
2640 2925 2786 2980 ﬁlius
2806 2930 2907 2980 Dei
2938 2935 3035 2980 est.
3067 2927 3241 2980 Deum
3270 2930 3538 2980 imitetur.
3568 2927 3664 2980 Dei
3680 2931 3897 2980 aratra:

2305 2956 2373 2964 —
2396 2925 2488 2980 IV.
2514 2927 2619 2994 Qui
2637 2925 2786 2995 ﬁlius
2806 2928 2911 2982 Dei
2938 2935 3035 2990 est,
3067 2927 3241 2982 Deum
3270 2928 3538 2990 imitetur,
3568 2927 3666 2981 Dei
3679 2928 3902 2997 gratia:

2307 2997 2908 3068 voluntatiqueserviat.
2928 3029 2993 3038 --
3018 2999 3071 3053 ν.
3086 2999 3302 3053 Natalis
3320 2999 3560 3066 Domini,
3579 2998 3802 3054 natalis
3817 3001 3899 3054 est

2299 3069 2471 3139 pacis.
2494 3069 2617 3123 Pax
2643 3068 2839 3124 mundi
2866 3076 2915 3123 et
2940 3069 3234 3125 electorum
3262 3068 3466 3141 qualis.

2153 3186 2196 3253 (ἶ
2306 3206 2441 3263 CAP.
2476 3211 2518 3262 Ι.
2551 3240 2620 3247 -
2650 3207 2937 3264 Omnibus
2967 3208 3205 3281 quidem
3233 3208 3459 3275 diebus,
3485 3208 3901 3278 dilectissimi,

2231 3299 2405 3368 atque
2436 3295 2819 3369 temporibus,
2842 3297 3056 3353 animis
3087 3296 3343 3353 fidelium
3370 3297 3567 3353 divina
3589 3298 3902 3355 meditan-

2230 3383 2378 3440 tium
2415 3384 2639 3440 Domini
2672 3390 2729 3441 et
2760 3384 3075 3442 Salvatoris
3110 3386 3292 3442 nostri
3323 3401 3391 3441 ex
3424 3389 3607 3441 matre
3637 3384 3899 3459 Virgine

2228 3476 2391 3528 ortus
2422 3472 2766 3541 occurrit,ut
2792 3490 2956 3529 mens
2978 3474 3049 3529 ad
3068 3473 3494 3530 confessionem
3508 3473 3598 3530 sui
3619 3475 3903 3533 auctoris

2227 3562 2565 3629 erecta,sive
2582 3562 2638 3616 in
2653 3562 2872 3635 gemitu
2891 3562 3354 3635 supplicationis,
3375 3562 3494 3619 sive
3513 3563 3589 3635 (h)
3613 3562 3671 3618 in
3692 3563 3903 3620 exsul-

2226 3650 2447 3706 tatione
2480 3649 2691 3718 landis,
2716 3651 2835 3707 sive
2868 3651 2929 3706 in
2959 3651 3230 3707 sacrificii
3261 3650 3557 3707 oblatione
3589 3657 3897 3709 versetur.

2225 3737 2368 3793 nihil
2398 3739 2750 3811 crebrius,(i)
2765 3737 3311 3811 nihilqueﬁdentius
3334 3738 3583 3812 spiritali
3620 3740 3902 3815 attingat

2224 3826 2464 3893 intuitu,
2480 3843 2657 3898 quam
2677 3828 2830 3898 quod
2854 3827 3006 3883 Deus
3019 3826 3118 3883 Dei
3136 3826 3337 3896 Filius,
3354 3826 3586 3900 genitus
3605 3827 3679 3883 de
3711 3826 3902 3886 Patre

2224 3914 2696 3982 coaeterno,idem
2733 3916 2907 3972 etiam
2938 3920 3105 3989 partu
3131 3921 3221 3972 est
3244 3922 3419 3971 natus
3450 3915 3734 3972 humano.
3767 3918 3901 3974 Sed

2221 4003 2371 4059 hanc
2392 4003 2749 4059 adorandam
2766 4003 2824 4059 in
2844 4004 2987 4061 caelo
3014 4009 3070 4060 et
3092 4005 3151 4059 in
3183 4009 3337 4060 terra
3358 4004 3722 4060 nativitatem
3745 4005 3899 4061 nul-

2221 4090 2313 4146 lus
2327 4091 2495 4147 nobis
2507 4090 2631 4147 dies
2643 4092 2831 4164 magis
2844 4108 3023 4163 quam
3037 4090 3902 4163 hodiernusinsinu’at,et{nova

2219 4180 2393 4235 etiam
2418 4180 2477 4234 in
2507 4178 2817 4236 elementis
2838 4179 2965 4236 luce
2987 4180 3311 4253 radiante,(
3311 4182 3362 4252 j)
3375 4196 3570 4235 coram
3595 4179 3897 4239 sensibus

2218 4269 2436 4323 nostris
2466 4267 2751 4324 mirabilis
2770 4269 3117 4324 sacramenti
3144 4268 3355 4341 ingerit
3374 4267 3724 4323 claritatem.
3745 4268 3897 4327 Non

2217 4355 2407 4413 solum
2443 4355 2600 4411 enim
2624 4357 2681 4411 in
2720 4357 3085 4425 memoriam,
3110 4357 3213 4413 sed
3234 4356 3295 4413 in
3331 4361 3706 4428 conspectum
3731 4371 3899 4428 quo-

2216 4445 2532 4501 dammodo
2554 4445 2705 4500 redit
2724 4444 2914 4518 angeli
2938 4444 3224 4502 Gabrielis
3248 4462 3383 4501 cum
3395 4444 3575 4500 Matia
3595 4448 3896 4517 stupente

462 4530 579 4587 ruit
599 4537 665 4587 ut
700 4531 761 4587 in
810 4531 937 4604 ipso
971 4547 1173 4587 omnes
1195 4534 1560 4585 morerentur
1592 4548 1605 4599 ;
1641 4531 1732 4587 hic
1792 4532 1943 4588 Patri
1970 4537 2105 4592 ohe-
2136 4554 2183 4618 Ι)
2212 4532 2734 4605 colloquium,(k)et
2748 4534 3048 4605 conceptio
3062 4534 3357 4606 deSpiritu
3371 4538 3572 4589 sancto
3586 4536 3708 4588 tam
3723 4533 3897 4591 mire

552 4660 609 4724 (ι)
640 4656 834 4711 Prima
862 4654 1060 4721 editio,
1090 4656 1343 4726 sumpsit.

555 4728 608 4793 b)
628 4728 720 4782 Sic
746 4742 815 4782 ex
836 4743 977 4782 mss.
1012 4727 1071 4781 S.
1092 4726 1242 4781 Petri
1270 4731 1327 4780 et
1349 4726 1538 4797 prima
1565 4726 2105 4796 editione.Al.,sub-

458 4797 668 4870 veCtio,
699 4797 763 4853 In
809 4813 926 4852 uno
975 4798 1099 4852 cod.
1131 4797 1284 4870 Vat,
1306 4797 1574 4870 subvectio
1608 4813 1622 4853 :
1654 4801 1805 4870 quia,
1838 4802 1980 4857 sicut
2026 4812 2108 4860 ait

456 4869 757 4995 spostolus,
790 4884 901 4923 non
929 4870 1177 4938 cognovit
1205 4868 1295 4923 hic
1338 4869 1576 4923 mundus
1616 4868 1719 4940 per
1772 4874 2105 4944 sapientiam

503 4956 647 4995 eum.

503 4956 647 4995 eum.

550 5011 599 5082 c)
628 5010 1106 5082 Conjunctionem
1120 5008 1243 5065 etin
1258 5009 1430 5064 editis
1446 5009 1726 5082 insertam
1744 5016 1878 5069 ante
1900 5031 2100 5071 vocem

452 5081 846 5149 deﬁcientibus,
880 5081 1201 5138 delevimus
1256 5081 1602 5137 auctoritate
1624 5099 1734 5139 ms.
1769 5090 1825 5139 S.
1859 5085 2014 5141 Petri
2044 5092 2101 5142 et

451 5154 621 5211 codd.
647 5153 777 5210 Vat.
814 5153 1036 5209 collect.
1063 5154 1095 5207 4
1123 5158 1178 5207 et
1206 5153 1261 5206 5.

542 5224 600 5293 ά)
629 5224 806 5281 Codd.
839 5225 897 5279 S.
931 5223 1102 5290 Petri,
1134 5224 1478 5293 mysterium.

542 5228 600 5293 ἀ)
629 5228 806 5281 Codd.
839 5228 897 5279 S.
931 5228 1102 5290 Petri,
1134 5228 1478 5293 mysterium.

489 5228 592 5377 ,ξω
607 5298 745 5353 Tres
766 5296 958 5364 codd.,
983 5299 1169 5351 autem
1197 5312 1300 5367 pro
1324 5296 1503 5355 enim;
1529 5297 1587 5349 et
1605 5294 1765 5362 dein,
1783 5312 1970 5352 sumus
1991 5314 2094 5370 pro

446 5381 639 5420 simus.

511 5438 579 5505 (f)
610 5437 693 5491 lta
712 5454 781 5492 ex
811 5454 955 5493 mss.
989 5438 1046 5492 S.
1080 5436 1252 5491 Petri.
1280 5440 1421 5489 item
1442 5434 1511 5505 in
1546 5435 2095 5505 ms.Vat.collect.5

441 5504 1017 5579 habeturdz'scipulzs.
1057 5509 1192 5562 Erat
1222 5507 1279 5579 in
1299 5504 1507 5579 editis,
1539 5507 1719 5579 forma
1748 5513 1882 5579 esset
1928 5511 2092 5566 disci-

437 5577 578 5646 puli,
598 5581 648 5630 et
671 5577 828 5631 illam
851 5577 1223 5634 humilitatem
1234 5577 1451 5646 eligeret
1469 5592 1676 5631 servus.
1698 5578 1840 5636 Dein
1862 5579 1918 5635 in
1941 5598 2089 5638 mss.

438 5647 497 5702 S.
521 5646 711 5709 Petri;
732 5649 839 5716 Qui
869 5652 999 5705 vivit
1029 5659 1080 5705 et
1110 5652 1299 5720 regnat
1328 5664 1452 5702 cum
1480 5648 1586 5703 Deo
1613 5653 1783 5724 .Patre
1832 5655 2083 5724 omnipo-

2214 4662 2358 4715 tente
2377 4662 2429 4714 et
2451 4658 2660 4728 Spiritu
2688 4661 2872 4714 sancto
2902 4661 2963 4713 in
2989 4660 3197 4716 saecula
3223 4660 3573 4716 saeculorum.
3595 4658 3895 4716 Amenln

2214 4730 2382 4785 codd.
2419 4729 2545 4784 Vat.
2592 4728 2812 4785 collect.
2848 4731 2920 4785 4:
2956 4731 3062 4799 Qui
3108 4732 3243 4786 vivit
3281 4738 3331 4785 et
3378 4738 3567 4801 regnat
3609 4745 3737 4785 cum
3763 4731 3894 4788 Deo

2210 4802 2380 4926 Patre;
2408 4802 2468 4855 in
2492 4802 2705 4857 unitate
2725 4801 2967 4873 Spiritus
2985 4804 3160 4857 sancti
3181 4805 3323 4857 Deus
3341 4816 3445 4874 per
3459 4801 3644 4857 omnia
3663 4802 3899 4859 saecula

2212 4887 2359 4926 saecu
2382 4887 2561 4926 orum.

2212 4887 2561 4929 saeculorum.

2283 4944 2359 5013 (9)
2386 4943 2466 5015 ᾼΜο
2499 4943 2556 4998 S-
2587 4941 2734 4997 Peiri
2759 4959 2772 4997 ε
2786 4942 2975 5015 Sermo
2989 4943 3047 4998 5.
3071 4944 3267 4998 Leonis
3292 4957 3463 5015 papae
3482 4949 3668 4998 centra
3690 4941 3897 5000 haere-

2208 5015 2340 5070 ticos
2361 5013 2426 5069 de
2444 5015 2738 5070 Nalivitate
2765 5014 3004 5069 Domini.

2282 5086 2360 5156 (h)
2392 5085 2548 5140 Idem
2579 5084 2759 5139 codex
2788 5085 2845 5140 S.
2881 5085 3032 5140 Petri
3044 5126 3057 5156 .
3091 5087 3151 5141 in
3180 5085 3538 5156 exultatione.

2280 5153 2343 5227 (ί)
2375 5159 2462 5227 ηιμ
2492 5171 2626 5222 cum
2643 5156 2857 5218 Queen.
2880 5172 3021 5227 mss.
3036 5155 3095 5210 s.
3115 5156 3287 5212 Petri.
3303 5154 3636 5212 Anteriorcs
3651 5153 3891 5213 editio-

2208 5241 2332 5290 nes,
2365 5226 2615 5296 nihilque
2644 5228 2818 5296 magis
2849 5226 3096 5296 ﬁdenter.

2238 5298 2342 5421 t(j)
2375 5297 2547 5420 lidit\i,
2583 5298 2769 5421 gotum.
2795 5295 2980 5370 Magis
2998 5297 3217 5370 placuit
3246 5296 3417 5354 lectio
3448 5313 3593 5353 mss.
3618 5296 3679 5352 S.
3704 5295 3895 5356 Petri

2290 5384 2467 5421 unius
2528 5384 2626 5421 ia.

2204 5384 2261 5424 Θῐι
2290 5384 2467 5422 unius
2508 5384 2626 5421 ναι.

2274 5439 2352 5509 (Ic)
2376 5438 2459 5511 ita
2479 5438 2810 5511 emendavit
2839 5439 3201 5505 Quesnellus,
3226 5438 3456 5495 nullum
3494 5454 3606 5495 ms.
3628 5437 3892 5511 signiti-

2203 5526 2362 5584 cans.
2383 5509 2861 5584 Emendationem
2881 5515 2932 5566 et
2959 5514 3233 5584 conceptio
3262 5511 3597 5567 invenimus
3624 5509 3886 5584 in:i_ns_s.

2200 5588 2256 5635 ὃ.
2291 5579 2439 5635 Petri
2472 5585 2530 5634 et
2557 5580 2690 5636 aliis
2720 5581 2887 5636 codd.
2913 5599 2927 5649 ;
2960 5579 3183 5638 additio
3213 5588 3411 5638 antem
3443 5597 3652 5637 vocum
3682 5580 3892 5640 Hodie

2201 5654 2351 5707 enim
2370 5651 2526 5707 estin
2545 5668 2687 5707 mss.
2710 5651 2935 5709 collect.
2958 5655 3011 5713 5.
3034 5655 3167 5710 Erat
3188 5655 3247 5709 in
3262 5652 3437 5710 editis
3453 5669 3589 5709 cum
3617 5652 3799 5724 quibu
3812 5669 3897 5722 8_
