4098 6188
253 358 357 429 213

1662 340 1951 437 saeuo
1990 351 2206 438 xxvi.

3522 357 3651 444 ω
3674 340 3675 345 Ν

252 503 533 580 promissa
571 488 750 580 quam
795 503 1034 564 credita.
1067 503 1249 564 Hodie
1265 502 1423 565 enim
1454 513 1661 566 auctor
1681 511 1886 566 mundi
1914 511 1987 576 Αν
2069 513 2197 570 Csp.
2224 510 2320 569 ΙΙΙ.
2369 540 2436 555 --
2483 490 2756 569 Nascitur
2787 527 2942 587 ergo,
2991 510 3381 586 dilectissimi,
3420 532 3537 572 non
3569 516 3641 573 de

250 596 426 654 editus
441 601 533 653 est
557 601 722 653 utero
742 595 1033 670 virginali,
1060 602 1116 652 et
1145 596 1245 671 qui
1269 613 1474 655 omnes
1487 603 1728 657 naturas
1751 618 1889 658 con-

1998 602 2191 659 carnis
2210 602 2452 670 semine,
2488 602 2587 658 sed
2602 601 2671 659 de
2692 601 2911 676 Spiritu
2930 609 3130 660 sancto
3152 604 3433 675 Salvator,
3469 621 3642 678 quem

251 687 401 751 didit,
434 687 569 758 ejus
600 691 690 743 est
730 688 922 744 factus
972 686 1151 743 Filius
1203 703 1381 758 quam
1431 690 1661 745 creavit.
1708 691 1915 753 Hodie
1998 692 2198 763 primae
2241 690 2724 763 transgressionis
2764 693 3169 749 condemnatio
3226 711 3340 751 non
3388 696 3631 751 teneret.

245 772 492 833 Verbum
529 777 626 833 Dei
649 778 748 834 88
793 794 965 832 carne
1009 776 1281 849 apparuit
1310 776 1608 847 vestitum,
1641 784 1697 835 et
1728 783 1883 852 quod

244 884 543 939 nunquam
567 867 679 922 fuit
707 867 984 923 humanis
1005 864 1190 922 oculis
1222 864 1472 937 visibile,
1506 870 1679 942 cmpit
1709 870 1882 927 etiam

242 956 511 1011 manibus
532 971 661 1011 esse
686 954 1003 1011 tractabile.
1020 956 1201 1012 Hodie
1221 962 1300 1028 (α)
1314 958 1577 1030 genitum
1594 960 1652 1013 in
1672 965 1883 1016 nostrze

241 1045 424 1100 carnis
436 1045 766 1117 animaeque
779 1045 1112 1100 substantia
1123 1044 1215 1101 Sal
1225 1052 1475 1103 vatorem
1492 1047 1773 1121 angelicis
1788 1066 1882 1104 vo-

240 1134 397 1189 cibus
419 1133 680 1189 didicere
700 1136 961 1206 pastores
986 1138 1071 1202 ;et
1086 1136 1239 1208 apud
1265 1135 1703 1192 Dominicorum
1736 1155 1880 1210 pra:-

239 1222 384 1279 sules
396 1239 648 1296 gregum
674 1222 844 1278 hodie
862 1223 1291 1297 evangelizandi
1330 1226 1513 1281 forma
1527 1227 1881 1298 przecondita

242 1318 351 1370 est:
399 1316 469 1366 ut
498 1329 608 1367 nos
641 1328 872 1384 quoque
913 1330 1045 1368 cum
1071 1314 1325 1370 caelestis
1360 1315 1579 1371 militia:
1613 1315 1879 1372 dicamus

244 1400 513 1457 exercitu:
542 1401 725 1457 Gloria
744 1403 802 1456 in
822 1402 1049 1458 excelsis
1082 1403 1203 1467 Deo,
1235 1406 1286 1459 et
1312 1405 1371 1458 in
1393 1411 1540 1459 terra
1565 1422 1680 1476 pax
1709 1404 1880 1461 homi-

244 1491 387 1546 nibus
418 1489 883 1545 bonevoluntatis
904 1490 1052 1562 (Luc.
1078 1509 1142 1558 II,
1167 1491 1274 1563 14).

307 1580 432 1635 CAP.
459 1579 589 1634 11-
610 1578 887 1642 Quamvis
930 1579 1110 1651 igitur
1129 1579 1231 1636 illa
1258 1581 1507 1637 infantia
1529 1598 1705 1654 quam
1725 1582 1876 1639 Fillii

252 1669 333 1725 Dei
354 1686 465 1724 non
488 1672 581 1724 est
596 1667 910 1740 dedignata
941 1669 1238 1740 maiestas,
1262 1671 1322 1725 in
1344 1670 1533 1726 virum
1555 1672 1874 1743 perfectum

258 1759 417 1814 etatis
433 1754 757 1831 adjectione
782 1763 1048 1830 provecta
1061 1759 1637 1829 sit,etconsummato
1653 1762 1877 1833 passio-

206 1878 219 1887 -
260 1848 335 1904 nis
350 1852 401 1903 et
419 1846 867 1903 resurrectionis
886 1846 1205 1920 triumpho,
1240 1866 1445 1905 omnes
1469 1855 1751 1922 susceptae
1766 1868 1871 1924 pro
1906 1884 1954 1949 Β

262 1938 400 1993 nobis
419 1936 766 1992 humilitatis
784 1936 1125 1993 transierint
1140 1937 1663 2003 actiones,renovat
1676 1944 1870 1996 tamen

262 2027 400 2082 nobis
413 2024 996 2082 hodiernafestivitas
1025 2027 1146 2082 nati
1176 2026 1315 2083 Jesu
1351 2045 1419 2082 ex
1434 2028 1618 2084 Maria
1634 2029 1872 2101 Virgine

263 2115 976 2189 sacraprimordia;etdum
995 2115 1310 2172 Salvatoris
1342 2117 1525 2172 nostri
1556 2119 1871 2176 adoramus

262 2203 896 2272 ortum,invenimurnos
909 2208 1172 2261 nostrum
1186 2205 1477 2262 celebrare
1491 2206 1867 2280 principium.

264 2294 524 2351 Generatio
536 2293 691 2350 enim
707 2293 923 2349 Christi
941 2292 1100 2367 origo
1118 2298 1208 2350 est
1223 2294 1419 2367 populi
1454 2296 1789 2365 Christiani,
1814 2301 1870 2353 et

262 2383 435 2439 natalis
450 2383 652 2456 capitis
675 2381 891 2438 natalis
912 2386 999 2437 est
1020 2382 1714 2455 corporis.Habeantlicet
1745 2387 1863 2441 sin-

262 2470 356 2544 geli
370 2471 569 2544 quique
598 2475 936 2527 vocatorum
956 2470 1218 2526 ordinem
1244 2489 1441 2533 suum.
1458 2477 1512 2528 et
1535 2491 1737 2529 omnes
1756 2475 1866 2530 Ec-

263 2560 412 2616 clesiae
441 2560 536 2615 filii
557 2564 890 2632 temporum
914 2559 1031 2616 sint
1048 2561 1419 2617 successione
1436 2561 1717 2631 distincti,
1743 2565 1868 2619 uni-

262 2654 395 2705 versa
410 2654 593 2705 tamen
612 2665 852 2705 summa
864 2649 1309 2717 fidelium,fonte
1326 2655 1451 2705 orta
1469 2652 1865 2724 baptismatis,

265 2739 386 2793 sicut
405 2755 530 2793 cum
550 2737 782 2794 Christo
812 2738 872 2792 in
904 2737 1176 2810 passione
1211 2739 1491 2806 crucifixi,
1515 2740 1572 2795 in
1606 2758 1865 2816 resurre-

265 2826 420 2881 ctione
438 2826 847 2893 resuscitati,in
873 2827 1210 2882 ascensione
1247 2828 1315 2882 ad
1359 2829 1653 2884 dexteram
1680 2831 1865 2887 Patris

267 2913 595 2981 collocati,ita
616 2932 753 2970 cum
785 2913 911 2987 ipso
931 2914 1004 2988 (b)
1027 2920 1166 2971 sunt
1195 2916 1252 2970 in
1269 2915 1378 2972 hac
1401 2917 1698 2974 nativitate
1729 2937 1865 2975 con-

267 3003 603 3076 geniti.Quisq
613 3003 704 3059 uis
714 3003 871 3059 enim
884 3002 1191 3059 hominum
1204 3003 1263 3059 in
1278 3021 1649 3077 quacumque
1660 3009 1865 3064 mundi

267 3096 399 3162 parte
421 3093 770 3159 credentium
803 3098 1179 3165 regeneratur
1209 3093 1266 3148 in
1300 3094 1553 3160 Christo,
1588 3096 1865 3153 interciso

266 3179 522 3251 originalis
544 3182 777 3237 tramite
794 3182 1341 3248 vetustatis,transit
1367 3184 1426 3238 in
1460 3200 1672 3239 novum
1687 3184 1868 3241 homi-
1917 3227 1920 3231 .

1999 781 2300 853 Undeipsa
2312 780 2505 837 collati
2526 781 2786 837 muneris
2800 782 3141 854 magnitudo
3157 783 3393 857 dignam
3421 801 3455 841 a
3468 783 3637 840 nobis

1996 870 2173 944 exigit
2211 888 2316 927 suo
2350 870 2656 944 splendore
2689 872 3089 926 reverentiam.
3125 873 3254 927 Ideo
3280 873 3458 941 enim,
3483 874 3638 929 sicut
3706 912 3723 925 .

1993 961 2201 1017 beatus
2222 960 2612 1032 Apostolus(f)
2630 961 2815 1031 docet,
2840 976 2947 1016 non
2968 963 3416 1034 spiritunrhujus
3444 960 3647 1019 mundi

1991 1053 2315 1122 accepimus,
2347 1050 2438 1105 sed
2457 1050 2710 1121 spiritum
2732 1051 2829 1120 qui
2846 1066 2918 1105 ea:
2932 1052 3038 1106 Deo
3058 1058 3157 1117 est,
3190 1055 3248 1105 at
3265 1053 3500 1107 sciamus
3522 1069 3641 1123 quae

1990 1156 2023 1194 a
2053 1141 2157 1194 Deo
2178 1140 2378 1195 donata
2398 1148 2525 1195 sunt
2546 1140 2700 1195 nobis
2721 1141 2767 1204 (Ι
2795 1138 2916 1194 Cor.
2942 1157 3006 1207 II,
3032 1139 3118 1210 l2)
3146 1157 3158 1195 :
3190 1142 3299 1205 QUI
3325 1157 3436 1197 NON
3473 1140 3640 1197 aliter

1991 1229 2082 1300 pie
2113 1229 2342 1292 colitur,
2396 1228 2507 1283 nisi
2558 1228 2613 1283 id
2664 1227 2713 1284 ei
2747 1229 2900 1300 quod
2936 1228 3059 1300 ipse
3089 1228 3295 1284 tribuit
3331 1229 3628 1285 offeratur.

1989 1317 2069 1380 Qu
2082 1318 2219 1389 id{g)
2244 1322 2438 1373 autem
2456 1317 2511 1371 in
2530 1316 2801 1373 thesauro
2816 1317 3128 1374 Dominiczn
3143 1317 3432 1391 largitatis
3449 1318 3519 1374 ad
3536 1317 3637 1375 ho-

1989 1423 2187 1462 norem
2221 1406 2526 1479 praesentis
2554 1405 2686 1461 festi
2715 1409 2835 1461 tam
2868 1422 3192 1478 congruum
3212 1407 3635 1479 possumusin—

1987 1494 2203 1559 venire,
2228 1511 2403 1566 quam
2445 1511 2666 1566 pacem,
2699 1512 2825 1567 qua:
2851 1494 2909 1549 in
2931 1493 3233 1551 nativitate
3253 1496 3482 1551 Domini
3516 1495 3632 1569 pri-

1986 1580 2085 1639 ma
2113 1582 2480 1655 eseangelico
2503 1584 2812 1655 praadicata
2834 1583 3164 1639 concentu?
3196 1589 3328 1657 Ipsa
3356 1584 3511 1641 enim
3540 1588 3630 1642 est

1988 1690 2112 1745 qua:
2142 1673 2295 1745 parit
2327 1672 2474 1728 filios
2516 1673 2638 1739 Dei,
2685 1673 2881 1728 nutrix
2930 1672 3256 1729 dilectionis
3286 1677 3344 1730 et
3372 1674 3627 1747 genitrix

1985 1762 2227 1818 unitatis
2247 1781 2261 1830 ;
2278 1761 2508 1833 requies
2525 1762 2851 1829 beatorum,
2879 1766 2936 1818 et
2953 1761 3293 1819 aeternitatis
3314 1762 3623 1820 habitacu-

1985 1850 2108 1907 lum
2130 1870 2143 1920 ;
2159 1852 2329 1922 cujus
2347 1851 2453 1906 hoc
2467 1867 2612 1922 opus
2628 1851 2926 1923 proprium
2940 1857 2995 1907 et
3011 1851 3261 1925 speciale
3274 1852 3625 1909 beneficium

1982 1945 2091 2008 est,
2122 1945 2186 1995 ut
2206 1935 2420 2012 jungat
2442 1940 2557 1995 Deo
2598 1956 2745 2012 quos
2787 1940 3037 1995 secernit
3081 1940 3152 1995 de
3184 1941 3427 1997 mundo.
3461 1941 3629 2011 Unde

1980 2029 2291 2103 Apostolus
2312 2030 2383 2085 ad
2407 2028 2516 2085 hoc
2537 2028 2757 2083 bonum
2791 2045 2897 2084 nos
2930 2027 3152 2097 incitat,
3185 2028 3383 2086 dicens
3412 2047 3425 2086 :
3450 2032 3625 2087 Justi-

1981 2119 2135 2189 ﬁcati
2153 2135 2278 2189 ergo
2308 2136 2378 2173 ea:
2406 2119 2528 2189 ﬁde,
2560 2134 2750 2189 pacem
2792 2117 3088 2173 habeamus
3119 2118 3190 2173 ad
3242 2120 3409 2175 Deam
3449 2121 3622 2189 (Rom.

1979 2226 2034 2275 v,
2070 2207 2123 2277 vl)
2177 2208 2358 2278 Cujus
2381 2207 2680 2263 sententiae
2702 2206 2982 2262 brevitate
3013 2206 3278 2262 omnium
3311 2207 3427 2263 fere
3457 2225 3624 2265 man-

1980 2297 2248 2353 datorum
2271 2295 2604 2351 continetur
2623 2295 2861 2350 effectus
2888 2312 2901 2349 :
2926 2293 3066 2366 quia
3095 2312 3195 2351 UBI
3226 2312 3434 2351 FUERIT
3464 2278 3622 2352 veni-

1978 2389 2069 2441 tas
2093 2385 2271 2456 pacis,
2307 2382 2453 2438 nihil
2482 2382 2561 2438 ibi
2594 2386 2784 2455 potest
2817 2383 3018 2439 deesse
3038 2384 3291 2443 virtutis.
3325 2384 3473 2449 Quid
3506 2389 3617 2456 est,

1978 2477 2195 2539 autem,
2228 2470 2614 2538 dilectissimi,
2651 2487 2851 2542 pacem
2895 2470 3107 2527 habere
3157 2472 3226 2527 ad
3270 2472 3477 2541 Deum,
3506 2473 3620 2531 nisi

1976 2561 2123 2618 velle
2144 2560 2298 2633 quod
2324 2560 2512 2631 jubet,
2547 2563 2603 2614 et
2637 2557 2788 2615 nolle
2819 2561 2974 2631 quod
3026 2560 3337 2632 prohibet?
3368 2561 3428 2617 Si
3460 2562 3619 2620 enim

1977 2651 2246 2706 humanae
2279 2648 2549 2704 amicitiae
2580 2665 2749 2721 pares
2771 2648 3068 2704 animoset
3091 2647 3311 2705 similes
3341 2654 3619 2722 expetunt

1976 2740 2324 2805 voluntates,
2361 2754 2465 2793 nec
2497 2754 2780 2809 umquam
2814 2737 3118 2793 diversitas
3150 2754 3379 2793 morum
3413 2739 3485 2795 ad
3519 2740 3616 2796 flr-

1978 2845 2131 2883 mam
2158 2831 2343 2900 potest
2374 2827 2671 2899 pervenire
2703 2826 3617 2899 concordiam,quomododivinm

1977 2917 2266 2990 particeps
2297 2916 2407 2971 erit
2438 2915 2617 2987 pacis,
2646 2904 2818 2971 cuica
2850 2914 3081 2987 placent
3109 2931 3234 2987 qua:
3259 2919 3369 2971 Deo
3412 2915 3618 2989 displi-

1978 3010 2130 3073 cent,
2162 3011 2217 3061 et
2247 2996 2320 3061 iis
2369 3005 2590 3076 appetit
2612 3004 2883 3059 delectari
2907 3004 3123 3076 quibus
3154 3003 3320 3059 illum
3344 3004 3503 3061 novit
3531 3007 3619 3061 of-

1978 3095 2132 3151 fendi
2160 3094 2323 3150 ?Non
2352 3099 2441 3149 est
2472 3094 2581 3149 iste
2611 3094 2845 3147 animus
2870 3092 3124 3148 filiorum
3155 3093 3273 3162 Dei,
3308 3111 3413 3150 nec
3441 3093 3618 3153 talem

1977 3182 2325 3257 sapientiam
2347 3182 2837 3255 reeipitadoptiva
2853 3182 3351 3239 nobilitas.Genus
3370 3182 3618 3241 electum

265 3284 371 3324 nem
389 3270 727 3341 renascendo
752 3287 888 3332 :nec
898 3271 1020 3341 jam
1043 3269 1102 3325 in
1127 3273 1444 3345 propagine
1461 3273 1712 3329 habetur
1732 3291 1861 3330 car-
1893 3252 1936 3319 (ἶ
1976 3262 2031 3329 et
2062 3271 2772 3344 regium,regenerationis
2794 3288 2911 3326 suae
2945 3272 3293 3344 respondeat
3322 3271 3613 3343 dignitati,

261 3356 386 3412 nalis
400 3358 586 3430 patris,
618 3359 721 3414 sed
736 3358 793 3413 in
819 3358 1082 3431 germine
1095 3360 1433 3430 Salvatoris,
1453 3361 1552 3434 qui
1569 3362 1694 3419 ideo
1708 3362 1863 3419 filius

258 3441 475 3502 hominis
503 3452 589 3504 est
636 3447 847 3516 factus,
883 3452 950 3503 ut
980 3465 1087 3504 nos
1118 3448 1219 3503 filii
1252 3448 1354 3505 Dei
1386 3467 1513 3505 csse
1543 3452 1860 3522 possimus.

255 3532 357 3589 Nisi
383 3537 524 3592 enim
555 3536 653 3593 ille
702 3537 775 3592 ad
808 3554 915 3592 nos
948 3536 1055 3593 hac
1098 3536 1429 3595 humilitate
1461 3540 1857 3609 descenderet,

254 3638 399 3680 nemo
421 3626 486 3680 ad
502 3625 670 3681 illum
690 3625 828 3682 ullis
850 3626 974 3682 suis
992 3626 1216 3681 meritis
1239 3627 1743 3698 perveniret.Nihil
1768 3630 1863 3685 hic

254 3716 551 3770 vocatorum
566 3715 1123 3787 cordibuscaliginis
1153 3714 1363 3771 inferat
1398 3719 1865 3790 terrenasupien-

260 3800 442 3868 tia,nec
460 3821 517 3859 se
533 3809 736 3860 contra
756 3803 1129 3860 altitudinem
1153 3804 1352 3878 gratiae
1376 3806 1640 3874 Dei,mox
1664 3806 1721 3862 in
1747 3808 1868 3863 ima

256 3889 536 3960 rediturus,
567 3898 935 3949 terrenarum
968 3892 1387 3966 cogitationum
1406 3894 1594 3967 pulvis
1618 3896 1864 3952 attollat.

260 3976 534 4051 lmpletum
553 3985 643 4037 est
662 3980 719 4035 in
740 3981 854 4035 fine
877 3981 1222 4050 saeculorum
1238 3984 1393 4055 quod
1416 3988 1539 4039 erat
1556 3988 1689 4040 ante
1723 3990 1867 4041 tem-

258 4080 380 4135 pora
398 4072 598 4124 aeterna
626 4068 983 4141 dispositum
1010 4088 1023 4138 ;
1064 4075 1120 4127 et
1152 4072 1262 4127 sub
1294 4073 1603 4144 praesentia
1648 4091 1867 4140 rerum,

256 4152 787 4227 signiscessantibus
803 4159 1061 4232 figurare
1073 4159 1248 4226 m,lex
1267 4165 1322 4216 et
1340 4161 1645 4234 prophetia
1656 4163 1869 4219 veritas

258 4241 387 4299 facta
404 4250 485 4302 est
504 4264 516 4302 :
538 4247 908 4303 utAbraham
928 4248 1090 4304 fieret
1111 4248 1375 4305 omnium
1395 4250 1660 4323 gentium
1685 4256 1868 4323 pater,

257 4333 310 4384 et
333 4330 383 4387 in
410 4334 622 4391 semine
652 4337 784 4408 ejus
801 4336 1040 4392 daretur
1071 4338 1293 4392 mundo
1316 4339 1607 4410 promissa
1632 4340 1870 4395 benedi-

256 4420 356 4476 ctio
377 4440 391 4490 ;
412 4440 507 4480 nec
527 4424 587 4480 hi
602 4429 836 4480 tantum
850 4430 1044 4481 essent
1067 4425 1136 4498 (c)
1156 4425 1605 4500 Israelitm,quos
1628 4428 1871 4502 sanguis

255 4512 307 4562 ct
330 4526 446 4568 caro
472 4514 791 4586 genuisset,
824 4515 927 4569 sed
960 4514 1019 4569 in
1050 4514 1480 4586 possessionem
1513 4516 1872 4574 haereditatis

1973 3362 2177 3434 diligat
2201 3361 2356 3432 quod
2388 3360 2581 3433 diligit
2598 3365 2782 3431 pater,
2806 3363 2863 3416 et
2883 3358 2941 3414 in
2958 3358 3119 3415 nullo
3138 3360 3209 3415 ab
3240 3363 3474 3416 auctore
3507 3376 3615 3417 suo

1973 3450 2299 3515 dissentiat,
2335 3467 2405 3504 ne
2453 3449 2667 3506 iterum
2715 3449 2871 3503 dicat
2897 3448 3218 3504 Dominus:
3251 3450 3419 3506 Filios
3447 3451 3618 3519 genui

1972 3540 2300 3605 clamitavi,
2325 3540 2433 3609 ipsi
2451 3546 2633 3593 autem
2654 3540 2973 3608 spreverant
2991 3553 3094 3592 me.
3115 3539 3343 3605 Agnovit
3374 3539 3461 3594 bos
3487 3554 3615 3611 pos-

1971 3644 2228 3684 sessorem
2263 3644 2443 3692 suum,
2477 3630 2529 3682 ct
2557 3626 2750 3681 uisi-nas
2774 3640 3018 3696 praesepe
3043 3624 3255 3705 domini
3283 3627 3375 3681 sui
3395 3643 3417 3688 ;
3447 3625 3619 3682 Israel

1976 3722 2153 3773 autem
2181 3733 2266 3772 mc
2292 3732 2400 3771 non
2431 3716 2698 3786 cognovit,
2750 3719 2802 3769 ci
2830 3715 3063 3786 populus
3100 3730 3250 3770 meas
3280 3731 3365 3771 me
3392 3731 3506 3772 non
3535 3717 3619 3771 in-

1978 3807 2186 3863 tellexit
2208 3808 2357 3877 (Isai.
2378 3823 2417 3873 1,
2440 3808 2497 3875 2,
2523 3806 2593 3877 3).

2049 3895 2182 3951 CAP.
2216 3895 2308 3950 1V.
2334 3925 2399 3933 —
2422 3894 2698 3967 Magnum
2729 3899 2834 3959 est,
2859 3890 3247 3960 dilectissimi,
3282 3893 3461 3964 hujus
3492 3910 3623 3949 mu-

1980 3982 2134 4038 neris
2166 3986 2621 4046 sacramentum,
2646 3986 2702 4036 et
2732 3980 2927 4036 omnia
2954 3980 3107 4036 dona
3136 3980 3359 4037 excedit
3386 3981 3496 4038 hoc
3527 3982 3628 4038 do-

1980 4089 2143 4137 num,
2167 4075 2229 4126 ut
2250 4076 2395 4126 Deus
2418 4069 2714 4125 hominem
2737 4068 3128 4137 vocetfilinm,
3164 4074 3220 4125 et
3239 4069 3414 4126 homo
3438 4071 3625 4127 Deum

1980 4160 2244 4216 nominet
2274 4163 2527 4231 patrem:
2551 4176 2652 4230 per
2666 4158 2775 4214 has
2807 4159 2962 4215 enim
3005 4158 3425 4230 appellationes
3448 4159 3627 4216 senti-

1979 4253 2076 4304 tur
2095 4253 2151 4304 et
2173 4247 2420 4302 dismtur
2440 4245 2573 4318 quis
2600 4247 2670 4302 ad
2695 4250 2917 4302 tantam
2949 4245 3320 4303 altitudinem
3350 4249 3629 4305 ascendat

1981 4326 2240 4395 affectus.
2266 4337 2411 4392 Nam
2444 4335 2491 4392 si
2516 4335 2572 4390 in
2598 4336 2873 4409 progenie
2903 4334 3119 4392 carnali
3149 4338 3205 4391 et
3233 4336 3414 4408 stirpe
3452 4340 3627 4392 terre-
3686 4408 3699 4419 ι

1981 4445 2056 4483 na
2075 4428 2177 4483 90
2194 4425 2367 4482 claris
2390 4424 2731 4499 parentibus
2762 4423 2989 4497 genitos
3018 4424 3159 4480 vitia
3187 4423 3352 4479 mala:
3381 4428 3637 4481 conver-'

1980 4516 2225 4573 sationis
2256 4516 2591 4580 obscurant,
2623 4517 2679 4569 et
2701 4514 2827 4587 ipso
2843 4514 3130 4584 majorum
3146 4513 3627 4571 suorumlumine

258 4594 1245 4689 fideifiliispraeparatzemniversitas
1262 4604 1869 4676 adoptionisintraret.
1906 4626 1954 4689 ι)
1982 4604 2211 4662 soboles
2242 4605 2484 4677 indigna
2512 4603 2930 4670 confunditur;
2982 4601 3039 4657 in
3072 4618 3248 4674 quem
3279 4603 3500 4659 exitum
3535 4620 3629 4660 ve-

263 4683 420 4760 8.((1)
439 4689 548 4747 Nec
570 4691 882 4763 obtrepant
902 4691 1235 4765 ineptarum
1258 4692 1566 4749 calumnia:
1599 4696 1871 4768 quaestio-

264 4787 501 4845 num,nec
520 4778 763 4836 effectus
786 4778 968 4835 divini
1001 4780 1192 4853 operis
1225 4781 1591 4839 ratiocinatio
1612 4783 1875 4841 humana

264 4854 505 4922 discutiat
522 4886 535 4935 ;
555 4885 661 4924 nos
691 4885 831 4924 eum
862 4868 1156 4924 Abraham
1178 4869 1475 4926 credimus
1498 4871 1748 4941 Deo,nec
1763 4862 1875 4929 hs:-

268 4948 489 5013 sitamus
526 4956 859 5013 diffidentia
906 4957 1079 5029 (Rom.
1130 4976 1206 5025 ιγ,
1257 4960 1370 5031 20),
1401 4960 1500 5016 sed
1532 4960 1873 5033 plenissime

268 5039 455 5098 scimus
483 5044 760 5116 quoniam
787 5046 942 5118 quod
958 5046 1228 5118 promisit
1248 5048 1315 5120 (ε)
1341 5048 1642 5117 Dominus,
1668 5054 1873 5121 potens

270 5131 344 5182 est
368 5130 554 5190 facere.

274 5266 384 5325 dam
412 5289 565 5354 _mss.,
595 5280 647 5333 et
664 5279 1013 5354 conceptione
1040 5279 1106 5334 dc
1132 5278 1559 5354 sz'rilusancto
1585 5284 1697 5336 tam
1733 5283 1878 5337 mire

275 5350 499 5419 prmissa
526 5364 689 5419 quam
718 5350 947 5415 credita,
980 5358 1171 5406 auctor
1206 5350 1404 5405 mundi
1429 5351 1603 5406 editus
1632 5358 1730 5407 est.

334 5414 800 5490 wifes-genitum
824 5414 1189 5477 desideratur
1211 5421 1267 5475 in
1297 5422 1541 5478 ms.Vat.
1567 5423 1787 5479 collect.
1819 5426 1874 5480 5.

328 5482 1299 5565 (Dliditiéummus.Antaponendam
1315 5492 1670 5565 credidimus
1684 5494 1879 5552 lectio-

220 5624 233 5638 λ
315 5566 390 5638 em
404 5557 804 5638 duorummss.
830 5563 888 5638 ὃ.
915 5557 1065 5619 Petri
1096 5567 1154 5638 et
1173 5563 1361 5631 ,unius
1391 5564 1519 5620 Vat.

220 5625 237 5659 ί
336 5625 393 5748 (9
435 5627 675 5711 vulgati,
702 5635 892 5690 Israel.
926 5625 1292 5691 Correximus
1321 5652 1389 5691 ex
1417 5653 1561 5692 mss.
1603 5636 1662 5693 S.
1697 5637 1873 5694 Petri.

257 5723 265 5748 τ
340 5694 352 5748 i
389 5697 600 5748 lAlmni
623 5705 788 5748 nndd,
844 5706 954 5748 Nm
981 5707 1292 5748 nhgtrnnnnt

257 5723 275 5753 :7
340 5694 402 5765 (ἆ)
421 5694 604 5774 Aliqui
623 5694 816 5771 codd.,
840 5706 954 5763 Non
981 5707 1307 5779 obstrepant.

1982 4695 2163 4762 nient,
2197 4695 2297 4767 qui
2329 4696 2565 4765 propter
2613 4707 2871 4747 amorem
2921 4690 3124 4746 mundi
3173 4709 3207 4746 a
3255 4691 3628 4764 generatione

1981 4783 2192 4840 Christi
2217 4800 2332 4840 non
2374 4784 2643 4838 metuunt
2673 4779 2931 4836 abdicari
2953 4779 3056 4836 ‘lSi
3087 4783 3282 4836 autem
3310 4781 3383 4837 ad
3418 4782 3629 4838 huma-

1982 4889 2118 4928 nam
2136 4872 2388 4944 pertinet
2416 4871 2652 4927 laudem
2682 4872 2745 4925 ut
2774 4872 3008 4941 patrum
3041 4869 3217 4926 decus
3250 4870 3309 4925 in
3342 4869 3503 4943 prole
3538 4886 3630 4927 re—

1984 4961 2304 5034 splendeat,
2341 4964 2559 5033 quanto
2578 4958 2764 5031 magis
2777 4958 3099 5032 gloriosum
3114 4962 3201 5016 est
3215 4975 3283 5015 ex
3295 4959 3410 5015 Deo
3423 4959 3501 5031 (h)
3533 4974 3634 5014 na-

1984 5051 2060 5105 tis
2082 5050 2139 5105 in
2162 5049 2518 5105 auctorissui
2548 5047 3259 5122 imaginem‘refulgeremt
3282 5047 3449 5102 illum
3483 5047 3541 5101 in
3569 5061 3632 5101 se

1983 5139 2083 5211 qui
2111 5155 2210 5195 eos
2257 5136 2552 5212 generavit
2581 5137 2908 5206 ostendere,
2952 5136 3180 5193 dicente
3211 5134 3457 5192 Domino
3486 5149 3499 5190 :
3536 5132 3629 5189 Sic

2057 5281 2128 5413 5c)
2160 5282 2298 5364 Mss.
2334 5282 2392 5337 S.
2422 5281 2596 5347 Petri,
2623 5281 2778 5335 Deus.
2912 5350 2921 5361 _
3131 5351 3141 5362 .

2078 5355 2123 5413 Γ)
2149 5354 2211 5407 In
2244 5353 2451 5408 iisdem
2486 5353 2653 5408 codd.
2680 5356 2738 5406 Β.
2771 5352 2945 5406 Petri.
2980 5350 3135 5405 docui

2076 5350 2123 5424 Γ)
2149 5354 2211 5407 In
2244 5352 2451 5424 iisdem
2486 5353 2653 5408 codd.
2680 5356 2738 5406 Β.
2771 5350 2945 5406 Petri.
2980 5350 3178 5405 docm't.

2057 5417 2128 5497 (la)
2147 5423 2579 5497 Supposuimus
2594 5426 2777 5478 autem
2808 5440 2909 5495 pro
2938 5424 3089 5477 enim
3117 5437 3184 5476 ex
3215 5434 3357 5474 mss.
3382 5418 3442 5474 S.
3479 5417 3635 5474 Petri

1988 5499 2045 5552 et
2075 5495 2431 5552 auibusdam
2462 5495 2592 5549 Vat.

2083 5515 2431 5551 rumusuam
2473 5515 2592 5549 vat.

2083 5515 2138 5636 lt)
2164 5566 2277 5636 AL,
2328 5575 2500 5623 natos.
2538 5566 2668 5621 Mox
2715 5581 2801 5621 eos
2833 5580 2900 5618 ex
2930 5562 3097 5618 codd.
3139 5562 3201 5619 S.
3228 5558 3385 5618 Petri
3416 5564 3473 5619 et
3502 5557 3635 5618 Vat.

2059 5567 2138 5638 (h)

1989 5637 2353 5710 scripsimus.
2386 5637 2499 5706 A1,,
2525 5638 2672 5693 illos.
