4098 6188
236 367 389 433 mn
1383 419 1388 425 .
1668 334 1938 431 saeue
1964 360 2226 430 xxvii.
3529 360 3652 429 Μ

229 500 318 578 (a)
335 501 547 562 beatus
560 499 819 564 Joannes
843 500 1053 580 plenus
1070 502 1292 580 Spiritu
1314 504 1515 563 sancto
1534 500 1900 561 intonuitzlu
1925 498 1984 568 Α.
2011 503 2235 572 tustas;
2269 500 2327 559 in
2360 498 2730 576 adoptionem
2760 500 3005 563 veniunt
3025 501 3220 571 alieni,
3249 506 3308 562 et
3331 501 3390 560 in
3413 498 3655 560 haeredi-

230 596 513 667 principio
542 600 661 651 erat
693 595 942 662 Verbum,
975 596 1030 652 ei
1063 595 1290 654 Verbum
1312 602 1428 651 erat
1448 593 1597 667 apud
1626 595 1816 659 Deum,
1837 599 1891 649 et
1999 595 2178 649 tatem
2228 592 2641 666 ingrediuntur
2685 592 2962 650 extranei.
3008 594 3089 651 De
3135 593 3335 667 impiis
3374 593 3543 667 justi,
3578 594 3652 652 de

235 684 383 740 Deus
406 690 529 740 erat
560 685 806 740 Verbum.
841 686 945 740 Hoc
972 689 1093 741 erat
1120 686 1181 739 in
1213 686 1493 756 principio
1522 683 1668 755 apud
1700 684 1887 739 Deum.
2000 681 2192 736 avaris
2220 678 2479 753 benigni,
2505 681 2575 737 de
2591 680 3095 739 incontinentibus
3110 683 3276 751 casti,
3300 683 3371 738 de
3398 683 3650 741 terrenis

239 772 441 829 Ontnia
482 789 585 845 per
621 775 801 846 ipsum
828 776 975 845 facta
1001 781 1150 839 sunt,
1181 782 1234 829 et
1260 775 1382 829 sine
1408 775 1522 845 ipso
1550 775 1761 846 factum
1788 774 1888 837 est,
1999 768 2289 841 incipiunt
2313 786 2445 826 esse
2475 768 2763 827 cmlestes.
2795 771 2931 836 Quae
2962 773 3158 826 autem
3191 776 3281 829 est
3308 770 3423 827 ista
3450 776 3652 829 muta-

236 863 387 918 nihil
443 864 623 933 (Joan.
660 878 699 933 ι,
733 862 874 935 1-3),
923 863 993 918 Et
1038 861 1314 918 similiter
1359 878 1563 917 verum
1608 864 1697 917 est
1737 860 1893 933 quod
2000 857 2102 925 tio,
2128 858 2241 913 nisi
2265 859 2511 915 dextera:
2537 858 2807 916 Excelsi?
2833 859 3120 924 Quoniam
3149 860 3305 916 venit
3330 859 3510 918 Filius
3546 862 3656 919 Dei

236 950 399 1006 idem
448 949 794 1022 praedicator
841 950 1090 1023 adjecit:
1148 951 1376 1008 Verbum
1414 966 1542 1007 caro
1577 952 1789 1023 factum
1815 957 1898 1006 est

239 1043 293 1094 at
324 1038 599 1094 habitavit
625 1040 688 1093 in
712 1040 903 1106 nobis;
935 1047 985 1094 et
1002 1039 1242 1095 vidimus
1260 1040 1498 1111 gloriam
1516 1039 1899 1110 ejus,gloriam

236 1128 408 1199 quasi
439 1128 720 1196 Unigem'ti
745 1144 781 1182 a
816 1129 982 1184 Patre
1022 1130 1098 1200 (ὁ)
1147 1128 1333 1200 (lbid.,
1366 1128 1471 1196 44).
1525 1132 1590 1182 In
1646 1132 1898 1201 utraque

239 1231 382 1289 ergo
414 1219 631 1272 natura
658 1215 813 1272 idem
846 1220 936 1273 est
981 1218 1073 1274 Dei
1105 1216 1286 1273 Filius
1314 1222 1519 1273 nestra
1546 1216 1897 1290 suscipiens,

238 1308 305 1362 et
332 1304 575 1378 propria
601 1320 721 1361 non
750 1305 1062 1373 amittens;
1107 1305 1165 1360 in
1195 1305 1434 1362 homine
1479 1305 1779 1362 hominem
1809 1322 1901 1361 re-

239 1410 494 1459 novatis,
514 1393 583 1466 (ο)
596 1394 655 1448 in
679 1410 742 1449 se
763 1393 1262 1450 incommutabilis
1279 1410 1681 1467 perseverans.
1705 1395 1905 1451 Deitas

239 1483 428 1547 enim,
452 1499 583 1554 qum
607 1481 697 1537 illi
717 1499 853 1538 cum
880 1483 1047 1539 Patre
1068 1484 1401 1540 communis
1420 1488 1529 1551 est,
1552 1482 1784 1540 nullum
1802 1484 1905 1539 de-

242 1569 601 1627 trimentum
638 1571 1078 1644 omnipotentiae
1121 1572 1323 1641 subiit,
1372 1589 1479 1628 nec
1523 1572 1625 1629 Dei
1655 1573 1904 1629 formam

245 1660 405 1721 servi
434 1659 626 1716 forma
638 1658 893 1728 violavit,
918 1660 1057 1733 quia
1078 1677 1313 1717 summa
1341 1666 1399 1717 et
1427 1662 1786 1734 sempiterna
1816 1678 1905 1717 es-

243 1750 607 1822 sentia,qum
624 1766 688 1806 se
704 1750 777 1806 ad
802 1749 1042 1806 humani
1058 1750 1288 1823 generis
1310 1749 1612 1806 inclinavit
1629 1749 1905 1817 salutem,

2006 946 2322 1003 dissolvere
2354 964 2529 1019 opera
2550 948 2765 1005 diaboli
2789 951 2836 1017 (ι
2858 951 3018 1007 Joan.
3056 966 3137 1015 III,
3167 950 3248 1018 8),
3277 954 3333 1006 et
3351 950 3433 1007 ita
3460 969 3524 1009 se
3548 968 3654 1009 no-

2007 1036 2117 1102 bis,
2139 1052 2361 1109 nosque
2376 1036 2455 1109 (h)
2468 1036 2715 1093 inseruit
2727 1038 2933 1102 sibi,ut
2947 1038 3043 1095 Dei
3056 1040 3128 1095 ad
3141 1039 3401 1097 humana
3421 1041 3657 1098 descen-

2008 1124 2119 1191 sio,
2153 1125 2316 1181 fieret
2345 1125 2605 1182 hominis
2632 1127 2705 1181 ad
2728 1126 2924 1183 divina
2952 1128 3263 1201 provectio.

2078 1215 2212 1271 ΟΑΡ.
2247 1214 2340 1270 ΙΙΙ.
2373 1245 2432 1256 -
2452 1215 2516 1271 In
2542 1214 2652 1271 hac
2672 1219 2891 1285 autem,
2915 1216 3302 1282 dilectissimi,
3328 1217 3659 1276 misericor-
3766 1216 3779 1228 ⁸

2010 1304 2107 1359 dia
2117 1302 2313 1370 Dei,cu
2312 1304 2416 1374 jus
2428 1319 2567 1371 erga
2583 1320 2691 1359 nos
2704 1305 3170 1377 magnitudinem
3185 1307 3663 1381 explicare(i)non

2009 1408 2348 1465 possumus,
2400 1391 2589 1449 multa
2635 1392 3030 1451 sollicitudine
3075 1398 3519 1467 praecavendum
3571 1402 3663 1456 est

2010 1480 2358 1537 Christianis
2381 1499 2454 1538 ne
2465 1481 2768 1538 diabolicis
2795 1483 3007 1539 iterum
3024 1484 3335 1556 capiantur
3350 1486 3664 1555 insidiis,et

2013 1568 2235 1626 eisdem
2257 1586 2487 1636 rursus,
2513 1569 2731 1642 quibus
2751 1571 2818 1644 (j)
2839 1572 3338 1643 renuntiaverunt,
3363 1576 3663 1634 erroribus

2012 1657 2538 1731 implicentur.Non
2556 1660 2714 1714 enim
2728 1660 2943 1715 desinit
2962 1660 3150 1717 hostis
3166 1662 3664 1736 antiquus,trans-

2015 1748 2278 1821 figurans
2299 1763 2362 1803 se
2382 1747 2442 1803 in
2461 1746 2737 1821 angelum
2769 1747 2921 1805 lucis
2941 1750 3012 1823 (ll
3046 1750 3166 1807 Cor.
3200 1768 3278 1819 x1,
3310 1752 3423 1825 14),
3452 1755 3666 1827 decep-

240 1855 360 1899 nos
386 1837 632 1909 quidem
663 1837 723 1893 in
768 1846 944 1895 suam
973 1837 1221 1911 gloriam
1258 1837 1582 1905 transtulit,
1616 1839 1715 1894 sed
1750 1838 1903 1910 quod
1939 1866 1993 1935 Β
2017 1836 2500 1935 tionumlaqueos
2514 1837 2732 1910 ubique
2747 1840 3124 1910 praetendere,
3141 1845 3520 1915 etutquoquo
3540 1859 3668 1900 mo—

240 1931 379 1983 arat
406 1940 542 1984 esse
571 1943 690 1984 non
734 1926 988 1983 destitit.
1039 1927 1203 1985 Unde
1233 1944 1368 1984 cum
1408 1927 1757 2001 Unigenitus
1808 1928 1910 1984 Dei
1944 1925 1986 1935 ’⁷
2018 1926 2093 1982 do
2115 1925 2286 1982 ﬁdem
2318 1927 2681 1983 credentium
2716 1932 3073 2000 corrumpat,
3098 1929 3336 1988 instare.
3365 1932 3533 1988 Novit
3575 1932 3669 1989 cui

242 2015 549 2077 minorem
578 2032 642 2072 se
668 2016 840 2073 Patre
868 2017 1181 2074 conﬁtetur
1221 2017 1397 2090 (Joan.
1435 2034 1550 2084 xxv,
1580 2018 1697 2089 28),
1724 2018 1817 2073 cui
1848 2033 1913 2073 se

243 2104 403 2162 dicit
424 2104 709 2177 aequalem
759 2106 934 2176 (Joan.
958 2124 1017 2171 κ,
1048 2108 1161 2177 30),
1193 2106 1493 2162 veritatem
1526 2105 1585 2161 in
1620 2123 1682 2162 se
1714 2107 1912 2163 formae

242 2195 575 2266 utriusque
595 2194 980 2251 demonstrat:
1007 2199 1073 2250 ut
1092 2199 1150 2251 et
1172 2193 1491 2250 humanam
1505 2196 1713 2267 probet
1734 2195 1917 2268 impa-

243 2282 474 2351 rilitas,
504 2286 565 2339 et
591 2282 850 2339 divinam
876 2283 1132 2339 declaret
1161 2281 1484 2355 aequalitas.

209 2428 218 2435 ,
321 2372 467 2428 CAP.
501 2371 570 2427 ll.
598 2401 665 2413 —-
687 2370 978 2443 Majestati
1009 2371 1190 2444 igitur
1224 2370 1352 2428 Filii
1380 2371 1483 2427 Dei
1506 2388 1782 2444 corporea
1810 2389 1914 2428 na-

2019 2016 2089 2073 ad
2097 2015 2296 2071 hibeat
2305 2020 2480 2071 aestus
2495 2015 3272 2088 cupiditatis,cuiillecebras
3283 2020 3432 2094 gulae
3445 2021 3673 2094 ingerat

2021 2103 2114 2161 cui
2147 2108 2402 2176 apponat
2437 2105 2541 2161 94
2568 2103 2951 2164 incitamenta
2977 2105 3241 2179 luxurias,
3273 2110 3366 2165 cui
3398 2109 3673 2169 infundat

2020 2193 2179 2249 virus
2210 2193 2461 2262 invidiae;
2481 2194 2641 2250 novit
2662 2210 2837 2267 quem
2868 2211 3116 2253 mmrore
3144 2199 3473 2266 conturbet,
3495 2217 3672 2273 quem

2023 2281 2236 2355 gaudio
2257 2282 2439 2348 fallat,
2464 2298 2640 2354 quem
2670 2284 2830 2339 metu
2864 2284 3175 2356 Opprimat,
3207 2302 3385 2359 quem
3416 2289 3674 2347 admira-

2024 2370 2181 2426 tione
2200 2372 2461 2439 seducat;
2485 2372 2749 2428 omnium
2764 2371 3676 2446 discutitconsuetudines,venti-

243 2461 459 2520 tivitas
481 2459 626 2516 nihil
648 2458 916 2533 abstulit,
941 2459 1089 2516 nihil
1122 2460 1389 2528 contulit,
1420 2460 1559 2533 quia
1587 2461 1919 2518 substantia

245 2548 768 2607 incommutabilis
791 2565 897 2604 nec
921 2549 1104 2604 minui
1128 2549 1336 2623 potuit,
1363 2567 1469 2606 nec
1500 2550 1720 2623 augeri.
1754 2551 1918 2617 Quod

246 2639 422 2714 enim
473 2638 701 2695 Verbum
745 2655 875 2694 caro
920 2642 1131 2711 factum
1171 2644 1267 2703 est,
1303 2656 1418 2694 non
1462 2639 1571 2696 hoc
1602 2640 1917 2712 significat,

249 2727 423 2800 quod
454 2725 517 2783 in
548 2743 786 2783 carnem
817 2728 895 2783 sit
922 2727 1024 2783 Dei
1055 2732 1266 2783 natura
1293 2732 1542 2794 mutata,
1567 2729 1669 2785 sed
1702 2730 1857 2801 quod
1887 2747 1924 2786 a

249 2816 459 2872 Verbo
483 2815 542 2871 in
564 2816 851 2872 unitatem
881 2833 1139 2888 personae
1163 2816 1240 2872 sit
1261 2833 1394 2873 caro
1415 2821 1718 2890 suscepta;
1744 2818 1802 2874 in
1821 2836 1923 2875 cu-
2031 2813 2284 2886 ingeniis
2307 2818 2506 2869 utatur
2524 2818 2583 2870 et
2611 2812 2850 2888 linguis.
2868 2815 2977 2872 Per
2999 2815 3148 2874 istos
3170 2818 3429 2877 remedia
3449 2823 3678 2895 aegritu-

246 2905 361 2981 jus
395 2904 601 2977 utique
630 2904 868 2961 nomine
898 2905 1072 2960 homo
1101 2909 1260 2961 totus
1290 2906 1595 2978 accipitur,
1631 2922 1765 2961 cum
1807 2924 1923 2979 quo
2033 2902 2262 2967 diuum,
2284 2902 2500 2958 indicia
2515 2903 2868 2973 futurorum,
2890 2902 3245 2977 placationes
3262 2907 3680 2979 daemonummt

256 2992 429 3055 intra
456 2992 718 3067 Virginis
752 2993 975 3049 viscera
1012 2997 1216 3050 sancto
1248 2994 1468 3067 Spiritu
1502 2995 1831 3060 fecundata,
1870 3000 1930 3053 et
2034 2990 2406 3062 depulsiones
2425 2991 3682 3067 promittunturumbrarum.(l)Adduntseet

258 3096 606 3153 numquam
635 3079 967 3151 virginitate
1000 3081 1429 3147 caritura,~tam
1460 3081 1928 3154 inseparabiliter
2035 3077 2143 3145 illi,
2166 3079 2265 3151 qui
2295 3084 2480 3135 totam
2512 3079 2780 3136 humanm
2810 3081 2939 3137 vitae
2960 3083 3350 3141 conditionem
3378 3088 3453 3143 de
3483 3087 3680 3151 stella-

258 3167 375 3225 Dei
398 3166 672 3239 Filius(d)
686 3171 783 3223 est
798 3166 1091 3235 unitus,ut
1110 3168 1210 3241 qui
1233 3172 1359 3224 erat
1380 3168 1841 3242 intemporaliter
1855 3171 1927 3226 de
1964 3237 2001 3248 _
2037 3183 2166 3223 rum
2199 3169 2452 3240 pendere
2478 3169 2778 3225 effectibus
2804 3171 3192 3240 mentiuntur,
3214 3178 3270 3230 et
3292 3176 3447 3248 quod
3470 3182 3559 3235 est
3579 3183 3683 3238 aut

261 3256 533 3313 essentia
563 3237 753 3311 Patris
774 3237 1160 3329 genitus,ipse
1182 3256 1260 3313 sit
1279 3237 1681 3331 temporaliter
1699 3259 1769 3314 dc
1798 3264 1923 3315 ute-
1956 3237 2002 3305 ο
2037 3237 2242 3313 divinae
2264 3255 2708 3324 voluntatis,aut
2728 3237 3466 3326 nostrae,indeclinabilium
3480 3262 3683 3325 dicunt

2024 2459 2108 2515 lat
2125 2463 2582 2524 curas,scrutatu
2590 2459 2962 2533 r(k)atl‘ectus;
2975 2461 3120 2517 etibi
3132 2466 3565 2537 causasqumrit
3575 2484 3675 2524 no-

2028 2547 2216 2614 cendi,
2240 2548 2338 2602 ubi
2361 2565 2654 2620 quemque
2681 2548 2890 2607 viderit
2908 2550 3236 2608 studiosius
3257 2554 3549 2627 occupari.
3567 2556 3676 2613 Ha-

2028 2636 2128 2693 bet
2158 2630 2374 2692 etenim
2405 2635 2623 2694 multos
2652 2654 2721 2693 ex
2749 2637 2834 2694 eis
2864 2654 3013 2711 quos
3060 2640 3325 2698 tenacius
3371 2643 3674 2718 obligavit,

2030 2730 2198 2798 aptos
2227 2726 2453 2781 artibus
2481 2726 2628 2794 suis,
2664 2740 2913 2798 quorum
2947 2728 3018 2783 ad
3047 2727 3193 2785 alios
3225 2730 3599 2803 decipiendos
3619 2737 3679 2791 et

260 3362 330 3404 ro
384 3342 644 3418 Virginis
675 3348 870 3401 natus.
900 3342 1085 3401 Aliter
1113 3345 1270 3402 enim
1321 3347 1394 3402 ab
1438 3351 1665 3404 aeternae
1723 3350 1929 3406 mortis

260 3433 523 3493 vinculis
552 3450 671 3490 non
705 3433 1296 3506 possemusabsolvi,
1331 3434 1445 3492 nisi
1485 3436 1546 3491 in
1582 3437 1800 3493 nostris
1824 3439 1927 3494 ﬁe-

260 3528 355 3579 ret
377 3521 648 3590 humilis,
676 3522 776 3595 qui
811 3522 1183 3595 omnipotens
1215 3524 1317 3580 98
1340 3524 1414 3596 (ε)
1459 3528 1838 3597 permanebat
1866 3527 1926 3584 in

204 3658 207 3663 .
263 3612 418 3668 suis.
452 3614 719 3668 Nascens
740 3610 935 3683 itaque
957 3612 1237 3668 Dominus
1258 3613 1639 3670 nosterJesus
1660 3614 1927 3672 Christus

260 3700 446 3757 homo
462 3717 662 3772 verus,
692 3701 792 3773 qui
811 3718 1137 3774 numquam
1165 3701 1390 3758 destitit
1408 3719 1536 3759 esse
1557 3703 1713 3760 Deus
1734 3720 1931 3773 verus,

264 3806 430 3846 novre
449 3794 738 3846 creaturae
754 3790 811 3846 in
831 3806 894 3847 se
910 3789 1044 3846 fecit
1062 3790 1388 3861 exordium,
1407 3796 1464 3847 et
1479 3792 1546 3864 (Γ)
1567 3792 1627 3847 in
1650 3796 1814 3850 ortus
1833 3795 1928 3850 sui

262 3877 463 3935 forma
488 3876 654 3935 dedit
674 3878 937 3935 humano
953 3879 1150 3952 generi
1182 3879 1443 3952 spiritale
1469 3880 1843 3954 principium,
1867 3886 1931 3939 ut

267 3968 341 4022 ad
373 3966 629 4027 carnalis
650 3967 1043 4042 generationis
1061 3967 1347 4025 abolenda
1368 3968 1818 4042 contagia,esset
1848 3988 1930 4028 re-

269 4057 625 4128 generandis
657 4057 820 4131 origo
860 4056 988 4114 sine
1021 4058 1244 4115 semine
1275 4058 1561 4128 criminis,
1596 4059 1667 4115 de
1712 4060 1928 4133 quibus

271 4145 519 4204 dicitur:
540 4148 651 4216 Qui
672 4162 786 4203 non
807 4148 1544 4220 essanguinibusmequew)
1565 4163 1637 4204 ex
1652 4149 1930 4205 voluntate

269 4235 477 4301 carnis,
500 4248 679 4308 neque
699 4249 772 4291 ex
799 4235 1080 4291 voluntate
1107 4236 1238 4301 viri,
1288 4235 1380 4290 sed
1408 4250 1479 4291 ex
1510 4239 1617 4291 Deo
1644 4239 1767 4292 nati
1800 4246 1928 4294 sunt

270 4323 449 4391 (locu,
484 4340 526 4392 ι,
560 4323 671 4385 13).
692 4325 831 4389 Qum
850 4323 960 4379 hoc
992 4327 1433 4382 sacramentum
1465 4340 1631 4380 mens
1661 4341 1924 4397 compre-

272 4408 546 4480 hendere,
572 4429 699 4486 quae
727 4412 882 4471 hanc
911 4412 1163 4486 gratiam
1193 4411 1383 4469 valeat
1410 4412 1613 4485 lingua
1642 4428 1879 4471 narrare
1897 4416 1927 4472 ‘2

270 4500 444 4560 Redit
463 4500 525 4563 in
553 4499 952 4564 innocentiam
980 4501 1284 4574 iniquitas,
1316 4505 1376 4558 et
1402 4500 1462 4558 in
1493 4500 1811 4561 novitatem
1829 4520 1924 4561 ve-

2036 3362 2165 3403 esse
2194 3344 2470 3402 fatorum.
2502 3346 2638 3410 Quae
2670 3350 2885 3412 tamen,
2918 3352 2984 3403 ut
3013 3348 3372 3416 cumulatius
3411 3359 3679 3425 noceant,

2036 3435 2328 3507 spondent
2375 3450 2544 3507 posse
2590 3434 2827 3500 mutari,
2864 3435 2913 3490 si
2962 3435 3079 3492 illis
3123 3450 3252 3509 quae
3293 3440 3682 3503 adversantur

2036 3522 2329 3579 sideribus
2370 3521 2751 3595 supplicetur.
2784 3523 2949 3579 Unde
2978 3530 3377 3585 commentum
3429 3530 3683 3604 impium

2037 3614 2136 3689 (τη)
2156 3629 2264 3668 sua
2282 3609 2503 3667 ratione
2523 3611 2864 3679 destruitur,
2889 3611 3027 3683 quia
3057 3614 3104 3669 si
3123 3613 3401 3687 praedicta
3418 3635 3533 3674 non
3558 3638 3683 3693 per-

2037 3705 2296 3769 manent,
2320 3717 2437 3756 non
2460 3704 2599 3756 sunt
2620 3701 2738 3759 fata
2756 3702 3096 3770 metuenda;
3120 3703 3171 3759 si
3194 3712 3679 3777 permanent,non

2036 3795 2176 3848 sunt
2206 3795 2364 3845 astra
2385 3790 2736 3844 veneranda.

2106 3881 2241 3935 CAP.
2274 3878 2366 3934 IV.
2399 3908 2468 3919 -—
2497 3878 2578 3934 De
2608 3878 2823 3935 talibus
2854 3878 3139 3938 institutis
3170 3882 3348 3939 etiam
3378 3883 3478 3940 illa
3505 3902 3681 3959 gene-

2035 3974 2201 4025 ratur
2224 3967 2517 4040 impietas,
2538 3972 2604 4022 ut
2623 3965 2711 4024 sol
2733 3967 2814 4040 (η)
2833 3967 2892 4024 in
2910 3967 3281 4029 inchoatione
3297 3971 3682 4036 diurneelucis

2034 4073 2356 4130 exsurgens
2409 4073 2444 4113 a
2501 4055 2858 4128 quibusdam
2908 4057 3391 4130 insipientoribus
3436 4063 3507 4120 de
3536 4063 3682 4125 locis

2034 4145 2521 4202 eminentioribus
2540 4143 2844 4215 adoretur;
2867 4147 3022 4219 quod
3041 4148 3306 4205 nonnulli
3327 4151 3502 4211 etiam
3520 4153 3683 4211 Chri-
3744 4162 3759 4173 ‘

2034 4234 2210 4291 stiani
2237 4235 2379 4290 adeo
2402 4251 2464 4290 se
2486 4233 2754 4307 religiose
2771 4237 2958 4292 facere
2978 4240 3207 4309 putant,
3240 4242 3306 4294 ut
3332 4239 3680 4315 priusquam

2035 4325 2105 4379 ad
2133 4323 2196 4379 B.
2218 4323 2370 4380 Petri
2403 4322 2651 4396 apostoli
2683 4322 3009 4391 basilicam,
3034 4342 3162 4398 quae
3200 4326 3302 4384 uni
3337 4327 3453 4386 Deo
3472 4330 3599 4387 vivo
3625 4335 3682 4389 et

2031 4429 2167 4469 vero
2197 4416 2286 4469 est
2314 4412 2601 4481 dedicata,
2654 4412 3011 4485 perveniant,
3060 4415 3352 4487 superatis
3396 4418 3680 4489 gradibus

2033 4500 2250 4575 quibus
2280 4501 2355 4557 ad
2371 4505 2716 4575 suggestum
2734 4500 2807 4565 (ο)
2829 4519 2974 4559 areas
2989 4502 3309 4577 superioris
3322 4506 3679 4577 ascenditur,

345 4642 422 4733 (ρ)
436 4643 804 4733 ‘Addidimus
854 4644 1036 4702 beatus
1064 4662 1135 4701 ex
1184 4643 1559 4733 Lectionariis
1588 4645 1646 4702 S.
1684 4644 1835 4703 Petri
1865 4651 1924 4704 et
1952 4616 1999 4682 Β
2197 4643 2287 4733 ita
2313 4659 2385 4733 ex
2406 4660 2555 4733 mss.
2577 4642 2817 4733 Petri
2832 4647 2896 4733 et
2920 4643 3132 4733 Yeron.
3411 4646 3676 4711 valemus.

268 4711 488 4769 Veron.

345 4783 433 4859 (ὁ)
461 4784 651 4859 Prima
679 4785 860 4843 editio
889 4786 1073 4856 addit,
1095 4787 1321 4859 plenum
1339 4788 1542 4858 gratiae
1562 4794 1614 4843 et
1641 4789 1914 4848 veritatis.

272 4854 778 4940 Deig,_lwatraqw
793 4860 950 4940 enim
964 4854 1172 4939 natura
1187 4859 1247 4914 in
1269 4854 1500 4916 duobus
1522 4875 1666 4915 mss.
1688 4859 1747 4915 S.
1772 4860 1924 4919 Petri

268 4930 330 4989 et
360 4925 497 5000 Vat.
526 4944 598 5000 ac
616 4925 811 5000 prima
839 4928 1111 4986 editione.

346 4999 432 5071 (ς)
459 4996 637 5055 Codd:
650 5000 711 5059 S.
736 5000 911 5071 Petri,
934 5002 1049 5071 ipse
1070 5000 1552 5058 incommutabilis.
1584 5001 1793 5060 Postea
1811 5017 1922 5058 non

268 5067 595 5150 εεξίέρζ--ριο
616 5067 1000 5150 magum,
1013 5072 1217 5150 _in__ms.
1249 5072 1589 5150 Veronensi.

346 5138 439 5220 (εἰ)
653 5141 871 5220 nostris
897 5142 1201 5201 codicibus
1224 5146 1282 5200 et
1305 5144 1495 5216 prima
1510 5141 1782 5205 editione.
1808 5142 1921 5199 Cte-

268 5210 386 5281 ieti
424 5210 573 5281 editi,
602 5215 818 5273 mitur.

337 5280 429 5351 (θ)
454 5285 570 5345 Duo
595 5285 766 5341 codd.
798 5286 856 5343 S.
889 5285 1044 5343 Petri
1074 5285 1317 5351 addunt,
1353 5294 1403 5343 et
1430 5285 1705 5353 sublimia,
1738 5285 1919 5347 Paulo

272 5357 565 5433 natorum
580 5360 913 5426 poteramus,
937 5368 1042 5428 pro
1062 5371 1177 5413 non
1202 5368 1496 5427 possemus,
1522 5355 1583 5413 in
1604 5372 1717 5416 ms.
1747 5357 1922 5417 Vero—

272 5438 474 5477 1181181.

312 5493 431 5570 ἀἱ
452 5493 777 5570 Ρζερρεῇἱο
806 5498 868 5570 in
897 5498 1064 5557 abest
1091 5514 1128 5554 a
1153 5495 1349 5570 prima
1374 5497 1647 5570 editione.

310 5563 435 5645 ,ω
458 5563 645 5624 Μθῖε.
679 5568 853 5635 Petri,
881 5586 955 5645 ea;
1001 5563 1298 5643 voluptate,
1328 5569 1412 5626 uti
1445 5569 1619 5628 etiam
1652 5571 1712 5627 in
1739 5586 1918 5644 supe-

272 5642 432 5706 riori
457 5651 730 5706 sermone,
763 5656 893 5695 can.
924 5642 979 5695 5.

349 5704 441 5775 (ἡ)
467 5708 593 5767 God.
625 5704 766 5769 Ben.
796 5715 856 5768 et
876 5710 1289 5783 primacditio,
1319 5712 1540 5773 interit.

2102 4717 2169 4787 (j)
2199 4714 2294 4771 Sic
2322 4732 2392 4771 ex
2432 4732 2545 4771 ms.
2577 4714 2787 4771 Veron.
2822 4719 2879 4771 et
2907 4716 3139 4773 duobus
3169 4717 3299 4774 Vat.
3325 4718 3438 4787 AL,
3471 4735 3678 4779 renuit.

2031 4788 2325 4844 ﬂaverant.

2103 4858 2176 4922 (k)
2207 4858 2348 4914 Mss.
2378 4857 2438 4913 S.
2466 4856 2639 4921 Petri,
2656 4857 2907 4928 .Bonon.,
2931 4875 2999 4915 ac
3015 4860 3206 4928 prima
3221 4861 3420 4928 editio,
3438 4865 3673 4928 eﬂecms.

2101 4930 2173 5003 tl)»
2190 4928 2337 5003 Editi
2355 4932 2491 5003 ante
2512 4928 2972 5003 Quesne'llutn,et
2984 4928 3167 5003 aliqui
3183 4933 3377 5000 codd.,
3392 4928 3680 4993 Addantur

2028 5004 2081 5056 et
2110 5000 2218 5055 illi.
2233 4999 2721 5077 Emendatisnem
2748 4999 3102 5077 conﬁrmant
3121 5020 3267 5061 mss.
3290 5005 3347 5060 S.
3366 4999 3543 5077 Petri,
3573 5006 3679 5062 Ve-

2029 5087 2163 5156 ron.
2190 5076 2249 5126 et
2502 5071 2690 5156 Paulo.
2717 5077 2864 5156 post.
2895 5071 3171 5156 emet-tibus
3205 5071 3577 5156 restituimu‘s
3608 5092 3678 5132 ex

2029 5142 2201 5200 editis
2231 5145 2364 5198 ante
2392 5143 2609 5207 Queen.
2641 5147 2699 5198 et
2717 5142 3076 5201 *melioribus'
3094 5147 3322 5204 nostris
3350 5146 3673 5204 codicibus.

2027 5212 2391 5290 Quosnellus
2414 5229 2588 5290 cum“
2614 5229 2741 5290 mss
2796 5216 3016 5272 collect.
3046 5219 3120 5285 5,
3153 5210 3483 5290 affectibus;
3528 5222 3585 5274 et
3613 5217 3674 5276 in

2029 5286 2294 5357 margine
2316 5302 2330 5341 :
2364 5284 2476 5357 AL,
2507 5285 2804 5357 effectibus.

2119 5354 2198 5430 in)
2215 5355 2340 5430 _Al.,
2363 5354 2466 5430 hac
2491 5354 2815 5430 QDESNELL.
2847 5357 2910 5414 in
2942 5358 3224 5430 margine.

2120 5427 2186 5493 η)
2212 5427 2684 5495 Praepositionem
2706 5430 2769 5483 in
2786 5427 3160 5495 reposuimus
3183 5447 3253 5486 ex
3273 5445 3413 5488 mss.
3438 5432 3499 5495 S.
3518 5432 3681 5490 Petri

2027 5503 2085 5557 et
2113 5500 2304 5572 tribus
2332 5499 2461 5572 Vat.
2495 5516 2563 5572 ac
2595 5499 2786 5572 prima
2806 5499 3084 5572 editione.

2096 5575 2170 5641 (ο)
2189 5570 2532 5634 Quesnellus
2549 5569 2615 5626 iri
2628 5569 3159 5641 secunda‘editionc
3179 5571 3330 5629 hanc
3354 5576 3677 5633 annotatio-

2028 5659 2162 5732 ξίφει)
2192 5641 2468 5732 iubis???
2543 5640 3677 5732 steterestetere.»censuerim

2028 5685 2506 5772 ἓοῖἐιοῖἔᾶἷιῖἔιίο
2518 5753 2530 5770 .
2543 5685 2841 5769 Ἐἰ-ἰ-ἷύὶῑὲ
2847 5685 3114 5785 ’ᾖὲιῖιῆ
3129 5685 3544 5792 Ἑεῖἑ-ἓῐὶὶῖάῖἐ
3556 5685 3677 5779 Vi;
