4098 6188
327 4396 333 4402 ’
429 4402 550 4466 153,
574 4406 631 4457 et

427 329 568 409 ,219

1566 326 1631 393 s.
1662 294 1957 395 LEONIS.
1985 323 2723 396 MAGNI'SERMONES.

3725 320 3839 398 290

446 480 721 525 converso
751 476 989 538 corpore
1036 472 1112 540 (a)
1145 460 1219 521 ad
1248 466 1584 521 nascentem
1614 481 1678 522 se
1708 464 1889 521 solem
1923 465 2084 521 reﬂe-
2117 467 2173 533 Α
2202 470 2292 522 est
2321 465 2428 532 sol,
2461 467 2549 523 vel
2583 466 2723 539 quid
2754 468 2844 524 est
2872 464 3031 539 luna,
3056 465 3172 525 nisi
3199 466 3265 544 (c)
3296 464 3544 526 visibilis
3568 472 3845 526 creature

445 553 946 623 ctant,etcurvatis
966 552 1310 622 cervicibus,
1330 552 1390 610 in
1408 552 1688 611 honorem
1711 571 1774 610 se
1796 553 2087 627 splendidi

444 643 916 704 orbisinclinent.
939 643 1038 700 95
1070 644 1232 710 Quod
1251 642 1376 699 ﬁeri
1408 643 1620 718 partim
1644 643 1983 717 ignorantiae
2010 643 2089 699 vi-

442 736 544 802 tio,
578 733 789 806 partim
822 733 1177 806 paganitatis
1203 732 1437 806 spiritu,
1458 732 1710 788 multum
1732 733 2088 790 tabescimus

441 827 497 880 et
526 822 792 879 dolemus
818 841 831 879 :
865 822 1005 895 quia
1033 825 1142 879 etsi
1172 822 1411 895 quidam
1446 822 1945 878 forle’Creatorem
1981 839 2086 895 po—

440 912 557 968 tius
588 911 818 985 pulchri
850 911 1095 968 luminis
1127 929 1306 984 quam
1341 911 1534 984 ipsum
1567 911 1786 980 lumen,
1821 911 1974 984 quod
1999 915 2088 967 est

439 1006 725 1069 creatura,
748 1005 1118 1068 venerantur,
1152 1000 1563 1056 abstinendum
1595 1004 1787 1057 tamen
1806 1005 1895 1056 est
1916 1002 1985 1064 (bl
2011 1000 2083 1055 ab

438 1090 569 1163 ipsa
589 1090 779 1163 specie
801 1090 980 1162 hujus
1002 1090 1196 1159 officii,
1227 1106 1404 1162 quam
1433 1105 1567 1145 cum
1592 1090 1649 1145 in
1672 1089 1892 1145 nostris
1924 1089 2081 1145 inve-

438 1178 546 1250 nit,
574 1180 673 1252 qui
696 1180 936 1235 deorum
960 1177 1184 1234 cultum
1213 1177 1467 1249 reliquit,
1495 1194 1687 1234 nonne
1710 1178 1858 1233 hanc
1880 1193 2081 1232 secum

437 1273 661 1340 partem
697 1267 989 1340 epiniouis
1016 1270 1254 1322 vetusta:
1283 1270 1561 1336 tanquam
1596 1263 1957 1337 probabilem
1992 1281 2079 1319 re-

434 1357 702 1427 tentabit,
737 1349 915 1430 quam
963 1355 1309 1412 Christianis
1356 1364 1412 1410 et
1460 1353 1660 1426 impiis
1716 1353 1925 1409 viderit
1954 1368 2082 1409 esse

436 1461 809 1503 communem
826 1445 855 1501 ?

504 1538 635 1590 CAP.
660 1533 724 1590 V.
743 1565 809 1574 —
829 1533 1347 1607 Abjiciaturergoa
1367 1533 1792 1589 consuetudine
1815 1531 2078 1588 ﬁdelium

433 1623 767 1680 damnanda
796 1623 1165 1696 perversitas,
1196 1641 1299 1678 nec
1322 1623 1509 1679 honor
1540 1623 1641 1678 uni
1669 1623 1784 1678 Deo
1819 1621 2077 1688 debitus,

431 1729 633 1770 eorum
667 1712 874 1769 ritibus
905 1713 1003 1784 qui
1040 1713 1321 1769 creaturis
1353 1711 1704 1779 deserviunt,
1739 1711 2073 1767 misceatur.

428 1802 580 1858 Dicit
608 1801 765 1859 enim
797 1802 1098 1874 Scriptura
1122 1800 1355 1858 divina:
1388 1803 1683 1858 Dominum
1707 1802 1879 1857 Deum
1921 1809 2078 1857 tuum

303 1936 319 1951 .
428 1892 703 1959 adorabis,
733 1895 783 1947 et
812 1892 903 1946 illi
942 1892 1047 1946 soli
1092 1892 1289 1946 servies
1314 1891 1520 1959 (Matth,
1547 1908 1622 1959 iv,
1654 1891 1739 1945 10.
1772 1891 1839 1945 Et
1866 1891 2072 1946 beatus

426 1980 560 2048 Job,
592 1983 749 2037 homo
768 1982 888 2036 sine
914 1980 1153 2052 querela,
1188 1983 1253 2035 ut
1282 1980 1363 2035 ait
1394 1979 1763 2045 Dominus,et
1790 1980 2073 2035 continens

426 2087 484 2128 se
513 2071 580 2126 ab
610 2072 762 2126 omni
788 2086 848 2126 re
876 2071 1025 2125 mala
1055 2068 1191 2143 (Job.
1220 2086 1259 2137 ι,
1295 2072 1371 2143 8),
1393 2069 1667 2143 Numquid
1699 2068 1832 2137 vidi,
1856 2068 2069 2140 inquit,

426 2160 594 2215 solem
613 2176 738 2214 cum
753 2159 1004 2231 fulgeret,
1028 2162 1079 2214 et
1100 2159 1291 2214 lunam
1309 2158 1643 2215 incedentem
1662 2157 1834 2227 clare,
1849 2161 1899 2214 et
1925 2159 2073 2213 tarta-

428 2256 546 2306 tum
564 2252 641 2305 est
667 2264 761 2305 eor
779 2264 962 2305 meum
982 2249 1037 2303 in
1075 2248 1403 2318 abscondito,
1424 2252 1476 2304 et
1504 2249 1774 2304 osculatus
1803 2265 1926 2304 sum
1952 2265 2070 2303 ma-

425 2355 562 2395 num
587 2354 794 2394 meum:
814 2354 933 2411 quae
952 2340 1032 2393 est
1061 2338 1325 2409 iniquitas
1344 2340 1613 2404 maxima,
1641 2341 1693 2395 et
1713 2339 1926 2410 negatio
1950 2354 2073 2393 eon-

428 2430 516 2483 tra
541 2428 713 2483 Deum
750 2427 1081 2483 altissimum
1102 2427 1217 2489 (Job
1247 2445 1398 2496 XXXI,
1420 2426 1650 2491 26-28)?
1681 2427 1827 2491 Quid
1875 2431 2071 2483 autem

426 2551 793 2624 clarissimus
819 2552 1073 2607 Joannes
1089 2552 1430 2624 Ciampinus
1449 2552 1772 2624 Romanus,
1796 2551 2074 2623 magister

429 2623 697 2696 Brevium
728 2623 1035 2696 gratiae,_ac
1058 2624 1117 2696 in
1135 2623 1381 2696 utraque
1406 2623 2075 2696 signaturarel'erenda-

428 2694 573 2761 rius,
607 2693 916 2765 veramque
943 2693 1254 2766 lectionem
1285 2693 1601 2766 vindicavit
1626 2694 1843 2766 scripto
1876 2694 2070 2750 Romae

348 2780 355 2781 ί
427 2781 656 2833 excuso,
682 2764 840 2819 anno
856 2765 1015 2833 1693,
1047 2764 1283 2837 subhac
1312 2764 1658 2837 epigrapbe:
1690 2764 1761 2837 ne
1787 2767 1931 2819 vocis
1959 2782 2075 2820 eor-

427 2838 667 2891 reetione
695 2838 757 2890 in
784 2851 1031 2891 sermone
1057 2839 1111 2889 7.
1145 2836 1198 2890 S.
1233 2835 1430 2891 Leonis
1462 2835 1646 2904 Magni
1674 2835 1739 2890 de
1780 2837 2075 2892 Nativitate

428 2907 668 2969 Domini,
700 2912 807 2961 etc.
858 2907 1142 2963 Lillerulae
1190 2907 1607 2970 munusculum,
1655 2912 1761 2962 etc.
1818 2907 1973 2961 Nihil
2006 2925 2075 2963 ex

427 2977 755 3050 doctissimi
803 2977 911 3032 viri
942 2976 1347 3033 dissertatione
1377 2978 1486 3033 hoc
1519 2978 1647 3050 loco
1684 2979 2070 3050 excerpimus,

428 3051 567 3123 quia
587 3048 875 3123 integram
907 3065 1035 3123 eam
1070 3055 1553 3121 repraesentamus
1583 3049 1655 3104 ad
1688 3048 1905 3104 calcem
1932 3049 2072 3105 isto-

428 3120 560 3177 rum
591 3120 1100 3177 sermonumﬂoe
1131 3120 1316 3175 unum
1348 3137 1575 3184 moneo,
1599 3124 1922 3175 correctum
1945 3138 2073 3177 esse

2199 559 2257 610 et
2280 572 2567 628 corporea;
2597 554 2746 614 lucis
2776 555 3100 615 elementa?
3130 574 3380 631 quorum
3411 574 3596 614 unum
3618 562 3705 614 est
3725 573 3841 615 ma-

2187 644 2338 717 joris
2370 644 2675 715 claritatis,
2710 651 2767 703 et
2797 646 2956 704 aliud
2990 646 3235 704 minoris
3265 653 3357 704 est
3387 646 3649 704 luminis.
3682 645 3838 705 Sicut

2196 735 2350 790 enim
2383 734 2498 791 alia
2528 735 2758 803 diurna,
2792 734 2908 792 alia
2946 740 3232 793 nocturna
3261 741 3401 793 sunt
3429 741 3712 809 tempora,
3759 736 3841 794 ita

2196 823 2271 896 (ri)
2287 824 2647 881 diversamin
2666 824 3058 883 luminaribus
3071 825 3418 899 qualitatem
3430 827 3662 882 Creator
3682 826 3844 883 insti-

2194 915 2327 983 tuit,
2346 932 2477 970 cum
2500 919 2695 971 tamen
2729 915 3076 987 priusquam
3109 915 3230 972 haec
3253 916 3476 983 fierent,
3496 919 3552 971 et
3572 916 3697 971 dies
3717 916 3840 974 sine

2194 1002 2336 1059 solis
2358 1003 2567 1069 ofﬁcio,
2592 1008 2649 1060 et
2688 1009 2887 1060 noctes
2926 1005 3053 1061 sine
3076 1004 3226 1060 luna
3250 1004 3575 1060 ministerio
3596 994 3837 1077 praeces-

2193 1091 2427 1148 sissent.
2452 1093 2564 1148 Sed
2584 1093 2655 1156 (e)
2674 1093 3077 1149 condebantur
3092 1093 3206 1149 ista
3224 1094 3294 1148 ad
3319 1092 3565 1148 faciendi
3584 1092 3835 1150 hominis

2192 1180 2525 1250 utilitatem,
2559 1185 2623 1237 ut
2657 1182 2937 1239 rationale
2985 1181 3203 1239 animal
3234 1198 3339 1237 nec
3368 1182 3437 1236 in'
3464 1181 3839 1238 distinctione

2190 1270 2504 1339 mensium,
2527 1287 2629 1327 nec
2651 1270 2709 1326 in
2733 1288 2972 1328 recursu
2993 1287 3305 1338 annorum,
3343 1286 3447 1326 nec
3480 1269 3542 1325 in
3571 1270 3839 1325 dinume-

2190 1359 2412 1414 ratione
2433 1361 2869 1433 96temporum
2893 1358 3206 1416 falleretur:
3233 1376 3364 1415 cum
3387 1375 3489 1431 per
3502 1358 3571 1431 (ρ
3590 1359 3842 1431 ineque-

2188 1446 2333 1503 lium
2357 1446 2904 1521 horarumimpares
2916 1446 3583 1517 moras,etdissimilium
3597 1451 3838 1503 artuum

2189 1537 2358 1610 signa
2373 1537 2698 1605 manifesta,
2724 1541 2780 1593 et
2801 1554 2985 1594 annos
2997 1535 3084 1593 sol
3108 1536 3499 1603 concluderet,
3518 1540 3576 1591 et
3597 1552 3832 1593 menses

2185 1625 2327 1681 luna
2344 1628 2418 1698 (g)
2449 1631 2767 1683 renovaret.
2792 1626 3007 1691 Quarto
3030 1643 3304 1698 namque,
3329 1628 3394 1681 ut
3422 1625 3695 1698 legimus,
3720 1626 3836 1694 die,

2187 1717 2333 1772 dixit
2363 1717 2516 1772 Deus
2544 1732 2556 1769 :
2581 1717 2741 1771 Fiant
2772 1716 3077 1771 luminaria
3127 1717 3187 1771 in
3225 1716 3567 1786 ﬁrmamento
3613 1715 3755 1781 casti,
3789 1722 3842 1771 et

2187 1806 2401 1862 luceant
2428 1821 2588 1877 super
2616 1809 2840 1871 terram,
2862 1809 2916 1861 et
2930 1805 3177 1861 dividant
3197 1805 3343 1860 inter
3368 1804 3514 1860 diem
3532 1809 3584 1860 et
3600 1806 3834 1872 noctem,

2180 1904 2231 1953 et
2260 1897 2374 1951 sint
2402 1896 2462 1951 in
2490 1897 2667 1964 signa,
2692 1903 2742 1950 et
2758 1902 3019 1967 tempora,
3039 1897 3087 1950 et
3116 1894 3250 1962 dies,
3272 1902 3324 1950 et
3344 1909 3536 1960 annos,
3569 1896 3621 1949 et
3639 1895 3754 1949 sint
3772 1894 3835 1949 in

2163 1970 2528 2058 “ﬁrmamento
2575 1983 2713 2050 cceli,
2769 1990 2829 2039 at
2869 1984 3085 2039 luceant
3130 1999 3296 2056 super
3339 1984 3547 2038 terram
3577 1982 3734 2046 (Gen.
3789 1996 3832 2052 ι,

2182 2075 2271 2140 14,
2308 2074 2416 2145 15).

2252 2162 2386 2219 CAP.
2420 2161 2513 2218 VI.
2547 2178 2615 2202 ——‘
2637 2161 3067 2234 Expergiscere,
3103 2178 3134 2217 ο
3166 2159 3363 2229 homo,
3396 2164 3454 2216 et
3483 2159 3836 2233 dignitatem

2180 2254 2294 2307 tuae
2312 2267 2593 2324 cognosce
2613 2254 2855 2306 natuiae.
2880 2250 3205 2306 Recordare
3222 2254 3276 2305 te
3301 2250 3521 2306 factum
3535 2249 3609 2305 ad
3626 2248 3842 2324 imagi-

2183 2356 2315 2396 nem
2332 2339 2433 2396 Dei
2450 2340 2601 2412 (Gen.
2627 2357 2666 2410 1,
2687 2341 2816 2413 26)‘;
2843 2356 2992 2411 quae,
3025 2339 3134 2395 etsi
3160 2339 3217 2395 in
3240 2340 3425 2395 Adam
3446 2342 3738 2411 corrupta,
3772 2338 3838 2394 in

2180 2428 2407 2486 Christo
2418 2433 2615 2485 tamen
2628 2432 2715 2485 est
2731 2427 3235 2485 reformata.Utere
3247 2427 3537 2500 quomodo
3551 2428 3841 2483 utendum

2182 2571 2328 2626 opus
2352 2570 2465 2608 non
2479 2557 2601 2626 erat
2621 2552 2797 2624 utqui
2816 2550 2920 2626 illa
2940 2552 3236 2626 subibant,
3255 2550 3837 2626 adporientemsolem

2180 2622 2391 2696 corpus
2416 2641 2474 2679 re
2483 2622 2948 2696 ﬂecterent.Cum
2963 2628 3159 2696 autem
3173 2623 3413 2696 basilica
3428 2622 3663 2696 S.Petri,
3679 2623 3764 2678 sic
3774 2628 3842 2696 ut

2181 2700 2238 2751 et
2268 2693 2392 2751 alia:
2419 2696 2686 2767 quaedam
2708 2694 2982 2767 antiquae.
3000 2694 3170 2750 Urbis
3194 2693 3841 2767 basilicesolemoccig

2181 2767 2417 2823 dentem
2436 2764 2519 2822 ab
2543 2766 2786 2821 introitu
2818 2764 3149 2838 respiceret,
3192 2766 3329 2821 hinc
3355 2764 3690 2838 Christiani,
3723 2766 3832 2837 qui

2182 2838 2463 2893 orientem
2493 2854 2695 2893 versus
2726 2853 2891 2892 orare
2918 2836 3076 2892 soliti
3106 2843 3291 2903 erant,
3317 2854 3389 2892 ne
3419 2836 3663 2908 antiqua
3692 2836 3837 2892 con-

2183 2910 2431 2965 suetudo
2456 2926 2490 2964 a
2515 2909 2786 2981 patribus
2800 2914 3037 2981 accepta
3053 2915 3227 2981 atque
3254 2909 3313 2963 in
3330 2909 3457 2981 ipso
3480 2908 3837 2981 baptismate

2183 2985 2466 3053 usurpata
2486 2979 2718 3053 penitus
2740 2979 3190 3053 oblitteraretur,
3211 2979 3370 3053 hunc
3384 2979 3834 3053 ritum’retinue-

2183 3050 2412 3123 rant,'et
2424 3050 2659 3123 quidem
2677 3050 2733 3105 in
2749 3051 2874 3123 ejus
2888 3051 3138 3107 basilicae
3154 3051 3329 3106 unius
3344 3051 3604 3123 introitu,
3638 3050 3697 3105 in
3710 3068 3834 3122 qua

2183 3122 2321 3179 olim
2344 3120 2473 3194 fons
2497 3121 2864 3194 baptismalis
2881 3126 3021 3189 erat,
3042 3139 3157 3194 quo
3179 3122 3363 3194 abluti
3391 3120 3590 3194 fideles
3612 3120 3832 3194 nomen

425 3191 795 3273 hunclocum
827 3192 1170 3273 auctoritate
1189 3192 1405 3273 codicis
1427 3191 1685 3273 Vaticani
1712 3208 1875 3273 num.
1906 3194 2062 3273 1277,
2097 3205 2141 3273 (ξ
2178 3195 2317 3250 dare
2363 3191 2591 3273 Christo
2621 3191 3197 3273 conspeveranfsub
3233 3193 3496 3273 _Romani
3534 3193 3834 3273 pontiﬁcis

424 3281 460 3321 a
489 3262 776 3320 sexcentis
807 3262 1035 3319 circiter
1078 3263 1248 3318 annis
1290 3263 1528 3318 exarati.
1564 3283 1592 3311 ››
1624 3267 1917 3319 Hactenus
1947 3263 2063 3319 ille.

425 3333 711 3408 Ciampini
738 3333 1210 3408 dissertationem
1241 3335 1301 3389 in
1323 3334 1827 3408 observationibus
1848 3336 2067 3408 nostris

426 3404 705 3463 insertam
735 3404 1012 3461 invenies.
1038 3406 1101 3461 In
1124 3421 1436 3461 numerum
1459 3409 1653 3462 autem
1675 3406 1893 3462 codicis
1914 3406 2071 3462 Vati-

424 3477 555 3559 cani
589 3479 753 3559 1277,
780 3494 953 3550 quem
999 3493 1133 3559 cum
1180 3476 1697 3559 optirnadectione
1726 3477 2067 3549 Ciampinus

425 3552 632 3604 nactus
674 3548 995 3611 est,'error
1032 3548 1286 3619 irrepsit.
1320 3548 1509 3604 Codex
1537 3548 1692 3604 enim
1725 3565 1791 3605 eo
1823 3548 2066 3604 numero

422 3621 689 3693 signatus
704 3619 845 3674 nihil
865 3619 1043 3693 habet
1062 3621 1220 3693 quod
1240 3620 1311 3675 ad
1327 3620 1576 3693 Leonem
1603 3619 1905 3693 pertineat.
1930 3620 2068 3675 Dili—

462 3690 621 3774 entia
643 3690 841 3774 autem
862 3690 1266 3774 inquisitionis
1290 3690 1569 3774 adhibita,
1594 3690 1925 3774 reperimus
1936 3707 2066 3774 eam

422 3708 621 3818 gentia
643 3708 841 3747 autem
862 3708 1258 3763 inquismonis
1290 3708 1569 3772 aanimia,
1594 3708 1919 3774 reperimus
1936 3708 2064 3746 eam

445 3763 729 3818 ectionem
757 3761 817 3816 in
846 3761 1189 3833 perantiquo
1219 3760 1496 3833 Vaticano
1523 3762 1883 3817 Lectionario
1908 3764 2064 3830 1267,

424 3839 481 3904 et
509 3833 667 3888 hunc
695 3831 953 3904 codicem
975 3849 1009 3887 a
1029 3831 1327 3904 Ciampino
1348 3831 1967 3904 allegatumqarbitram
1978 3850 2063 3904 ur.

427 3898 573 3958 Huic
604 3909 799 3958 autem
833 3903 981 3958 duos
1010 3902 1157 3957 alios
1187 3898 1333 3957 mss.
1360 3898 1538 3958 libros
1558 3902 1810 3959 basilica:
1832 3904 1890 3959 S.
1915 3903 2067 3959 Petri

424 3975 712 4044 addimus
731 3975 993 4044 signatos
1026 3991 1188 4028 num.
1223 3975 1412 4044 105st
1433 3974 1555 4039 107,
1579 3979 1636 4029 et
1658 3991 1840 4029 unum
1858 3974 2063 4031 Vallic.

425 4047 472 4102 A
501 4045 589 4112 10,
621 4043 720 4117 qui
736 4043 1057 4117 lectionem
1082 4061 1192 4100 ara:
1214 4043 1484 4117 similiter
1503 4047 1834 4117 praeferunt.
1859 4046 1922 4101 In
1954 4046 2066 4102 alio

424 4132 558 4188 vero
588 4114 852 4188 ejusdem
882 4114 1134 4188 basilicae
1166 4116 1292 4188 cod.
1324 4115 1449 4182 106,
1480 4114 1580 4188 qui
1605 4122 1799 4172 tamen
1841 4133 1955 4173 non
1986 4117 2069 4173 ita

427 4185 679 4259 antiquas
710 4185 951 4259 originis
977 4190 1085 4253 est,
1118 4186 1366 4259 habetur
1392 4185 1670 4259 arcisppro
1704 4202 1890 4251 areae;
1914 4189 2069 4245 sicut

426 4257 602 4340 etiam
625 4258 684 4341 in
707 4257 822 4341 ms;
842 4258 1181 4341 Veronensi.
1198 4257 1369 4341 Forte
1380 4257 1594 4341 aliquis
1607 4259 2070 4341 antiquu‘s'libra-

427 4330 551 4403 rius
571 4329 857 4403 scriptum
879 4329 1098 4403 invenit
1116 4328 1372 4403 arcauti
1393 4328 1602 4403 legitur
1618 4329 1677 4386 in
1698 4328 2068 4403 m'ss.Veneto

713 4400 862 4473 asin.
885 4398 1109 4473 collect.
1136 4402 1187 4473 1,
1210 4402 1429 4473 et‘areis
1450 4398 1652 4473 potius
1672 4401 2069 4473 scribendum

426 4473 668 4547 putavit.
694 4473 756 4527 In
790 4471 901 4528 alio
931 4471 1212 4529 Vallicell.
1244 4471 1433 4540 XXVI,
1458 4471 1643 4531 aereae
1671 4471 1919 4529 habetur
1965 4491 2068 4546 pro

427 4559 596 4601 area}.

500 4615 572 4687 (α)
586 4613 1080 4671 Consuetudinem
1104 4614 1278 4671 istam
1292 4618 1634 4686 usurpatam
1649 4631 1776 4670 esse
1790 4615 1930 4671 dicit
1941 4632 2075 4672 auc-

427 4686 519 4741 tor
541 4686 737 4741 noster
745 4687 951 4758 partim
973 4687 1306 4756 ignorantiae
1328 4686 1481 4758 vitio,
1494 4688 1711 4758 partim
1735 4688 2072 4758 paganitatis

427 4756 990 4830 spiritugnatamque
1022 4773 1089 4812 ex
1114 4774 1293 4830 prava
1321 4773 1423 4812 seu
1456 4756 1933 4830 Manichaeorum,
1967 4774 2073 4815 seu

478 4826 1169 4900 riscillianistar'umerg'a
1189 4828 1389 4900 sidera
1416 4827 1802 4884 veneratione.
1827 4828 1969 4885 Cum
1992 4834 2075 4885 ta-

430 4903 821 4973 men_asserat
850 4898 1136 4973 quosdam
1176 4899 1323 4973 forte
1351 4898 1681 4955 Creatorem
1715 4900 1911 4972 potius
1942 4899 2071 4973 pul-

430 4969 816 5044 chriluminis
837 4987 1013 5044 quam
1036 4970 1232 5043 ipsum
1253 4970 1451 5026 lumen
1470 4986 1598 5044 esse
1611 4969 2074 5044 ven—eratosfpro-

431 5041 622 5099 habile
643 5041 960 5097 admodum
979 5041 1075 5097 est
1089 5045 1281 5097 ortum
1294 5058 1424 5098 esse
1445 5042 1621 5097 ritum
1646 5041 1814 5098 illum
1839 5059 1907 5099 ex
1930 5041 2076 5098 anti-

433 5131 548 5187 quo
568 5111 1036 5187 Christianorum
1087 5129 1269 5179 more,
1303 5113 1402 5185 qui
1445 5113 1523 5187 ad
1565 5111 1846 5169 orientem
1884 5115 2073 5187 solem

429 5183 593 5257 versi
612 5201 775 5240 orare
797 5189 1244 5257 consueverant;
1270 5183 1708 5257 praesertimque
1728 5201 1861 5240 cum
1883 5184 2074 5257 bapti-

431 5256 600 5311 zandi
631 5260 817 5323 erant,
850 5256 1108 5312 conversi
1142 5256 1213 5310 ad
1245 5254 1627 5310 occidentem’
1649 5255 1873 5309 Satanae
1922 5254 2073 5311 nun-

430 5328 579 5382 tium
611 5326 1004 5395 remittebant,
1038 5326 1298 5382 conversi
1337 5330 1533 5381 autem
1578 5326 1948 5396 postmodum
2001 5327 2071 5382 ad

431 5396 735 5464 orientem,
759 5398 1056 5454 Christum
1069 5397 1404 5454 salutabant
1415 5402 1592 5464 atque
1608 5396 1945 5452 adorabunt.
1963 5398 2074 5453 Sed

433 5486 538 5551 cur
556 5468 668 5525 hoc
691 5468 1058 5551 iq'ingressu.
1085 5467 1337 5551 basilicae
1369 5466 1626 5548 S..Petri
1658 5466 2074 5551 potiusqpam

434 5538 719 5594 aliarum?
732 5537 1022 5596 Nimirum
1043 5544 1183 5610 tunc
1213 5537 1492 5610 temporis
1516 5537 1795 5610 mosierat
1820 5543 1886 5594 ut
1912 5537 2077 5595 Chri-

434 5610 505 5667 sti
514 5611 993 5683 auorumtempla
1007 5609 1189 5683 solem
1212 5607 1493 5683 orientem
1514 5607 1890 5680 respicerent,
1912 5627 2076 5667 eum-

434 5698 546 5754 que
574 5680 965 5754 ingredientes
1000 5682 1307 5740 adversum
1346 5680 1660 5748 haberent;
1693 5683 2076 5754 quamobrem

2179 3282 2381 3321 manu.
2405 3266 2622 3329 QUESN.
2646 3264 2953 3336 —Cont'er
2982 3282 3109 3336 quae
3140 3265 3198 3319 in
3233 3264 3387 3336 hunc
3416 3262 3613 3336 locum
3644 3264 3832 3336 expli-

2176 3337 2431 3417 candum
2444 3336 2662 3417 optime
2683 3335 2927 3417 digessit
2941 3334 3280 3417 Ciampinus
3299 3335 3421 3417 loco
3437 3334 3685 3407 allegato
3717 3334 3835 3392 no-

2176 3408 2394 3464 tatione
2416 3406 2783 3479 princedenti,
2810 3407 2911 3462 ubi
2942 3406 3328 3463 inter'caetera
3352 3406 3689 3479 ingressum
3724 3424 3832 3463 seu

2178 3425 2394 3464 tatione
2456 3425 2783 3474 raiceaenu,
2810 3425 2911 3462 uni
2942 3425 3094 3463 inter
3121 3425 3328 3463 caetera
3352 3425 3689 3479 ingressum
3724 3425 3832 3463 seu

2178 3479 2382 3535 faciem
2413 3425 2670 3534 Basilica:
2687 3482 2722 3533 S
2746 3478 2900 3550 Petri
2920 3478 2991 3533 ad
3011 3479 3295 3535 orientem
3314 3484 3611 3550 spectasse
3627 3482 3836 3534 osten-

2175 3550 2281 3619 dit,
2307 3551 2462 3605 unde
2478 3550 2759 3606 orientem
2775 3549 2954 3605 solem
2969 3549 3295 3605 veneraturi
3310 3549 3367 3604 in
3382 3554 3661 3622 suggestu
3679 3565 3832 3605 areae

2177 3622 2515 3693 superioris,
2560 3637 2799 3692 corpore
2848 3622 3121 3690 reﬂectere
3168 3621 3477 3677 debebant.
3513 3621 3593 3676 'Id
3626 3626 3831 3678 autem

2171 3695 2380 3765 partim
2423 3694 2758 3774 ignorantia
2803 3694 2952 3774 vitio,
2978 3694 3210 3774 .partim
3255 3693 3598 3774 paganitatis
3626 3694 3833 3772 spiritu

2176 3764 2353 3820 ﬂebat
2383 3781 2416 3820 a
2446 3762 2748 3836 nonnullis
2780 3763 3147 3836 Christianis,
3177 3762 3421 3836 quiaﬂbi
3473 3767 3833 3836 arripientes

3133 3806 3147 3833 9

2175 3841 2428 3891 veterem
2451 3835 2916 3892 Christianorum
2948 3835 3124 3891 ritum
3150 3833 3354 3890 orandi
3378 3833 3522 3890 facie
3539 3833 3619 3889 ad
3637 3834 3833 3890 orien-

2175 3912 2294 3962 tem
2318 3907 2850 3978 versa,ignorantes
2874 3918 3007 3962 vero
3018 3907 3210 3978 hujus
3226 3907 3374 3961 ritus
3396 3905 3829 3978 rationem,qua

2176 3995 2292 4033 non
2324 3977 2430 4045 sol,
2455 3976 2557 4032 sed
2584 3980 2732 4032 Deus
2754 3976 3126 4044 adorabatur,
3150 3978 3421 4034 eumdem
3435 3977 3611 4032 ritum
3634 3976 3706 4032 ad
3730 3976 3829 4033 so-

2175 4049 2291 4104 lem
2312 4052 2646 4104 nascentem
2668 4049 3063 4104 venerandum
3131 4048 3372 4122 aganico
3395 4047 3604 4121 spiritu
3630 4048 3833 4103 tradu-

2176 4121 2404 4175 cebant.
2429 4119 2574 4174 Hinc
2588 4135 2823 4175 pravam
2844 4066 3134 4175 eiusmodi
3156 4118 3641 4175 consuetudinem
3664 4118 3727 4174 in
3753 4119 3829 4174 iis

2176 4121 2404 4176 cebant.
2429 4119 2574 4174 Hinc
2585 4135 2823 4191 pravam
2844 4118 3134 4191 ejusmodi
3156 4118 3641 4191 consuetudinem
3664 4118 3727 4174 in
3753 4119 3829 4191 iis

2176 4190 2521 4263 Christianis
2542 4189 2605 4246 Si
2630 4189 2888 4263 pontifex'
2919 4208 3033 4246 non
3064 4207 3095 4246 e
3117 4190 3450 4263 Manichaeis
3466 4189 3573 4263 vel,
3588 4189 3681 4263 Pri
3690 4190 3831 4263 scil-

2174 4261 2428 4319 lianistis
2449 4260 2646 4334 ortam
2658 4262 2897 4334 indicat,
2915 4263 3013 4318 sed
3032 4278 3101 4334 ea
3130 4262 3371 4334 antiquo
3394 4261 3513 4317 ritu
3543 4260 3828 4334 Christia-

2179 4350 2389 4390 norum
2405 4333 2686 4407 paganico
2702 4333 2996 4407 spiritu‘ad
3011 4332 3195 4407 solem
3208 4332 3543 4407 ignoranter
3560 4333 3832 4407 traducto

2178 4421 2282 4460 nec
2300 4403 2685 4478 reprehendit
2695 4403 2889 4460 tamen
2904 4404 3099 4478 ipsum
3117 4403 3295 4478 ritu'm
3312 4404 3515 4478 orandi
3538 4403 3611 4458 ad
3631 4403 3832 4478 Orienf

2178 4480 2318 4543 tem,
2342 4474 2445 4548 sed
2479 4476 2607 4547 ejus
2639 4474 3053 4548 abusuquuo
3092 4475 3177 4532 vel
3201 4476 3286 4532 sol
3315 4474 3634 4548 colebatur,
3665 4475 3757 4530 vel
3781 4474 3832 4531 si

2180 4564 2296 4603 non
2318 4546 2427 4613 sol,
2450 4545 2551 4603 sed
2594 4552 2740 4603 Deus
2761 4545 3068 4616 coleretur,
3097 4546 3443 4604 scandalum
3474 4563 3543 4603 ex
3574 4545 3834 4603 circum-

2180 4617 2415 4675 stantiis
2446 4617 2583 4673 oriri
2616 4623 2864 4689 poterat.

2250 4690 2329 4766 (bi
2352 4690 2446 4745 Sic
2470 4706 2539 4766 ex
2563 4687 2707 4766 mss,
2721 4689 2789 4766 _S.
2814 4688 2966 4745 Petri
2986 4692 3042 4747 et
3056 4689 3266 4747 Veron.
3288 4687 3353 4745 Al
3368 4730 3404 4757 .,
3422 4688 3490 4744 ab
3508 4689 3625 4761 ipsa
3640 4687 3840 4760 hujus-

2180 4760 2329 4853 τηιξάέ
2354 4761 2528 4853 specie
2554 4760 2748 4853 orer:

2252 4835 2323 4896 (ο)
2356 4829 2541 4901 Forte,
2576 4829 2837 4888 visibiles.
2863 4832 3239 4899 QUESNELLUS
3268 4830 3329 4887 in
3360 4829 3648 4901 margine.

2254 4903 2335 4969 (cl)
2350 4902 2539 4959 Codex
2559 4902 2766 4974 Veron.
2779 4944 2792 4969 ,
2805 4903 3044 4974 diversas
3056 4904 3116 4957 in
3130 4900 3502 4959 luminaribus
3520 4900 3832 4974 qualitates.

2181 4972 2320 5029 Cod.
2348 4974 2485 5029 Bon.
2519 4978 2576 5028 et
2607 4973 2794 5045 prima
2817 4973 3015 5041 editio,
3047 4975 3109 5028 in
3140 4974 3465 5030 luminibus.

2254 5050 2322 5111 (θ)
2354 5045 2550 5100 Prima
2578 5040 2756 5100 editio
2786 5050 2844 5100 et
2871 5062 3026 5100 unus
3057 5044 3209 5113 Vat,
3241 5044 3691 5101 concedebantur.
3721 5040 3831 5098 Alii

2181 5114 2321 5170 editi
2344 5121 2481 5171 ante
2501 5115 2714 5179 Quesn.
2726 5157 2739 5181 ,
2757 5115 2972 5171 condita
2989 5124 3135 5172 sunt.
3151 5115 3626 5182 Quesnellianam
3641 5130 3838 5170 emen-

2182 5186 2475 5241 dationem
2527 5186 2850 5269 reperimus
2890 5187 2947 5269 ip
3003 5186 3492 5269 septem-nostris
3532 5184 3729 5269 codd,
3761 5184 3833 5241 ad

2184 5274 2362 5328 quam
2393 5256 2617 5312 accedit
2654 5274 2765 5312 ms.
2798 5258 3015 5324 Casin.,
3068 5256 3196 5313 cum
3221 5258 3574 5315 debebantur.
3609 5256 3742 5312 Mox
3768 5271 3837 5312 ex

2184 5328 2351 5409 codd.
2385 5332 2440 5382 S.
2472 5327 2646 5409 P_etri,
2693 5327 2845 5409 Vat,
2890 5328 3172 5409 Vallicell.
3225 5334 3283 5385 et
3300 5329 3512 5409 .Casin:
3548 5344 3614 5383 ac
3645 5327 3839 5400 prima

2183 5399 2459 5466 editione,
2490 5398 2732 5470 faciendi
2761 5400 3130 5472 reposuimus
3151 5416 3257 5526 pro
3285 5400 3618 5473 faciendam.
3646 5398 3663 5400 ⁷

2256 5477 2318 5526 (1)
2352 5473 2438 5525 Ita
2468 5487 2612 5525 mss.
2643 5471 2833 5526 Corb..
2867 5471 3148 5526 Gaudiiva
3176 5514 3191 5526 .
3247 5476 3304 5526 et
3331 5471 3481 5526 Vict.
3512 5466 3807 5526 Quesnelli

2256 5477 2321 5541 (ι)
2352 5473 2438 5525 lta
2468 5466 2612 5525 mss.
2643 5466 2842 5538 Corb.,"
2867 5466 3191 5528 Gaudiival.
3247 5466 3304 5528 et
3331 5471 3481 5527 Vict.
3512 5466 3835 5541 Quesnelli.

2182 5539 2463 5596 Similiter
2491 5541 2674 5598 nostri
2719 5543 2888 5599 codd.
2940 5548 2997 5599 et
3025 5542 3320 5599 nonnullae
3369 5542 3673 5598 editiones.
3720 5539 3835 5606 AL,

2182 5614 2509 5668 aeaualium.

2182 5627 2509 5676 aequalium.
2981 5669 2987 5676 ι

2238 5630 2885 5754 determinaret
2904 5669 3137 5743 in'mss.
3173 5686 3342 5744 Corb.
3374 5681 3692 5751 Quesnelli.
