  <div class='ocr_page' id='page_1' title='image "/cluster/home/n/w/nwhite01/storage/ocr_20150623/54/hvd.32044054758636/121.png"; bbox 0 0 4098 6188; ppageno 0'>
   <div class='ocr_carea' id='block_1_1' title="bbox 404 334 516 399">
    <p class='ocr_par' dir='ltr' id='par_1_1' title="bbox 404 334 516 399">
     <span class='ocr_line' id='line_1_1' title="bbox 404 334 516 399; baseline -0.027 0"><span class='ocrx_word' id='word_1_1' title='bbox 404 334 516 399; x_wconf 77' lang='grc'>227</span> 
     </span>
    </p>
   </div>
   <div class='ocr_carea' id='block_1_2' title="bbox 1523 326 2702 395">
    <p class='ocr_par' dir='ltr' id='par_1_2' title="bbox 1523 326 2702 395">
     <span class='ocr_line' id='line_1_2' title="bbox 1523 326 2702 395; baseline 0 -3"><span class='ocrx_word' id='word_1_2' title='bbox 1523 329 1589 392; x_wconf 82' lang='grc'>8.</span> <span class='ocrx_word' id='word_1_3' title='bbox 1636 326 1915 392; x_wconf 84' lang='lat' dir='ltr'>LEONIS</span> <span class='ocrx_word' id='word_1_4' title='bbox 1960 326 2211 394; x_wconf 78' lang='lat' dir='ltr'><strong>MAGNI</strong></span> <span class='ocrx_word' id='word_1_5' title='bbox 2257 326 2702 395; x_wconf 75' lang='lat' dir='ltr'>SERMONES.</span> 
     </span>
    </p>
   </div>
   <div class='ocr_carea' id='block_1_3' title="bbox 3690 322 3812 394">
    <p class='ocr_par' dir='ltr' id='par_1_3' title="bbox 3690 322 3812 394">
     <span class='ocr_line' id='line_1_3' title="bbox 3690 322 3812 394; baseline -0.016 0"><span class='ocrx_word' id='word_1_6' title='bbox 3690 322 3812 394; x_wconf 70' lang='lat'>228</span> 
     </span>
    </p>
   </div>
   <div class='ocr_carea' id='block_1_4' title="bbox 404 444 3810 538">
    <p class='ocr_par' dir='ltr' id='par_1_4' title="bbox 404 444 3810 538">
     <span class='ocr_line' id='line_1_4' title="bbox 404 444 3810 538; baseline -0.002 -11"><span class='ocrx_word' id='word_1_7' title='bbox 404 474 465 527; x_wconf 90' lang='lat' dir='ltr'>et</span> <span class='ocrx_word' id='word_1_8' title='bbox 496 471 790 535; x_wconf 82' lang='lat' dir='ltr'>docemur,</span> <span class='ocrx_word' id='word_1_9' title='bbox 830 469 891 521; x_wconf 89' lang='lat' dir='ltr'>ut</span> <span class='ocrx_word' id='word_1_10' title='bbox 919 465 1001 533; x_wconf 83' lang='grc' dir='ltr'>(α)</span> <span class='ocrx_word' id='word_1_11' title='bbox 1033 462 1201 519; x_wconf 89' lang='lat' dir='ltr'>nobis</span> <span class='ocrx_word' id='word_1_12' title='bbox 1244 460 1613 520; x_wconf 84' lang='lat' dir='ltr'>Nativitatcm</span> <span class='ocrx_word' id='word_1_13' title='bbox 1654 462 1903 531; x_wconf 83' lang='lat' dir='ltr'>Domini,</span> <span class='ocrx_word' id='word_1_14' title='bbox 1938 479 2056 535; x_wconf 72' lang='lat' dir='ltr'>qua</span> <span class='ocrx_word' id='word_1_15' title='bbox 2082 464 2136 533; x_wconf 82' lang='grc' dir='ltr'><strong>Α</strong></span> <span class='ocrx_word' id='word_1_16' title='bbox 2157 444 2657 537; x_wconf 66' lang='lat' dir='ltr'>fawntem,qnam</span> <span class='ocrx_word' id='word_1_17' title='bbox 2690 462 2749 520; x_wconf 93' lang='lat' dir='ltr'>in</span> <span class='ocrx_word' id='word_1_18' title='bbox 2771 463 2982 528; x_wconf 78' lang='lat' dir='ltr'><strong>throno</strong></span> <span class='ocrx_word' id='word_1_19' title='bbox 3002 465 3253 538; x_wconf 65' lang='lat' dir='ltr'>paternae</span> <span class='ocrx_word' id='word_1_20' title='bbox 3275 461 3604 521; x_wconf 86' lang='lat' dir='ltr'>altitudinis</span> <span class='ocrx_word' id='word_1_21' title='bbox 3625 464 3810 519; x_wconf 90' lang='lat' dir='ltr'>consi-</span> 
     </span>
    </p>
   </div>
   <div class='ocr_carea' id='block_1_5' title="bbox 406 552 2053 625">
    <p class='ocr_par' dir='ltr' id='par_1_5' title="bbox 406 552 2053 625">
     <span class='ocr_line' id='line_1_5' title="bbox 406 552 2053 625; baseline -0.007 -8"><span class='ocrx_word' id='word_1_22' title='bbox 406 560 634 617; x_wconf 83' lang='lat' dir='ltr'>Verbum</span> <span class='ocrx_word' id='word_1_23' title='bbox 661 570 786 612; x_wconf 88' lang='lat' dir='ltr'>caro</span> <span class='ocrx_word' id='word_1_24' title='bbox 832 556 1039 625; x_wconf 81' lang='lat' dir='ltr'>factum</span> <span class='ocrx_word' id='word_1_25' title='bbox 1066 555 1145 608; x_wconf 86' lang='lat' dir='ltr'>est</span> <span class='ocrx_word' id='word_1_26' title='bbox 1176 554 1353 621; x_wconf 82' lang='lat' dir='ltr'>(Joan.</span> <span class='ocrx_word' id='word_1_27' title='bbox 1381 569 1419 619; x_wconf 83' lang='lat'>1,</span> <span class='ocrx_word' id='word_1_28' title='bbox 1446 552 1554 623; x_wconf 80' lang='grc'>14),</span> <span class='ocrx_word' id='word_1_29' title='bbox 1583 568 1699 607; x_wconf 91' lang='lat' dir='ltr'>non</span> <span class='ocrx_word' id='word_1_30' title='bbox 1741 556 1861 606; x_wconf 90' lang='lat' dir='ltr'>tam</span> <span class='ocrx_word' id='word_1_31' title='bbox 1908 568 2053 622; x_wconf 60' lang='lat' dir='ltr'>prae-</span> 
     </span>
    </p>
   </div>
   <div class='ocr_carea' id='block_1_6' title="bbox 402 640 2051 713">
    <p class='ocr_par' dir='ltr' id='par_1_6' title="bbox 402 640 2051 713">
     <span class='ocr_line' id='line_1_6' title="bbox 402 640 2051 713; baseline -0.006 -8"><span class='ocrx_word' id='word_1_32' title='bbox 402 649 633 705; x_wconf 85' lang='lat' dir='ltr'>teritam</span> <span class='ocrx_word' id='word_1_33' title='bbox 662 642 1116 713; x_wconf 87' lang='lat' dir='ltr'>recolere,quam</span> <span class='ocrx_word' id='word_1_34' title='bbox 1159 645 1503 713; x_wconf 73' lang='lat' dir='ltr'>prmsentem</span> <span class='ocrx_word' id='word_1_35' title='bbox 1533 640 1839 696; x_wconf 84' lang='lat' dir='ltr'>videamur</span> <span class='ocrx_word' id='word_1_36' title='bbox 1870 640 2051 712; x_wconf 82' lang='lat' dir='ltr'>inspi-</span> 
     </span>
    </p>
   </div>
   <div class='ocr_carea' id='block_1_7' title="bbox 402 730 2049 802">
    <p class='ocr_par' dir='ltr' id='par_1_7' title="bbox 402 730 2049 802">
     <span class='ocr_line' id='line_1_7' title="bbox 402 730 2049 802; baseline -0.006 -9"><span class='ocrx_word' id='word_1_37' title='bbox 402 751 548 793; x_wconf 90' lang='lat' dir='ltr'>cere.</span> <span class='ocrx_word' id='word_1_38' title='bbox 576 733 736 800; x_wconf 88' lang='lat' dir='ltr'>Quod</span> <span class='ocrx_word' id='word_1_39' title='bbox 770 730 926 787; x_wconf 89' lang='lat' dir='ltr'>enim</span> <span class='ocrx_word' id='word_1_40' title='bbox 976 730 1310 801; x_wconf 77' lang='lat' dir='ltr'>pastoribus</span> <span class='ocrx_word' id='word_1_41' title='bbox 1361 746 1464 801; x_wconf 90' lang='lat' dir='ltr'>pro</span> <span class='ocrx_word' id='word_1_42' title='bbox 1513 745 1755 802; x_wconf 80' lang='lat' dir='ltr'>gregum</span> <span class='ocrx_word' id='word_1_43' title='bbox 1806 744 2049 784; x_wconf 90' lang='lat' dir='ltr'>suorum</span> 
     </span>
    </p>
   </div>
   <div class='ocr_carea' id='block_1_8' title="bbox 400 816 2045 891">
    <p class='ocr_par' dir='ltr' id='par_1_8' title="bbox 400 816 2045 891">
     <span class='ocr_line' id='line_1_8' title="bbox 400 816 2045 891; baseline -0.005 -11"><span class='ocrx_word' id='word_1_44' title='bbox 400 822 664 881; x_wconf 86' lang='lat' dir='ltr'>custodia</span> <span class='ocrx_word' id='word_1_45' title='bbox 693 819 1074 891; x_wconf 80' lang='lat' dir='ltr'>vigilantibus</span> <span class='ocrx_word' id='word_1_46' title='bbox 1104 817 1396 873; x_wconf 79' lang='lat' dir='ltr'>nuntiavit</span> <span class='ocrx_word' id='word_1_47' title='bbox 1424 816 1670 890; x_wconf 81' lang='lat' dir='ltr'>angelus</span> <span class='ocrx_word' id='word_1_48' title='bbox 1700 819 1770 887; x_wconf 90' lang='lat' dir='ltr'>(b)</span> <span class='ocrx_word' id='word_1_49' title='bbox 1791 817 2045 885; x_wconf 88' lang='lat' dir='ltr'>Domini,</span> 
     </span>
    </p>
   </div>
   <div class='ocr_carea' id='block_1_9' title="bbox 398 906 2048 980">
    <p class='ocr_par' dir='ltr' id='par_1_9' title="bbox 398 906 2048 980">
     <span class='ocr_line' id='line_1_9' title="bbox 398 906 2048 980; baseline -0.004 -11"><span class='ocrx_word' id='word_1_50' title='bbox 398 913 576 969; x_wconf 88' lang='lat' dir='ltr'>etiam</span> <span class='ocrx_word' id='word_1_51' title='bbox 608 914 877 967; x_wconf 89' lang='lat' dir='ltr'>nostrum</span> <span class='ocrx_word' id='word_1_52' title='bbox 898 907 1160 980; x_wconf 88' lang='lat' dir='ltr'>implevit</span> <span class='ocrx_word' id='word_1_53' title='bbox 1177 907 1474 974; x_wconf 85' lang='lat' dir='ltr'>auditum;</span> <span class='ocrx_word' id='word_1_54' title='bbox 1500 911 1560 962; x_wconf 89' lang='lat' dir='ltr'>et</span> <span class='ocrx_word' id='word_1_55' title='bbox 1580 906 1706 962; x_wconf 91' lang='lat' dir='ltr'>ideo</span> <span class='ocrx_word' id='word_1_56' title='bbox 1729 906 2048 962; x_wconf 87' lang='lat' dir='ltr'>Dominicis</span> 
     </span>
    </p>
   </div>
   <div class='ocr_carea' id='block_1_10' title="bbox 397 994 2047 1074">
    <p class='ocr_par' dir='ltr' id='par_1_10' title="bbox 397 994 2047 1074">
     <span class='ocr_line' id='line_1_10' title="bbox 397 994 2047 1074; baseline -0.005 -16"><span class='ocrx_word' id='word_1_57' title='bbox 397 1001 603 1058; x_wconf 90' lang='lat' dir='ltr'>ovibus</span> <span class='ocrx_word' id='word_1_58' title='bbox 633 1015 985 1074; x_wconf 83' lang='lat' dir='ltr'>praesumus,</span> <span class='ocrx_word' id='word_1_59' title='bbox 1003 998 1141 1070; x_wconf 84' lang='lat' dir='ltr'>quia</span> <span class='ocrx_word' id='word_1_60' title='bbox 1170 996 1344 1052; x_wconf 84' lang='lat' dir='ltr'>verba</span> <span class='ocrx_word' id='word_1_61' title='bbox 1368 994 1648 1051; x_wconf 89' lang='lat' dir='ltr'>divinitus</span> <span class='ocrx_word' id='word_1_62' title='bbox 1676 994 1833 1051; x_wconf 89' lang='lat' dir='ltr'>edita</span> <span class='ocrx_word' id='word_1_63' title='bbox 1856 995 2047 1051; x_wconf 90' lang='lat' dir='ltr'>cordis</span> 
     </span>
    </p>
   </div>
   <div class='ocr_carea' id='block_1_11' title="bbox 396 1084 2048 1162">
    <p class='ocr_par' dir='ltr' id='par_1_11' title="bbox 396 1084 2048 1162">
     <span class='ocr_line' id='line_1_11' title="bbox 396 1084 2048 1162; baseline -0.004 -15"><span class='ocrx_word' id='word_1_64' title='bbox 396 1108 535 1148; x_wconf 90' lang='lat' dir='ltr'>aure</span> <span class='ocrx_word' id='word_1_65' title='bbox 548 1090 619 1162; x_wconf 84' lang='lat' dir='ltr'>(e)</span> <span class='ocrx_word' id='word_1_66' title='bbox 633 1104 957 1158; x_wconf 78' lang='lat' dir='ltr'>servamus,</span> <span class='ocrx_word' id='word_1_67' title='bbox 972 1093 1273 1158; x_wconf 80' lang='lat' dir='ltr'>tamquam</span> <span class='ocrx_word' id='word_1_68' title='bbox 1292 1088 1348 1141; x_wconf 91' lang='lat' dir='ltr'>et</span> <span class='ocrx_word' id='word_1_69' title='bbox 1362 1086 1421 1139; x_wconf 92' lang='lat' dir='ltr'>in</span> <span class='ocrx_word' id='word_1_70' title='bbox 1439 1084 1721 1139; x_wconf 89' lang='lat' dir='ltr'>hodierna</span> <span class='ocrx_word' id='word_1_71' title='bbox 1736 1084 2048 1140; x_wconf 85' lang='lat' dir='ltr'>festivitate</span> 
     </span>
    </p>
   </div>
   <div class='ocr_carea' id='block_1_12' title="bbox 394 1173 2044 1247">
    <p class='ocr_par' dir='ltr' id='par_1_12' title="bbox 394 1173 2044 1247">
     <span class='ocr_line' id='line_1_12' title="bbox 394 1173 2044 1247; baseline -0.005 -11"><span class='ocrx_word' id='word_1_72' title='bbox 394 1179 622 1236; x_wconf 85' lang='lat' dir='ltr'>dicatur</span> <span class='ocrx_word' id='word_1_73' title='bbox 643 1196 656 1233; x_wconf 91' lang='lat'>:</span> <span class='ocrx_word' id='word_1_74' title='bbox 680 1179 810 1233; x_wconf 87' lang='lat' dir='ltr'>Ecce</span> <span class='ocrx_word' id='word_1_75' title='bbox 833 1192 927 1247; x_wconf 85' lang='lat' dir='ltr'>ego</span> <span class='ocrx_word' id='word_1_76' title='bbox 957 1176 1267 1245; x_wconf 76' lang='lat' dir='ltr'>evangelizo</span> <span class='ocrx_word' id='word_1_77' title='bbox 1288 1174 1436 1229; x_wconf 85' lang='lat' dir='ltr'>vobis</span> <span class='ocrx_word' id='word_1_78' title='bbox 1464 1173 1729 1243; x_wconf 80' lang='lat' dir='ltr'>gaudium</span> <span class='ocrx_word' id='word_1_79' title='bbox 1758 1189 2044 1244; x_wconf 84' lang='lat' dir='ltr'>magnum,</span> 
     </span>
    </p>
   </div>
   <div class='ocr_carea' id='block_1_13' title="bbox 393 1261 2043 1342">
    <p class='ocr_par' dir='ltr' id='par_1_13' title="bbox 393 1261 2043 1342">
     <span class='ocr_line' id='line_1_13' title="bbox 393 1261 2043 1342; baseline -0.006 -17"><span class='ocrx_word' id='word_1_80' title='bbox 393 1268 535 1342; x_wconf 90' lang='lat' dir='ltr'>quod</span> <span class='ocrx_word' id='word_1_81' title='bbox 562 1269 668 1325; x_wconf 86' lang='lat' dir='ltr'>erit</span> <span class='ocrx_word' id='word_1_82' title='bbox 689 1268 841 1322; x_wconf 90' lang='lat' dir='ltr'>omni</span> <span class='ocrx_word' id='word_1_83' title='bbox 863 1266 1081 1337; x_wconf 88' lang='lat' dir='ltr'>populo,</span> <span class='ocrx_word' id='word_1_84' title='bbox 1104 1266 1238 1336; x_wconf 88' lang='lat' dir='ltr'>quia</span> <span class='ocrx_word' id='word_1_85' title='bbox 1260 1266 1424 1318; x_wconf 86' lang='lat' dir='ltr'>natus</span> <span class='ocrx_word' id='word_1_86' title='bbox 1450 1271 1529 1318; x_wconf 88' lang='lat' dir='ltr'>est</span> <span class='ocrx_word' id='word_1_87' title='bbox 1556 1262 1703 1317; x_wconf 87' lang='lat' dir='ltr'>vobis</span> <span class='ocrx_word' id='word_1_88' title='bbox 1734 1261 1891 1317; x_wconf 81' lang='lat' dir='ltr'>hodie</span> <span class='ocrx_word' id='word_1_89' title='bbox 1922 1261 2043 1316; x_wconf 88' lang='lat' dir='ltr'>Sal-</span> 
     </span>
    </p>
   </div>
   <div class='ocr_carea' id='block_1_14' title="bbox 392 1349 2045 1428">
    <p class='ocr_par' dir='ltr' id='par_1_14' title="bbox 392 1349 2045 1428">
     <span class='ocr_line' id='line_1_14' title="bbox 392 1349 2045 1428; baseline -0.006 -14"><span class='ocrx_word' id='word_1_90' title='bbox 392 1366 565 1427; x_wconf 89' lang='lat' dir='ltr'>vator,</span> <span class='ocrx_word' id='word_1_91' title='bbox 598 1357 694 1428; x_wconf 87' lang='lat' dir='ltr'>qui</span> <span class='ocrx_word' id='word_1_92' title='bbox 742 1363 819 1411; x_wconf 85' lang='lat' dir='ltr'>est</span> <span class='ocrx_word' id='word_1_93' title='bbox 866 1354 1115 1410; x_wconf 75' lang='lat' dir='ltr'>Christus</span> <span class='ocrx_word' id='word_1_94' title='bbox 1173 1354 1458 1417; x_wconf 81' lang='lat' dir='ltr'>Dominus,</span> <span class='ocrx_word' id='word_1_95' title='bbox 1495 1352 1553 1405; x_wconf 90' lang='lat' dir='ltr'>in</span> <span class='ocrx_word' id='word_1_96' title='bbox 1609 1352 1828 1406; x_wconf 76' lang='lat' dir='ltr'>civitate</span> <span class='ocrx_word' id='word_1_97' title='bbox 1872 1349 2045 1405; x_wconf 82' lang='lat' dir='ltr'>David</span> 
     </span>
    </p>
   </div>
   <div class='ocr_carea' id='block_1_15' title="bbox 394 1437 2045 1520">
    <p class='ocr_par' dir='ltr' id='par_1_15' title="bbox 394 1437 2045 1520">
     <span class='ocr_line' id='line_1_15' title="bbox 394 1437 2045 1520; baseline -0.005 -17"><span class='ocrx_word' id='word_1_98' title='bbox 394 1448 542 1520; x_wconf 88' lang='lat' dir='ltr'>(Luc.</span> <span class='ocrx_word' id='word_1_99' title='bbox 566 1463 628 1512; x_wconf 83' lang='lat' dir='ltr'>n,</span> <span class='ocrx_word' id='word_1_100' title='bbox 656 1444 764 1515; x_wconf 88' lang='grc'>10).</span> <span class='ocrx_word' id='word_1_101' title='bbox 787 1443 968 1513; x_wconf 89' lang='lat' dir='ltr'>Cujus</span> <span class='ocrx_word' id='word_1_102' title='bbox 998 1440 1427 1513; x_wconf 65' lang='lat' dir='ltr'>prtedieationis</span> <span class='ocrx_word' id='word_1_103' title='bbox 1448 1438 1773 1494; x_wconf 83' lang='lat' dir='ltr'>summitati</span> <span class='ocrx_word' id='word_1_104' title='bbox 1795 1437 2045 1494; x_wconf 86' lang='lat' dir='ltr'>exsulta-</span> 
     </span>
    </p>
   </div>
   <div class='ocr_carea' id='block_1_16' title="bbox 389 1526 2043 1603">
    <p class='ocr_par' dir='ltr' id='par_1_16' title="bbox 389 1526 2043 1603">
     <span class='ocr_line' id='line_1_16' title="bbox 389 1526 2043 1603; baseline -0.005 -11"><span class='ocrx_word' id='word_1_105' title='bbox 389 1536 472 1592; x_wconf 93' lang='lat' dir='ltr'>tio</span> <span class='ocrx_word' id='word_1_106' title='bbox 489 1532 1009 1590; x_wconf 86' lang='lat' dir='ltr'>innumerabilium</span> <span class='ocrx_word' id='word_1_107' title='bbox 1019 1529 1293 1603; x_wconf 84' lang='lat' dir='ltr'>jungitur</span> <span class='ocrx_word' id='word_1_108' title='bbox 1308 1528 1580 1601; x_wconf 88' lang='lat' dir='ltr'>angeloru</span> <span class='ocrx_word' id='word_1_109' title='bbox 1592 1544 1647 1583; x_wconf 92' lang='lat' dir='ltr'>m</span> <span class='ocrx_word' id='word_1_110' title='bbox 1662 1528 1747 1600; x_wconf 90' lang='lat' dir='ltr'>(ut</span> <span class='ocrx_word' id='word_1_111' title='bbox 1764 1526 2043 1583; x_wconf 81' lang='lat' dir='ltr'>excellen-</span> 
     </span>
    </p>
   </div>
   <div class='ocr_carea' id='block_1_17' title="bbox 389 1615 2040 1686">
    <p class='ocr_par' dir='ltr' id='par_1_17' title="bbox 389 1615 2040 1686">
     <span class='ocr_line' id='line_1_17' title="bbox 389 1615 2040 1686; baseline -0.005 -6"><span class='ocrx_word' id='word_1_112' title='bbox 389 1625 508 1681; x_wconf 84' lang='lat' dir='ltr'>tius</span> <span class='ocrx_word' id='word_1_113' title='bbox 530 1624 692 1680; x_wconf 81' lang='lat' dir='ltr'>fieret</span> <span class='ocrx_word' id='word_1_114' title='bbox 710 1620 1134 1686; x_wconf 88' lang='lat' dir='ltr'>testimonium,</span> <span class='ocrx_word' id='word_1_115' title='bbox 1151 1618 1243 1675; x_wconf 85' lang='lat' dir='ltr'>cui</span> <span class='ocrx_word' id='word_1_116' title='bbox 1266 1617 1485 1672; x_wconf 69' lang='lat' dir='ltr'>militiae</span> <span class='ocrx_word' id='word_1_117' title='bbox 1506 1616 1757 1672; x_wconf 77' lang='lat' dir='ltr'>coslestis</span> <span class='ocrx_word' id='word_1_118' title='bbox 1776 1615 2040 1671; x_wconf 90' lang='lat' dir='ltr'>multitu-</span> 
     </span>
    </p>
   </div>
   <div class='ocr_carea' id='block_1_18' title="bbox 389 1705 2041 1781">
    <p class='ocr_par' dir='ltr' id='par_1_18' title="bbox 389 1705 2041 1781">
     <span class='ocr_line' id='line_1_18' title="bbox 389 1705 2041 1781; baseline -0.006 -11"><span class='ocrx_word' id='word_1_119' title='bbox 389 1714 464 1771; x_wconf 89' lang='lat' dir='ltr'>do</span> <span class='ocrx_word' id='word_1_120' title='bbox 493 1710 843 1781; x_wconf 87' lang='lat' dir='ltr'>concineret)</span> <span class='ocrx_word' id='word_1_121' title='bbox 869 1709 923 1764; x_wconf 90' lang='lat' dir='ltr'>in</span> <span class='ocrx_word' id='word_1_122' title='bbox 962 1709 1240 1765; x_wconf 88' lang='lat' dir='ltr'>honorem</span> <span class='ocrx_word' id='word_1_123' title='bbox 1275 1705 1372 1763; x_wconf 89' lang='lat' dir='ltr'>Dei</span> <span class='ocrx_word' id='word_1_124' title='bbox 1392 1706 1469 1779; x_wconf 89' lang='lat' dir='ltr'>(d)</span> <span class='ocrx_word' id='word_1_125' title='bbox 1493 1723 1608 1761; x_wconf 90' lang='lat' dir='ltr'>una</span> <span class='ocrx_word' id='word_1_126' title='bbox 1639 1705 2041 1761; x_wconf 88' lang='lat' dir='ltr'>benedictione</span> 
     </span>
    </p>
   </div>
   <div class='ocr_carea' id='block_1_19' title="bbox 389 1794 2039 1866">
    <p class='ocr_par' dir='ltr' id='par_1_19' title="bbox 389 1794 2039 1866">
     <span class='ocr_line' id='line_1_19' title="bbox 389 1794 2039 1866; baseline -0.005 -7"><span class='ocrx_word' id='word_1_127' title='bbox 389 1801 708 1860; x_wconf 80' lang='lat' dir='ltr'>dicentium</span> <span class='ocrx_word' id='word_1_128' title='bbox 734 1818 747 1857; x_wconf 87' lang='lat'><strong>:</strong></span> <span class='ocrx_word' id='word_1_129' title='bbox 773 1798 955 1855; x_wconf 86' lang='lat' dir='ltr'>Gloria</span> <span class='ocrx_word' id='word_1_130' title='bbox 984 1800 1043 1853; x_wconf 87' lang='lat' dir='ltr'>in</span> <span class='ocrx_word' id='word_1_131' title='bbox 1066 1797 1290 1853; x_wconf 73' lang='lat' dir='ltr'>excelsis</span> <span class='ocrx_word' id='word_1_132' title='bbox 1308 1797 1436 1862; x_wconf 89' lang='lat' dir='ltr'>Deo,</span> <span class='ocrx_word' id='word_1_133' title='bbox 1457 1803 1510 1852; x_wconf 87' lang='lat' dir='ltr'>et</span> <span class='ocrx_word' id='word_1_134' title='bbox 1537 1796 1598 1849; x_wconf 90' lang='lat' dir='ltr'>in</span> <span class='ocrx_word' id='word_1_135' title='bbox 1627 1798 1776 1851; x_wconf 88' lang='lat' dir='ltr'>terra</span> <span class='ocrx_word' id='word_1_136' title='bbox 1800 1811 1915 1866; x_wconf 72' lang='lat' dir='ltr'>pax</span> <span class='ocrx_word' id='word_1_137' title='bbox 1942 1794 2039 1851; x_wconf 86' lang='lat' dir='ltr'>ho-</span> 
     </span>
    </p>
   </div>
   <div class='ocr_carea' id='block_1_20' title="bbox 385 1881 2039 1958">
    <p class='ocr_par' dir='ltr' id='par_1_20' title="bbox 385 1881 2039 1958">
     <span class='ocr_line' id='line_1_20' title="bbox 385 1881 2039 1958; baseline -0.006 -10"><span class='ocrx_word' id='word_1_138' title='bbox 385 1892 628 1948; x_wconf 86' lang='lat' dir='ltr'>minibus</span> <span class='ocrx_word' id='word_1_139' title='bbox 659 1891 808 1946; x_wconf 72' lang='lat' dir='ltr'>bonae</span> <span class='ocrx_word' id='word_1_140' title='bbox 838 1888 1130 1945; x_wconf 83' lang='lat' dir='ltr'>voluntatis</span> <span class='ocrx_word' id='word_1_141' title='bbox 1160 1887 1310 1958; x_wconf 88' lang='lat' dir='ltr'>(Luc.</span> <span class='ocrx_word' id='word_1_142' title='bbox 1335 1902 1398 1953; x_wconf 79' lang='grc' dir='ltr'>ιι,</span> <span class='ocrx_word' id='word_1_143' title='bbox 1423 1884 1529 1957; x_wconf 75' lang='grc'>14).</span> <span class='ocrx_word' id='word_1_144' title='bbox 1554 1883 1657 1939; x_wconf 89' lang='lat' dir='ltr'>Dei</span> <span class='ocrx_word' id='word_1_145' title='bbox 1685 1900 1821 1956; x_wconf 91' lang='lat' dir='ltr'>ergo</span> <span class='ocrx_word' id='word_1_146' title='bbox 1852 1881 2039 1956; x_wconf 86' lang='lat' dir='ltr'>gloria</span> 
     </span>
    </p>
   </div>
   <div class='ocr_carea' id='block_1_21' title="bbox 387 1971 2037 2049">
    <p class='ocr_par' dir='ltr' id='par_1_21' title="bbox 387 1971 2037 2049">
     <span class='ocr_line' id='line_1_21' title="bbox 387 1971 2037 2049; baseline -0.007 -10"><span class='ocrx_word' id='word_1_147' title='bbox 387 1986 479 2039; x_wconf 89' lang='lat' dir='ltr'>est</span> <span class='ocrx_word' id='word_1_148' title='bbox 506 1997 574 2036; x_wconf 86' lang='lat' dir='ltr'>ex</span> <span class='ocrx_word' id='word_1_149' title='bbox 616 1984 803 2035; x_wconf 86' lang='lat' dir='ltr'>matre</span> <span class='ocrx_word' id='word_1_150' title='bbox 832 1976 1068 2049; x_wconf 85' lang='lat' dir='ltr'>Virgine</span> <span class='ocrx_word' id='word_1_151' title='bbox 1098 1974 1309 2031; x_wconf 90' lang='lat' dir='ltr'>Christi</span> <span class='ocrx_word' id='word_1_152' title='bbox 1358 1972 1650 2029; x_wconf 90' lang='lat' dir='ltr'>nascentis</span> <span class='ocrx_word' id='word_1_153' title='bbox 1680 1971 1947 2041; x_wconf 81' lang='lat' dir='ltr'>infantia,</span> <span class='ocrx_word' id='word_1_154' title='bbox 1981 1976 2037 2027; x_wconf 92' lang='lat' dir='ltr'>et</span> 
     </span>
    </p>
   </div>
   <div class='ocr_carea' id='block_1_22' title="bbox 386 2060 2033 2144">
    <p class='ocr_par' dir='ltr' id='par_1_22' title="bbox 386 2060 2033 2144">
     <span class='ocr_line' id='line_1_22' title="bbox 386 2060 2033 2144; baseline -0.007 -17"><span class='ocrx_word' id='word_1_155' title='bbox 386 2068 675 2144; x_wconf 85' lang='lat' dir='ltr'>reparatio</span> <span class='ocrx_word' id='word_1_156' title='bbox 705 2065 949 2123; x_wconf 86' lang='lat' dir='ltr'>humani</span> <span class='ocrx_word' id='word_1_157' title='bbox 980 2064 1210 2137; x_wconf 84' lang='lat' dir='ltr'>generis</span> <span class='ocrx_word' id='word_1_158' title='bbox 1239 2062 1448 2119; x_wconf 88' lang='lat' dir='ltr'>merito</span> <span class='ocrx_word' id='word_1_159' title='bbox 1478 2062 1538 2117; x_wconf 91' lang='lat' dir='ltr'>in</span> <span class='ocrx_word' id='word_1_160' title='bbox 1565 2060 1798 2116; x_wconf 90' lang='lat' dir='ltr'>laudem</span> <span class='ocrx_word' id='word_1_161' title='bbox 1819 2060 1910 2116; x_wconf 87' lang='lat' dir='ltr'>sui</span> <span class='ocrx_word' id='word_1_162' title='bbox 1945 2077 2033 2116; x_wconf 84' lang='lat' dir='ltr'>re-</span> 
     </span>
    </p>
   </div>
   <div class='ocr_carea' id='block_1_23' title="bbox 386 2149 2033 2226">
    <p class='ocr_par' dir='ltr' id='par_1_23' title="bbox 386 2149 2033 2226">
     <span class='ocr_line' id='line_1_23' title="bbox 386 2149 2033 2226; baseline -0.007 -11"><span class='ocrx_word' id='word_1_163' title='bbox 386 2160 571 2215; x_wconf 88' lang='lat' dir='ltr'>fertur</span> <span class='ocrx_word' id='word_1_164' title='bbox 593 2157 848 2214; x_wconf 87' lang='lat' dir='ltr'>auctoris</span> <span class='ocrx_word' id='word_1_165' title='bbox 871 2173 884 2211; x_wconf 90' lang='lat'>:</span> <span class='ocrx_word' id='word_1_166' title='bbox 908 2154 1047 2226; x_wconf 88' lang='lat' dir='ltr'>quia</span> <span class='ocrx_word' id='word_1_167' title='bbox 1063 2156 1120 2208; x_wconf 91' lang='lat' dir='ltr'>et</span> <span class='ocrx_word' id='word_1_168' title='bbox 1139 2152 1209 2225; x_wconf 91' lang='lat' dir='ltr'>(e)</span> <span class='ocrx_word' id='word_1_169' title='bbox 1233 2153 1356 2225; x_wconf 91' lang='lat' dir='ltr'>ipse</span> <span class='ocrx_word' id='word_1_170' title='bbox 1377 2151 1558 2207; x_wconf 58' lang='lat' dir='ltr'>beata;</span> <span class='ocrx_word' id='word_1_171' title='bbox 1588 2149 1781 2205; x_wconf 69' lang='lat' dir='ltr'>Maria:</span> <span class='ocrx_word' id='word_1_172' title='bbox 1813 2149 2033 2205; x_wconf 89' lang='lat' dir='ltr'>missus</span> 
     </span>
    </p>
   </div>
   <div class='ocr_carea' id='block_1_24' title="bbox 386 2241 2032 2317">
    <p class='ocr_par' dir='ltr' id='par_1_24' title="bbox 386 2241 2032 2317">
     <span class='ocr_line' id='line_1_24' title="bbox 386 2241 2032 2317; baseline -0.009 -11"><span class='ocrx_word' id='word_1_173' title='bbox 386 2267 421 2306; x_wconf 93' lang='lat' dir='ltr'>a</span> <span class='ocrx_word' id='word_1_174' title='bbox 441 2249 555 2305; x_wconf 90' lang='lat' dir='ltr'>Deo</span> <span class='ocrx_word' id='word_1_175' title='bbox 578 2244 809 2303; x_wconf 82' lang='lat' dir='ltr'>Gabriel</span> <span class='ocrx_word' id='word_1_176' title='bbox 851 2242 1096 2317; x_wconf 83' lang='lat' dir='ltr'>angelus</span> <span class='ocrx_word' id='word_1_177' title='bbox 1124 2242 1348 2297; x_wconf 85' lang='lat' dir='ltr'>dixerat</span> <span class='ocrx_word' id='word_1_178' title='bbox 1375 2256 1387 2296; x_wconf 90' lang='lat'>:</span> <span class='ocrx_word' id='word_1_179' title='bbox 1416 2241 1659 2312; x_wconf 84' lang='lat' dir='ltr'>Spiritus</span> <span class='ocrx_word' id='word_1_180' title='bbox 1686 2247 1919 2315; x_wconf 84' lang='lat' dir='ltr'>sanctus</span> <span class='ocrx_word' id='word_1_181' title='bbox 1940 2255 2032 2293; x_wconf 89' lang='lat' dir='ltr'>su-</span> 
     </span>
    </p>
   </div>
   <div class='ocr_carea' id='block_1_25' title="bbox 379 2327 2029 2410">
    <p class='ocr_par' dir='ltr' id='par_1_25' title="bbox 379 2327 2029 2410">
     <span class='ocr_line' id='line_1_25' title="bbox 379 2327 2029 2410; baseline -0.008 -16"><span class='ocrx_word' id='word_1_182' title='bbox 379 2338 660 2410; x_wconf 81' lang='lat' dir='ltr'>perveniet</span> <span class='ocrx_word' id='word_1_183' title='bbox 705 2337 767 2391; x_wconf 89' lang='lat' dir='ltr'>in</span> <span class='ocrx_word' id='word_1_184' title='bbox 806 2339 876 2400; x_wconf 87' lang='lat' dir='ltr'>te,</span> <span class='ocrx_word' id='word_1_185' title='bbox 900 2338 949 2388; x_wconf 89' lang='lat' dir='ltr'>et</span> <span class='ocrx_word' id='word_1_186' title='bbox 990 2334 1161 2388; x_wconf 85' lang='lat' dir='ltr'>virtus</span> <span class='ocrx_word' id='word_1_187' title='bbox 1201 2331 1467 2386; x_wconf 83' lang='lat' dir='ltr'>Altissimi</span> <span class='ocrx_word' id='word_1_188' title='bbox 1510 2327 1850 2384; x_wconf 86' lang='lat' dir='ltr'>obumbrabit</span> <span class='ocrx_word' id='word_1_189' title='bbox 1895 2328 2029 2397; x_wconf 86' lang='lat' dir='ltr'>tibi;</span> 
     </span>
    </p>
   </div>
   <div class='ocr_carea' id='block_1_26' title="bbox 384 2416 2032 2499">
    <p class='ocr_par' dir='ltr' id='par_1_26' title="bbox 384 2416 2032 2499">
     <span class='ocr_line' id='line_1_26' title="bbox 384 2416 2032 2499; baseline -0.007 -16"><span class='ocrx_word' id='word_1_190' title='bbox 384 2427 612 2499; x_wconf 88' lang='lat' dir='ltr'>ideoque</span> <span class='ocrx_word' id='word_1_191' title='bbox 630 2432 680 2481; x_wconf 92' lang='lat' dir='ltr'>et</span> <span class='ocrx_word' id='word_1_192' title='bbox 696 2424 836 2497; x_wconf 87' lang='lat' dir='ltr'>quod</span> <span class='ocrx_word' id='word_1_193' title='bbox 850 2431 1105 2478; x_wconf 74' lang='lat' dir='ltr'>nascetur</span> <span class='ocrx_word' id='word_1_194' title='bbox 1124 2437 1193 2476; x_wconf 70' lang='lat' dir='ltr'>ex</span> <span class='ocrx_word' id='word_1_195' title='bbox 1208 2422 1257 2475; x_wconf 86' lang='lat' dir='ltr'>te</span> <span class='ocrx_word' id='word_1_196' title='bbox 1271 2428 1543 2482; x_wconf 85' lang='lat' dir='ltr'>sanctum,</span> <span class='ocrx_word' id='word_1_197' title='bbox 1558 2416 1840 2473; x_wconf 84' lang='lat' dir='ltr'>vocabitur</span> <span class='ocrx_word' id='word_1_198' title='bbox 1857 2416 1941 2472; x_wconf 82' lang='lat' dir='ltr'>Fit</span> <span class='ocrx_word' id='word_1_199' title='bbox 1948 2418 2032 2472; x_wconf 88' lang='lat' dir='ltr'>ius</span> 
     </span>
    </p>
   </div>
   <div class='ocr_carea' id='block_1_27' title="bbox 384 2504 2029 2585">
    <p class='ocr_par' dir='ltr' id='par_1_27' title="bbox 384 2504 2029 2585">
     <span class='ocr_line' id='line_1_27' title="bbox 384 2504 2029 2585; baseline -0.008 -14"><span class='ocrx_word' id='word_1_200' title='bbox 384 2517 483 2571; x_wconf 82' lang='lat' dir='ltr'>Dei</span> <span class='ocrx_word' id='word_1_201' title='bbox 501 2516 652 2584; x_wconf 82' lang='lat' dir='ltr'>(Luc.</span> <span class='ocrx_word' id='word_1_202' title='bbox 678 2532 715 2580; x_wconf 85' lang='grc' dir='ltr'>ι,</span> <span class='ocrx_word' id='word_1_203' title='bbox 740 2514 851 2585; x_wconf 86' lang='grc'>35).</span> <span class='ocrx_word' id='word_1_204' title='bbox 879 2512 940 2568; x_wconf 84' lang='lat' dir='ltr'>in</span> <span class='ocrx_word' id='word_1_205' title='bbox 985 2515 1141 2566; x_wconf 91' lang='lat' dir='ltr'>terra</span> <span class='ocrx_word' id='word_1_206' title='bbox 1172 2513 1364 2564; x_wconf 90' lang='lat' dir='ltr'>autem</span> <span class='ocrx_word' id='word_1_207' title='bbox 1400 2507 1497 2562; x_wconf 90' lang='lat' dir='ltr'>illa</span> <span class='ocrx_word' id='word_1_208' title='bbox 1527 2523 1637 2579; x_wconf 79' lang='lat' dir='ltr'>pax</span> <span class='ocrx_word' id='word_1_209' title='bbox 1675 2504 2029 2573; x_wconf 86' lang='lat' dir='ltr'>conceditur,</span> 
     </span>
    </p>
   </div>
   <div class='ocr_carea' id='block_1_28' title="bbox 384 2593 2033 2677">
    <p class='ocr_par' dir='ltr' id='par_1_28' title="bbox 384 2593 2033 2677">
     <span class='ocr_line' id='line_1_28' title="bbox 384 2593 2033 2677; baseline -0.008 -16"><span class='ocrx_word' id='word_1_210' title='bbox 384 2621 511 2677; x_wconf 75' lang='lat' dir='ltr'>qua:</span> <span class='ocrx_word' id='word_1_211' title='bbox 545 2603 812 2659; x_wconf 85' lang='lat' dir='ltr'>homines</span> <span class='ocrx_word' id='word_1_212' title='bbox 843 2600 1023 2656; x_wconf 74' lang='lat' dir='ltr'>efficit</span> <span class='ocrx_word' id='word_1_213' title='bbox 1048 2600 1210 2653; x_wconf 64' lang='lat' dir='ltr'>bonae</span> <span class='ocrx_word' id='word_1_214' title='bbox 1237 2596 1570 2652; x_wconf 86' lang='lat' dir='ltr'>voluntatis.</span> <span class='ocrx_word' id='word_1_215' title='bbox 1590 2595 1712 2659; x_wconf 90' lang='lat' dir='ltr'>Quo</span> <span class='ocrx_word' id='word_1_216' title='bbox 1734 2594 1889 2649; x_wconf 90' lang='lat' dir='ltr'>enim</span> <span class='ocrx_word' id='word_1_217' title='bbox 1911 2593 2033 2666; x_wconf 87' lang='lat' dir='ltr'>Spi-</span> 
     </span>
    </p>
   </div>
   <div class='ocr_carea' id='block_1_29' title="bbox 384 2682 2033 2748">
    <p class='ocr_par' dir='ltr' id='par_1_29' title="bbox 384 2682 2033 2748">
     <span class='ocr_line' id='line_1_29' title="bbox 384 2682 2033 2748; baseline -0.008 0"><span class='ocrx_word' id='word_1_218' title='bbox 384 2693 500 2748; x_wconf 88' lang='lat' dir='ltr'>ritu</span> <span class='ocrx_word' id='word_1_219' title='bbox 532 2693 603 2746; x_wconf 91' lang='lat' dir='ltr'>de</span> <span class='ocrx_word' id='word_1_220' title='bbox 634 2689 988 2745; x_wconf 67' lang='lat' dir='ltr'>intemerata:</span> <span class='ocrx_word' id='word_1_221' title='bbox 1019 2686 1226 2740; x_wconf 89' lang='lat' dir='ltr'>matris</span> <span class='ocrx_word' id='word_1_222' title='bbox 1246 2684 1566 2741; x_wconf 90' lang='lat' dir='ltr'>visceribus</span> <span class='ocrx_word' id='word_1_223' title='bbox 1597 2682 1858 2737; x_wconf 86' lang='lat' dir='ltr'>nascitur</span> <span class='ocrx_word' id='word_1_224' title='bbox 1876 2682 2033 2736; x_wconf 89' lang='lat' dir='ltr'>Chri-</span> 
     </span>
    </p>
   </div>
   <div class='ocr_carea' id='block_1_30' title="bbox 382 2770 2029 2838">
    <p class='ocr_par' dir='ltr' id='par_1_30' title="bbox 382 2770 2029 2838">
     <span class='ocr_line' id='line_1_30' title="bbox 382 2770 2029 2838; baseline -0.008 0"><span class='ocrx_word' id='word_1_225' title='bbox 382 2785 512 2838; x_wconf 91' lang='lat' dir='ltr'>stus</span> <span class='ocrx_word' id='word_1_226' title='bbox 531 2780 642 2836; x_wconf 88' lang='lat' dir='ltr'>hoc</span> <span class='ocrx_word' id='word_1_227' title='bbox 671 2778 743 2833; x_wconf 90' lang='lat' dir='ltr'>de</span> <span class='ocrx_word' id='word_1_228' title='bbox 773 2779 985 2833; x_wconf 73' lang='lat' dir='ltr'>sanctze</span> <span class='ocrx_word' id='word_1_229' title='bbox 1009 2774 1271 2830; x_wconf 81' lang='lat' dir='ltr'>Ecclesiae</span> <span class='ocrx_word' id='word_1_230' title='bbox 1311 2777 1474 2829; x_wconf 89' lang='lat' dir='ltr'>utero</span> <span class='ocrx_word' id='word_1_231' title='bbox 1517 2771 1845 2827; x_wconf 87' lang='lat' dir='ltr'>renascitur</span> <span class='ocrx_word' id='word_1_232' title='bbox 1865 2770 2029 2826; x_wconf 90' lang='lat' dir='ltr'>Chri-</span> 
     </span>
    </p>
   </div>
   <div class='ocr_carea' id='block_1_31' title="bbox 382 2859 2030 2942">
    <p class='ocr_par' dir='ltr' id='par_1_31' title="bbox 382 2859 2030 2942">
     <span class='ocr_line' id='line_1_31' title="bbox 382 2859 2030 2942; baseline -0.007 -16"><span class='ocrx_word' id='word_1_233' title='bbox 382 2871 611 2926; x_wconf 91' lang='lat' dir='ltr'>stianus</span> <span class='ocrx_word' id='word_1_234' title='bbox 633 2868 711 2942; x_wconf 71' lang='grc' dir='ltr'>(Γ)</span> <span class='ocrx_word' id='word_1_235' title='bbox 731 2867 824 2922; x_wconf 90' lang='lat' dir='ltr'>cui</span> <span class='ocrx_word' id='word_1_236' title='bbox 857 2882 988 2921; x_wconf 87' lang='lat' dir='ltr'>vera</span> <span class='ocrx_word' id='word_1_237' title='bbox 1017 2879 1129 2937; x_wconf 82' lang='lat' dir='ltr'>pax</span> <span class='ocrx_word' id='word_1_238' title='bbox 1157 2866 1265 2929; x_wconf 90' lang='lat' dir='ltr'>est,</span> <span class='ocrx_word' id='word_1_239' title='bbox 1290 2880 1323 2918; x_wconf 92' lang='lat' dir='ltr'>a</span> <span class='ocrx_word' id='word_1_240' title='bbox 1346 2860 1444 2918; x_wconf 90' lang='lat' dir='ltr'>Dei</span> <span class='ocrx_word' id='word_1_241' title='bbox 1477 2860 1771 2917; x_wconf 88' lang='lat' dir='ltr'>voluntate</span> <span class='ocrx_word' id='word_1_242' title='bbox 1802 2877 1915 2915; x_wconf 92' lang='lat' dir='ltr'>non</span> <span class='ocrx_word' id='word_1_243' title='bbox 1948 2859 2030 2916; x_wconf 89' lang='lat' dir='ltr'>di-</span> 
     </span>
    </p>
   </div>
   <div class='ocr_carea' id='block_1_32' title="bbox 378 2948 1860 3027">
    <p class='ocr_par' dir='ltr' id='par_1_32' title="bbox 378 2948 1860 3027">
     <span class='ocr_line' id='line_1_32' title="bbox 378 2948 1860 3027; baseline -0.008 -11"><span class='ocrx_word' id='word_1_244' title='bbox 378 2959 520 3027; x_wconf 87' lang='lat' dir='ltr'>vidi,</span> <span class='ocrx_word' id='word_1_245' title='bbox 545 2960 602 3015; x_wconf 91' lang='lat' dir='ltr'>et</span> <span class='ocrx_word' id='word_1_246' title='bbox 625 2956 687 3012; x_wconf 91' lang='lat' dir='ltr'>in</span> <span class='ocrx_word' id='word_1_247' title='bbox 713 2955 807 3012; x_wconf 91' lang='lat' dir='ltr'>his</span> <span class='ocrx_word' id='word_1_248' title='bbox 837 2953 977 3011; x_wconf 90' lang='lat' dir='ltr'>solis</span> <span class='ocrx_word' id='word_1_249' title='bbox 1008 2970 1135 3026; x_wconf 82' lang='lat' dir='ltr'>quae</span> <span class='ocrx_word' id='word_1_250' title='bbox 1167 2957 1317 3008; x_wconf 87' lang='lat' dir='ltr'>Deus</span> <span class='ocrx_word' id='word_1_251' title='bbox 1349 2948 1538 3022; x_wconf 87' lang='lat' dir='ltr'>diligit</span> <span class='ocrx_word' id='word_1_252' title='bbox 1567 2948 1860 3005; x_wconf 88' lang='lat' dir='ltr'>delectari.</span> 
     </span>
    </p>
   </div>
   <div class='ocr_carea' id='block_1_33' title="bbox 450 3036 2025 3113">
    <p class='ocr_par' dir='ltr' id='par_1_33' title="bbox 450 3036 2025 3113">
     <span class='ocr_line' id='line_1_33' title="bbox 450 3036 2025 3113; baseline -0.006 -9"><span class='ocrx_word' id='word_1_253' title='bbox 450 3047 588 3104; x_wconf 79' lang='lat' dir='ltr'>CAP.</span> <span class='ocrx_word' id='word_1_254' title='bbox 615 3047 683 3103; x_wconf 93' lang='lat' dir='ltr'>II.</span> <span class='ocrx_word' id='word_1_255' title='bbox 706 3077 774 3086; x_wconf 92' lang='lat'>—</span> <span class='ocrx_word' id='word_1_256' title='bbox 795 3042 1058 3100; x_wconf 88' lang='lat' dir='ltr'>Natalem</span> <span class='ocrx_word' id='word_1_257' title='bbox 1089 3040 1287 3113; x_wconf 84' lang='lat' dir='ltr'>igitur,</span> <span class='ocrx_word' id='word_1_258' title='bbox 1319 3037 1704 3107; x_wconf 85' lang='lat' dir='ltr'>dilectissimi,</span> <span class='ocrx_word' id='word_1_259' title='bbox 1731 3037 1885 3093; x_wconf 91' lang='lat' dir='ltr'>diem</span> <span class='ocrx_word' id='word_1_260' title='bbox 1915 3036 2025 3094; x_wconf 89' lang='lat' dir='ltr'>Do-</span> 
     </span>
    </p>
   </div>
   <div class='ocr_carea' id='block_1_34' title="bbox 380 3126 2027 3205">
    <p class='ocr_par' dir='ltr' id='par_1_34' title="bbox 380 3126 2027 3205">
     <span class='ocr_line' id='line_1_34' title="bbox 380 3126 2027 3205; baseline -0.009 -10"><span class='ocrx_word' id='word_1_261' title='bbox 380 3137 525 3195; x_wconf 91' lang='lat' dir='ltr'>mini</span> <span class='ocrx_word' id='word_1_262' title='bbox 551 3130 1035 3205; x_wconf 88' lang='lat' dir='ltr'>eelebrantes,qui</span> <span class='ocrx_word' id='word_1_263' title='bbox 1055 3148 1124 3187; x_wconf 87' lang='lat' dir='ltr'>ex</span> <span class='ocrx_word' id='word_1_264' title='bbox 1143 3128 1418 3186; x_wconf 90' lang='lat' dir='ltr'>omnibus</span> <span class='ocrx_word' id='word_1_265' title='bbox 1440 3126 1861 3201; x_wconf 69' lang='lat' dir='ltr'>praeteritorum</span> <span class='ocrx_word' id='word_1_266' title='bbox 1882 3131 2027 3183; x_wconf 91' lang='lat' dir='ltr'>tem-</span> 
     </span>
    </p>
   </div>
   <div class='ocr_carea' id='block_1_35' title="bbox 2067 1843 2116 1910">
    <p class='ocr_par' dir='ltr' id='par_1_35' title="bbox 2067 1843 2116 1910">
     <span class='ocr_line' id='line_1_35' title="bbox 2067 1843 2116 1910; baseline 0 0"><span class='ocrx_word' id='word_1_267' title='bbox 2067 1843 2116 1910; x_wconf 93' lang='lat' dir='ltr'><strong>B</strong></span> 
     </span>
    </p>
   </div>
   <div class='ocr_carea' id='block_1_36' title="bbox 2161 551 3810 626">
    <p class='ocr_par' dir='ltr' id='par_1_36' title="bbox 2161 551 3810 626">
     <span class='ocr_line' id='line_1_36' title="bbox 2161 551 3810 626; baseline 0 -16"><span class='ocrx_word' id='word_1_268' title='bbox 2161 555 2419 611; x_wconf 88' lang='lat' dir='ltr'>dentem.</span> <span class='ocrx_word' id='word_1_269' title='bbox 2438 552 2832 610; x_wconf 88' lang='lat' dir='ltr'>Immutabilis</span> <span class='ocrx_word' id='word_1_270' title='bbox 2855 553 3013 610; x_wconf 90' lang='lat' dir='ltr'>enim</span> <span class='ocrx_word' id='word_1_271' title='bbox 3039 554 3250 620; x_wconf 75' lang='lat' dir='ltr'>Deitas,</span> <span class='ocrx_word' id='word_1_272' title='bbox 3263 551 3530 626; x_wconf 87' lang='lat' dir='ltr'>quamvis</span> <span class='ocrx_word' id='word_1_273' title='bbox 3552 553 3703 609; x_wconf 86' lang='lat' dir='ltr'>intra</span> <span class='ocrx_word' id='word_1_274' title='bbox 3721 568 3810 610; x_wconf 87' lang='lat' dir='ltr'>se-</span> 
     </span>
    </p>
   </div>
   <div class='ocr_carea' id='block_1_37' title="bbox 2161 641 3811 714">
    <p class='ocr_par' dir='ltr' id='par_1_37' title="bbox 2161 641 3811 714">
     <span class='ocr_line' id='line_1_37' title="bbox 2161 641 3811 714; baseline 0.001 -17"><span class='ocrx_word' id='word_1_275' title='bbox 2161 643 2298 697; x_wconf 90' lang='lat' dir='ltr'>meti</span> <span class='ocrx_word' id='word_1_276' title='bbox 2308 659 2472 714; x_wconf 90' lang='lat' dir='ltr'>psam</span> <span class='ocrx_word' id='word_1_277' title='bbox 2504 646 2563 697; x_wconf 89' lang='lat' dir='ltr'>et</span> <span class='ocrx_word' id='word_1_278' title='bbox 2592 641 2915 699; x_wconf 86' lang='lat' dir='ltr'>claritatem</span> <span class='ocrx_word' id='word_1_279' title='bbox 2937 659 3106 699; x_wconf 87' lang='lat' dir='ltr'>suam</span> <span class='ocrx_word' id='word_1_280' title='bbox 3128 646 3185 697; x_wconf 87' lang='lat' dir='ltr'>et</span> <span class='ocrx_word' id='word_1_281' title='bbox 3215 642 3535 714; x_wconf 77' lang='lat' dir='ltr'>potentiam</span> <span class='ocrx_word' id='word_1_282' title='bbox 3555 641 3811 698; x_wconf 86' lang='lat' dir='ltr'>contine-</span> 
     </span>
    </p>
   </div>
   <div class='ocr_carea' id='block_1_38' title="bbox 2160 729 3812 804">
    <p class='ocr_par' dir='ltr' id='par_1_38' title="bbox 2160 729 3812 804">
     <span class='ocr_line' id='line_1_38' title="bbox 2160 729 3812 804; baseline 0 -18"><span class='ocrx_word' id='word_1_283' title='bbox 2160 735 2266 799; x_wconf 90' lang='lat' dir='ltr'>ret,</span> <span class='ocrx_word' id='word_1_284' title='bbox 2281 748 2395 787; x_wconf 90' lang='lat' dir='ltr'>non</span> <span class='ocrx_word' id='word_1_285' title='bbox 2415 731 2543 786; x_wconf 91' lang='lat' dir='ltr'>ideo</span> <span class='ocrx_word' id='word_1_286' title='bbox 2561 734 2757 787; x_wconf 89' lang='lat' dir='ltr'>tamen</span> <span class='ocrx_word' id='word_1_287' title='bbox 2776 748 2891 788; x_wconf 89' lang='lat' dir='ltr'>non</span> <span class='ocrx_word' id='word_1_288' title='bbox 2913 735 3037 787; x_wconf 88' lang='lat' dir='ltr'>erat</span> <span class='ocrx_word' id='word_1_289' title='bbox 3053 731 3125 804; x_wconf 88' lang='lat' dir='ltr'>(j)</span> <span class='ocrx_word' id='word_1_290' title='bbox 3148 731 3367 788; x_wconf 88' lang='lat' dir='ltr'>inserta</span> <span class='ocrx_word' id='word_1_291' title='bbox 3383 729 3812 803; x_wconf 82' lang='lat' dir='ltr'>nascenti,qnia</span> 
     </span>
    </p>
   </div>
   <div class='ocr_carea' id='block_1_39' title="bbox 2157 818 3812 893">
    <p class='ocr_par' dir='ltr' id='par_1_39' title="bbox 2157 818 3812 893">
     <span class='ocr_line' id='line_1_39' title="bbox 2157 818 3812 893; baseline 0.001 -18"><span class='ocrx_word' id='word_1_292' title='bbox 2157 819 2420 875; x_wconf 89' lang='lat' dir='ltr'>humano</span> <span class='ocrx_word' id='word_1_293' title='bbox 2452 820 2711 892; x_wconf 88' lang='lat' dir='ltr'>aspectui</span> <span class='ocrx_word' id='word_1_294' title='bbox 2743 837 2858 876; x_wconf 90' lang='lat' dir='ltr'>non</span> <span class='ocrx_word' id='word_1_295' title='bbox 2891 821 3160 893; x_wconf 83' lang='lat' dir='ltr'>patebat:</span> <span class='ocrx_word' id='word_1_296' title='bbox 3187 824 3251 875; x_wconf 89' lang='lat' dir='ltr'>ut</span> <span class='ocrx_word' id='word_1_297' title='bbox 3279 836 3381 891; x_wconf 87' lang='lat' dir='ltr'>per</span> <span class='ocrx_word' id='word_1_298' title='bbox 3403 818 3523 876; x_wconf 84' lang='lat' dir='ltr'>veri</span> <span class='ocrx_word' id='word_1_299' title='bbox 3552 818 3812 877; x_wconf 79' lang='lat' dir='ltr'>hominis</span> 
     </span>
    </p>
   </div>
   <div class='ocr_carea' id='block_1_40' title="bbox 2156 906 3810 982">
    <p class='ocr_par' dir='ltr' id='par_1_40' title="bbox 2156 906 3810 982">
     <span class='ocr_line' id='line_1_40' title="bbox 2156 906 3810 982; baseline 0.001 -20"><span class='ocrx_word' id='word_1_300' title='bbox 2156 907 2439 964; x_wconf 86' lang='lat' dir='ltr'>inusitata</span> <span class='ocrx_word' id='word_1_301' title='bbox 2459 909 2779 981; x_wconf 88' lang='lat' dir='ltr'>primordia</span> <span class='ocrx_word' id='word_1_302' title='bbox 2793 907 2891 965; x_wconf 90' lang='lat' dir='ltr'>ille</span> <span class='ocrx_word' id='word_1_303' title='bbox 2913 911 3325 982; x_wconf 86' lang='lat' dir='ltr'>agnosceretur</span> <span class='ocrx_word' id='word_1_304' title='bbox 3342 906 3701 981; x_wconf 82' lang='lat' dir='ltr'>genitus,qui</span> <span class='ocrx_word' id='word_1_305' title='bbox 3721 925 3810 964; x_wconf 90' lang='lat' dir='ltr'>re-</span> 
     </span>
    </p>
   </div>
   <div class='ocr_carea' id='block_1_41' title="bbox 2158 996 3811 1069">
    <p class='ocr_par' dir='ltr' id='par_1_41' title="bbox 2158 996 3811 1069">
     <span class='ocr_line' id='line_1_41' title="bbox 2158 996 3811 1069; baseline 0.001 -18"><span class='ocrx_word' id='word_1_306' title='bbox 2158 996 2252 1069; x_wconf 87' lang='lat' dir='ltr'>gis</span> <span class='ocrx_word' id='word_1_307' title='bbox 2282 996 2459 1053; x_wconf 80' lang='lat' dir='ltr'>David</span> <span class='ocrx_word' id='word_1_308' title='bbox 2473 1002 2531 1053; x_wconf 88' lang='lat' dir='ltr'>et</span> <span class='ocrx_word' id='word_1_309' title='bbox 2550 997 2836 1053; x_wconf 89' lang='lat' dir='ltr'>Dominus</span> <span class='ocrx_word' id='word_1_310' title='bbox 2866 1002 3019 1054; x_wconf 89' lang='lat' dir='ltr'>esset</span> <span class='ocrx_word' id='word_1_311' title='bbox 3047 1002 3104 1055; x_wconf 90' lang='lat' dir='ltr'>et</span> <span class='ocrx_word' id='word_1_312' title='bbox 3130 996 3306 1052; x_wconf 77' lang='lat' dir='ltr'>filius.</span> <span class='ocrx_word' id='word_1_313' title='bbox 3336 998 3465 1069; x_wconf 88' lang='lat' dir='ltr'>Ipse</span> <span class='ocrx_word' id='word_1_314' title='bbox 3487 996 3642 1052; x_wconf 90' lang='lat' dir='ltr'>enim</span> <span class='ocrx_word' id='word_1_315' title='bbox 3673 1014 3811 1069; x_wconf 89' lang='lat' dir='ltr'>pro-</span> 
     </span>
    </p>
   </div>
   <div class='ocr_carea' id='block_1_42' title="bbox 2160 1085 3810 1159">
    <p class='ocr_par' dir='ltr' id='par_1_42' title="bbox 2160 1085 3810 1159">
     <span class='ocr_line' id='line_1_42' title="bbox 2160 1085 3810 1159; baseline 0.001 -18"><span class='ocrx_word' id='word_1_316' title='bbox 2160 1085 2388 1158; x_wconf 90' lang='lat' dir='ltr'>phetico</span> <span class='ocrx_word' id='word_1_317' title='bbox 2407 1086 2614 1159; x_wconf 89' lang='lat' dir='ltr'>spiritu</span> <span class='ocrx_word' id='word_1_318' title='bbox 2641 1086 3062 1152; x_wconf 87' lang='lat' dir='ltr'>cantat,dicens</span> <span class='ocrx_word' id='word_1_319' title='bbox 3090 1104 3102 1141; x_wconf 93' lang='lat'><strong>:</strong></span> <span class='ocrx_word' id='word_1_320' title='bbox 3128 1088 3283 1142; x_wconf 73' lang='lat' dir='ltr'>Dixit</span> <span class='ocrx_word' id='word_1_321' title='bbox 3303 1087 3562 1141; x_wconf 80' lang='lat' dir='ltr'>Dominus</span> <span class='ocrx_word' id='word_1_322' title='bbox 3583 1087 3810 1143; x_wconf 88' lang='lat' dir='ltr'>Domino</span> 
     </span>
    </p>
   </div>
   <div class='ocr_carea' id='block_1_43' title="bbox 2154 1174 3809 1248">
    <p class='ocr_par' dir='ltr' id='par_1_43' title="bbox 2154 1174 3809 1248">
     <span class='ocr_line' id='line_1_43' title="bbox 2154 1174 3809 1248; baseline 0 -17"><span class='ocrx_word' id='word_1_323' title='bbox 2154 1190 2311 1231; x_wconf 87' lang='lat' dir='ltr'>meo:</span> <span class='ocrx_word' id='word_1_324' title='bbox 2339 1175 2471 1231; x_wconf 86' lang='lat' dir='ltr'>Sede</span> <span class='ocrx_word' id='word_1_325' title='bbox 2517 1192 2551 1230; x_wconf 91' lang='lat' dir='ltr'>a</span> <span class='ocrx_word' id='word_1_326' title='bbox 2598 1175 2805 1232; x_wconf 73' lang='lat' dir='ltr'>dextris</span> <span class='ocrx_word' id='word_1_327' title='bbox 2842 1178 2975 1232; x_wconf 90' lang='lat' dir='ltr'>meis</span> <span class='ocrx_word' id='word_1_328' title='bbox 3003 1176 3118 1248; x_wconf 87' lang='lat' dir='ltr'>(Ps.</span> <span class='ocrx_word' id='word_1_329' title='bbox 3142 1175 3496 1247; x_wconf 69' lang='lat' dir='ltr'>cux,l).0uo</span> <span class='ocrx_word' id='word_1_330' title='bbox 3543 1174 3809 1231; x_wconf 88' lang='lat' dir='ltr'>testimo-</span> 
     </span>
    </p>
   </div>
   <div class='ocr_carea' id='block_1_44' title="bbox 2153 1261 3809 1337">
    <p class='ocr_par' dir='ltr' id='par_1_44' title="bbox 2153 1261 3809 1337">
     <span class='ocr_line' id='line_1_44' title="bbox 2153 1261 3809 1337; baseline 0.001 -18"><span class='ocrx_word' id='word_1_331' title='bbox 2153 1263 2272 1331; x_wconf 90' lang='lat' dir='ltr'>nio,</span> <span class='ocrx_word' id='word_1_332' title='bbox 2299 1264 2452 1321; x_wconf 90' lang='lat' dir='ltr'>sicut</span> <span class='ocrx_word' id='word_1_333' title='bbox 2480 1264 2855 1337; x_wconf 90' lang='lat' dir='ltr'>Evangelium</span> <span class='ocrx_word' id='word_1_334' title='bbox 2885 1264 3078 1331; x_wconf 79' lang='lat' dir='ltr'>refert,</span> <span class='ocrx_word' id='word_1_335' title='bbox 3098 1264 3395 1319; x_wconf 85' lang='lat' dir='ltr'>confutata</span> <span class='ocrx_word' id='word_1_336' title='bbox 3416 1266 3506 1319; x_wconf 90' lang='lat' dir='ltr'>est</span> <span class='ocrx_word' id='word_1_337' title='bbox 3534 1261 3809 1336; x_wconf 86' lang='lat' dir='ltr'>impietas</span> 
     </span>
    </p>
   </div>
   <div class='ocr_carea' id='block_1_45' title="bbox 2151 1352 3810 1426">
    <p class='ocr_par' dir='ltr' id='par_1_45' title="bbox 2151 1352 3810 1426">
     <span class='ocr_line' id='line_1_45' title="bbox 2151 1352 3810 1426; baseline 0 -17"><span class='ocrx_word' id='word_1_338' title='bbox 2151 1352 2508 1409; x_wconf 71' lang='lat' dir='ltr'>Judacorum.</span> <span class='ocrx_word' id='word_1_339' title='bbox 2533 1354 2675 1409; x_wconf 88' lang='lat' dir='ltr'>Nam</span> <span class='ocrx_word' id='word_1_340' title='bbox 2703 1370 2836 1409; x_wconf 90' lang='lat' dir='ltr'>cum</span> <span class='ocrx_word' id='word_1_341' title='bbox 2857 1353 2997 1409; x_wconf 86' lang='lat' dir='ltr'>Jesu</span> <span class='ocrx_word' id='word_1_342' title='bbox 3018 1352 3414 1426; x_wconf 88' lang='lat' dir='ltr'>interrogante</span> <span class='ocrx_word' id='word_1_343' title='bbox 3433 1353 3693 1419; x_wconf 71' lang='lat' dir='ltr'>Judaaos,</span> <span class='ocrx_word' id='word_1_344' title='bbox 3714 1369 3810 1409; x_wconf 88' lang='lat' dir='ltr'>cu-</span> 
     </span>
    </p>
   </div>
   <div class='ocr_carea' id='block_1_46' title="bbox 2143 1440 3805 1513">
    <p class='ocr_par' dir='ltr' id='par_1_46' title="bbox 2143 1440 3805 1513">
     <span class='ocr_line' id='line_1_46' title="bbox 2143 1440 3805 1513; baseline 0 -16"><span class='ocrx_word' id='word_1_345' title='bbox 2143 1443 2247 1513; x_wconf 87' lang='lat' dir='ltr'>jus</span> <span class='ocrx_word' id='word_1_346' title='bbox 2274 1442 2461 1497; x_wconf 85' lang='lat' dir='ltr'>tilium</span> <span class='ocrx_word' id='word_1_347' title='bbox 2484 1440 2743 1497; x_wconf 88' lang='lat' dir='ltr'>dicerent</span> <span class='ocrx_word' id='word_1_348' title='bbox 2763 1441 3102 1498; x_wconf 87' lang='lat' dir='ltr'>Christum?</span> <span class='ocrx_word' id='word_1_349' title='bbox 3125 1440 3585 1513; x_wconf 89' lang='lat' dir='ltr'>respondissent,</span> <span class='ocrx_word' id='word_1_350' title='bbox 3608 1441 3805 1510; x_wconf 87' lang='lat' dir='ltr'>David,</span> 
     </span>
    </p>
   </div>
   <div class='ocr_carea' id='block_1_47' title="bbox 2151 1529 3804 1602">
    <p class='ocr_par' dir='ltr' id='par_1_47' title="bbox 2151 1529 3804 1602">
     <span class='ocr_line' id='line_1_47' title="bbox 2151 1529 3804 1602; baseline 0.001 -17"><span class='ocrx_word' id='word_1_351' title='bbox 2151 1530 2457 1586; x_wconf 84' lang='lat' dir='ltr'>confestim</span> <span class='ocrx_word' id='word_1_352' title='bbox 2490 1530 2774 1586; x_wconf 88' lang='lat' dir='ltr'>Dominus</span> <span class='ocrx_word' id='word_1_353' title='bbox 2797 1530 3116 1586; x_wconf 85' lang='lat' dir='ltr'>caecitatem</span> <span class='ocrx_word' id='word_1_354' title='bbox 3145 1529 3380 1585; x_wconf 90' lang='lat' dir='ltr'>illorum</span> <span class='ocrx_word' id='word_1_355' title='bbox 3406 1545 3660 1602; x_wconf 89' lang='lat' dir='ltr'>arguens</span> <span class='ocrx_word' id='word_1_356' title='bbox 3683 1530 3804 1587; x_wconf 86' lang='lat' dir='ltr'>ait:</span> 
     </span>
    </p>
   </div>
   <div class='ocr_carea' id='block_1_48' title="bbox 2152 1618 3803 1691">
    <p class='ocr_par' dir='ltr' id='par_1_48' title="bbox 2152 1618 3803 1691">
     <span class='ocr_line' id='line_1_48' title="bbox 2152 1618 3803 1691; baseline 0.001 -17"><span class='ocrx_word' id='word_1_357' title='bbox 2152 1619 2422 1687; x_wconf 85' lang='lat' dir='ltr'>Quomodo</span> <span class='ocrx_word' id='word_1_358' title='bbox 2450 1634 2577 1687; x_wconf 85' lang='lat' dir='ltr'>ergo</span> <span class='ocrx_word' id='word_1_359' title='bbox 2607 1618 2780 1674; x_wconf 87' lang='lat' dir='ltr'>David</span> <span class='ocrx_word' id='word_1_360' title='bbox 2821 1620 2877 1673; x_wconf 88' lang='lat' dir='ltr'>in</span> <span class='ocrx_word' id='word_1_361' title='bbox 2920 1620 3116 1691; x_wconf 85' lang='lat' dir='ltr'>spiritu</span> <span class='ocrx_word' id='word_1_362' title='bbox 3145 1627 3297 1676; x_wconf 86' lang='lat' dir='ltr'>vocat</span> <span class='ocrx_word' id='word_1_363' title='bbox 3324 1634 3450 1675; x_wconf 89' lang='lat' dir='ltr'>eum</span> <span class='ocrx_word' id='word_1_364' title='bbox 3480 1620 3803 1687; x_wconf 89' lang='lat' dir='ltr'>Dominum,</span> 
     </span>
    </p>
   </div>
   <div class='ocr_carea' id='block_1_49' title="bbox 2147 1706 3808 1764">
    <p class='ocr_par' dir='ltr' id='par_1_49' title="bbox 2147 1706 3808 1764">
     <span class='ocr_line' id='line_1_49' title="bbox 2147 1706 3808 1764; baseline 0.001 -2"><span class='ocrx_word' id='word_1_365' title='bbox 2147 1708 2330 1763; x_wconf 71' lang='lat' dir='ltr'>dicens</span> <span class='ocrx_word' id='word_1_366' title='bbox 2353 1724 2365 1762; x_wconf 91' lang='lat'><strong>:</strong></span> <span class='ocrx_word' id='word_1_367' title='bbox 2390 1709 2543 1763; x_wconf 68' lang='lat' dir='ltr'>Dixit</span> <span class='ocrx_word' id='word_1_368' title='bbox 2590 1709 2852 1763; x_wconf 85' lang='lat' dir='ltr'>Dominus</span> <span class='ocrx_word' id='word_1_369' title='bbox 2883 1708 3108 1764; x_wconf 88' lang='lat' dir='ltr'>Domino</span> <span class='ocrx_word' id='word_1_370' title='bbox 3143 1724 3259 1763; x_wconf 89' lang='lat' dir='ltr'>meo</span> <span class='ocrx_word' id='word_1_371' title='bbox 3289 1725 3308 1762; x_wconf 85' lang='lat'><em>:</em></span> <span class='ocrx_word' id='word_1_372' title='bbox 3338 1706 3473 1764; x_wconf 86' lang='lat' dir='ltr'>Sede</span> <span class='ocrx_word' id='word_1_373' title='bbox 3517 1725 3552 1763; x_wconf 92' lang='lat' dir='ltr'>a</span> <span class='ocrx_word' id='word_1_374' title='bbox 3591 1707 3808 1764; x_wconf 72' lang='lat' dir='ltr'>dextris</span> 
     </span>
    </p>
   </div>
   <div class='ocr_carea' id='block_1_50' title="bbox 2147 1795 3802 1869">
    <p class='ocr_par' dir='ltr' id='par_1_50' title="bbox 2147 1795 3802 1869">
     <span class='ocr_line' id='line_1_50' title="bbox 2147 1795 3802 1869; baseline -0.001 -18"><span class='ocrx_word' id='word_1_375' title='bbox 2147 1798 2283 1852; x_wconf 87' lang='lat' dir='ltr'>meis</span> <span class='ocrx_word' id='word_1_376' title='bbox 2304 1796 2507 1863; x_wconf 78' lang='lat' dir='ltr'>(Matth.</span> <span class='ocrx_word' id='word_1_377' title='bbox 2535 1814 2674 1865; x_wconf 81' lang='lat' dir='ltr'>xxn,</span> <span class='ocrx_word' id='word_1_378' title='bbox 2697 1798 2826 1869; x_wconf 69' lang='lat'>43)?</span> <span class='ocrx_word' id='word_1_379' title='bbox 2853 1796 3271 1853; x_wconf 87' lang='lat' dir='ltr'>Interclusistis</span> <span class='ocrx_word' id='word_1_380' title='bbox 3312 1796 3497 1865; x_wconf 85' lang='lat' dir='ltr'>vobis,</span> <span class='ocrx_word' id='word_1_381' title='bbox 3522 1813 3555 1852; x_wconf 97' lang='lat' dir='ltr'>o</span> <span class='ocrx_word' id='word_1_382' title='bbox 3587 1795 3802 1865; x_wconf 59' lang='lat' dir='ltr'>Judaei,</span> 
     </span>
    </p>
   </div>
   <div class='ocr_carea' id='block_1_51' title="bbox 2147 1884 3805 1959">
    <p class='ocr_par' dir='ltr' id='par_1_51' title="bbox 2147 1884 3805 1959">
     <span class='ocr_line' id='line_1_51' title="bbox 2147 1884 3805 1959; baseline 0.001 -20"><span class='ocrx_word' id='word_1_383' title='bbox 2147 1884 2542 1959; x_wconf 67' lang='lat' dir='ltr'>intelligentiae</span> <span class='ocrx_word' id='word_1_384' title='bbox 2567 1885 2744 1951; x_wconf 88' lang='lat' dir='ltr'>viam,</span> <span class='ocrx_word' id='word_1_385' title='bbox 2762 1891 2817 1941; x_wconf 90' lang='lat' dir='ltr'>et</span> <span class='ocrx_word' id='word_1_386' title='bbox 2841 1886 2982 1941; x_wconf 90' lang='lat' dir='ltr'>dum</span> <span class='ocrx_word' id='word_1_387' title='bbox 3007 1884 3193 1941; x_wconf 89' lang='lat' dir='ltr'>solam</span> <span class='ocrx_word' id='word_1_388' title='bbox 3217 1889 3487 1941; x_wconf 88' lang='lat' dir='ltr'>naturam</span> <span class='ocrx_word' id='word_1_389' title='bbox 3507 1884 3699 1942; x_wconf 90' lang='lat' dir='ltr'>carnis</span> <span class='ocrx_word' id='word_1_390' title='bbox 3721 1885 3805 1958; x_wconf 85' lang='lat' dir='ltr'>(k)</span> 
     </span>
    </p>
   </div>
   <div class='ocr_carea' id='block_1_52' title="bbox 2147 1974 3808 2047">
    <p class='ocr_par' dir='ltr' id='par_1_52' title="bbox 2147 1974 3808 2047">
     <span class='ocr_line' id='line_1_52' title="bbox 2147 1974 3808 2047; baseline 0.001 -18"><span class='ocrx_word' id='word_1_391' title='bbox 2147 1974 2431 2046; x_wconf 88' lang='lat' dir='ltr'>aspicitis,</span> <span class='ocrx_word' id='word_1_392' title='bbox 2450 1978 2573 2030; x_wconf 91' lang='lat' dir='ltr'>tota</span> <span class='ocrx_word' id='word_1_393' title='bbox 2587 1991 2686 2030; x_wconf 91' lang='lat' dir='ltr'>vos</span> <span class='ocrx_word' id='word_1_394' title='bbox 2707 1974 2967 2030; x_wconf 82' lang='lat' dir='ltr'>veritatis</span> <span class='ocrx_word' id='word_1_395' title='bbox 2988 1974 3117 2031; x_wconf 91' lang='lat' dir='ltr'>luce</span> <span class='ocrx_word' id='word_1_396' title='bbox 3138 1974 3433 2047; x_wconf 89' lang='lat' dir='ltr'>privastis.</span> <span class='ocrx_word' id='word_1_397' title='bbox 3449 1975 3808 2047; x_wconf 85' lang='lat' dir='ltr'>Exspectan-</span> 
     </span>
    </p>
   </div>
   <div class='ocr_carea' id='block_1_53' title="bbox 2145 2061 3807 2137">
    <p class='ocr_par' dir='ltr' id='par_1_53' title="bbox 2145 2061 3807 2137">
     <span class='ocr_line' id='line_1_53' title="bbox 2145 2061 3807 2137; baseline 0.001 -19"><span class='ocrx_word' id='word_1_398' title='bbox 2145 2065 2233 2118; x_wconf 86' lang='lat' dir='ltr'>tes</span> <span class='ocrx_word' id='word_1_399' title='bbox 2250 2064 2403 2118; x_wconf 88' lang='lat' dir='ltr'>enim</span> <span class='ocrx_word' id='word_1_400' title='bbox 2415 2104 2429 2130; x_wconf 97' lang='lat'>,</span> <span class='ocrx_word' id='word_1_401' title='bbox 2444 2063 2768 2118; x_wconf 88' lang='lat' dir='ltr'>secundum</span> <span class='ocrx_word' id='word_1_402' title='bbox 2784 2068 2987 2118; x_wconf 70' lang='lat' dir='ltr'>vestra:</span> <span class='ocrx_word' id='word_1_403' title='bbox 3001 2062 3397 2136; x_wconf 87' lang='lat' dir='ltr'>persuasionis</span> <span class='ocrx_word' id='word_1_404' title='bbox 3413 2061 3678 2119; x_wconf 84' lang='lat' dir='ltr'>fabulosa</span> <span class='ocrx_word' id='word_1_405' title='bbox 3695 2062 3807 2137; x_wconf 81' lang='lat' dir='ltr'>fig-</span> 
     </span>
    </p>
   </div>
   <div class='ocr_carea' id='block_1_54' title="bbox 2146 2151 3799 2224">
    <p class='ocr_par' dir='ltr' id='par_1_54' title="bbox 2146 2151 3799 2224">
     <span class='ocr_line' id='line_1_54' title="bbox 2146 2151 3799 2224; baseline 0.001 -18"><span class='ocrx_word' id='word_1_406' title='bbox 2146 2156 2363 2218; x_wconf 89' lang='lat' dir='ltr'>menta,</span> <span class='ocrx_word' id='word_1_407' title='bbox 2388 2152 2566 2207; x_wconf 87' lang='lat' dir='ltr'>David</span> <span class='ocrx_word' id='word_1_408' title='bbox 2600 2151 2787 2207; x_wconf 82' lang='lat' dir='ltr'>tilium</span> <span class='ocrx_word' id='word_1_409' title='bbox 2818 2152 2889 2206; x_wconf 87' lang='lat' dir='ltr'>de</span> <span class='ocrx_word' id='word_1_410' title='bbox 2937 2151 3063 2208; x_wconf 91' lang='lat' dir='ltr'>sola</span> <span class='ocrx_word' id='word_1_411' title='bbox 3115 2152 3295 2224; x_wconf 87' lang='lat' dir='ltr'>stirpe</span> <span class='ocrx_word' id='word_1_412' title='bbox 3332 2168 3627 2224; x_wconf 91' lang='lat' dir='ltr'>corporea,</span> <span class='ocrx_word' id='word_1_413' title='bbox 3651 2153 3799 2208; x_wconf 87' lang='lat' dir='ltr'>dum</span> 
     </span>
    </p>
   </div>
   <div class='ocr_carea' id='block_1_55' title="bbox 2144 2240 3800 2313">
    <p class='ocr_par' dir='ltr' id='par_1_55' title="bbox 2144 2240 3800 2313">
     <span class='ocr_line' id='line_1_55' title="bbox 2144 2240 3800 2313; baseline 0.001 -16"><span class='ocrx_word' id='word_1_414' title='bbox 2144 2258 2307 2313; x_wconf 88' lang='lat' dir='ltr'>spem</span> <span class='ocrx_word' id='word_1_415' title='bbox 2329 2244 2580 2297; x_wconf 87' lang='lat' dir='ltr'>vestram</span> <span class='ocrx_word' id='word_1_416' title='bbox 2602 2240 2659 2295; x_wconf 92' lang='lat' dir='ltr'>in</span> <span class='ocrx_word' id='word_1_417' title='bbox 2682 2241 2919 2297; x_wconf 90' lang='lat' dir='ltr'>homine</span> <span class='ocrx_word' id='word_1_418' title='bbox 2940 2246 3169 2297; x_wconf 89' lang='lat' dir='ltr'>tantum</span> <span class='ocrx_word' id='word_1_419' title='bbox 3189 2240 3800 2308; x_wconf 87' lang='lat' dir='ltr'>constituistis,Deum</span> 
     </span>
    </p>
   </div>
   <div class='ocr_carea' id='block_1_56' title="bbox 2147 2329 3800 2403">
    <p class='ocr_par' dir='ltr' id='par_1_56' title="bbox 2147 2329 3800 2403">
     <span class='ocr_line' id='line_1_56' title="bbox 2147 2329 3800 2403; baseline 0 -17"><span class='ocrx_word' id='word_1_420' title='bbox 2147 2330 2243 2386; x_wconf 91' lang='lat' dir='ltr'>Dei</span> <span class='ocrx_word' id='word_1_421' title='bbox 2270 2329 2476 2385; x_wconf 85' lang='lat' dir='ltr'>Filium</span> <span class='ocrx_word' id='word_1_422' title='bbox 2504 2330 2803 2403; x_wconf 87' lang='lat' dir='ltr'>repulistis</span> <span class='ocrx_word' id='word_1_423' title='bbox 2828 2347 2840 2385; x_wconf 92' lang='lat'>:</span> <span class='ocrx_word' id='word_1_424' title='bbox 2862 2335 2926 2385; x_wconf 93' lang='lat' dir='ltr'>ut</span> <span class='ocrx_word' id='word_1_425' title='bbox 2947 2331 3101 2402; x_wconf 94' lang='lat' dir='ltr'>quod</span> <span class='ocrx_word' id='word_1_426' title='bbox 3126 2329 3293 2386; x_wconf 90' lang='lat' dir='ltr'>nobis</span> <span class='ocrx_word' id='word_1_427' title='bbox 3316 2330 3377 2402; x_wconf 87' lang='grc' dir='ltr'>(ι)</span> <span class='ocrx_word' id='word_1_428' title='bbox 3399 2329 3653 2402; x_wconf 82' lang='lat' dir='ltr'>proﬁteri</span> <span class='ocrx_word' id='word_1_429' title='bbox 3674 2329 3800 2403; x_wconf 86' lang='lat' dir='ltr'>glo-</span> 
     </span>
    </p>
   </div>
   <div class='ocr_carea' id='block_1_57' title="bbox 2142 2417 3800 2491">
    <p class='ocr_par' dir='ltr' id='par_1_57' title="bbox 2142 2417 3800 2491">
     <span class='ocr_line' id='line_1_57' title="bbox 2142 2417 3800 2491; baseline 0.001 -18"><span class='ocrx_word' id='word_1_430' title='bbox 2142 2418 2364 2475; x_wconf 89' lang='lat' dir='ltr'>riosum</span> <span class='ocrx_word' id='word_1_431' title='bbox 2387 2423 2496 2487; x_wconf 90' lang='lat' dir='ltr'>est,</span> <span class='ocrx_word' id='word_1_432' title='bbox 2518 2417 2683 2474; x_wconf 88' lang='lat' dir='ltr'>vobis</span> <span class='ocrx_word' id='word_1_433' title='bbox 2713 2419 2986 2489; x_wconf 84' lang='lat' dir='ltr'>prodesse</span> <span class='ocrx_word' id='word_1_434' title='bbox 3025 2436 3140 2473; x_wconf 91' lang='lat' dir='ltr'>non</span> <span class='ocrx_word' id='word_1_435' title='bbox 3184 2418 3388 2491; x_wconf 89' lang='lat' dir='ltr'>possit.</span> <span class='ocrx_word' id='word_1_436' title='bbox 3420 2418 3564 2473; x_wconf 87' lang='lat' dir='ltr'>Nam</span> <span class='ocrx_word' id='word_1_437' title='bbox 3596 2423 3653 2474; x_wconf 92' lang='lat' dir='ltr'>et</span> <span class='ocrx_word' id='word_1_438' title='bbox 3683 2435 3800 2475; x_wconf 91' lang='lat' dir='ltr'>nos</span> 
     </span>
    </p>
   </div>
   <div class='ocr_carea' id='block_1_58' title="bbox 2142 2504 3796 2581">
    <p class='ocr_par' dir='ltr' id='par_1_58' title="bbox 2142 2504 3796 2581">
     <span class='ocr_line' id='line_1_58' title="bbox 2142 2504 3796 2581; baseline 0.001 -20"><span class='ocrx_word' id='word_1_439' title='bbox 2142 2506 2476 2581; x_wconf 87' lang='lat' dir='ltr'>interrogati</span> <span class='ocrx_word' id='word_1_440' title='bbox 2510 2509 2679 2580; x_wconf 85' lang='lat' dir='ltr'>cujus</span> <span class='ocrx_word' id='word_1_441' title='bbox 2728 2506 2885 2562; x_wconf 82' lang='lat' dir='ltr'>{ilius</span> <span class='ocrx_word' id='word_1_442' title='bbox 2933 2506 3009 2563; x_wconf 91' lang='lat' dir='ltr'>sit</span> <span class='ocrx_word' id='word_1_443' title='bbox 3037 2504 3325 2573; x_wconf 90' lang='lat' dir='ltr'>Christus,</span> <span class='ocrx_word' id='word_1_444' title='bbox 3346 2522 3483 2563; x_wconf 88' lang='lat' dir='ltr'>voce</span> <span class='ocrx_word' id='word_1_445' title='bbox 3529 2506 3796 2579; x_wconf 88' lang='lat' dir='ltr'>Apostoli</span> 
     </span>
    </p>
   </div>
   <div class='ocr_carea' id='block_1_59' title="bbox 2139 2590 3797 2668">
    <p class='ocr_par' dir='ltr' id='par_1_59' title="bbox 2139 2590 3797 2668">
     <span class='ocr_line' id='line_1_59' title="bbox 2139 2590 3797 2668; baseline 0.001 -18"><span class='ocrx_word' id='word_1_446' title='bbox 2139 2590 2487 2652; x_wconf 79' lang='lat' dir='ltr'>conﬁtemur</span> <span class='ocrx_word' id='word_1_447' title='bbox 2515 2597 2670 2668; x_wconf 90' lang='lat' dir='ltr'>quod</span> <span class='ocrx_word' id='word_1_448' title='bbox 2688 2599 2867 2668; x_wconf 82' lang='lat' dir='ltr'>factus</span> <span class='ocrx_word' id='word_1_449' title='bbox 2885 2600 3047 2652; x_wconf 78' lang='lat' dir='ltr'>estea:</span> <span class='ocrx_word' id='word_1_450' title='bbox 3069 2597 3274 2652; x_wconf 80' lang='lat' dir='ltr'>semine</span> <span class='ocrx_word' id='word_1_451' title='bbox 3294 2595 3466 2651; x_wconf 88' lang='lat' dir='ltr'>David</span> <span class='ocrx_word' id='word_1_452' title='bbox 3493 2595 3797 2652; x_wconf 85' lang='lat' dir='ltr'>secundum</span> 
     </span>
    </p>
   </div>
   <div class='ocr_carea' id='block_1_60' title="bbox 2136 2682 3797 2758">
    <p class='ocr_par' dir='ltr' id='par_1_60' title="bbox 2136 2682 3797 2758">
     <span class='ocr_line' id='line_1_60' title="bbox 2136 2682 3797 2758; baseline -0.001 -18"><span class='ocrx_word' id='word_1_453' title='bbox 2136 2701 2357 2740; x_wconf 86' lang='lat' dir='ltr'>carnem</span> <span class='ocrx_word' id='word_1_454' title='bbox 2378 2692 2395 2744; x_wconf 91' lang='lat'>(</span> <span class='ocrx_word' id='word_1_455' title='bbox 2402 2687 2550 2741; x_wconf 84' lang='lat' dir='ltr'>Rom.</span> <span class='ocrx_word' id='word_1_456' title='bbox 2570 2702 2607 2754; x_wconf 83' lang='grc' dir='ltr'>ι,</span> <span class='ocrx_word' id='word_1_457' title='bbox 2626 2686 2702 2757; x_wconf 88' lang='grc'>3);</span> <span class='ocrx_word' id='word_1_458' title='bbox 2723 2688 2780 2742; x_wconf 88' lang='lat' dir='ltr'>et</span> <span class='ocrx_word' id='word_1_459' title='bbox 2802 2685 2870 2740; x_wconf 91' lang='lat' dir='ltr'>de</span> <span class='ocrx_word' id='word_1_460' title='bbox 2893 2684 3020 2758; x_wconf 91' lang='lat' dir='ltr'>ipso</span> <span class='ocrx_word' id='word_1_461' title='bbox 3036 2684 3201 2740; x_wconf 89' lang='lat' dir='ltr'>initio</span> <span class='ocrx_word' id='word_1_462' title='bbox 3223 2682 3567 2757; x_wconf 70' lang='lat' dir='ltr'>evangelicae</span> <span class='ocrx_word' id='word_1_463' title='bbox 3583 2685 3797 2757; x_wconf 67' lang='lat' dir='ltr'>praedi-</span> 
     </span>
    </p>
   </div>
   <div class='ocr_carea' id='block_1_61' title="bbox 2137 2772 3792 2845">
    <p class='ocr_par' dir='ltr' id='par_1_61' title="bbox 2137 2772 3792 2845">
     <span class='ocr_line' id='line_1_61' title="bbox 2137 2772 3792 2845; baseline 0 -16"><span class='ocrx_word' id='word_1_464' title='bbox 2137 2774 2383 2829; x_wconf 86' lang='lat' dir='ltr'>cationis</span> <span class='ocrx_word' id='word_1_465' title='bbox 2416 2773 2785 2840; x_wconf 89' lang='lat' dir='ltr'>instruimur,</span> <span class='ocrx_word' id='word_1_466' title='bbox 2810 2772 3067 2845; x_wconf 89' lang='lat' dir='ltr'>legentes</span> <span class='ocrx_word' id='word_1_467' title='bbox 3092 2792 3104 2829; x_wconf 92' lang='lat'>:</span> <span class='ocrx_word' id='word_1_468' title='bbox 3131 2773 3292 2830; x_wconf 88' lang='lat' dir='ltr'>Liber</span> <span class='ocrx_word' id='word_1_469' title='bbox 3309 2775 3681 2843; x_wconf 83' lang='lat' dir='ltr'>generationis</span> <span class='ocrx_word' id='word_1_470' title='bbox 3697 2775 3792 2830; x_wconf 86' lang='lat' dir='ltr'>Je-</span> 
     </span>
    </p>
   </div>
   <div class='ocr_carea' id='block_1_62' title="bbox 2134 2861 3793 2932">
    <p class='ocr_par' dir='ltr' id='par_1_62' title="bbox 2134 2861 3793 2932">
     <span class='ocr_line' id='line_1_62' title="bbox 2134 2861 3793 2932; baseline 0 -15"><span class='ocrx_word' id='word_1_471' title='bbox 2134 2879 2200 2918; x_wconf 88' lang='lat' dir='ltr'>su</span> <span class='ocrx_word' id='word_1_472' title='bbox 2227 2863 2446 2930; x_wconf 83' lang='lat' dir='ltr'>Christi,</span> <span class='ocrx_word' id='word_1_473' title='bbox 2479 2862 2592 2932; x_wconf 85' lang='lat' dir='ltr'>ﬁlii</span> <span class='ocrx_word' id='word_1_474' title='bbox 2619 2863 2789 2918; x_wconf 88' lang='lat' dir='ltr'>David</span> <span class='ocrx_word' id='word_1_475' title='bbox 2820 2862 3022 2929; x_wconf 81' lang='lat' dir='ltr'>(Matth.</span> <span class='ocrx_word' id='word_1_476' title='bbox 3053 2880 3092 2929; x_wconf 78' lang='grc' dir='ltr'>ι,</span> <span class='ocrx_word' id='word_1_477' title='bbox 3126 2864 3200 2932; x_wconf 92' lang='grc'>1).</span> <span class='ocrx_word' id='word_1_478' title='bbox 3228 2862 3340 2922; x_wconf 88' lang='lat' dir='ltr'>Sed</span> <span class='ocrx_word' id='word_1_479' title='bbox 3373 2861 3499 2918; x_wconf 87' lang='lat' dir='ltr'>ideo</span> <span class='ocrx_word' id='word_1_480' title='bbox 3529 2879 3564 2919; x_wconf 90' lang='lat' dir='ltr'>a</span> <span class='ocrx_word' id='word_1_481' title='bbox 3591 2866 3793 2918; x_wconf 80' lang='lat' dir='ltr'>vestra</span> 
     </span>
    </p>
   </div>
   <div class='ocr_carea' id='block_1_63' title="bbox 2134 2950 3788 3025">
    <p class='ocr_par' dir='ltr' id='par_1_63' title="bbox 2134 2950 3788 3025">
     <span class='ocr_line' id='line_1_63' title="bbox 2134 2950 3788 3025; baseline 0.001 -19"><span class='ocrx_word' id='word_1_482' title='bbox 2134 2951 2435 3024; x_wconf 89' lang='lat' dir='ltr'>impietate</span> <span class='ocrx_word' id='word_1_483' title='bbox 2464 2950 3037 3024; x_wconf 89' lang='lat' dir='ltr'>discernimur,quia</span> <span class='ocrx_word' id='word_1_484' title='bbox 3065 2968 3240 3024; x_wconf 90' lang='lat' dir='ltr'>quem</span> <span class='ocrx_word' id='word_1_485' title='bbox 3270 2969 3340 3007; x_wconf 84' lang='lat' dir='ltr'>ex</span> <span class='ocrx_word' id='word_1_486' title='bbox 3363 2951 3637 3025; x_wconf 90' lang='lat' dir='ltr'>progenie</span> <span class='ocrx_word' id='word_1_487' title='bbox 3666 2951 3788 3007; x_wconf 89' lang='lat' dir='ltr'>Da-</span> 
     </span>
    </p>
   </div>
   <div class='ocr_carea' id='block_1_64' title="bbox 2130 3039 3786 3113">
    <p class='ocr_par' dir='ltr' id='par_1_64' title="bbox 2130 3039 3786 3113">
     <span class='ocr_line' id='line_1_64' title="bbox 2130 3039 3786 3113; baseline -0.001 -17"><span class='ocrx_word' id='word_1_488' title='bbox 2130 3041 2226 3097; x_wconf 91' lang='lat' dir='ltr'>vid</span> <span class='ocrx_word' id='word_1_489' title='bbox 2258 3040 2558 3096; x_wconf 90' lang='lat' dir='ltr'>hominem</span> <span class='ocrx_word' id='word_1_490' title='bbox 2587 3039 2857 3096; x_wconf 91' lang='lat' dir='ltr'>novimus</span> <span class='ocrx_word' id='word_1_491' title='bbox 2886 3043 3093 3096; x_wconf 87' lang='lat' dir='ltr'>natum</span> <span class='ocrx_word' id='word_1_492' title='bbox 3117 3040 3213 3113; x_wconf 88' lang='lat' dir='ltr'>(m)</span> <span class='ocrx_word' id='word_1_493' title='bbox 3243 3039 3537 3109; x_wconf 88' lang='lat' dir='ltr'>eumdem,</span> <span class='ocrx_word' id='word_1_494' title='bbox 3569 3055 3786 3096; x_wconf 86' lang='lat' dir='ltr'>secun-</span> 
     </span>
    </p>
   </div>
   <div class='ocr_carea' id='block_1_65' title="bbox 2133 3129 3787 3201">
    <p class='ocr_par' dir='ltr' id='par_1_65' title="bbox 2133 3129 3787 3201">
     <span class='ocr_line' id='line_1_65' title="bbox 2133 3129 3787 3201; baseline -0.001 -16"><span class='ocrx_word' id='word_1_495' title='bbox 2133 3130 2273 3185; x_wconf 89' lang='lat' dir='ltr'>dum</span> <span class='ocrx_word' id='word_1_496' title='bbox 2297 3129 2451 3201; x_wconf 89' lang='lat' dir='ltr'>quod</span> <span class='ocrx_word' id='word_1_497' title='bbox 2479 3130 2705 3186; x_wconf 86' lang='lat' dir='ltr'>Verbum</span> <span class='ocrx_word' id='word_1_498' title='bbox 2724 3146 2849 3186; x_wconf 89' lang='lat' dir='ltr'>caro</span> <span class='ocrx_word' id='word_1_499' title='bbox 2869 3131 3077 3201; x_wconf 84' lang='lat' dir='ltr'>factum</span> <span class='ocrx_word' id='word_1_500' title='bbox 3097 3137 3176 3185; x_wconf 89' lang='lat' dir='ltr'>est</span> <span class='ocrx_word' id='word_1_501' title='bbox 3192 3134 3377 3197; x_wconf 83' lang='lat' dir='ltr'>(Joan.</span> <span class='ocrx_word' id='word_1_502' title='bbox 3402 3129 3570 3201; x_wconf 62' lang='lat'>1,14),</span> <span class='ocrx_word' id='word_1_503' title='bbox 3595 3133 3787 3185; x_wconf 84' lang='lat' dir='ltr'>Deum</span> 
     </span>
    </p>
   </div>
   <div class='ocr_carea' id='block_1_66' title="bbox 378 3212 3795 3300">
    <p class='ocr_par' dir='ltr' id='par_1_66' title="bbox 378 3212 3795 3300">
     <span class='ocr_line' id='line_1_66' title="bbox 378 3212 3795 3300; baseline -0.002 -17"><span class='ocrx_word' id='word_1_504' title='bbox 378 3242 589 3300; x_wconf 88' lang='lat' dir='ltr'>porum</span> <span class='ocrx_word' id='word_1_505' title='bbox 612 3223 818 3281; x_wconf 88' lang='lat' dir='ltr'>diebus</span> <span class='ocrx_word' id='word_1_506' title='bbox 836 3220 1053 3277; x_wconf 90' lang='lat' dir='ltr'>electus</span> <span class='ocrx_word' id='word_1_507' title='bbox 1076 3216 1707 3290; x_wconf 86' lang='lat' dir='ltr'>est,licetdispensatio</span> <span class='ocrx_word' id='word_1_508' title='bbox 1729 3216 2024 3272; x_wconf 89' lang='lat' dir='ltr'>actionum</span> <span class='ocrx_word' id='word_1_509' title='bbox 2056 3212 2099 3279; x_wconf 91' lang='lat' dir='ltr'>C</span> <span class='ocrx_word' id='word_1_510' title='bbox 2136 3218 2253 3275; x_wconf 93' lang='lat' dir='ltr'>Deo</span> <span class='ocrx_word' id='word_1_511' title='bbox 2283 3219 2436 3274; x_wconf 89' lang='lat' dir='ltr'>Patri</span> <span class='ocrx_word' id='word_1_512' title='bbox 2482 3217 2776 3275; x_wconf 90' lang='lat' dir='ltr'>credimus</span> <span class='ocrx_word' id='word_1_513' title='bbox 2825 3223 3197 3275; x_wconf 76' lang='lat' dir='ltr'>eozeternum.</span> <span class='ocrx_word' id='word_1_514' title='bbox 3226 3218 3392 3274; x_wconf 87' lang='lat' dir='ltr'>Unde</span> <span class='ocrx_word' id='word_1_515' title='bbox 3437 3217 3486 3274; x_wconf 90' lang='lat' dir='ltr'>si</span> <span class='ocrx_word' id='word_1_516' title='bbox 3530 3223 3795 3293; x_wconf 75' lang='lat' dir='ltr'>teneres,</span> 
     </span>
    </p>
   </div>
   <div class='ocr_carea' id='block_1_67' title="bbox 378 3306 2027 3388">
    <p class='ocr_par' dir='ltr' id='par_1_67' title="bbox 378 3306 2027 3388">
     <span class='ocr_line' id='line_1_67' title="bbox 378 3306 2027 3388; baseline -0.008 -16"><span class='ocrx_word' id='word_1_517' title='bbox 378 3312 792 3388; x_wconf 88' lang='lat' dir='ltr'>corporalium,</span> <span class='ocrx_word' id='word_1_518' title='bbox 823 3310 977 3367; x_wconf 90' lang='lat' dir='ltr'>sicut</span> <span class='ocrx_word' id='word_1_519' title='bbox 1019 3313 1231 3365; x_wconf 67' lang='lat' dir='ltr'>aeterno</span> <span class='ocrx_word' id='word_1_520' title='bbox 1262 3306 1503 3363; x_wconf 88' lang='lat' dir='ltr'>consilio</span> <span class='ocrx_word' id='word_1_521' title='bbox 1534 3306 1722 3362; x_wconf 86' lang='lat' dir='ltr'>fuerat</span> <span class='ocrx_word' id='word_1_522' title='bbox 1751 3306 2027 3378; x_wconf 63' lang='lat' dir='ltr'>praeordi-</span> 
     </span>
    </p>
   </div>
   <div class='ocr_carea' id='block_1_68' title="bbox 378 3393 2026 3472">
    <p class='ocr_par' dir='ltr' id='par_1_68' title="bbox 378 3393 2026 3472">
     <span class='ocr_line' id='line_1_68' title="bbox 378 3393 2026 3472; baseline -0.007 -12"><span class='ocrx_word' id='word_1_523' title='bbox 378 3408 538 3472; x_wconf 90' lang='lat' dir='ltr'>nata,</span> <span class='ocrx_word' id='word_1_524' title='bbox 561 3400 879 3468; x_wconf 88' lang='lat' dir='ltr'>transierit,</span> <span class='ocrx_word' id='word_1_525' title='bbox 911 3402 1141 3470; x_wconf 85' lang='lat' dir='ltr'>totaque</span> <span class='ocrx_word' id='word_1_526' title='bbox 1181 3393 1584 3468; x_wconf 79' lang='lat' dir='ltr'>Redemptoris</span> <span class='ocrx_word' id='word_1_527' title='bbox 1633 3393 1935 3449; x_wconf 85' lang='lat' dir='ltr'>humilitas</span> <span class='ocrx_word' id='word_1_528' title='bbox 1967 3394 2026 3449; x_wconf 93' lang='lat' dir='ltr'>in</span> 
     </span>
    </p>
   </div>
   <div class='ocr_carea' id='block_1_69' title="bbox 379 3483 2028 3565">
    <p class='ocr_par' dir='ltr' id='par_1_69' title="bbox 379 3483 2028 3565">
     <span class='ocr_line' id='line_1_69' title="bbox 379 3483 2028 3565; baseline -0.005 -17"><span class='ocrx_word' id='word_1_529' title='bbox 379 3491 623 3565; x_wconf 90' lang='lat' dir='ltr'>gloriam</span> <span class='ocrx_word' id='word_1_530' title='bbox 638 3489 715 3563; x_wconf 90' lang='lat' dir='ltr'>(g)</span> <span class='ocrx_word' id='word_1_531' title='bbox 729 3493 979 3562; x_wconf 62' lang='lat' dir='ltr'>paterna:</span> <span class='ocrx_word' id='word_1_532' title='bbox 999 3486 1323 3558; x_wconf 88' lang='lat' dir='ltr'>majestatis</span> <span class='ocrx_word' id='word_1_533' title='bbox 1339 3489 1534 3540; x_wconf 89' lang='lat' dir='ltr'>evecta</span> <span class='ocrx_word' id='word_1_534' title='bbox 1549 3483 1716 3548; x_wconf 84' lang='lat' dir='ltr'>sit,ut</span> <span class='ocrx_word' id='word_1_535' title='bbox 1731 3485 1789 3538; x_wconf 89' lang='lat' dir='ltr'>in</span> <span class='ocrx_word' id='word_1_536' title='bbox 1804 3486 2028 3539; x_wconf 83' lang='lat' dir='ltr'>nomine</span> 
     </span>
    </p>
   </div>
   <div class='ocr_carea' id='block_1_70' title="bbox 376 3573 2028 3649">
    <p class='ocr_par' dir='ltr' id='par_1_70' title="bbox 376 3573 2028 3649">
     <span class='ocr_line' id='line_1_70' title="bbox 376 3573 2028 3649; baseline -0.008 -10"><span class='ocrx_word' id='word_1_537' title='bbox 376 3582 500 3639; x_wconf 79' lang='lat' dir='ltr'>Iesu</span> <span class='ocrx_word' id='word_1_538' title='bbox 528 3596 686 3637; x_wconf 85' lang='lat' dir='ltr'>omne</span> <span class='ocrx_word' id='word_1_539' title='bbox 704 3594 848 3649; x_wconf 85' lang='lat' dir='ltr'>genu</span> <span class='ocrx_word' id='word_1_540' title='bbox 872 3579 1125 3648; x_wconf 84' lang='lat' dir='ltr'>ﬂectatur</span> <span class='ocrx_word' id='word_1_541' title='bbox 1151 3575 1465 3640; x_wconf 71' lang='lat' dir='ltr'>caelestium,</span> <span class='ocrx_word' id='word_1_542' title='bbox 1488 3573 1853 3640; x_wconf 86' lang='lat' dir='ltr'>terrestrium,</span> <span class='ocrx_word' id='word_1_543' title='bbox 1874 3580 1924 3627; x_wconf 93' lang='lat' dir='ltr'>et</span> <span class='ocrx_word' id='word_1_544' title='bbox 1945 3573 2028 3626; x_wconf 86' lang='lat' dir='ltr'>in-</span> 
     </span>
    </p>
   </div>
   <div class='ocr_carea' id='block_1_71' title="bbox 375 3661 2027 3742">
    <p class='ocr_par' dir='ltr' id='par_1_71' title="bbox 375 3661 2027 3742">
     <span class='ocr_line' id='line_1_71' title="bbox 375 3661 2027 3742; baseline -0.007 -16"><span class='ocrx_word' id='word_1_545' title='bbox 375 3671 681 3742; x_wconf 76' lang='lat' dir='ltr'>fernarum,</span> <span class='ocrx_word' id='word_1_546' title='bbox 695 3681 746 3723; x_wconf 87' lang='lat' dir='ltr'>et</span> <span class='ocrx_word' id='word_1_547' title='bbox 766 3667 943 3723; x_wconf 86' lang='lat' dir='ltr'>omnis</span> <span class='ocrx_word' id='word_1_548' title='bbox 963 3666 1158 3733; x_wconf 87' lang='lat' dir='ltr'>lingua</span> <span class='ocrx_word' id='word_1_549' title='bbox 1172 3663 1508 3733; x_wconf 81' lang='lat' dir='ltr'>conﬁteatur,</span> <span class='ocrx_word' id='word_1_550' title='bbox 1523 3662 1649 3733; x_wconf 84' lang='lat' dir='ltr'>quia</span> <span class='ocrx_word' id='word_1_551' title='bbox 1666 3661 1927 3715; x_wconf 82' lang='lat' dir='ltr'>Dominus</span> <span class='ocrx_word' id='word_1_552' title='bbox 1944 3662 2027 3716; x_wconf 84' lang='lat' dir='ltr'>Je-</span> 
     </span>
    </p>
   </div>
   <div class='ocr_carea' id='block_1_72' title="bbox 376 3749 2023 3830">
    <p class='ocr_par' dir='ltr' id='par_1_72' title="bbox 376 3749 2023 3830">
     <span class='ocr_line' id='line_1_72' title="bbox 376 3749 2023 3830; baseline -0.007 -15"><span class='ocrx_word' id='word_1_553' title='bbox 376 3775 470 3815; x_wconf 83' lang='lat' dir='ltr'>sus</span> <span class='ocrx_word' id='word_1_554' title='bbox 487 3758 566 3830; x_wconf 91' lang='lat' dir='ltr'>(h)</span> <span class='ocrx_word' id='word_1_555' title='bbox 589 3760 649 3812; x_wconf 87' lang='lat' dir='ltr'>in</span> <span class='ocrx_word' id='word_1_556' title='bbox 667 3757 848 3828; x_wconf 85' lang='lat' dir='ltr'>gloria</span> <span class='ocrx_word' id='word_1_557' title='bbox 866 3757 909 3809; x_wconf 79' lang='grc'>1</span> <span class='ocrx_word' id='word_1_558' title='bbox 920 3756 1023 3809; x_wconf 72' lang='lat'>04</span> <span class='ocrx_word' id='word_1_559' title='bbox 1036 3756 1115 3807; x_wconf 86' lang='lat' dir='ltr'>est</span> <span class='ocrx_word' id='word_1_560' title='bbox 1130 3753 1229 3807; x_wconf 89' lang='lat' dir='ltr'>Dei</span> <span class='ocrx_word' id='word_1_561' title='bbox 1246 3752 1429 3806; x_wconf 91' lang='lat' dir='ltr'>Patris</span> <span class='ocrx_word' id='word_1_562' title='bbox 1444 3751 1709 3821; x_wconf 81' lang='lat' dir='ltr'>(Philipp.</span> <span class='ocrx_word' id='word_1_563' title='bbox 1725 3766 1786 3816; x_wconf 78' lang='grc' dir='ltr'>ιι,</span> <span class='ocrx_word' id='word_1_564' title='bbox 1807 3750 1893 3818; x_wconf 88' lang='grc'>10,</span> <span class='ocrx_word' id='word_1_565' title='bbox 1914 3749 2023 3819; x_wconf 91' lang='grc'>11),</span> 
     </span>
    </p>
   </div>
   <div class='ocr_carea' id='block_1_73' title="bbox 377 3837 2026 3912">
    <p class='ocr_par' dir='ltr' id='par_1_73' title="bbox 377 3837 2026 3912">
     <span class='ocr_line' id='line_1_73' title="bbox 377 3837 2026 3912; baseline -0.007 -8"><span class='ocrx_word' id='word_1_566' title='bbox 377 3846 777 3903; x_wconf 87' lang='lat' dir='ltr'>indesinenter</span> <span class='ocrx_word' id='word_1_567' title='bbox 805 3848 1001 3898; x_wconf 88' lang='lat' dir='ltr'>tamen</span> <span class='ocrx_word' id='word_1_568' title='bbox 1032 3841 1224 3912; x_wconf 89' lang='lat' dir='ltr'>ipsum</span> <span class='ocrx_word' id='word_1_569' title='bbox 1269 3844 1503 3911; x_wconf 80' lang='lat' dir='ltr'>partum</span> <span class='ocrx_word' id='word_1_570' title='bbox 1554 3837 1863 3893; x_wconf 73' lang='lat' dir='ltr'>salutiferae</span> <span class='ocrx_word' id='word_1_571' title='bbox 1893 3837 2026 3892; x_wconf 87' lang='lat' dir='ltr'>Vir-</span> 
     </span>
    </p>
   </div>
   <div class='ocr_carea' id='block_1_74' title="bbox 377 3925 2023 4009">
    <p class='ocr_par' dir='ltr' id='par_1_74' title="bbox 377 3925 2023 4009">
     <span class='ocr_line' id='line_1_74' title="bbox 377 3925 2023 4009; baseline -0.007 -19"><span class='ocrx_word' id='word_1_572' title='bbox 377 3934 533 4009; x_wconf 90' lang='lat' dir='ltr'>ginis</span> <span class='ocrx_word' id='word_1_573' title='bbox 563 3934 898 3997; x_wconf 90' lang='lat' dir='ltr'>adoramus,</span> <span class='ocrx_word' id='word_1_574' title='bbox 923 3932 981 3985; x_wconf 90' lang='lat' dir='ltr'>et</span> <span class='ocrx_word' id='word_1_575' title='bbox 1009 3927 1171 3983; x_wconf 89' lang='lat' dir='ltr'>illam</span> <span class='ocrx_word' id='word_1_576' title='bbox 1198 3926 1371 3982; x_wconf 92' lang='lat' dir='ltr'>Verbi</span> <span class='ocrx_word' id='word_1_577' title='bbox 1401 3932 1458 3982; x_wconf 89' lang='lat' dir='ltr'>et</span> <span class='ocrx_word' id='word_1_578' title='bbox 1486 3926 1678 3981; x_wconf 88' lang='lat' dir='ltr'>carnis</span> <span class='ocrx_word' id='word_1_579' title='bbox 1710 3925 2023 3982; x_wconf 88' lang='lat' dir='ltr'>indissolu-</span> 
     </span>
    </p>
   </div>
   <div class='ocr_carea' id='block_1_75' title="bbox 377 4013 2027 4094">
    <p class='ocr_par' dir='ltr' id='par_1_75' title="bbox 377 4013 2027 4094">
     <span class='ocr_line' id='line_1_75' title="bbox 377 4013 2027 4094; baseline -0.005 -14"><span class='ocrx_word' id='word_1_580' title='bbox 377 4021 556 4080; x_wconf 84' lang='lat' dir='ltr'>bilem</span> <span class='ocrx_word' id='word_1_581' title='bbox 578 4019 848 4094; x_wconf 90' lang='lat' dir='ltr'>copulam</span> <span class='ocrx_word' id='word_1_582' title='bbox 871 4034 986 4074; x_wconf 91' lang='lat' dir='ltr'>non</span> <span class='ocrx_word' id='word_1_583' title='bbox 1004 4016 1202 4073; x_wconf 89' lang='lat' dir='ltr'>minus</span> <span class='ocrx_word' id='word_1_584' title='bbox 1220 4015 1287 4088; x_wconf 82' lang='grc' dir='ltr'>(ἰ)</span> <span class='ocrx_word' id='word_1_585' title='bbox 1308 4014 1665 4087; x_wconf 87' lang='lat' dir='ltr'>suscipimus</span> <span class='ocrx_word' id='word_1_586' title='bbox 1687 4013 1744 4069; x_wconf 91' lang='lat' dir='ltr'>in</span> <span class='ocrx_word' id='word_1_587' title='bbox 1769 4031 2027 4089; x_wconf 65' lang='lat' dir='ltr'>praesepe</span> 
     </span>
    </p>
   </div>
   <div class='ocr_carea' id='block_1_76' title="bbox 471 4218 1951 4296">
    <p class='ocr_par' dir='ltr' id='par_1_76' title="bbox 471 4218 1951 4296">
     <span class='ocr_line' id='line_1_76' title="bbox 471 4218 1951 4296; baseline -0.003 -16"><span class='ocrx_word' id='word_1_588' title='bbox 471 4224 524 4296; x_wconf 90' lang='lat' dir='ltr'>a)</span> <span class='ocrx_word' id='word_1_589' title='bbox 557 4222 651 4296; x_wconf 81' lang='lat' dir='ltr'>Sic</span> <span class='ocrx_word' id='word_1_590' title='bbox 679 4218 1152 4296; x_wconf 85' lang='lat' dir='ltr'>pleriquenostri</span> <span class='ocrx_word' id='word_1_591' title='bbox 1183 4219 1350 4296; x_wconf 86' lang='lat' dir='ltr'>codd.</span> <span class='ocrx_word' id='word_1_592' title='bbox 1385 4222 1442 4276; x_wconf 90' lang='lat' dir='ltr'>et</span> <span class='ocrx_word' id='word_1_593' title='bbox 1467 4218 1680 4296; x_wconf 80' lang='lat' dir='ltr'>Quesn.</span> <span class='ocrx_word' id='word_1_594' title='bbox 1713 4218 1800 4296; x_wconf 73' lang='grc' dir='ltr'>ᾼΙ.</span> <span class='ocrx_word' id='word_1_595' title='bbox 1833 4228 1951 4296; x_wconf 70' lang='lat' dir='ltr'>nus.</span> 
     </span>
    </p>
   </div>
   <div class='ocr_carea' id='block_1_77' title="bbox 450 4224 2022 4369">
    <p class='ocr_par' dir='ltr' id='par_1_77' title="bbox 450 4224 2022 4369">
     <span class='ocr_line' id='line_1_77' title="bbox 471 4224 1951 4296; baseline -0.003 -16"><span class='ocrx_word' id='word_1_596' title='bbox 471 4241 506 4280; x_wconf 90' lang='lat' dir='ltr'>a</span> <span class='ocrx_word' id='word_1_597' title='bbox 557 4224 651 4279; x_wconf 91' lang='lat' dir='ltr'>Sic</span> <span class='ocrx_word' id='word_1_598' title='bbox 679 4224 939 4296; x_wconf 90' lang='lat' dir='ltr'>plerique</span> <span class='ocrx_word' id='word_1_599' title='bbox 969 4224 1152 4277; x_wconf 87' lang='lat' dir='ltr'>nostri</span> <span class='ocrx_word' id='word_1_600' title='bbox 1183 4224 1350 4276; x_wconf 91' lang='lat' dir='ltr'>codd.</span> <span class='ocrx_word' id='word_1_601' title='bbox 1385 4224 1442 4276; x_wconf 90' lang='lat' dir='ltr'>et</span> <span class='ocrx_word' id='word_1_602' title='bbox 1467 4224 1680 4283; x_wconf 85' lang='lat' dir='ltr'>Quesn.</span> <span class='ocrx_word' id='word_1_603' title='bbox 1713 4224 1800 4274; x_wconf 92' lang='lat' dir='ltr'>Al.</span> <span class='ocrx_word' id='word_1_604' title='bbox 1833 4228 1951 4275; x_wconf 72' lang='lat' dir='ltr'>nus.</span> 
     </span>
     <span class='ocr_line' id='line_1_78' title="bbox 450 4224 2022 4369; baseline -0.001 -20"><span class='ocrx_word' id='word_1_605' title='bbox 450 4224 526 4369; x_wconf 50' lang='lat' dir='ltr'>ibi</span> <span class='ocrx_word' id='word_1_606' title='bbox 555 4294 1028 4369; x_wconf 83' lang='lat' dir='ltr'>Vocem__Domini</span> <span class='ocrx_word' id='word_1_607' title='bbox 1062 4291 1463 4369; x_wconf 79' lang='lat' dir='ltr'>supplevimus</span> <span class='ocrx_word' id='word_1_608' title='bbox 1494 4307 1563 4346; x_wconf 81' lang='lat' dir='ltr'>ex</span> <span class='ocrx_word' id='word_1_609' title='bbox 1593 4291 1823 4347; x_wconf 88' lang='lat' dir='ltr'>duobus</span> <span class='ocrx_word' id='word_1_610' title='bbox 1852 4292 2022 4348; x_wconf 88' lang='lat' dir='ltr'>codd.</span> 
     </span>
    </p>
   </div>
   <div class='ocr_carea' id='block_1_78' title="bbox 378 4362 1416 4436">
    <p class='ocr_par' dir='ltr' id='par_1_78' title="bbox 378 4362 1416 4436">
     <span class='ocr_line' id='line_1_79' title="bbox 378 4362 1416 4436; baseline -0.008 -12"><span class='ocrx_word' id='word_1_611' title='bbox 378 4362 646 4434; x_wconf 53' lang='lat' dir='ltr'>S.&#39;P&#39;etri,</span> <span class='ocrx_word' id='word_1_612' title='bbox 678 4371 735 4422; x_wconf 90' lang='lat' dir='ltr'>et</span> <span class='ocrx_word' id='word_1_613' title='bbox 764 4365 975 4436; x_wconf 88' lang='lat' dir='ltr'>Veron)</span> <span class='ocrx_word' id='word_1_614' title='bbox 1006 4380 1072 4420; x_wconf 90' lang='lat' dir='ltr'>ae</span> <span class='ocrx_word' id='word_1_615' title='bbox 1098 4362 1416 4436; x_wconf 18' lang='lat' dir='ltr'>AP’adiliron.</span> 
     </span>
    </p>
   </div>
   <div class='ocr_carea' id='block_1_79' title="bbox 2136 3306 3790 3380">
    <p class='ocr_par' dir='ltr' id='par_1_79' title="bbox 2136 3306 3790 3380">
     <span class='ocr_line' id='line_1_80' title="bbox 2136 3306 3790 3380; baseline -0.001 -17"><span class='ocrx_word' id='word_1_616' title='bbox 2136 3306 2396 3375; x_wconf 91' lang='lat' dir='ltr'>oIsrael,</span> <span class='ocrx_word' id='word_1_617' title='bbox 2449 3307 2533 3363; x_wconf 92' lang='lat' dir='ltr'>tui</span> <span class='ocrx_word' id='word_1_618' title='bbox 2590 3306 2847 3362; x_wconf 89' lang='lat' dir='ltr'>nominis</span> <span class='ocrx_word' id='word_1_619' title='bbox 2903 3307 3269 3380; x_wconf 86' lang='lat' dir='ltr'>dignitatem,</span> <span class='ocrx_word' id='word_1_620' title='bbox 3309 3311 3363 3363; x_wconf 87' lang='lat' dir='ltr'>et</span> <span class='ocrx_word' id='word_1_621' title='bbox 3415 3306 3790 3379; x_wconf 88' lang='lat' dir='ltr'>propheticas</span> 
     </span>
    </p>
   </div>
   <div class='ocr_carea' id='block_1_80' title="bbox 2135 3395 3790 3469">
    <p class='ocr_par' dir='ltr' id='par_1_80' title="bbox 2135 3395 3790 3469">
     <span class='ocr_line' id='line_1_81' title="bbox 2135 3395 3790 3469; baseline -0.001 -17"><span class='ocrx_word' id='word_1_622' title='bbox 2135 3396 2608 3452; x_wconf 86' lang='lat' dir='ltr'>denuntiationes</span> <span class='ocrx_word' id='word_1_623' title='bbox 2666 3413 2781 3451; x_wconf 92' lang='lat' dir='ltr'>non</span> <span class='ocrx_word' id='word_1_624' title='bbox 2831 3395 3117 3452; x_wconf 84' lang='lat' dir='ltr'>obcaecato</span> <span class='ocrx_word' id='word_1_625' title='bbox 3163 3397 3337 3451; x_wconf 89' lang='lat' dir='ltr'>corde</span> <span class='ocrx_word' id='word_1_626' title='bbox 3392 3411 3790 3469; x_wconf 75' lang='lat' dir='ltr'>percurreres,</span> 
     </span>
    </p>
   </div>
   <div class='ocr_carea' id='block_1_81' title="bbox 2136 3484 3791 3559">
    <p class='ocr_par' dir='ltr' id='par_1_81' title="bbox 2136 3484 3791 3559">
     <span class='ocr_line' id='line_1_82' title="bbox 2136 3484 3791 3559; baseline 0.001 -18"><span class='ocrx_word' id='word_1_627' title='bbox 2136 3485 2319 3542; x_wconf 88' lang='lat' dir='ltr'>Isaias</span> <span class='ocrx_word' id='word_1_628' title='bbox 2352 3486 2455 3541; x_wconf 88' lang='lat' dir='ltr'>tibi</span> <span class='ocrx_word' id='word_1_629' title='bbox 2486 3484 2877 3559; x_wconf 75' lang='lat' dir='ltr'>evangelicum</span> <span class='ocrx_word' id='word_1_630' title='bbox 2920 3486 3201 3557; x_wconf 90' lang='lat' dir='ltr'>panderet</span> <span class='ocrx_word' id='word_1_631' title='bbox 3228 3485 3547 3552; x_wconf 85' lang='lat' dir='ltr'>veritatem,</span> <span class='ocrx_word' id='word_1_632' title='bbox 3580 3488 3637 3540; x_wconf 89' lang='lat' dir='ltr'>et</span> <span class='ocrx_word' id='word_1_633' title='bbox 3665 3501 3791 3542; x_wconf 87' lang='lat' dir='ltr'>non</span> 
     </span>
    </p>
   </div>
   <div class='ocr_carea' id='block_1_82' title="bbox 2135 3574 3791 3647">
    <p class='ocr_par' dir='ltr' id='par_1_82' title="bbox 2135 3574 3791 3647">
     <span class='ocr_line' id='line_1_83' title="bbox 2135 3574 3791 3647; baseline 0.001 -18"><span class='ocrx_word' id='word_1_634' title='bbox 2135 3576 2351 3630; x_wconf 89' lang='lat' dir='ltr'>surdus</span> <span class='ocrx_word' id='word_1_635' title='bbox 2380 3576 2613 3631; x_wconf 89' lang='lat' dir='ltr'>audires</span> <span class='ocrx_word' id='word_1_636' title='bbox 2645 3574 2841 3629; x_wconf 86' lang='lat' dir='ltr'>divina</span> <span class='ocrx_word' id='word_1_637' title='bbox 2870 3574 3253 3647; x_wconf 90' lang='lat' dir='ltr'>inspiratione</span> <span class='ocrx_word' id='word_1_638' title='bbox 3283 3574 3570 3630; x_wconf 89' lang='lat' dir='ltr'>dicentem</span> <span class='ocrx_word' id='word_1_639' title='bbox 3607 3590 3620 3629; x_wconf 93' lang='lat'>:</span> <span class='ocrx_word' id='word_1_640' title='bbox 3656 3574 3791 3630; x_wconf 84' lang='lat' dir='ltr'>Ecce</span> 
     </span>
    </p>
   </div>
   <div class='ocr_carea' id='block_1_83' title="bbox 2140 3661 3785 3735">
    <p class='ocr_par' dir='ltr' id='par_1_83' title="bbox 2140 3661 3785 3735">
     <span class='ocr_line' id='line_1_84' title="bbox 2140 3661 3785 3735; baseline -0.001 -15"><span class='ocrx_word' id='word_1_641' title='bbox 2140 3664 2300 3733; x_wconf 81' lang='lat' dir='ltr'>Virgo</span> <span class='ocrx_word' id='word_1_642' title='bbox 2321 3664 2471 3720; x_wconf 72' lang='lat'>105</span> <span class='ocrx_word' id='word_1_643' title='bbox 2490 3665 2573 3735; x_wconf 85' lang='grc' dir='ltr'>(η)</span> <span class='ocrx_word' id='word_1_644' title='bbox 2590 3665 2788 3735; x_wconf 88' lang='lat' dir='ltr'>accipit</span> <span class='ocrx_word' id='word_1_645' title='bbox 2816 3665 2875 3718; x_wconf 90' lang='lat' dir='ltr'>in</span> <span class='ocrx_word' id='word_1_646' title='bbox 2895 3666 3068 3731; x_wconf 88' lang='lat' dir='ltr'>utero,</span> <span class='ocrx_word' id='word_1_647' title='bbox 3089 3671 3140 3719; x_wconf 88' lang='lat' dir='ltr'>et</span> <span class='ocrx_word' id='word_1_648' title='bbox 3164 3664 3344 3735; x_wconf 82' lang='lat' dir='ltr'>pariet</span> <span class='ocrx_word' id='word_1_649' title='bbox 3363 3661 3568 3734; x_wconf 77' lang='lat' dir='ltr'>ﬁlium,</span> <span class='ocrx_word' id='word_1_650' title='bbox 3611 3666 3663 3718; x_wconf 89' lang='lat' dir='ltr'>et</span> <span class='ocrx_word' id='word_1_651' title='bbox 3692 3678 3785 3718; x_wconf 87' lang='lat' dir='ltr'>vo—</span> 
     </span>
    </p>
   </div>
   <div class='ocr_carea' id='block_1_84' title="bbox 2132 3752 3786 3824">
    <p class='ocr_par' dir='ltr' id='par_1_84' title="bbox 2132 3752 3786 3824">
     <span class='ocr_line' id='line_1_85' title="bbox 2132 3752 3786 3824; baseline -0.001 -17"><span class='ocrx_word' id='word_1_652' title='bbox 2132 3752 2334 3807; x_wconf 89' lang='lat' dir='ltr'>cabunt</span> <span class='ocrx_word' id='word_1_653' title='bbox 2352 3768 2549 3808; x_wconf 84' lang='lat' dir='ltr'>nomen</span> <span class='ocrx_word' id='word_1_654' title='bbox 2569 3752 2685 3824; x_wconf 87' lang='lat' dir='ltr'>ejus</span> <span class='ocrx_word' id='word_1_655' title='bbox 2705 3756 3050 3818; x_wconf 86' lang='lat' dir='ltr'>Emmanuet,</span> <span class='ocrx_word' id='word_1_656' title='bbox 3065 3752 3205 3824; x_wconf 88' lang='lat' dir='ltr'>quod</span> <span class='ocrx_word' id='word_1_657' title='bbox 3232 3756 3310 3807; x_wconf 91' lang='lat' dir='ltr'>est</span> <span class='ocrx_word' id='word_1_658' title='bbox 3343 3754 3786 3823; x_wconf 85' lang='lat' dir='ltr'>interpretatum,</span> 
     </span>
    </p>
   </div>
   <div class='ocr_carea' id='block_1_85' title="bbox 2133 3839 3785 3913">
    <p class='ocr_par' dir='ltr' id='par_1_85' title="bbox 2133 3839 3785 3913">
     <span class='ocr_line' id='line_1_86' title="bbox 2133 3839 3785 3913; baseline -0.001 -17"><span class='ocrx_word' id='word_1_659' title='bbox 2133 3841 2420 3896; x_wconf 82' lang='lat' dir='ltr'>Nobiscum</span> <span class='ocrx_word' id='word_1_660' title='bbox 2438 3842 2579 3897; x_wconf 89' lang='lat' dir='ltr'>Deus</span> <span class='ocrx_word' id='word_1_661' title='bbox 2605 3842 2755 3913; x_wconf 78' lang='grc' dir='ltr'>(1εαί.</span> <span class='ocrx_word' id='word_1_662' title='bbox 2778 3858 2876 3910; x_wconf 89' lang='lat' dir='ltr'>vn,</span> <span class='ocrx_word' id='word_1_663' title='bbox 2903 3842 2998 3909; x_wconf 71' lang='lat' dir='ltr'>lli;</span> <span class='ocrx_word' id='word_1_664' title='bbox 3022 3841 3206 3897; x_wconf 79' lang='lat' dir='ltr'>Matth.</span> <span class='ocrx_word' id='word_1_665' title='bbox 3232 3859 3267 3908; x_wconf 89' lang='grc' dir='ltr'>ι,</span> <span class='ocrx_word' id='word_1_666' title='bbox 3289 3842 3402 3909; x_wconf 83' lang='lat'>23).</span> <span class='ocrx_word' id='word_1_667' title='bbox 3430 3842 3611 3906; x_wconf 91' lang='lat' dir='ltr'>Quem</span> <span class='ocrx_word' id='word_1_668' title='bbox 3637 3839 3687 3895; x_wconf 90' lang='lat' dir='ltr'>si</span> <span class='ocrx_word' id='word_1_669' title='bbox 3721 3839 3785 3895; x_wconf 87' lang='lat' dir='ltr'>in</span> 
     </span>
    </p>
   </div>
   <div class='ocr_carea' id='block_1_86' title="bbox 2133 3927 3785 4001">
    <p class='ocr_par' dir='ltr' id='par_1_86' title="bbox 2133 3927 3785 4001">
     <span class='ocr_line' id='line_1_87' title="bbox 2133 3927 3785 4001; baseline -0.001 -17"><span class='ocrx_word' id='word_1_670' title='bbox 2133 3933 2297 3984; x_wconf 87' lang='lat' dir='ltr'>tanta</span> <span class='ocrx_word' id='word_1_671' title='bbox 2326 3929 2680 4001; x_wconf 89' lang='lat' dir='ltr'>proprietate</span> <span class='ocrx_word' id='word_1_672' title='bbox 2701 3930 2850 3985; x_wconf 90' lang='lat' dir='ltr'>sacri</span> <span class='ocrx_word' id='word_1_673' title='bbox 2877 3928 3133 3985; x_wconf 86' lang='lat' dir='ltr'>nominis</span> <span class='ocrx_word' id='word_1_674' title='bbox 3158 3945 3273 3984; x_wconf 90' lang='lat' dir='ltr'>non</span> <span class='ocrx_word' id='word_1_675' title='bbox 3298 3928 3555 3993; x_wconf 87' lang='lat' dir='ltr'>videbas,</span> <span class='ocrx_word' id='word_1_676' title='bbox 3579 3928 3637 3983; x_wconf 91' lang='lat' dir='ltr'>in</span> <span class='ocrx_word' id='word_1_677' title='bbox 3671 3927 3785 3982; x_wconf 87' lang='lat' dir='ltr'>Da-</span> 
     </span>
    </p>
   </div>
   <div class='ocr_carea' id='block_1_87' title="bbox 2130 4015 3786 4090">
    <p class='ocr_par' dir='ltr' id='par_1_87' title="bbox 2130 4015 3786 4090">
     <span class='ocr_line' id='line_1_88' title="bbox 2130 4015 3786 4090; baseline 0 -17"><span class='ocrx_word' id='word_1_678' title='bbox 2130 4018 2321 4074; x_wconf 90' lang='lat' dir='ltr'>vidiea</span> <span class='ocrx_word' id='word_1_679' title='bbox 2351 4018 2557 4074; x_wconf 89' lang='lat' dir='ltr'>saltem</span> <span class='ocrx_word' id='word_1_680' title='bbox 2595 4034 2733 4074; x_wconf 88' lang='lat' dir='ltr'>voce</span> <span class='ocrx_word' id='word_1_681' title='bbox 2782 4017 3110 4090; x_wconf 88' lang='lat' dir='ltr'>didicisses,</span> <span class='ocrx_word' id='word_1_682' title='bbox 3144 4034 3215 4073; x_wconf 92' lang='lat' dir='ltr'>ne</span> <span class='ocrx_word' id='word_1_683' title='bbox 3259 4022 3461 4074; x_wconf 86' lang='lat' dir='ltr'>contra</span> <span class='ocrx_word' id='word_1_684' title='bbox 3507 4015 3786 4073; x_wconf 82' lang='lat' dir='ltr'>testifica-</span> 
     </span>
    </p>
   </div>
   <div class='ocr_carea' id='block_1_88' title="bbox 2206 4221 3781 4306">
    <p class='ocr_par' dir='ltr' id='par_1_88' title="bbox 2206 4221 3781 4306">
     <span class='ocr_line' id='line_1_89' title="bbox 2206 4221 3781 4306; baseline -0.001 -28"><span class='ocrx_word' id='word_1_685' title='bbox 2206 4222 2282 4306; x_wconf 81' lang='lat' dir='ltr'>(g)</span> <span class='ocrx_word' id='word_1_686' title='bbox 2306 4223 2448 4306; x_wconf 68' lang='lat' dir='ltr'>Tres</span> <span class='ocrx_word' id='word_1_687' title='bbox 2469 4223 2651 4306; x_wconf 59' lang='lat' dir='ltr'>codd.</span> <span class='ocrx_word' id='word_1_688' title='bbox 2675 4226 2733 4278; x_wconf 90' lang='lat' dir='ltr'>et</span> <span class='ocrx_word' id='word_1_689' title='bbox 2761 4221 2951 4305; x_wconf 75' lang='lat' dir='ltr'>prima</span> <span class='ocrx_word' id='word_1_690' title='bbox 2980 4222 3428 4306; x_wconf 63' lang='lat' dir='ltr'>editio,aeterna?</span> <span class='ocrx_word' id='word_1_691' title='bbox 3456 4221 3781 4306; x_wconf 69' lang='lat' dir='ltr'>majestatis.</span> 
     </span>
    </p>
   </div>
   <div class='ocr_carea' id='block_1_89' title="bbox 2131 4292 3785 4439">
    <p class='ocr_par' dir='ltr' id='par_1_89' title="bbox 2131 4292 3785 4439">
     <span class='ocr_line' id='line_1_90' title="bbox 2131 4292 3784 4420; baseline -0.001 -72"><span class='ocrx_word' id='word_1_692' title='bbox 2131 4292 2427 4376; x_wconf 44' lang='lat' dir='ltr'>At&#39;textus</span> <span class='ocrx_word' id='word_1_693' title='bbox 2464 4292 2799 4377; x_wconf 58' lang='lat' dir='ltr'>scripturae,</span> <span class='ocrx_word' id='word_1_694' title='bbox 2824 4294 2922 4420; x_wconf 68' lang='lat' dir='ltr'>qui</span> <span class='ocrx_word' id='word_1_695' title='bbox 2961 4294 3291 4375; x_wconf 75' lang='lat' dir='ltr'>subjicitur,</span> <span class='ocrx_word' id='word_1_696' title='bbox 3310 4292 3484 4348; x_wconf 87' lang='lat' dir='ltr'>habet</span> <span class='ocrx_word' id='word_1_697' title='bbox 3514 4292 3576 4347; x_wconf 81' lang='lat' dir='ltr'>in</span> <span class='ocrx_word' id='word_1_698' title='bbox 3602 4294 3784 4376; x_wconf 76' lang='lat' dir='ltr'>gloria</span> 
     </span>
     <span class='ocr_line' id='line_1_91' title="bbox 2132 4365 3785 4439; baseline -0.001 -19"><span class='ocrx_word' id='word_1_699' title='bbox 2132 4370 2343 4439; x_wconf 67' lang='lat' dir='ltr'>estDe:</span> <span class='ocrx_word' id='word_1_700' title='bbox 2372 4366 2558 4421; x_wconf 76' lang='lat' dir='ltr'>Patris</span> <span class='ocrx_word' id='word_1_701' title='bbox 2592 4383 2604 4420; x_wconf 91' lang='lat'><strong>:</strong></span> <span class='ocrx_word' id='word_1_702' title='bbox 2638 4370 2693 4421; x_wconf 91' lang='lat' dir='ltr'>et</span> <span class='ocrx_word' id='word_1_703' title='bbox 2725 4382 2837 4439; x_wconf 88' lang='lat' dir='ltr'>pau</span> <span class='ocrx_word' id='word_1_704' title='bbox 2867 4382 2899 4421; x_wconf 93' lang='grc' dir='ltr'>ο</span> <span class='ocrx_word' id='word_1_705' title='bbox 2930 4370 3062 4438; x_wconf 89' lang='lat' dir='ltr'>post</span> <span class='ocrx_word' id='word_1_706' title='bbox 3087 4366 3362 4421; x_wconf 77' lang='lat' dir='ltr'>scribitur</span> <span class='ocrx_word' id='word_1_707' title='bbox 3382 4373 3629 4437; x_wconf 68' lang='lat' dir='ltr'>paterna:</span> <span class='ocrx_word' id='word_1_708' title='bbox 3659 4365 3785 4420; x_wconf 76' lang='lat' dir='ltr'>atti-</span> 
     </span>
    </p>
   </div>
   <div class='ocr_carea' id='block_1_90' title="bbox 448 4433 2360 4512">
    <p class='ocr_par' dir='ltr' id='par_1_90' title="bbox 448 4433 2360 4512">
     <span class='ocr_line' id='line_1_92' title="bbox 448 4433 2360 4512; baseline -0.002 -18"><span class='ocrx_word' id='word_1_709' title='bbox 448 4438 517 4512; x_wconf 86' lang='lat' dir='ltr'>(c)</span> <span class='ocrx_word' id='word_1_710' title='bbox 538 4437 731 4512; x_wconf 83' lang='lat' dir='ltr'>Aliqui</span> <span class='ocrx_word' id='word_1_711' title='bbox 753 4437 921 4512; x_wconf 79' lang='lat' dir='ltr'>codd.</span> <span class='ocrx_word' id='word_1_712' title='bbox 944 4433 1002 4492; x_wconf 85' lang='lat' dir='ltr'>et</span> <span class='ocrx_word' id='word_1_713' title='bbox 1021 4434 1213 4512; x_wconf 70' lang='lat' dir='ltr'>prima</span> <span class='ocrx_word' id='word_1_714' title='bbox 1232 4433 1483 4490; x_wconf 88' lang='lat' dir='ltr'>editione</span> <span class='ocrx_word' id='word_1_715' title='bbox 1504 4449 1862 4512; x_wconf 69' lang='lat' dir='ltr'>reservamus.</span> <span class='ocrx_word' id='word_1_716' title='bbox 1879 4434 2024 4512; x_wconf 74' lang='lat' dir='ltr'>Dein</span> <span class='ocrx_word' id='word_1_717' title='bbox 2055 4446 2101 4511; x_wconf 72' lang='grc' dir='ltr'><strong>Β</strong></span> <span class='ocrx_word' id='word_1_718' title='bbox 2133 4436 2360 4512; x_wconf 51' lang='lat' dir='ltr'>tudinis,</span> 
     </span>
    </p>
   </div>
   <div class='ocr_carea' id='block_1_91' title="bbox 374 4504 2021 4581">
    <p class='ocr_par' dir='ltr' id='par_1_91' title="bbox 374 4504 2021 4581">
     <span class='ocr_line' id='line_1_93' title="bbox 374 4504 2021 4581; baseline -0.003 -15"><span class='ocrx_word' id='word_1_719' title='bbox 374 4504 510 4567; x_wconf 79' lang='lat' dir='ltr'>Eece</span> <span class='ocrx_word' id='word_1_720' title='bbox 524 4526 621 4581; x_wconf 87' lang='lat' dir='ltr'>ego</span> <span class='ocrx_word' id='word_1_721' title='bbox 639 4504 963 4580; x_wconf 75' lang='lat' dir='ltr'>adjecimus</span> <span class='ocrx_word' id='word_1_722' title='bbox 978 4504 1046 4581; x_wconf 69' lang='lat' dir='ltr'>ei</span> <span class='ocrx_word' id='word_1_723' title='bbox 1065 4506 1297 4581; x_wconf 84' lang='lat' dir='ltr'>duobus</span> <span class='ocrx_word' id='word_1_724' title='bbox 1313 4522 1485 4581; x_wconf 42' lang='lat' dir='ltr'>mss:</span> <span class='ocrx_word' id='word_1_725' title='bbox 1499 4504 1750 4581; x_wconf 71' lang='lat' dir='ltr'>S_._Pet_ri,</span> <span class='ocrx_word' id='word_1_726' title='bbox 1781 4521 1850 4560; x_wconf 85' lang='lat' dir='ltr'>ex</span> <span class='ocrx_word' id='word_1_727' title='bbox 1879 4506 2021 4561; x_wconf 90' lang='lat' dir='ltr'>Bon.</span> 
     </span>
    </p>
   </div>
   <div class='ocr_carea' id='block_1_92' title="bbox 376 4548 2021 4653">
    <p class='ocr_par' dir='ltr' id='par_1_92' title="bbox 376 4548 2021 4653">
     <span class='ocr_line' id='line_1_94' title="bbox 376 4548 2021 4653; baseline -0.002 -16"><span class='ocrx_word' id='word_1_728' title='bbox 376 4548 447 4638; x_wconf 53' lang='lat' dir='ltr'>et</span> <span class='ocrx_word' id='word_1_729' title='bbox 462 4548 653 4653; x_wconf 54' lang='lat' dir='ltr'>priyma</span> <span class='ocrx_word' id='word_1_730' title='bbox 682 4548 953 4653; x_wconf 57' lang='lat' dir='ltr'>editione.</span> <span class='ocrx_word' id='word_1_731' title='bbox 975 4579 1040 4653; x_wconf 80' lang='lat' dir='ltr'>ln</span> <span class='ocrx_word' id='word_1_732' title='bbox 1083 4577 1206 4653; x_wconf 83' lang='lat' dir='ltr'>alio</span> <span class='ocrx_word' id='word_1_733' title='bbox 1229 4576 1510 4653; x_wconf 29' lang='lat' dir='ltr'>codice.</span> <span class='ocrx_word' id='word_1_734' title='bbox 1534 4576 1683 4653; x_wconf 89' lang='lat' dir='ltr'>Pel_ri</span> <span class='ocrx_word' id='word_1_735' title='bbox 1716 4548 1879 4653; x_wconf 74' lang='lat' dir='ltr'>deest</span> <span class='ocrx_word' id='word_1_736' title='bbox 1907 4593 2021 4649; x_wconf 88' lang='lat' dir='ltr'>ego.</span> 
     </span>
    </p>
   </div>
   <div class='ocr_carea' id='block_1_93' title="bbox 378 4646 2024 4721">
    <p class='ocr_par' dir='ltr' id='par_1_93' title="bbox 378 4646 2024 4721">
     <span class='ocr_line' id='line_1_95' title="bbox 378 4646 2024 4721; baseline -0.004 -11"><span class='ocrx_word' id='word_1_737' title='bbox 378 4646 511 4710; x_wconf 60' lang='lat' dir='ltr'>Mo&#39;x</span> <span class='ocrx_word' id='word_1_738' title='bbox 540 4652 599 4706; x_wconf 89' lang='lat' dir='ltr'>in</span> <span class='ocrx_word' id='word_1_739' title='bbox 629 4650 820 4706; x_wconf 87' lang='lat' dir='ltr'>tribus</span> <span class='ocrx_word' id='word_1_740' title='bbox 846 4650 1015 4706; x_wconf 83' lang='lat' dir='ltr'>codd.</span> <span class='ocrx_word' id='word_1_741' title='bbox 1038 4655 1094 4705; x_wconf 90' lang='lat' dir='ltr'>et</span> <span class='ocrx_word' id='word_1_742' title='bbox 1123 4649 1312 4721; x_wconf 91' lang='lat' dir='ltr'>prima</span> <span class='ocrx_word' id='word_1_743' title='bbox 1340 4646 1593 4702; x_wconf 81' lang='lat' dir='ltr'>editione</span> <span class='ocrx_word' id='word_1_744' title='bbox 1623 4647 1835 4721; x_wconf 76' lang='lat' dir='ltr'>legitur</span> <span class='ocrx_word' id='word_1_745' title='bbox 1862 4646 2024 4704; x_wconf 74' lang='lat' dir='ltr'>natus</span> 
     </span>
    </p>
   </div>
   <div class='ocr_carea' id='block_1_94' title="bbox 378 4718 2027 4794">
    <p class='ocr_par' dir='ltr' id='par_1_94' title="bbox 378 4718 2027 4794">
     <span class='ocr_line' id='line_1_96' title="bbox 378 4718 2027 4794; baseline -0.001 -15"><span class='ocrx_word' id='word_1_746' title='bbox 378 4727 455 4779; x_wconf 86' lang='lat' dir='ltr'>est</span> <span class='ocrx_word' id='word_1_747' title='bbox 484 4725 641 4779; x_wconf 86' lang='lat' dir='ltr'>nobis</span> <span class='ocrx_word' id='word_1_748' title='bbox 674 4739 777 4794; x_wconf 90' lang='lat' dir='ltr'>pro</span> <span class='ocrx_word' id='word_1_749' title='bbox 806 4725 969 4777; x_wconf 87' lang='lat' dir='ltr'>natus</span> <span class='ocrx_word' id='word_1_750' title='bbox 999 4718 1284 4794; x_wconf 59' lang='lat' dir='ltr'>estv&#39;obis;</span> <span class='ocrx_word' id='word_1_751' title='bbox 1312 4736 1438 4794; x_wconf 67' lang='lat' dir='ltr'>qua:</span> <span class='ocrx_word' id='word_1_752' title='bbox 1469 4718 1768 4794; x_wconf 75' lang='lat' dir='ltr'>postrema</span> <span class='ocrx_word' id='word_1_753' title='bbox 1797 4718 1966 4777; x_wconf 89' lang='lat' dir='ltr'>lectio</span> <span class='ocrx_word' id='word_1_754' title='bbox 1993 4738 2027 4777; x_wconf 91' lang='lat' dir='ltr'>a</span> 
     </span>
    </p>
   </div>
   <div class='ocr_carea' id='block_1_95' title="bbox 384 4790 1721 4864">
    <p class='ocr_par' dir='ltr' id='par_1_95' title="bbox 384 4790 1721 4864">
     <span class='ocr_line' id='line_1_97' title="bbox 384 4790 1721 4864; baseline -0.004 -14"><span class='ocrx_word' id='word_1_755' title='bbox 384 4794 553 4850; x_wconf 90' lang='lat' dir='ltr'>nobis</span> <span class='ocrx_word' id='word_1_756' title='bbox 585 4790 825 4857; x_wconf 79' lang='lat' dir='ltr'>retenta,</span> <span class='ocrx_word' id='word_1_757' title='bbox 858 4791 1190 4864; x_wconf 77' lang='lat' dir='ltr'>evangelico</span> <span class='ocrx_word' id='word_1_758' title='bbox 1221 4790 1399 4864; x_wconf 81' lang='lat' dir='ltr'>textui</span> <span class='ocrx_word' id='word_1_759' title='bbox 1434 4790 1721 4864; x_wconf 78' lang='lat' dir='ltr'>congruit.</span> 
     </span>
    </p>
   </div>
   <div class='ocr_carea' id='block_1_96' title="bbox 446 4860 2020 4937">
    <p class='ocr_par' dir='ltr' id='par_1_96' title="bbox 446 4860 2020 4937">
     <span class='ocr_line' id='line_1_98' title="bbox 446 4860 2020 4937; baseline -0.001 -17"><span class='ocrx_word' id='word_1_760' title='bbox 446 4866 525 4937; x_wconf 91' lang='lat' dir='ltr'>(d)</span> <span class='ocrx_word' id='word_1_761' title='bbox 554 4865 696 4937; x_wconf 85' lang='lat' dir='ltr'>Mss.</span> <span class='ocrx_word' id='word_1_762' title='bbox 726 4865 787 4937; x_wconf 75' lang='lat' dir='ltr'>S.</span> <span class='ocrx_word' id='word_1_763' title='bbox 817 4860 1182 4937; x_wconf 49' lang='lat' dir='ltr'>Petri._,&#39;Bon.</span> <span class='ocrx_word' id='word_1_764' title='bbox 1206 4866 1263 4917; x_wconf 90' lang='lat' dir='ltr'>et</span> <span class='ocrx_word' id='word_1_765' title='bbox 1293 4861 1481 4937; x_wconf 70' lang='lat' dir='ltr'>prima</span> <span class='ocrx_word' id='word_1_766' title='bbox 1514 4860 1715 4937; x_wconf 79' lang='lat' dir='ltr'>editio_,</span> <span class='ocrx_word' id='word_1_767' title='bbox 1738 4879 1861 4937; x_wconf 69' lang='lat' dir='ltr'>una</span> <span class='ocrx_word' id='word_1_768' title='bbox 1880 4878 2020 4918; x_wconf 87' lang='lat' dir='ltr'>voce.</span> 
     </span>
    </p>
   </div>
   <div class='ocr_carea' id='block_1_97' title="bbox 374 4932 2023 5001">
    <p class='ocr_par' dir='ltr' id='par_1_97' title="bbox 374 4932 2023 5001">
     <span class='ocr_line' id='line_1_99' title="bbox 374 4932 2023 5001; baseline -0.003 -8"><span class='ocrx_word' id='word_1_769' title='bbox 374 4932 517 4993; x_wconf 79' lang='lat' dir='ltr'>Dein</span> <span class='ocrx_word' id='word_1_770' title='bbox 550 4936 727 4992; x_wconf 92' lang='lat' dir='ltr'>iidem</span> <span class='ocrx_word' id='word_1_771' title='bbox 766 4936 825 4991; x_wconf 91' lang='lat' dir='ltr'>S.</span> <span class='ocrx_word' id='word_1_772' title='bbox 860 4934 1008 4990; x_wconf 89' lang='lat' dir='ltr'>Petri</span> <span class='ocrx_word' id='word_1_773' title='bbox 1040 4934 1209 4990; x_wconf 93' lang='lat' dir='ltr'>codd.</span> <span class='ocrx_word' id='word_1_774' title='bbox 1243 4932 1307 4989; x_wconf 81' lang='lat' dir='ltr'>et</span> <span class='ocrx_word' id='word_1_775' title='bbox 1328 4933 1539 4988; x_wconf 82' lang='lat' dir='ltr'>Veron.</span> <span class='ocrx_word' id='word_1_776' title='bbox 1574 4949 1639 4989; x_wconf 91' lang='lat' dir='ltr'>ac</span> <span class='ocrx_word' id='word_1_777' title='bbox 1683 4932 2023 5001; x_wconf 84' lang='lat' dir='ltr'>Padiliron.,</span> 
     </span>
    </p>
   </div>
   <div class='ocr_carea' id='block_1_98' title="bbox 374 5008 976 5078">
    <p class='ocr_par' dir='ltr' id='par_1_98' title="bbox 374 5008 976 5078">
     <span class='ocr_line' id='line_1_100' title="bbox 374 5008 976 5078; baseline -0.005 -15"><span class='ocrx_word' id='word_1_778' title='bbox 374 5009 555 5078; x_wconf 84' lang='lat' dir='ltr'>gloria</span> <span class='ocrx_word' id='word_1_779' title='bbox 583 5009 645 5062; x_wconf 88' lang='lat' dir='ltr'>in</span> <span class='ocrx_word' id='word_1_780' title='bbox 672 5008 976 5062; x_wconf 83' lang='lat' dir='ltr'>altissimis.</span> 
     </span>
    </p>
   </div>
   <div class='ocr_carea' id='block_1_99' title="bbox 448 5074 2024 5152">
    <p class='ocr_par' dir='ltr' id='par_1_99' title="bbox 448 5074 2024 5152">
     <span class='ocr_line' id='line_1_101' title="bbox 448 5074 2024 5152; baseline -0.004 -17"><span class='ocrx_word' id='word_1_781' title='bbox 448 5081 520 5152; x_wconf 89' lang='lat' dir='ltr'>(e)</span> <span class='ocrx_word' id='word_1_782' title='bbox 540 5079 599 5135; x_wconf 92' lang='lat' dir='ltr'>In</span> <span class='ocrx_word' id='word_1_783' title='bbox 622 5078 898 5152; x_wconf 72' lang='lat' dir='ltr'>vulgatis,</span> <span class='ocrx_word' id='word_1_784' title='bbox 924 5075 1527 5152; x_wconf 29' lang='lat' dir='ltr'>giseuEmendavimus</span> <span class='ocrx_word' id='word_1_785' title='bbox 1548 5091 1679 5130; x_wconf 86' lang='lat' dir='ltr'>cum</span> <span class='ocrx_word' id='word_1_786' title='bbox 1699 5074 1888 5152; x_wconf 74' lang='lat' dir='ltr'>prima</span> <span class='ocrx_word' id='word_1_787' title='bbox 1907 5075 2024 5130; x_wconf 90' lang='lat' dir='ltr'>edi-</span> 
     </span>
    </p>
   </div>
   <div class='ocr_carea' id='block_1_100' title="bbox 372 5145 2018 5215">
    <p class='ocr_par' dir='ltr' id='par_1_100' title="bbox 372 5145 2018 5215">
     <span class='ocr_line' id='line_1_102' title="bbox 372 5145 2018 5215; baseline -0.002 -10"><span class='ocrx_word' id='word_1_788' title='bbox 372 5145 532 5207; x_wconf 76' lang='lat' dir='ltr'>tione</span> <span class='ocrx_word' id='word_1_789' title='bbox 562 5166 630 5206; x_wconf 85' lang='lat' dir='ltr'>ex</span> <span class='ocrx_word' id='word_1_790' title='bbox 661 5145 804 5206; x_wconf 71' lang='lat' dir='ltr'>mss.</span> <span class='ocrx_word' id='word_1_791' title='bbox 838 5148 897 5205; x_wconf 89' lang='lat' dir='ltr'>S.</span> <span class='ocrx_word' id='word_1_792' title='bbox 923 5145 1118 5215; x_wconf 86' lang='lat' dir='ltr'>Petri.,</span> <span class='ocrx_word' id='word_1_793' title='bbox 1141 5147 1353 5203; x_wconf 90' lang='lat' dir='ltr'>Veron.</span> <span class='ocrx_word' id='word_1_794' title='bbox 1378 5151 1430 5202; x_wconf 81' lang='lat' dir='ltr'>et</span> <span class='ocrx_word' id='word_1_795' title='bbox 1448 5146 1590 5202; x_wconf 90' lang='lat' dir='ltr'>Bon.</span> <span class='ocrx_word' id='word_1_796' title='bbox 1608 5163 1674 5201; x_wconf 90' lang='lat' dir='ltr'>ac</span> <span class='ocrx_word' id='word_1_797' title='bbox 1700 5145 2018 5203; x_wconf 80' lang='lat' dir='ltr'>Padiliron.</span> 
     </span>
    </p>
   </div>
   <div class='ocr_carea' id='block_1_101' title="bbox 377 5217 2020 5292">
    <p class='ocr_par' dir='ltr' id='par_1_101' title="bbox 377 5217 2020 5292">
     <span class='ocr_line' id='line_1_103' title="bbox 377 5217 2020 5292; baseline -0.004 -14"><span class='ocrx_word' id='word_1_798' title='bbox 377 5221 512 5292; x_wconf 75' lang='lat' dir='ltr'>Post</span> <span class='ocrx_word' id='word_1_799' title='bbox 541 5221 844 5289; x_wconf 88' lang='lat' dir='ltr'>nonnulla,</span> <span class='ocrx_word' id='word_1_800' title='bbox 877 5220 1133 5284; x_wconf 85' lang='lat' dir='ltr'>conditur</span> <span class='ocrx_word' id='word_1_801' title='bbox 1178 5236 1282 5292; x_wconf 85' lang='lat' dir='ltr'>pro</span> <span class='ocrx_word' id='word_1_802' title='bbox 1329 5217 1640 5292; x_wconf 82' lang='lat' dir='ltr'>conceditur</span> <span class='ocrx_word' id='word_1_803' title='bbox 1667 5221 1757 5273; x_wconf 90' lang='lat' dir='ltr'>est</span> <span class='ocrx_word' id='word_1_804' title='bbox 1786 5217 1844 5271; x_wconf 91' lang='lat' dir='ltr'>in</span> <span class='ocrx_word' id='word_1_805' title='bbox 1877 5233 2020 5273; x_wconf 91' lang='lat' dir='ltr'>mss.</span> 
     </span>
    </p>
   </div>
   <div class='ocr_carea' id='block_1_102' title="bbox 374 5289 1422 5364">
    <p class='ocr_par' dir='ltr' id='par_1_102' title="bbox 374 5289 1422 5364">
     <span class='ocr_line' id='line_1_104' title="bbox 374 5289 1422 5364; baseline -0.003 -19"><span class='ocrx_word' id='word_1_806' title='bbox 374 5289 506 5348; x_wconf 86' lang='lat' dir='ltr'>Vat.</span> <span class='ocrx_word' id='word_1_807' title='bbox 541 5294 929 5364; x_wconf 86' lang='lat' dir='ltr'>posteriorum</span> <span class='ocrx_word' id='word_1_808' title='bbox 960 5289 1198 5364; x_wconf 53' lang='lat' dir='ltr'>collect:</span> <span class='ocrx_word' id='word_1_809' title='bbox 1224 5290 1255 5344; x_wconf 81' lang='grc'><strong>4</strong></span> <span class='ocrx_word' id='word_1_810' title='bbox 1285 5294 1341 5345; x_wconf 88' lang='lat' dir='ltr'>et</span> <span class='ocrx_word' id='word_1_811' title='bbox 1369 5291 1422 5343; x_wconf 89' lang='lat'>5.</span> 
     </span>
    </p>
   </div>
   <div class='ocr_carea' id='block_1_103' title="bbox 446 5358 2025 5437">
    <p class='ocr_par' dir='ltr' id='par_1_103' title="bbox 446 5358 2025 5437">
     <span class='ocr_line' id='line_1_105' title="bbox 446 5358 2025 5437; baseline -0.011 -16"><span class='ocrx_word' id='word_1_812' title='bbox 446 5366 523 5436; x_wconf 74' lang='grc' dir='ltr'>(Γ)</span> <span class='ocrx_word' id='word_1_813' title='bbox 541 5358 618 5419; x_wconf 79' lang='grc' dir='ltr'>Ἰη</span> <span class='ocrx_word' id='word_1_814' title='bbox 652 5364 845 5437; x_wconf 79' lang='lat' dir='ltr'>prima</span> <span class='ocrx_word' id='word_1_815' title='bbox 857 5362 1108 5437; x_wconf 82' lang='lat' dir='ltr'>editione</span> <span class='ocrx_word' id='word_1_816' title='bbox 1135 5364 1266 5437; x_wconf 78' lang='lat' dir='ltr'>post</span> <span class='ocrx_word' id='word_1_817' title='bbox 1288 5375 1485 5414; x_wconf 89' lang='lat' dir='ltr'>vocem</span> <span class='ocrx_word' id='word_1_818' title='bbox 1508 5358 1852 5437; x_wconf 65' lang='lat' dir='ltr'>Christiunus</span> <span class='ocrx_word' id='word_1_819' title='bbox 1881 5376 2025 5437; x_wconf 67' lang='lat' dir='ltr'>pun-</span> 
     </span>
    </p>
   </div>
   <div class='ocr_carea' id='block_1_104' title="bbox 377 5430 2021 5517">
    <p class='ocr_par' dir='ltr' id='par_1_104' title="bbox 377 5430 2021 5517">
     <span class='ocr_line' id='line_1_106' title="bbox 377 5430 2021 5517; baseline 0 0"><span class='ocrx_word' id='word_1_820' title='bbox 377 5430 883 5517; x_wconf 39' lang='lat' dir='ltr'>emancasse</span> <span class='ocrx_word' id='word_1_821' title='bbox 913 5430 1542 5517; x_wconf 44' lang='lat' dir='ltr'>agitarique?“</span> <span class='ocrx_word' id='word_1_822' title='bbox 1560 5432 1637 5517; x_wconf 68' lang='grc' dir='ltr'>εει</span> <span class='ocrx_word' id='word_1_823' title='bbox 1654 5446 1689 5517; x_wconf 58' lang='grc' dir='ltr'>ἐξ</span> <span class='ocrx_word' id='word_1_824' title='bbox 1714 5430 1811 5517; x_wconf 58' lang='grc' dir='ltr'>ιὲιεί</span> <span class='ocrx_word' id='word_1_825' title='bbox 1830 5430 2021 5517; x_wconf 57' lang='lat' dir='ltr'>&quot;Olea-</span> 
     </span>
    </p>
   </div>
   <div class='ocr_carea' id='block_1_105' title="bbox 376 5499 2022 5573">
    <p class='ocr_par' dir='ltr' id='par_1_105' title="bbox 376 5499 2022 5573">
     <span class='ocr_line' id='line_1_107' title="bbox 376 5499 2022 5573; baseline -0.002 -12"><span class='ocrx_word' id='word_1_826' title='bbox 376 5508 486 5561; x_wconf 80' lang='lat' dir='ltr'>tate</span> <span class='ocrx_word' id='word_1_827' title='bbox 514 5499 625 5560; x_wconf 69' lang='lat' dir='ltr'>non</span> <span class='ocrx_word' id='word_1_828' title='bbox 652 5499 847 5573; x_wconf 73' lang='lat' dir='ltr'>dividi,</span> <span class='ocrx_word' id='word_1_829' title='bbox 871 5499 1002 5567; x_wconf 52' lang='lat' dir='ltr'>non?</span> <span class='ocrx_word' id='word_1_830' title='bbox 1002 5505 1205 5559; x_wconf 81' lang='lat' dir='ltr'>dubitet</span> <span class='ocrx_word' id='word_1_831' title='bbox 1233 5510 1283 5557; x_wconf 85' lang='lat' dir='ltr'>et</span> <span class='ocrx_word' id='word_1_832' title='bbox 1313 5502 1383 5573; x_wconf 74' lang='lat' dir='ltr'>iis</span> <span class='ocrx_word' id='word_1_833' title='bbox 1411 5499 1542 5553; x_wconf 76' lang='lat' dir='ltr'>satis</span> <span class='ocrx_word' id='word_1_834' title='bbox 1571 5514 1694 5569; x_wconf 63' lang='lat' dir='ltr'>quae</span> <span class='ocrx_word' id='word_1_835' title='bbox 1725 5501 1862 5557; x_wconf 85' lang='lat' dir='ltr'>Deus</span> <span class='ocrx_word' id='word_1_836' title='bbox 1890 5502 2022 5557; x_wconf 79' lang='lat' dir='ltr'>dili-</span> 
     </span>
    </p>
   </div>
   <div class='ocr_carea' id='block_1_106' title="bbox 374 5571 2026 5653">
    <p class='ocr_par' dir='ltr' id='par_1_106' title="bbox 374 5571 2026 5653">
     <span class='ocr_line' id='line_1_108' title="bbox 374 5571 2026 5653; baseline 0 -22"><span class='ocrx_word' id='word_1_837' title='bbox 374 5577 473 5653; x_wconf 78' lang='lat' dir='ltr'>git,</span> <span class='ocrx_word' id='word_1_838' title='bbox 504 5575 782 5653; x_wconf 80' lang='lat' dir='ltr'>delectari.</span> <span class='ocrx_word' id='word_1_839' title='bbox 810 5571 871 5634; x_wconf 85' lang='lat' dir='ltr'>In</span> <span class='ocrx_word' id='word_1_840' title='bbox 903 5593 1013 5653; x_wconf 61' lang='lat' dir='ltr'>ms:</span> <span class='ocrx_word' id='word_1_841' title='bbox 1038 5573 1299 5653; x_wconf 58' lang='lat' dir='ltr'>Pedium,</span> <span class='ocrx_word' id='word_1_842' title='bbox 1325 5571 1428 5653; x_wconf 83' lang='lat' dir='ltr'>_C_ui</span> <span class='ocrx_word' id='word_1_843' title='bbox 1454 5586 1583 5627; x_wconf 89' lang='lat' dir='ltr'>vera</span> <span class='ocrx_word' id='word_1_844' title='bbox 1607 5586 1723 5653; x_wconf 57' lang='lat' dir='ltr'>pan</span> <span class='ocrx_word' id='word_1_845' title='bbox 1746 5579 1823 5630; x_wconf 88' lang='lat' dir='ltr'>est</span> <span class='ocrx_word' id='word_1_846' title='bbox 1848 5576 1909 5630; x_wconf 87' lang='lat' dir='ltr'>in</span> <span class='ocrx_word' id='word_1_847' title='bbox 1926 5574 2026 5633; x_wconf 87' lang='lat' dir='ltr'>Dei</span> 
     </span>
    </p>
   </div>
   <div class='ocr_carea' id='block_1_107' title="bbox 374 5643 1703 5723">
    <p class='ocr_par' dir='ltr' id='par_1_107' title="bbox 374 5643 1703 5723">
     <span class='ocr_line' id='line_1_109' title="bbox 374 5643 1703 5723; baseline -0.009 -11"><span class='ocrx_word' id='word_1_848' title='bbox 374 5643 673 5723; x_wconf 69' lang='lat' dir='ltr'>voluntate,</span> <span class='ocrx_word' id='word_1_849' title='bbox 702 5651 753 5714; x_wconf 85' lang='lat' dir='ltr'>si</span> <span class='ocrx_word' id='word_1_850' title='bbox 779 5664 891 5717; x_wconf 83' lang='lat' dir='ltr'>non</span> <span class='ocrx_word' id='word_1_851' title='bbox 916 5646 1126 5711; x_wconf 79' lang='lat' dir='ltr'>dubitet</span> <span class='ocrx_word' id='word_1_852' title='bbox 1153 5646 1238 5706; x_wconf 85' lang='lat' dir='ltr'>his</span> <span class='ocrx_word' id='word_1_853' title='bbox 1265 5643 1395 5705; x_wconf 80' lang='lat' dir='ltr'>solis</span> <span class='ocrx_word' id='word_1_854' title='bbox 1423 5658 1561 5723; x_wconf 57' lang='grc' dir='ltr'>αυξτ,</span> <span class='ocrx_word' id='word_1_855' title='bbox 1593 5645 1703 5702; x_wconf 84' lang='lat' dir='ltr'>etc.</span> 
     </span>
    </p>
   </div>
   <div class='ocr_carea' id='block_1_108' title="bbox 2206 4505 3786 4579">
    <p class='ocr_par' dir='ltr' id='par_1_108' title="bbox 2206 4505 3786 4579">
     <span class='ocr_line' id='line_1_110' title="bbox 2206 4505 3786 4579; baseline 0.001 -17"><span class='ocrx_word' id='word_1_856' title='bbox 2206 4508 2285 4579; x_wconf 92' lang='lat' dir='ltr'>(h)</span> <span class='ocrx_word' id='word_1_857' title='bbox 2317 4508 2457 4565; x_wconf 89' lang='lat' dir='ltr'>Mss.</span> <span class='ocrx_word' id='word_1_858' title='bbox 2491 4507 2695 4579; x_wconf 78' lang='lat' dir='ltr'>Veron.</span> <span class='ocrx_word' id='word_1_859' title='bbox 2727 4510 2784 4564; x_wconf 90' lang='lat' dir='ltr'>et</span> <span class='ocrx_word' id='word_1_860' title='bbox 2812 4506 3125 4563; x_wconf 89' lang='lat' dir='ltr'>Palidiron.</span> <span class='ocrx_word' id='word_1_861' title='bbox 3154 4507 3378 4564; x_wconf 91' lang='lat' dir='ltr'>addunt</span> <span class='ocrx_word' id='word_1_862' title='bbox 3416 4505 3685 4575; x_wconf 84' lang='lat' dir='ltr'>Christus,</span> <span class='ocrx_word' id='word_1_863' title='bbox 3719 4509 3786 4563; x_wconf 91' lang='lat' dir='ltr'>ut</span> 
     </span>
    </p>
   </div>
   <div class='ocr_carea' id='block_1_109' title="bbox 2134 4578 2675 4650">
    <p class='ocr_par' dir='ltr' id='par_1_109' title="bbox 2134 4578 2675 4650">
     <span class='ocr_line' id='line_1_111' title="bbox 2134 4578 2675 4650; baseline -0.002 -16"><span class='ocrx_word' id='word_1_864' title='bbox 2134 4578 2285 4650; x_wconf 89' lang='lat' dir='ltr'>apud</span> <span class='ocrx_word' id='word_1_865' title='bbox 2319 4584 2374 4643; x_wconf 83' lang='grc'>8,</span> <span class='ocrx_word' id='word_1_866' title='bbox 2410 4578 2675 4634; x_wconf 90' lang='lat' dir='ltr'>Paulum.</span> 
     </span>
    </p>
   </div>
   <div class='ocr_carea' id='block_1_110' title="bbox 2204 4648 3789 4731">
    <p class='ocr_par' dir='ltr' id='par_1_110' title="bbox 2204 4648 3789 4731">
     <span class='ocr_line' id='line_1_112' title="bbox 2204 4648 3789 4731; baseline -0.001 -26"><span class='ocrx_word' id='word_1_867' title='bbox 2204 4650 2266 4731; x_wconf 83' lang='lat' dir='ltr'>(i)</span> <span class='ocrx_word' id='word_1_868' title='bbox 2300 4651 2474 4731; x_wconf 73' lang='lat' dir='ltr'>Editi,</span> <span class='ocrx_word' id='word_1_869' title='bbox 2492 4651 2838 4731; x_wconf 79' lang='lat' dir='ltr'>suscipimus.</span> <span class='ocrx_word' id='word_1_870' title='bbox 2863 4648 3209 4731; x_wconf 77' lang='lat' dir='ltr'>Quesnellus</span> <span class='ocrx_word' id='word_1_871' title='bbox 3221 4649 3669 4731; x_wconf 56' lang='lat' dir='ltr'>eorruptionem</span> <span class='ocrx_word' id='word_1_872' title='bbox 3687 4662 3789 4711; x_wconf 76' lang='grc' dir='ltr'>ιιι-</span> 
     </span>
    </p>
   </div>
   <div class='ocr_carea' id='block_1_111' title="bbox 2133 4721 3785 4793">
    <p class='ocr_par' dir='ltr' id='par_1_111' title="bbox 2133 4721 3785 4793">
     <span class='ocr_line' id='line_1_113' title="bbox 2133 4721 3785 4793; baseline 0.003 -18"><span class='ocrx_word' id='word_1_873' title='bbox 2133 4721 2395 4793; x_wconf 87' lang='lat' dir='ltr'>spieatus</span> <span class='ocrx_word' id='word_1_874' title='bbox 2424 4721 2721 4778; x_wconf 87' lang='lat' dir='ltr'>annotavit</span> <span class='ocrx_word' id='word_1_875' title='bbox 2748 4721 2823 4793; x_wconf 88' lang='lat' dir='ltr'>in</span> <span class='ocrx_word' id='word_1_876' title='bbox 2874 4722 3137 4793; x_wconf 89' lang='lat' dir='ltr'>margine</span> <span class='ocrx_word' id='word_1_877' title='bbox 3169 4738 3181 4776; x_wconf 93' lang='lat'><strong>:</strong></span> <span class='ocrx_word' id='word_1_878' title='bbox 3221 4722 3386 4777; x_wconf 86' lang='lat' dir='ltr'>Forte</span> <span class='ocrx_word' id='word_1_879' title='bbox 3411 4721 3785 4792; x_wconf 66' lang='lat' dir='ltr'>suspicimus.</span> 
     </span>
    </p>
   </div>
   <div class='ocr_carea' id='block_1_112' title="bbox 2182 4792 3784 4865">
    <p class='ocr_par' dir='ltr' id='par_1_112' title="bbox 2182 4792 3784 4865">
     <span class='ocr_line' id='line_1_114' title="bbox 2182 4792 3784 4865; baseline 0.002 -18"><span class='ocrx_word' id='word_1_880' title='bbox 2182 4793 2611 4865; x_wconf 87' lang='lat' dir='ltr'>mendationem</span> <span class='ocrx_word' id='word_1_881' title='bbox 2638 4792 2921 4865; x_wconf 85' lang='lat' dir='ltr'>optimam</span> <span class='ocrx_word' id='word_1_882' title='bbox 2945 4792 3614 4865; x_wconf 36' lang='lat' dir='ltr'>ac’textuiinserendam</span> <span class='ocrx_word' id='word_1_883' title='bbox 3648 4810 3784 4865; x_wconf 81' lang='lat' dir='ltr'>pro-</span> 
     </span>
    </p>
   </div>
   <div class='ocr_carea' id='block_1_113' title="bbox 2133 4863 3386 4920">
    <p class='ocr_par' dir='ltr' id='par_1_113' title="bbox 2133 4863 3386 4920">
     <span class='ocr_line' id='line_1_115' title="bbox 2133 4863 3386 4920; baseline 0.001 -2"><span class='ocrx_word' id='word_1_884' title='bbox 2133 4864 2338 4919; x_wconf 91' lang='lat' dir='ltr'>bavere</span> <span class='ocrx_word' id='word_1_885' title='bbox 2369 4864 2595 4919; x_wconf 89' lang='lat' dir='ltr'>codices</span> <span class='ocrx_word' id='word_1_886' title='bbox 2626 4863 2960 4919; x_wconf 86' lang='lat' dir='ltr'>Casinensis</span> <span class='ocrx_word' id='word_1_887' title='bbox 2988 4870 3044 4920; x_wconf 91' lang='lat' dir='ltr'>et</span> <span class='ocrx_word' id='word_1_888' title='bbox 3075 4863 3386 4919; x_wconf 73' lang='lat' dir='ltr'>l’adiliron.</span> 
     </span>
    </p>
   </div>
   <div class='ocr_carea' id='block_1_114' title="bbox 2204 4934 3743 5007">
    <p class='ocr_par' dir='ltr' id='par_1_114' title="bbox 2204 4934 3743 5007">
     <span class='ocr_line' id='line_1_116' title="bbox 2204 4934 3743 5007; baseline 0.001 -17"><span class='ocrx_word' id='word_1_889' title='bbox 2204 4938 2273 5007; x_wconf 87' lang='lat' dir='ltr'>(j)</span> <span class='ocrx_word' id='word_1_890' title='bbox 2306 4936 2397 4990; x_wconf 88' lang='lat' dir='ltr'>Sic</span> <span class='ocrx_word' id='word_1_891' title='bbox 2427 4934 2686 5007; x_wconf 89' lang='lat' dir='ltr'>plerique</span> <span class='ocrx_word' id='word_1_892' title='bbox 2721 4940 2777 4990; x_wconf 93' lang='lat' dir='ltr'>et</span> <span class='ocrx_word' id='word_1_893' title='bbox 2801 4935 3051 5007; x_wconf 91' lang='lat' dir='ltr'>potiores</span> <span class='ocrx_word' id='word_1_894' title='bbox 3080 4935 3308 4992; x_wconf 89' lang='lat' dir='ltr'>codices</span> <span class='ocrx_word' id='word_1_895' title='bbox 3336 4934 3448 5003; x_wconf 80' lang='lat' dir='ltr'>AL,</span> <span class='ocrx_word' id='word_1_896' title='bbox 3474 4938 3743 4991; x_wconf 89' lang='lat' dir='ltr'>conserta.</span> 
     </span>
    </p>
   </div>
   <div class='ocr_carea' id='block_1_115' title="bbox 2203 5006 3112 5077">
    <p class='ocr_par' dir='ltr' id='par_1_115' title="bbox 2203 5006 3112 5077">
     <span class='ocr_line' id='line_1_117' title="bbox 2203 5006 3112 5077; baseline 0.002 -17"><span class='ocrx_word' id='word_1_897' title='bbox 2203 5006 2280 5077; x_wconf 81' lang='lat' dir='ltr'>(k)</span> <span class='ocrx_word' id='word_1_898' title='bbox 2311 5006 2569 5071; x_wconf 87' lang='lat' dir='ltr'>Quatuor</span> <span class='ocrx_word' id='word_1_899' title='bbox 2598 5006 2789 5071; x_wconf 90' lang='lat' dir='ltr'>codd.,</span> <span class='ocrx_word' id='word_1_900' title='bbox 2822 5007 3112 5077; x_wconf 86' lang='lat' dir='ltr'>inspicitis.</span> 
     </span>
    </p>
   </div>
   <div class='ocr_carea' id='block_1_116' title="bbox 2203 5075 3781 5148">
    <p class='ocr_par' dir='ltr' id='par_1_116' title="bbox 2203 5075 3781 5148">
     <span class='ocr_line' id='line_1_118' title="bbox 2203 5075 3781 5148; baseline -0.001 -17"><span class='ocrx_word' id='word_1_901' title='bbox 2203 5075 2263 5148; x_wconf 81' lang='grc' dir='ltr'>(ι)</span> <span class='ocrx_word' id='word_1_902' title='bbox 2297 5078 2391 5132; x_wconf 91' lang='lat' dir='ltr'>Sic</span> <span class='ocrx_word' id='word_1_903' title='bbox 2422 5078 2536 5133; x_wconf 90' lang='lat' dir='ltr'>duo</span> <span class='ocrx_word' id='word_1_904' title='bbox 2567 5094 2709 5132; x_wconf 89' lang='lat' dir='ltr'>mss.</span> <span class='ocrx_word' id='word_1_905' title='bbox 2741 5080 2798 5131; x_wconf 86' lang='lat' dir='ltr'>S.</span> <span class='ocrx_word' id='word_1_906' title='bbox 2831 5075 3004 5147; x_wconf 79' lang='lat' dir='ltr'>Petri,</span> <span class='ocrx_word' id='word_1_907' title='bbox 3026 5076 3178 5134; x_wconf 90' lang='lat' dir='ltr'>alius</span> <span class='ocrx_word' id='word_1_908' title='bbox 3208 5076 3520 5134; x_wconf 87' lang='lat' dir='ltr'>Padiliron.</span> <span class='ocrx_word' id='word_1_909' title='bbox 3547 5079 3604 5132; x_wconf 91' lang='lat' dir='ltr'>et</span> <span class='ocrx_word' id='word_1_910' title='bbox 3624 5075 3781 5132; x_wconf 87' lang='lat' dir='ltr'>Casi-</span> 
     </span>
    </p>
   </div>
   <div class='ocr_carea' id='block_1_117' title="bbox 2131 5148 2790 5218">
    <p class='ocr_par' dir='ltr' id='par_1_117' title="bbox 2131 5148 2790 5218">
     <span class='ocr_line' id='line_1_119' title="bbox 2131 5148 2790 5218; baseline -0.003 -15"><span class='ocrx_word' id='word_1_911' title='bbox 2131 5149 2352 5204; x_wconf 90' lang='lat' dir='ltr'>nensis.</span> <span class='ocrx_word' id='word_1_912' title='bbox 2382 5148 2494 5216; x_wconf 80' lang='lat' dir='ltr'>AL,</span> <span class='ocrx_word' id='word_1_913' title='bbox 2524 5148 2790 5218; x_wconf 79' lang='lat' dir='ltr'>conﬁteri.</span> 
     </span>
    </p>
   </div>
   <div class='ocr_carea' id='block_1_118' title="bbox 2202 5217 3780 5291">
    <p class='ocr_par' dir='ltr' id='par_1_118' title="bbox 2202 5217 3780 5291">
     <span class='ocr_line' id='line_1_120' title="bbox 2202 5217 3780 5291; baseline -0.001 -18"><span class='ocrx_word' id='word_1_914' title='bbox 2202 5220 2303 5291; x_wconf 90' lang='lat' dir='ltr'>(m)_</span> <span class='ocrx_word' id='word_1_915' title='bbox 2324 5220 2656 5275; x_wconf 89' lang='lat' dir='ltr'>Editionum</span> <span class='ocrx_word' id='word_1_916' title='bbox 2703 5217 3011 5282; x_wconf 87' lang='lat' dir='ltr'>Quesnello</span> <span class='ocrx_word' id='word_1_917' title='bbox 3070 5221 3426 5277; x_wconf 88' lang='lat' dir='ltr'>anteriorum</span> <span class='ocrx_word' id='word_1_918' title='bbox 3487 5217 3780 5291; x_wconf 78' lang='lat' dir='ltr'>syntaxim</span> 
     </span>
    </p>
   </div>
   <div class='ocr_carea' id='block_1_119' title="bbox 2133 5289 3783 5362">
    <p class='ocr_par' dir='ltr' id='par_1_119' title="bbox 2133 5289 3783 5362">
     <span class='ocr_line' id='line_1_121' title="bbox 2133 5289 3783 5362; baseline 0.001 -18"><span class='ocrx_word' id='word_1_919' title='bbox 2133 5289 2272 5362; x_wconf 68' lang='lat' dir='ltr'>quae</span> <span class='ocrx_word' id='word_1_920' title='bbox 2289 5289 2429 5346; x_wconf 89' lang='lat' dir='ltr'>item</span> <span class='ocrx_word' id='word_1_921' title='bbox 2456 5295 2557 5362; x_wconf 82' lang='lat' dir='ltr'>est</span> <span class='ocrx_word' id='word_1_922' title='bbox 2578 5294 2910 5362; x_wconf 77' lang='lat' dir='ltr'>nostrorum</span> <span class='ocrx_word' id='word_1_923' title='bbox 2932 5292 3220 5359; x_wconf 90' lang='lat' dir='ltr'>codicum,</span> <span class='ocrx_word' id='word_1_924' title='bbox 3243 5289 3783 5362; x_wconf 78' lang='lat' dir='ltr'>restituimus.Que-</span> 
     </span>
    </p>
   </div>
   <div class='ocr_carea' id='block_1_120' title="bbox 2131 5359 3782 5433">
    <p class='ocr_par' dir='ltr' id='par_1_120' title="bbox 2131 5359 3782 5433">
     <span class='ocr_line' id='line_1_122' title="bbox 2131 5359 3782 5433; baseline 0 -17"><span class='ocrx_word' id='word_1_925' title='bbox 2131 5359 2354 5417; x_wconf 75' lang='lat' dir='ltr'>snellus</span> <span class='ocrx_word' id='word_1_926' title='bbox 2380 5360 2592 5417; x_wconf 88' lang='lat' dir='ltr'>delevit</span> <span class='ocrx_word' id='word_1_927' title='bbox 2622 5360 2731 5433; x_wconf 87' lang='lat' dir='ltr'>hoc</span> <span class='ocrx_word' id='word_1_928' title='bbox 2777 5359 2901 5417; x_wconf 92' lang='lat' dir='ltr'>loco</span> <span class='ocrx_word' id='word_1_929' title='bbox 2931 5363 3197 5433; x_wconf 87' lang='lat' dir='ltr'>eumdem,</span> <span class='ocrx_word' id='word_1_930' title='bbox 3221 5369 3277 5420; x_wconf 91' lang='lat' dir='ltr'>et</span> <span class='ocrx_word' id='word_1_931' title='bbox 3316 5361 3618 5419; x_wconf 89' lang='lat' dir='ltr'>transtulit</span> <span class='ocrx_word' id='word_1_932' title='bbox 3646 5366 3782 5417; x_wconf 84' lang='lat' dir='ltr'>ante</span> 
     </span>
    </p>
   </div>
   <div class='ocr_carea' id='block_1_121' title="bbox 2129 5431 3782 5506">
    <p class='ocr_par' dir='ltr' id='par_1_121' title="bbox 2129 5431 3782 5506">
     <span class='ocr_line' id='line_1_123' title="bbox 2129 5431 3782 5506; baseline 0 -18"><span class='ocrx_word' id='word_1_933' title='bbox 2129 5449 2328 5506; x_wconf 85' lang='lat' dir='ltr'>vocem</span> <span class='ocrx_word' id='word_1_934' title='bbox 2362 5434 2549 5506; x_wconf 81' lang='lat' dir='ltr'>Deum.</span> <span class='ocrx_word' id='word_1_935' title='bbox 2575 5431 2903 5506; x_wconf 85' lang='lat' dir='ltr'>Aliquando</span> <span class='ocrx_word' id='word_1_936' title='bbox 2925 5439 3056 5506; x_wconf 86' lang='lat' dir='ltr'>post</span> <span class='ocrx_word' id='word_1_937' title='bbox 3086 5435 3146 5490; x_wconf 90' lang='lat' dir='ltr'>in</span> <span class='ocrx_word' id='word_1_938' title='bbox 3173 5431 3283 5490; x_wconf 88' lang='lat' dir='ltr'>ms.</span> <span class='ocrx_word' id='word_1_939' title='bbox 3308 5433 3647 5497; x_wconf 88' lang='lat' dir='ltr'>Padiliron.,</span> <span class='ocrx_word' id='word_1_940' title='bbox 3670 5448 3782 5488; x_wconf 82' lang='lat' dir='ltr'>non</span> 
     </span>
    </p>
   </div>
   <div class='ocr_carea' id='block_1_122' title="bbox 2129 5504 2831 5560">
    <p class='ocr_par' dir='ltr' id='par_1_122' title="bbox 2129 5504 2831 5560">
     <span class='ocr_line' id='line_1_124' title="bbox 2129 5504 2831 5560; baseline -0.003 0"><span class='ocrx_word' id='word_1_941' title='bbox 2129 5504 2312 5560; x_wconf 83' lang='lat' dir='ltr'>surdis</span> <span class='ocrx_word' id='word_1_942' title='bbox 2342 5504 2568 5559; x_wconf 81' lang='lat' dir='ltr'>auribus</span> <span class='ocrx_word' id='word_1_943' title='bbox 2596 5504 2831 5560; x_wconf 86' lang='lat' dir='ltr'>audires.</span> 
     </span>
    </p>
   </div>
   <div class='ocr_carea' id='block_1_123' title="bbox 2203 5574 3780 5649">
    <p class='ocr_par' dir='ltr' id='par_1_123' title="bbox 2203 5574 3780 5649">
     <span class='ocr_line' id='line_1_125' title="bbox 2203 5574 3780 5649; baseline -0.001 -19"><span class='ocrx_word' id='word_1_944' title='bbox 2203 5576 2282 5648; x_wconf 89' lang='grc' dir='ltr'>(η)</span> <span class='ocrx_word' id='word_1_945' title='bbox 2308 5575 2447 5649; x_wconf 76' lang='lat' dir='ltr'>Cod.</span> <span class='ocrx_word' id='word_1_946' title='bbox 2479 5575 2715 5649; x_wconf 64' lang='lat' dir='ltr'>Veron,</span> <span class='ocrx_word' id='word_1_947' title='bbox 2752 5577 3049 5649; x_wconf 73' lang='lat' dir='ltr'>concipiet;</span> <span class='ocrx_word' id='word_1_948' title='bbox 3106 5577 3243 5633; x_wconf 88' lang='lat' dir='ltr'>dein</span> <span class='ocrx_word' id='word_1_949' title='bbox 3297 5576 3355 5632; x_wconf 93' lang='lat' dir='ltr'>in</span> <span class='ocrx_word' id='word_1_950' title='bbox 3414 5574 3591 5632; x_wconf 88' lang='lat' dir='ltr'>editis</span> <span class='ocrx_word' id='word_1_951' title='bbox 3634 5577 3780 5649; x_wconf 76' lang='lat' dir='ltr'>ante</span> 
     </span>
    </p>
   </div>
   <div class='ocr_carea' id='block_1_124' title="bbox 2131 5646 3778 5729">
    <p class='ocr_par' dir='ltr' id='par_1_124' title="bbox 2131 5646 3778 5729">
     <span class='ocr_line' id='line_1_126' title="bbox 2131 5646 3778 5729; baseline -0.002 -21"><span class='ocrx_word' id='word_1_952' title='bbox 2131 5646 2345 5717; x_wconf 70' lang='lat' dir='ltr'>eum.</span> <span class='ocrx_word' id='word_1_953' title='bbox 2361 5651 2419 5707; x_wconf 86' lang='lat' dir='ltr'>et</span> <span class='ocrx_word' id='word_1_954' title='bbox 2432 5647 2495 5707; x_wconf 91' lang='lat' dir='ltr'>in</span> <span class='ocrx_word' id='word_1_955' title='bbox 2515 5646 2871 5725; x_wconf 81' lang='lat' dir='ltr'>quibusdam</span> <span class='ocrx_word' id='word_1_956' title='bbox 2890 5646 3059 5721; x_wconf 60' lang='lat' dir='ltr'>mea.</span> <span class='ocrx_word' id='word_1_957' title='bbox 3077 5650 3357 5710; x_wconf 86' lang='lat' dir='ltr'>vocabitur</span> <span class='ocrx_word' id='word_1_958' title='bbox 3373 5663 3479 5729; x_wconf 86' lang='lat' dir='ltr'>pro</span> <span class='ocrx_word' id='word_1_959' title='bbox 3496 5646 3778 5708; x_wconf 79' lang='lat' dir='ltr'>vocabunt.</span> 
     </span>
    </p>
   </div>
  </div>
