4072 6176
210 344 332 407 233

1664 341 1931 408 saeuo
1979 330 2197 408 XXXI.

3507 346 3630 451 =39

214 479 263 548 (1
291 477 411 533 Cor.
441 493 521 544 v1,
553 477 675 549 17.),
708 483 935 550 quanto
963 477 1148 549 magis
1178 476 1435 532 Verbum
1467 493 1598 532 caro
1649 477 1864 532 factum
1896 478 1951 544 Α
1979 481 2069 534 est
2098 478 2275 534 unius
2305 478 2669 545 substantiae,
2704 480 2857 535 idem
2896 480 3071 536 homo
3117 495 3289 537 verus
3318 483 3377 537 et
3413 496 3628 538 secun-

216 562 361 623 unus
389 567 480 622 est
505 564 834 623 Christus?
866 566 966 623 ubi
1016 566 1160 623 nihil
1205 570 1293 622 est
1337 564 1576 621 alterius
1625 570 1867 634 naturae,

214 656 360 729 quod
391 672 508 711 non
542 656 624 711 sit
653 655 986 730 utriusque.
1016 656 1142 711 Non
1173 671 1309 727 ergo
1341 654 1785 726 inﬁrmemur(a)
1809 654 1867 709 in

212 745 449 803 consilio
474 744 900 801 misericordiae
913 745 1034 811 Dei,
1056 762 1183 818 qua:
1215 762 1321 800 nos
1343 746 1401 799 et
1423 743 1763 799 innocentiae
1787 760 1870 799 re-

208 837 415 911 format
447 839 510 889 et
539 834 709 903 vitae;
746 850 851 890 nec
872 834 1008 907 quia
1039 832 1097 888 in
1131 828 1425 905 SalvatOre
1459 836 1655 888 nostro
1678 830 1865 887 mani-

208 926 347 981 festa
379 923 1061 995 cognoscimusgeminaa
1088 923 1256 995 signa
1274 927 1514 989 naturae,
1540 925 1642 976 aut
1664 921 1723 976 in
1741 920 1866 994 glo-

209 1012 288 1069 ria
317 1011 417 1069 Dei
449 1011 787 1069 deveritate
818 1011 1031 1080 carnis,
1052 1017 1152 1067 aut
1182 1011 1240 1066 in
1254 1010 1586 1067 humilitate
1607 1009 1865 1066 hominis

208 1101 527 1160 deDeitatis
542 1100 1229 1172 majestate'dubitemus.
1240 1101 1313 1173 (b)
1324 1100 1480 1155 Idem
1495 1104 1584 1155 est
1598 1098 1655 1155 in
1678 1099 1864 1155 forma

207 1189 317 1260 Dei,
351 1191 460 1264 qui
495 1192 747 1246 formam
775 1189 1036 1263 suscepit
1066 1190 1236 1245 servi.
1274 1189 1428 1244 Idem
1460 1190 1550 1244 est
1586 1188 1859 1260 incorpo-

208 1299 335 1337 reus
366 1297 649 1347 manens,
681 1282 739 1335 et
769 1296 982 1353 corpus
1008 1295 1337 1334 assumens.
1374 1278 1530 1333 Idem
1562 1280 1650 1332 est
1672 1277 1729 1330 in
1756 1293 1863 1332 sua

206 1371 413 1426 virtute
443 1366 833 1435 inviolabilis,
868 1371 927 1424 et
948 1367 1006 1422 in
1030 1371 1230 1424 nostra
1249 1365 1587 1423 infirmitate
1611 1364 1858 1438 passibi-

207 1459 294 1515 lis.
322 1458 488 1514 Idem
524 1461 616 1514 est
648 1474 682 1512 a
714 1461 953 1529 paterno
986 1473 1100 1511 non
1151 1455 1373 1512 divisus
1415 1454 1647 1521 throno,
1699 1458 1757 1509 et
1786 1453 1859 1509 ab

206 1548 396 1621 impiis
428 1546 753 1603 cruciﬁxus
784 1545 844 1601 in
877 1533 1053 1617 ligno.
1082 1545 1240 1602 Idem
1267 1548 1355 1601 est
1375 1560 1552 1615 super
1578 1542 1855 1598 caelorum

208 1636 552 1693 altitudines
600 1634 788 1692 victor
835 1635 1039 1691 mortis
1088 1635 1428 1692 ascendens.
1461 1638 1518 1688 et
1566 1647 1753 1705 usque
1784 1630 1856 1687 ad

204 1724 773 1782 consummationem
808 1722 1003 1780 saeculi
1034 1722 1365 1779 universam
1392 1720 1709 1778 Ecclesiam
1738 1739 1853 1779 non

202 1814 558 1888 relinquens.
597 1811 758 1870 Idem
787 1815 1080 1885 postremo
1110 1817 1218 1879 est,
1254 1810 1354 1884 qui
1388 1812 1444 1866 in
1478 1811 1705 1878 eadem,
1738 1827 1855 1884 qua

201 1899 481 1973 ascendit,
511 1918 690 1958 carne
719 1906 1024 1969 venturus,
1056 1902 1209 1956 sicut
1230 1900 1525 1973 judicium
1572 1900 1853 1956 sustinuit

199 1993 538 2068 impiorum,
572 1992 655 2048 ita
678 1990 1057 2063 judicaturus
1085 1985 1175 2045 est
1201 1990 1272 2045 de
1320 1988 1584 2045 omnium
1625 1988 1852 2047 actione

200 2084 342 2157 ῃιο
373 2080 746 2139 mortalium.
780 2079 945 2136 Unde
977 2095 1048 2135 ne
1072 2077 1344 2152 plurimis
1374 2077 1725 2135 testimoniis
1748 2078 1850 2134 im-

194 2188 507 2240 moremur,
545 2186 734 2225 unum
766 2168 987 2225 sufﬁcit
1005 2184 1073 2224 ex
1095 2167 1405 2241 Evangelio
1432 2167 1579 2223 beati
1602 2167 1848 2224 Joannis

191 2252 477 2327 adhiberi,
514 2275 636 2332 quo
669 2259 795 2331 ipse
826 2257 1105 2313 Dominus
1136 2261 1333 2312 noster
1360 2257 1431 2327 (ε)
1456 2256 1631 2312 dicit:
1658 2258 1845 2327 Amen,

188 2366 341 2405 amen
372 2348 503 2405 dico
534 2349 706 2416 vobis,
739 2348 871 2418 quia
894 2348 1040 2402 venit
1070 2346 1222 2410 hora,
1254 2349 1307 2400 et
1332 2362 1481 2400 nunc
1509 2352 1608 2415 est,
1633 2345 1846 2417 quando

184 2440 382 2494 morati
412 2436 650 2495 audient
679 2452 861 2491 vocem
882 2436 1016 2490 Filii
1046 2435 1167 2498 Dei;
1195 2444 1247 2490 et
1274 2437 1371 2507 qui
1416 2434 1713 2501 audierint,
1762 2436 1845 2490 vi-

184 2532 319 2583 rent.
349 2527 511 2583 Sicut
542 2527 696 2582 enim
720 2525 889 2580 Pater
920 2524 1076 2580 habet
1124 2526 1287 2580 vitam
1318 2526 1378 2579 in
1427 2526 1735 2596 semetipso,
1766 2526 1849 2580 sic

190 2616 329 2672 dedit
357 2625 413 2672 et
439 2616 589 2671 Filio
620 2616 790 2670 vitam
817 2612 1015 2669 habere
1056 2615 1117 2668 in
1161 2615 1447 2685 semetipso
1468 2632 1487 2669 :
1516 2630 1566 2669 ei
1608 2617 1844 2686 potesta-

193 2698 289 2762 tem
317 2705 473 2763 dedit
501 2706 561 2761 ei
575 2704 858 2777 judicium
886 2705 1083 2775 facere,
1130 2704 1261 2774 quia
1308 2703 1459 2773 ﬁlius
1506 2702 1741 2758 hominis
1770 2710 1849 2760 est

189 2798 355 2867 ileon.
391 2812 449 2860 v,
467 2797 563 2864 25,
588 2793 863 2865 26).Ergo
875 2793 985 2848 sub
1000 2809 1115 2847 una
1127 2791 1417 2847 sententia
1439 2792 1692 2847 ostendit
1709 2792 1845 2865 quia

188 2884 415 2957 {ibidem
440 2880 632 2939 Filius
654 2882 755 2938 Dei
779 2886 954 2954 atque
974 2880 1129 2943 filius
1145 2881 1402 2937 hominis
1415 2886 1524 2938 est.
1554 2881 1715 2937 Unde
1742 2898 1844 2954 ap-

188 2979 345 3045 paret
360 2970 878 3046 quemadmodum
897 2970 1186 3026 Christum
1201 2970 1517 3026 Dominum
1538 2971 1597 3025 in
1622 2970 1843 3026 unitate

189 3080 443 3136 persona:
470 3063 716 3117 credere
734 3058 1253 3132 debeamus,(e)qui
1271 3076 1404 3114 cum
1419 3060 1495 3114 sit
1515 3059 1694 3115 Filius
1720 3060 1840 3125 Dei,

185 3168 290 3223 per
315 3168 491 3224 quem
525 3147 665 3205 facti
699 3163 929 3214 sumus,
961 3147 1133 3203 etiam
1155 3147 1310 3202 filius
1337 3148 1596 3204 hominis
1621 3165 1723 3221 per
1744 3166 1837 3203 as-

182 3239 581 3312 sumptionem
615 3237 812 3294 carnis
845 3240 934 3292 est
963 3239 1170 3304 tactus,
1207 3241 1272 3292 ut
1304 3242 1648 3304 moreretur,
1683 3238 1838 3292 sicut
1867 3216 1909 3283 C

181 3329 261 3383 ait
292 3325 636 3400 Apostolus,
665 3333 889 3399 propter
917 3325 1113 3381 delicta
1158 3334 1365 3394 nostra,
1406 3331 1465 3381 et
1511 3331 1840 3399 resurgeret

175 3421 395 3489 propter
412 3414 883 3490 justiﬁcationem
907 3422 1149 3469 nostram
1180 3416 1351 3481 (Rom.
1387 3432 1461 3481 1v,
1492 3417 1605 3476 25).

242 3510 384 3561 Car.
420 3502 525 3561 VI.
560 3536 633 3545 —-
663 3503 796 3559 Hac
843 3502 1150 3570 confessio,
1198 3502 1587 3571 dilectissimi,
1640 3501 1839 3559 nullus

182 3594 237 3667 ff)
276 3594 495 3650 metuit
525 3592 1041 3657 contradictiones,
1094 3591 1276 3648 nullis
1324 3592 1476 3646 cedit
1517 3592 1838 3647 erroribus.

180 3683 574 3756 Agnoscimus
604 3682 764 3738 enim
797 3680 1259 3736 misericordiam
1284 3680 1383 3735 Dei
1416 3681 1489 3735 ab
1516 3680 1680 3736 initio
1708 3698 1841 3753 pro-

183 3773 447 3840 missam,
480 3777 542 3828 et
560 3774 698 3827 ante
710 3766 924 3827 saecula
941 3773 1344 3843 prazparatam,
1372 3786 1475 3843 per
1486 3769 1843 3843 quam(g)so-

184 3861 295 3918 lam
330 3859 550 3918 resolvi
577 3859 935 3934 captivitatis
965 3859 1235 3915 humanae
1256 3858 1487 3914 vincula
1504 3864 1841 3931 potuerunt,

188 3952 405 4024 quibus
435 3950 699 4024 primum
717 3948 1014 4005 hominem
1030 3964 1382 4020 omnemque
1398 3949 1527 4020 ejus
1542 3949 1846 4025 posterita-

189 4034 295 4095 tem
332 4032 726 4096 malesuadus
754 4037 972 4110 peccati
996 4038 1616 4106 auctorobstrinxerat,
1641 4042 1697 4094 et
1718 4055 1846 4111 pro-

192 4130 461 4203 paginem
476 4127 613 4183 dedi
622 4126 812 4183 titiam
827 4123 1095 4199 originali
1119 4126 1231 4182 sibi
1245 4127 1580 4199 przcjudicio
1598 4127 1847 4183 vindica-

189 4216 299 4279 bat.
332 4216 489 4285 Quia
521 4214 1473 4290 igiturjustificandishorninibus
1506 4216 1615 4272 hoc
1635 4215 1846 4289 princi-

187 4305 399 4376 paliter
426 4304 778 4378 opitulatur,
810 4304 965 4375 quod
993 4303 1340 4376 Unigenitus
1360 4304 1461 4361 Dei
1492 4305 1667 4362 etiam
1692 4305 1847 4362 ﬁlius

185 4392 445 4450 hominis
476 4409 611 4450 esse
626 4392 1023 4466 dignatusest,
1044 4396 1109 4447 ut
1124 4401 1377 4464 ὁμοούσιος
1408 4394 1561 4449 Patri
1588 4394 1761 4463 Deus,
1786 4394 1841 4449 id

248 4537 433 4611 (a)Sic
469 4537 661 4611 nostri
684 4537 925 4593 codd.et
956 4537 1323 4604 Quesnellus.
1338 4536 1447 4611 Alii
1465 4537 1701 4611 editi,in
1717 4555 1844 4611 con-

184 4608 345 4691 siliis.
380 4608 573 4691 Paulo
603 4615 733 4691 post
762 4625 869 4691 pro
898 4612 1204 4691 manifeste,
1238 4609 1407 4691 quod
1425 4614 1548 4664 erat
1568 4610 1842 4691 ineditis,
1875 4608 1899 4657 ‘

185 4680 538 4761 Quesnellus
568 4680 678 4734 seri
686 4680 824 4761 psit,
842 4682 1183 4761 manifesta”
1206 4680 1362 4753 quod
1395 4681 1453 4735 in
1469 4680 1686 4738 nostris
1706 4680 1846 4754 quo?

189 4768 294 4824 que
323 4769 480 4809 mss.
512 4752 814 4824 inventum
841 4752 1218 4824 retinuimus.

254 4824 463 4893 (biDuo
499 4823 666 4878 codd.
700 4824 758 4879 S.
794 4823 964 4878 Petri.
989 4823 1133 4896 Idem
1162 4823 1319 4878 homo
1348 4826 1421 4896 est
1446 4825 1503 4878 in
1531 4828 1709 4896 [arma
1728 4827 1841 4893 Dei,

222 4898 283 4977 ui
294 4898 559 4977 famam
581 4896 780 4967 recepit
794 4896 957 4950 servi.
983 4895 1200 4967 Recepit
1226 4897 1315 4968 est
1335 4894 1511 4950 etiam
1533 4894 1595 4951 in
1615 4897 1845 4953 duobus

273 4967 518 5022 tieanis.

198 5038 673 5164 Βέοπιῖῗὲεοοάά.
708 5037 956 5107 addunt,
991 5038 1127 5101 haec;
1150 5036 1339 5113 prima
1367 5038 1544 5095 editio
1574 5055 1708 5094 cum
1732 5057 1843 5096 ms.

268 5126 373 5164 u..~
506 5152 519 5164 .

268 5124 519 5170 u.,~nos.

257 5181 333 5251 (Δ)
348 5179 710 5255 Quesnellus
724 5181 993 5255 inseruit
1020 5197 1235 5255 vocem
1250 5179 1415 5246 idem,
1436 5197 1613 5252 quam
1632 5181 1848 5255 reperi-

200 5263 325 5325 mus
354 5253 416 5325 in
450 5251 645 5324 prima
670 5252 925 5308 editione
956 5258 1013 5308 et
1037 5252 1333 5325 aliquibus
1358 5251 1504 5325 mss.

260 5324 328 5396 (ε)
356 5323 472 5393 Qui
502 5340 604 5396 pro
634 5327 769 5396 quia
790 5323 1187 5380 revocavimus
1215 5341 1283 5379 ex
1301 5323 1499 5396 prima,
1520 5324 1773 5381 editione
1794 5329 1852 5381 et

260 5341 308 5392 ιε
356 5341 467 5393 ραι
502 5341 604 5396 pro
671 5341 769 5381 uta
790 5341 1187 5380 revocammus
1215 5341 1283 5379 ex
1301 5341 1492 5395 prima
1520 5341 1773 5381 eamone
1794 5341 1847 5381 et

198 5341 428 5450 duobus
460 5411 604 5451 mss.
733 5395 906 5463 Petri,
930 5411 1035 5451 nec
1068 5413 1182 5451 non
1214 5411 1283 5451 ex
1309 5412 1425 5450 uno
1455 5395 1586 5450 Vat.
1611 5401 1667 5452 et
1702 5397 1847 5452 Bon.

223 5533 235 5545 ο
260 5466 401 5545 (ﬂin
432 5472 687 5545 quatuor
705 5468 877 5545 codd.
897 5472 953 5545 et
974 5467 1164 5540 prima
1189 5466 1461 5545 editione,
1487 5469 1716 5545 inuenit.
1742 5469 1848 5523 Re-

200 5538 489 5611 tinuimus
514 5538 825 5611 lectionem
858 5538 1176 5611 vulgatam,
1212 5555 1387 5609 quam
1418 5538 1479 5593 in
1524 5539 1655 5595 aliis
1705 5557 1846 5595 mss.

201 5609 369 5691 etiam
400 5608 663 5691 a_n_tiqu_is
689 5608 1210 5691 deprehendimus,
1234 5608 1302 5691 eo
1323 5611 1759 5691 quodeonfessio
1784 5613 1850 5691 il-

201 5677 289 5738 dei
316 5681 393 5739 de
420 5677 648 5738 Christo
680 5677 880 5756 plures
910 5681 1150 5757 quidem
1176 5677 1663 5742 contradictiones
1678 5686 1853 5745 nacte

528 5806 795 5879 Ριτιοι.
837 5808 995 5883 LIV.

1980 566 2119 622 dum
2154 584 2388 625 carnem
2422 567 2594 623 matri
2614 562 3129 624 consubstantialis
3149 569 3441 640 existeret;
3464 574 3627 626 utro-

1978 672 2091 727 que
2119 657 2464 729 gaudemus,
2498 656 2636 728 quia
2665 674 2779 712 non
2810 658 2923 713 nisi
2956 662 3201 730 utroque
3222 656 3538 715 salvamur:
3563 659 3625 715 in

1977 744 2140 801 nullo
2162 745 2484 801 dividentes
2515 744 2805 801 visibilem
2839 746 2910 801 ab
2942 746 3242 814 invisibili,
3273 763 3617 820 corporeum

1974 833 2046 889 ab
2079 834 2441 907 incorporeo,
2474 835 2818 906 passibilem
2851 835 2922 890 ab
2944 824 3330 907 .impassibili,
3361 835 3624 915 palpabi-

1972 922 2088 979 lem
2119 924 2190 979 ab
2222 924 2604 995 impalpabili,
2640 923 2887 981 formam
2908 923 2986 995 (h)
3014 923 3159 979 servi
3189 941 3223 979 a
3249 924 3434 980 forma
3480 924 3619 997 Dei;

1973 1014 2113 1086 quia
2141 1012 2248 1069 etsi
2280 1031 2464 1069 unum
2495 1018 2695 1069 manet
2725 1014 2797 1069 ab
2827 1013 3167 1081 aeternitate,
3194 1012 3352 1068 aliud
3384 1012 3556 1085 ccepit
3585 1029 3619 1086 a

1970 1106 2269 1176 tempore;
2300 1119 2427 1174 qua:
2458 1106 2652 1158 tamen
2686 1101 2742 1157 in
2764 1101 3045 1157 unitatem
3079 1105 3490 1170 convenerunt,
3510 1084 3616 1176 nec

1971 1174 2397 1271 separationem
2416 1195 2664 1263 possunt
2683 1190 2919 1260 habere,
2936 1206 3042 1246 nec
3072 1189 3272 1259 finem;
3302 1189 3444 1245 dum
3465 1174 3618 1271 exall;

1968 1285 2102 1336 tans
2134 1285 2192 1336 et
2221 1277 2528 1349 exaltatus,
2562 1279 2897 1352 gloriﬁcans
2927 1283 2984 1334 et
3012 1277 3395 1350 gloriﬁcatus,
3424 1278 3507 1333 ita
3536 1278 3617 1334 si-

1968 1369 2601 1441 bimet(i)inhaeserunt,
2627 1367 2825 1424 utsive
2856 1367 2915 1422 in
2947 1367 3390 1439 omnipotentis,
3409 1367 3531 1424 sive
3552 1365 3613 1443 in

1968 1457 2343 1526 contumelia,
2378 1475 2480 1515 nec
2510 1456 2705 1513 divina
2724 1456 2782 1512 in
2805 1456 3035 1513 Christo
3052 1459 3286 1512 careant
3309 1446 3612 1525 humanis;

1968 1566 2073 1605 nec
2103 1549 2365 1604 humana
2395 1545 2629 1603 divinis.
3599 1546 3607 1561 ‘

2038 1640 2185 1694 Ill
2224 1637 2358 1692 CAP.
2409 1636 2529 1691 VII.
2580 1667 2649 1677 —-
2678 1635 2797 1691 Hoc
2843 1635 3165 1705 credentes,
3214 1627 3609 1701 dilectissimi,

1963 1729 2027 1801 (j)
2058 1727 2177 1784 veri
2210 1724 2521 1782 Christiani
2554 1742 2782 1793 sumus,
2812 1724 2930 1793 veri
2966 1723 3256 1792 Israelita,
3290 1722 3427 1779 etin
3469 1732 3608 1779 con;

1964 1817 2210 1873 sortium
2271 1815 2525 1871 ﬁliorum
2579 1813 2679 1870 Dei
2727 1813 3006 1870 veraciter
3054 1811 3340 1887 adoptati:
3386 1812 3526 1885 quia
3554 1815 3611 1868 et

1960 1920 2163 1962 omnes
2190 1902 2378 1959 sancti
2409 1901 2506 1974 qui
2539 1901 2854 1957 Salvatoris
2878 1901 3062 1957 nostri
3086 1904 3345 1974 tempora
3364 1914 3609 1973 przeces-'

1959 1996 2181 2060 serunt,
2217 2009 2318 2064 per
2346 1992 2496 2047 hanc
2519 1991 2691 2046 fidem
2715 1990 3047 2062 justiﬁcati,
3080 1993 3136 2045 et
3165 2007 3268 2063 per
3286 1987 3395 2045 hoc
3416 1980 3609 2045 sacra;

1958 2087 2224 2139 mentum
2255 2080 2467 2137 Christi
2501 2083 2638 2135 sunt
2680 2096 2891 2151 corpus
2940 2078 3150 2146 effecti,
3203 2081 3606 2152 exspectantes

1956 2171 2344 2228 universalem
2377 2168 2740 2225 credentium
2772 2169 3233 2240 redemptionem
3267 2168 3327 2223 in
3373 2158 3605 2224 semine

1956 2261 2221 2327 Abrabm,
2252 2260 2323 2314 de
2355 2275 2469 2331 quo
2483 2257 2625 2313 dicit
2653 2257 3252 2330 Apostolusmbrabw
3272 2256 3452 2315 dictae
3469 2260 3610 2333 sunt

1954 2348 2449 2419 repromissiones,
2469 2356 2520 2402 et
2542 2347 2751 2402 semini
2761 2347 2903 2416 ejus.
2938 2350 3062 2403 Non
3082 2346 3240 2415 dicit,
3266 2344 3333 2400 Et
3354 2346 3598 2401 semini-

1957 2424 2080 2505 bus,
2112 2439 2280 2511 quasi
2310 2438 2366 2492 in
2384 2437 2602 2501 multis,
2625 2437 2725 2491 sed
2754 2435 3135 2507 quasiinuno,
3168 2438 3237 2490 Et
3255 2434 3462 2489 semini
3471 2440 3593 2504 tuo,

1955 2529 2135 2603 (k)qui
2150 2537 2232 2584 est
2260 2526 2736 2591 Christus(Galat.
2766 2541 2848 2590 ιιι,
2879 2523 2989 2586 16).
3022 2524 3262 2597 Propter
3281 2523 3437 2595 quod
3457 2522 3601 2578 Mata

1952 2617 2140 2673 thazus
2173 2615 2544 2689 evangelista,
2586 2618 2651 2669 ut
2698 2612 3147 2686 promissionem
3189 2612 3269 2681 ad
3299 2611 3595 2668 Abraham

1954 2706 2167 2764 factam
2195 2705 2528 2762 ostenderet
2544 2703 2602 2758 in
2619 2703 2847 2758 Christo
2877 2717 3005 2758 esse
3023 2701 3398 2774 completam,
3421 2717 3594 2775 gene-

1954 2795 2247 2852 rationum
2306 2793 2568 2849 ordinem
2618 2791 2925 2865 percurrit,
2966 2791 3111 2845 etin
3161 2806 3275 2864 quo
3321 2787 3596 2846 omnibus

1952 2885 2226 2958 gentibus
2249 2882 2533 2955 disposita
2566 2879 2771 2936 fuisset
2787 2878 3132 2948 benedictio,
3152 2872 3595 2945 demonstravit.

1954 2975 2140 3030 Lucas
2170 2988 2401 3046 quoque
2432 2969 2789 3041 evangelista
2816 2969 2888 3026 ab
2920 2968 3048 3042 ipso
3082 2967 3311 3024 Domini
3347 2972 3476 3024 ortu
3507 2958 3597 3025 se?

1950 3066 2094 3119 riem
2126 3061 2352 3136 generis
2382 3060 2472 3116 sui
2504 3077 2741 3116 sursum
2770 3076 2973 3115 versus
3011 3057 3258 3115 retexuit
3314 3058 3461 3122 (Luc.
3510 3052 3597 3128 Ιῐι,ἶ

1945 3154 2057 3222 23),
2092 3157 2156 3207 ut
2184 3150 2361 3207 etiam
2392 3150 2492 3204 illa
2519 3148 2732 3205 saecula
2757 3166 2883 3221 quze
2914 3146 3269 3210 diluvium(l)
3304 3162 3597 3219 praevened

1947 3246 2101 3309 rant,
2132 3246 2189 3296 et
2219 3240 2354 3295 huic
2403 3242 2768 3294 sacramento
2811 3237 3042 3292 doceret
3084 3236 3591 3303 fuisse‘connexa,

1948 3345 2268 3400 omnesque
2297 3329 2369 3383 ab
2383 3326 2545 3382 initio
2563 3325 3003 3382 successionum
3018 3325 3258 3396 gradus,
3282 3325 3355 3379 ad
3375 3340 3511 3379 eum
3530 3324 3593 3381 in

1949 3436 2064 3492 quo
2094 3435 2211 3473 uno
2238 3422 2360 3473 erat
2380 3416 2540 3471 salus
2560 3414 2847 3484 omnium,
2898 3412 3229 3470 tetendisse.
3283 3414 3407 3470 Non
3456 3430 3595 3487 ergo

1949 3506 2338 3564 dubitandum
2353 3509 2442 3561 est
2472 3504 2613 3577 quia
2630 3508 2836 3575 praeter
2853 3502 3151 3558 Christum
3183 3519 3295 3559 non
3324 3507 3404 3558 est
3428 3501 3598 3558 aliud

1947 3613 2149 3654 nomen
2179 3595 2282 3651 sub
2294 3595 2429 3650 calo
2442 3595 2639 3649 datum
2651 3593 2991 3657 hominibus,
3006 3590 3064 3645 in
3077 3606 3188 3662 quo
3207 3606 3309 3646 nos
3325 3601 3565 3660 oporlea
3575 3599 3601 3646 ι

1947 3688 2134 3744 salvos
2164 3683 2472 3757 ﬁeri.(Act.
2497 3699 2573 3747 ιν,
2610 3680 2720 3748 12);
2754 3679 2857 3752 qui
2904 3694 3038 3734 cum
3087 3678 3254 3734 Patre
3283 3683 3340 3735 et
3373 3677 3599 3752 Spiritu

1950 3780 2150 3832 sancto
2181 3772 2423 3845 aequalis
2456 3772 2514 3826 in
2544 3769 2828 3826 Trinitate
2847 3767 2986 3824 vivit
3006 3772 3064 3824 et
3093 3766 3372 3841 regnatin
3387 3766 3603 3837 saecula

1953 3863 2318 3921 seaculorum.
2355 3864 2556 3917 Amen.

2369 3948 2610 4007 saeuo
2650 3947 2815 4004 XXXI
2856 3947 2958 4019 [Αι.
3003 3946 3186 4018 XXX].

2040 4047 2106 4099 In.
2135 4040 2490 4098 solemnitate
2515 4038 3125 4166 Epz’iéfltaritémloomini
3152 4038 3345 4094 nostri
3376 4040 3513 4094 Iesu

2712 4128 2746 4165 r
2771 4128 2798 4166 s
2827 4126 2845 4165 ι
2912 4151 2925 4164 .

1955 4183 2372 4243 8γΝοΡειε.-Ι.
2411 4110 2968 4239 σΙινὶειιιξηέιξῗῖεΙᾶὸ
2996 4179 3255 4238 omnibus
3286 4180 3402 4236 vult
3420 4195 3601 4250 agno-

2025 4256 2231 4324 sci,dat
2262 4257 2487 4325 sianum
2516 4254 3004 4325 stellw,simulque
3017 4250 3605 4327 donumiutelligendi

2026 4337 2078 4384 et
2093 4323 2590 4400 requirendi—Il.
2601 4323 3109 4400 Frustraﬂerodes
3121 4323 3468 4379 inC/zristum
3501 4323 3601 4377 sae;

2026 4401 2120 4457 vit.
2158 4396 2316 4471 Magi
2336 4400 2504 4469 ﬁdem
2535 4414 2705 4454 suum
2733 4396 3066 4452 muneribus
3091 4402 3502 4467 protestantur.
3527 4422 3598 4435 -—-

1875 4573 1924 4639 1)
1957 4540 2635 4639 (immissus

2028 4605 2112 4688 (g)
2143 4612 2490 4688 Qiuesnellus
2521 4609 2932 4688 adiditvocem
2962 4609 3146 4664 solam
3179 4624 3376 4688 ex_ms.
3428 4605 3595 4663 Corb.

1950 4692 2007 4744 et
2034 4680 2354 4741 Gaudiival.
2392 4684 2673 4739 Eamdem
2704 4682 2762 4736 in
2795 4684 3049 4751 quatuor
3076 4680 3297 4736 nostris
3329 4696 3473 4751 mss.
3510 4695 3600 4734 re-

1953 4757 2234 4832 perimus,
2270 4772 2373 4832 nec
2399 4772 2515 4832 non
2552 4755 2607 4808 in
2633 4750 3289 4832 prima’editionetiDein
3310 4750 3602 4832 malesua-

1952 4823 2078 4896 Zlus,
2113 4830 2170 4883 in
2201 4828 2554 4900 quibusdam
2585 4823 2726 4880 mss.
2760 4829 2817 4879 et
2836 4823 3025 4900 prima
3055 4823 3390 4900 editionea
3434 4823 3605 4900 nobis

1954 4893 2253 4957 inventum
2286 4898 2633 4964 Quesnellus
2682 4893 2916 4967 recepit.
2951 4896 3014 4951 In
3062 4894 3193 4951 aliis
3237 4894 3410 4952 editis
3460 4893 3603 4951 etin

1954 4989 2064 5028 ms.
2101 4972 2158 5027 S.
2200 4971 2353 5025 Petri
2386 4969 2744 5025 malesuasar
2774 4966 3010 5039 legitur.

2026 5044 2104 5113 (h)
2139 5043 2246 5097 Ms.
2269 5043 2327 5097 S.
2362 5041 2535 5113 Petri,
2568 5038 2840 5113 hominis.

2027 5110 2091 5187 (ἱ)
2122 5114 2247 5187 Duo
2278 5112 2439 5187 codd.
2470 5112 2527 5167 S.
2562 5110 2738 5187 Petri,
2768 5111 3069 5187 inhaerent.
3337 5178 3369 5187 Α
3420 5176 3457 5187 ἢ
3502 5178 3511 5187 ,
3558 5173 3569 5184 ,

2121 5184 2484 5257 Adjectivum
2514 5181 3031 5257 veriinseruimus
3061 5198 3130 5236 ex
3161 5196 3298 5235 mss.
3335 5178 3394 5233 S.
3420 5176 3599 5244 Petri,

1957 5254 2087 5314 uno
2106 5254 2245 5312 Bon.
2281 5261 2338 5312 et
2367 5254 2556 5328 prima
2586 5254 2858 5328 editione.

2030 5330 2108 5401 (Ic)
2138 5314 2478 5401 Tresqco‘dd.
2510 5326 2765 5401 etprima
2792 5322 3141 5401 editio,_quo_d
3168 5327 3268 5374 est.
3281 5314 3455 5401 Paulo
3473 5318 3607 5387 post

1954 5391 2323 5473 percucurrit
2342 5416 2445 5473 pro
2464 5391 2761 5473 percurrit
2786 5400 2874 5452 est
2894 5396 2952 5449 in
2971 5391 3200 5449 duobus
3218 5391 3431 5445 nostris
3455 5404 3600 5443 mss.

1960 5470 2016 5528 et
2046 5471 2103 5525 in
2139 5471 2329 5542 prima
2359 5470 2633 5542 editione.

2032 5543 2102 5617 (ζ)
2132 5529 2224 5617 Sic
2255 5542 2371 5596 duo
2404 5558 2541 5617 mss.
2577 5540 2649 5617 S._
2670 5537 2851 5617 Petri:
3011 5539 3424 5617 prwveuerunt.
3460 5529 3608 5591 Dein

1958 5605 2286 5672 in'd’uobus
2317 5613 2446 5671 cod.
2480 5616 2537 5668 et
2565 5610 2756 5685 prima
2785 5605 3058 5676 editione,
3091 5611 3235 5662 esset
3252 5605 3428 5673 salus.
