4098 6188
460 324 581 396 ΞΒῧ

1582 338 1645 398 s.
1680 337 1959 399 LEONIS
2007 322 2254 398 MAGNI
2301 338 2741 400 SERMONES.

3745 322 3862 397 ἑὼ

462 468 519 525 et
548 469 1003 542 praenuntiatum
1027 467 1288 541 antiquis
1318 469 1875 526 oraeulistristum
1902 469 2103 526 alieni-
2135 466 2190 537 Α
2222 469 2329 526 bus
2350 470 2551 526 lumen
2585 487 2761 526 suum
2793 470 3371 527 invexit.Honoretur
3399 470 3597 542 itaque
3627 486 3662 525 a
3695 467 3859 525 nobis

462 562 744 631 genarum
776 557 950 613 corda
971 557 1277 614 discebant
1298 576 1312 627 ;
1332 576 1465 615 cum
1493 561 1828 616 Judazorum
1862 560 2110 616 inﬁdeli-

460 651 553 701 tas
578 645 879 701 veritatem
912 662 1009 703 ore
1039 646 1407 720 proferret,et
1427 648 1799 704 mendacium
1832 649 2004 705 corde
2028 666 2110 705 rc-

458 733 683 791 tineret.
722 733 1045 793 Noluerunt
1066 736 1220 792 enim
1264 754 1580 810 agnoscere
1608 738 1797 795 oculis
1829 756 2003 811 quem
2036 740 2107 796 de

463 822 646 879 sacris
672 822 747 896 (a)
789 824 1188 882 indieaverant
1216 826 1419 883 libris:
1452 832 1517 882 ut
1547 845 1719 900 quem
1748 845 1863 884 non
1897 830 2107 885 adora-

461 912 607 968 hant
627 911 686 969 in
717 913 971 971 infantiae
993 914 1331 971 infirmitate
1357 916 1663 985 humilem,
1697 922 1898 989 postea
1929 918 2109 974 cruci-

466 1000 709 1074 ﬁgerent
740 1003 798 1057 in
829 1004 1111 1060 virtutum
1144 1004 1503 1062 sublimitate
1532 1005 1873 1079 fulgentem.

535 1094 667 1147 CAP.
688 1091 783 1147 III.
800 1124 865 1134 —
883 1094 1017 1158 Quae
1041 1093 1171 1162 ista,
1190 1095 1392 1163 Judaei,
1417 1100 1539 1152 tam
1564 1097 1833 1169 imperita
1864 1097 1921 1152 in
1943 1097 2106 1154 vobis

466 1181 709 1236 scientia
737 1185 844 1249 est,
861 1187 916 1238 et
939 1186 1060 1239 tam
1084 1184 1624 1241 indoctadoctrina?
1646 1187 1988 1261 Interrogati
2010 1188 2107 1243 ubi

466 1269 709 1327 Christus
734 1277 1044 1329 nasceretur
1063 1274 1292 1348 (:liattlc.)
1329 1294 1385 1342 ιι,
1423 1275 1496 1347 4),
1516 1276 1795 1331 veraciter
1815 1280 1871 1331 et
1893 1294 2107 1333 memo-

462 1359 601 1415 riter
631 1359 824 1416 dicitis
846 1364 998 1434 quod
1019 1363 1350 1436 legistiszln
1382 1365 2101 1434 Bethleenzlu:l.r{lbid.,5).

461 1447 556 1505 Sic
586 1450 740 1505 enim
775 1451 1057 1524 scriptum
1089 1458 1176 1510 est
1194 1471 1294 1527 per
1326 1454 1705 1527 prophetam:
1739 1459 1801 1511 Et
1832 1465 1909 1522 tu,
1945 1459 2105 1512 Beth-

462 1539 600 1594 leem
616 1547 762 1596 terra
771 1542 908 1596 luta
920 1585 932 1606 ,
957 1558 1066 1597 non
1083 1560 1138 1599 es
1157 1546 1392 1600 minima
1410 1545 1426 1617 (
1435 1546 1484 1615 b)
1502 1546 1645 1601 inter
1650 1547 1928 1618 principes
1939 1548 1972 1603 Ι
1976 1548 2100 1602 uda.

461 1628 544 1683 Ea:
568 1637 617 1684 te
645 1630 796 1685 enim
827 1634 969 1687 ercirt
1007 1635 1260 1704 princeps
1289 1636 1385 1706 qui
1423 1639 1573 1706 regat
1606 1636 1873 1707 populum
1926 1653 2106 1692 meum

460 1719 629 1774 Israel
652 1720 828 1791 (Mich.
850 1737 904 1787 v,
935 1721 1014 1793 2.)
1038 1721 1202 1778 Hunc
1226 1723 1548 1797 principem
1574 1729 1798 1791 natum,
1831 1729 1887 1781 et
1917 1729 2107 1797 pasto-

461 1807 627 1864 ribus
659 1808 851 1909 ange-li
880 1812 1030 1909 (Luc.
1084 1829 1142 1880 1|,
1185 1812 1285 1884 i3),
1320 1818 1376 1868 et
1422 1814 1586 1870 vobis
1636 1814 1974 1871 nuntiavere
2005 1833 2103 1888 pa-
2140 1844 2187 1909 B

463 1899 650 1953 stores
679 1898 834 1966 (Ibid.
891 1899 999 1970 18).
1036 1900 1200 1956 Hune
1248 1902 1569 1975 principem
1619 1908 1824 1960 natum
1874 1903 2102 1977 longin-

463 2001 593 2057 quze
618 1986 999 2045 Orientalium
1024 1989 1286 2063 gentium
1310 1991 1575 2049 nationes
1610 1992 1845 2050 insolito
1877 1994 2007 2049 novi
2035 1993 2109 2051 si-

462 2074 617 2131 deris
639 2075 945 2149 splendore
976 2078 1325 2136 didicerunt.
1351 2082 1421 2137 Et
1439 2098 1511 2137 ne
1541 2082 1610 2138 de
1641 2082 1766 2139 loco
1796 2083 1933 2138 editi
1954 2084 2108 2157 regis

462 2163 1057 2237 ambigerent,vestra
1086 2168 1335 2225 eruditio
1359 2170 1615 2242 prodidit
1644 2188 1760 2243 quo
1787 2172 1955 2228 stella
1992 2190 2106 2229 non

461 2252 677 2308 docuit.
693 2255 980 2312 Curvobis
996 2256 1146 2313 viam
1162 2275 1335 2331 quam
1356 2259 1487 2316 aliis
1508 2261 1746 2333 aperitis
1772 2262 2109 2318 Obstruitis?

461 2341 579 2399 Cur
606 2343 666 2399 in
696 2347 888 2401 vestra
930 2345 1271 2405 infidelitate
1311 2349 1525 2406 residet
1556 2350 1802 2407 dubium
1852 2352 2007 2424 quod
2040 2370 2108 2409 ex

460 2436 656 2490 vestra
669 2434 733 2489 fit
750 2434 1124 2508 responsione
1136 2438 1293 2493 mani
1306 2439 1766 2496 festum?Locum
1786 2440 2108 2498 nativitatis

462 2522 533 2579 de
554 2522 985 2596 Scripturarum
1020 2527 1353 2584 testimonio
1385 2529 1821 2597 demonstratis,
1855 2548 2107 2603 praesen-

461 2611 606 2666 tiam
638 2612 920 2685 temporis
952 2614 1023 2670 dc
1052 2615 1177 2671 coeli
1212 2620 1269 2671 et
1298 2621 1462 2672 terra:
1493 2618 1862 2674 atlestatione
1894 2635 2104 2692 cogno-

464 2699 666 2767 scitis;
697 2704 753 2755 et
783 2705 978 2758 tamen
1011 2702 1109 2759 ubi
1141 2705 1212 2759 ad
1244 2708 1712 2778 persequendum
1741 2708 1972 2764 animus
2004 2713 2108 2765 He-

463 2787 621 2844 rodis
653 2789 886 2855 exarsit,
920 2790 1000 2846 ibi
1031 2793 1100 2847 ad
1136 2810 1248 2848 non
1279 2796 1631 2851 credendum
1681 2801 1868 2852 vester
1896 2814 2105 2855 sensus

463 2875 761 2933 obduruit.
795 2877 1039 2935 Felicior
1066 2896 1201 2953 ergo
1252 2882 1580 2955 ignorantia
1610 2885 1924 2941 infantium
1958 2904 2104 2959 quos

462 2970 801 3037 persecutor
820 2968 1030 3024 occidit
1051 2969 1332 3041 (Matt/4.11,
1362 2973 1470 3042 l6),
1504 2991 1680 3047 quam
1711 2978 1905 3031 vestra
1922 2978 2104 3033 scien-

458 3054 557 3121 tia,
592 3071 769 3127 quam
800 3056 859 3111 in
892 3074 998 3114 sua
1018 3061 1451 3131 perturbatione
1472 3063 1743 3120 consulit.
1775 3065 1891 3121 Vos
1914 3066 2102 3123 nolui-

458 3143 567 3199 stis
596 3160 842 3217 regnum
875 3147 1003 3218 ejus
1036 3150 1310 3221 recipere,
1338 3152 1800 3225 cujusoppidum
1821 3154 2096 3226 potuistis

455 3232 776 3289 ostendere.
811 3234 897 3290 Illi
923 3240 1237 3309 potuerunt
1262 3254 1365 3311 pro
1387 3256 1451 3296 eo
1477 3241 1644 3311 mori,
1670 3259 1841 3315 quem
1867 3243 1936 3315 (c)
1962 3261 2100 3300 non-

454 3320 595 3377 dum
622 3326 893 3395 poterant
945 3326 1229 3383 confiteri.
1265 3329 1348 3384 Ita
1397 3329 1687 3399 Christus,
1726 3347 1801 3387 ne
1835 3331 2017 3389 ullum
2052 3335 2102 3390 ei

451 3413 686 3485 tempus
709 3416 863 3468 esset
886 3413 1106 3487 absque
1124 3416 1566 3486 miraculo,ante
1580 3436 1751 3475 usum
1774 3420 1987 3494 lingua
2002 3440 2101 3495 po-

451 3500 899 3559 testatemVerhi
912 3503 1129 3560 tacitus
1140 3508 1458 3575 exercebat;
1474 3512 1530 3564 et
1543 3509 1708 3581 quasi
1716 3510 1740 3581 j
1749 3527 1841 3566 am
1862 3511 2098 3568 diceret:

451 3588 628 3646 Sinite
651 3592 913 3663 parvulos
940 3596 1124 3651 venire
1144 3596 1214 3651 ad
1242 3614 1345 3663 me,
1373 3598 1572 3653 talium
1600 3607 1679 3654 est
1709 3601 1855 3654 enim
1872 3617 2098 3670 regnum

450 3679 707 3736 caelorum
739 3679 947 3753 (Matth.
976 3699 1090 3751 χιχ,
1127 3685 1228 3739 14ε
1274 3702 1421 3741 nova
1450 3686 1633 3759 gloria
1665 3690 1979 3745 coronabat
2009 3690 2098 3746 in-

451 3767 661 3839 fantes,
685 3769 836 3824 etde
868 3770 1054 3827 initiis
1083 3772 1207 3827 suis
1230 3774 1604 3845 parvulorum
1627 3777 1946 3847 primordia
1968 3796 2100 3835 con-

449 3856 753 3913 secrabat:
815 3860 954 3914 117
991 3863 1055 3915 ut
1101 3860 1423 3918 disceretur
1464 3864 1757 3921 neminem
1786 3866 2091 3926 hominum

449 3944 627 3999 divini
659 3944 996 4017 incapacem
1046 3963 1175 4005 esse
1217 3953 1588 4021 sacramenti,
1641 3956 1875 4026 quando
1919 3957 2091 4015 etiam

446 4031 547 4088 illa
576 4038 715 4087 aetas
744 4033 938 4105 gloriae
970 4041 1125 4092 esset
1154 4041 1288 4111 apta
1318 4041 1601 4113 martyrii.

516 4124 645 4177 CAP.
664 4120 759 4179 IV.‘
774 4124 1813 4202 —Agnoscamusergo,dilectissimi,
1829 4134 1887 4190 in
1904 4139 2091 4211 magis

446 4208 525 4282 (ἀ)
548 4211 956 4270 adoratoribus
985 4214 1222 4287 Christi,
1242 4218 1563 4276 vocationis
1597 4226 1807 4279 nostra
1839 4208 2091 4299 fideiq—ue

442 4299 757 4369 primitias,
791 4305 846 4357 et
866 4302 1296 4363 exsultantibus
1327 4307 1543 4365 animis
1574 4310 1755 4366 beatas
1778 4315 1900 4386 spei
1924 4314 2090 4374 initia

443 4387 821 4447 celebremus.
854 4392 1074 4449 Exinde
1104 4395 1258 4451 enim
1289 4396 1347 4451 in
1380 4401 1655 4456 aeternam
1690 4401 2087 4463 hereditatem

2216 559 2656 616 saeratissimus
2697 561 2843 627 dies,
2878 560 2936 615 in
2987 577 3101 633 quo
3133 559 3341 616 salutis
3373 564 3620 615 nostram
3650 563 3862 615 ’auctor

2215 649 2524 720 apparuit;
2558 652 2614 704 et
2645 664 2819 721 quem
2854 649 3009 722 magi
3036 649 3319 705 infantem
3348 648 3601 704 venerati
3635 647 3849 703 suntin

2215 737 2526 805 cunabuls,
2559 755 2665 793 nos
2715 737 3174 810 omnipotentem
3227 737 3541 794 adoremus
3572 737 3632 792 in
3676 735 3862 792 ccelis.

2213 827 2292 881 Ac
2326 827 2479 882 sicut
2511 826 2591 881 illi
2643 827 2713 883 de
2767 826 3060 883 thesauris
3111 827 3236 884 suis
3285 826 3563 900 mysticae
3612 825 3863 882 Domino

2216 932 2520 971 menerum
2551 916 2775 989 species
2795 916 3151 984 obtulerunt,
3175 916 3256 972 ita
3281 920 3338 972 et
3361 933 3465 972 nos
3495 917 3566 971 de
3586 916 3864 972 cordibus

2216 1004 2454 1071 nostris,
2489 1022 2614 1078 qua:
2666 1006 2782 1062 Deo
2835 1011 2975 1062 sunt
3004 1007 3180 1079 digna
3212 1022 3553 1079 promanus.
3587 1004 3865 1071 Quamvis

2215 1094 2372 1149 enim
2404 1096 2668 1149 omnium
2703 1095 2988 1150 bonorum
3021 1094 3098 1151 sit
3126 1095 3253 1167 ipse
3283 1093 3548 1167 largitor,
3568 1094 3743 1150 etiam
3766 1110 3868 1149 no-

2216 1186 2349 1238 stris
2382 1187 2578 1239 tamen
2614 1184 2866 1240 fructum
2909 1184 3116 1256 quaerit
3148 1183 3493 1239 industriae:
3546 1199 3661 1239 non
3705 1183 3865 1239 enim

2216 1272 2643 1329 dormientibus
2693 1274 2956 1345 provenit
3005 1289 3251 1347 regnum
3312 1271 3609 1337 calorum,
3656 1273 3760 1329 sed
3806 1270 3866 1327 in

2219 1361 2511 1417 mandatis
2543 1363 2643 1418 Dei
2675 1361 3079 1419 laborantibus
3135 1367 3311 1435 atque
3353 1361 3766 1435 vigilantibus;
3804 1365 3871 1417 ut

2216 1450 2265 1505 si
2297 1450 2451 1505 dona
2478 1452 2551 1513 (ε)
2582 1451 2771 1524 ipsius
2805 1469 2917 1508 non
2945 1452 3108 1507 irrita
3141 1452 3470 1522 fecerimus,
3504 1468 3608 1524 per
3635 1467 3704 1507 ea
3735 1467 3867 1523 qua

2216 1539 2374 1595 dedit
2404 1556 2735 1596 mereamur
2763 1542 3024 1615 accipere
3056 1542 3210 1614 quod
3247 1541 3533 1614 promisit.
3579 1540 3743 1596 Unde
3770 1556 3869 1597 co-

2215 1628 2521 1683 hortamur
2549 1628 2917 1686 dilectionem
2948 1636 3201 1686 vestram
3260 1634 3324 1685 ut
3372 1629 3733 1685 abstinentes
3764 1644 3868 1686 vos

2216 1718 2287 1772 ab
2320 1718 2478 1772 omni
2510 1734 2679 1791 opere
2713 1719 2886 1788 malo,
2923 1737 3049 1793 qua:
3071 1723 3208 1776 sunt
3229 1724 3392 1775 casta
3423 1721 3657 1791 etjusta
3686 1724 3871 1775 secte—

2219 1806 2385 1863 mini.
2418 1806 2545 1862 Filii
2566 1808 2722 1864 enim
2772 1809 2920 1865 lueis
2951 1809 3201 1881 abjicere
3256 1809 3469 1865 debent
3499 1825 3674 1881 opera
3705 1813 3868 1865 tene-

2218 1896 2455 1952 brarum
2489 1898 2661 1969 (Rom.
2690 1914 2810 1966 xm,
2846 1899 2954 1967 4‘2).
2976 1898 3178 1971 Itaque
3209 1897 3342 1954 odia
3372 1897 3678 1963 declinata,
3705 1914 3869 1953 mena

2217 1985 2382 2041 dacia
2412 1986 2666 2058 abjicite,
2719 1987 3053 2060 superbiam
3086 1986 3419 2042 humilitate
3449 1986 3751 2054 destruite,
3798 1988 3872 2058 (1)

2217 2074 2519 2131 avaritiam
2552 2076 2836 2148 projicite,
2869 2076 3196 2149 largitatem
3227 2075 3483 2149 diligite:
3518 2076 3683 2132 decet
3708 2075 3872 2131 enim

2217 2168 2282 2219 ut
2312 2164 2487 2236 capiti
2519 2182 2625 2221 suo
2659 2166 2923 2222 membra
2952 2166 3318 2234 conveniant,
3344 2170 3406 2220 ut
3436 2165 3873 2238 promissaruin

2216 2252 2648 2310 beatitudinum
2684 2271 3014 2310 mereamur
3033 2271 3161 2311 esse
3191 2258 3491 2311 consortes
3516 2271 3529 2310 :
3550 2270 3653 2327 per
3672 2252 3871 2309 Domi-

2217 2358 2358 2396 num
2392 2348 2662 2398 nostrum
2705 2343 2908 2399 Jesum
2962 2343 3282 2415 Christum,
3315 2343 3415 2416 qui
3444 2360 3576 2399 cum
3608 2344 3778 2399 Patre
3809 2340 3874 2399 et

2216 2430 2435 2503 Spiritu
2470 2437 2674 2489 sancto
2702 2433 2839 2488 vivit
2867 2438 2925 2489 et
2955 2437 3157 2507 regnat
3182 2433 3333 2489 Deus
3363 2432 3421 2488 in
3448 2433 3661 2489 saecula
3686 2449 3873 2487 sazcu-

2214 2520 2432 2575 lorum.
2467 2526 2677 2577 Amen.

2583 2628 2825 2684 SERMO
2866 2628 3092 2685 ΧΧΧΙΙΙ
3134 2630 3218 2701 [Al
3259 2627 3495 2699 XXXII.]

2589 2720 2652 2774 In
2681 2718 3009 2790 Epiphania)
3048 2719 3391 2775 solemnitate
3420 2719 3496 2775 III

2214 2809 2510 2860 Svuorsxs.
2544 2838 2613 2845 ——
2657 2805 2698 2861 Ι.
2745 2809 2889 2863 Tunc
2921 2807 3167 2864 Christus
3215 2807 3478 2864 mundum
3530 2808 3872 2865 liberaturus

2284 2878 2452 2943 venit,
2510 2893 2633 2932 cum
2684 2894 2867 2934 omnes
2906 2881 3148 2936 conclusi
3193 2889 3350 2935 erant
3379 2880 3478 2935 sub
3524 2883 3760 2945 peccato,
3803 2889 3875 2936 ut

2281 2963 2437 3020 nemo
2463 2948 2528 3003 de
2552 2951 2667 3004 suis
2684 2953 2897 3006 meritis
2927 2952 3276 3020 gloriaretur.
3300 2982 3369 2993 -—-
3400 2951 3469 3006 Il.
3506 2948 3617 3007 Cur
3636 2952 3740 3007 sub
3760 2954 3871 3008 He-

2283 3018 2412 3073 rode
2447 3024 2632 3089 natus,
2678 3038 2778 3076 cur
2821 3018 2978 3079 stella
3027 3023 3461 3079 demonstratus?
3490 3024 3680 3079 Gratia
3710 3025 3872 3079 intus

2280 3091 2623 3166 operabatur,
2658 3102 2715 3149 ut
2730 3095 2954 3166 signum
2979 3096 3394 3166 intelligeretur,
3418 3104 3478 3150 ut
3496 3095 3748 3150 Christus
3776 3098 3871 3150 in-

2284 3164 2611 3232 quireretur.
2642 3195 2710 3205 -—-
2742 3165 3015 3221 118111.
3050 3164 3261 3234 Quanta
3290 3166 3617 3222 Jul/(eorum
3643 3168 3869 3223 caecitas

2286 3235 2458 3289 Crista
2479 3240 2760 3310 nascente.
2810 3237 2999 3308 Implet
3027 3240 3277 3310 gentium
3306 3238 3508 3293 vacatio
3532 3240 3860 3310 promissio-

2283 3322 2417 3380 nem‘
2452 3306 2686 3364 Abrahae
2731 3306 2953 3376 factum.
3009 3340 3078 3350 —
3123 3309 3213 3364 IV.
3249 3308 3359 3363 Cur
3402 3306 3572 3380 magi,
3630 3309 3861 3365 adorato

2286 3377 2518 3443 Christo,
2546 3394 2648 3449 per
2678 3380 2852 3434 aliam
2880 3381 3031 3435 viam
3059 3384 3387 3436 revertatur.
3422 3377 3533 3435 Cur
3562 3381 3778 3436 Christo
3796 3383 3860 3436 in

2282 3449 2577 3521 {Egi/ptum
2597 3452 2891 3521 transferri
2912 3452 3105 3507 voluit.
3131 3483 3195 3493 --
3210 3452 3277 3506 V.
3304 3452 3619 3507 Gratiarum
3638 3454 3861 3509 actione

2280 3520 2595 3595 celebrando
2626 3520 3043 3595 Izaeefestivitas,
3062 3524 3117 3578 in
3138 3540 3246 3595 qua
3276 3525 3571 3580 vocationis
3602 3526 3858 3595 gentium

2276 3592 2564 3663 primitur.
2609 3593 2879 3661 Quomodo
2908 3595 3122 3649 stellam
3146 3592 3516 3650 imitabimur.

2279 3680 2415 3734 (ΞΜ.
2450 3672 2490 3737 Ι.
2513 3712 2578 3722 —-
2602 3680 2877 3745 Quamvis
2906 3683 3110 3751 sciam,
3132 3682 3521 3754 dilec.issimi,
3541 3683 3692 3756 quod
3715 3688 3855 3739 san-

2208 3768 2464 3824 ctitatcm
2497 3775 2746 3827 vestram
2805 3771 3096 3827 hodiernae
3124 3772 3456 3828 festivitatis
3505 3789 3685 3828 causa
3731 3790 3850 3829 non

2206 3857 2400 3926 lateat,
2425 3874 2672 3931 eamque
2696 3860 3019 3916 secundum
3048 3861 3530 3917 consuetudinem
3562 3860 3852 3935 evangeli-

2204 3963 2307 4002 eus
2338 3947 2502 4002 vobis
2533 3964 2723 4004 sermo
2740 3948 3098 4017 reseraverit,
3122 3953 3317 4006 tamen
3345 3954 3409 4005 ut
3432 3949 3853 4025 (glnibilvobis

2205 4036 2387 4091 nostri
2421 4036 2572 4091 desit
2602 4037 2799 4107 ofﬁcii,
2830 4037 2989 4111 loqui
3022 4038 3092 4095 de
3139 4040 3342 4095 eadem
3375 4040 3529 4112 quod
3561 4039 3851 4097 Dominus

2203 4126 2504 4181 donaverit
2547 4127 2813 4183 audebo:
2868 4132 2934 4183 ut
2965 4128 3024 4183 in
3074 4130 3375 4185 communi
3433 4128 3648 4202 gaudio
3684 4133 3848 4186 tanto

2202 4214 2525 4288 religiosior
2552 4215 2902 4275 sitomnium
2919 4217 3124 4290 pietas,
3140 4222 3357 4290 quanto
3372 4218 3848 4292 magisih)omni-

2199 4305 2311 4361 bus
2343 4304 2818 4361 fueritintellecta
2833 4305 3194 4362 solemnitas.
3208 4305 3575 4363 Providentia
3591 4324 3848 4381 namque

2199 4393 2608 4450 misericordia:
2638 4393 3101 4469 Deidispositum
3116 4396 3337 4452 habens
3368 4396 3631 4470 pereunti
3668 4414 3846 4452 mun-

442 4478 726 4549 cmpimus
754 4480 990 4538 iniroire
1016 4501 1029 4551 ;
1050 4483 1255 4540 exinde
1276 4486 1445 4542 nobis
1463 4486 1759 4547 Christum
1788 4490 2088 4560 loquentia

2228 4501 2270 4539 .o
2302 4483 2356 4538 in
2387 4482 3091 4558 novissimistemporibus
3117 4486 3443 4557 subvenire,
3465 4485 3844 4543 salvationem

441 4567 875 4639 beripturarum
921 4588 1132 4628 arcana
1163 4578 1515 4646 patuerunt;
1550 4582 1609 4633 et
1636 4579 1870 4649 veritas,
1907 4599 2083 4655 quam

2233 4573 2455 4628 mnium
2481 4572 2742 4644 gentium
2794 4574 3101 4646 przeﬁnivit
3139 4574 3197 4630 in
3230 4574 3496 4644 Christo;
3530 4580 3597 4630 ut
3620 4576 3764 4648 quia
3792 4579 3847 4631 et

441 4654 779 4712 Judmorum
820 4659 1130 4718 obcaecatio
1154 4679 1269 4719 non
1293 4664 1518 4737 recipit,
1544 4667 1816 4725 omnibus
1838 4654 2088 4728 nationi-

2234 4667 2439 4717 unetas
2467 4661 2730 4718 nationes
2761 4681 2795 4718 a
2843 4664 2958 4719 veri
2992 4664 3091 4721 Dei
3141 4664 3301 4721 cultu
3352 4665 3573 4738 impius
3614 4665 3844 4721 dudum

510 4794 589 4875 fa)
613 4795 796 4875 Sie_ex
820 4816 962 4875 mss.
991 4801 1049 4875 S_.
1074 4801 1340 4875 Petri,ad
1376 4821 1522 4875 quos
1546 4808 1769 4863 accedit
1798 4812 1924 4868 cod.
1950 4816 2084 4870 Vat.

440 4863 662 4944 collect.
692 4870 747 4944 _5,
778 4870 874 4926 ubi
909 4870 1144 4944 legitur,
1174 4863 1573 4944 iudicauerunt.
1608 4878 1719 4944 Al.,
1744 4863 2084 4941 indicabant:

510 4936 586 5008 (b)
622 4938 811 5025 Prima
860 4936 1037 5025 editio
1078 4936 1141 5000 et
1172 4945 1277 5000 cod
1304 4942 1567 5025 'Veron.,
1617 4936 2081 5025 injprincipibus:

437 5006 1029 5089 yoxeademeditio
1060 5032 1193 5071 cum
1244 5033 1389 5072 mss.
1441 5023 1497 5074 S.
1551 5006 1731 5089 Petri;
1776 5006 2086 5083 \V’erorii'.

434 5079 772 5160 Bo_n_.,_exiet
799 5083 932 5151 dtur,
967 5104 1090 5157 pro,
1112 5089 1270 5160 feciet
1291 5091 1563 5160 princeps.

450 5186 459 5191 —
505 5152 574 5235 (0.)
610 5157 731 5209 Duo
764 5172 906 5235 mss.
929 5152 998 5235 et
1036 5159 1243 5235 prima
1272 5152 1634 5235 edi_tio,'n_on._
1648 5168 1917 5235 poterant.
1954 5168 2083 5225 Mox

431 5237 501 5301 ex
530 5224 728 5281 decem
761 5227 977 5301 nostris
1002 5224 1168 5284 codd.
1196 5234 1254 5285 et
1285 5224 1473 5301 prima
1498 5224 1768 5300 editione,
1807 5237 1884 5293 Ita
1919 5224 2081 5295 Chri—é

2195 4819 2304 4859 non
2321 4805 2570 4926 (coimus.
2607 4804 2755 4872 Mox,
2792 4823 2909 4878 quae
2947 4810 3202 4878 promisit
3232 4807 3291 4863 in
3326 4825 3469 4864 mss.
3503 4808 3562 4864 S.
3596 4808 3757 4863 Petri
3789 4812 3846 4864 et

2196 4893 2315 4926 uno
2354 4890 2403 4926 ’Β
2437 4916 2448 4926 .

2196 4875 2448 4929 unoVaL

2267 4950 2330 5018 (Γ)
2346 4945 2494 5021 Editi
2509 4950 2640 5001 ante
2653 4947 3027 5021 Quesnellum
3038 4993 3050 5015 ,
3065 4952 3361 5007 avaritiam
3373 4951 3630 5021 largitate
3648 4950 3841 5006 delete.

2192 5022 2280 5072 Ita
2311 5018 2487 5072 etiam
2520 5019 2701 5072 nostri
2747 5021 2913 5075 codd.
2961 5021 3183 5077 collect.
3216 5024 3269 5088 3,
3304 5024 3337 5076 4
3367 5026 3424 5077 et
3449 5018 3505 5077 5.
3537 5024 3611 5077 At
3642 5021 3841 5077 lectio-

2194 5105 2326 5143 nem
2358 5104 2392 5142 a
2422 5088 2728 5154 Quesnello
2749 5092 2931 5146 textui
2952 5092 3232 5148 insertam
3255 5094 3587 5150 invenimus
3609 5091 3671 5147 in
3693 5093 3839 5148 duo-

2192 5160 2302 5215 bus
2334 5175 2476 5213 mss.
2510 5159 2567 5213 S.
2602 5160 2773 5226 Petri,
2798 5161 2855 5216 in
2892 5163 3250 5220 Lectionario
3274 5164 3548 5220 Patavine
3568 5164 3677 5220 PP.
3702 5166 3839 5220 Ere-

2192 5231 2568 5295 mitanorum,
2604 5230 2661 5284 in
2713 5232 2922 5300 Veron,
2952 5252 3057 5291 nec
3088 5253 3202 5292 non
3233 5236 3293 5291 in
3331 5236 3500 5293 codd.
3543 5235 3772 5291 collect.
3810 5237 3834 5291 1

429 5300 544 5348 stus
569 5297 959 5419 reposuimus.
1009 5317 1132 5372 pro,
1183 5297 1370 5372 Itaque
1422 5303 1686 5358 Christus.
1748 5297 1924 5363 Porro
1963 5312 2080 5368 duo
2189 5308 2247 5358 et
2274 5306 2326 5356 2.
2362 5300 2521 5367 Dein,
2566 5297 2997 5361 benedictionum
3030 5325 3132 5379 pro
3166 5308 3567 5364 beatitudinum
3597 5307 3657 5361 in
3690 5324 3835 5378 qua-

430 5365 601 5419 OOdd.
679 5372 757 5419 at.
785 5374 843 5419 et
871 5371 1057 5419 nrimn
1079 5371 1274 5419 editio-
1306 5380 1364 5419 ut
1382 5373 1617 5419 nullum,
1647 5375 1770 5419 lnnn
1788 5396 1855 5419 nn
1878 5382 2053 5419 ullum
2189 5378 2321 5419 hmr
2349 5374 2565 5419 nostris
2595 5374 2763 5419 amid-
2797 5381 2854 5419 pl.
2884 5378 3068 5419 nrimn
3100 5379 3355 5419 mlitinna
3410 5379 3468 5419 In
3503 5395 3596 5419 mn
3649 5378 3690 5419 ς
3741 5379 3835 5419 ὩΑ.

430 5365 607 5447 εοᾲςιι
628 5365 757 5423 Vat.
785 5374 843 5425 et
871 5365 1060 5447 prima
1079 5365 1364 5447 editio,'_ut
1382 5373 1621 5447 nullum,
1647 5375 1770 5432 loco
1788 5396 1855 5434 ne
1878 5365 2076 5438 ullum:

2228 5390 2321 5447 λοι*
2349 5365 2565 5429 nostris
2595 5374 2764 5429 codd.
2797 5381 2854 5430 et
2884 5365 3073 5447 prim‘a
3100 5379 3372 5435 editione.
3410 5379 3473 5435 In
3503 5395 3617 5435 ms.
3649 5365 3836 5435 S.'Pe-

430 5388 601 5421 auuu.
639 5388 757 5423 vat.
785 5388 843 5425 et
912 5388 1275 5437 rimaeamo,
1306 5388 1364 5427 ut
1382 5388 1621 5441 mutum,
1651 5388 1770 5432 loco
1788 5396 1855 5434 ne
1878 5388 2076 5438 ullum.
2189 5388 2321 5428 1001‘
2349 5388 2565 5429 DOSU‘IS
2595 5388 2764 5429 οοαα·
2797 5388 2854 5430 θι
2884 5394 3073 5447 Prima
3100 5412 3101 5421 ι

427 5435 647 5526 Reinde
674 5388 973 5526 e.per°ceh)at,
999 5443 1373 5526 p‘rofrerebat
1388 5442 1446 5499 in
1474 5461 1618 5500 mss.
1638 5446 1694 5502 S.
1713 5447 1886 5520 Petri,
1908 5452 2073 5525 Bon.,
2185 5446 2270 5526 tri
2290 5450 2608 5526 augeantur
2637 5462 3101 5526 pro‘meream‘ur.

425 5503 642 5587 Veron.
674 5515 731 5587 et
759 5503 1254 5587 prima'qditione.
1319 5584 1346 5587 γ’
1478 5585 1491 5587 _
1908 5503 2073 5525 Hm,
2259 5516 2330 5585 (g)
2360 5516 2453 5571 Sic
2486 5534 2554 5572 ex
2583 5503 2694 5573 ms.
2725 5519 2898 5575 Petri.
2930 5503 3109 5587 Alias,
3140 5524 3315 5579 nostri
3342 5520 3506 5578 mihil
3533 5520 3698 5577 desit.

522 5577 830 5649 d)'(;od.'S.
869 5585 1037 5649 Petri,
1066 5584 1425 5641 adorantibus
1458 5585 1718 5645 Cristum.

498 5577 567 5728 ξε)
590 5650 684 5712 Ita
710 5657 935 5728 septem
970 5656 1154 5715 nostri
1183 5656 1353 5717 codd.
1400 5656 1463 5717 In
1494 5658 1690 5728 editis,

2257 5588 2334 5653 (ἡ)
2366 5588 2714 5643 Addidimus
2744 5592 2994 5648 omnibus
3023 5609 3092 5650 ex
3141 5594 3370 5652 cunctis
3401 5592 3621 5651 nostris
3659 5592 3829 5650 codd.

519 5650 684 5721 e)1ta
710 5657 935 5731 septem
970 5656 1154 5715 nostri
1183 5656 1353 5717 codd.
1400 5656 1463 5717 In
1494 5658 1690 5735 editis,
1723 5662 1879 5721 illius
1905 5668 2075 5727 irrita

2268 5658 2447 5718 editis
2477 5664 2614 5719 ante
2644 5661 3041 5728 Quesnellum.
