4072 6176
238 352 346 434 iis
422 312 429 317 ’

1668 368 1936 436 SERMO
1974 367 2213 435 XXXV.

3524 370 3653 438 250‘

245 486 642 560 lhematizetur
666 501 985 576 impietas;
1019 501 1089 561 de
1118 519 1237 578 qua
1256 520 1362 561 nos
1397 501 1603 561 beatus
1620 505 1876 562 Joannes
1905 496 1957 572 Α
1989 506 2264 562 sensibus
2292 502 2506 562 inferat
2525 502 2895 565 salutiferam
2919 504 3265 582 mysterium
3288 523 3391 581 per
3411 507 3643 581 insigne

246 592 536 665 apostolus
565 610 683 649 non
717 593 901 649 dubio
932 610 1199 650 sermone
1230 594 1599 666 praemonuit,
1646 595 1885 651 dicens:

247 683 416 741 Omnis
443 684 676 756 sqiritus
696 685 797 755 qui
821 684 1106 755 conﬁtetur
1133 684 1413 742 Christum
1439 685 1623 741 Jesum
1646 685 1707 740 in
1724 700 1892 741 carne

248 774 455 839 uenisse,
490 790 564 828 ex
591 773 700 828 Deo
730 776 844 839 est;
877 774 1024 829 I27
1062 777 1114 829 et
1140 775 1322 829 omnis
1350 775 1579 845 spiritus
1619 776 1714 846 qui
1730 775 1891 831 solvit

244 863 426 928 Iesum,
457 877 535 917 ea:
561 862 670 921 Deo
699 878 810 917 non
829 864 906 917 est
933 865 1009 926 :et
1042 861 1135 917 hic
1162 865 1239 917 est
1270 862 1644 918 Antichrislus
1665 864 1713 935 (1
1728 866 1886 919 Joau.

132 951 139 959 ’
245 966 309 1016 Iv,
335 952 391 1015 2,
426 949 687 1018 3).Nihil
718 965 1001 1021 ergocum
1024 949 1892 1021 hujusmodihominibuscom-

245 1054 409 1093 mune
440 1039 520 1093 sit
534 1039 814 1110 cuiquam
829 1037 1177 1108 Christiano,
1212 1037 1376 1093 nulla
1398 1055 1531 1094 cum
1556 1039 1771 1096 talibus
1791 1041 1891 1097 ha.

245 1126 441 1181 beatur
464 1126 742 1192 societas,
778 1125 1128 1197 nullumque
1151 1127 1534 1203 consortium.
1557 1128 1889 1184 Prosituni-

242 1231 409 1270 versa:
439 1214 740 1282 Ecclesia,
770 1215 925 1286 quod
950 1214 1121 1271 multi
1155 1215 1701 1287 ipsorum,Domino
1723 1217 1892 1274 mise-

247 1309 395 1360 rante
425 1304 645 1360 detecti
679 1308 839 1371 sunt,
873 1308 932 1360 et
952 1303 1241 1376 inquibus
1264 1304 1587 1377 sacrilegiis
1610 1307 1886 1376 viverent,

250 1394 583 1450 eorumdem
601 1393 969 1450 confessione
979 1393 1333 1466 patefactum
1347 1399 1452 1451 est.
1467 1394 1770 1451 Neminem
1785 1395 1889 1452 fal-

245 1482 351 1537 lant
383 1481 849 1538 discretionibus
866 1482 1150 1551 ciborum,
1184 1483 1460 1540 sordibus
1474 1485 1750 1552 vestium,
1770 1484 1891 1540 vul-

248 1578 525 1643 tuumque
536 1570 1015 1644 palloribus.Non
1038 1575 1177 1627 sunt
1193 1577 1352 1629 casta
1366 1572 1749 1647 jejunia,qure
1775 1590 1889 1629 non

248 1662 305 1717 de
330 1661 564 1717 ratione
589 1661 834 1717 veniunt
861 1662 1362 1728 continentiae,sed
1388 1664 1458 1719 de
1489 1666 1610 1720 arte
1627 1662 1888 1720 fallaciae.

242 1753 532 1806 Hactenus
564 1750 646 1822 (α)
677 1750 987 1805 nocuerint
1006 1750 1277 1818 incautis,
1296 1750 1579 1808 hactenus
1599 1752 1893 1808 illuserint

244 1838 550 1912 imperitis,
584 1843 722 1910 post
753 1838 876 1893 haec
907 1836 1126 1893 nullius
1148 1839 1498 1896 excusabilis
1522 1841 1632 1897 erit
1646 1841 1886 1914 lapsus:

243 1945 338 1984 nec
357 1929 487 1999 jam
520 1926 778 1999 simplex
806 1926 1111 1983 habendus
1141 1932 1250 1995 est,
1283 1929 1385 1984 sed
1417 1928 1584 1986 valde
1634 1947 1889 2003 nequam

243 2023 407 2090 atque
434 2033 777 2089 perversos,
805 2016 911 2088 qui
944 2016 1217 2089 deinceps
1242 2022 1508 2090 repertus
1562 2019 1736 2076 fuerit
1791 2036 1890 2076 ne-

242 2105 410 2161 fando
436 2102 763 2160 obstrictus
791 2119 1004 2159 errore.
1039 2104 1511 2160 Ecclesiasticum
1531 2123 1674 2162 sane
1718 2109 1892 2178 atque

240 2194 518 2249 divinitus
550 2192 895 2248 institutum
926 2210 1037 2248 non
1061 2191 1249 2253 solum
1274 2209 1387 2248 non
1412 2193 1889 2261 inhibemus,sed

239 2283 409 2339 etiam
426 2281 1318 2349 incitamusaﬂ‘ectum,utetiam
1342 2298 1444 2353 pro
1466 2280 1683 2339 talibus
1699 2283 1894 2340 nobis-

239 2388 367 2427 cum
400 2371 661 2427 Domino
693 2368 1041 2443 supplicetis
1066 2388 1080 2426 :
1110 2369 1393 2441 quoniam
1423 2375 1483 2427 et
1506 2387 1611 2426 nos
1626 2372 1890 2444 decepta-

238 2478 363 2517 rum
396 2460 740 2516 animarum
767 2458 970 2532 ruinas
983 2476 1115 2516 cum
1145 2460 1281 2515 ﬂetu
1313 2464 1371 2514 et
1395 2459 1891 2516 mceroremisere-

236 2566 388 2616 mur,
422 2554 816 2621 exsequentes
848 2548 1177 2620 apostolicae
1202 2547 1437 2621 pietatis
1453 2547 1895 2620 exemplum,ut

234 2654 369 2694 cum
403 2636 852 2694 inﬁrmantibus
884 2637 1256 2693 in-lirmemur
1288 2638 1358 2709 (ΙΙ
1391 2637 1512 2693 Cor.
1545 2655 1623 2703 x1,
1660 2638 1775 2710 59),
1835 2642 1894 2693 et

237 2744 367 2783 cum
401 2726 686 2783 ﬂentibus
717 2727 1039 2783 defleamus
1066 2728 1240 2799 (Rom.
1271 2742 1372 2794 xu,
1416 2728 1519 2800 15).
1572 2726 1893 2800 Speramus

237 2816 389 2872 enim
403 2815 763 2872 exorandam
779 2814 1240 2871 misericordiam
1269 2817 1365 2871 Dei
1389 2815 1593 2873 multis
1620 2815 1894 2889 lacrymis

240 2895 296 2958 et
317 2901 585 2976 legitima
600 2902 1003 2958 satisfactione
1023 2903 1319 2975 lapsorum
1342 2922 1354 2960 :
1375 2905 1515 2976 quia
1535 2906 1677 2961 dum
1700 2905 1810 2961 hoc
1834 2905 1893 2960 in

244 3007 477 3063 corpore
506 2991 746 3058 vivitur,
780 2988 1003 3047 nullius
1034 2992 1397 3064 desperanda
1438 2994 1750 3066 reparatio,
1790 2994 1893 3049 sed

249 3079 505 3133 omnium
528 3083 622 3134 est
652 3079 909 3153 Optanda
929 3079 1205 3135 correctio
1231 3080 1584 3147 ;auxiliante.
1622 3082 1892 3145 Domino.

367 3168 529 3238 erigit
556 3168 743 3235 elisos,
792 3169 955 3222 solvit
1010 3168 1349 3240 compeditos,
1403 3171 1687 3226 illuminat
1727 3187 1894 3228 cazcos

1997 594 2370 651 miraculum.
2386 596 2807 653 Praecesserant
2819 597 3057 670 quidem
3070 596 3262 654 multa
3272 597 3646 666 documenta,

1997 700 2124 756 quae
2156 700 2494 756 corpoream
2508 685 2867 742 nativitatem
2892 687 3122 743 Domini
3145 686 3479 743 manifestis
3495 686 3647 742 indi-

1998 773 2105 829 ciis
2138 773 2518 844 declararent,
2551 773 2670 831 sive
2692 792 2826 831 cum
2847 776 3018 831 beata
3049 776 3232 832 Maria
3258 775 3434 848 Virgo
3456 776 3650 832 fecun-

1996 863 2251 918 dandam
2282 879 2345 919 se
2364 864 2581 935 Spiritu
2613 867 2835 929 sancto,
2859 865 3299 937 periturumque
3316 865 3415 920 Dei
3434 864 3648 922 Filium

1997 951 2220 1007 audivit
2247 956 2303 1007 et
2332 952 2600 1018 credidit,
2632 952 2753 1008 sive
2779 969 2915 1008 cum
2932 953 3003 1008 ad
3028 951 3435 1009 salutationem
3459 953 3648 1024 ipsius

1995 1040 2055 1095 in
2071 1047 2236 1096 utero
2249 1040 2542 1096 Elisabeth
2562 1041 2819 1096 nondum
2846 1045 3021 1097 natus
3042 1041 3298 1097 Joannes
3313 1041 3651 1113 prophetica

1997 1128 2351 1185 exultatione
2380 1133 2712 1185 commotus
2740 1132 2830 1185 est
2857 1130 3011 1198 (Luc.
3044 1147 3084 1197 ι,
3116 1128 3236 1200 24),
3270 1130 3438 1202 quasi
3469 1131 3649 1186 etiam

1995 1217 2151 1273 intra
2182 1217 2386 1273 matris
2418 1217 2639 1273 viscera
2659 1219 2786 1288 jam
2814 1216 3124 1274 clamaret:
3160 1224 3294 1277 Ecce
3320 1219 3502 1289 Agnus
3530 1220 3649 1287 Dei,

1995 1322 2106 1363 esse
2136 1308 2230 1377 qui
2259 1306 2487 1375 tollit(c)
2516 1309 2733 1378 peccata
2749 1306 2945 1363 mundi
2972 1308 3152 1378 (Joan.
3184 1323 3224 1372 ι,
3258 1306 3378 1379 29);
3404 1307 3492 1363 vel
3513 1324 3652 1364 cum

1996 1399 2192 1450 ortum
2224 1394 2452 1450 Domini
2486 1394 2689 1466 angelo
2732 1394 3041 1450 nuntiante
3094 1399 3360 1466 pastores
3398 1394 3653 1453 ctelestis

1998 1484 2284 1539 exercitus
2316 1486 2456 1539 sunt
2485 1482 2748 1539 claritate
2793 1482 3138 1541 circumdati
3198 1483 3351 1555 (Luc.
3383 1501 3446 1553 ιι,
3478 1484 3557 1557 9),
3590 1487 3655 1540 ut
3738 1544 3748 1552 ,

2000 1589 2114 1628 non
2147 1573 2509 1645 ambigerent
2538 1573 2554 1646 (
2562 1572 2618 1644 d)
2632 1572 2703 1628 de
2716 1573 3021 1644 majestate
3033 1571 3198 1644 pueri
3221 1589 3394 1645 quem
3414 1574 3653 1631 erantin

1998 1677 2258 1735 praesepe
2286 1661 2473 1717 visuri
2499 1679 2513 1730 ;
2547 1678 2652 1717 nec
2683 1665 2955 1734 putarent
2985 1662 3138 1734 quod
3190 1661 3249 1718 in
3299 1661 3424 1719 sola
3444 1665 3656 1720 natura

1999 1750 2256 1807 hominis
2282 1755 2439 1807 esset
2466 1749 2792 1817 editus,cui
2819 1767 3087 1823 supernae
3108 1749 3327 1807 militia
3346 1750 3656 1808 famulare-

1999 1846 2096 1896 tur
2125 1856 2425 1896 occursus.
2459 1839 2568 1895 Sed
2603 1838 2723 1894 haec
2748 1843 2925 1912 atque
2945 1838 3060 1895 alia
3080 1838 3423 1911 hujusmodi
3447 1841 3654 1912 paucis

1999 1934 2139 1985 tunc
2158 1927 2765 1985 videnturinnotuisse
2788 1927 3078 2001 personis,
3101 1945 3229 2003 quae
3244 1928 3335 1985 vel
3358 1929 3429 1985 ad
3447 1945 3655 2003 cogna-

1998 2019 2216 2074 tionem
2231 2018 2426 2074 Marias
2438 2017 2719 2091 Virginis.
2737 2016 2825 2074 vel
2841 2018 2911 2074 ad
2930 2018 3118 2074 sancti
3133 2016 3354 2091 Joseph
3366 2017 3656 2076 familiam

2000 2108 2389 2181 pertinebant.
2421 2111 2542 2163 Hoc
2570 2111 2767 2163 autem
2813 2106 3073 2180 signum,
3121 2107 3277 2181 quod
3333 2123 3538 2180 magos
3594 2107 3655 2163 in

1999 2195 2276 2270 loginquo
2309 2198 2530 2269 positos
2559 2201 2616 2252 et
2643 2196 2954 2253 efficaciter
3000 2195 3199 2265 movit,
3226 2200 3284 2252 et
3337 2197 3410 2253 ad
3456 2195 3655 2253 Domi-

2000 2303 2142 2340 num
2173 2285 2373 2341 Jesum
2408 2289 2840 2358 perseveranter
2869 2286 3132 2359 attraxit,
3159 2284 3321 2341 illius
3360 2286 3487 2342 sine
3544 2285 3656 2341 du-

1998 2374 2096 2429 bio
2127 2372 2324 2447 gratias
2355 2378 2816 2442 sacramentum,
2869 2377 2926 2428 et
2970 2372 3134 2430 illius
3182 2373 3293 2430 fuit
3338 2372 3656 2431 vocationis

1999 2461 2322 2532 exordium,
2356 2477 2474 2533 qua
2503 2460 2784 2516 nimirum
2802 2477 2917 2516 non
2943 2461 3002 2516 in
3028 2462 3235 2517 Judzea
3268 2465 3519 2528 tantum,
3541 2461 3648 2517 sed

2000 2552 2177 2607 etiam
2207 2550 2267 2605 in
2298 2555 2417 2606 toto
2449 2550 2670 2606 mundo
2701 2550 2913 2606 Christi
2942 2554 3066 2605 erat
3097 2548 3468 2623 Evangelium
3490 2566 3639 2622 prie-

2002 2638 2356 2706 dicandum;
2391 2643 2456 2693 ut
2486 2654 2588 2710 per
2633 2636 2796 2693 illam
2854 2636 3086 2695 stellam
3143 2654 3271 2710 quae
3331 2654 3640 2710 magorum

2002 2726 2151 2783 visui
2178 2727 2499 2799 splenduit,
2533 2725 2930 2784 Israelitarum
2960 2742 3096 2782 vero
3125 2726 3312 2783 oculis
3328 2742 3444 2782 non
3469 2724 3654 2781 reful-

2002 2816 2100 2883 sit,
2131 2821 2190 2873 et
2220 2814 2571 2871 illuminatio
2602 2814 2929 2888 signiﬁcata
2960 2814 3037 2870 sit
3064 2815 3354 2886 gentium,
3383 2818 3442 2872 et
3462 2814 3532 2888 (θ)
3555 2831 3657 2871 caa-

2003 2905 2147 2961 citas
2177 2905 2535 2961 Judaaorum.

2074 2994 2204 3050 CAP.
2242 2994 2928 3067 IL—Permanetigitur,
2955 2991 3346 3063 dilectissimi,
3369 2993 3523 3051 sicut
3543 2993 3656 3050 evi-

2005 3083 2478 3155 denterapparet,
2493 3083 2876 3154 mysticorum
2888 3084 3082 3138 forma
3092 3086 3486 3156 gestorum;et
3499 3083 3653 3155 quod

2001 3170 2258 3245 imagine
2269 3171 2676 3236 inchoabatur,
2686 3171 2930 3227 veritate
2941 3171 3285 3243 completur.
3299 3173 3368 3242 (f)
3382 3172 3658 3228 Radiante

254 3240 359 3320 (Ps.
389 3271 550 3323 chv,
582 3258 642 3324 7)
666 3256 893 3312 :cuiest
914 3255 1099 3314 honor
1116 3256 1374 3329 etgloria
1403 3258 1464 3314 in
1484 3258 1697 3316 saecula
1718 3276 1896 3316 sescu-
1923 3251 1967 3319 C
2001 3277 2032 3316 θ
2062 3240 2203 3315 caelo
2235 3260 2403 3316 stella
2432 3277 2534 3333 per
2575 3262 2850 3332 gratiam,
2883 3264 3003 3316 tres
3058 3240 3215 3333 magi
3257 3240 3657 3316 coruscatione

254 3341 454 3399 lorum.
486 3344 699 3401 Amen.

609 3470 857 3535 SERMO
888 3478 1082 3534 XXXV
1108 3478 1214 3553 [Αἰ.
1244 3478 1504 3551 XXXIV}.

594 3570 658 3624 In
681 3567 1013 3642 Epiphania
1040 3569 1384 3625 solemnitate
1417 3572 1471 3627 V.

251 3672 533 3732 Ssxorsns.
552 3706 625 3715 —
646 3678 689 3729 Ι.
703 3675 1013 3751 Stellaquae
1023 3691 1208 3751 magos
1220 3676 1514 3751 e/_'ficaciter
1526 3680 1692 3751 movit
1704 3687 1754 3734 et
1764 3696 1893 3751 per—

310 3756 623 3819 severanter
650 3749 905 3812 attraxit,
934 3747 1067 3819 quid
1084 3748 1377 3819 signiﬁcet.
1401 3779 1466 3789 —
1493 3749 1544 3804 11
1562 3750 1746 3805 Adhuc
1765 3747 1890 3806 Ἠθ-

310 3819 460 3874 rudes
482 3821 541 3875 in
559 3818 778 3875 diabolo
796 3818 955 3874 srevit
966 3818 1154 3875 contra
1186 3820 1443 3877 Ecclesiae
1467 3821 1635 3890 ﬂlios,
1655 3827 1707 3876 et
1720 3823 1894 3877 Judaei

311 3891 508 3964 Herodi
531 3892 780 3964 serviunt
791 3891 1068 3958 obcaecati,
1085 3895 1134 3946 et
1149 3894 1328 3964 omnis
1348 3891 1639 3963 religionis
1647 3901 1893 3964 expertes

308 3965 438 4033 facti
459 3961 689 4034 ;Ahorum
701 3963 818 4034 loco
826 3970 1010 4034 gentes
1024 3963 1335 4018 succedunt.
1359 3995 1426 4003 —
1447 3961 1538 4019 ΙΙΙ.
1563 3966 1670 4019 Pro
1685 3961 1893 4021 Iudaeis

317 4032 585 4107 orandum
616 4049 748 4089 esse.
792 4032 1009 4107 Gratiae
1052 4035 1148 4088 Dei
1198 4038 1425 4107 strenue
1471 4036 1889 4107 cooperandum.

310 4103 493 4180 Gratia
545 4107 780 4180 per}:th
822 4105 1109 4180 αιιαῄιίιιγηΔ
1131 4105 1480 4180 ;οᾷθ‹ἰι’ςξηιίιιΔ
1510 4103 1687 4163 mollit
1719 4110 1891 4180 impe-

310 4176 557 4232 νὶωηπέ
569 4176 666 4232 IV.
691 4178 888 4232 Omnes
919 4177 1057 4231 Deus
1085 4177 1283 4231 invitat
1313 4176 1894 4245 beneﬁciis,cuisinon

309 4247 481 4304 obedit
527 4248 711 4304 homo:
741 4249 852 4303 sibi
878 4247 997 4319 ipsa
1025 4248 1357 4319 supplicium
1384 4255 1462 4302 est
1492 4265 1644 4304 mens
1672 4250 1813 4305 dura
1841 4259 1893 4307 et

316 4321 555 4390 ingrata.
582 4316 912 4375 Terrestria'
936 4316 1250 4392 deserenda,
1304 4316 1546 4376 cazlestia
1594 4322 1893 4392 appetenda

310 4394 516 4458 sunl,ut
545 4397 864 4446 sanctorum
889 4390 1133 4444 societati
1141 4391 1465 4461 jungamur.

311 4488 511 4562 CAPQI.
547 4535 620 4548 —-
651 4505 1006 4561 Hodiernam
1037 4504 1439 4572 festivitatem,
1497 4504 1889 4576 dilectissimi,

253 4593 785 4686 apparitio‘Domini
818 4592 1213 4686 etSalvatoris
1269 4594 1476 4686 nostri,
1740 4595 1895 4652 sicut
1922 4621 1969 4686 Ι)

251 4683 437 4750 nostis,
472 4682 770 4751 illustrat;
797 4688 854 4737 et
882 4681 978 4737 hic
1007 4680 1104 4738 ille
1134 4684 1224 4738 est
1253 4681 1378 4737 dies
1409 4683 1566 4755 quod
1588 4683 1660 4739 ad
1683 4699 1893 4757 cogno-

251 4771 588 4828 scendumad
597 4766 1330 4841 orandumqueDeiFilium
1343 4773 1463 4826 tres
1473 4787 1675 4844 magos
1680 4773 1892 4843 praevia

246 4859 398 4915 stella
417 4860 713 4933 perduxit.
730 4859 914 4931 Cujus
938 4857 1071 4913 facti
1085 4857 1431 4914 memoriam
1456 4859 1660 4915 merito
1674 4860 1892 4933 placuit

245 4946 445 5006 honore
476 4966 675 5005 annuo
691 4946 974 5005 celebrari
1002 4948 1031 5016 ;"
1047 4952 1113 5002 ut
1130 4947 1272 5002 dum
1291 4964 1431 5003 evan
1439 4948 1622 5020 gelica
1641 4948 1888 5006 historia

244 5036 743 5108 (b)incessabiliter
755 5039 1238 5105 recensetur,sem
1245 5051 1348 5108 per
1357 5052 1419 5092 se
1433 5036 1885 5110 intelligentiam

304 5154 380 5224 (α)
405 5157 528 5224 Duo
558 5154 736 5221 codd,
766 5154 825 5209 S.
851 5151 1199 5224 Petrietduo
1212 5151 1363 5220 Vat.,
1393 5154 1499 5208 nec
1515 5166 1630 5208 non
1647 5152 1884 5221 Veron.,

238 5222 553 5298 mrum,
582 5231 659 5298 et.
694 5223 1414 5298 illuserunt:_Dein,'nullus
1443 5241 1547 5298 pro
1564 5224 1794 5294 nullius,
1825 5225 1884 5281 in

240 5311 351 5351 uno
366 5297 506 5352 cod.
531 5297 593 5352 S.
628 5294 781 5352 Petri
815 5299 873 5350 et
902 5295 964 5349 in
994 5294 1206 5350 Veron.

304 5368 375 5438 (ὁ)
407 5367 603 5423 Prima
628 5367 829 5433 editio,
865 5368 1225 5438 incessanter.

304 5378 358 5438 (ο
407 5378 603 5423 Pruna
628 5378 829 5433 editio,
865 5378 1225 5420 incessanter.

300 5378 375 5509 (ε)
400 5439 565 5496 Unas
590 5439 657 5494 S.
690 5437 843 5494 Petri
876 5437 1026 5505 cod.,
1074 5441 1376 5509 peccatum.
1418 5437 1587 5509 Mox,
1645 5454 1772 5494 cum
1821 5440 1882 5495 in

228 5508 357 5565 me
378 5512 626 5577 Domini,
659 5509 721 5565 in
752 5509 986 5565 duobus
1011 5524 1153 5564 mss.
1188 5508 1246 5564 Β.
1282 5508 1450 5565 Petri.

296 5582 370 5655 (ά)
404 5582 601 5655 Prima
629 5581 809 5655 editio
839 5589 897 5635 et
927 5580 1061 5655 cod.
1091 5579 1336 5655 Bonon.,
1366 5580 1434 5634 de
1458 5583 1736 5655 potestate.

287 5650 365 5723 (ε)
400 5654 636 5709 Caecitas
660 5653 941 5723 declarata
956 5650 1292 5717 Judmorum,
1314 5653 1373 5706 in
1396 5650 1587 5723 prima
1599 5652 1877 5707 editione.

291 5720 360 5795 (f)
396 5724 549 5780 Editi
581 5720 1047 5794 cum'aliquibus
1098 5734 1273 5789 11138.,
1555 5732 1593 5777 η

218 5793 353 5851 calo
381 5796 547 5852 stella
572 5793 949 5868 pergratiam,
977 5797 1027 5850 et
1046 5795 1336 5864 tresmagi,
1368 5799 1476 5851 etc.
1505 5793 1877 5851 Praetulimus

2001 3347 2317 3422 evangelici
2331 3347 2577 3422 fulgoris
2590 3348 2844 3416 acciti,in
2859 3349 3136 3405 omnibus
3154 3346 3413 3422 quotidie
3431 3348 3655 3405 nationi

2001 3438 2113 3493 bus
2129 3439 2201 3492 ad
2216 3438 2572 3493 adorandam
2590 3438 2908 3509 potentiam
2922 3437 3139 3493 summi
3156 3437 3330 3510 Regis
3342 3441 3648 3494 acurrunt.

2002 3527 2258 3583 Herodes
2280 3526 2595 3599 quoquein
2617 3524 2848 3582 diabolo
2874 3524 3071 3581 fremit
3108 3525 3317 3593 (Matth.
3352 3543 3418 3594 ιι,
3469 3527 3547 3596 3),
3600 3529 3659 3582 et

2002 3617 2216 3673 auferri
2242 3615 2354 3672 sibi
2374 3615 2703 3688 iniquitatis
2726 3630 2843 3670 sua;
2867 3629 3112 3686 regnum
3128 3612 3186 3668 in
3206 3612 3280 3669 iis
3296 3612 3393 3686 qui
3408 3614 3480 3670 ad
3496 3613 3657 3672 Chri-

2001 3712 2158 3761 stum
2188 3709 2522 3771 transeunt,
2552 3700 2897 3778 ingemiscit.
2924 3702 3086 3758 Unde
3106 3701 3156 3756 si
3178 3699 3450 3773 parvulos
3472 3702 3653 3758 inter-

2003 3794 2411 3862 ﬁciat,Jesum
2461 3794 2574 3850 sibi
2628 3794 2861 3848 videtur
2894 3791 3177 3847 occidere.
3237 3791 3401 3858 Quod
3451 3791 3655 3864 utique

2003 3884 2189 3938 facere
2206 3883 2332 3939 sine
2353 3882 2678 3938 cessatione
2699 3880 2958 3948 molitur,
2979 3880 3121 3937 dum
3142 3878 3479 3952 primordiis
3496 3897 3656 3936 rena-

2000 3975 2195 4027 torum
2212 3970 2495 4042 Spiritum
2509 3974 2776 4025 sanctum
2791 3969 3032 4041 eripere,
3047 3973 3104 4024 et
3117 3969 3433 4040 quamdam
3444 3972 3655 4026 tenera

2002 4059 2139 4116 ﬁdei
2169 4058 2645 4115 velutinfantiam
2662 4062 2848 4114 tentat
2860 4057 3245 4130 exstinguere.
3260 4056 3448 4114 Judaei
3498 4074 3651 4131 vero,

2003 4149 2105 4222 qui
2136 4154 2297 4205 extra
2319 4164 2564 4220 regnum
2585 4145 2796 4202 Christi
2820 4162 2949 4203 esse
2970 4146 3281 4201 voluerunt
3300 4144 3493 4202 adhuc
3514 4163 3653 4218 quo-

2003 4239 2316 4294 dammodo
2335 4237 2446 4293 sub
2463 4234 2706 4293 Herodis
2726 4240 2867 4291 sunt
2876 4233 3229 4307 principatu,
3245 4239 3301 4289 et
3313 4234 3654 4293 dominante

2002 4327 2113 4383 sibi
2139 4326 2451 4383 Salvatoris
2473 4325 2731 4391 inimico,
2757 4322 2906 4381 alien
2916 4323 3095 4396 igenaz
3122 4325 3163 4377 1
3176 4324 3275 4380 20
3288 4322 3548 4379 serviunt
3558 4340 3657 4396 po-

2000 4416 2218 4484 testati,
2252 4416 2422 4487 quasi
2447 4414 2712 4471 nesciant
2729 4413 3161 4487 prepbetatum,
3186 4411 3415 4467 dicente
3441 4411 3645 4469 Jacob:

2000 4506 2117 4560 Non
2139 4504 2349 4575 deﬁciet
2365 4506 2622 4576 princeps
2650 4519 2722 4559 ex
2746 4501 2906 4571 Iuda,
2959 4505 3011 4557 et
3064 4499 3179 4555 dua:
3223 4499 3289 4556 de
3337 4501 3644 4572 femoribus

2002 4594 2140 4665 ejus,
2173 4593 2341 4650 donec
2352 4594 2534 4649 veniat
2547 4598 2623 4664 (g)
2638 4593 2730 4646 cui
2745 4592 2977 4662 reposita
2994 4593 3126 4645 sunt
3143 4605 3165 4651 ,'
3186 4597 3237 4645 et
3257 4590 3373 4661 ipse
3396 4597 3474 4645 est
3489 4606 3651 4663 expe-

1998 4684 2163 4738 ctatio
2190 4684 2438 4755 gentium
2456 4680 2609 4753 (Gen.
2640 4696 2792 4745 xux,
2832 4680 2938 4751 10).
2962 4678 3077 4734 Sed
3120 4678 3384 4735 nondum
3432 4677 3652 4735 intelli-

1998 4776 2146 4844 gunt
2162 4771 2316 4844 quod
2340 4786 2551 4843 negare
2563 4785 2674 4825 non
2689 4771 2957 4840 possunt,
2980 4771 3038 4824 et
3059 4770 3252 4824 mente
3274 4784 3389 4827 non
3409 4767 3652 4842 capiunt

1998 4860 2152 4932 quod
2174 4860 2610 4932 Scripturarnm
2636 4856 2970 4914 narratione
2990 4861 3317 4913 noverunt:
3363 4858 3647 4930 quoniam

1996 4948 2221 5004 insanis
2253 4947 2552 5022 magistris
2574 4948 2787 5003 veritas
2810 4945 3159 5002 scandalum
3203 4950 3315 5017 est,
3367 4950 3425 5002 et
3483 4946 3650 5002 caecis

1997 5037 2333 5093 doctoribus
2364 5036 2653 5109 ﬁtcaligo,
2687 5035 2839 5107 quod
2858 5034 3060 5091 lumen
3108 5039 3220 5091 est.
3271 5034 3649 5106 Respondent

1996 5151 2306 5226 lectionem
2323 5150 2989 5226 optimorumcodicum.
3016 5150 3294 5226 nimirum
3316 5149 3568 5226 duorum
3583 5147 3642 5205 Β.

1994 5223 2170 5291 Petri,
2196 5218 2420 5292 Veneti,
2454 5222 2739 5290 Vallicel.,
2774 5222 3043 5278 Casinen.
3091 5221 3313 5277 collect.
3335 5221 3359 5274 t
3383 5222 3441 5274 et
3469 5218 3644 5292 Casa-

1994 5300 2112 5351 nat.
2139 5290 2363 5352 Collect.
2393 5290 2449 5363 2,
2481 5296 2541 5350 in
2574 5294 2791 5366 quibus
2834 5298 3064 5366 tantum
3104 5296 3237 5366 ante
3284 5303 3483 5366 vocem
3512 5290 3645 5346 caelo

1993 5366 2284 5442 omittitur
2312 5361 2624 5442 prepostio
2655 5372 2727 5430 te)
2760 5361 3404 5442 ob_simil_em.litt_eram.
3438 5364 3646 5442 Inque

1992 5439 2211 5512 desinit
2229 5430 2577 5512 vocabulum
2615 5436 2962 5512 antesedens
2992 5433 3273 5512 (latitante,
3304 5430 3657 5512 vit9___libra-_.

1991 5509 2072 5565 ris
2105 5509 2399 5566 familiari.
2431 5511 2572 5566 Dein
2596 5513 2715 5565 tres
2737 5523 2880 5562 mss.
2905 5505 3032 5569 Vat,
3053 5509 3110 5559 et
3129 5503 3321 5575 prima
3337 5503 3536 5573 editio,
3563 5505 3645 5561 ad

1988 5581 2333 5637 adorandum
2362 5583 2567 5637 summi
2595 5581 2896 5651 infantiam
2907 5576 3083 5651 ARegis
3109 5578 3425 5651 accurrunt.

2059 5661 2140 5725 (gl
2170 5654 2453 5725 Superius
2484 5647 2664 5725 senm.
2695 5651 2862 5725 gillo.
2895 5647 2933 5701 2
2959 5647 3052 5701 cui
3078 5649 3372 5718 repositum
3418 5652 3496 5706 est
3517 5664 3539 5711 ,ο
3586 5651 3645 5705 et

1678 5724 1794 5796 ique
1851 5740 1882 5778 e
1987 5719 2204 5781 ibidem
2234 5719 2427 5796 prima
2456 5721 2631 5779 editio
2654 5719 2836 5787 addit,
2869 5733 3121 5790 regnum.
