4072 6176
384 273 505 367 .252

1500 271 1568 338 S.
1612 272 1888 338 LEONIS
1937 270 2182 337 MAGNI
2226 269 2672 338 SERMONES.

3666 272 3799 358 ess

384 370 583 486 itaque
613 405 973 483 interrogati,
993 405 1147 482 quod
1180 406 1239 464 in
1260 406 1551 465 Bethleem
1582 407 1844 464 nascitur
1864 406 2028 464 Chri-
2056 408 2110 478 Α
2138 407 2209 483 6)
2232 424 2245 464 :
2270 406 2369 480 qui
2391 405 2560 465 nobis
2583 405 2762 465 nullis
2780 423 3021 482 operum
3043 405 3272 466 meritis
3302 408 3789 489 suffragantibus,

385 504 546 571 stus;
580 503 637 557 et
666 498 972 556 scientiam
1007 514 1200 566 suam,
1235 515 1353 570 qua
1384 496 1529 554 alios
1564 497 1865 554 instruunt
1914 515 2030 555 non

383 592 730 663 sequuntur.
764 586 1143 643 Perdiderunt
1157 586 1338 660 igitur
1350 604 1414 643 su
1427 586 1777 644 ccessionem
1803 604 2026 661 regum,

383 678 767 753 placationem
785 676 1337 747 hostiarumtlocum
1355 675 1867 750 supplicationum,
1884 677 2031 732 ordi-

384 781 518 825 nem
554 767 925 825 sacerdotum
952 782 966 833 ;
995 768 1051 821 et
1069 782 1203 820 cum
1218 764 1416 820 omnia
1447 765 1558 821 sibi
1590 765 1807 836 clausa,
1832 766 2031 821 omnia

381 857 757 931 experiantur
782 855 894 910 sibi
916 870 1044 910 esse
1076 854 1291 924 ﬁnitas,
1325 871 1441 909 non
1462 854 1662 910 vident
1682 856 1825 910 eain
1866 854 2027 910 Chri-

379 953 538 1005 stum
568 962 695 1004 esse
714 945 1018 1002 translata.
1045 945 1208 1000 Unde
1231 944 1384 1017 quod
1404 943 1489 998 illi
1513 948 1628 1000 tres
1649 944 1775 1013 viri,
1803 945 2027 1001 univer-

379 1055 578 1095 sarum
610 1036 869 1110 gentium
888 1048 1195 1106 personam
1212 1036 1499 1105 gerentes,
1525 1033 1761 1090 adorato
1784 1034 2024 1090 Domino

378 1124 742 1197 suntadepti,
774 1124 882 1179 hos
904 1122 965 1177 in
983 1121 1213 1194 populis
1230 1122 1354 1177 suis
1376 1138 1479 1194 per
1500 1122 1694 1192 ﬁdem,
1719 1123 2026 1195 quzejusti-

377 1216 513 1271 ﬂeat
543 1214 774 1286 impios,
804 1216 963 1268 totus
986 1228 1081 1266 mu
1094 1211 1244 1266 udus
1257 1211 1591 1282 assequitur
1616 1215 1703 1279 ;et
1723 1211 2025 1268 hrcredita-

375 1308 495 1360 tem
510 1302 882 1360 Dominiante
899 1298 1113 1355 saecula
1135 1303 1518 1371 praeparatam
1542 1299 1835 1372 accipiunt
1884 1302 2020 1357 ado-

376 1393 541 1466 ptivi,
572 1395 628 1448 et
658 1390 910 1463 perdunt
940 1388 1040 1460 qui
1071 1388 1411 1443 videbantur
1431 1403 1558 1444 esse
1580 1387 1844 1461 legitimi.
1869 1390 2024 1467 Resi-

375 1481 533 1553 pisee
553 1479 812 1543 tandem,
835 1476 1051 1542 Judaee,
1072 1475 1376 1548 resipisee;
1400 1480 1457 1531 et
1476 1477 1546 1532 ad
1573 1477 2020 1551 Redemptorem

377 1569 553 1625 etiam
566 1572 733 1623 tuum
750 1566 1015 1640 deposita
1030 1564 1372 1621 inﬁdelitate
1392 1570 1743 1622 convertere.
1764 1567 1888 1623 Noli
1904 1585 2024 1624 sce-

370 1657 605 1715 leristui
629 1655 996 1711 immanitate
1007 1654 1238 1709 terreri:
1266 1670 1378 1708 non
1397 1654 1594 1725 justos
1607 1654 1892 1725 Christus,
1918 1657 2018 1713 sed

372 1751 707 1822 peccatores
735 1749 903 1800 vocat
932 1742 1147 1817 (Matth.
1181 1760 1259 1810 Ix,
1310 1743 1439 1815 13);
1496 1761 1600 1800 nec
1658 1744 2014 1818 impietatem

371 1841 535 1892 tuam
552 1834 800 1909 repellit,
821 1832 923 1907 qui
942 1850 1043 1906 pro
1058 1837 1132 1900 te,
1157 1849 1291 1888 eum
1313 1832 1627 1890 cruciﬁxus
1645 1838 1817 1903 esset,
1832 1836 2018 1892 oravit

371 1926 523 2000 (Luc.
555 1941 721 1994 xxm,
752 1924 864 1995 34).
903 1922 1194 1978 Immitem
1220 1920 1543 1978 crudelium
1597 1928 1829 1997 patrum
1886 1931 2015 1982 tuo-

370 2031 502 2072 rum
533 2013 690 2071 solve
710 2011 1082 2075 sententiam.
1127 2028 1314 2084 neque
1344 2014 1401 2066 te
1457 2029 1657 2068 eorum
1709 2012 2016 2071 maledicto

369 2103 610 2182 patiaris
640 2100 951 2176 obstringi,
985 2100 1083 2173 qui
1117 2099 1436 2156 clamantes
1459 2101 1530 2155 de
1569 2100 1817 2170 Christo,
1876 2103 2014 2159 San-

367 2195 495 2264 guis
523 2192 639 2264 ejus
664 2206 828 2262 super
852 2191 1012 2245 noset
1036 2205 1198 2261 super
1217 2188 1361 2259 ﬁlios
1385 2197 1590 2245 nostros
1621 2191 2011 2261 (Mallh.xxvu,

367 2282 483 2350 25),
515 2277 743 2335 facinus
763 2278 821 2333 in
855 2282 915 2334 te
937 2277 1029 2333 sui
1051 2276 1313 2333 criminis
1334 2277 1793 2335 transfuderunt.
1814 2281 2015 2337 Redite

367 2371 438 2426 ad
472 2367 929 2433 misericordem,
949 2366 1180 2423 utimini
1195 2366 1504 2423 clementia
1521 2368 2016 2426 remittentis.Saz-

364 2458 506 2515 vitia
533 2458 689 2515 enim
702 2460 905 2513 vestrae
915 2499 928 2524 ,
952 2455 1283 2528 iniquitatis
1296 2472 1575 2512 conversa
1588 2463 1679 2514 est
1696 2459 1752 2513 in
1772 2476 2013 2516 causam

367 2547 597 2604 salutis.
630 2546 789 2601 Vivit
809 2562 983 2618 quem
1005 2545 1192 2617 perire
1211 2543 1502 2601 voluistis.
1524 2547 1891 2603 Conﬁtemini
1913 2566 2012 2604 ne-

366 2640 591 2710 gatum,
605 2636 841 2691 adorato
861 2634 1161 2689 venditum
1179 2651 1191 2688 :
1210 2637 1273 2688 ut
1290 2633 1453 2689 vobis
1472 2634 1868 2693 bonitasillius
1886 2654 2015 2710 pro-

367 2726 464 2793 sit,
489 2724 582 2779 eui
608 2727 800 2779 vostra
831 2721 1168 2794 malignitas
1190 2738 1394 2777 nocere
1418 2739 1530 2777 non
1556 2725 1761 2796 potuit.

438 2813 574 2869 CAP.
608 2811 699 2867 IIl.
734 2842 803 2852 —
835 2808 998 2874 Quod
1030 2826 1167 2883 ergo
1224 2811 1293 2865 ad
1348 2828 1564 2879 veram,
1623 2812 2009 2885 dilectissimi,

366 2902 619 2976 pertinet
633 2899 998 2965 eharitatcm,
1021 2915 1198 2971 quam
1220 2899 1392 2954 etiam
1436 2898 1690 2957 inimicis
1712 2903 1928 2959 nostris
1946 2919 2014 2959 ex

343 2990 660 3060 .dominica
689 2990 770 3059 (η)
804 2988 1062 3044 oratione
1093 2989 1373 3044 debemus
1409 2989 1618 3062 (Matth.
1677 3009 1731 3059 ν,
1790 2993 1897 3066 44),
1957 2996 2014 3049 et

366 3080 686 3155 optandum
709 3076 877 3134 nobis
899 3079 1055 3150 estZet
1074 3077 1429 3133 studendum
1447 3096 1459 3147 ;
1474 3082 1538 3134 ut
1558 3083 1614 3136 et
1629 3079 1723 3137 hic
1735 3081 2009 3155 populus,

2140 502 2198 554 et
2229 501 2596 555 sacramento
2627 495 2921 554 consuluit
2950 503 3007 555 et
3022 498 3285 573 exemplo
3319 516 3333 556 :
3361 502 3426 556 ut
3446 499 3506 556 in
3527 499 3792 574 adoptio-

2140 603 2272 643 nem
2294 590 2526 642 voeatos
2545 604 2648 659 per
2664 585 2808 643 illud
2828 586 3169 660 proveheret
3189 589 3262 643 ad
3279 588 3661 662 salutem,per
3675 589 3790 646 hoc

2139 676 2426 732 imbueret
2445 676 2515 731 ad
2537 676 2814 732 laborem.
2840 677 2943 732 Hic
2960 682 3152 732 autem
3170 677 3355 746 labor,
3386 677 3785 747 dilectissimi,

2136 765 2251 837 piis
2284 766 2418 822 ﬁliis
2444 769 2502 820 et
2533 765 2700 821 bonis
2732 765 2912 821 servis
2934 783 3048 822 non
3073 766 3264 822 solum
3306 784 3411 823 nee
3434 785 3622 840 asper,
3676 784 3787 824 nec

2138 871 2437 920 onerosus,
2473 855 2574 910 sed
2598 855 2773 911 etiam
2798 855 2993 911 suavls
3017 859 3074 911 et
3099 858 3177 928 (b)
3200 856 3343 913 levis
3380 861 3494 926 est,
3554 858 3789 913 dicente

2135 942 2409 999 Domino:
2435 946 2633 1001 Venite
2645 944 2726 1000 ad
2742 960 3052 1010 me,omnes
3064 946 3163 1017 qui
3179 945 3468 1001 laboratis
3480 951 3534 1000 et
3548 946 3793 1003 onerati

2133 1034 2294 1099 es'is,
2317 1042 2371 1088 et
2388 1049 2496 1106 ego
2518 1032 2784 1104 reﬁciam
2805 1048 2922 1089 vos.
2949 1035 3156 1089 Tollite
3166 1034 3378 1105 jugum
3398 1049 3586 1088 meum
3606 1051 3785 1106 super

2135 1133 2252 1190 eos,
2271 1131 2324 1178 et
2339 1123 2540 1179 discite
2556 1139 2592 1177 a
2611 1124 2866 1195 me,quia
2880 1123 3036 1178 mitis
3053 1139 3179 1178 sum
3192 1132 3246 1179 et
3266 1122 3498 1179 humilis
3510 1125 3704 1193 corde,
3725 1129 3788 1181 et

2134 1211 2433 1267 invenietis
2446 1213 2696 1284 requiem
2710 1212 3013 1267 animabus
3024 1211 3246 1268 vestris.
3255 1213 3464 1283 Iugum
3476 1213 3632 1269 enim
3644 1230 3855 1275 meum

2129 1316 2302 1356 suave
2323 1300 2493 1367 est,et
2510 1317 2653 1356 onus
2668 1316 2856 1355 meum
2878 1302 2992 1356 leve
3013 1305 3235 1363 (Matth.
3257 1318 3335 1367 x1,
3384 1301 3594 1374 28—30).
3620 1303 3784 1358 Nihil

2130 1388 2680 1462 ergo,dilectissimi,
2695 1389 2946 1444 arduum
2969 1392 3056 1445 est
3076 1388 3425 1461 humilibus,
3446 1387 3591 1445 nihil
3615 1408 3787 1464 aspe-

2131 1494 2260 1531 rum
2288 1476 2548 1544 mitibus,
2575 1480 2631 1531 et
2671 1475 2836 1532 facile
2874 1475 3071 1532 omnia
3111 1481 3399 1549 praecepta
3437 1477 3675 1534 veniunt
3720 1480 3783 1535 in

2129 1567 2418 1634 etl‘eetum,
2447 1565 2682 1638 quando
2722 1569 2778 1622 et
2806 1566 2996 1638 gratia
3033 1564 3339 1637 praetendit
3377 1565 3683 1636 auxilium,
3726 1572 3788 1626 et

2128 1654 2458 1711 obedientia
2470 1654 3785 1729 mollitimperium(e)lntonantenimquotidie

2127 1744 2370 1801 auribus
2410 1744 2628 1800 nostris
2650 1744 2882 1816 eloquia
2915 1744 3039 1812 Dei,
3080 1748 3137 1801 et
3177 1745 3370 1802 omnis
3419 1745 3594 1802 homo
3634 1749 3784 1819 quid

2123 1832 2590 1905 divinaejustitiae
2613 1832 2836 1906 placeat
2857 1833 3007 1888 seire
3049 1834 3432 1890 convincitur.
3473 1835 3587 1891 Sed
3633 1837 3783 1909 quia

2117 1921 2408 1995 judicium
2428 1922 2595 1992 illud,
2616 1939 2729 1995 quo
2751 1923 3132 1995 unusquisque
3148 1924 3388 1994 recipiet
3406 1933 3583 1992 prout
3598 1927 3787 1997 gessit

2120 2013 2236 2068 sive
2266 2011 2613 2080 bonum,sive
2638 2010 2864 2068 malum
2883 2015 2954 2083 (ll
2977 2015 3107 2070 Cor.
3131 2029 3185 2080 v,
3214 2012 3324 2087 10),
3336 2012 3661 2084 judicaturi
3684 2032 3789 2088 pa-

2122 2101 2327 2157 tientia
2347 2105 2404 2156 et
2421 2100 2677 2156 bonitate
2698 2100 3404 2173 dill‘ertur,impunitatcm
3425 2101 3538 2158 sibi
3560 2101 3783 2176 iniqui-

2121 2190 2262 2245 tatis
2282 2188 2607 2244 inﬁdelium
2631 2190 2805 2245 ccrda
2828 2189 3196 2262 promittunt,
3221 2193 3278 2245 et
3307 2194 3517 2263 putant
3556 2190 3775 2249 buma~

2124 2296 2333 2335 norum
2358 2282 2594 2334 actuum
2611 2277 2924 2351 qualitates
2946 2279 3017 2334 ad
3039 2277 3247 2334 divina:
3264 2280 3636 2350 providentiae
3659 2298 3783 2339 non

2123 2368 2413 2440 pertinere
2427 2383 2733 2423 censuram
2744 2366 2932 2439 ,quasi
2951 2376 3066 2422 non
3081 2366 3506 2424 evidentisimis
3524 2368 3787 2442 plerum-

2123 2474 2235 2530 que
2265 2456 2570 2529 supplieiis
2592 2455 2744 2511 male
2774 2461 2939 2528 gesta
2973 2455 3321 2529 plectantur,
3354 2461 3457 2513 aut
3478 2474 3593 2514 non
3623 2476 3783 2533 saepe

2121 2544 2525 2620 (d)cmlestium
2541 2544 3064 2601 comminationum
3080 2550 3263 2602 terror
3274 2547 3634 2603 ostendatur:
3650 2549 3786 2621 qui-

2123 2637 2233 2691 bus
2256 2635 2457 2707 utique
2470 2638 2526 2689 et
2548 2634 2693 2690 ﬁdes
2708 2639 3059 2702 monetur,et
3081 2635 3398 2692 inﬁdelitas
3415 2635 3779 2709 increpatur.

2193 2724 2326 2780 CAP.
2352 2723 2445 2779 IV.
2460 2756 2529 2764 -—
2550 2722 2835 2780 Interhzec
2850 2729 3046 2780 autem
3060 2728 3363 2797 permanet
3380 2728 3558 2798 super
3572 2742 3783 2783 omnes

2121 2812 2642 2886 benignitasDei,et
2660 2812 2803 2868 nulli
2829 2813 3289 2870 misericordiam
3308 2831 3477 2870 suam
3500 2815 3777 2889 denegat,

2122 2919 2254 2957 eum
2270 2901 2582 2957 indiscrete
2598 2901 3039 2958 universisbona
3054 2900 3781 2977 multalargiatur,eosque

2122 3008 2270 3064 quos
2291 2990 2496 3046 merito
2526 2990 2801 3046 subderet
2825 2991 3036 3063 poenis,
3058 2990 3278 3046 mavult
3310 2980 3555 3048 invitare
3594 2993 3776 3050 bene-

2121 3080 2290 3136 ﬁciis.
2316 3079 2525 3135 Dilatio
2552 3079 2707 3134 enim
2721 3079 2985 3135 vindicta:
3016 3081 3115 3136 dat
3147 3079 3341 3136 locum
3382 3081 3769 3153 paenitentiae.

367 3154 468 3244 qui
485 3170 557 3227 ab
580 3168 678 3224 illa
696 3166 945 3240 spiritali
978 3171 1210 3240 patrum
1230 3166 1532 3224 nobilitate
1551 3168 1779 3238 defecit,
1816 3154 2012 3228 ramis
2043 3154 2085 3222 C
2119 3170 2436 3226 NECTAMEN
2453 3185 2564 3223 DIC!
2588 3167 2866 3241 potest(e)
2883 3168 3046 3224 nulla
3060 3169 3139 3224 ibi
3157 3186 3285 3226 esse
3300 3168 3468 3240 ultio,
3489 3171 3588 3227 ubi
3608 3171 3781 3230 nulla

368 3276 490 3316 suae
518 3256 743 3314 arboris
767 3256 1079 3311 inseratur.
1112 3254 1362 3311 Multum
1385 3257 1540 3311 enim
1569 3274 1675 3313 nos
1701 3262 1810 3314 Deo
1831 3258 2009 3315 bene-

264 3336 269 3342 ’
366 3346 618 3405 volentia
638 3345 751 3403 ista
762 3345 1134 3401 commendat
1149 3363 1163 3401 :
1180 3345 1315 3417 quia
1336 3344 1465 3402 ideo
1478 3345 1756 3403 delictum
1777 3347 2012 3405 illorum

368 3437 537 3494 nobis
557 3434 968 3492 misericordia:
992 3433 1187 3490 locum
1212 3433 1362 3500 fecit,
1395 3439 1459 3490 ut
1505 3451 1604 3492 eos
1652 3438 1721 3492 ad
1769 3439 2014 3496 temule-

367 3528 587 3584 tionem
602 3523 808 3582 salutis
822 3522 1161 3596 recipiendae
1178 3524 1321 3581 ﬁdes
1340 3528 1539 3580 nostra
1548 3531 1914 3584 revocaret.N
1917 3546 2012 3586 am

366 3618 544 3674 vitam
569 3615 799 3689 piorum
821 3631 937 3670 non
956 3613 1147 3670 solum
1173 3612 1304 3682 sibi,
1340 3615 1494 3670 180
1516 3616 1615 3671 sed
1669 3616 1843 3672 etiam
1885 3618 2016 3675 aliis

368 3722 497 3763 esse
526 3703 730 3759 utilem
755 3702 918 3758 decet
942 3718 954 3758 :
984 3706 1048 3756 ut
1070 3701 1227 3773 quod
1252 3701 1404 3773 apud
1430 3717 1528 3757 eos
1556 3702 1647 3775 agi
1669 3720 1784 3759 non
1828 3708 2019 3777 potest

357 3792 580 3863 verbis,
615 3792 948 3847 obtineatur
969 3789 1268 3861 exemplis.
1303 3789 1750 3847 Considerantes
1798 3793 2013 3865 itaque,

369 3878 760 3942 dilectissimi,
785 3878 1138 3934 ineffabilem
1160 3894 1298 3950 erga
1319 3895 1425 3933 nos
1444 3877 1772 3936 divinorum
1811 3898 2015 3938 mune-

369 3986 503 4024 rum
535 3968 886 4040 largitatem,
911 3972 1313 4039 cooperatores
1335 3965 1520 4021 simns
1538 3967 1734 4039 gratiae
1759 3969 1855 4025 Dei
1883 3987 2015 4044 ope-

370 4057 554 4113 rantis
600 4056 660 4112 in
684 4054 875 4110 nobis.
903 4055 1029 4111 Non
1064 4055 1219 4111 enim
1271 4054 1697 4113 dormientibus
1753 4060 2021 4130 provenit

372 4150 619 4219 regnum
641 4142 940 4211 oculorum,
965 4160 1071 4199 nec
1114 4144 1230 4199 otio
1266 4142 1606 4217 desidiaque
1652 4148 2020 4218 torpentibus

371 4234 668 4292 beatitudo
690 4233 1032 4311 mternitatis
1050 4232 1365 4305 ingeritur;
1392 4234 1492 4289 sed
1526 4233 1683 4306 quia,
1706 4235 1856 4291 sicut
1877 4239 2023 4309 Apo-

372 4329 560 4381 stolus
584 4324 685 4391 ait,
721 4325 772 4379 si
798 4324 1178 4396 eompatimur,
1211 4325 1260 4378 et
1289 4323 1825 4394 congloriﬁcabimur
1846 4326 2020 4399 (Rom.

369 4431 492 4483 vm,
519 4414 583 4470 17
609 4431 623 4481 ;
648 4413 697 4468 Π
730 4412 861 4467 Tim.
898 4430 957 4481 ιι,
994 4412 1101 4484 12),
1137 4411 1239 4467 illa
1261 4411 1429 4468 nobis
1472 4414 1757 4470 eurrenda
1784 4420 1874 4470 est
1930 4416 2022 4472 via

2121 3257 2421 3316 conversio
2443 3262 2551 3324 est,
2579 3257 2719 3330 quia
2740 3274 2908 3313 mens
2930 3258 3076 3315 dura
3113 3262 3171 3314 et
3209 3259 3442 3332 ingrata
3484 3261 3608 3330 jam
3655 3261 3777 3317 sibi

2120 3350 2249 3422 ipsa
2267 3346 2622 3420 supplicium
2644 3350 2750 3414 est,
2776 3348 2924 3403 181
2952 3350 3009 3403 et
3042 3346 3099 3402 in
3118 3347 3476 3404 conscientia
3513 3366 3621 3405 sua
3666 3367 3778 3422 pa-

2119 3439 2269 3495 titur
2289 3435 2573 3510 quidquid
2600 3436 2695 3492 Dei
2720 3436 2978 3491 bonitate
3000 3435 3287 3492 differtur.
3324 3437 3451 3493 Non
3494 3436 3574 3493 ita
3594 3437 3785 3511 igitur

2123 3526 2530 3598 delinquentes
2558 3528 2793 3597 peccata
2813 3524 3123 3594 delectent,
3148 3528 3214 3581 ut
3234 3524 3365 3581 illos
3392 3526 3450 3582 in
3486 3526 3611 3583 suis
3631 3529 3783 3584 acti-

2125 3617 2236 3673 bus
2256 3616 2384 3671 vitae
2406 3613 2586 3686 hujus
2634 3612 2768 3668 ﬁnis
2810 3612 3101 3670 inveniat:
3141 3614 3419 3687 quoniam
3443 3614 3500 3670 in
3543 3615 3781 3674 inferno

2125 3704 2286 3761 nulla
2306 3701 2705 3769 esteorrectio,
2726 3718 2832 3756 nec
2852 3718 3041 3758 DATUR
3059 3703 3386 3758 remedium
3419 3703 3781 3762 satisfactio-

2124 3794 2238 3862 nis,
2257 3793 2332 3866 (f)
2354 3791 2452 3847 ubi
2468 3792 2594 3863 jam
2614 3807 2726 3846 non
2746 3794 3014 3863 superest
3031 3791 3180 3846 actio
3201 3790 3518 3848 voluntatis
3538 3792 3779 3851 dicente

2126 3882 2410 3957 propheta
2434 3881 2608 3936 David
2634 3899 2647 3936 :
2672 3882 2953 3950 Quoniam
2975 3896 3087 3937 non
3120 3890 3207 3937 est
3240 3884 3301 3938 in
3331 3890 3521 3939 morte
3538 3884 3639 3955 qui
3668 3901 3793 3941 me-

2126 3988 2254 4027 mor
2282 3972 2356 4027 sit
2386 3972 2474 4026 tui
2499 3989 2518 4036 ;
2551 3972 2612 4026 in
2643 3969 2871 4044 inferno
2893 3977 3089 4026 autem
3114 3971 3238 4044 quis
3275 3973 3640 4043 conﬁtebitur
3669 3974 3784 4030 tibi

2128 4067 2240 4135 (Ps.
2264 4078 2341 4116 VI.
2364 4058 2462 4129 6)?
2484 4058 2802 4131 Fugientur
2826 4059 3007 4115 noxiae
3032 4069 3107 4131 (9)
3143 4059 3491 4132 voluptates,
3545 4060 3798 4119 inimica

2127 4150 2344 4224 gaudia
2358 4152 2416 4205 et
2437 4146 2726 4204 desideria
2740 4148 3107 4221 jamjamque
3132 4148 3410 4221 peritura.
3455 4148 3597 4217 Quis
3621 4149 3798 4207 fruc-

2127 4246 2223 4296 tus
2245 4242 2352 4307 est,
2388 4253 2587 4311 quaeve
2611 4235 2853 4302 utilitas,
2872 4252 2939 4293 ea
2964 4236 3363 4293 indesinenter
3396 4254 3628 4310 cupere,
3652 4256 3791 4312 quas

2127 4326 2358 4384 etiamsi
2386 4342 2501 4380 non
2525 4326 2798 4380 deserant
2818 4325 3141 4382 deserenda
3175 4322 3357 4381 sunt?
3375 4326 3552 4382 Amor
3585 4343 3793 4384 rerum

2129 4413 2524 4473 deﬁcientium
2560 4402 2631 4469 ad
2674 4412 3142 4486 ineorruptibilia
3178 4414 3585 4481 transferatur,
3621 4418 3680 4470 et
3715 4416 3793 4473 ad

368 4519 548 4577 quam
578 4501 703 4574 ipse
734 4501 1019 4558 Dominus
1050 4518 1112 4558 se
1133 4517 1260 4557 esse
1282 4502 1532 4557 testatus
1554 4506 1644 4558 est
1671 4503 1849 4575 (Joan.
1900 4521 2012 4574 x1v,
2048 4523 2092 4590 Ι)
2122 4503 2400 4563 sublimia
2419 4506 2659 4558 vocatus
2677 4501 2909 4559 animus
2927 4503 3263 4560 coelestibus
3280 4503 3619 4561 delectetur.
3643 4505 3801 4562 Con-

442 4678 523 4754 (a_)
544 4676 840 4754 Editicum
856 4678 1210 4754 quibusdam
1236 4677 2022 4754 mss._,erudition_e.A_mplec-

372 4748 982 4821 tendamiputavimus
1012 4748 1319 4805 lectionem
1368 4750 1428 4805 in
1453 4767 1565 4805 ms.
1597 4748 1927 4808 Corbeiensi
1987 4772 2022 4810 a

372 4820 681 4902 Quesnello
694 4820 1231 4902 nventam_,_quip_pe
1245 4838 1371 4902 quae
1389 4822 1447 4881 in
1462 4822 1798 4902 pptipribus
1801 4825 2023 4902 nostris

374 4892 544 4949 codd.
565 4891 892 4964 praefertur,
917 4891 1139 4949 scilicet
1154 4891 1215 4964 in
1239 4891 1531 4948 duobus'S
1581 4894 1751 4962 Petri,
1775 4899 2016 4964 Veneto,

373 4970 432 5020 et
459 4961 603 5036 mss.
627 4961 850 5020 collect.
878 4969 898 5036 γι
937 4981 1003 5036 ac
1028 4968 1080 5020 2.
1100 4963 1321 5036 Allqudit
1343 4964 1400 5018 S.
1435 4965 1693 5036 pontifex
1722 4983 1833 5022 non
1897 4961 2018 5025 tam

372 5036 445 5092 ad
461 5034 1022 5109 quintamoratiouis
1043 5034 1725 5109 Dominicss_petitionem,
1751 5054 1926 5109 quam
1946 5041 2019 5095 ad

374 5106 698 5180 orationem
721 5107 936 5180 Christi
958 5107 1018 5162 in
1040 5123 1209 5163 cruce
1229 5106 1557 5178 pendentis,
1579 5110 1681 5180 qui
1693 5106 1807 5179 pro
1827 5116 1903 5178 te,
1956 5116 2020 5168 ut

372 5178 547 5251 paulo
565 5182 701 5234 ante
720 5179 964 5245 dixerat,
997 5195 1127 5236 cum
1147 5180 1457 5251 eruciﬁreus
1485 5178 1663 5251 esset,
1676 5178 1885 5236 aravit.

446 5251 524 5323 (ὁ)
547 5251 632 5306 Ita
666 5266 737 5306 ex
780 5251 996 5323 nostris
1030 5250 1276 5323 eodd._et
1298 5248 1488 5323 prima
1529 5250 1785 5323 editione
1822 5268 1924 5323 pro
1951 5270 2019 5309 eo

374 5318 529 5396 quod
563 5325 706 5385 erat,
740 5324 897 5396 lenis.
924 5319 1262 5396 Emendatio
1285 5318 1357 5374 ab
1378 5318 1506 5391 ipso
1522 5318 1839 5393 Scriptores
1860 5326 2017 5396 quod

374 5390 668 5462 profertur
699 5392 1035 5462 testimonio
1064 5390 1332 5462 exigitur.

446 5463 522 5528 (ε)
544 5461 686 5537 Haec
713 5461 882 5517 lectio
910 5467 1017 5537 _est
1046 5461 1429 5537 vetustiorum
1460 5465 1529 5537 et
1576 5463 2014 5537 castigatiorum

373 5532 791 5604 exemplarium
829 5540 881 5588 S.
910 5534 1081 5598 Petri,
1112 5532 1337 5599 Venet.,
1370 5531 1653 5600 Vallieel.,
1674 5531 2020 5604 Casanatwt

375 5601 658 5677 Barb._Al.
693 5603 751 5658 in
774 5605 945 5677 editis
965 5609 1022 5661 et
1041 5605 1265 5677 aliquot
1309 5620 1475 5677 mss.,
1526 5604 1817 5663 intonante
1864 5601 2018 5666 enim

373 5673 626 5747 quotidie
636 5676 881 5732 auribus
894 5679 1110 5734 nostris
1122 5673 1242 5749 eloq
1250 5677 1342 5733 uio
1365 5675 1485 5746 Dei,
1505 5679 1688 5735 omnis
1705 5680 1890 5749 homo,
1906 5686 2013 5740 etc.
2039 5695 2043 5699 '

2126 4684 2264 4739 Post
2285 4696 2489 4755 pauca,
2514 4687 2688 4755 prout
2719 4681 2961 4755 gesserit
2988 4681 3046 4736 in
3076 4681 3270 4755 prima
3289 4681 3565 4755 editione.

2197 4698 2264 4738 νει
2324 4698 2489 4746 auea,
2514 4698 2688 4748 prout
2719 4698 2960 4751 gesserat
2988 4699 3046 4736 1n
3076 4698 3270 4755 prima
3289 4698 3565 4738 eamone.

2197 4698 2354 4822 (ά)ῗο
2380 4768 2496 4806 uno
2512 4767 2652 4805 mss.
2675 4754 2833 4822 Vat.,
2849 4751 3171 4809 caelestium
3191 4753 3638 4810 comminatione
3668 4760 3799 4808 ter-

2126 4821 2521 4882 rorostendat.
2542 4822 2601 4877 In
2632 4821 2822 4882 prima
2841 4823 3097 4880 editione
3126 4829 3183 4880 et
3205 4825 3319 4880 alio
3339 4825 3472 4882 Vat.
3496 4824 3556 4880 in
3570 4825 3800 4881 Veneto

2125 4902 2300 4969 atque
2316 4893 2856 4969 C_asin.,cal_estium
2871 4897 3382 4969 comminationum
3398 4902 3804 4969 terrorosten-

2123 4963 2245 5048 ᾴαὶ.
2272 4967 2332 5021 Id
2355 4965 2551 5048 ipsum
2575 4963 2766 5048 prima
2791 4982 2969 5048 manu
2988 4967 3054 5048 in
3073 4968 3477 5048 C_asanatensi,
3505 4973 3562 5023 et
3592 4966 3799 5048 solum

2124 5039 2184 5095 in
2209 5037 2471 5112 margine
2493 5037 2869 5112 emendatum
2895 5038 3161 5095 addendo
3186 5054 3515 5112 pronomen
3553 5054 3613 5095 se
3652 5044 3800 5097 ante

2127 5127 2329 5172 vocem
2344 5108 2693 5166 'caelestium.

2199 5181 2274 5252 (e)
2296 5185 2359 5235 In
2381 5196 2499 5254 uno
2523 5195 2637 5254 ms.
2656 5178 2788 5254 Vat.
2813 5179 2950 5254 etin
2974 5184 3114 5237 Bon.
3144 5198 3212 5237 ac
3245 5182 3436 5254 prima
3492 5180 3752 5238 editione
3778 5198 3796 5239 :

2126 5250 2297 5309 Nulla
2318 5253 2400 5307 ibi
2420 5258 2498 5306 est
2529 5250 2690 5305 ultio.
2716 5250 2847 5306 Mox
2870 5251 3047 5308 iidem
3071 5250 3322 5309 eoddfet
3342 5253 3508 5321 edit.,
3552 5254 3614 5309 in
3652 5269 3797 5310 eon-

2123 5322 2368 5382 scientia
2391 5322 2539 5393 ipsa,
2569 5337 2673 5393 pro
2695 5321 2756 5393 in
2778 5324 3135 5381 conscientia
3155 5341 3284 5382 sua.

2195 5396 2266 5465 (Γ)
2290 5398 2350 5449 In
2374 5392 2859 5465 primaeditione,
2882 5396 2939 5450 si
2957 5395 3089 5465 jam
3116 5413 3231 5453 non
3254 5403 3542 5465 superest.

2195 5462 2269 5537 (ρ)
2294 5462 2431 5537 Cod.
2453 5462 2740 5537 Gudiival,
2767 5462 3081 5533 Quosnelli,
3105 5462 3447 5525 voluntates.
3476 5470 3564 5521 Ita
3605 5463 3797 5523 etiam

2126 5539 2241 5594 duo
2264 5536 2391 5591 Vat.
2416 5539 2473 5590 et
2494 5552 2648 5590 unus
2668 5536 2832 5602 Bon.,
2854 5537 2954 5608 qui
2973 5544 3251 5610 praeterea
3271 5540 3429 5595 hunc
3471 5537 3669 5610 locum
3709 5536 3800 5610 sic

2124 5611 2405 5666 etl‘erunt.
2435 5611 2733 5676 Fugentur
2758 5610 2958 5667 noxiae
2974 5608 3316 5668 uoluntatec.
3360 5610 3523 5666 Unus
3565 5608 3674 5678 qod
3727 5609 3794 5666 8.

2124 5681 2279 5739 Petri
2303 5696 2317 5736 :
2345 5679 2589 5750 Fugiunt
2611 5694 2751 5749 ergo
2780 5681 2976 5739 noxiae
3003 5682 3344 5757 voluptates.
