4098 6188
260 340 376 404 G85

1669 338 1935 403 SERMO
1977 338 2246 402 XXXIX.

3530 338 3659 406 266

266 474 407 531 ‘Vieit
432 472 1043 555 enimvadversarium,
1072 476 1137 529 ut
1165 473 1437 543 audistis,
1462 472 1813 530 testimoniis
1830 473 1905 531 le-
1924 477 1986 543 ΔΑ
2017 472 2285 541 ctissimi,
2322 478 2386 527 ut
2412 473 2726 545 Apostolus
2767 475 2866 543 ait,
2899 478 3161 531 succincti
3209 475 3416 534 lumbos
3459 481 3660 535 mentis

261 565 367 637 'gis,
399 580 512 619 non
544 566 834 636 potestate
855 562 1108 631 virtutis;
1136 563 1331 619 uthoc
1360 563 1487 636 ipso
1519 567 1577 619 et
1606 562 1903 619 hominem

267 653 385 725 plus
412 652 745 722 honoraret,
781 657 838 707 et
868 652 1267 709 adversarium
1299 652 1435 725 plus
1486 653 1738 725 puniret,
1767 669 1902 707 cum

263 742 434 799 hostis
454 740 689 815 generis
718 740 963 797 humani
987 741 1063 813 (α)
1083 759 1196 797 non
1230 741 1400 813 quasi
1424 759 1458 797 a
1491 747 1602 797 Deo
1630 742 1774 813 jam,
1801 742 1900 797 sed

264 831 414 905 quasi
435 831 508 887 ab
530 829 772 887 homine
793 829 1139 899 vinceretur.
1164 831 1448 903 Pugnavit
1471 830 1719 904 ergo‘ille
1740 834 1900 896 tunc,

261 926 319 976 ut
343 924 398 976 et
425 936 536 976 nos
564 923 769 992 postea
794 934 1191 992 pugnaremus
1222 938 1235 989 ;
1267 919 1408 975 vicit
1453 918 1570 986 ille,
1600 924 1663 975 ut
1707 924 1765 974 et
1794 935 1902 975 nos

256 1009 520 1065 similiter
530 1010 919 1064 vinceremus.
935 1008 1133 1065 Nunu
1156 1025 1305 1065 sum
1323 1006 1898 1085 enim,dilectissimi,

256 1100 372 1157 sine
404 1099 802 1157 tentationum
823 1098 1239 1170 experimentis
1269 1115 1445 1171 opera
1466 1098 1719 1166 virtutis,
1740 1098 1903 1153 nulla

253 1189 322 1258 (ὁ)
342 1187 469 1244 sine
489 1185 937 1261 probationibus
958 1187 1125 1255 ﬁdes,
1146 1186 1374 1244 nullum
1394 1188 1519 1243 sine
1538 1186 1703 1243 hoste
1723 1191 1903 1243 certa-

252 1293 396 1345 men,
426 1275 601 1332 nulla
658 1276 784 1341 sine
843 1276 1255 1349 congressione
1309 1276 1571 1332 victoria.
1603 1276 1736 1333 Vita
1778 1276 1899 1331 haec

249 1371 437 1423 nostra
468 1366 530 1421 in
565 1365 759 1421 medio
778 1364 850 1436 (ε)
873 1364 1245 1433 insidiarum,
1270 1365 1328 1421 in
1353 1366 1545 1421 medio
1566 1365 1896 1437 praeliorum

247 1460 342 1521 est,
372 1454 434 1511 Si
468 1453 753 1510 no‘lumus
782 1452 1385 1526 decipi,vigilandum
1410 1458 1497 1510 est
1518 1455 1597 1522 ;si
1626 1452 1898 1509 volumus

246 1558 535 1616 superare,
569 1544 955 1616 pugnandum
986 1546 1096 1598 est.
1132 1543 1201 1598 Et
1244 1543 1373 1599 ideo
1426 1542 1897 1616 sapientissimus

241 1631 532 1701 Salomon,
566 1632 692 1702 Fili,
724 1631 940 1703 inquit,
973 1632 1232 1687 accedens
1291 1632 1363 1688 ad
1411 1634 1725 1688 servitutem
1774 1632 1892 1696 Dei,

236 1736 491 1794 ρνιτρανα
519 1722 774 1777 animmn
804 1728 955 1776 tuam
986 1721 1057 1776 ad
1111 1724 1469 1778 tentationem
1501 1722 1686 1795 (Ecclz.
1720 1737 1780 1788 ιι,
1814 1719 1891 1793 4).

236 1808 332 1865 Vir
349 1809 511 1866 enim
552 1808 841 1881 sapientia
873 1809 974 1866 Dei
1001 1809 1442 1882 plenus,sciens
1463 1809 1727 1865 studium
1761 1807 1891 1866 reli-

240 1898 423 1971 gionis
454 1898 722 1965 laborem
754 1897 967 1954 habere
996 1898 1357 1965 certaminis,
1390 1915 1524 1954 cum
1557 1878 1917 1971 pravideret‘

243 2003 442 2061 pugnae
466 1986 823 2058 periculum,
856 1990 990 2044 ante
1022 1988 1332 2043 admonuit
1358 1992 1755 2062 pugnaturum
1780 2004 1793 2042 :
1820 2004 1891 2044 ne

234 2074 380 2130 forte
391 2073 440 2130 si
454 2075 529 2128 ad
559 2062 1197 2147 ignorantem'tentator
1208 2076 1888 2150 accederet,imparatum

245 2161 795 2218 citiusvulneraret.

312 2253 441 2307 CAP.
462 2251 559 2308 IV.
576 2251 785 2307 ~—Nos
805 2251 1022 2323 itaque,
1047 2251 1435 2322 dilectissimi,
1461 2254 1560 2327 qui
1577 2255 1654 2326 (ιι)
1675 2254 1890 2311 divinis

249 2340 669 2397 eruditionibus
702 2340 978 2408 instituti,
1003 2342 1075 2396 ad
1101 2357 1347 2414 agonem
1370 2344 1673 2415 praesentis
1704 2348 1886 2400 certa-

249 2416 416 2486 minis
443 2430 696 2487 scienter
718 2430 1081 2495 .accedimus,
1101 2431 1413 2487 audiamus
1434 2432 1722 2488 dicentem
1744 2434 1887 2504 Apo-

250 2518 449 2575 stolam
473 2536 487 2574 :
510 2519 631 2575 Non
660 2521 739 2575 est
765 2519 922 2577 nobis
950 2520 1269 2576 colluctatio
1297 2521 1556 2577 adversus
1585 2538 1811 2577 carnem
1840 2530 1891 2578 et

254 2610 578 2680 sanguinem,
611 2608 705 2664 sed
732 2609 990 2664 adversus
1004 2610 1284 2682 principes
1305 2618 1357 2667 et
1372 2613 1682 2682 potestates,
1707 2614 1778 2680 (e)
1798 2610 1890 2666 ad-

256 2714 423 2754 versus
450 2699 648 2754 mundi
676 2704 908 2754 rectores
934 2698 1284 2754 tenebrarum
1314 2698 1533 2769 harum,
1564 2703 1753 2755 contra
1781 2701 1891 2771 spi-

256 2788 433 2843 ritalia
461 2789 752 2861 nequitia,
785 2788 841 2842 ia
869 2788 1165 2843 emtestibus
1193 2787 1406 2859 (Ephes.
1438 2804 1514 2854 v1,
1548 2788 1654 2856 l2;
1685 2793 1744 2843 et
1774 2804 1891 2843 non

260 2874 578 2948 ignoremus
592 2876 750 2949 quod
765 2875 822 2931 hi
848 2876 1045 2933 hostes
1062 2876 1247 2932 nostri
1261 2882 1460 2939 contra
1480 2893 1543 2932 se
1553 2876 1676 2950 geri
1693 2876 1893 2932 omnia

262 2963 524 3031 sentiunt,
555 2981 945 3037 quaecumque
975 2981 1084 3020 nos
1114 2981 1219 3037 pro
1250 2970 1453 3021 nostra
1481 2965 1670 3021 salute
1720 2982 1892 3039 agere

263 3056 557 3121 tentamus;
577 3059 634 3108 et
647 3053 758 3109 hoc
778 3053 1135 3126 ipsomquod
1151 3054 1285 3109 boni
1299 3053 1518 3126 aliquid
1534 3055 1889 3127 appetimus,

262 3142 609 3199 adversarius
642 3159 1047 3215 provocamus.
1071 3142 1202 3198 Haec
1230 3144 1385 3199 enim
1408 3143 1561 3200 inter
1589 3161 1695 3199 nos
1716 3136 1891 3216 athc

2013 566 2209 620 vestrae
2238 565 2296 617 in
2326 564 2573 629 veritate,
2604 571 2654 619 et
2683 563 2911 619 calceati
2960 565 3121 637 pedes
3172 566 3231 620 in
3254 569 3661 638 praeparatione

2011 653 2298 723 Evangelii
2320 654 2492 724 pacis,
2522 652 2583 706 in
2611 654 2859 707 omnibus
2889 662 3158 710 sumentes
3185 662 3396 710 scutum
3423 640 3572 727 fidei,
3594 658 3658 712 in

2015 757 2118 813 quo
2143 744 2366 814 possitis
2391 743 2581 797 omnia
2593 744 2609 813 (
2613 745 2668 813 g)
2684 743 2791 797 tela
2806 743 3040 813 maligni
3054 744 3215 814 ignea
3228 745 3591 816 exstinguere,
3605 750 3659 802 et

2010 832 2227 902 galeam
2255 832 2451 886 salutis
2480 833 2760 899 assumite,
2794 835 2845 887 et
2864 831 3112 902 gladium
3139 834 3385 904 spiritus,
3419 833 3559 906 quod
3577 838 3656 890 est

2009 920 2236 975 verbum
2263 919 2364 975 Dei
2410 919 2803 990 Ephes.v1,14).
2822 918 3045 988 Videte,
3059 919 3460 992 dilectissimi,
3475 939 3652 995 quam

2011 1008 2350 1080 potentibus
2392 1026 2498 1065 nos
2531 1007 2684 1078 telis,
2713 1025 2889 1081 quam
2930 1008 3424 1081 insuperabilibus
3459 1012 3652 1067 muni-

2011 1098 2226 1154 mentis
2257 1100 2375 1154 dux
2404 1098 2605 1155 multis
2637 1098 2885 1172 insignis
2925 1099 3266 1171 triumphis,
3300 1102 3358 1154 et
3402 1100 3653 1157 invictus

2008 1186 2350 1243 Christianae
2398 1186 2619 1242 militiae
2670 1187 2949 1259 magister
2994 1188 3326 1244 armaverit.
3359 1187 3655 1244 Succinxit

2008 1275 2245 1331 lumbos
2263 1274 2450 1331 balteo
2463 1275 2772 1343 castitatis,
2796 1274 3073 1331 calceavit
3084 1276 3263 1348 pedes
3286 1275 3536 1333 vinculis
3548 1265 3656 1349 'pa-

2009 1364 2124 1420 cis:
2151 1365 2289 1437 quia
2318 1368 2377 1420 et
2405 1364 2720 1419 distinctus
2744 1363 2912 1420 miles
2928 1364 3155 1437 cito,(h)
3178 1365 3250 1421 ab
3273 1363 3652 1438 impudicitia

2003 1453 2304 1510 incentore
2324 1452 2592 1521 vincitur,
2611 1458 2670 1508 et
2690 1470 2804 1508 non
2826 1452 3116 1509 calceatus
3137 1452 3304 1509 facile
3324 1471 3359 1510 a
3384 1458 3653 1527 serpente

2006 1543 2325 1598 mordetur.
2342 1542 2585 1597 Scutum
2608 1541 2739 1597 fidei
2772 1542 2841 1597 ad
2868 1542 3282 1613 protectionem
3312 1542 3492 1599 totius
3523 1560 3649 1599 oor-

2006 1630 2165 1702 poris
2186 1630 2366 1697 dedit,
2383 1629 2558 1701 capiti
2576 1629 2799 1701 galeam
2824 1628 3647 1703 salutisimposuit,dexteram

2003 1719 2221 1793 gladio,
2245 1720 2303 1774 id
2328 1723 2417 1775 est
2432 1720 2603 1776 verbo
2622 1719 2905 1787 veritatis,
2930 1718 3204 1775 instruxit
3228 1737 3241 1774 :
3269 1723 3332 1775 ut
3362 1720 3648 1793 spiritalis

2006 1808 2300 1881 praeliator
2329 1825 2445 1864 non
2478 1806 2667 1865 solum
2701 1808 2779 1863 sit
2806 1812 2969 1864 tutus
3000 1826 3034 1863 a
3061 1808 3320 1877 vulnere,
3339 1810 3440 1866 sed
3470 1814 3528 1866 et
3556 1826 3648 1867 re-

1998 1901 2361 1969 pugnantem
2394 1897 2582 1953 valeat
2608 1896 2932 1953 vulnerare.

2067 1986 2204 2043 CAP.
2235 1986 2304 2041 V.
2331 2018 2401 2026 —
2429 1986 2531 2041 His
2581 1985 2783 2058 igitur,
2825 1986 3220 2059 dilectissimi,
3257 1987 3392 2044 freti
3442 1988 3643 2057 armis,

1998 2075 2247 2148 impigre
2260 2079 2435 2147 atque
2452 2076 2737 2147 intrepide
2763 2076 3126 2148 propositum
3148 2076 3317 2132 nobis
3352 2082 3645 2135 certamen

1999 2164 2267 2221 ineamus
2289 2182 2302 2220 :
2321 2169 2384 2219 ut
2406 2165 2462 2219 in
2487 2164 3049 2235 istojejuniorumh’)
3072 2165 3280 2235 stadio,
3297 2183 3411 2222 non
3435 2183 3503 2223 eo
3523 2171 3647 2223 tan-

2000 2257 2123 2308 tum
2138 2252 2325 2309 simus
2349 2253 2462 2308 ﬁne
2482 2252 2757 2320 contenti,
2780 2258 2843 2308 ut
2858 2254 3041 2309 solam
3065 2254 3328 2310 ciborum
3349 2255 3645 2313 abstinen-

1998 2341 2140 2397 tiam
2176 2346 2452 2414 putemus
2492 2358 2622 2397 esse
2661 2343 3253 2400 sectandam.Parum
3284 2334 3442 2400 enim
3472 2348 3562 2401 est
3591 2345 3638 2401 si

1997 2430 2191 2487 carnis
2225 2430 2557 2487 substantia
2578 2435 2873 2498 tenuatur,
2896 2437 2951 2486 et
2992 2433 3198 2487 anima:
3222 2432 3497 2490 fortitudo
3526 2451 3641 2490 non

1999 2518 2193 2575 alitur.
2217 2520 2442 2576 Afﬂicto
2465 2519 2769 2592 paululum
2801 2521 3079 2576 exteriore
3127 2520 3383 2592 homine,
3416 2523 3643 2579 reﬁcia-

1997 2612 2096 2664 tur
2123 2608 2397 2676 interior;
2421 2598 2479 2664 et
2504 2608 2803 2664 subtracta
2823 2609 2983 2665 carni
3011 2610 3317 2666 saturitate
3346 2627 3642 2683 corporea,

1997 2696 2406 2768 spiritualibus
2437 2713 2604 2752 mens
2622 2697 2849 2753 deliciis
2867 2699 3189 2754 roboretur.
3206 2699 3649 2773 Circumspiciat

1998 2802 2060 2843 se
2090 2785 2281 2841 omnis
2304 2786 2501 2841 anima
2520 2786 2868 2853 Christiana,
2893 2790 2949 2842 et
2965 2803 3161 2843 severo
3174 2787 3438 2844 examine
3456 2789 3646 2846 cordis

1999 2874 2092 2931 sui
2119 2875 2350 2930 interna
2380 2875 2677 2932 discutiat.
2701 2875 2907 2931 Videat
2939 2893 3009 2932 ne
3039 2876 3179 2948 quid
3227 2876 3308 2932 ibi
3341 2877 3645 2934 discordia

1997 2963 2315 3036 inhaeserit,
2339 2982 2412 3020 ne
2430 2965 2570 3037 quid
2592 2965 2929 3036 cupiditatis
2952 2964 3250 3022 insederit.
3273 2966 3526 3023 Castitas
3557 2968 3645 3023 in-

1998 3052 2414 3109 continentiam
2440 3053 2640 3126 procul
2662 3053 2857 3126 pellat,
2878 3053 2945 3126 (ᾔ)
2961 3056 3230 3112 tenebras
3252 3055 3647 3113 simulationis

1998 3142 2098 3198 lux
2111 3142 2307 3215 abigat
2326 3143 2607 3199 veritatis.
2628 3143 3003 3199 Detumescat
3022 3144 3316 3216 superbia,
3341 3145 3648 3218 resipiscat

258 3227 541 3287 illosI‘m
557 3214 660 3304 per
682 3230 981 3310 diabolica;
1000 3231 1232 3287 invidiae
1272 3231 1532 3287 fomitem
1574 3214 1967 3289 inveterata'C
2004 3214 2329 3297 iracundia,
2364 3233 2511 3302 147
2558 3230 3036 3287 comminuantur
3080 3214 3281 3303 iacula
3338 3214 3643 3305 noxarum,

258 3317 535 3376 dissensio
566 3325 677 3388 est,
710 3324 777 3374 ut
806 3320 945 3393 quia
974 3320 1060 3376 illi
1093 3321 1165 3376 ab
1206 3320 1299 3377 his
1328 3320 1497 3377 bonis
1529 3323 1888 3391 exciderunt,

256 3406 325 3461 ad
352 3424 471 3480 quae
499 3427 604 3465 nos
629 3411 742 3466 Deo
765 3409 1082 3465 auxiliante
1122 3409 1517 3482 provehimur,
1551 3411 1767 3467 nostris
1789 3412 1891 3483 ju—

255 3495 694 3554 stiﬁcationibus
726 3501 1128 3570 torqueantur.
1164 3497 1221 3553 Si
1253 3514 1388 3570 ergo
1433 3515 1540 3554 nos
1587 3499 1890 3572 erigimur,

252 3578 333 3637 illi
363 3592 637 3642 corruunt
661 3605 675 3653 ;
701 3587 874 3643 sinos
894 3586 1376 3654 convalescimus,
1396 3585 1890 3645 illiinfirmantur.

254 3670 519 3736 Remedia
539 3680 741 3732 nostra
761 3674 943 3749 plagae
965 3675 1229 3748 ipsorum
1256 3679 1417 3743 sunt,
1435 3676 1574 3748 quia
1594 3678 1894 3732 curatione

249 3766 575 3821 nostrorum
605 3766 918 3822 vulnerum
960 3765 1363 3822 vulnerantur.
1392 3765 1542 3821 State
1570 3783 1715 3837 ergo,
1750 3766 1895 3822 dile-

254 3886 403 4012 ⁸4δέοι)
428 3891 565 3946 Ante
594 3892 810 3956 Quesn.
843 3890 1166 3963 legebatur,
1192 3907 1298 3946 non
1321 3891 1499 3946 solum
1529 3892 1687 3962 quasi
1714 3908 1748 3946 a
1766 3893 1892 3959 Deo,

373 3962 529 4012 etiam
557 3964 718 4012 amisi
745 3963 815 4012 ab
844 3961 1062 4012 homine
1092 3964 1505 4012 immanaretur
1533 3971 1692 4012 (itane
1724 3964 1892 4012 vince-

373 3962 529 4034 etiam
557 3964 718 4034 quasi
745 3963 815 4034 ab
844 3961 1062 4034 homine
1092 3964 1505 4034 impugnaretur
1533 3961 1692 4034 atque
1724 3964 1893 4019 vince-

255 4037 423 4085 retur.
452 4032 705 4089 Correxit
734 4033 833 4089 ille
864 4050 932 4089 ex
962 4032 1349 4089 tribus—codd.
1382 4033 1556 4101 Vict.,
1589 4032 1815 4089 Thuan.
1840 4038 1898 4089 et

257 4100 443 4180 ραι-ῃ,
462 4105 1058 4180 emendationemque
1083 4107 1433 4180 confirmant
1463 4100 1579 4160 duo
1600 4105 1898 4161 Lectiona-

258 4174 344 4226 ria
372 4174 431 4229 S.
462 4174 630 4237 Petri.
664 4177 794 4232 cod.
827 4174 978 4232 Bon:
1011 4181 1070 4232 et
1099 4193 1244 4231 mss.
1277 4176 1498 4243 collect,
1529 4180 1583 4231 2.

326 4246 407 4320 (ὁ)
435 4250 511 4302 Ita
529 4248 758 4320 Thuan.
793 4253 850 4304 et
878 4247 1047 4320 Corb.
1085 4246 1191 4314 AL,
1222 4249 1343 4320 sine
1367 4248 1895 4320 perturbationibus,

255 4317 408 4383 quod
427 4319 726 4373 manifeste
743 4319 1198 4374 mendosumest
1218 4317 1435 4383 etbpno
1458 4336 1632 4375 sensu
1649 4336 1896 4374 vacuum

256 4390 323 4438 ut
349 4386 486 4445 illud
515 4394 753 4445 econtra
786 4389 946 4445 Pauli
979 4390 1255 4446 doctrinae
1287 4395 1343 4444 et
1372 4391 1562 4446 verbis
1594 4394 1898 4446 consenta-

254 4458 449 4585 ἓξιιιιῖι.
478 4461 691 4588 Otesgs.
726 4492 796 4500 ——
828 4461 922 4517 Sic
953 4462 1171 4534 pariter
1199 4460 1380 4515 nostri
1414 4462 1638 4517 csdices
1668 4466 1723 4517 S.
1746 4462 1897 4517 Petri

330 4546 405 4585 sco
449 4549 508 4586 ec
540 4575 550 4584 .
580 4542 595 4558 ⁸
623 4574 638 4586 .

330 4542 550 4586 θεοιιθθι.
580 4542 638 4586 2.

327 4609 397 4667 (ε),
423 4601 529 4669 AL,
551 4603 962 4658 insidiatorum.
992 4602 1463 4666 Quesnellianam
1479 4604 1899 4660 correctionem
1926 4590 1978 4655 D

232 4673 572 4742 approbant
601 4692 751 4731 mss.
785 4676 845 4730 S.
880 4674 1051 4730 Petri.

307 4742 739 4822 twn/interiores
769 4746 1075 4822 editiones,
1097 4745 1758 4822 divinisinstitutionibus
1779 4762 1901 4802 eru-

256 4809 378 4869 diti.
396 4815 765 4873 Pretulimus
797 4809 1105 4872 lectionem
1139 4834 1281 4873 mss.
1303 4818 1361 4872 S.
1384 4817 1533 4872 Petri
1557 4822 1613 4872 et
1633 4817 1899 4873 codicum

260 4884 477 4961 collect.
507 4892 562 4955 2,
582 4906 765 4961 quam
786 4889 1138 4961 confirmant
1161 4889 1335 4961 etiam
1369 4888 1723 4961 exemplaria
1734 4890 1899 4961 Corb.

260 4959 316 5027 et
343 4957 566 5016 Thuan.
592 4957 628 5015 ὁ
652 4959 968 5023 Ouesnello
1000 4959 1255 5014 laudata.
1282 4959 1444 5014 Unus
1468 4957 1595 5014 Vat.
1621 4960 1826 5016 collect
1848 4960 1900 5027 4,

260 5024 454 5085 divinis
482 5031 936 5086 instructionibus
966 5030 1188 5087 eruditi.

327 5100 395 5163 (e)
418 5102 777 5159 Duolaudati
796 5101 1087 5166 Quesnelli
1113 5101 1468 5156 codd.‘Corb.
1484 5106 1541 5154 et
1562 5101 1788 5157 Thuan.
1805 5101 1905 5156 ha-

263 5166 411 5240 bent,
440 5175 701 5230 adversus
730 5173 928 5227 mundi
946 5176 1198 5236 rectores,
1230 5172 1427 5244 mundi
1453 5172 1618 5244 hujus
1655 5173 1904 5227 tenebra-

264 5246 378 5297 rum
397 5244 611 5300 harum.
630 5251 750 5299 Duo
772 5245 832 5301 S.
866 5244 1017 5299 Petri
1051 5250 1106 5298 et
1135 5244 1250 5298 duo
1274 5243 1428 5309 Vat.,
1452 5243 1709 5298 adversus
1739 5253 1906 5299 recto-

264 5325 366 5386 7.6:»
393 5317 584 5386 mundi
638 5316 803 5386 hujus
860 5315 1217 5371 tenebrarum
1266 5315 1488 5370 omissa
1515 5332 1652 5371 voce
1684 5314 1903 5372 harum.

269 5379 430 5525 pczidd.
461 5379 824 5445 collectionis
855 5389 890 5441 2
915 5390 978 5441 ut
1007 5386 1067 5441 in
1103 5390 1263 5442 textu
1287 5390 1345 5441 et
1374 5386 1434 5441 in
1462 5391 1703 5460 vulgato
1752 5387 1908 5442 Scri-

327 5472 455 5512 ursa.

327 5472 455 5512 ursi.

350 5530 393 5598 fl
419 5529 577 5587 Unus
609 5530 740 5586 cod.
771 5528 833 5585 S.
868 5528 1042 5586 Petri.
1077 5544 1201 5600 quo.

276 5655 289 5673 _,
506 5576 1205 5673 maedititi'teld
1216 5601 1392 5673 ignea.
1412 5600 1593 5672 Ignita
1607 5616 1710 5672 pro
1728 5600 1909 5673 ignea.

272 5671 326 5730 ιιι
352 5671 485 5732 mss.
504 5672 676 5730 Corb.
700 5677 759 5729 et
776 5671 1037 5741 Thuan.,
1053 5671 1361 5740 Ouesnello
1398 5671 1739 5731 annotante.
1755 5671 1762 5673 ⁷
1781 5671 1914 5733 Mox

573 5800 840 5869 Panos.
885 5798 1040 5865 LIV.

2001 3325 2059 3376 et
2087 3320 2430 3376 obtrectatio
2460 3319 2672 3392 lingua:
2702 3321 2981 3376 frenetur.
3005 3324 3247 3377 Cessent
3275 3322 3561 3394 vindictae,
3591 3328 3647 3380 et

2001 3409 2275 3466 oblivioni
2308 3409 2661 3465 mandentur
2690 3395 2936 3480 injuriae.
2963 3408 3149 3466 Omnis
3173 3415 3466 3482 postremo
3486 3413 3645 3484 plan-

2002 3500 2135 3554 tatio
2164 3515 2325 3570 quam
2354 3514 2465 3553 non
2490 3499 2763 3570 plantavit
2793 3500 2958 3554 Pater
2984 3498 3234 3565 caelestis,
3263 3499 3526 3556 radicitus
3554 3518 3649 3557 au-

2000 3589 2219 3660 feratur
2247 3587 2450 3641 (Matth.
2481 3604 2573 3654 xv,
2608 3588 2716 3650 13).
2751 3588 2914 3642 Tunc
2970 3586 3126 3642 enim
3184 3588 3243 3642 in
3303 3588 3472 3644 nobis
3503 3589 3649 3645 bene

2000 3675 2282 3732 virtutum
2307 3674 2535 3731 semina
2551 3675 2908 3742 nutriuntur,
2926 3676 3159 3748 quando
3180 3675 3257 3739 (k)
3282 3676 3351 3732 de
3370 3693 3509 3749 agro
3530 3692 3651 3733 cor-

2005 3763 2095 3820 dis
2118 3764 2302 3820 nostri
2326 3780 2498 3819 omne
2520 3780 2758 3836 germen
2780 3768 3081 3819 externum
3104 3763 3388 3820 evellitur.
3421 3766 3478 3820 Si
3509 3763 3646 3836 quis

2007 3905 2283 3946 assumere
2311 3905 2415 3960 pro
2446 3889 2709 3960 assumile
2727 3888 2786 3942 in
2810 3904 2925 3944 uno
2959 3904 3070 3943 ms.
3103 3893 3158 3945 S.
3190 3888 3362 3945 Petri.

2075 3965 2150 4032 (g)
2171 3959 2469 4015 Itaomnes
2492 3959 2673 4014 nostri
2696 3960 2929 4032 codd.et
2948 3960 3232 4017 editiante
3252 3960 3649 4030 Quesnellum,

2005 4031 2110 4104 qui
2133 4048 2237 4086 cur
2266 4032 2544 4104 posuerit,
2573 4031 3040 4104 abuimpudentiw
3070 4032 3362 4099 incentore,
3396 4033 3497 4089 ubi
3544 4031 3653 4088 hoc

2006 4101 2238 4159 comma
2268 4101 2516 4158 refertur
2532 4103 2601 4156 ad
2625 4101 2743 4170 illa,
2762 4101 3039 4158 succinxit
3068 4104 3278 4159 lumbos
3299 4104 3471 4160 balteo
3487 4105 3652 4159 casti-

2006 4175 2153 4241 tatis,
2188 4174 2550 4247 ignoramus.

2077 4245 2423 4314 (i)Qua’.dam
2437 4245 2723 4301 editiones
2735 4261 2869 4300 cum
2883 4245 3238 4315 quibusdam
3251 4245 3651 4314 codd.,studio.

2080 4318 2147 4390 (j)
2170 4318 2305 4372 Erat
2336 4317 2393 4390 in
2417 4316 2589 4372 editis
2619 4320 2676 4390 et
2704 4316 2761 4370 in
2785 4334 2930 4390 mss.
2949 4317 3349 4390 posteriorum
3373 4316 3654 4390 collectio-

2008 4387 2175 4455 num,
2206 4388 2452 4444 tenebras
2482 4388 2757 4443 mendacii
2776 4389 2877 4441 lux
2905 4387 3091 4459 abigat
3119 4389 3368 4442 veritatis
3420 4389 3553 4459 quia
3597 4402 3654 4442 os

2008 4459 2148 4532 quod
2176 4462 2443 4514 mentitur
2467 4462 2715 4532 animum
2744 4461 3058 4513 mentientis
3095 4459 3373 4532 interﬁcit.
3404 4459 3653 4532 Detume-

2007 4530 2121 4587 Scal
2147 4533 2422 4602 superbia,
2455 4531 2743 4602 humilitas
2774 4539 3106 4602 assumatur,
3120 4531 3406 4602 resipiscat
3438 4530 3658 4602 iracun-

2008 4603 2120 4659 dia.
2152 4596 2520 4671 Quesnellus,
2543 4600 2668 4655 loco
2698 4600 2990 4665 mendacii,
3017 4596 3325 4656 substituit
3352 4596 3660 4671 simulatio-

2006 4676 2095 4745 nis
2118 4691 2130 4728 :
2153 4674 2211 4729 in
2238 4673 2481 4745 reliquis
2506 4670 2804 4744 vulgatum
2828 4677 3051 4745 textum
3076 4671 3333 4745 retinuit,
3354 4670 3660 4745 expunctis

2008 4744 2148 4811 illis,
2172 4742 2459 4799 humilitas
2488 4742 2819 4809 assumatur,
2840 4743 2998 4814 quia,
3029 4743 3241 4815 inquit,
3260 4743 3325 4815 in
3350 4742 3495 4801 mss.
3515 4742 3662 4799 desi-

2010 4818 2252 4873 derantu
2264 4821 2371 4881 r,ct
2391 4814 2554 4887 filum
2586 4814 2864 4869 oratianis
2877 4814 3258 4887 abrumpunt.
3282 4814 3511 4870 Notavit
3525 4830 3663 4887 prte-

2009 4892 2168 4944 terea
2185 4887 2241 4941 in
2258 4885 2873 4959 margine,verba,quia
2887 4902 2943 4959 os
2957 4885 3096 4959 quod
3104 4887 3404 4959 meantitur
3414 4885 3663 4959 animam

2010 4961 2324 5014 mentientis
2356 4957 2636 5027 interﬁcit,
2662 4959 2864 5013 dessse
2896 4957 2953 5011 in
2975 4958 3142 5012 codd.
3163 4957 3333 5013 Corb.
3349 4963 3405 5013 et
3430 4957 3660 5013 Thuan.

2013 5031 2128 5112 Nps
2158 5031 2280 5112 haec
2312 5045 2555 5112 quoque.
2575 5028 2950 5112 exclusimus,
2986 5029 3136 5112 quia
3154 5030 3369 5110 absunt
3390 5033 3666 5112 praeterea

2013 5102 2084 5157 ab
2117 5098 2375 5173 antiquis
2406 5098 2486 5173 et
2510 5099 2929 5173 sinceriorihus
2986 5098 3363 5173 Lectionariis
3391 5098 3453 5154 Ξ.
3490 5098 3661 5173 Pe_t_ri,

2016 5190 2122 5229 nec
2156 5164 2277 5227 non
2294 5189 2326 5225 a
2346 5171 2511 5227 codd.
2531 5170 3002 5242 praestantiorum
3025 5170 3452 5233 collectionum,
3468 5168 3565 5239 qui
3584 5164 3665 5222 le-

2017 5246 2268 5301 ctionem
2292 5244 2473 5298 textui
2497 5241 2777 5297 insertam
2796 5241 3232 5313 exhibent.Mox
3250 5257 3352 5313 pro
3369 5255 3663 5313 nouarum,

2018 5316 2172 5388 quod
2198 5314 2408 5388 legitur
2427 5314 2761 5388 in‘antiquis
2778 5312 3157 5388 Lectionariis
3178 5318 3236 5367 et
3250 5309 3669 5388 vetustioribus

2018 5332 2172 5388 quoa
2198 5332 2247 5370 ie
2290 5332 2408 5369 itur
2427 5332 2480 5368 in
2501 5332 2761 5385 antiquis
2780 5332 3157 5369 uecuonarus
3178 5332 3236 5367 BI.
3251 5332 3669 5367 VBLUSUOI‘IUUB

2018 5403 2073 5441 m
2086 5403 2165 5440 ss.
2181 5332 2809 5457 coﬁectionibus,exe_m
2820 5384 2980 5457 plum
2996 5384 3195 5456 primm
3211 5380 3482 5457 editionis
3493 5381 3673 5437 habet

2017 5457 2321 5539 noxiarum
2342 5477 2361 5524 ;
2380 5456 2480 5539 qui
2499 5454 2722 5512 librarii
2753 5454 2955 5539 lapsus
2978 5454 3112 5539 cum
3135 5470 3266 5539 non,
3282 5454 3671 5525 detegeretur,

2019 5527 2081 5612 in
2098 5525 2524 5612 posterioribus
2552 5545 2695 5612 mss.
2725 5525 3173 5612 collectionibus
3197 5525 3270 5582 ad
3291 5541 3532 5612 sensum
3550 5542 3679 5600 per-

2020 5598 2335 5657 ﬁciendum
2360 5599 2622 5656 additum
2658 5598 2767 5653 fuit
2787 5598 3675 5666 substantivum,cogitationum.

2090 5672 2168 5747 (ts)
2201 5673 2286 5734 Ita
2314 5688 2383 5733 ex
2411 5676 2661 5751 quatuor
2690 5667 2908 5729 nostris
2939 5668 3108 5729 codd.
3139 5668 3256 5743 AL,
3277 5669 3346 5732 ab
3375 5685 3533 5748 agro.

3314 5797 3357 5881 ἓ
