4098 6188
437 296 563 388 ᾖᾷι

1551 293 1617 361 s.
1664 295 1961 389 LEONlS:
1982 294 2251 371 usam
2282 297 2727 373 SEBMONES.

3738 378 3743 385 ι
3816 384 3825 387 -

436 457 671 527 meum,
690 447 1340 521 fundamenmyiptuﬁs_
1365 450 1437 509 Et
1458 451 1588 510 ideo
1610 450 1854 519 inﬁrma
1880 451 2085 519 carnis
2188 434 2424 495 sibimet
2444 435 2503 495 in
2532 436 2821 499 unitatem
2846 438 3321 515 studeantredire
3350 441 3694 515 concordiis.
3725 444 3822 503 Ne-

433 543 771 617 istasut‘iicit
788 540 1092 614 aegritudo,
1109 558 1239 615 quas
1261 558 1414 614 saepe
1446 558 1785 599 mensuram
1815 540 2075 608 voluntas

432 634 529 701 riae
551 632 883 691 aﬂlictionis
898 630 1141 702 excedit,
1164 634 1393 688 tantum
1409 637 1474 688 ut
1486 648 1651 689 mens
1669 632 1844 688 officii
1860 631 1951 687 sui
1973 632 2079 699 im-

429 721 589 795 pleat
606 724 820 794 partes,
846 725 903 778 et
923 738 1055 793 quas
1077 737 1353 792 corporea
1373 720 1705 793 epulatione
1725 738 1840 777 non
1869 721 2070 787 utitur,

429 809 910 883 nullainiquitate
926 826 1093 882 pasce
1105 815 1216 869 tur.
1227 809 1692 869 Rationabilibus
1702 816 1897 868 autem
1912 826 2074 867 sane.

426 899 882 973 iisque-jejunus
907 898 1069 957 nulla
1107 899 1309 955 utilius
1345 916 1527 972 quam
1567 899 2071 972 eleemosynarum

426 988 996 1062 operaeopulantur,
1048 1006 1174 1062 qum
1206 1006 1320 1045 uno
1368 988 1777 1045 misericordiae
1835 990 2072 1047 nomine

425 1080 578 1143 169
596 1077 815 1137 multas
830 1077 1156 1137 laudabiles
1172 1077 1404 1150 pietatis
1445 1078 1745 1135 continent
1785 1079 2068 1147 actiones,

424 1172 487 1224 ut
504 1168 771 1231 omnium
786 1168 1051 1225 ﬁdelium
1067 1184 1233 1239 pares
1249 1168 1427 1223 animi
1447 1184 1575 1225 esse
1616 1168 1847 1241 possint
1889 1168 2068 1224 etiam

421 1256 576 1317 inter
602 1256 862 1331 impares
912 1256 1239 1315 facultates.
1273 1256 1513 1314 Dilectio
1543 1258 1700 1335 enim
1733 1275 1859 1331 quas
1890 1258 2068 1315 simul

419 1349 534 1402 Dec
556 1345 898 1418 hominique
929 1346 1193 1415 debetur,
1217 1345 1395 1405 nullis
1436 1364 1719 1419 umquam
1743 1348 1816 1419 (α)
1841 1347 1922 1403 ita
1957 1346 2066 1403 im—

417 1435 655 1507 peditur
669 1434 1009 1502 cbstaculis,
1025 1439 1090 1492 ut
1108 1452 1222 1494 non
1235 1435 1286 1491 ei
1309 1452 1542 1508 semper
1561 1438 1706 1493 bene
1726 1436 1871 1493 velle
1893 1437 1971 1492 sit
1989 1436 2066 1492 li—

415 1522 643 1587 herum.
663 1523 993 1583 Dicentibus
1008 1523 1256 1597 quippe:
1292 1524 1475 1581 Gloria
1502 1528 1559 1581 in
1590 1526 1817 1581 excelsis
1845 1527 1972 1594 Deo,
2014 1534 2068 1582 et

414 1612 475 1667 in
492 1619 641 1671 terra
652 1629 768 1685 pax
782 1613 1092 1669 hominibus
1110 1614 1266 1670 bona:
1282 1615 1575 1670 voluntatis
1590 1614 1925 1686 (Laenatis),
1944 1631 2061 1671 non

414 1701 609 1761 solum
638 1703 850 1763 virtute
891 1702 1320 1768 benevolentiae,
1356 1704 1457 1760 sed
1489 1703 1665 1761 etiam
1697 1704 1859 1777 pacis
1908 1704 2060 1760 bono

416 1792 630 1853 beatus
648 1791 919 1859 efﬁcitur,
945 1791 1306 1864 quicumque
1334 1791 1464 1849 aliis
1484 1809 1855 1865 quacumque
1891 1793 2060 1848 misc-
2089 1810 2151 1877 B,

413 1881 507 1939 ria
521 1880 929 1945 laborantibus
945 1880 1227 1939 cbaritate
1246 1881 1324 1952 (ὸ)
1341 1882 1719 1954 cempatitnr.
1748 1882 2063 1938 Latissima

411 1970 570 2031 enim
582 1974 909 2043 snntopera
926 1970 1179 2043 pietatis,
1194 1988 1321 2043 quas
1335 1971 1464 2044 ipsa
1478 1971 1570 2028 sui
1595 1970 1871 2028 varietate
1884 1971 1943 2027 id
1975 1986 2065 2027 ve-

412 2059 494 2119 ris
514 2059 821 2121 conterunt
841 2058 1211 2128 Christianis,
1233 2064 1298 2115 ut
1317 2060 1376 2116 in
1390 2059 1801 2116 distributione
1812 2059 2061 2117 eleemo-

411 2165 697 2222 cunarum
709 2147 1027 2217 nonsclum
1048 2147 1722 2219 divitesetabundantes,
1751 2151 1852 2206 sed
1883 2149 2060 2206 etiam

411 2236 735 2299 medioeres
765 2242 822 2295 et
852 2254 1158 2311 pauperes,
1194 2255 1333 2294 suas
1364 2238 1624 2296 habeant
1642 2238 1970 2312 portiones;
2005 2243 2073 2294 et

410 2326 511 2398 qui
542 2325 983 2399 largitatissunt
1006 2327 1233 2383 viribus
1251 2327 1591 2401 inaequales,
1624 2328 1842 2385 mentis
1863 2332 2061 2384 tamen

411 2415 710 2477 afﬂictione
739 2415 858 2472 sint
886 2415 1128 2474 similes.
1154 2416 1301 2473 Nam
1323 2434 1455 2475 cum
1478 2417 1590 2473 sub
1611 2416 1797 2474 oculis
1828 2413 2062 2473 Domini

412 2504 585 2561 multi
610 2505 669 2561 in
689 2504 1101 2579 gaZOphylacic
1127 2523 1197 2563 ex
1211 2506 1510 2578 opulentia
1523 2524 1633 2563 sua
1646 2506 1833 2563 multa
1843 2505 2065 2563 confer-

410 2598 559 2659 rent,
575 2593 754 2666 vidua
769 2594 1037 2665 quaedam
1061 2595 1208 2650 duos
1236 2594 1435 2651 intulit
1455 2612 1730 2652 nummos
1751 2596 1917 2665 (Luc;
1938 2611 2055 2665 χιιι,

407 2684 480 2748 2;
503 2681 667 2741 Marc.
688 2684 927 2750 xu,.i'i2),
950 2684 1007 2739 et
1026 2682 1130 2737 tali
1145 2682 1286 2739 Jesn
1311 2682 1528 2739 Christi
1554 2684 1890 2740 testimonio
1914 2700 2062 2739 mer-

418 2768 506 2831 uit
529 2770 971 2839 coronari,‘ntin
995 2774 1114 2827 tam
1138 2788 1314 2844 parvo
1330 2772 1595 2829 muneris
1612 2773 1783 2829 modo
1795 2771 2061 2828 omnium

417 2857 903 2919 fueritcollationi
918 2862 990 2926 (e)
1011 2858 1189 2933 digna
1198 2861 1452 2932 prmferri
1477 2879 1490 2917 :
1515 2861 1654 2933 quia
1672 2861 1826 2918 inter
1845 2878 2064 2935 magna

412 2963 614 3008 eorum
646 2948 819 3017 dona,
853 2948 1071 3020 quibus
1101 2948 1289 3005 multa
1336 2950 1691 3019 residebant,
1711 2950 1872 3008 illius
1903 2952 2059 3024 quod

409 3036 522 3097 fuit
542 3036 839 3109 exiguum,
861 3037 975 3094 fuit
993 3042 1202 3094 totum.
1227 3039 1286 3094 Si
1306 3056 1449 3096 .verc
1480 3039 1696 3113 aliquis
1719 3045 1894 3097 tanta;
1917 3057 2058 3114 pan-

407 3128 999 3200 pertatisccarctatnr
1008 3128 1317 3201 angustiis,
1335 3133 1399 3185 nt
1416 3147 1521 3186 nec
1534 3131 1607 3186 ad
1624 3131 1740 3187 duo
1766 3147 1880 3186 tera
1894 3130 2050 3203 inopi

406 3216 798 3290 impertienda
816 3216 1091 3286 sufﬁciat,
1116 3217 1289 3275 habet
1304 3217 1362 3272 in
1381 3220 1686 3293 praeceptis
1705 3218 1934 3276 Domini
1954 3237 2056 3277 un-

408 3306 481 3364 de
498 3304 743 3378 impleat
770 3306 935 3363 bona:
965 3306 1283 3363 voluntatis
1313 3307 1593 3367 ofﬁcium.
1625 3309 1926 3383 Siquidem
1950 3308 2052 3383 qui

408 3394 635 3453 sitienti
662 3396 901 3468 pauperi
934 3395 1174 3457 calicem
1205 3414 1368 3470 aqum
1416 3397 1643 3470 frigidas
1672 3398 2040 3468 ministrarit,

408 3484 739 3542 mercedem;
765 3488 854 3542 est
881 3484 975 3542 sui
1003 3485 1196 3558 operis
1244 3486 1562 3559 adepturus
1592 3488 1801 3561 (Matth.
1824 3505 1879 3555 x,
1915 3489 2042 3563 42):

407 3577 577 3631 tanta
598 3575 788 3631 servis
812 3575 941 3631 suis
978 3575 1225 3641 Domino
1252 3575 1326 3631 ad
1359 3575 1745 3646 obtinendum
1796 3592 2044 3651 regnum

407 3658 583 3743 suum
614 3668 975 3737 praeparante
1021 3666 1386 3738 compendia,
1441 3669 1506 3721 ut
1551 3667 1728 3722 etiam
1781 3667 2045 3740 praebitio

406 3770 590 3827 aquae,
625 3754 799 3826 cujus
847 3771 992 3813 usus
1044 3754 1337 3827 gratuitas
1369 3756 1906 3826 atqueccmmunis
1937 3760 2045 3821 cst,

402 3842 639 3915 praemio
662 3860 775 3898 non
793 3845 1031 3898 careret.
1056 3843 1217 3906 Quod
1240 3859 1310 3898 ne
1332 3841 1452 3898 ulla
1473 3842 1883 3901 intercluderet
1898 3844 2048 3900 difﬁ-

400 3930 609 3991 cultas.
632 3931 705 3989 de
724 3947 879 4002 aqua
899 3930 1111 4004 frigida
1131 3931 1321 3987 forma
1341 3936 1431 3989 est
1454 3932 1761 4004 proposita
1785 3933 2042 4004 pietatis:

402 4036 475 4075 ne
491 4023 792 4091 putaretse
812 4019 1075 4075 mercede
1096 4018 1439 4095 cariturum,
1456 4020 1550 4076 cui
1572 4019 1644 4076 de
1665 4020 2049 4079 calefacticne

403 4106 880 4181 potnslignorum
894 4106 1262 4180 impendium
1284 4108 1587 4166 deﬁxisset.
1612 4108 1692 4165 De
1707 4126 1740 4182 q
1752 4127 1824 4167 uc
1849 4115 2044 4168 tamen

372 4236 382 4245 .
401 4195 579 4254 calice
596 4213 710 4251 non
730 4198 947 4257 frustra
962 4196 1237 4253 admonet
1251 4196 1534 4255 Dominus
1555 4198 1693 4254 utin
1708 4199 1944 4257 nomine
1958 4200 2044 4274 ip-

401 4284 526 4343 sius
538 4285 885 4359 praabeatur:
905 4285 1004 4357 qui
1019 4285 1294 4357 baec,quse
1315 4302 1415 4359 per
1425 4303 1489 4344 se
1502 4303 1565 4345 se
1582 4290 1722 4343 sunt
1736 4287 2046 4356 vilia,ﬂdes

398 4374 598 4431 efﬁicit
614 4374 951 4448 pretiose,et
966 4392 1094 4446 quin
1109 4374 1183 4430 ab
1200 4374 1534 4431 infidelibus
1553 4376 2050 4441 ministrantur,et

400 4464 449 4520 si
469 4464 683 4525 fuerint
705 4468 945 4537 sumptu
970 4479 1202 4537 magna.
1228 4464 1388 4519 omni
1409 4468 1602 4520 tamen
1614 4464 2044 4536 jnstiﬁcatione

399 4558 539 4613 sunt.
568 4570 766 4609 vacua.

469 4640 605 4697 CAP.
644 4641 741 4697 ΙΙΙ.
775 4672 841 4685 -—
868 4640 1225 4699 Celebraturi
1285 4642 1465 4715 igitur
1507 4642 1733 4701 Pascha
1780 4644 2039 4713 Domini,

400 4727 782 4797 dilectissimi,
811 4730 893 4786 ita
915 4747 1020 4787 vos
1050 4730 1271 4788 sanctis
1299 4736 1555 4789 exercete
1577 4732 1843 4804 jejuniis,
1877 4737 1941 4790 ut
1970 4735 2043 4790 ab

400 4818 675 4875 omnibus
697 4818 1234 4890 perturbationibus
1254 4816 1421 4876 liberi
1444 4820 1515 4876 ad
1539 4822 1687 4878 festa
1716 4823 2046 4879 sacratissi-

400 4924 501 4969 ma
518 4906 1082 4983 veniatis.Snperbiae
1100 4909 1445 4983 spiritus,de
1458 4927 1573 4984 quo
1590 4914 1729 4965 sunt
1743 4912 1943 4969 omnia
1956 4929 2047 4968 or-

398 5000 463 5065 ta
479 5002 716 5070 peccata
737 4995 1088 5065 humilitatis
1102 5013 1300 5057 amore
1318 4996 1589 5069 pellatur;
1608 5003 1665 5054 et
1685 4999 1783 5071 qui
1798 4999 2046 5061 elatione

398 5089 754 5151 tumuerant,
782 5086 1233 5143 mansuetudine
1257 5085 1618 5160 migitentur.
1643 5088 1899 5151 Quorum
1912 5104 2045 5146 vero

400 5174 627 5232 animos
658 5173 855 5247 aliqua
893 5175 1254 5248 exasperavit
1282 5175 1545 5233 offensio.
1579 5175 1653 5245 (ιι)
1688 5177 2045 5235 reconciliati

466 5392 491 5414 '
515 5388 867 5447 Particulam
887 5388 1311 5445 itaaddidimus
1328 5403 1394 5447 ex
1410 5385 1640 5442 duobus
1670 5403 1816 5443 mss.
1852 5388 1914 5444 S.
1942 5390 2044 5448 Pe-

401 5458 689 5533 tri'etYat.
709 5460 985 5533 ccllect._4
1009 5462 1127 5524 et5,
1146 5456 1467 5533 eaqueipsc
1490 5462 1759 5513 contextu
1774 5460 2042 5533 exigitur.

473 5530 551 5656 (bl
586 5530 646 5611 In
680 5548 822 5587 mss.
850 5530 1072 5588 collect.
1096 5533 1146 5595 4,
1182 5530 1468 5611 copulatur
1487 5530 1912 5611 etcompatitur.

497 5602 548 5656 el
578 5602 671 5656 SIO
702 5617 771 5656 ex
797 5618 939 5656 mss.
972 5606 1028 5656 S.
1062 5602 1233 5656 Petri.
1262 5600 1374 5656 AL.
1403 5600 1692 5656 condiana.

497 5602 548 5663 e)
578 5600 671 5656 Sic
702 5617 771 5656 ex
797 5618 939 5659 mss.
972 5606 1028 5657 S.
1062 5601 1233 5657 Petri.
1262 5600 1374 5668 AL,
1403 5600 1692 5671 condigna.

475 5671 554 5741 (ά)
583 5674 671 5727 Ita
699 5688 833 5729 cum
864 5674 1079 5739 Queen.
1109 5673 1224 5729 duo
1255 5672 1423 5730 codd.
1456 5672 1514 5728 S.
1541 5671 1713 5730 Petri.
1738 5672 2046 5747 Al.,recon-

2185 528 2328 597 mini
2356 530 2566 585 malum
2581 546 2683 600 pro
2706 530 2851 589 malo
2877 530 3177 602 recidentes,
3205 541 3257 603 et
3298 532 3557 603 donantes
3593 535 3818 592 invicem

2184 618 2353 685 vobis,
2380 620 2520 674 sicut
2545 619 2797 677 Christus
2835 621 3057 678 donavit
3078 622 3231 679 nobis
3252 624 3423 691 (Rom.
3448 637 3551 690 χιι,
3587 622 3694 695 17),
3717 622 3816 680 hu-

2185 722 2390 765 manas
2421 707 2757 766 inimicitias
2789 727 2929 783 pace
2957 710 3163 779 delete;
3187 716 3245 768 et
3274 711 3323 768 si
3346 711 3445 784 qni
3478 711 3549 768 de
3570 712 3820 768 subditis

2185 797 2224 867 ι
2240 797 2337 853 70
2354 797 2560 853 vestris
2570 803 2671 855 ant
2686 798 2946 856 claustra
2957 801 3256 870 custodiae,
3270 806 3371 857 aut
3383 800 3616 865 vincula
3630 801 3698 873 (e)
3716 817 3826 859 me-

2183 887 2447 951 ruerunt,
2470 885 2923 944 misericorditer
2947 886 3278 947 relaxentur
3301 905 3314 944 :
3334 894 3396 944 ut
3418 888 3516 961 qui
3541 887 3828 961 quotidia-

2181 987 2267 1028 nae
2298 972 2671 1047 indulgentia:
2704 977 2978 1033 remediis
2999 976 3356 1050 indigemus,
3377 994 3492 1033 non
3514 977 3835 1034 difﬁculter.

2179 1061 2432 1133 peccatis
2462 1062 2837 1137 ignoscamus
2868 1065 3092 1123 alienis.
3118 1066 3389 1123 Dicentes
3417 1066 3575 1124 enim
3608 1066 3680 1122 ad
3710 1066 3815 1124 Do-

2180 1149 2408 1208 minum
2431 1152 2658 1209 Patrem
2682 1160 2884 1211 nostru
2896 1174 2951 1211 ω
2978 1173 2990 1211 :
3015 1157 3235 1212 Dimitte
3250 1157 3402 1215 nobis
3421 1155 3601 1213 debita
3614 1163 3817 1226 nostra,

2176 1241 2313 1297 sicut
2342 1249 2393 1298 et
2422 1260 2518 1313 nos
2556 1243 2887 1303 dimittimus
2915 1245 3248 1302 debitoribus
3282 1247 3477 1302 nostris
3510 1244 3714 1318 (Matth.
3747 1262 3822 1313 γι,

2180 1328 2290 1400 12),
2323 1330 2718 1388 certissimum
2742 1338 2833 1390 est
2855 1334 3008 1409 quod
3042 1350 3174 1393 cum
3208 1332 3457 1390 aliorum
3482 1332 3713 1391 delictis
3735 1350 3829 1390 ve-

2176 1416 2333 1473 niam
2349 1420 2687 1491 tribuimus,
2719 1422 2889 1479 ncbis
2916 1422 3172 1479 divinam
3189 1422 3561 1481 clementiam
3599 1439 3826 1495 praepa-

2175 1523 2395 1563 ramus.
2428 1509 2496 1585 (Γ)
2520 1510 2625 1565 Per
2656 1511 2965 1569 Dominum
2994 1515 3257 1569 nostrum
3274 1514 3478 1581 Iesum
3498 1511 3825 1578 Christum,

2172 1595 2272 1668 qui
2304 1612 2437 1653 cum
2482 1597 2648 1657 Patre
2689 1603 2746 1656 et
2776 1599 2997 1672 Spiritu
3029 1602 3232 1657 sancto
3262 1600 3402 1656 vivit
3430 1602 3487 1657 et
3516 1602 3725 1673 regnat
3760 1596 3831 1669 in;

2171 1685 2385 1743 smeulu
2413 1687 2782 1745 saeculorum.
2809 1690 3016 1759 Amen.

2576 1831 2835 1889 essene
2865 1832 3005 1887 XLV
3036 1832 3145 1904 [AL
3178 1832 3384 1905 XLIV].

2665 1938 2739 1989 De
2770 1938 3175 2003 Quadragesima
3213 1938 3324 1988 VII.

2167 2031 2417 2097 Svscrsxs.
2476 2063 2535 2072 -—
2592 2037 2629 2086 Ι.
2673 2037 2879 2098 Omnes,
2954 2037 3058 2087 sive
3102 2036 3294 2100 justos,
3362 2036 3468 2087 sive
3521 2037 3817 2097 peccatores

2241 2105 2344 2157 sive
2381 2107 2779 2167 catechumenos,
2820 2122 3010 2175 parare
3055 2107 3272 2157 Domino
3310 2108 3446 2157 viam
3487 2106 3666 2157 debere
3719 2120 3819 2175 per:

2234 2178 2704 2243 Quadragesimam.
2762 2204 2821 2216 —
2862 2180 2925 2229 ll.
2970 2178 3334 2247 Misericordia
3369 2181 3420 2228 et
3482 2174 3692 2227 veritati
3743 2174 3819 2225 ad

2231 2253 2575 2304 imitationem
2605 2251 2713 2312 Dei,
2742 2250 2931 2313 ﬁdeiet
2958 2250 3205 2300 charitati
3240 2250 3540 2300 instandum
3572 2248 3820 2311 Quadra-

2229 2326 2434 2390 gesimz
2480 2327 2720 2387 tempore.
2752 2351 2810 2360 —
2840 2322 2925 2381 III,
2986 2320 3188 2381 Christo
3248 2320 3492 2385 impmdi,
3553 2321 3695 2385 quod
3710 2336 3820 2385 pro

2190 2453 2199 2459 _
2234 2395 2438 2446 Christo
2462 2394 2734 2460 prebetur.
2768 2422 2826 2431 -
2860 2394 2941 2442 ιν.
2985 2392 3221 2445 Omnium
3270 2393 3516 2445 virtutum
3562 2392 3812 2444 exercitio

2232 2466 2623 2517 incumbentium
2654 2465 2746 2513 hoc
2778 2467 3021 2528 tempore.

2239 2606 2370 2658 CAP.
2412 2602 2454 2657 Ι.
2488 2631 2558 2641 -
2585 2598 2807 2663 Virtus,
2838 2594 3226 2662 dilectissimi,
3249 2599 3307 2652 et
3345 2593 3636 2668 sapientia
3672 2595 3818 2655 ﬁdei

2168 2691 2248 2748 Ch
2257 2690 2702 2757 ristianee,amor
2718 2686 2819 2743 Dei
2837 2690 2947 2755 est,
2960 2689 3019 2742 et
3028 2702 3193 2741 amor
3209 2684 3477 2758 proximi;
3492 2700 3683 2759 neque
3694 2685 3821 2745 ullo

2168 2784 2327 2837 caret
2350 2778 2586 2852 pietatis
2611 2775 2821 2845 ofﬁcio,
2854 2777 2948 2831 cui
2968 2774 3233 2831 studium
3279 2778 3371 2830 est
3397 2771 3585 2831 colere
3615 2773 3821 2831 Domi-

2168 2885 2332 2936 num,
2365 2873 2423 2925 et
2437 2868 2643 2939 juvare
2673 2880 3042 2921 conservum.
3075 2865 3301 2920 Harum
3332 2866 3527 2920 autem
3557 2863 3824 2921 affectio-

2168 2975 2311 3015 nnm
2333 2956 2549 3030 duplex
2579 2954 2777 3011 unitas
2823 2953 2983 3010 omni
3008 2952 3247 3025 quidem
3272 2955 3361 3008 est
3382 2956 3643 3025 tempore
3657 2968 3827 3010 exer-

2167 3048 2435 3113 cenda,et
2447 3044 2817 3119 proficienter
2836 3042 3236 3115 augenda,sed
3259 3056 3416 3099 nunc
3435 3041 3826 3100 incrementis

2169 3135 2557 3209 amplioribus
2575 3133 2966 3199 dilatanda,ut
2994 3129 3387 3202 quadraginta
3404 3130 3635 3186 dierum
3649 3132 3824 3203 jeju—

2164 3226 2352 3290 nium,
2380 3224 2534 3297 qucd
2556 3223 2688 3279 festi
2716 3220 3010 3294 paschalis
3031 3223 3123 3276 est
3150 3218 3447 3291 praevium,
3472 3218 3820 3291 (g)-interic-
3862 3286 3869 3299 Ι

2163 3330 2287 3373 rem
2318 3313 2513 3370 cordis
2542 3311 2815 3368 auditum
2849 3309 3012 3365 illius
3040 3308 3196 3365 vocis
3226 3307 3415 3363 instar
3441 3311 3831 3381 moveahqua

2162 3404 2353 3461 verbis
2400 3402 2563 3459 Isaias
2613 3399 2906 3474 prophehe
2935 3398 3193 3455 Joannes
3223 3395 3487 3469 Baptista
3523 3395 3807 3455 dicebat:

2160 3494 2360 3549 Parate
2384 3493 2534 3547 viam
2561 3490 2801 3556 Domini,
2832 3494 3004 3544 rectas
3022 3487 3185 3558 facite
3228 3486 3454 3542 semitas
3499 3487 3619 3558 ejus
3648 3486 3811 3555 (Isai.

2156 3600 2246 3653 xc,
2277 3582 2351 3651 3;
2382 3579 2568 3637 Matth.
2594 3595 2677 3645 ιιι,
2708 3578 2786 3647 3).
2815 3576 2947 3634 Sive
2970 3575 3129 3632 enim
3148 3574 3315 3630 illam
3348 3578 3575 3647 partem
3596 3573 3809 3648 populi

2156 3670 2483 3745 cogitemus
2515 3683 2644 3740 quae
2673 3666 2898 3722 dudum
2922 3664 3246 3723 certamina
3263 3662 3581 3737 evangelici
3598 3664 3816 3736 agonia

2156 3759 2442 3832 ingressa,
2473 3773 2576 3829 per
2613 3753 2898 3829 spiritalis
2929 3751 3101 3809 stadii
3133 3768 3373 3814 cursum
3405 3750 3819 3810 indesinenter

2153 3847 2343 3905 tendit
2360 3847 2432 3903 ad
2456 3845 2746 3919 palmam;
2771 3843 2889 3901 sive
2912 3842 3072 3898 illam
3098 3859 3224 3914 quae
3248 3836 3550 3903 lethalium
3572 3841 3821 3899 conscia

2156 3940 2548 4008 peccatorum,
2562 3950 2665 4006 per
2680 3923 3173 3993 reconciliationis
3187 3928 3468 3987 auxilium
3486 3928 3727 3987 festinat
3740 3930 3820 3987 ad

2153 4025 2417 4092 veniam;
2443 4023 2562 4079 sive
2593 4021 2756 4077 illam
2775 4037 2902 4094 quae
2923 4019 3109 4077 sancti
3135 4018 3393 4091 Spiritus
3406 4019 3816 4091 regeneranh

2154 4113 2533 4186 baptismate,
2579 4113 2870 4167 vetustate
2900 4109 3087 4164 Adam
3117 4107 3270 4173 exui,
3303 4109 3360 4164 et
3387 4106 3603 4163 Christi
3648 4108 3819 4179 cupit

2154 4201 2406 4258 novitate
2434 4199 2653 4267 vestiri,
2709 4202 2841 4271 apte
2889 4200 2946 4253 et
2999 4195 3221 4252 utiliter
3266 4193 3541 4251 omnibus
3591 4193 3817 4251 dicitur

2153 4292 2351 4347 Parcite
2378 4290 2527 4347 viam
2555 4288 2796 4355 Domini,
2817 4294 2991 4353 rectas
3017 4287 3187 4357 facile
3219 4285 3444 4345 semitas
3490 4284 3628 4355 ejus.
3664 4284 3807 4349 Quae

2154 4382 2349 4436 autem
2360 4377 2468 4433 viae
2488 4376 2736 4445 Domini,
2756 4389 2954 4448 quaeve
2971 4374 3093 4429 sint
3116 4372 3361 4439 semitas,
3386 4372 3654 4453 ejusdem
3668 4387 3819 4444 pra-

2154 4467 2433 4525 dicatoris
2460 4466 2860 4522 cohortatione
2891 4463 3213 4529 discamus,
3248 4461 3349 4533 qui
3373 4458 3579 4515 divina:
3610 4454 3818 4533 gratiae

2070 4524 2325 4630 Dicpera
2353 4561 2411 4612 et
2433 4555 2587 4611 dona
2618 4553 2990 4630 promittens,
3027 4524 3363 4619 futurarnm
3391 4524 3821 4615 commutatio-

2152 4626 2296 4701 num
2328 4626 2909 4711 reserabateﬂ'ectns,
2934 4640 3160 4697 addens
3193 4638 3547 4709 sententiam
3567 4636 3822 4710 prophe-

2150 4734 2253 4790 tici
2282 4732 2759 4790 sermonisJVI
2802 4736 2859 4786 et
2882 4729 3120 4786 dicens:
3159 4729 3347 4785 Omnis
3398 4728 3563 4783 vallis
3614 4726 3819 4797 imple-

2154 4822 2319 4887 bitur,
2356 4826 2406 4878 et
2453 4822 2631 4877 omnis
2677 4834 2833 4875 mons
2888 4822 2940 4874 et
2990 4818 3148 4873 collis
3176 4815 3601 4887 humitiabitur;
3643 4819 3819 4869 erunt

2147 4928 2321 4983 prava
2354 4912 2415 4965 in
2460 4900 2684 4975 directa,
2722 4911 2772 4964 et
2806 4923 2999 4979 aspera
3039 4909 3095 4961 in
3145 4905 3264 4960 vias
3300 4905 3494 4974 planas
3534 4903 3660 4966 (Isa.
3715 4918 3812 4975 ιιι,

2154 5002 2231 5066 4).
2264 4998 2451 5061 Vallis
2483 5000 2680 5071 itaque
2712 4994 3230 5061 mansuetudinem
3258 4990 3599 5065 humilium,
3631 5005 3811 5061 mons

2152 5092 2211 5145 et
2238 5087 2403 5144 collis
2450 5088 2759 5143 elationem
2792 5085 3013 5169 indicat
3042 5083 3455 5155 superborum.
3503 5078 3619 5137 Sed
3645 5077 3814 5169 quia,

2154 5177 2308 5233 sicut
2324 5176 2551 5233 Veritas
2568 5175 2729 5246 dicit,
2752 5167 2852 5247 qui
2868 5190 2924 5230 se
2943 5172 3224 5243 humiliat,
3246 5169 3604 5243 excitabitur,
3638 5176 3693 5224 et
3713 5167 3815 5240 qui

2156 5391 2435 5447 citatione.

2226 5466 2299 5527 (e)
2331 5459 2524 5523 Prima
2554 5458 2749 5523 editio,
2778 5460 3101 5515 meruerint.

2330 5532 2415 5615 Ita
2444 5520 2559 5615 duo
2592 5520 2959 5615 hecti0n_aria_
2989 5530 3043 5585 S.
3100 5526 3251 5615 Petri
3310 5520 3821 5615 aliiqueAcodices.

2154 5597 2329 5661 Ed‘iti.
2364 5604 2468 5657 Per
2497 5601 2773 5658 Christum
2803 5602 3094 5659 Dominum
3126 5606 3392 5656 nostrum.
3424 5597 3614 5651 Amen.

2229 5675 2301 5747 (g)
2332 5673 2475 5730 Mss.
2509 5674 2568 5730 S.
2605 5673 2780 5741 Petri,
2814 5675 3077 5731 interiore
3103 5670 3281 5729 cordis
3310 5668 3525 5727 auditu.
