4098 6188
260 346 366 416 £89

1706 338 1977 417 sessio
2001 348 2191 457 xav.

3524 348 3652 423 290

266 503 316 544 se
339 484 989 559 exaltat,'humiliabltur
1030 487 1181 562 (Luc;
1210 502 1328 558 xw,
1374 488 1438 546 ll
1465 515 1481 559 ς
1511 498 1562 546 et
1590 507 1749 558 xvu.,
1786 472 1978 559 14),’A
2013 489 2467 561 promerendum
2500 492 2557 544 et
2604 486 2923 545 videndum
2979 486 3164 547 Deum
3213 492 3440 566 paritas
3489 494 3652 550 men--

264 577 453 636 merito
470 578 543 651 (a)
562 581 620 634 et
634 577 886 636 vallibus
909 578 1271 653 adimpletio,
1291 582 1349 636 et
1370 579 1673 636 montibus
1695 582 1791 652 est,
1804 596 1903 635 an-

262 668 516 724 nuntiata
542 668 879 742 dep’resssio
901 688 913 726 :
938 673 1075 725 utet
1095 668 1272 742 plana
1300 668 1446 725 nihil
1471 667 1904 735 olfensionis,et

261 756 466 814 directa
498 755 644 813 nihil
660 757 920 814 habeant
950 757 1273 830 pravitatis.
1307 757 1586 825 Quamvis
1618 755 1773 813 enim
1805 773 1904 811 an-

257 854 404 917 gusta
435 851 487 903 et
516 847 695 903 ardua
722 849 795 903 sit
826 850 935 915 via,
967 864 1088 920 quae
1117 847 1269 903 ducit
1292 848 1361 903 ad
1390 849 1558 903 vitam
1575 845 1777 919 (Matth.
1803 863 1901 913 vn,

249 936 358 1005 14),
378 953 491 992 non
508 939 699 991 tamen
723 937 778 992 in
811 953 878 992 ea
896 935 1211 993 difﬁculter
1234 935 1470 1003 incedit,
1498 952 1671 1008 quem
1694 934 1904 991 veritas

262 1026 561 1082 conﬁrmat
593 1031 648 1082 et
676 1027 863 1098 pietas
889 1043 901 1092 ;
937 1043 1043 1083 nec
1068 1030 1224 1082 caret
1244 1024 1621 1081 delectatione
1643 1024 1907 1098 gradien-

252 1113 325 1181 di,
356 1114 529 1185 cujus
572 1114 680 1170 iter
709 1114 890 1171 efiicit
950 1115 1233 1171 virtutum
1269 1118 1437 1187 petra
1485 1114 1760 1183 solidum,
1788 1130 1905 1168 non

250 1202 515 1259 vitiorum
552 1220 730 1259 arena
756 1203 1123 1259 succiduum.

312 1291 448 1365 Cap.
490 1292 559 1346 ΙΙ.
592 1323 661 1332 -—
690 1282 910 1348 Verum
943 1296 1005 1347 ut
1041 1292 1270 1365 plenius
1302 1292 1641 1348 noverimus
1671 1308 1773 1364 per
1804 1308 1903 1347 cu-

242 1373 499 1452 iusmodi
537 1380 661 1436 vias
686 1381 858 1437 nobis
890 1381 965 1436 sit
997 1382 1067 1437 ad
1105 1382 1199 1437 Dei
1231 1379 1526 1454 promissa
1546 1381 1903 1436 tendendum

248 1471 559 1528 audiamus
593 1469 773 1527 David
805 1469 1151 1544 prophetam
1185 1469 1324 1543 quid
1358 1471 1593 1527 doceat:
1632 1470 1906 1527 Lv'niverste

245 1560 337 1615 vite
364 1558 616 1628 Domini,
675 1558 1060 1614 misericordia
1116 1563 1165 1614 et
1205 1561 1407 1614 veritas
1453 1560 1566 1621 (Ps.
1602 1574 1753 1626 xxiv,
1788 1555 1897 1629 l0).

244 1646 447 1704 Forma
476 1647 667 1720 igitur
712 1647 1173 1705 conversationis
1206 1647 1467 1704 ﬁdelium
1516 1647 1589 1704 ab
1641 1645 1904 1719 exemplo

242 1736 389 1793 venit
416 1736 675 1810 operum
710 1736 1084 1806 divinorum;
1118 1741 1174 1793 et
1208 1737 1415 1793 merito
1448 1740 1598 1793 Deus
1623 1735 1903 1791 imitatio-

246 1843 365 1883 nem
396 1826 491 1883 sui
525 1826 601 1882 ab
627 1826 713 1883 eis
743 1825 921 1900 exigit
952 1844 1098 1900 quos
1117 1826 1188 1881 ad
1212 1825 1528 1899 imaginem
1550 1829 1606 1881 et
1627 1822 1925 1891 similitu-:

248 1916 434 1972 dinem
456 1933 631 1971 suam
660 1914 815 1972 fecit.
833 1916 1014 1988 Cujus
1038 1915 1240 1988 utique
1261 1913 1460 1987 glorias
1479 1913 1762 1987 dignitate
1785 1930 1900 1969 non

253 2002 406 2061 aliter
434 2003 733 2078 potiemur
753 2022 933 2078 quam
958 2005 1007 2060 si
1040 2004 1098 2059 in
1133 2002 1301 2059 nobis
1320 2008 1375 2061 et
1396 2001 1801 2059 misericordia
1823 2002 1907 2057 in-

257 2092 508 2151 veniatur
530 2098 588 2150 et
616 2095 851 2151 veritas.
886 2094 996 2149 Per
1019 2110 1146 2166 quae
1169 2093 1327 2149 enim
1352 2092 1421 2147 ad
1449 2091 1759 2148 salvandos
1780 2090 1903 2146 Sal-

259 2187 405 2239 vator
433 2184 694 2255 advenit,
721 2183 792 2255 (b)
825 2200 927 2256 per
957 2182 1076 2238 hzec
1104 2182 1175 2238 ad
1200 2181 1522 2239 salvantem
1545 2180 1757 2237 debent
1774 2196 1906 2252 pro-

266 2290 445 2346 perare
468 2272 677 2329 salvati
705 2291 719 2329 :
752 2278 819 2328 ut
852 2274 958 2327 nos
989 2277 1046 2328 et
1099 2268 1501 2328 misericOrdia
1527 2269 1629 2326 Dei
1678 2268 1908 2326 miseri-

268 2362 468 2427 cordes,
504 2367 562 2418 et
590 2361 804 2417 veritas
839 2361 1010 2418 iaciat
1055 2378 1181 2417 esse
1214 2354 1665 2416 veraces.’Sicut
1712 2356 1909 2431 itaque

269 2467 358 2523 per
379 2451 527 2506 viam
551 2450 813 2507 veritatis
847 2467 1012 2505 mens
1036 2452 1221 2522 justa,
1253 2449 1333 2504 ita
1366 2466 1469 2522 per
1495 2449 1649 2504 viam
1684 2448 1910 2504 miseri-

276 2540 456 2596 cordiae
491 2540 755 2596 ambulat
779 2557 944 2615 mens
970 2538 1244 2612 benigna.
1270 2538 1387 2594 Nec
1408 2544 1602 2593 tamen
1626 2538 1908 2610 umquam

281 2628 468 2685 itinera
496 2630 610 2685 ista
640 2630 711 2701 (c)
763 2628 949 2684 divisa
978 2632 1137 2692 sunt,
1168 2627 1335 2700 quasi
1367 2626 1581 2683 horum
1624 2627 1909 2682 bonorum

287 2717 496 2790 singula
525 2717 774 2773 diversis
803 2716 1143 2771 tramitibus
1167 2720 1536 2788 expetantur,
1563 2720 1619 2770 ct
1649 2715 1803 2771 aliud
1838 2714 1915 2771 sit

288 2806 668 2861 misericordia
698 2822 977 2873 crescere,
1013 2805 1095 2877 (d)
1125 2805 1283 2861 aliud
1338 2803 1908 2878 veritate-proﬁcere.

291 2892 395 2949 Non
421 2899 504 2949 est
535 2894 891 2962 misericors,
922 2893 1186 2950 veritatis
1241 2894 1467 2951 alienus
1494 2912 1506 2962 ;
1541 2910 1646 2949 nec
1669 2894 1912 2965 justitiae

291 2997 448 3055 capax
467 2988 573 3050 est,
600 2983 671 3056 (e)
686 2982 920 3056 pietatis
932 2986 1263 3039 extraneos.
1278 2982 1495 3038 Neutra
1506 2982 1718 3039 virtute
1731 2983 1917 3039 utitur

289 3072 377 3143 qui
405 3089 513 3127 non
545 3068 799 3145 utraque
829 3071 1068 3128 ditatur.
1103 3071 1365 3128 Charitas
1389 3071 1570 3127 robur
1592 3072 1745 3142 ﬁdei,
1769 3072 1915 3130 ﬁdes

286 3158 542 3216 fortitudo
574 3150 667 3216 est
696 3160 1021 3216 charitatis.
1055 3161 1124 3215 Et
1172 3162 1311 3215 tunc
1343 3176 1545 3215 verum
1606 3177 1815 3217 nomen
1850 3178 1915 3217 ac

2010 576 2087 634 tis
2116 577 2420 643 attollitur,
2454 594 2525 634 ne
2562 593 2736 635 onere
2778 595 3053 635 curarum
3082 579 3411 639 carnalium
3459 583 3654 657 depri-

2011 670 2207 722 matur
2239 709 2250 721 .
2283 666 2428 722 Nam
2462 665 2560 739 qui
2603 666 2683 722 ait
2710 683 2723 721 :
2758 665 2889 723 Sine
2915 668 3021 740 ﬁde
3052 671 3385 743 impossibile
3422 678 3500 728 est
3523 674 3652 745 pla-

2008 772 2127 812 cere
2154 756 2258 812 Deo
2287 752 2468 828 (Hebr.
2502 756 2670 829 xr,6);
2699 755 2856 812 idem
2888 757 3060 813 dicit:
3097 758 3157 814 Si
3183 760 3419 817 habuero
3441 770 3657 817 omnem

2010 844 2191 917 ﬁdem,
2226 847 2304 900 ita
2328 854 2388 901 ut
2405 848 2613 902 montes
2634 848 2985 919 transferam,
3008 848 3322 904 charitalem
3344 854 3526 906 autem
3544 863 3651 905 non

2012 935 2260 997 habeam.
2285 935 2429 989 nihil
2458 951 2579 990 sum
2612 934 2655 997 (Ι
2688 940 2812 993 Cor.
2846 950 2969 1004 xm,
2998 939 3055 1006 2)
3079 936 3239 993 Unde
3261 939 3333 1010 (g)
3362 943 3431 994 ’ut
3460 955 3654 995 sacra.

2014 1028 2345 1080 mentorum
2364 1022 2731 1097 paschalium
2757 1025 2955 1080 divina
2987 1026 3261 1098 mysteria
3280 1026 3455 1099 digno
3479 1026 3658 1084 susci-

2014 1114 2251 1186 piantur
2272 1112 2482 1181 officio,
2508 1113 2623 1169 duo
2654 1113 2794 1181 haec,
2830 1113 2889 1168 in
2922 1113 3139 1185 quibus
3167 1115 3428 1169 omnium
3447 1128 3658 1188 praece-

2012 1206 2247 1275 ptorum
2282 1202 2547 1257 doctrina
2576 1202 2891 1271 concurrit,
2928 1202 3252 1259 studiosius
3285 1208 3657 1275 appetuntur,

2015 1291 2230 1363 quibus
2262 1290 2477 1363 singuli
2508 1292 2727 1365 quique
2759 1290 3018 1347 fidelium
3075 1298 3129 1347 et
3160 1292 3512 1347 sacriﬁcium
3543 1291 3660 1348 Deo

1994 1380 2342 1436 efficiantur
2371 1384 2428 1437 et
2478 1370 2787 1453 templum.
2822 1380 3175 1455 Instet'ﬂdes
3219 1396 3452 1454 sperare
3505 1382 3661 1454 quod

2014 1469 2198 1525 credit
2217 1488 2229 1538 ;
2245 1468 2422 1525 instet
2438 1470 2505 1525 ch
2516 1470 2695 1526 aritas
2709 1469 3024 1543 propitiare
3038 1487 3069 1541 q
3081 1472 3192 1525 uod
3207 1469 3424 1543 diligit:
3439 1474 3665 1527 utrum-

2014 1574 2127 1629 que
2159 1558 2413 1613 amantis
2444 1563 2552 1627 est,
2578 1562 2893 1630 utrumque
2916 1559 3224 1614 credenth.
3247 1560 3317 1615 Et
3336 1556 3660 1615 cuiintelll-

2013 1638 2724 1719 gentimfhkoucessionne
2739 1664 2804 1703 su
2814 1647 3300 1719 bjicimur,eidem
3316 1647 3545 1720 pietatis
3558 1647 3662 1703 imi

1993 1734 2231 1790 'tatione
2256 1735 2600 1808 jungamur.
2636 1739 2759 1791 Vox
2787 1734 3043 1791 Dei‘est:
3076 1737 3263 1791 Sancti
3318 1739 3498 1803 estote,
3530 1737 3664 1809 quia

2012 1839 2105 1895 ego
2124 1831 2341 1879 sanctus
2363 1839 2487 1879 sum
2517 1826 2662 1889 (Lev.
2684 1842 2763 1891 xx,
2792 1826 2867 1879 ’44
2891 1842 2905 1893 ;
2929 1828 3086 1893 etxx,
3109 1825 3164 1896 7)
3186 1827 3281 1893 ,-et
3300 1840 3408 1880 vox
3429 1825 3662 1881 Domini

2014 1915 2103 1967 est
2126 1916 2147 1967 ξ
2174 1908 2772 1983 Estdte‘misericordes,
2800 1915 2940 1969 sicut
2972 1915 3033 1969 in
3060 1906 3225 1969 Pater
3244 1917 3419 1970 vester
3446 1916 3661 1971 miseri-

2012 2016 2130 2056 cors
2149 2008 2224 2057 est
2255 1996 2402 2073 (Luc.
2438 2017 2516 2070 v1,
2551 2000 2665 2073 36).

2085 2088 2219 2144 Car.
2249 2086 2344 2145 Ill.
2368 2091 2447 2147 Ac
2472 2107 2541 2145 ne
2568 2090 2905 2147 dubitemus
2941 2094 3050 2146 Deo
3074 2090 3255 2147 tribui
3273 2088 3426 2165 quod
3448 2093 3668 2165 impen-

1996 2177 2174 2234 ditur
2203 2178 2513 2251 indigenti,
2548 2179 2987 2252 dispensatores
3019 2180 3665 2255 cleemosyuarumqua:

2017 2266 2368 2322 commercia
2395 2266 2595 2323 ineant
2629 2268 2963 2338 audiamus,
2997 2269 3243 2325 Domino
3281 2270 3508 2326 dicente
3538 2287 3664 2344 quas

1998 2356 2217 2411 ’futura
2247 2355 2324 2411 sit
2348 2354 2561 2427 judicii
2596 2357 2684 2412 Sui
2717 2359 2924 2427 forma,
2949 2375 3083 2414 cum
3106 2359 3259 2415 dicet
3278 2361 3348 2415 ad
3369 2360 3664 2417 dexteram

2019 2445 2083 2517 (i)
2117 2443 2383 2501 collatis:
2424 2447 2624 2513 Venite,
2688 2447 2955 2503 benedicti
2990 2448 3176 2503 Patris
3219 2450 3346 2519 mei,
3392 2449 3669 2519 possidete

2000 2540 2274 2606 paratam
2304 2534 2451 2590 vobis
2482 2551 2710 2605 regnum
2737 2552 2771 2590 a
2799 2538 3185 2591 constitutione
3212 2537 3669 2595 mundi.’Esurivi

2018 2625 2186 2692 enim,
2220 2627 2271 2678 et
2311 2623 2702 2679 dedistis’mihi
2744 2624 3096 2680 manducare.
3127 2624 3307 2693 Sitivi,
3340 2634 3391 2681 et
3443 2626 3666 2683 dedistis

2017 2712 2161 2767 mihi
2189 2713 2387 2768 bibere.
2423 2714 2751 2783 Peregrinus
2780 2716 3017 2777 eram,et
3037 2714 3330 2786 collegistis
3348 2728 3453 2771 me.
3479 2716 3667 2772 Nudus

2019 2818 2189 2871 eram,
2222 2805 2273 2857 et
2300 2804 2651 2874 cooperuistis
2698 2818 2804 2858 me.
2858 2803 3136 2874 Inﬁrmus,
3169 2813 3220 2859 et
3268 2805 3537 2861 visitastis
3556 2820 3663 2863 me.

2022 2895 2089 2946 In
2143 2906 2359 2947 carcere
2405 2906 2575 2957 eram,
2635 2900 2687 2947 et
2734 2892 2961 2947 venistis
3016 2892 3085 2947 ad
3134 2909 3221 2948 me
3269 2893 3475 2966 (Matth.
3532 2911 3662 2964 xxv,

2022 2980 2231 3052 34-36).
2250 2980 2652 3044 Quaerentibus
2669 2984 2861 3036 autem
2873 2980 3057 3052 justis
3079 2983 3310 3054 quando
3324 2983 3387 3055 (j)
3408 2987 3513 3039 aut
3530 3000 3667 3056 qua-

2022 3066 2156 3124 liter
2176 3068 2471 3140 potuerint
2489 3068 2604 3124 ista
2624 3068 2969 3141 dependere,
2995 3071 3356 3142 respondens
3380 3071 3496 3130 Rex
3516 3074 3668 3132 dicet

1998 3156 2143 3213 'illis
2169 3174 2182 3213 :
2217 3157 2404 3225 Amen,
2430 3174 2589 3213 amen
2619 3156 2736 3215 dico
2764 3159 2932 3227 vobis,
2963 3160 3229 3232 quamdiu
3255 3162 3668 3236 fecistis(k)haec

283 3264 439 3305 verus
466 3254 552 3306 est
581 3249 811 3305 fructus
843 3249 1173 3316 ambarum,
1199 3265 1330 3303 cum
1361 3247 1696 3306 insolubilis
1719 3255 1917 3307 manet
1944 3230 1989 3299 α
2027 3248 2128 3301 uni
2146 3262 2215 3301 ex
2238 3246 2486 3302 minimis
2504 3246 2774 3318 fratribus
2793 3250 2950 3314 meis,
2968 3230 3113 3303 mihi
3129 3230 3334 3320 fecistis
3349 3230 3536 3321 (Ibid,
3550 3255 3663 3327 40).

284 3330 572 3411 utriusque
604 3336 907 3394 connexio.
940 3337 1047 3393 Ubi
1103 3336 1258 3394 enim
1293 3353 1407 3392 non
1466 3336 1645 3392 simul
1678 3339 1912 3411 fuerint,

280 3422 688 3493 simuldeSunt,
714 3425 855 3498 quia
875 3425 1122 3481 invicem
1142 3426 1250 3481 sibi
1275 3426 1620 3497 etjuvamen
1645 3426 1913 3488 etlumen

276 3518 425 3584 sunt,
443 3517 619 3573 denec
642 3514 1002 3571 desiderium
1020 3513 1381 3570 credulitatis
1397 3514 1637 3587 impleat
1651 3533 1917 3576 remuneo

262 3602 412 3683 _ratio
437 3604 700 3673 visionis,
736 3608 795 3660 et
817 3602 1379 3659 incommutabiliter
1400 3603 1667 3661 videatur
1685 3612 1742 3663 et
1763 3625 1916 3665 ame-

281 3693 391 3760 tur,
421 3694 567 3767 quod
601 3710 760 3750 nunc
792 3696 848 3749 et
896 3692 1023 3749 sine
1056 3692 1168 3748 lidc
1200 3694 1353 3749 112
1397 3710 1513 3750 non
1543 3694 1826 3768 diligitur,
1860 3702 1917 3755 et

280 3779 343 3852 (Γ)
360 3781 476 3838 sine
492 3782 801 3840 dilectione
820 3799 936 3838 non
960 3781 1237 3837 creditur.
1259 3782 1404 3846 Quia
1423 3799 1580 3856 ergo,
1601 3784 1754 3840 sicut
1772 3788 1916 3859 Apo-

279 3867 452 3927 stolus
500 3872 601 3938 ait,
637 3873 698 3926 in
736 3870 952 3926 Christo
979 3872 1107 3926 Iesu
1138 3887 1308 3943 neque
1336 3873 1676 3930 circumcisio
1703 3875 1917 3946 aliquid

276 3957 424 4025 valet,
456 3976 623 4032 neque
647 3961 1010 4032 prlepulium,
1039 3959 1132 4014 sed
1150 3959 1304 4028 fides,
1326 3976 1445 4030 qua’
1459 3977 1562 4032 per
1573 3961 1917 4020 dilectionem

284 4057 525 4116 operatur
551 4048 757 4110 (Galat.
816 4066 873 4117 v,
903 4049 980 4120 6),
1025 4047 1204 4103 simul
1264 4052 1436 4120 atque
1467 4050 1826 4122 conjunctim
1859 4057 1917 4110 et

278 4133 522 4193 charitati
553 4138 905 4193 studeamus
937 4142 993 4193 et
1024 4137 1180 4192 fidei.
1215 4134 1316 4191 Hic
1344 4142 1432 4193 est
1461 4138 1617 4194 enim
1670 4141 1912 4213 quidam

281 4221 711 4282 efficacissimus
740 4225 1114 4297 geminarum
1144 4225 1370 4281 alarum
1410 4225 1660 4298 volatus,
1691 4246 1809 4302 quo
1839 4228 1912 4287 ad

343 4340 417 4412 (a)
431 4342 508 4397 Ita
519 4358 585 4397 ex
598 4339 818 4397 nostris
835 4341 1001 4395 codd.
1018 4344 1193 4412 atque
1206 4340 1378 4397 editis
1392 4346 1522 4407 ante
1535 4344 1911 4409 Quesnellum

276 4411 421 4485 apud
438 4420 700 4485 _quem,e_t
720 4412 882 4467 vallis
911 4411 1230 4485 adimpletio
1259 4417 1311 4468 et
1331 4416 1549 4485 montis.

338 4482 910 4550 (bA)Quesnelluscum
930 4482 1562 4543 Bainaudoaddiditet.
1584 4486 1910 4546 Delevimus

274 4554 783 4632 ex0cazteris'editis
826 4554 1157 4632 nostrisque
1190 4555 1358 4611 codd.
1415 4557 1544 4613 Mox
1572 4575 1677 4631 pro
1705 4561 1927 4617 salvatii

270 4626 451 4692 prima
478 4627 651 4682 editio
685 4626 866 4681 habet
891 4626 1164 4682 salvandi.

336 4692 405 4766 (ε)
433 4696 521 4753 Sic
550 4713 687 4753 cum
720 4697 935 4761 Quesn.
969 4697 1085 4753 duo
1118 4697 1285 4753 codd.
1318 4697 1538 4753 S.Pctri
1570 4701 1626 4753 et
1656 4706 1910 4771 quatuor

270 4760 395 4821 Vat.
422 4767 525 4823 ΑΙ..
551 4769 770 4823 diversa
799 4772 947 4823 sunt.

383 4808 395 4821 .
422 4784 525 4833 AL,
551 4784 770 4824 diversa
799 4784 947 4824 sunt.

337 4835 410 4905 (ά)
438 4839 581 4894 Editi
615 4839 712 4894 hic
744 4845 1019 4911 repetunt
1064 4844 1116 4897 et
1177 4839 1504 4897 Delevimus
1556 4845 1906 4901 auctoritate

272 4903 504 4965 duorum
536 4912 684 4966 codd
697 4954 710 4965 .
742 4903 874 4964 vat.

337 4982 407 5054 (ς)
435 4980 524 5041 Sic
575 4982 842 5054 quinque
871 4982 1053 5037 nostri
1090 5000 1233 5039 mss.
1266 4998 1397 5036 cum
1431 4982 1761 5054 Quesnello.
1792 4984 1904 5054 AL,

271 5051 521 5125 veritatis.
545 5051 698 5122 Mox,
722 5051 1278 5125 neciutraquevirtute
1290 5069 1594 5125 perperam
1613 5051 1907 5114 habebant

272 5118 545 5201 editiones
567 5118 879 5201 Quosnello
912 5118 1232 5201 antenores
1262 5118 1714 5201 cumfplerisque
1731 5128 1901 5183 codd.

274 5187 344 5260 Is,
370 5191 511 5269 forte
538 5187 725 5269 sensu
754 5194 1037 5269 exigente,
1087 5187 1570 5269 emendavit,'nec
1611 5187 1904 5269 alterutra.

274 5265 416 5330 quad
445 5270 641 5323 tamen
673 5266 735 5340 in
765 5265 928 5340 nullo
957 5282 1069 5340 ms.
1104 5267 1449 5340 reperimus.
1482 5266 1692 5340 Veram
1716 5268 1906 5326 lectio-

272 5346 399 5460 ἓεῑῗ
422 5347 613 5460 nfutra
641 5338 856 5395 obtulit
877 5336 1274 5395 Lectionarius
1295 5336 1567 5394 liherms.
1591 5337 1903 5398 Patavinus

314 5444 328 5455 .
393 5422 454 5460 ΠΒ
482 5426 608 5460 ῐηᾶἓ.

314 5444 328 5455 .
356 5408 608 5465 Justinus.

334 5475 399 5547 (Γ)
423 5480 498 5534 [lu
498 5483 599 5552 jus
612 5479 1055 5562 propositionis,
1077 5479 1498 5562 sinedilectione
1509 5496 1623 5562 non
1641 5482 1900 5553 creditur,

266 5544 580 5635 gliscme
608 5544 802 5635 ipsius
834 5544 1052 5635 Leonis
1071 5556 1267 5635 mente
1288 5551 1650 5635 propositum
1676 5568 1744 5635 ex
1764 5544 1900 5611 nos;

266 5616 368 5698 ‘tljis
379 5616 880 5698 observationibus
893 5616 1450 5698 collige_s,ubi_étiain
1466 5623 1900 5683 annotationem

264 5683 357 5749 hic
369 5708 403 5751 ει
416 5693 720 5766 Quesnello
735 5694 866 5773 subj
873 5683 1064 5757 θείειιῖ
1070 5683 1472 5758 describemus
1488 5698 1663 5775 atque
1684 5711 1898 5779 expen-

1938 4597 1986 4662 D

2027 3336 2175 3401 Quid
2209 3335 2317 3391 hoc
2347 3352 2518 3408 Opere
2549 3336 2908 3392 fructuosius
2928 3337 2955 3391 ‘2
2985 3337 3126 3410 quid
3158 3338 3268 3394 hac
3299 3340 3665 3401 humanitate

2022 3426 2084 3498 (l)
2098 3424 2496 3495 felicius‘Iquae
2511 3423 2893 3497 utiquelaude
2906 3443 3015 3481 sua
3039 3426 3361 3485 fraudanda
3385 3442 3496 3486 non
3512 3436 3665 3489 esset

2024 3514 2073 3570 si
2095 3512 2534 3587 propteripsam
2552 3517 2771 3568 natura;
2793 3515 3262 3571 communionem
3280 3518 3539 3587 juvando
3562 3520 3664 3578 hov

2024 3602 2165 3658 mini
2193 3602 2267 3657 ab
2294 3600 2532 3656 homine
2553 3600 2650 3673 (τη)
2672 3605 3062 3673 praestaretur.
3079 3604 3187 3659 Sed
3213 3606 3351 3676 quia
3370 3608 3524 3678 quod
3547 3618 3664 3666 neu

2023 3709 2091 3749 ex
2122 3689 2257 3747 fidei
2288 3690 2441 3746 178
2472 3690 2734 3762 procedit
2756 3690 2930 3757 fonte,
2964 3692 3034 3746 ad
3054 3693 3292 3765 praemia
3316 3700 3530 3752 aeterna
3547 3709 3665 3754 non

2023 3780 2323 3855 pervenit;
2357 3780 2470 3836 alia
2500 3783 2590 3835 est
2619 3780 2873 3836 conditio
2903 3796 3143 3853 operum
3175 3780 3518 3854 Caelestium,
3551 3786 3669 3844 alla

2023 3876 2410 3927 terrenorum.
2426 3869 2724 3925 Mundana
2738 3869 3138 3926 benevolentia
3158 3869 3217 3926 in
3242 3871 3313 3928 iis
3339 3889 3485 3945 quos
3507 3875 3668 3946 adju-

2024 3963 2138 4028 vat,
2162 3959 2338 4015 habet
2367 3960 2545 4015 fiuem
2566 3966 2597 4026 ;-‘
2614 3956 2944 4015 Christiana
2963 3960 3150 4032 pietas
3180 3961 3237 4016 in
3261 3978 3437 4017 suum
3453 3960 3693 4021 transit-

2023 4048 2445 4116 auctorem;-in
2479 4046 2677 4120 ipsum
2701 4048 2784 4117 (η)
2829 4048 3084 4105 dicimur
3111 4048 3368 4124 benigni,
3403 4068 3577 4124 quem
3603 4052 3665 4109 in

2022 4138 2193 4195 nobis
2214 4136 2561 4193 conﬁtemur
2577 4136 2828 4208 operari,
2842 4136 3359 4195 dicenteDomino:
3382 4139 3474 4196 Sic
3488 4141 3669 4198 luceai

2023 4228 2207 4283 tamen
2236 4233 2472 4281 vestrum
2500 4240 2685 4281 coram
2713 4224 3041 4293 hominibus,
3075 4229 3135 4281 ut
3153 4227 3372 4283 videant
3401 4242 3562 4300 opera
3581 4246 3668 4285 ve-

2020 4343 2250 4399 demus.

2092 4415 2167 4539 ig)
2192 4411 2545 4469 Particulam
2569 4416 2647 4478 ut,
2675 4429 2800 4484 quae
2828 4412 3026 4467 deerat
3052 4412 3465 4498 ineditisante
3483 4417 3663 4482 Ques-

2118 4487 2265 4539 lum.
2293 4486 2364 4539 ab
2395 4484 2503 4539 hoc
2551 4489 2745 4539 autem
2778 4484 3011 4539 orisfixa
3041 4485 3152 4539 fuit
3199 4502 3323 4539 voci
3352 4486 3524 4539 lianc.
3554 4486 3663 4539 hoc

2020 4484 2265 4558 nellum,
2293 4486 2364 4540 ab
2385 4484 2503 4558 hoc
2551 4489 2745 4558 autem
2778 4484 3011 4558 praefixa
3041 4485 3152 4558 fuit
3189 4485 3524 4558 _voci_ligno,
3554 4486 3665 4544 hoc

2020 4500 2265 4551 neuum,
2293 4500 2364 4540 an
2395 4500 2503 4540 noc
2551 4500 2745 4539 autem
2778 4500 3011 4609 prrsum
3041 4500 3152 4539 Iun.
3199 4502 3323 4541 voci
3352 4500 3366 4540 l

2019 4555 2146 4612 loco
2178 4556 2536 4612 inseruimus
2564 4571 2631 4610 ex
2661 4555 2777 4609 duo
2823 4570 2893 4611 us
2924 4571 3068 4611 mss.
3105 4556 3164 4611 S.
3189 4555 3366 4612 Petri.

2092 4627 2171 4699 (li)
2202 4625 2572 4699 Quesnellus,
2631 4628 3000 4699 consensione,
3036 4629 3501 4699 repugnantibus
3546 4646 3663 4687 non

2019 4696 2212 4753 solum
2239 4697 2628 4753 anterioribus
2658 4696 2850 4763 editis,
2878 4699 2981 4753 sed
3011 4696 3493 4757 etiam'omnibus
3522 4718 3663 4758 nos-

2017 4770 2125 4825 tris
2156 4770 2323 4843 codd.
2355 4769 2738 4843 Intelligentiaz
2768 4783 2883 4843 non
2906 4771 3207 4843 consensio,
3230 4788 3357 4843 quae
3377 4772 3663 4830 voluntati

2016 4840 2313 4911 competit,
2347 4841 2447 4896 sed
2476 4841 2744 4896 concessio
2772 4839 3144 4897 in‘cessionis
3174 4839 3660 4911 signiﬁcationem

2017 4911 2498 4994 rectetribuitur,
2532 4912 2628 4994 uti.
2640 4911 2793 4994 apud
2814 4911 3157 4994 ‘Apostolum
3182 4930 3196 4969 :
3221 4911 3562 4988 Captivantes
3579 4918 3664 4971 in-

2015 4984 2289 5040 tellectum
2318 4985 2375 5037 in
2408 4984 2724 5053 obsequium
2752 4982 2897 5054 ﬁdei.

2087 5055 2357 5127 (e')_lﬂditi,
2384 5054 2755 5127 collocandis,
2789 5054 2999 5111 Melius
3027 5071 3096 5111 ex
3144 5074 3287 5112 mss.
3323 5056 3379 5112 S.
3422 5057 3572 5112 Petri
3602 5060 3660 5113 et

2016 5124 2128 5181 alio
2153 5125 2282 5180 Vat.
2316 5124 2539 5181 collect.
2571 5127 2625 5190 5,
2654 5125 2952 5181 collocatis.

2012 5197 2280 5324 ἄρξω
2310 5214 2414 5270 pro
2445 5204 2497 5253 et
2521 5196 2709 5270 magis
2738 5196 2961 5269 placuit
2987 5215 3057 5255 ex
3086 5199 3277 5256 tribus
3306 5197 3525 5255 nostris
3559 5213 3655 5253 co—

2055 5285 2126 5324 ici
2174 5285 2263 5324 us.

2055 5285 2263 5324 lClDllS.

2109 5340 2162 5410 k)
2194 5339 2481 5395 Addimus
2509 5337 2623 5395 haec
2641 5356 2709 5395 ex
2738 5355 2880 5397 mss.
2906 5340 2966 5397 S.
2999 5340 3170 5396 Petri.

2109 5410 2593 5486 l)_Q_uidam_edi_ti
2628 5417 2763 5467 ante
2784 5414 3020 5486 Quesn.,
3052 5412 3295 5486 facilius.

2102 5481 2180 5554 m)
2212 5484 2296 5555 Ita
2323 5498 2391 5555 ex
2419 5481 2648 5538 duobus
2679 5500 2820 5555 mss.
2856 5484 2914 5539 S.
2946 5481 3119 5538 Petri.
3152 5482 3264 5555 AL,
3292 5482 3651 5555 praeberetur.

2080 5553 2165 5623 (π)
2192 5553 2304 5623 ΑΙ.,
2335 5553 2621 5619 dicamur;
2648 5558 2706 5612 et
2731 5554 2863 5611 dein
2891 5569 2997 5628 pro
3026 5553 3368 5633 conﬁtemur,
3391 5555 3493 5626 διο,
3511 5560 3653 5636 (nec.
