4098 6188
270 306 375 372 293

1684 309 1948 383 SERMO
1990 302 2229 370 XLVII.

3542 313 3662 377 ΞΜ

337 441 463 496 CAP.
500 440 570 496 II.
602 468 673 482 α·-
702 440 848 498 Cum
882 441 1099 516 itaque,
1122 440 1513 511 dilectissimi,
1542 442 1800 518 legentes
1818 442 1907 501 vel
1938 445 1990 513 Α
2022 442 2238 499 ChriSti
2265 441 2611 497 inconcusso
2643 442 2814 501 corde
2831 446 3127 503 servantes
3159 442 3231 502 ab
3261 446 3536 505 omnibus
3551 448 3663 505 hm-

270 530 560 587 audientes
588 530 993 605 Evangelium,
1028 533 1294 605 quaedam
1330 533 1390 588 in
1422 532 1670 590 Domino
1703 538 1901 591 nostro

266 619 393 676 Jesu
424 617 655 675 Christo
687 621 1039 693 cognoscitis
1061 622 1325 693 subjecta
1347 622 1604 695 injuriis,
1638 623 1902 695 quaedam

265 707 545 764 illustrata
574 708 897 777 miraculis,
926 710 1007 765 ita
1037 715 1104 766 ut
1135 711 1193 766 in
1216 713 1422 767 eodem
1454 728 1610 767 nunc
1643 711 1907 767 humana

269 800 595 870 appareant,
631 815 789 854 nunc
818 798 1015 854 divina
1045 797 1495 872 resplendeant;
1524 800 1702 856 nolite
1734 801 1907 873 quid-

269 902 435 958 quam
455 885 672 942 horum
692 886 978 945 ascribere
999 887 1258 956 falsitati,
1274 893 1578 961 tamquam
1600 888 1657 945 in
1682 888 1908 946 Christo

272 973 496 1030 autsola
506 973 957 1044 sithumanitas,
973 976 1210 1034 autsola
1230 976 1517 1034 Divinitas
1541 979 1664 1046 ;sed
1688 982 1910 1033 utrum-

269 1080 374 1136 que
406 1063 658 1120 ﬁdeliter
683 1064 918 1135 credite,
952 1070 1274 1139 utrumque
1317 1066 1619 1124 humiliter
1644 1068 1908 1124 adorate:

269 1158 326 1209 ut
354 1152 413 1208 in
446 1153 672 1210 unitate
699 1153 871 1210 Verbi
902 1158 960 1210 et
981 1155 1173 1212 carnis
1188 1172 1301 1211 non
1316 1155 1392 1211 sit
1423 1154 1543 1212 ulla
1565 1155 1913 1224 divisio,nec

2013 532 2324 588 reticorum
2337 531 2602 603 jejunate
2622 533 3024 603 mendaciis,et
3047 535 3127 589 ita
3156 535 3323 591 vobis
3340 535 3665 595 misericor-

2013 621 2120 676 diae
2143 637 2315 692 opera
2342 621 2556 675 credite
2577 622 2990 693 profutura,ita
3011 624 3303 680 fructuose
3332 614 3664 684 habendam

2015 709 2385 765 continentiae
2414 709 2751 782 puriiatcm,
2778 709 2827 764 si
2856 716 3081 768 mentes
3103 718 3304 769 vestrze
3338 713 3501 771 nulla
3529 732 3663 787 pra-

2014 815 2221 855 varum
2240 798 2583 870 opinionum
2606 799 3132 855 constaminatione
3146 802 3665 876 sorduerint.Abji-

2018 887 2128 944 cite
2148 904 2320 943 exosa
2339 887 2586 943 Domino
2604 888 2674 961 (ε)
2698 887 2994 960 sapientiae
3018 889 3328 945 mundanae
3351 907 3661 964 argumen-

2019 981 2080 1033 ta
2106 994 2209 1049 per
2238 992 2414 1048 quam
2461 993 2634 1032 nemo
2664 976 2735 1033 ad
2775 976 3162 1050 cognitionem
3188 978 3447 1036 veritatis
3476 983 3665 1053 potuit

2020 1065 2338 1139 pervenire,
2371 1069 2428 1121 et
2456 1065 2566 1120 hoc
2597 1067 2776 1120 ﬁxum
2807 1065 3015 1121 habete
3041 1065 3096 1119 in
3132 1066 3347 1135 animo,
3381 1070 3536 1139 quod
3574 1070 3663 1125 di-

2021 1154 2152 1211 citis
2182 1154 2240 1208 in
2273 1154 2568 1227 Symbolo.
2596 1154 2819 1210 Credite
2836 1153 3368 1226 consempiteynum
3404 1156 3556 1213 Patri
3581 1158 3668 1214 Fi-

271 1242 402 1314 quia
430 1241 748 1300 manifesta
769 1243 1083 1300 fueruntin
1105 1245 1243 1319 Jesu
1267 1244 1438 1318 signa
1455 1244 1916 1314 divina,falsavi-
2020 1242 2168 1299 lium
2199 1243 2319 1311 Dei,
2352 1260 2455 1316 per
2483 1259 2656 1315 quem
2699 1242 2851 1298 facta
2878 1246 3019 1298 sunt
3046 1244 3264 1314 omnia,
3311 1249 3368 1300 et
3396 1244 3521 1301 sine
3551 1263 3666 1319 quo

266 1332 511 1388 deantur
549 1331 901 1388 documenta
930 1350 1224 1407 corporea.
1254 1333 1406 1390 Vera
1434 1339 1491 1390 et
1521 1335 1757 1407 copiosa
1776 1339 1918 1391 sunt
2024 1333 2244 1388 factum
2274 1336 2363 1388 est
2393 1331 2536 1386 nihil
2561 1333 2737 1403 (Joan.
2761 1349 2800 1398 ι,
2819 1330 2895 1403 3),
2929 1333 3252 1388 secundum
3269 1349 3502 1390 carnem
3530 1352 3669 1407 quo-

265 1425 334 1492 (a)
367 1420 429 1475 in
470 1420 603 1493 ipso
634 1421 947 1494 utriusque
981 1422 1318 1480 testimonia
1347 1426 1588 1490 naturae,
1620 1424 1693 1479 ad
1719 1424 1829 1480 hoc
1848 1441 1918 1481 ex
2025 1439 2139 1495 que
2168 1421 2226 1476 in
2260 1422 2374 1477 ﬁne
2396 1427 2724 1493 temporum
2747 1422 3349 1494 generatum.Credite
3377 1423 3534 1480 hunc
3551 1441 3671 1480 cor-

266 1509 439 1565 divini
472 1509 706 1567 consilii
733 1511 1038 1569 altitudine
1063 1514 1493 1582 concurrentia,
1514 1517 1580 1570 ut
1606 1515 1797 1571 Verbo
1826 1516 1914 1570 in-
2024 1508 2300 1583 poraliter
2319 1510 2682 1579 cruciﬁxum,
2700 1514 3022 1578 mortuum,
3056 1510 3401 1566 suscitatum
3421 1516 3670 1586 etsuper

266 1598 510 1656 violabili
541 1617 660 1656 non
685 1608 1195 1674 separatoacarne
1217 1602 1481 1675 passibili
1502 1603 1795 1676 particeps
1818 1621 1920 1677 per
2027 1599 2370 1654 altitudines
2400 1597 2721 1654 caelestium
2764 1597 3232 1654 dominationum
3265 1600 3576 1670 elevatum,
3606 1603 3666 1658 in

267 1687 455 1743 omnia
481 1686 851 1762 intelligatur
870 1694 926 1744 et
952 1688 1150 1745 Deitas
1170 1690 1385 1760 carnis,
1410 1695 1467 1747 et
1496 1708 1629 1749 caro
1642 1692 1910 1750 Deitatis.
2027 1687 2215 1743 Patris
2247 1687 2480 1743 dextera
2496 1686 2905 1753 constitutum,
2938 1688 3006 1742 ad
3020 1688 3412 1759 judicandum
3432 1690 3590 1748 vivos
3610 1696 3669 1749 et

270 1776 423 1833 Mens
452 1777 642 1850 igitur
696 1776 1046 1845 Christiana,
1079 1778 1253 1851 fugax
1283 1779 1594 1848 mendacii,
1628 1781 1918 1853 discipula
1949 1819 1994 1853 υ
2028 1781 2291 1833 mortuos
2322 1776 2378 1830 in
2408 1776 2609 1831 eadem
2632 1792 2827 1843 carne,
2861 1792 2977 1848 quo
3010 1777 3294 1850 ascendit,
3326 1783 3665 1837 venturum.

269 1865 897 1939 veritatis,evangelica
910 1870 1073 1923 utere
1086 1866 1607 1936 ﬁdenterhistoria,
1632 1874 1689 1925 et
1709 1869 1918 1942 (b)qua3
1948 1863 1995 1884 ”
2027 1866 2144 1922 Hoc
2171 1864 2325 1920 enim
2352 1863 2638 1920 universis
2669 1863 2941 1921 ﬁdelibus
2958 1864 3269 1937 Apostolus
3292 1867 3670 1941 prazdicatdi-

276 1953 575 2010 visibiliter
605 1959 746 2010 sunt
773 1959 937 2029 gesta
966 1972 1068 2027 per
1085 1955 1421 2023 Dominum,
1456 1961 1760 2031 tamquam
1792 1959 1921 2032 ipsa

282 2058 404 2098 cum
433 2043 721 2116 apostolis
765 2049 1099 2117 aggregata,
1130 2062 1287 2101 nunc
1317 2044 1562 2117 spiritali
1596 2047 1916 2116 intellectu,

278 2149 419 2188 nunc
430 2148 709 2205 corporeo
725 2132 987 2189 discerne
1000 2138 1315 2206 conspectu
1328 2134 1665 2190 .Dahomini
1680 2137 1833 2208 quod
1849 2137 1919 2192 de

277 2221 507 2277 muliere
519 2223 975 2294 puernascitur;
1002 2222 1066 2292 (ε)
1085 2223 1159 2277 da
1180 2223 1295 2278 Deo
1310 2224 1465 2295 quod
1498 2241 1601 2279 nec
1633 2230 1916 2297 conceptu

285 2309 496 2367 laeditur
512 2309 823 2383 virginitas
840 2314 1129 2380 materna,
1156 2327 1258 2367 nec
1271 2316 1464 2384 partu.
1485 2312 1753 2369 Formam
1769 2315 1917 2370 servi

288 2399 609 2456 obvolutam
644 2400 879 2473 pannis,
904 2400 1201 2471 jacentem
1216 2399 1275 2454 in
1309 2400 1591 2473 prmsepio
1604 2419 1918 2475 cognosce;

294 2489 384 2544 scd
411 2488 814 2545 annuntiatam
839 2490 910 2545 ab
930 2488 1174 2562 angelis,
1208 2489 1559 2547 declaratam
1579 2492 1650 2547 ab
1667 2492 1920 2549 clemen-

294 2577 379 2643 tis,
410 2578 705 2634 adoratam
724 2595 760 2633 a
789 2577 978 2651 magis
997 2579 1243 2634 formam
1261 2578 1488 2634 Domini
1509 2580 1783 2638 conﬁtere
1808 2582 1924 2638 Hu-

297 2681 517 2720 manum
540 2664 825 2737 intellige,
851 2667 1005 2738 quod
1037 2682 1152 2722 non
1184 2666 1497 2723 declinavit
1514 2668 1773 2740 nuptiale
1794 2687 1926 2727 con-

286 2753 521 2820 vivium;
551 2754 816 2810 divinum
847 2756 1123 2828 approba,
1149 2756 1302 2828 quod
1327 2772 1540 2828 aquam
1574 2758 1923 2814 convertitin

302 2840 487 2897 vinum
520 2845 698 2905 (Joan.
732 2860 794 2911 ιι,
826 2842 904 2904 9).
936 2844 1143 2899 Nostra
1193 2844 1292 2899 tibi
1322 2845 1647 2902 innotescat
1675 2847 1925 2915 atl'ectio,

297 2945 393 2986 cur
409 2938 631 2989 mortuo
665 2932 854 2989 amico
893 2933 1066 2989 fletus
1088 2933 1482 3007 impenditur;
1515 2933 1709 2990 divina
1730 2940 1928 3008 poten-

285 3018 360 3073 tia
386 3021 687 3089 sentiatur,
720 3038 857 3078 eum
912 3022 1069 3078 idem
1113 3027 1246 3094 post
1299 3022 1762 3094 quatriduanam
1798 3026 1926 3097 jam

286 3107 503 3166 tcetidus
533 3110 920 3184 sepulturam,
972 3109 1096 3166 salo
1141 3110 1297 3168 vocis
1327 3111 1572 3184 imperio
1601 3112 1927 3169 viviﬁcatus

2027 1971 2165 2010 cens
2190 1972 2202 2010 :
2239 1953 2298 2008 Si
2323 1954 2744 2009 cmzsurrexistis
2764 1969 2888 2008 cum
2912 1953 3144 2023 Christo,
3167 1971 3292 2027 quae
3309 1973 3524 2013 sursum
3542 1969 3673 2016 sunt

2026 2045 2279 2116 (limite,
2311 2043 2409 2097 ubi
2439 2042 2684 2098 Christus
2712 2045 2790 2097 est
2822 2044 2877 2098 in
2911 2042 3135 2100 dextera
3164 2045 3263 2101 Dei
3288 2046 3477 2103 sedens
3494 2064 3517 2110 ;
3546 2062 3674 2121 quae

2026 2148 2247 2195 sursum
2274 2139 2401 2187 sunt
2440 2139 2633 2203 sapite,
2663 2148 2772 2186 non
2826 2146 2955 2201 quae
2991 2149 3155 2204 super
3200 2141 3422 2190 terram.
3475 2136 3675 2193 Mortui

2027 2225 2175 2277 enim
2205 2223 2355 2288 estis,
2389 2223 2438 2274 et
2470 2222 2581 2274 vita
2598 2223 2773 2274 rostra
2796 2220 3111 2276 abscondita
3130 2230 3207 2277 est
3223 2239 3347 2278 cum
3373 2224 3584 2280 Christo
3613 2229 3674 2281 in

2026 2311 2152 2366 Deo.
2177 2309 2309 2364 Cum
2339 2310 2489 2364 enim
2511 2308 2757 2363 Christus
2784 2311 3105 2380 apparuerit
3122 2312 3235 2365 vita
3263 2316 3595 2381 vestra,tunc
3620 2319 3673 2369 et

2034 2414 2124 2454 vos
2146 2398 2479 2470 apparebitis
2507 2414 2632 2452 eum
2662 2398 2778 2469 ipso
2808 2399 2868 2452 in
2896 2398 3077 2469 gloria
3092 2399 3316 2467 (Coloss.
3350 2417 3435 2467 III,
3463 2402 3599 2474 1-4).

2101 2487 2232 2542 CAP.
2270 2485 2363 2551 ιν,
2394 2517 2464 2525 -
2512 2485 2802 2541 Habentes
2860 2501 3018 2557 ergo,
3079 2486 3464 2560 dilectissimi,
3497 2492 3672 2545 tantae

2032 2574 2440 2650 promissionis
2469 2574 2766 2644 ﬁduciam,
2815 2580 2997 2630 estote
3027 2591 3142 2630 non
3191 2574 3381 2631 solum
3415 2594 3537 2650 spe,
3570 2578 3674 2637 sed

2032 2664 2207 2721 etiam
2256 2664 2687 2720 conversaticne
2739 2661 3027 2720 caelestes.
3078 2664 3148 2719 Et
3191 2665 3459 2737 quamvis
3515 2667 3674 2723 omni

2032 2758 2294 2832 tempore
2324 2752 2680 2807 studendum
2713 2751 2792 2806 sit
2834 2752 3244 2809 santiﬁcationi
3292 2757 3349 2809 et
3377 2754 3589 2810 mentis
3620 2760 3679 2812 et

2034 2842 2686 2915 corporis,nunctamen
2703 2839 2762 2895 in
2794 2839 2924 2895 istis
2942 2840 3332 2914 quadraginta
3356 2841 3581 2898 dierum
3593 2843 3681 2915 je-

2026 2931 2237 3002 juniis,
2272 2929 2711 2985 sollicitioribus
2730 2946 2833 2985 vos
2855 2928 3090 3001 pletatis
3111 2930 3383 3002 operibus
3406 2931 3675 3004 expolite,

2036 3038 2151 3077 non
2184 3019 2373 3076 solum
2406 3018 2463 3074 in
2488 3017 2909 3074 distribuendis
2931 3016 3335 3091 eleemosynis,
3368 3036 3495 3092 quae
3524 3021 3667 3076 177

2037 3125 2317 3182 magnum
2336 3107 2551 3163 habent
2566 3105 3066 3179 (f)emendationis
3087 3107 3483 3174 etfectum,sed
3501 3108 3678 3165 etiam

283 3197 515 3270 erigitur
542 3203 724 3271 (Joan.
756 3217 835 3263 1x,
859 3201 970 3267 39).
1004 3201 1214 3256 Lutum
1232 3201 1302 3256 de
1333 3205 1505 3273 sputo
1524 3206 1581 3257 et
1599 3206 1755 3258 terra
1778 3203 1924 3271 ﬁeri,
1955 3189 1999 3255 C
2037 3198 2094 3252 in
2114 3196 2478 3253 remittendis
2499 3195 2919 3251 oti‘ensionibus
2940 3199 2997 3249 et
3014 3199 3386 3268 peccatorum
3417 3198 3680 3255 reatibus

283 3288 530 3359 corporei
564 3287 674 3344 fuit
704 3289 898 3361 operis
940 3288 1118 3349 (Joan.
1158 3307 1233 3357 ιχ,
1266 3288 1356 3359 6);
1393 3290 1493 3346 sed
1528 3289 1689 3346 illinc
1715 3308 1922 3364 supcr-

283 3370 416 3430 litos
444 3377 571 3431 caeci
606 3376 808 3432 oculos
853 3375 1197 3445 illuminari,
1227 3395 1341 3433 non
1370 3378 1617 3435 dubium
1649 3385 1738 3435 est
1762 3380 1924 3437 illius

284 3460 460 3519 fuisse
486 3464 745 3531 virtutis,
778 3482 904 3538 quae
920 3466 1074 3538 quod
1095 3466 1398 3539 principiis
1420 3472 1640 3523 natura:
1671 3485 1786 3523 non
1818 3469 1924 3525 de-

278 3549 461 3623 derat,
493 3555 647 3610 116
699 3555 771 3609 ad
804 3554 1333 3610 manifestationem
1368 3573 1486 3611 suae
1517 3555 1711 3628 gloriae
1739 3573 1921 3614 reser-

272 3645 456 3696 varat.
501 3642 633 3698 Veri
694 3646 783 3699 est
829 3642 1090 3697 hominis
1140 3644 1532 3716 fatigationem
1583 3661 1921 3718 corpoream

274 3731 464 3785 somni
517 3730 713 3803 quiete
756 3730 1011 3787 relevare
1043 3729 1226 3792 (Marc.
1260 3750 1337 3800 1v,
1370 3733 1488 3796 il):
1536 3735 1637 3789 sed
1668 3734 1788 3790 veri
1819 3733 1921 3790 Dei

270 3822 392 3878 est.
417 3821 523 3875 vim
555 3820 918 3877 saevientium
948 3820 1331 3892 procellarum
1357 3823 1629 3894 przecepti
1664 3822 1923 3895 increpa-

270 3904 999 3981 tionecompescemﬁibos
1019 3909 1414 3966 esurientibus
1433 3927 1722 3983 apponere
1739 3913 1917 3979 (Joan.

268 4007 354 4057 vr,
391 3994 493 4063 38),
521 3997 794 4053 humanas
826 3997 1205 4070 benignitatis
1240 3998 1314 4069 (ἀ)
1347 4002 1454 4070 est,
1482 4003 1539 4055 et
1570 3999 1802 4055 socialis
1834 4003 1922 4056 est

276 4082 483 4152 animi;
497 4087 592 4142 sed
612 4086 873 4159 quinque
885 4086 1139 4158 panibus
1155 4087 1451 4143 etduobus
1464 4088 1724 4160 piscibus
1746 4089 1920 4161 quin-

280 4185 406 4240 que
433 4174 583 4229 milia
612 4175 893 4241 virorum,
920 4174 1176 4247 exceptis
1198 4175 1547 4231 mulieribus
1568 4177 1918 4249 etparvulis,

281 4260 513 4334 satiare,
546 4263 678 4336 quis
696 4280 909 4335 negare
928 4263 1140 4319 audeat
1156 4280 1302 4336 opus
1333 4280 1462 4320 esse
1491 4263 1774 4322 Deitatis?
1792 4284 1920 4339 qua:

262 4352 714 4421 c00perantibus
743 4367 945 4407 secum
968 4368 1113 4407 vera:
1146 4352 1339 4408 carnis
1371 4351 1597 4420 ofﬁciis,
1633 4358 1690 4409 et
1719 4371 1781 4411 se
1812 4355 1916 4411 ho-

260 4436 438 4503 mini,
458 4443 513 4495 et
536 4440 841 4496 hominem
867 4439 979 4495 sibi
1005 4439 1195 4496 inesse
1227 4442 1617 4497 monstrabat:
1645 4444 1784 4514 quia
1802 4461 1917 4499 non

258 4522 433 4582 aliter
460 4528 511 4583 in
544 4529 809 4585 humana
839 4534 1049 4584 natura
1087 4528 1281 4584 sanari
1314 4532 1583 4600 poterant
1611 4530 1912 4603 originalis
1944 4555 1989 4620 Ι)

258 4611 500 4671 vulnera
544 4618 880 4685 vetustatis,
932 4616 1044 4674 nisi
1097 4618 1168 4673 de
1200 4620 1360 4673 utero
1386 4617 1643 4690 Virginis
1674 4635 1909 4675 carnem

250 4700 378 4756 sibi
410 4711 741 4762 assumente
779 4706 874 4761 Dei
905 4705 1115 4772 Verbo,
1159 4706 1218 4760 in
1271 4723 1387 4761 una
1429 4708 1630 4763 eadem
1663 4725 1913 4780 persona

246 4786 437 4846 simul
466 4799 521 4849 et
547 4812 684 4851 caro
718 4798 1058 4851 nasceretur
1085 4799 1143 4850 et
1178 4795 1454 4851 Verbum.

329 4878 462 4937 CAP.
494 4883 588 4939 ΙΙΙ.
624 4916 692 4925 -
724 4884 906 4951 Hanc,
930 4883 1322 4952 dilectissimi,
1352 4883 1778 4941 incarnationis
1803 4887 1911 4941 Do-

262 4967 491 5026 minicie
521 4974 723 5040 ﬁdem,
776 4989 882 5045 per
909 4990 1086 5045 quam
1119 4977 1239 5028 tota
1288 4972 1544 5028 Ecclesia
1583 4990 1792 5047 corpus
1823 4978 1913 5031 est

337 5130 411 5207 (ᾳ)
426 5131 567 5207 ῌάἰιί
597 5139 733 5190 ante
749 5133 967 5207 Queen.
979 5137 1045 5207 _et
1065 5149 1175 5207 non
1188 5134 1372 5207 pauci
1400 5150 1568 5207 mss.,
1594 5136 1653 5207 in
1670 5134 1906 5207 Christo.

337 5201 412 5270 (ὁ)
445 5204 523 5258 [ta
551 5222 690 5259 cum
722 5204 1030 5276 Quesnello
1063 5201 1304 5276 quidam
1328 5205 1509 5260 nostri
1540 5206 1707 5261 codd.
1740 5209 1909 5264 Ante-

267 5267 449 5347 τίοι-ἑξ
470 5267 779 5347 editiones,
812 5291 935 5346 qua:
954 5267 1188 5347 ﬁdeliter
1200 5280 1251 5331 et
1280 5276 1779 5334 visibiliter.Editio
1797 5284 1907 5335 An-
1931 5284 1935 5289 '

268 5341 610 5422 tuerpiensis
643 5365 741 5402 an.
767 5341 1109 5422 λιξβξείιιαᾶῑ
1134 5346 1372 5418 ﬁdeliter
1398 5355 1451 5403 et
1495 5350 1905 5420 universaliter,

272 5414 327 5466 et
350 5414 413 5491 in
431 5417 711 5491 margine,
744 5414 1057 5491 visibiliter.

345 5484 408 5557 te)
439 5490 496 5542 In
528 5484 707 5546 d'uob.
742 5506 885 5545 mss.
919 5489 976 5545 S.
1012 5488 1183 5557 Petri,
1217 5488 1287 5543 da
1323 5488 1499 5545 Verbo.
1838 5544 1841 5549 .

344 5551 411 5637 (di
438 5557 800 5637 Verbum_es_t
846 5559 931 5618 uti
982 5551 1346 5637 superﬂuum
1394 5561 1661 5618 omititur
1686 5562 1745 5637 in
1778 5563 1906 5637 qui-

283 5620 508 5695 busdam
538 5632 838 5695 mss.Dein
868 5620 1218 5713 operantibus
1246 5649 1351 5711 pro
1381 5620 1910 5713 cooperantibus'est

2035 3285 2384 3341 relaxandis:
2409 3288 2473 3339 ut
2502 3283 2757 3339 conditio
2801 3300 2980 3356 quam
3024 3284 3176 3340 inter
3200 3302 3259 3341 se
3279 3289 3336 3341 et
3377 3285 3679 3343 hominem

2031 3375 2186 3431 Deus
2198 3374 2533 3447 posuit,non
2552 3373 3388 3430 resistatorantibus.Dicentes
3407 3374 3681 3443 enim,se-

2031 3466 2293 3520 cundum
2340 3463 2664 3519 doctrinam
2710 3461 2981 3518 Domini:
3022 3463 3249 3518 Dimitte
3296 3464 3452 3520 nobis
3499 3463 3680 3521 debila

2030 3562 2233 3618 nostra,
2264 3553 2406 3606 simil
2462 3555 2513 3607 et
2570 3567 2668 3606 nos
2713 3549 3046 3605 dimittimus
3093 3551 3428 3607 debitoribus
3473 3556 3614 3608 nosti
3631 3554 3678 3609 is

2028 3640 2238 3711 (Matth.
2269 3657 2348 3707 v1,
2384 3639 2495 3708 12),
2540 3639 2825 3695 debemus
2856 3643 2975 3695 toto
3026 3640 3198 3695 corde
3246 3638 3487 3712 implere
3518 3642 3677 3713 quod

2028 3730 2299 3801 dicimus.
2320 3730 2484 3784 Tunc
2508 3728 2664 3784 enim
2689 3728 2788 3783 ﬁet
2805 3728 3043 3783 omnino
3066 3728 3219 3800 quod
3235 3728 3294 3783 in
3316 3744 3676 3802 consequen-

2027 3819 2188 3875 tibus
2218 3817 2608 3891 postulamus,
2644 3821 2706 3872 ut
2735 3815 2796 3871 in
2845 3817 3232 3874 tentationem
3286 3834 3400 3873 non
3433 3818 3675 3876 induca-

2028 3925 2181 3975 mur,
2209 3912 2267 3964 et
2297 3924 2331 3963 a
2357 3906 2541 3962 maelis
2575 3905 2852 3962 omnibus
2870 3904 3188 3962 liberemur
3207 3925 3220 3962 :
3241 3924 3343 3980 per
3362 3908 3675 3964 Dominum

2027 4003 2293 4054 nostrum
2314 3996 2346 4051 J
2352 4013 2516 4052 esum
2541 3995 2863 4063 Christum,
2891 3995 2993 4068 qui
3015 4013 3149 4053 cum
3177 3996 3343 4053 Patre
3375 4002 3432 4054 et
3453 3996 3674 4071 Spiritu

2027 4090 2230 4143 sancto
2261 4085 2399 4141 vivit
2428 4090 2485 4141 et
2513 4089 2717 4159 regnat
2746 4085 2805 4140 in
2828 4085 3042 4142 saecula
3071 4086 3442 4143 saeculorum.
3465 4088 3672 4144 Amen.

2419 4226 2661 4285 SERMO
2691 4227 2888 4284 XLVII
2917 4229 3026 4301 [Αι.
3066 4198 3278 4300 xcvi].

2473 4316 2547 4386 (g)
2579 4318 2652 4372 De
2684 4317 3116 4389 Quadragesima
3143 4319 3226 4373 IX.

2028 4419 2326 4474 vaoesrs.
2356 4447 2421 4456 —
2457 4416 2498 4468 l.
2530 4414 2818 4485 Majorum,
2870 4415 2928 4471 id
2956 4419 3053 4480 est,
3102 4415 3673 4486 qaudragesimalium

2086 4489 2430 4561 jejuniorum
2462 4493 2699 4561 tempore
2724 4502 2822 4558 per
2848 4488 3026 4542 crucis
3061 4487 3517 4561 tolerantiamad
3538 4505 3668 4560 pas-

2089 4556 2245 4615 ehale
2265 4561 2465 4630 festum
2497 4556 3189 4630 Christianosprwparari.
3222 4589 3291 4598 -—
3322 4558 3387 4615 Il.
3424 4556 3554 4614 Non'
3579 4575 3669 4616 so-

2092 4631 2206 4685 lam
2244 4628 2577 4701 probitatem
2622 4628 3093 4701 servandamsed
3117 4637 3167 4684 et
3196 4630 3390 4700 ﬁdem;
3423 4634 3669 4688 maxime

2090 4718 2217 4757 vero
2245 4699 2591 4756 'Divinitatis
2621 4707 2671 4754 et
2701 4699 3065 4755 humanitatis
3110 4702 3173 4755 in
3196 4699 3438 4758 Christo.
3471 4733 3541 4743 -—
3570 4703 3665 4759 IIl.

2088 4773 2463 4828 Misericordia
2543 4778 2595 4826 et
2649 4771 2980 4841 oﬁ‘ensarum
3054 4774 3298 4829 maxime
3352 4776 3671 4832 remissione

2090 4845 2258 4899 Deum
2281 4843 2518 4915 placari.

2098 4976 2235 5032 CAP.
2270 4975 2310 5030 Ι.
2343 5007 2410 5017 --
2441 4975 2505 5030 In
2537 4975 2832 5045 omnibus,
2866 4975 3253 5047 dilectissimi,
3287 4978 3668 5036 solemnitati-

2020 5137 2080 5193 in
2108 5138 2299 5209 prima
2329 5135 2606 5209 editione.

2091 5203 2161 5275 (ἒ)
2190 5213 2249 5263 In
2280 5207 2453 5263 editis
2483 5210 2616 5283 ante
2648 5207 2862 5283 Quesn.
2894 5212 2952 5264 et
2982 5208 3206 5283 aliquot
3234 5225 3403 5275 mss.,
3427 5203 3660 5260 munda-

2015 5295 2108 5337 nae
2135 5287 2463 5349 argumenta
2490 5279 2754 5334 scienliw.

2019 5423 2054 5477 ά
2174 5350 2369 5434 Aliqui
2405 5350 2569 5405 codd.
2596 5350 2985 5423 posteriorum
3015 5350 3444 5417 collectionum,
3468 5363 3660 5405 emun-

2055 5441 2087 5477 a
2117 5438 2278 5477 coms.

2055 5424 2278 5479 ationis.

2089 5494 2161 5565 (g)
2193 5494 2254 5549 In
2290 5493 2479 5565 prima
2500 5492 2752 5565 editione
2767 5497 2825 5549 et
2855 5508 2997 5565 mss.
3020 5490 3241 5565 collect.
3268 5494 3301 5547 3
3317 5491 3438 5565 haec
3461 5492 3663 5565 inseri.

2089 5511 2161 5565 lg)
2195 5511 2254 5549 m
2331 5511 2479 5548 rima
2500 5511 2752 5548 BOIUODB
2767 5511 2825 5549 Θῐσ
2855 5511 2997 5548 H185.
3020 5511 3241 5548 οοιιθοι.
3268 5511 3438 5548 δηωο
3461 5511 3660 5548 Inscri-

2054 5564 2136 5622 tio
2166 5511 2517 5639 praeligitur:
2551 5564 2626 5619 De
2654 5564 2804 5619 Festo
2835 5563 3090 5639 Paschati
3119 5563 3305 5639 Sermo
3333 5564 3466 5639 l,_et
3496 5563 3660 5639 simi-

2064 5644 2151 5697 ter
2167 5634 2298 5697 'duo
2330 5634 2640 5714 Sequentes
2670 5649 2968 5695 sermones
2997 5634 3139 5698 dicti
3168 5635 3367 5725 Sermo
3384 5636 3435 5696 ιι
3460 5640 3517 5697 et
3562 5637 3661 5701 Ill.
