4098 6188
482 298 613 367 £95

1608 298 1671 360 S.
1716 294 1996 361 LEONIS
2042 292 2295 370 MAGNI
2339 294 2785 361 SERMONES.

480 439 607 496 ‘bus
637 431 980 494 Christianis
1009 446 1126 487 non
1150 429 1491 504 ignoramus
1514 429 1787 504 paschale
1814 446 2141 487 sacramen-
2158 430 2224 499 ,Α
2254 428 2676 503 cupiditatibus
2705 431 2893 488 noxiis
2919 430 3428 504 illectaconsentlt,
3447 436 3702 509 quoniam
3721 457 3837 499 con-

480 532 774 585 "tum‘esse
794 520 1275 595 praecipuum,cui
1302 520 1589 593 condigne
1605 524 1662 575 ct
1678 535 1932 592 congrue
1948 519 2136 575 susci-

494 608 706 688 piendo
726 610 905 667 totius
923 608 1160 683 quidem
1183 625 1291 665 nos
1306 607 1882 681 temporisinstituta
1904 609 1978 681 (a)
2001 596 2141 681 p'rze-

474 704 788 768 ’formant;
829 700 929 755 sed
979 698 1339 755 devotionem
1388 702 1655 754 nostram
1693 701 2007 768 prasentes
2048 696 2135 753 vel

489 790 743 846 maxime
772 788 896 845 dies
922 787 1178 861 exigunt,
1199 804 1345 859 quos
1371 784 1456 840 illi
1480 784 1907 841 sublimissimo
1929 784 2133 840 divina:

474 878 897 936 misericordia:
924 881 1290 933 sacramento
1313 875 1535 932 scimus
1556 890 1683 930 esse
1712 875 2039 947 contiguos.
2067 874 2133 930 In

470 969 700 1042 'quibus
731 966 939 1023 merito
954 984 988 1022 a
1007 965 1226 1021 sanctis
1241 964 1520 1037 apostolis
1540 980 1645 1037 per
1661 963 1986 1019 doctrinam
2001 963 2132 1035 Spi-

476 1058 631 1114 ritus
680 1056 865 1113 sancti
914 1056 1143 1127 majora
1171 1057 1311 1110 sunt
1359 1053 1626 1109 ordinata
1648 1052 1900 1123 jejunis,
1933 1056 1999 1107 ut
2031 1068 2134 1125 per

484 1161 796 1202 commune
826 1144 1183 1200 consortium
1218 1143 1409 1199 crucis
1434 1140 1647 1197 Christi
1662 1141 1855 1198 ‘etiam
1888 1158 1994 1196 nos
2024 1140 2128 1196 ali-

483 1235 624 1308 quid
650 1235 709 1290 in
740 1251 806 1290 eo
826 1233 980 1306 quod
1013 1236 1249 1305 propter
1279 1248 1386 1287 nos
1416 1231 1599 1304 gessit
1619 1230 2133 1303 'ageremus,sicut

479 1322 793 1397 Apostolus
826 1324 906 1379 ait
938 1341 950 1379 :
987 1322 1049 1377 Si
1074 1322 1458 1394 compatimur,
1509 1324 1561 1375 et
1589 1319 2132 1391 congloriﬁcabimur

468 1413 653 1486 (Rom.
686 1430 807 1484 vnn,
845 1414 944 1480 17;
977 1413 1023 1469 ΙΙ
1058 1414 1188 1468 Tim.
1237 1428 1299 1481 ιι,
1333 1411 1444 1479 12).
1495 1410 1680 1465 Ceam
1721 1413 1892 1480 atque
1925 1424 2130 1464 secura

479 1503 935 1577 estexspcctatio
969 1503 1272 1574 promissa
1301 1498 1809 1568 beatitudinis,ubi
1834 1502 1921 1553 est
1951 1498 2128 1569 parti-

466 1593 692 1666 ‘c‘ipatio
725 1593 1040 1648 Dominicae
1064 1589 1376 1664 passionis.
1399 1588 1472 1660 (b)
1503 1587 1684 1643 Nemo
1709 1603 1823 1642 non
1845 1590 1953 1652 est,
1987 1584 2128 1642 dile-

477 1682 745 1751 ctissimi,
780 1681 1003 1754 cuiper
1032 1679 1425 1736 conditionem
1447 1676 1731 1748 temporis
1751 1678 1793 1731 1
1809 1679 1843 1732 7
1858 1677 1904 1731 8
1936 1677 2126 1732 socie-

460 1776 567 1829 'tas
596 1771 777 1843 hujus
808 1770 1003 1844 gloriae
1035 1768 1373 1840 denegetur,
1404 1769 1687 1838 tanquam
1725 1765 2124 1837 tranquillitas

477 1860 637 1933 pacis
665 1877 848 1917 vacua
877 1860 955 1915 sit
985 1852 1287 1914 oc'casione
1322 1855 1590 1924 ,virtutis.
1622 1855 1935 1926 Apostolus
1967 1855 2123 1912 enim

474 1934 770 2022 prtedicat,
820 1949 1058 2003 dicens:
1109 1946 1301 2003 Omnes
1329 1945 1439 2016 ,qui
1464 1946 1557 2015 pie
1593 1944 1785 1998 volunt
1831 1945 2014 1999 vivere
2063 1946 2123 2000 in

479 2038 712 2105 Christo,
740 2038 1167 2109 persecutionem
1202 2035 1486 2106 patientur
1515 2033 1584 2106 (II
1617 2034 1749 2088 Tim.
1792 2048 1873 2101 ιιι,
1908 2034 2034 2105 12);
2069 2038 2125 2090 et

476 2127 606 2183 ideo
635 2141 917 2189 NUMQUAM
943 2126 1105 2181 deest
1119 2121 1417 2179 tribulatio
1435 2120 1931 2194 persecutionis,si
1949 2139 2121 2177 num-

474 2232 653 2289 quam
684 2217 837 2271 desit
865 2213 1231 2271 observantia
1256 2212 1510 2283 pietatis,
1529 2213 1599 2283 (c)
1619 2210 1902 2267 Dominus
1924 2211 2120 2284 ipsein

474 2304 978 2362 exhortationibus
1009 2304 1134 2359 suis
1165 2302 1343 2357 dicit:
1377 2302 1484 2369 Qui
1520 2316 1630 2355 non
1680 2303 1879 2373 accipit
1906 2318 2119 2358 crucem

471 2402 649 2460 suam,
683 2403 733 2450 et
761 2397 1009 2468 sequitur
1053 2392 1160 2458 me,
1192 2398 1321 2460 ζηοη
1349 2394 1426 2446 est
1471 2407 1559 2446 me
1585 2390 1782 2462 dignus
1822 2391 2029 2463 (Matth.
2060 2411 2116 2462 ι,

470 2487 597 2556 38);
632 2498 736 2542 nec
767 2484 1035 2540 dubitare
1063 2483 1345 2538 debemus
1369 2481 1519 2536 hanc
1546 2497 1893 2537 vocem'non
1924 2481 2116 2538 solum

472 2577 544 2631 ad
575 2574 896 2646 discipulos
927 2571 1160 2637 Christi,
1193 2571 1294 2627 sed
1318 2571 1389 2626 ad
1418 2575 1658 2626 cunctos
1676 2569 1898 2638 ﬁdeles,
1932 2575 2115 2628 totam

469 2680 583 2736 que
614 2662 931 2718 Ecclesium
955 2662 1264 2732 pertinere,
1293 2675 1420 2730 quis
1442 2657 1695 2713 salutare
1726 2674 1898 2713 suum
1932 2658 1991 2712 in
2026 2659 2116 2717 his

468 2756 533 2807 nt
561 2753 801 2808 aderant
831 2748 1237 2806 universaliter
1250 2747 1541 2803 audiebat.
1576 2746 1739 2801 Sicut
1766 2763 1900 2819 ergo
1930 2748 2114 2804 totius

466 2844 556 2896 est
576 2840 650 2911 (tt)
682 2839 960 2910 temporis
994 2837 1086 2910 pie
1114 2835 1324 2901 vivere,
1356 2835 1439 2889 ita
1478 2834 1661 2889 totius
1705 2839 1794 2890 est
1833 2838 2113 2908 temporis

465 2945 696 2984 crucem
746 2928 926 2983 ferre:
975 2927 1044 2998 (e)
1092 2924 1297 2980 merito
1349 2923 1664 2994 unicuique
1712 2940 1821 2979 sua
1876 2925 2108 2994 dicitur,

460 3015 604 3091 quia
633 3015 881 3090 propriis
913 3011 1632 3085 modisatque‘mensuris
1662 3012 1735 3067 ab
1757 3030 2111 3087 unoquoque

462 3107 763 3162 toleratur.
799 3104 991 3161 Unum
1024 3120 1237 3159 nomen
1264 3108 1352 3158 est
1382 3102 1822 3174 persecutionis,
1856 3104 1957 3159 sed
1988 3121 2105 3160 non

2245 519 2504 575 tinentiaa
2535 519 2716 576 clavis
2746 516 2803 576 et
2831 520 2932 577 Dei
2980 520 3191 578 timore
3226 523 3599 597 transﬁgitur.
3628 527 3688 582 in
3711 529 3842 588 bona

2242 623 2384 681 ergo
2418 609 2717 682 proposito
2730 610 3066 667 constitutis
3078 610 3295 667 inimici
3304 612 3391 667 tite
3410 614 3484 684 (g)
3499 614 3838 675 dissimilium

2240 697 2478 754 diabolo
2509 698 2826 772 instigante
2847 717 2961 756 non
2985 701 3218 770 desunt,
3240 705 3300 757 et
3327 701 3488 759 facile
3514 703 3571 760 iu
3586 705 3711 761 odia
3729 723 3842 778 pro-

2232 791 2549 859 rumpunt,
2580 800 2840 859 quorum
2892 787 3143 859 improbi
3189 802 3381 844 mores
3425 789 3844 850 detestabiliores

2243 875 2395 931 ﬁunt
2441 877 2879 948 comparatione
2926 879 3238 932 rectorum.
3273 875 3548 950 Iniquitas
3582 878 3707 936 cum
3738 883 3847 952 jus-

2226 964 2371 1020 -titi‘a
2401 982 2514 1020 non
2548 965 2723 1022 habet
2752 966 3442 1037 pacem,temperantiam
3460 966 3579 1023 odit
3604 968 3844 1037 ebrietas,

2228 1052 2482 1109 ‘t‘alsitati
2502 1052 2765 1110 nullaest
2793 1069 2928 1110 cum
2941 1055 3183 1110 veritate
3199 1053 3539 1124 concordia;
3568 1073 3675 1112 non
3708 1063 3844 1114 amat

2239 1143 2516 1216 superbia
2546 1143 3081 1209 mansuetudinem,
3103 1143 3425 1216 petulantia
3450 1145 3842 1214 verecundiam,

2240 1232 2485 1288 avaritia
2516 1231 2849 1305 largitatem
2873 1248 2887 1288 :
2908 1235 2965 1288 et
2990 1236 3109 1288 tam
3134 1231 3466 1306 pertinaces
3484 1232 3664 1290 habet
3689 1235 3844 1291 diver-

2239 1323 2382 1378 sitas
2414 1322 2527 1378 ista
2555 1321 2880 1389 conﬂictus,
2906 1325 2991 1377 .ut
3026 1323 3261 1378 etiamsi
3292 1322 3542 1379 exterius
3569 1324 3847 1396 conquies-

2238 1416 2353 1479 cat,
2380 1411 2511 1483 ipsa
2538 1416 2737 1467 tamen
2768 1410 3001 1481 piorum
3019 1410 3285 1466 cordium
3310 1411 3624 1482 penetralia
3649 1411 3847 1484 inquie-

2238 1506 2363 1557 tare
2396 1516 2513 1555 non
2547 1500 2808 1568 desinat;
2859 1504 2924 1555 ut
2968 1515 3173 1555 verum
3204 1500 3284 1555 sit
3313 1500 3468 1572 quod
3491 1502 3584 1571 qui
3608 1499 3850 1558 uoluerint

2236 1591 2298 1645 in
2327 1589 2539 1645 Christo
2564 1590 2657 1661 pie
2686 1590 2864 1645 vivere
2889 1591 3320 1660 persecutionem
3333 1592 3623 1661 patiuntur
3642 1586 3705 1651 (II
3733 1591 3846 1645 Tim.

2237 1697 2318 1747 ιιι,
2352 1678 2440 1741 12)
2463 1681 2565 1746 ;‘et
2592 1694 2793 1733 verum
2828 1678 2903 1734 sit
2934 1679 3091 1751 quod
3118 1678 3314 1734 omnis
3349 1679 3472 1735 haec
3499 1678 3848 1735 vitattentatio

2236 1773 2326 1824 est
2353 1768 2468 1833 (Job
2497 1785 2596 1834 vn,
2631 1769 2704 1831 1).
2751 1769 2906 1824 179
2937 1768 3089 1840 Ipsis
3133 1767 3550 1840 experimentis
3592 1768 3712 1824 suis
3729 1785 3848 1824 uas-

2236 1858 2490 1930 quisquc
2518 1855 2709 1912 ﬁdelis
2740 1856 3001 1924 edoctus,
3034 1856 3252 1913 Christi
3283 1873 3455 1913 cruce
3505 1861 3769 1927 armetur,
3794 1862 3851 1913 ut

2232 1945 2462 2002 Christo
2493 1944 2573 2007 (h)
2605 1945 2820 2019 dignus
2852 1945 3154 2002 habeatur.

2304 2035 2436 2091 CAP.
2465 2036 2534 2090 Il.
2569 2066 2635 2076 —
2666 2035 2774 2090 Per
2800 2033 3146 2091 istum'vero
3178 2050 3454 2107 agonem,
3486 2035 3847 2101 dilectissimi,

2232 2127 2303 2180 ad
2325 2125 2562 2198 prtemia
2580 2125 3201 2192 teternatendentibus,
3224 2126 3287 2181 in
3307 2140 3377 2181 eo
3397 2126 3646 2181 maxime
3662 2124 3852 2181 diaboli

2233 2214 2546 2271 insidiatur
2574 2213 2811 2280 astutia,
2829 2218 2892 2268 ut
2920 2230 3169 2285 quorum
3205 2219 3534 2286 pervertere
3550 2231 3665 2270 non
3682 2217 3853 2286 potest

2232 2304 2604 2375 probitatem,
2629 2304 2878 2359 subruat
2898 2303 3169 2358 ﬁdem.in
3193 2303 3375 2360 aliam
3414 2304 3572 2365 enim
3590 2303 3854 2359 transfer-

2228 2397 2326 2447 tur
2351 2391 2527 2457 viam,
2542 2390 2812 2464 quisquis
2827 2407 2860 2445 a
2880 2390 3247 2447 confessione
3263 2392 3535 2448 veritatis
3555 2391 3856 2458 abducitur,

2228 2486 2503 2553 totusque
2514 2482 2644 2552 ejus
2656 2496 2864 2536 cursus
2886 2479 3180 2537 abscessio
3192 2485 3379 2547 est,et
3391 2485 3555 2537 tanto
3583 2479 3688 2536 erit
3704 2480 3857 2536 morti

2225 2570 2485 2638 vicinior,
2520 2574 2738 2642 quanto
2786 2568 2961 2625 fuerit
2988 2586 3023 2624 a
3070 2569 3369 2627 catholica
3397 2572 3461 2633 (ἱ)
3492 2568 3856 2642 ιυοθηιθηςίη-

2226 2659 2414 2733 quior.
2448 2659 2607 2725 Quod
2642 2658 2817 2714 etiam
2849 2659 2908 2713 in
2937 2659 3142 2715 diebus
3174 2661 3405 2716 nostris
3454 2677 3559 2732 per
3586 2675 3746 2716 suam
3770 2672 3857 2731 pa-

2226 2749 2453 2804 tiuntur
2470 2747 2777 2814 incuriam,
2802 2750 2902 2820 qui
2920 2748 2997 2804 de
3021 2749 3233 2820 spiritu
3254 2748 3411 2804 olim
3434 2748 3708 2806 destructi
3727 2760 3859 2803 erro-

2222 2838 2304 2893 ris
2317 2836 2576 2909 olimque
2602 2837 3122 2893 damnativeterem
3143 2838 3449 2895 insaniam
3469 2840 3854 2912 conceperant,

2222 2927 2281 2998 (j)
2311 2926 2412 2999 qui
2443 2925 2739 2999 geminam
2763 2926 2821 2980 in
2846 2925 3073 2981 Christo
3100 2927 3327 2983 audent
3347 2944 3565 3000 negare
3585 2932 3852 2993 naturam,

2221 3019 2323 3070 aut
2351 3032 2464 3070 non
2498 3019 2771 3086 suscepta
2790 3015 2984 3083 carnis
3008 3014 3228 3071 scilicet
3245 3017 3524 3083 veritate,
3549 3015 3724 3072 autin
3740 3031 3853 3072 car-

2221 3121 2354 3160 nem
2374 3103 2597 3160 Deitate
2609 3120 2883 3160 conversa
2903 3121 2916 3171 ;
2941 3108 3006 3158 ut
3020 3109 3122 3159 aut
3137 3105 3477 3162 secundum
3494 3105 3853 3161 Manicheum

462 3212 581 3251 una
596 3200 686 3251 est
714 3210 889 3250 causa
910 3191 1328 3260 certaminis,et
1344 3167 1477 3264 plus
1499 3167 1845 3264 plerumque
1867 3193 2111 3265 periculi
2142 3167 2186 3235 (ἶ
2220 3191 2383 3249 nulla
2412 3195 2543 3264 ejus
2574 3193 2653 3248 sit
2673 3167 3218 3265 resurrectio,cujus
3240 3194 3415 3250 nuila
3432 3200 3527 3252 est
3543 3195 3756 3268 passio,
3771 3195 3860 3249 aut

463 3288 553 3342 est
582 3285 641 3340 in
675 3283 1016 3340 insidiatore
1045 3280 1237 3337 oculto
1278 3295 1455 3351 quam
1487 3280 1547 3334 in
1577 3279 1744 3336 hoste
1775 3281 2105 3340 manifesto.

459 3373 672 3431 Beatus
704 3373 814 3430 Job
836 3370 1259 3429 alternantibus
1280 3369 1453 3426 bonis
1482 3385 1548 3425 ac
1578 3368 1750 3425 malis
1772 3370 1976 3426 mundi
1998 3371 2107 3428 hu-

449 3464 552 3535 jus
583 3463 848 3519 eruditus
878 3461 972 3534 pie
1000 3460 1394 3532 vera‘citerque
1436 3459 1664 3515 dicebat
1684 3476 1697 3515 :
1721 3461 1910 3516 Nonne
1929 3465 2106 3517 tenta-

456 3553 530 3609 tio
575 3554 653 3609 est
682 3552 797 3608 vita
826 3551 1063 3607 hominis
1109 3565 1274 3622 super
1302 3553 1508 3605 terram
1538 3549 1660 3620 (Job
1700 3549 1877 3622 vu,i)
1900 3550 1928 3605 ‘I
1961 3567 2103 3622 quo-

454 3642 615 3699 niam
646 3658 766 3698 non
801 3641 943 3698 solis
971 3639 1272 3696 doloribus
1302 3638 1560 3712 corporis
1591 3642 1767 3710 atque
1798 3638 2106 3711 suppliciis

453 3731 650 3788 anima
662 3730 854 3787 ﬁdelis
872 3729 1192 3802 impetitur,
1213 3716 1413 3784 verum
1433 3728 1607 3783 etiam
1625 3727 1785 3782 salva
1800 3728 2106 3784 incolumi-

453 3825 571 3879 tate
589 3821 1013 3885 membrorum,
1033 3817 1193 3889 gravi
1208 3817 1411 3871 morbo
1425 3819 1684 3889 urgetur,
1716 3816 1764 3872 si
1798 3816 1990 3872 carnis
2013 3833 2108 3874 vo-

451 3910 676 3983 luptate
699 3906 981 3962 m011itur.
997 3905 1109 3961 Sed
1132 3922 1266 3960 cum
1284 3920 1415 3960 caro
1442 3903 1802 3976 concupiscit
1823 3904 2103 3963 adversus

451 3998 747 4071 spiritum,
763 3997 829 4068 (f')
860 3995 1104 4066 spiritus
1120 3999 1315 4049 autem
1332 3993 1613 4048 adversus
1642 3995 2104 4067 carnem,przesi-

434 4087 546 4143 ~dio
578 4085 768 4142 crucis
808 4083 1019 4139 Christi
1048 4098 1214 4138 mens
1246 4080 1550 4138 rationalis
1589 4081 1905 4138 instruitur
1948 4099 1959 4139 :
1996 4099 2101 4139 nec

520 4207 597 4282 (a)
629 4209 715 4266 Ita
743 4225 878 4266 cum
911 4206 1221 4275 Quesnello
1247 4211 1470 4278 septem
1494 4208 1675 4262 nostri
1700 4207 1947 4265 codices.
1982 4208 2098 4278 Al.,

448 4284 781 4355 reformavit.

518 4354 597 4426 (b)
629 4352 723 4409 Sic
752 4370 821 4409 ex
850 4351 1084 4426 duobus
1113 4367 1258 4406 mss.
1293 4349 1352 4405 S.
1388 4349 1559 4426 Petri.
1590 4349 1902 4426 Editiant'e
1925 4352 2099 4416 Ques-

447 4420 817 4481 nellumcum
835 4423 1192 4497 quibusdam
1217 4439 1384 4489 mss.,
1406 4423 1580 4497 Nemo
1592 4429 1672 4477 est
1691 4438 1711 4482 .·
1735 4420 1847 4477 iste
1880 4429 2096 4497 autem,

443 4498 609 4555 Nemo
641 4500 790 4554 enim
840 4493 940 4562 est,
994 4495 1076 4551 uti
1109 4494 1166 4549 in
1214 4511 1330 4549 uno
1361 4494 1487 4548 cod.
1534 4493 1753 4548 Veneto
1782 4499 1839 4548 et
1868 4495 2098 4550 duobus

2220 3283 2543 3338 secundum
2575 3281 2969 3354 Apollinarem
3000 3282 3130 3355 ipsa
3146 3283 3353 3340 Deitas
3376 3284 3556 3341 Verbi
3579 3281 3860 3340 mutabilis

2217 3372 2347 3445 ipsa
2375 3372 2452 3428 sit
2471 3372 2622 3427 facta
2637 3369 2952 3443 passibilis.
2972 3371 3090 3427 Hoc
3118 3376 3320 3428 autem
3354 3374 3598 3442 sentire,
3632 3373 3738 3430 hoc
3765 3388 3859 3428 au-

2215 3461 2378 3517 ribus
2426 3460 2767 3517 Cbristiante
2822 3459 3009 3532 plebis
3037 3459 3330 3535 ingerere,
3366 3464 3516 3537 quid
3548 3463 3704 3520 aliud
3762 3464 3860 3531 est,

2215 3568 2393 3624 quam
2424 3552 2555 3623 ipsa
2586 3550 2972 3624 religionis(k)
2998 3555 3207 3606 nostrae
3230 3551 3630 3610 fundamenta
3654 3540 3860 3610 convel-

2214 3640 2352 3712 lere,
2376 3646 2433 3696 et
2463 3641 2617 3713 quod
2641 3657 2810 3696 verus
2843 3639 3020 3695 Filius
3050 3640 3175 3708 Dei,
3210 3657 3395 3698 verus
3409 3643 3492 3699 sit
3508 3639 3865 3699 ﬁlius-homi-

2214 3729 2327 3797 nis,
2360 3729 2676 3802 denegare?
2693 3735 2750 3784 ln
2773 3746 2887 3802 quo
2906 3728 3034 3785 solo
3055 3733 3146 3786 est
3173 3729 3432 3788 humani
3454 3732 3693 3805 generis
3712 3728 3863 3786 resti-

2212 3818 2361 3874 tutio
2393 3819 2706 3874 testiﬁcata
2724 3835 2827 3890 per
2846 3817 3055 3891 legem,
3080 3818 3383 3891 promissa
3405 3836 3516 3893 per
3537 3820 3862 3894 Pmphetas,

2212 3911 2268 3964 et
2299 3907 2574 3963 omnibus
2602 3908 2816 3964 veteris
2844 3907 3203 3964 Testamenti
3235 3909 3298 3973 εἰ)
3331 3908 3861 3984 signiﬁcationibus

2212 3997 2480 4053 nuntiata
2504 4014 2515 4051 :
2539 4002 2603 4052 ut
2617 4013 2896 4070 magnum
2916 3996 3060 4053 illud
3088 4000 3146 4052 et
3172 4000 3414 4056 saeculis
3446 3984 3730 4057 omnibus
3750 4013 3867 4071 pro-

2212 4085 2474 4142 futurum
2506 4086 2716 4141 dlvinaa
2759 4086 3172 4142 misericordiae
3203 4094 3685 4155 sacramentum,
3726 4084 3865 4159 quod

2210 4218 2364 4269 stros
2404 4211 2653 4267 codices.
2710 4214 2948 4279 Quesn.,
2980 4214 3031 4266 et
3060 4212 3287 4282 spiritus
3338 4213 3615 4271 adversus
3644 4226 3871 4276 carnem,

2209 4290 2267 4341 et
2296 4300 2428 4338 mox
2454 4282 2666 4338 delevit
2699 4284 2921 4338 Christi.

2279 4357 2351 4425 (g)
2384 4356 2597 4426 Eorum
2630 4354 2852 4410 scilicet
2895 4354 2999 4426 qui
3029 4359 3174 4426 sunt
3215 4354 3560 4414 dissimiles
3595 4356 3870 4413 moribus.

2212 4429 2274 4483 In
2306 4425 2680 4498 sequentibvs
2710 4441 2879 4498 porro
2899 4425 3074 4498 inihil
3123 4425 3527 4485 discessimus
3571 4447 3607 4485 a
3638 4427 3870 4484 lectione

2206 4496 2497 4555 editorum
2516 4502 2648 4552 ante
2666 4496 3042 4562 Quesnellum
3059 4498 3415 4555 conﬁrmata
3435 4501 3728 4556 omnibus
3750 4512 3872 4552 nos-

445 4568 642 4653 Poa‘tav.
676 4569 734 4624 S.
766 4541 1023 4634 Antonii,
1055 4572 1136 4653 et.
1159 4567 1221 4653 ελ
1250 4566 1522 4653 Justinus,
1568 4564 1867 4647 ubi.enim
1896 4566 2096 4653 minus
2129 4541 2172 4607 Β
2204 4570 2317 4651 tris.
2343 4541 2839 4653 codicibus$quos
2868 4568 3020 4653 inter
3044 4570 3482 4653 suntquisque
3516 4567 3876 4653 Lectionaria

436 4639 672 4710 ,videtur
702 4656 1038 4710 congruere,
1089 4641 1146 4692 et
1193 4634 1352 4710 forte!
1368 4653 1479 4710 non
1508 4637 1568 4690 in
1598 4637 1748 4710 enim
1800 4642 2091 4692 mutatum

445 4709 573 4765 fuit.
605 4707 916 4766 Locutione
935 4717 1130 4765 autem
1148 4708 1301 4780 apud
1330 4707 1565 4763 Latinos
1590 4708 1782 4780 probe
1804 4713 1952 4763 notae
1976 4726 2091 4765 non

442 4780 988 4854 infrequentimemo
1019 4797 1150 4836 cum
1174 4778 1459 4854 negativis
1472 4778 1774 4854 particulis
1793 4780 2095 4854 jungitur,

444 4869 571 4925 quae
602 4851 749 4908 nihil
790 4853 1074 4919 ofﬁciunt,
1110 4853 1210 4925 sed
1258 4851 1375 4925 vim
1424 4851 1725 4925 sententiae
1770 4851 2087 4923 adaugent,

442 4921 526 4980 ita
555 4929 621 4980 ut
648 4940 806 4980 nemo
837 4940 947 4980 non
977 4925 1130 4979 idem
1162 4924 1372 4979 fortius
1403 4921 1697 4993 signiﬁcet
1721 4937 1786 4975 ac
1812 4921 1991 4978 nemo.

531 5000 582 5064 ο)
615 4996 911 5051 Editiones
943 4996 1262 5050 anteriores
1291 4992 1530 5066 Quaeri,
1562 4992 1825 5066 Dominus
1852 4997 2001 5066 enim
2033 4995 2091 5066 in

441 5064 934 5134 exhortationibus,
958 5083 1281 5139 perperam.
1306 5064 2091 5139 EmendationemQuesnelli

440 5142 700 5213 quinque
732 5140 915 5213 nostri
949 5137 1160 5213 eoadd.
1196 5137 1466 5213 probant.

512 5212 588 5283 (ά)
607 5205 707 5267 ’[ῐει
737 5209 1084 5283 Quesnellus
1115 5214 1172 5283 et
1196 5205 1442 5283 quidam
1467 5206 1644 5283 nostri
1672 5222 1814 5260 mss.
1841 5205 1952 5274 A1,,
1977 5223 2089 5283 eor-

476 5276 607 5339 oris.
641 5283 838 5338 Prima
867 5281 1045 5338 editio
1071 5276 1250 5336 etiam
1281 5279 1340 5333 in
1372 5278 1629 5334 secundo
1663 5284 1951 5333 commate
1980 5276 2090 5334 ha-

476 5300 607 5339 orts.
641 5300 838 5338 rrima
867 5300 1045 5338 editio
1071 5300 1242 5336 etiam

434 5300 538 5409 ﬁet
564 5356 806 5426 corporis
835 5370 1051 5409 crucem
1077 5354 1242 5424 ferre.

510 5426 581 5498 (ε)
613 5420 881 5498 Editante
910 5420 1172 5498 Quesn.,_
1206 5422 1398 5498 merito
1456 5422 1596 5491 ferri
1642 5420 1942 5498 unicuique
1988 5437 2089 5498 sua

436 5492 614 5569 detur.
650 5496 852 5569 Melior
880 5494 1176 5563 Quesnelli
1226 5493 1415 5560 lectio,
1466 5508 1595 5563 quas
1625 5496 1714 5547 est
1739 5492 1797 5547 in
1838 5494 2085 5567 exempl.

442 5567 798 5721 ε’ὧθὲὲἓυιί
817 5655 1027 5698 sumus
1046 5654 1254 5699 omnes
1275 5635 1594 5696 anteriores
1611 5634 1894 5696 editiones
1914 5640 1972 5696 et
1992 5654 2090 5697 no-

2202 4640 2434 4716 optimaa
2468 4646 2633 4695 notis.
2669 4640 2771 4716 Ille
2812 4643 3009 4716 autem
3041 4640 3185 4696 forte
3215 4640 3443 4716 clarius
3476 4643 3874 4716 explicaturum

2202 4711 2413 4785 Leonis
2460 4712 2811 4785 sententiam
2862 4711 3024 4767 nullo
3076 4729 3188 4767 ms.
3251 4711 3520 4785 allegato
3556 4711 3877 4775 'edidit,ut

2198 4785 2366 4910 facile
2394 4784 2455 4836 in
2503 4783 2631 4838 odia
2666 4790 3068 4854 prorumpunt;
3099 4787 3157 4838 et
3201 4783 3417 4854 postea
3438 4787 3738 4858 justorum
3782 4797 3879 4855 pro

2201 4871 2290 4912 rec
2315 4870 2488 4911 orum.

2179 4964 2185 4972 ι
2273 4926 2348 4998 (h)
2379 4925 2653 5000 Quendam
2682 4924 2967 5000 editiones
2997 4933 3050 4982 et
3103 4925 3230 4981 Vat.
3266 4924 3506 4983 collect.
3541 4928 3602 4997 3,
3637 4927 3876 5000 dignior.

2271 4992 2339 5063 (ii
2362 4992 2833 5069 iSic‘Quesnellus
2855 5014 2990 5051 cum
3023 5002 3275 5069 quatuor
3304 5000 3546 5055 nostris
3582 4992 3733 5055 mss.
3767 4996 3879 5055 ΑΙ..

2197 5069 2321 5140 ﬁde.
2358 5066 2533 5141 Paulo
2566 5067 2972 5141 ante_quidam
3003 5066 3172 5125 codd.
3202 5085 3304 5141 pro
3344 5072 3538 5126 morti
3563 5071 3791 5128 habent
3808 5075 3879 5123 ιε-

2197 5137 2402 5203 nebris,
2439 5139 2582 5193 forte
2612 5137 2848 5194 melius.

2271 5213 2337 5283 (j)
2368 5216 2490 5265 Duo
2521 5209 2690 5265 codd.
2725 5211 2784 5266 S.
2805 5210 2953 5266 Petri
2982 5214 3037 5267 et
3064 5227 3219 5266 unus
3239 5209 3538 5280 Venetus,
3573 5231 3691 5288 qua
3721 5210 3885 5283 gemi-

2197 5300 2349 5338 nam.

2268 5353 2345 5426 (Ic)
2374 5350 2586 5408 Vocem
2633 5356 2857 5426 nostrae,
2891 5369 3068 5426 quam
3100 5352 3300 5426 omisit
3348 5352 3759 5425 Quesnellus,
3794 5369 3885 5409 re-

2197 5424 2502 5502 stituimus
2532 5441 2600 5502 ex
2643 5425 2867 5481 caeteris
2916 5424 3269 5481 editionibus
3313 5424 3750 5502 omnibusque
3781 5441 3880 5483 uo-

2200 5497 2339 5555 stris
2368 5495 2688 5553 cedicibus.
2978 5524 2982 5528 -

2270 5568 2332 5644 (ι)
2364 5568 2542 5626 Codd.
2572 5568 2631 5626 S.
2666 5566 2840 5640 Petri,
2862 5568 3162 5643 mysteriis.
