4098 6188
250 324 364 393 19.7

1666 324 1941 395 SERMQ
1973 324 2232 395 XLVIII.

3526 321 3649 406 2.9.8

261 473 397 528 saepe
427 460 485 512 et
515 455 613 517 diu
647 456 838 522 fuerat
861 456 1277 530 signiﬁcatum,
1303 456 1362 512 in
1395 456 1721 529 praestituto
1749 463 1893 514 tem-
1926 460 1976 527 Α
2071 460 2150 509 ιν.
2205 486 2264 493 -
2310 457 2657 530 Misericordia
2715 472 2962 523 quemque
3008 459 3189 508 debere
3244 458 3647 511 misericordiam

260 563 380 619 pore
414 563 532 601 non
565 545 934 611 dubitaretur
963 546 1290 619 impletum.
1315 546 1478 602 Unde
1520 546 1674 616 licet,
1692 564 1759 602 cx
1780 564 1896 619 quo

259 636 481 699 Verbum
528 651 656 691 caro
702 638 914 707 factum
959 644 1037 692 est
1065 637 1240 708 (Joan.
1268 654 1303 700 ι,
1340 637 1443 704 14),
1468 635 1550 689 ita
1580 636 1637 690 in
1670 636 1898 692 Christo

252 724 337 779 Dei
360 729 540 794 atque
557 724 817 779 hominis
835 742 951 780 una
972 741 1221 797 persona
1243 725 1340 794 sit,
1362 730 1425 781 ut
1447 723 1505 779 in
1524 725 1705 781 nullis
1725 726 1901 781 actio-

251 812 407 868 nibus
426 813 505 884 (a)
524 814 629 869 ﬁat
650 818 876 869 natura:
897 813 1204 885 utriusque
1228 813 1466 882 divisio;
1489 814 1683 870 studet
1699 819 1895 869 tamen

248 901 573 975 evangelica
602 902 814 959 veritas
847 903 1040 975 ipsum
1087 919 1263 974 quem
1296 902 1394 958 Dei
1428 901 1637 957 Filium
1686 901 1894 974 praedi-

247 996 342 1057 cat,
363 991 698 1065 saepissime
729 991 915 1047 ﬁlium
937 990 1196 1047 hominis
1213 991 1474 1065 proﬁteri
1500 1009 1513 1048 :
1540 997 1605 1046 ut
1627 991 1895 1065 quamvis

246 1098 303 1137 ea
335 1098 469 1154 quae
529 1081 929 1149 disseruntur,
976 1080 1092 1137 alia
1151 1082 1271 1137 sint
1327 1080 1734 1155 humanitatis,
1781 1079 1895 1137 alia

243 1171 504 1238 Deitatis,
538 1172 649 1227 sub
679 1171 918 1227 nomine
947 1175 1144 1227 tamen
1190 1170 1292 1225 ﬁlii
1338 1170 1594 1226 hominis
1646 1174 1894 1243 utraque

244 1264 771 1317 memorenturme
809 1260 954 1317 ﬁdes
1000 1259 1313 1317 Dominum
1341 1260 1543 1316 Jesum
1591 1258 1890 1315 Christum

242 1354 431 1406 natum
466 1367 536 1406 ex
580 1349 765 1405 Maria
794 1349 1034 1423 virgine,
1060 1349 1241 1405 Deum
1285 1348 1463 1405 simul
1496 1353 1670 1421 atque
1701 1348 1889 1405 homi-

238 1455 360 1495 nem
389 1439 715 1507 creditura,
735 1442 1034 1500 conctetur
1060 1438 1225 1494 fateri
1253 1441 1355 1493 aut
1383 1436 1442 1492 in
1473 1438 1590 1493 Deo
1621 1437 1891 1493 humani-

239 1532 425 1595 tatem,
463 1532 570 1583 aut
600 1527 659 1582 in
693 1526 927 1583 homine
961 1527 1279 1595 Deitatem;
1314 1532 1380 1582 ut
1410 1530 1467 1582 et
1494 1527 1551 1581 in
1588 1527 1766 1583 Verbo
1797 1545 1891 1583 su-

239 1618 403 1689 scepti
455 1615 721 1673 hominis
770 1634 903 1671 vera
932 1617 1008 1671 sit
1030 1617 1107 1685 (ὁ)
1139 1615 1470 1684 humilitas,
1501 1620 1557 1671 et
1602 1615 1663 1670 in
1714 1632 1888 1672 carne

238 1704 611 1777 suscipientis
640 1704 741 1760 Dei
770 1722 902 1759 vera
933 1707 1231 1775 majestas.

297 1794 428 1850 CAP.
475 1794 668 1851 III.—
708 1793 857 1862 Haec,
915 1792 1301 1860 dilectissimi,
1360 1810 1462 1866 per
1520 1793 1885 1850 occasionem

239 1883 525 1956 paschalis
573 1882 726 1954 festi,
750 1882 844 1938 cui
893 1882 1207 1955 puritatem
1247 1883 1510 1938 cordium
1557 1899 1885 1955 praeparare

241 1973 621 2041 debemus,de
652 1972 1056 2027 incarnatione
1076 1971 1249 2031 Verbi
1276 1971 1686 2043 perstrinxisse
1719 1972 1882 2027 sufﬁ-

245 2063 361 2129 ciat,
386 2061 669 2133 quoniam
719 2060 1027 2132 aliquoties
1060 2060 1195 2115 hinc
1240 2060 1557 2117 instructos
1604 2078 1707 2116 vos
1755 2077 1884 2116 esse

246 2151 606 2209 meministis.
629 2148 795 2210 Nunc
821 2149 1186 2205 devotionem
1218 2153 1469 2205 vestram
1503 2150 1574 2205 de
1604 2167 1692 2219 eo,
1727 2149 1882 2221 quod

243 2246 460 2313 tempus
494 2239 707 2312 poscit,
731 2239 886 2295 180
911 2238 1196 2294 admoneo
1228 2242 1293 2293 ut
1327 2243 1594 2294 sanctum
1625 2255 1690 2294 ac
1721 2238 1881 2294 salu-

244 2330 332 2386 bre
347 2330 645 2402 jejunium
677 2328 952 2401 operibus
974 2328 1206 2400 pietatis
1245 2328 1490 2384 ornatis.
1509 2329 1577 2383 Et
1608 2328 1748 2401 quia
1777 2345 1880 2400 pro

243 2418 593 2492 indulgentia
614 2416 867 2475 maxime
888 2416 1276 2472 laborandum
1300 2421 1387 2471 est
1409 2416 1773 2483 delictorum,
1798 2417 1882 2471 in-

244 2507 611 2564 dubitabilem
631 2506 796 2565 vobis
822 2505 1077 2562 divinam
1101 2505 1562 2561 misericordiam
1582 2504 1881 2577 promitta-

244 2598 325 2664 tis,
348 2598 393 2655 si
422 2597 537 2669 ipsi
570 2612 807 2669 quoque
828 2594 895 2666 (ε)
922 2594 1076 2650 circa
1105 2595 1372 2650 subditos
1392 2599 1613 2649 vestros
1642 2611 1876 2650 omnem

245 2686 504 2741 otl‘ensam
538 2682 958 2740 transtuleritis
1007 2683 1079 2737 ad
1120 2682 1370 2739 veniam.
1408 2682 1668 2738 Placidos
1719 2684 1875 2738 enim

244 2780 398 2847 atque
427 2773 749 2829 concordes
793 2774 864 2828 ad
908 2777 1132 2828 tantam
1165 2772 1534 2827 festivitatem
1583 2772 1747 2828 decet
1776 2772 1876 2827 Dei

246 2863 473 2936 populos
497 2863 809 2919 convenire
833 2879 845 2917 :
874 2867 939 2917 ut
959 2860 1235 2922 severitas
1256 2861 1699 2933 ultionum,qu:e
1723 2878 1878 2916 nunc

246 2951 401 3007 etiam
448 2953 508 3007 in
560 2951 817 3026 publicis
838 2950 1078 3021 judiciis
1120 2949 1430 3020 relaxatur,
1456 2950 1640 3006 multo
1689 2952 1878 3023 magis

244 3040 298 3095 in
327 3041 785 3097 Christianorum
824 3039 1098 3096 cordibus
1148 3039 1467 3112 mitigetur,
1495 3040 1634 3112 quia
1664 3041 1736 3096 ad
1769 3040 1879 3096 hoc

244 3130 423 3201 potius
450 3131 682 3186 intenta
709 3129 879 3185 debet
906 3145 1035 3184 esse
1062 3144 1201 3184 cura
1230 3134 1586 3197 sanctorum,
1618 3146 1687 3184 ne
1720 3127 1878 3185 ullus

2065 530 2367 593 promereri.
2388 556 2447 565 -ν
2471 529 2529 580 ν.
2561 529 2919 592 Eleemosynas
2967 531 3171 581 abunde
3215 544 3320 581 esse
3364 530 3653 596 eroganda:

2069 601 2162 652 hoc
2190 604 2429 665 tempore.

2078 724 2211 778 CAP.
2248 725 2383 778 l.—-
2417 724 2574 779 Inter
2621 738 2845 790 omnes,
2888 723 3273 792 dilectissimi,
3320 723 3445 781 dies
3504 740 3654 797 quos

2005 810 2207 867 multis
2238 812 2428 867 modis
2460 811 2830 867 honorabiles
2858 811 3031 868 habet
3050 812 3382 869 Christiana
3399 813 3648 883 devotio,

2003 898 2203 956 nullus
2226 901 2301 973 (ά)
2333 904 2420 956 est
2468 899 2837 957 excellentior
2879 900 3188 956 festivitate
3236 901 3516 974 paschali,
3548 917 3654 975 per

2003 1006 2182 1062 quam
2203 991 2261 1045 in
2286 990 2540 1047 Ecclesia
2558 991 2654 1046 Dei
2681 991 3088 1046 universarum
3109 989 3548 1047 solemnitatum
3568 990 3653 1047 di-

2000 1079 2194 1151 gnitas
2225 1087 2616 1136 consecratur.
2636 1080 2941 1152 Siquidem
2968 1078 3143 1136 etiam
3171 1077 3303 1153 ipsa
3328 1079 3559 1136 Domini
3579 1096 3649 1137 ex

2000 1174 2188 1225 matre
2203 1170 2499 1243 generatio
2516 1169 2652 1223 huic
2666 1169 2733 1241 (ο)
2748 1174 2835 1226 est
2851 1168 3494 1241 impensasacramento
3510 1185 3525 1237 ;
3542 1183 3649 1224 nec

2001 1256 2114 1313 alia
2141 1258 2253 1313 fuit
2303 1258 2401 1314 Dei
2446 1257 2587 1313 Filio
2618 1274 2794 1314 causa
2822 1258 3122 1327 nascendi,
3148 1273 3327 1330 quam
3375 1260 3443 1313 ut
3488 1256 3648 1313 cruci

1999 1352 2197 1420 posset
2221 1348 2400 1421 afﬁgi.
2428 1348 2486 1403 In
2519 1350 2683 1403 utero
2718 1347 2873 1403 enim
2901 1347 3049 1403 181
3082 1346 3342 1421 Virginis
3374 1350 3650 1419 suscepta

1998 1440 2087 1492 est
2106 1453 2238 1492 caro
2262 1435 2556 1504 mortalis;
2581 1437 2639 1491 in
2663 1453 2835 1491 carne
2856 1434 3089 1491 mortali
3108 1435 3396 1508 completa
3417 1439 3506 1492 est
3526 1435 3650 1492 dis-

1997 1526 2207 1597 positio
2238 1526 2562 1597 passionis;
2586 1526 2972 1597 eﬁ‘ectumque
2993 1530 3083 1580 est
3102 1524 3383 1580 ineffabili
3405 1524 3647 1582 consilio

1997 1614 2406 1669 misericordia:
2432 1615 2554 1683 Dei,
2580 1619 2645 1669 ut
2671 1619 2825 1670 esset
2856 1614 3026 1669 nobis
3048 1612 3404 1670 sacriﬁcium
3425 1614 3649 1670 redem-

1994 1703 2230 1776 ptionis,
2264 1702 2499 1759 abolitio
2540 1702 2779 1776 peccati,
2811 1706 2868 1759 et
2907 1703 2977 1758 ad
3018 1707 3292 1759 aeternam
3322 1702 3501 1759 vitam
3532 1701 3643 1758 ini-

1992 1793 2142 1847 tium
2177 1792 2538 1864 resurgendi.
2572 1791 3017 1847 Considerantes
3049 1796 3243 1848 autem
3264 1792 3339 1864 (Γ)
3371 1791 3511 1864 quid
3539 1807 3644 1864 per

1994 1898 2225 1938 crucem
2242 1881 2474 1937 Domini
2497 1881 2707 1952 adepta
2724 1886 2813 1937 est
2834 1881 3180 1938 universitas
3202 1880 3643 1954 mundi,coguo~

1992 1972 2215 2028 scimus
2256 1971 2328 2027 ad
2379 1969 2793 2026 celebrandum
2825 1970 3056 2027 Pascbaa
3089 1970 3244 2027 diem
3293 1970 3501 2027 merito
3534 1986 3640 2027 nos

1993 2061 2142 2132 quad
2153 2060 2381 2133 raginta
2395 2060 2621 2115 dierum
2636 2060 2865 2131 jejunio
2886 2059 3220 2132 praeparari,
3237 2065 3304 2117 ut
3322 2058 3485 2133 digni
3505 2076 3640 2133 pos-

1991 2151 2180 2207 simus
2198 2149 2411 2205 divinis
2432 2148 2712 2206 interesse
2728 2149 3041 2221 mysteriis.
3060 2150 3184 2205 Non
3200 2148 3359 2207 enim
3374 2166 3641 2207 summos

1991 2245 2221 2296 tantum
2254 2238 2568 2308 antistites,
2598 2243 2699 2293 aut
2747 2236 2988 2294 secundi
3019 2238 3243 2295 ordinis
3286 2239 3639 2307 sacerdotes,

1990 2346 2095 2386 nec
2125 2328 2282 2386 solos
2311 2331 2811 2384 sacramentorum
2841 2326 3165 2399 ministros,
3188 2328 3289 2384 sed
3315 2344 3488 2384 omne
3516 2343 3644 2384 cor-

1988 2437 2100 2497 pus
2122 2418 2411 2484 Ecclesiae,
2437 2416 2889 2488 universumque
2908 2416 3169 2473 ﬁdelium
3203 2432 3540 2487 numerum,
3565 2417 3640 2473 ab

1988 2509 2262 2565 Omnibus
2283 2505 2882 2562 contaminationibus
2903 2509 3128 2578 oportet
3150 2522 3279 2563 esse
3298 2510 3636 2580 purgatum,

1988 2602 2053 2652 ut
2074 2595 2356 2669 templum
2383 2596 2497 2663 Dei,
2514 2595 2606 2651 cui
2629 2594 3075 2651 fundamentum
3094 2599 3183 2651 est
3198 2595 3323 2668 ipse
3342 2598 3419 2667 (g)
3436 2595 3641 2652 funda-

1987 2692 2097 2754 tor,
2123 2686 2180 2740 in
2213 2685 2488 2740 omnibus
2518 2682 2812 2754 lapidibus
2849 2680 3201 2756 speciosum,
3226 2696 3284 2740 et
3311 2682 3371 2740 in
3400 2688 3523 2741 tota
3543 2685 3636 2740 sui

1988 2780 2149 2849 parte
2176 2773 2251 2830 sit
2282 2772 2561 2836 lucidum.
2583 2772 2728 2827 Nam
2750 2772 2797 2827 si
2821 2789 3025 2845 regum
3052 2773 3204 2828 aedes
3225 2777 3284 2829 et
3328 2771 3633 2831 sublimio~

1987 2883 2117 2921 rum
2140 2862 2408 2936 praetoria
2428 2866 2784 2935 potestatum
2802 2863 2961 2918 omni
2978 2866 3187 2919 ornatu
3210 2861 3636 2920 rationabiliter

1986 2953 2349 3021 excoluntur,
2385 2957 2448 3006 ut
2491 2950 2901 3008 excellentiora
2929 2951 3049 3009 sint
3089 2967 3293 3009 eorum
3340 2952 3636 3009 domicilia

1988 3059 2238 3116 quorum
2269 3040 2554 3113 ampliora
2585 3045 2724 3099 sunt
2753 3041 2981 3109 merita,
3010 3045 3230 3113 quanto
3262 3058 3433 3116 opere
3461 3040 3636 3099 aediﬁ-

1986 3132 2262 3198 candum,
2288 3134 2507 3203 quanto
2547 3135 2636 3185 est
2691 3129 2908 3186 honore
2938 3131 3335 3187 decorandum
3391 3130 3636 3188 Deitatis

240 3218 436 3291 algeat,
458 3236 531 3275 ne
565 3218 726 3274 ullus
755 3216 993 3285 esuriat,
1026 3232 1097 3273 ne
1129 3217 1262 3288 quis
1294 3216 1491 3288 inOpia
1519 3217 1770 3287 deﬁciat,
1804 3236 1875 3274 ne
1907 3208 1949 3277 C
1990 3221 2178 3293 ipsius
2208 3218 2639 3275 habitaculum!
2673 3219 2836 3283 Quod
2865 3217 2999 3275 licet
3027 3219 3288 3276 inchoari
3336 3225 3393 3277 et
3438 3219 3639 3294 perﬁci

238 3308 368 3378 quis
411 3324 660 3363 maerore
705 3306 986 3374 tabescat,
1020 3323 1093 3361 ne
1120 3304 1375 3378 aliquem
1406 3305 1641 3361 vincula
1668 3307 1881 3363 obstri-

236 3401 411 3461 ctum,
429 3411 499 3451 ne
521 3394 781 3466 aliquem
811 3392 1024 3449 habeat
1050 3409 1244 3448 carcer
1271 3393 1590 3450 inclusum.
1615 3395 1881 3459 Quantae-

237 3480 374 3539 libet
396 3484 550 3538 enim
573 3482 827 3539 existant
845 3498 1033 3538 causa:
1055 3481 1412 3550 offensionis,
1442 3484 1513 3538 ab
1541 3483 1775 3539 homine
1804 3489 1885 3540 ta-

239 3586 370 3626 men
399 3571 455 3627 ia
488 3571 811 3641 hominem,
838 3587 952 3626 non
974 3574 1095 3625 tam
1119 3571 1313 3627 delicti
1343 3573 1683 3645 magnitudo
1705 3590 1883 3646 quam

239 3663 453 3715 natura
482 3665 572 3716 est
600 3660 911 3732 cogitanda
936 3660 1300 3727 communio;
1335 3665 1400 3715 ut
1428 3661 1498 3715 de
1520 3662 1746 3733 judicio
1768 3679 1884 3734 quo

244 3746 480 3804 alterum
503 3748 753 3821 judicat,
779 3748 1241 3803 misericordiam
1265 3748 1363 3804 Dei
1388 3749 1712 3820 judicantis
1742 3751 1887 3807 obti-

247 3841 397 3891 neat.
420 3839 571 3893 Beati
598 3839 748 3892 enim
777 3837 1167 3906 misericordes,
1200 3839 1458 3909 quoniam
1502 3842 1747 3911 ipsorum
1774 3842 1886 3895 mi-

247 3926 507 3985 serebitur
532 3928 671 3982 Deus
718 3926 925 3995 (Matth.
958 3943 1012 3994 v,
1044 3927 1138 3998 7):
1176 3927 1274 3999 qui
1304 3926 1446 3985 vivit
1492 3932 1550 3983 et
1596 3934 1800 4002 regnat
1830 3929 1889 3984 in

256 4013 460 4070 saecula
486 4013 854 4071 saeculorum.
886 4016 1092 4070 Amen.

610 4182 855 4239 SERMO
888 4181 1113 4237 XLVIII
1145 4182 1253 4253 [ΑΙ.
1286 4182 1521 4255 XLVII].

763 4291 835 4346 De
867 4288 1289 4359 Quadragesima
1317 4291 1374 4345 X.

264 4388 493 4444 Smrsua.
521 4424 578 4432 -—-
616 4397 653 4445 I.
697 4395 785 4445 Ad
832 4395 1078 4461 paschale
1143 4400 1541 4459 sacramentum,
1598 4399 1738 4463 quod
1789 4399 1896 4450 alia

326 4468 483 4515 omnia
525 4469 799 4526 consecrat,
827 4481 1001 4516 omnes
1044 4480 1138 4530 per
1183 4467 1534 4531 quadraginta
1577 4467 1775 4518 dierum
1814 4471 1899 4533 je-

320 4536 509 4596 junium
548 4552 846 4602 preparari!
892 4552 945 4585 se
987 4537 1187 4586 debere.
1220 4539 1413 4587 Gratis:
1458 4541 1688 4603 Operatio
1729 4544 1777 4590 et
1805 4542 1893 4590 hu-

328 4619 468 4656 mana
518 4609 824 4673 cooperalio.
853 4634 912 4643 —
938 4607 1002 4656 ll.
1039 4608 1294 4657 Invidiam
1351 4607 1416 4657 de
1469 4611 1596 4659 bono
1651 4613 1897 4675 proximi,

329 4691 433 4738 qua
472 4678 663 4728 diaboli
702 4680 921 4742 propria
958 4680 1051 4739 est,
1083 4679 1309 4727 maxime
1353 4692 1458 4727 esse
1506 4682 1806 4732 cavendam.
1840 4712 1899 4720 -

328 4748 409 4797 Ill.
435 4749 550 4798 Sine
607 4750 861 4799 charztate
909 4749 1079 4798 nudas
1132 4764 1236 4798 esse
1265 4753 1314 4799 et
1343 4750 1691 4813 infructuosos
1739 4755 1900 4805 virtu-

329 4821 425 4880 tes;
470 4821 664 4869 nullum
719 4819 902 4870 debere
925 4818 1064 4869 illius
1102 4821 1307 4869 virtutis
1359 4834 1463 4870 esse
1517 4824 1810 4876 terminum.
1840 4854 1900 4863 ——

336 4931 607 5059 (ablidem
642 4934 877 4991 codices
907 4952 973 4990 ac
1002 4935 1194 5007 prima
1219 4936 1396 4991 editio
1427 4954 1561 4992 cum
1593 4956 1702 4996 ms.
1730 4940 1899 5010 Bon.,

341 5045 355 5056 .
431 5006 539 5059 ein.
561 5008 816 5059 proﬁteri
845 5024 948 5059 oro
978 5008 1224 5059 conﬁteri
1243 5025 1310 5059 ex
1332 5009 1638 5059 Ouesnalln
1670 5013 1899 5059 retinui.

269 5003 355 5056 sit.
386 5003 539 5077 Dein,
556 5008 816 5079 proﬁteri
845 5024 948 5078 pro
978 5003 1224 5076 conﬁteri
1243 5025 1310 5061 ex
1332 5009 1638 5073 Quesnello
1670 5003 1903 5068 retinui-

272 5089 396 5131 mus
421 5079 759 5134 auctoritate
790 5079 1039 5133 duorum
1074 5095 1215 5133 mss.
1250 5079 1307 5133 S.
1340 5079 1511 5136 Petri.

340 5147 407 5226 (ὑί)
444 5149 984 5226 Edi‘tiLhumanitas,
1036 5149 1538 5226 Emendationem_
1566 5155 1904 5226 suppedita-

274 5221 576 5294 t'pntcodd.
604 5222 666 5277 S.
692 5220 865 5294 Petri,
890 5221 1342 5294 quaegreprobari
1367 5223 1590 5294 nequit,
1617 5220 1748 5280 c'u'm
1772 5244 1907 5283 vera

276 5284 509 5370 hominis
528 5292 816 5370 humilitas
847 5284 991 5347 verae
1013 5284 1415 5370 Dei'majestati
1443 5284 1727 5366 frequenti
1748 5299 1905 5370 apud

275 5356 501 5435 leonem
532 5362 825 5435 locutione
854 5368 1203 5435 apponatur.

340 5433 404 5502 (ε)
432 5433 795 5518 Quesnellus,
834 5433 975 5518 erga.
1007 5435 1271 5515 subditos.
1324 5435 1716 5518 lleposuirpus
1760 5441 1907 5518 circa

280 5514 343 5555 ex
366 5507 571 5580 caeteris
599 5506 775 5580 editis
797 5522 883 5580 ‘ac
903 5505 1217 5580 plerisque
1246 5505 1566 5580 codicibus.
1599 5510 1684 5566 Ita
1730 5512 1906 5567 etiam

284 5585 439 5656 εει-ωε
465 5578 552 5648 50,
586 5594 637 5636 c.
669 5578 706 5635 3
734 5593 747 5635 :
781 5576 905 5637 Sive
920 5576 1291 5655 itaque—circa
1317 5579 1599 5656 subjectos,
1624 5585 1737 5643 sive
1762 5586 1911 5643 circa

284 5647 512 5722 mles.

578 5777 845 5845 Panos.
890 5776 1037 5845 LIV.

1990 3309 2117 3367 sine
2146 3325 2252 3365 suo
2282 3312 2518 3364 auctore
2551 3321 2667 3362 non
2699 3312 2916 3379 possst,
2941 3307 3117 3363 habet
3146 3313 3342 3365 tamen
3373 3308 3445 3366 ab
3467 3309 3645 3365 aediﬁ-

1991 3404 2158 3454 cante
2180 3399 2484 3462 donatum,
2503 3399 2566 3450 ut
2587 3395 2766 3451 etiam
2791 3395 2986 3452 labore
3008 3397 3243 3469 proprio
3265 3401 3488 3470 quaerat
3508 3414 3648 3472 aug-

1995 3484 2430 3543 mentum.Viva
2450 3486 2607 3539 enim
2630 3482 3114 3557 rationabilisque
3136 3486 3407 3542 materies
3428 3487 3500 3542 ad
3524 3502 3648 3543 exs-

1992 3575 2344 3632 tructionem
2362 3573 2565 3645 templi
2590 3572 2772 3644 hujus
2793 3573 3144 3642 assumitur;
3171 3574 3248 3647 (h)
3270 3579 3330 3630 et
3348 3592 3454 3647 per
3481 3575 3649 3647 spiri-

1991 3671 2118 3721 tum
2150 3662 2347 3736 gratiaa
2373 3666 2438 3717 ut
2456 3661 2781 3718 voluntarie
2812 3661 2868 3716 in
2902 3678 3081 3718 unam
3113 3679 3456 3736 compagem
3503 3680 3648 3720 con-

1995 3759 2168 3828 gruat
2197 3751 2495 3808 incitatur.
2514 3752 2648 3815 Quae
2680 3751 2807 3807 ideo
2839 3751 3068 3820 dilecta,
3101 3751 3230 3808 ideo
3261 3752 3507 3824 quaesita
3535 3756 3645 3823 est,

1997 3850 2060 3900 ut
2081 3847 2139 3899 et
2168 3842 2297 3915 ipsa
2318 3857 2387 3896 ex
2418 3857 2532 3896 non
2566 3845 2859 3912 quaerente
2881 3857 3167 3913 quaerens,
3181 3846 3240 3898 et
3267 3858 3335 3898 ex
3366 3858 3483 3899 non
3509 3841 3651 3898 dili-

1997 3936 2168 4007 gente
2198 3931 2275 3986 sit
2303 3929 2823 4002 diligens,dicente
2864 3930 3034 3986 beato
3082 3931 3306 3989 Joanne
3337 3932 3597 4005 apostolo
3631 3949 3647 3990 :

1998 4023 2103 4077 Nos
2132 4036 2258 4090 ergo
2304 4019 2609 4091 diligamus
2649 4020 2901 4090 invicem,
2932 4022 3061 4093 quia
3090 4021 3231 4077 Deus
3254 4023 3414 4095 prior
3456 4022 3653 4079 dilexit

1999 4127 2095 4167 nos
2116 4112 2163 4180 (ι
2180 4111 2337 4166 Joan.
2363 4125 2440 4175 1v,
2461 4108 2569 4179 19).
2585 4107 2731 4163 Cum
2751 4107 2931 4182 igitur
2950 4114 3007 4165 et
3027 4125 3232 4168 omnes
3252 4109 3431 4168 simul
3451 4115 3508 4168 et
3530 4111 3649 4168 sin-

2001 4198 2125 4274 guli
2156 4198 2373 4272 quique
2417 4195 2677 4253 ﬁdelium
2711 4214 2896 4253 unum
2928 4198 3202 4271 idemque
3232 4200 3334 4255 Dei
3365 4200 3651 4272 templum

2003 4289 2141 4356 sint,
2166 4287 2319 4343 sicut
2343 4286 2663 4358 perfectum
2687 4285 2795 4342 hoc
2820 4286 2877 4340 in
2900 4286 3307 4357 universis,ita
3331 4288 3652 4361 perfectum

2004 4378 2174 4438 debet
2195 4370 2323 4433 esse
2344 4375 2402 4430 in
2426 4374 2675 4448 singulis
2694 4392 2707 4431 :
2726 4375 2866 4448 quia
2880 4374 2989 4431 etsi
3014 4393 3128 4431 non
3153 4377 3356 4432 eadem
3374 4379 3461 4433 est
3477 4392 3658 4433 mem-

2006 4468 2243 4523 brorum
2279 4463 2541 4521 omnium
2575 4463 2969 4537 pulchritudo,
2997 4481 3101 4521 nec
3123 4465 3186 4537 (i)
3210 4465 3268 4520 in
3295 4468 3459 4521 tanta
3478 4466 3659 4523 varie-

1928 4575 1976 4640 D
2007 4561 2126 4612 tate
2157 4556 2413 4630 partium
2442 4554 2784 4611 meritorum
2813 4560 3006 4626 potest
3030 4572 3158 4611 esse
3181 4553 3465 4628 parilitas,
3499 4568 3661 4612 com-

2009 4646 2350 4702 munionem
2376 4648 2573 4699 tamen
2597 4642 2817 4698 obtinet
2839 4643 3083 4713 decoris,
3107 4645 3385 4701 connexio
3408 4642 3663 4703 charita-

2008 4734 2107 4790 tis.
2142 4733 2203 4789 In
2235 4735 2436 4789 sancto
2466 4730 2622 4786 enim
2663 4747 2859 4786 amore
2908 4736 3229 4803 consortes,
3262 4733 3495 4790 etiamsi
3544 4751 3662 4792 non

2009 4823 2219 4879 iisdem
2246 4825 2492 4876 utuntur
2510 4821 2710 4893 gratiae
2731 4820 3315 4896 beneﬁciis,gaudent
3343 4829 3541 4881 tamen
3573 4825 3661 4880 in-

2083 4946 2161 5019 (d)
2192 4945 2440 5019 Quidam
2472 4944 2720 5019 codices,
2754 4945 3006 5019 nihilest
3034 4948 3409 5004 excellentius.

2084 4948 2139 5019 (d
2192 4948 2440 5012 Quidam
2472 4948 2720 5013 codices,
2754 4948 2900 5001 nihil
2926 4951 3006 5002 est
3034 4948 3409 5004 excellentius.

2084 4948 2161 5090 (el
2185 5017 2333 5092 Editi
2363 5020 2497 5092 ante
2528 5018 2742 5092 Quesn.
2776 5016 3061 5092 etplures
3093 5020 3286 5089 codd.,
3314 5022 3443 5092 fuit.

2084 5087 2160 5161 (Γ)
2191 5087 2558 5161 Quesnellus,
2591 5087 2873 5161 quidquid;

2086 5159 2160 5231 (ξι)
2192 5161 2365 5214 Deest
2408 5159 2668 5234 fundator
2712 5160 2771 5214 in
2801 5176 2933 5234 _ms.
2966 5162 3134 5234 Corb.
3168 5162 3480 5227 Quesnelli.
3510 5165 3658 5234 Mox,

2009 5234 2309 5304 pretiosum
2340 5248 2442 5304 pro
2467 5233 2768 5304 speciosum
2798 5232 2855 5286 in
2888 5249 3031 5290 mss.
3066 5233 3191 5289 Vat.
3224 5234 3444 5291 collect.
3477 5236 3531 5289 5.

2088 5303 2165 5374 (h)
2185 5303 2569 5374 Restituimus
2588 5303 2892 5358 lectionem
2910 5306 3173 5360 omnium
3191 5305 3510 5361 editionum
3529 5309 3666 5363 ante

2016 5372 2415 5441 Quesnellum,
2444 5391 2572 5441 quae
2603 5375 2739 5429 item
2773 5379 2862 5430 est
2891 5381 3224 5431 nostrorum
3256 5376 3543 5434 codicum.
3565 5377 3667 5435 llle

2018 5444 2412 5522 autem,_nullo
2433 5444 2678 5522 _allegato
2700 5446 2918 5511 codice,
2933 5447 3016 5502 sic
3036 5463 3048 5502 :
3070 5449 3134 5501 Et
3146 5463 3249 5518 per
3265 5448 3522 5518 spiritum
3543 5467 3668 5522 gra-

2015 5518 2114 5574 tiae
2160 5517 2495 5575 voluntaria:
2538 5517 2597 5574 in
2646 5535 2818 5573 unam
2865 5517 3171 5591 compagem
3200 5517 3437 5592 congrue
3465 5517 3669 5582 incita-

2020 5596 2131 5649 tur.

2091 5660 2159 5742 (i)
2189 5661 2331 5724 Tres
2362 5659 2545 5723 nostri
2576 5659 2824 5736 codices,
2857 5662 2918 5725 in
2947 5663 3075 5721 tota.

3273 5793 3351 5863 10
