4098 6188
509 501 695 557 vicem
726 500 896 556 bonis
945 500 1088 567 suis,
1122 503 1177 555 et
1208 516 1320 555 non
1353 500 1540 570 potest
1578 496 1648 550 ab
1680 495 1764 549 eis
1812 498 2148 548 extraneum
2182 494 2235 559 Α

510 607 638 646 esse
668 590 823 662 quod
856 590 1126 661 diligunt,
1152 588 1290 659 quia
1315 586 1671 641 incremento
1703 583 1995 639 (litescunt
2027 598 2159 654 pro-

484 679 659 752 prio,
692 679 790 751 qui
825 678 1084 751 profectu
1116 676 1386 730 laetantur
1417 673 1624 729 alieno.

579 768 715 824 CAP.
737 769 877 824 II.-
900 768 962 822 In
995 766 1124 834 hac,
1148 761 1767 830 dilectissimi,unitate
1797 764 2158 819 sanctorum.

494 848 610 913 iubi
642 858 795 913 idem
824 853 1235 921 amatur,idem
1268 851 1562 923 deligitur,
1588 850 1859 921 idemque
1889 848 2157 915 sentitur,

486 962 617 1004 .nec
648 943 918 1018 superbis
940 942 1103 997 locus
1125 946 1232 1012 est,
1258 957 1361 994 nec
1388 939 1619 1007 invidis,
1645 939 1799 994 182
1822 953 1925 992 nec
1948 935 2158 1005 avaris,

512 1032 883 1108 et'quidquid
908 1035 997 1086 est
1026 1029 1170 1085 illud
1201 1047 1315 1101 quo
1342 1034 1445 1083 aut
1467 1028 1694 1083 vanitas
1725 1026 2028 1099 gloriatur,
2062 1030 2164 1079 aut

512 1129 599 1182 ira
625 1123 805 1190 saevit,
830 1124 932 1175 aut
951 1118 1183 1174 luxuria
1203 1117 1446 1174 lascivit.
1473 1134 1586 1171 non
1610 1117 1667 1171 in
1691 1115 1901 1170 Christi
1926 1115 2157 1179 foedere,

492 1213 614 1271 'sed
646 1212 705 1266 in
736 1208 949 1266 diaboli
997 1212 1160 1279 parte
1191 1211 1480 1271 censetur,
1506 1204 1792 1277 longeque
1841 1220 1874 1256 a
1922 1202 2162 1257 sedibus

512 1300 746 1376 pietatis
766 1296 1111 1355 excluditur.
1137 1295 1348 1351 Fremit
1368 1295 1564 1365 itaque
1592 1292 1933 1347 innocentiae
1962 1291 2161 1345 adver-

490 1392 704 1449 sarius
725 1393 783 1444 et
812 1385 972 1460 pacis
1002 1384 1299 1451 inimicus,
1326 1388 1380 1438 et
1411 1382 1549 1456 quia
1574 1382 1694 1454 ipse
1718 1383 1777 1435 in
1810 1382 2032 1435 veritate
2056 1397 2158 1434 mm

509 1483 655 1538 stetit
677 1482 853 1552 (Joan.
876 1491 998 1542 vm,
1024 1474 1135 1544 44),
1159 1478 1460 1544 totamque
1490 1476 1708 1526 natura:
1742 1488 1858 1525 sua:
1889 1469 2157 1540 gloriam,

510 1574 653 1629 dum
675 1566 959 1639 superbit,
980 1562 1197 1629 amisit,
1213 1562 1369 1617 dolet
1392 1561 1688 1615 hominem
1714 1558 1813 1614 Dei
1839 1558 2162 1613 misericor-

512 1662 610 1719 dia
638 1656 917 1730 reparari,
940 1657 997 1709 et
1025 1653 1083 1708 in
1114 1668 1181 1708 ea
1212 1652 1363 1706 bona
1394 1667 1519 1722 quae
1554 1650 1679 1721 ipse
1705 1647 1957 1721 perdidit
1989 1647 2161 1702 intro-

511 1748 802 1806 duci.Ncc
832 1745 1048 1798 mirum
1093 1744 1141 1796 si
1193 1739 1408 1811 peccati
1444 1742 1645 1793 auctor
1693 1736 1977 1809 probitate
2009 1741 2161 1790 recte

513 1838 812 1913 agentium
839 1834 1151 1897 cruciatur,
1179 1834 1237 1884 et
1258 1845 1459 1883 eorum
1482 1844 1629 1900 quos
1652 1828 1900 1897 dejicere
1922 1843 2035 1881 non
2060 1842 2158 1896 po-
2190 1864 2238 1928 Β

512 1933 627 1986 test
650 1923 967 1982 stabilitate
995 1924 1298 1990 torquetur
1323 1936 1335 1973 :
1361 1916 1835 1989 quandoquidem
1862 1915 2034 1970 etiam
2068 1913 2163 1968 in-

494 2023 602 2074 .ter
632 2013 900 2070 homines
930 2009 1303 2081 reperiuntur
1333 2007 1429 2078 qui
1477 2014 1651 2077 opera
1682 2004 1858 2074 hujus
1893 2003 2163 2075 maligni-

514 2104 653 2162 tatis
710 2100 1034 2156 imitentur.
1071 2096 1235 2151 Multi
1282 2096 1633 2165 enim,quod
1688 2092 2002 2147 dolendum
2055 2098 2162 2159 est,

512 2191 870 2267 profectibus
928 2189 1182 2240 uruntur
1237 2184 1531 2249 alienis((t)
1566 2188 1617 2237 et
1660 2182 1795 2254 quia
1850 2181 2165 2235 virtutibus

489 2284 653 2340 .vitia
668 2277 974 2351 displicere
1006 2278 1310 2339 noverunt,
1336 2277 1640 2328 armantur
1663 2271 1717 2325 in
1742 2288 1939 2325 eorum
1965 2270 2164 2324 odium

513 2385 766 2445 quorum
822 2383 936 2421 non
998 2368 1325 2434 sequuntur
1364 2360 1715 2432 exemplum.
1753 2360 1909 2414 Servi
1969 2364 2163 2413 autem

512 2461 613 2517 Dei
640 2463 696 2515 et
725 2452 999 2527 discipuli
1029 2449 1289 2506 veritatis
1331 2450 1506 2504 etiam
1539 2447 1861 2503 dissimiles
1894 2448 1983 2501 sui
2033 2446 2163 2501 dili-

512 2552 677 2624 gunt,
710 2551 767 2602 et
791 2543 1007 2601 bellum
1037 2541 1195 2595 vitiis
1244 2540 1438 2610 potius
1481 2555 1657 2609 quam
1702 2537 2039 2591 hominibus
2072 2536 2163 2589 in-

513 2639 734 2702 dicunt,
766 2634 913 2688 nulli
957 2630 1169 2685 malum
1209 2644 1309 2699 pro
1358 2628 1502 2681 malo
1546 2626 1821 2681 rettdentcs
1859 2627 2031 2693 (Item.
2060 2642 2160 2691 x11,

515 2728 622 2796 17),
647 2723 747 2779 sed
780 2717 1196 2776 correctionem
1226 2716 1594 2788 peccantium
1619 2730 1849 2785 semper
1870 2717 2160 2784 optantes.

513 2812 831 2869 Pulchrum
862 2806 1016 2862 enim
1069 2803 1235 2859 valde
1274 2807 1383 2869 est,
1409 2807 1465 2856 et
1495 2802 1705 2884 divina:
1757 2801 2163 2857 benevolentia

514 2897 994 2973 comparandum,
1025 2892 1115 2948 sui
1147 2908 1438 2963 quemque
1479 2890 1535 2945 in
1581 2889 1759 2945 altero
1800 2890 2161 2959 meminisse,

517 2995 574 3048 et
602 3002 800 3045 amare
829 2983 1124 3057 propriam
1155 2980 1330 3036 etiam
1366 2979 1426 3034 in
1458 2979 1623 3034 hoste
1653 2984 1941 3034 naturam.
1971 2979 2163 3051 Siqui-

517 3080 648 3135 dem
684 3073 967 3149 plurimos
1000 3070 1074 3141 (ὁ)
1108 3069 1376 3124 novimus
1409 3068 1465 3122 in
1498 3067 1751 3139 optimos
1783 3083 1970 3123 mores
2002 3073 2161 3123 tran-

516 3170 687 3226 siisse
717 3166 786 3221 de
816 3156 1109 3235 pessimis,
1143 3176 1211 3214 ex
1254 3158 1500 3213 ebriosis
1531 3157 1777 3224 sobrios,
1812 3174 1883 3211 ex
1911 3157 2162 3212 crudeli-

514 3260 627 3316 bus
657 3250 1085 3315 misericordes,
1115 3265 1183 3303 ex
1228 3246 1537 3319 rapacibus
1584 3246 1796 3317 largos,
1818 3262 1885 3301 ex
1914 3246 2159 3301 ineonti-
2192 3226 2234 3293 C

513 3345 789 3405 nentibus
831 3345 1043 3407 castos,
1076 3356 1144 3394 ex
1182 3337 1472 3392 ferocibus
1504 3335 1685 3391 factos
1717 3351 1845 3389 esse
1878 3335 2161 3407 tranquil-

512 3437 620 3494 los.
671 3432 909 3490 Dicente
967 3432 1161 3483 autem
1196 3425 1265 3496 (ο)
1300 3423 1541 3480 Domino
1574 3440 1587 3477 :
1622 3425 1737 3478 Non
1794 3424 1920 3478 veni
1976 3440 2164 3481 vocare

503 3526 702 3599 justas,
730 3520 820 3577 sed
846 3521 1149 3591 peccatores
1184 3515 1389 3587 (Matth.
1419 3531 1495 3578 ιχ,
1522 3514 1630 3583 13),
1667 3512 1808 3568 nulli
1834 3512 2163 3569 Christiano

514 3626 871 3689 quemquam
921 3607 1115 3663 odisse
1146 3602 1523 3676 permittitur,
1550 3602 1687 3673 quia
1740 3620 1909 3657 nemo
1960 3602 2069 3657 nisi
2105 3604 2160 3658 in

512 3702 857 3762 remissione
889 3700 1259 3769 peccatorum
1286 3691 1573 3758 salvetur;
1599 3695 1655 3745 et
1682 3708 1829 3761 quos
1858 3690 1998 3746 viles
2031 3692 2164 3747 fecit

484 3772 765 3850 carnalis
796 3784 1105 3857 sapientia,
1128 3781 1422 3837 nescimus
1452 3796 1627 3851 quam
1674 3779 1958 3850 pretiosos
1991 3781 2162 3852 spiri-

514 3881 654 3939 talis
684 3880 909 3934 factura
939 3872 1014 3928 sit
1042 3870 1250 3943 gratia.

583 3974 717 4025 CAP.
745 3960 1014 4021 IlI.—Sit
1035 3976 1170 4031 ergo
1201 3963 1439 4014 sanctus
1462 3956 1561 4012 Dei
1586 3954 1859 4027 populus,
1893 3957 1968 4011 sit
2000 3957 2158 4013 beni-

513 4074 668 4136 gnus
700 4075 713 4112 :
746 4057 1004 4115 sanctus,
1030 4053 1095 4103 ut
1124 4044 1375 4102 declinet
1405 4044 1727 4136 prohibita;
1762 4045 2073 4136 benignus,
2101 4053 2162 4103 ut

511 4135 687 4206 faciat
715 4144 1017 4215 imperata.
1042 4136 1317 4204 Quamvis
1345 4135 1502 4190 enim
1530 4149 1809 4205 magnum
1842 4135 1918 4189 sit
1948 4136 2160 4192 habere

511 4238 688 4294 ﬁdem
720 4239 935 4289 rectam
968 4241 1287 4297 sanamque
1312 4222 1663 4287 doctrinam,
1688 4227 1743 4277 et
1774 4223 1957 4278 multa
1987 4224 2159 4281 laude

510 4326 688 4399 digna
718 4322 795 4378 sit
824 4314 1191 4374 circumcisio
1223 4313 1392 4387 gulaz,
1416 4312 1630 4368 lenitas
1662 4314 2153 4384 mansuetudinis,

472 4470 477 4477 ,
507 4413 736 4489 puritas
757 4406 1063 4471 castitatis,
1080 4404 1248 4459 nudae
1272 4407 1409 4459 sunt
1436 4407 1623 4457 tamen
1654 4418 1856 4457 omnes
1879 4403 2003 4458 sine
2024 4405 2155 4460 cha-

507 4506 678 4560 ritate
721 4499 987 4563 virtutes,
1023 4510 1126 4549 nec
1178 4497 1367 4565 potest
1398 4491 1509 4545 dici
1540 4490 1597 4545 in
1632 4490 1889 4562 qualibet
1923 4510 2149 4548 morum

472 4650 475 4651 ν
506 4587 844 4650 excellentia
875 4586 1237 4639 fructuosum
1268 4581 1420 4652 quod
1456 4596 1567 4634 non
1600 4577 1927 4633 dilectionis
1952 4585 2152 4651 partus
2185 4591 2229 4654 ι)

506 4678 769 4737 ediderit.
794 4675 956 4730 Unde
983 4673 1040 4726 in
1068 4670 1312 4727 Joannis
1334 4666 1639 4740 Evangelio
1664 4668 1947 4723 Dominus
1969 4669 2110 4724 dicit
2135 4686 2147 4723 :

576 4830 655 4900 (τι)
688 4826 861 4900 Editi,
892 4833 942 4880 et
968 4825 1097 4900 quia
1124 4840 1179 4877 se
1209 4821 1499 4900 vigtuIibus
1538 4834 1729 4873 vacuos
1759 4819 2148 4900 (Inspiciamu-

504 4890 653 4958 ruiit'.
671 4900 755 4954 Ita
771 4890 943 4953 etiam
966 4890 1159 4966 plures
1176 4894 1369 4962 codd.,
1385 4906 1632 4966 quorum
1646 4906 1805 4966 (unus
1822 4890 2057 4966 omittit,
2072 4907 2147 4966 se,

506 4973 657 5030 alius
687 4987 837 5035 vero,
862 4972 911 5023 (τι
941 4960 1037 5037 (ιήἰ
1064 4982 1137 5021 se.
1162 4966 1301 5037 Haec
1324 4960 1524 5037 autem
1551 4960 1740 5037 lectio,
1763 4977 1886 5037 quae
1918 4978 1951 5015 a
1980 4962 2150 5017 benis

507 5044 694 5101 malos
726 5032 1212 5111 despici'indicat,
1238 5032 1524 5111 adversati
1550 5032 1775 5084 v?rleti2r
1797 5034 2149 5111 subsequen-

496 5116 662 5171 tibus
692 5104 956 5168 Auctoris
984 5109 1194 5171 verbis,
1218 5106 1432 5178 quibus
1477 5108 1657 5178 bonos
1691 5120 1803 5178 non
1848 5104 1907 5157 in
1939 5106 2143 5178 malos,

503 5187 604 5243 sed
636 5185 696 5240 in
724 5183 863 5239 vitia
891 5181 1041 5237 male
1073 5173 1363 5234 animatos
1406 5173 1853 5245 atﬁrmat.Hine
1890 5176 2144 5245 pratu'i-

503 5276 637 5313 mus
665 5256 969 5311 lectionem
1005 5252 1251 5307 duorum
1287 5265 1427 5302 mss.
1456 5251 1510 5299 S.
1546 5244 1697 5299 Petri
1731 5251 1785 5299 et
1818 5244 1993 5300 unius
2020 5247 2140 5301 Vat.

597 5330 645 5386 bi
669 5330 904 5392 Quesn.,
937 5324 1267 5392 noverimus.

597 5334 645 5386 bl
669 5334 904 5392 Quesn.,
937 5338 1267 5379 noverimus.

570 5334 638 5471 ἐς)
662 5399 785 5453 Duo
806 5391 1231 5471 (φάψ-Βρεμνί
1254 5388 1496 5455 addunt,
1519 5386 1998 5471 calumniantibus
2009 5389 2151 5469 ptem.

458 5457 676 5532 ,ristéis
725 5471 774 5524 et
821 5466 1035 5522 scribis.
1070 5462 1234 5527 Dein,
1268 5476 1433 5532 quam
1480 5457 1742 5528 speciosus
1788 5466 1839 5532 et
1883 5462 2140 5529 pretiosos

493 5535 1037 5614 spiritalisjeth‘in
1073 5528 1540 5614 prim-acditipne
1570 5532 1625 5614 et
1655 5543 1765 5614 ms.
1793 5528 1938 5614 gon.
2021 5599 2032 5611 θ

562 5612 641 5745 (ιΫ
661 5599 839 5667 Codd.
865 5599 1017 5661 Vatt.
1037 5599 1255 5661 cellect.
1284 5603 1313 5656 4
1343 5605 1401 5655 et
1428 5602 1483 5667 5,
1508 5599 1774 5681 habeatis.
1793 5599 1919 5654 Mox
1949 5599 2131 5672 prima

566 5683 608 5744 it
636 5700 667 5742 ο
693 5699 706 5744 :
730 5678 876 5743 Unde
892 5679 953 5736 in
975 5676 1204 5745 epistola
1225 5672 1462 5745 ejusdem
1487 5670 1773 5742 Evangelii
1792 5669 1941 5745 (lege
1971 5688 2131 5731 evan-

489 5669 667 5748 editio
693 5699 706 5744 :
730 5678 876 5743 Unde
892 5679 953 5736 in
975 5676 1204 5757 epistola
1225 5672 1462 5751 ejusdem
1487 5670 1774 5742 Evangelii
1792 5669 2135 5747 (lege'evan-

1621 364 1684 424 S.
1733 359 2014 422 LOENlS
2060 355 2313 420 MAGNI
2360 356 2800 420 SERMONES.

3752 366 3853 427 300

2264 493 2323 546 In
2353 493 2449 544 hoc
2476 502 2789 562 agnoscent
2838 509 3017 547 omnis
3062 494 3188 564 quia
3224 495 3329 547 mei
3377 494 3613 564 -liscipuli
3656 501 3786 563 estis,
3814 503 3852 553 si

2271 580 2700 651 dilectioncmbl)
2724 584 3025 637 habueritis
3055 583 3129 638 ad
3174 583 3399 638 invicem
3427 585 3595 650 (Joan.
3624 601 3731 651 xm,
3760 587 3854 657 35);

2269 673 2325 723 et
2355 670 2411 723 in
2446 670 2707 739 ejusdem
2739 670 2981 742 apostoli
3014 670 3273 742 Epistola
3297 670 3535 743 legitur:
3560 673 3856 741 Charissimi,

2267 758 2567 827 diligamus
2590 762 2838 825 invicem,
2866 762 3123 832 quoniam
3154 762 3305 816 183
3332 760 3562 815 Charitas
3591 778 3654 816 0.1:
3676 764 3763 817 Deo
3781 768 3862 830 est,

2269 854 2319 902 et
2370 851 2547 903 omnis
2595 852 2691 921 qui
2736 850 2940 920 diligit,
2967 866 3035 903 ελ)
3065 850 3168 904 Deo
3197 857 3357 903 natus
3411 853 3487 905 est
3540 858 3587 905 et
3636 854 3868 921 cognoscit

2268 936 2437 991 Deum
2469 955 2487 991 :
2517 945 2564 992 et
2596 939 2691 1009 qui
2722 955 2829 992 non
2858 938 3059 1008 diligit,
3090 954 3200 992 non.
3244 939 3395 992 novit
3446 939 3629 1004 Deum,
3648 943 3872 1010 quoniam

2268 1027 2405 1081 Deus
2434 1026 2676 1081 elmritas
2702 1037 2776 1082 est
2807 1029 2849 1099 (Ι
2876 1031 3038 1084 Joan.
3064 1044 3136 1096 1v,
3157 1029 3211 1093 7,
3235 1030 3309 1095 8).
3336 1026 3650 1081 Discutiant
3678 1045 3797 1100 ergo
3823 1046 3873 1083 se

2274 1114 2531 1169 tidelium
2566 1121 2809 1181 mentes,
2838 1121 2893 1170 et
2923 1115 3159 1171 intimos
3192 1115 3281 1170 sui
3304 1115 3493 1169 cordis
3516 1116 3739 1170 atiectus
3767 1134 3878 1171 vera

2271 1203 2698 1261 examinatione
2744 1205 3095 1275 diiudicent;
3129 1206 3200 1275 (c)
3231 1221 3295 1259 ac
3347 1203 3394 1258 si
3446 1205 3745 1275 repositum
3790 1204 3875 1258 ali—

2271 1294 2410 1364 quid
2447 1294 2503 1349 in
2537 1294 2907 1349 conscientiis
2936 1294 3059 1349 suis
3094 1294 3163 1350 de
3189 1293 3473 1348 fructibus
3505 1293 3787 1349 charitatis
3815 1295 3880 1347 in-

2270 1383 2551 1447 venerint,
2585 1382 2763 1437 Deum
2800 1383 2905 1436 sibi
2941 1384 3131 1437 inesse
3164 1399 3277 1437 non
3310 1382 3593 1446 dubitent,
3621 1386 3674 1436 ct
3703 1386 3757 1435 ut
3786 1398 3883 1436 ma-

2270 1472 2358 1544 gis
2392 1473 2695 1543 magisque
2738 1473 2883 1526 tanti
2935 1472 3182 1544 hospitis
3232 1471 3351 1527 sint
3398 1487 3634 1543 capaces
3658 1471 3743 1540 if),
3767 1470 3885 1524 {iant

2272 1561 2694 1631 perseverantis
2727 1561 3139 1617 misericordiae
3186 1560 3464 1632 operibus
3498 1559 3809 1630 ampliores.
3838 1559 3885 1613 Si

2270 1649 2427 1703 enim
2456 1649 2687 1705 dilectio
2713 1655 2861 1705 Deus
2885 1654 2991 1717 est,
3029 1649 3256 1704 nullum
3289 1648 3504 1704 habere
3535 1648 3698 1703 debet
3716 1646 3887 1702 termi-

2271 1754 2411 1792 num
2443 1737 2717 1804 charitas,
2742 1740 2880 1809 quia
2902 1738 3062 1793 nullo
3095 1742 3285 1809 potest
3316 1737 3511 1793 claudi
3547 1737 3655 1791 {ine
3684 1735 3889 1790 Divitas.

2339 1829 2472 1881 CAP.
2495 1827 2660 1881 lV.—
2677 1829 2758 1881 Ad
2780 1827 3165 1882 exercendum
3183 1823 3892 1899 igitur,dilectissimi,cha-

2274 1916 2466 1970 ritatis
2490 1917 2726 1983 bonum,
2744 1916 3013 1988 quamvis
3036 1921 3267 1987 tempus
3286 1932 3465 1971 omne
3488 1916 3566 1970 sit
3583 1930 3892 1986 congruum,

2274 2010 2588 2076 praesentes
2624 2010 2819 2061 tamen
2868 2005 2992 2060 dies
3040 2003 3356 2077 specialius
3408 2003 3775 2059 cohortantur
3803 2019 3814 2055 :
3846 2006 3895 2055 ut

2276 2094 2376 2165 qui
2408 2094 2627 2148 Pascha
2659 2094 2889 2149 Domini
2922 2094 3165 2165 cupiunt
3197 2111 3333 2148 eum
3374 2094 3558 2148 animi
3592 2097 3647 2147 et
3676 2091 3898 2162 corporis

2276 2183 2731 2238 sanctiﬁcatione
2762 2182 3239 2254 suseipere,hanc
3272 2181 3534 2237 maxime
3566 2180 3797 2252 gratiam
3819 2195 3896 2231 co-

2276 2276 2487 2326 nentur
2506 2272 2953 2343 aequirere,qua
2978 2275 3031 2325 et
3054 2270 3318 2325 omnium
3347 2270 3678 2325 continetur
3700 2282 3905 2322 summa

2275 2362 2576 2425 virtutum,
2602 2366 2657 2415 et
2686 2359 2999 2415 multitude
3032 2360 3248 2431 tegitur
3278 2363 3680 2429 peccatorum.
3708 2356 3765 2410 Et
3798 2356 3903 2408 ideo

2274 2448 2563 2504 celebrata
2575 2448 2616 2502 ri
2634 2449 2775 2503 illud
2792 2449 3055 2503 eminens
3069 2465 3244 2519 super
3255 2448 3463 2503 omnia
3479 2448 3904 2505 sacramentum,

2273 2556 2388 2609 quo
2421 2537 2756 2608 iniquitates
2788 2543 3017 2591 nostras
3045 2538 3182 2591 Jesu
3217 2536 3439 2591 Christi
3471 2535 3713 2608 sanguis
3741 2531 3907 2587 abole-

2272 2625 2789 2693 vit,misericordi;r
2810 2625 3083 2697 primitus
3102 2625 3327 2680 hostias
3348 2624 3910 2698 przeparemus(g);ut

2273 2716 2427 2787 quod
2452 2715 2618 2770 nobis
2641 2715 2869 2770 bonitas
2898 2714 2996 2770 Dei
3020 2714 3286 2782 contulit,
3317 2732 3433 2769 nos
3456 2729 3691 2786 quoque
3719 2711 3796 2767 eis
3826 2710 3908 2781 qui

2272 2804 2330 2859 in
2365 2821 2468 2859 nos
2495 2820 2801 2875 peccavere
2832 2808 3194 2873 prazstemus.
3218 2808 3280 2856 1n
3305 2803 3678 2858 oblivionnm
3700 2800 3909 2854 mittan-

2272 2897 2368 2948 tur
2396 2890 3024 2964 injuriagsupplieium
3071 2893 3198 2962 jom
3245 2892 3525 2947 nesciant
3569 2890 3767 2961 culpae,
3799 2891 3849 2943 et
3889 2903 3917 2940 a

2273 2982 2534 3036 vindicta:
2571 2986 2726 3035 metu
2777 2998 2980 3036 omnes
3010 2980 3090 3050 (Ιι)
3123 2980 3507 3035 subditorum
3564 2979 3915 3036 absolvantur

2272 3073 2523 3126 offensa»
2552 3070 2851 3125 Neminem
2884 3071 3117 3124 teneant
3148 3068 3413 3125 claustra
3446 3068 3723 3142 pcunalia,
3746 3083 3842 3123 nec
3868 3064 3915 3118 in

2273 3160 2557 3215 custodiis
2589 3158 2908 3214 tenebrosis
2954 3158 3149 3213 tristes
3182 3174 3423 3213 reorum
3456 3159 3716 3232 gemitus
3748 3170 3915 3228 perse-

2272 3253 2488 3305 verent.
2521 3248 2576 3302 Si
2625 3248 2938 3320 quisquam
2970 3246 3113 3302 tales
3163 3264 3266 3318 pro
3319 3247 3531 3320 aliquo
3582 3245 3789 3302 delicto
3836 3242 3920 3297 ob-

2273 3339 2474 3393 noxios
2522 3342 2700 3402 tenet,
2734 3343 3089 3409 peccaterem
3121 3353 3182 3391 se
3230 3353 3366 3392 esse
3422 3355 3545 3392 non
3597 3335 3847 3398 dubitet;
3877 3334 3923 3385 et

2272 3432 2335 3481 ut
2367 3427 2791 3499 indulgentiam
2816 3426 2939 3498 ipse
2970 3424 3235 3497 accipiat,
3260 3426 3533 3497 gaudeat
3556 3442 3620 3481 se
3653 3422 3927 3479 invenisse

2272 3517 2362 3571 cui
2397 3521 2615 3587 parcat,
2649 3520 2711 3570 ut
2755 3532 2887 3570 cum
2932 3516 3256 3570 secundum
3288 3514 3640 3569 doctrinam
3679 3512 3771 3567 Dei
3801 3510 3927 3565 diei-

2274 3621 2406 3659 mus
2432 3623 2443 3659 :
2478 3606 2695 3659 Dimitte
2727 3606 2880 3659 nobis
2908 3604 3085 3658 debita
3112 3608 3296 3658 nostra
3330 3606 3481 3659 sicut
3510 3612 3565 3659 et
3590 3620 3690 3658 nos
3721 3600 3930 3657 dimitti-

2270 3713 2391 3750 mus
2423 3695 2754 3749 debitoribus
2780 3694 2977 3748 uostris
3007 3693 3211 3763 (Matth.
3237 3710 3313 3760 v1,
3353 3695 3473 3761 12),
3512 3711 3631 3748 non
3681 3691 3929 3761 ambiga-

2273 3801 2404 3838 mus
2437 3801 2539 3855 per
2567 3788 2775 3839 nostras
2802 3782 3082 3838 orationis
3110 3782 3389 3850 formam,
3412 3782 3693 3837 divinam
3718 3795 3820 3835 nos
3848 3776 3932 3832 ob-

2271 3873 2453 3927 tinere
2484 3871 2873 3927 clementiam.

2341 3964 2474 4018 CAP.
2510 3962 2573 4013 V.
2596 3992 2656 4001 -—
2680 3961 2740 4015 In
2777 3976 3058 4032 pauperes
3093 3974 3329 4030 quoque
3361 3963 3423 4013 et
3457 3959 3719 4014 diversis
3749 3951 3935 4011 debili-

2269 4056 2488 4110 tatibus
2520 4050 2828 4122 impeditos
2854 4047 3158 4118 benignior
3185 4063 3341 4101 nunc
3370 4045 3638 4121 largitas
3659 4049 3936 4106 exeratur,

2268 4150 2331 4200 ut
2363 4142 2557 4216 gratia:
2582 4141 2694 4195 Deo
2723 4137 3039 4193 multorum
3062 4152 3198 4191 voce
3230 4135 3602 4202 referantur,
3623 4140 3684 4191 et
3706 4129 3937 4206 jejuniis

2268 4233 2482 4290 nostris
2527 4227 2821 4301 egentium
2874 4225 3104 4281 refectio
3155 4223 3755 4296 sutiragetur.Nulla
3797 4219 3940 4277 enim

2266 4322 2566 4380 devotione
2591 4317 2850 4373 ﬁdelium
2875 4314 3062 4386 magis
3083 4312 3369 4369 Dominus
3393 4312 3938 4383 delectatur,quam

2264 4415 2374 4468 ista
2398 4427 2521 4482 qius
2556 4406 2909 4479 pauperibus
2940 4407 3068 4474 ejus
3098 4402 3582 4473 impenditur,et
3617 4401 3721 4457 ubi
3758 4413 3944 4456 curam

2264 4497 2674 4556 misericordiae
2692 4492 3015 4557 invenit,ibi
3030 4491 3345 4563 imaginem
3364 4508 3500 4545 sua:
3520 4490 3945 4563 pietatisagno-

2260 4589 2515 4646 scit.Non
2535 4585 2811 4640 timeatur
2828 4582 2884 4636 in
2905 4582 2975 4635 iis
2993 4580 3260 4652 expensis
3280 4579 3550 4636 defectio
3572 4580 3946 4636 facultatum.

2262 4678 2538 4751 quoniam
2572 4675 2699 4746 ipsa
2730 4671 3059 4743 benignitas
3089 4686 3301 4741 magna
3323 4670 3699 4724 substantia
3723 4673 3834 4732 est,
3856 4680 3949 4719 nec

2296 4802 2487 4867 διέδεξε)
2507 4802 2725 4868 tegitur.
2743 4796 2887 4851 Dein
2914 4798 3043 4866 post
3062 4811 3247 4865 voces,
3263 4794 3360 4864 qui
3381 4794 3621 4864 diligit,
3641 4795 3678 4850 d
3693 4811 3767 4849 uo
3790 4790 3950 4850 codd.

2296 4824 2487 4867 t’ttSlt‘L’)
2507 4824 2725 4868 tegitur.
2744 4824 2887 4851 umu
2914 4824 3043 4866 pum.
3067 4824 3128 4849 γυ

2258 4824 2387 4929 ἕτειῐ.
2424 4874 2665 4935 addunt,
2697 4872 2927 4939 fratrem
2953 4882 3133 4920 suum.

2330 4946 2399 5017 (ε)
2434 4945 2626 5017 Prima
2654 4940 2850 5017 editio,
2880 4946 2936 4991 ut
2962 4939 3032 4991 si.

2330 5003 2401 5085 δί’)
2436 5015 2645 5070 Eadem
2681 5012 2854 5065 editio
2878 5025 2989 5085 (nec
3018 5024 3127 5085 non
3148 5006 3638 5085 Antuerpiensis
3672 5024 3775 5061 an.

2256 5076 2395 5161 ad}:
2416 5094 2825 5158 pcrsererunzu'
2866 5083 2919 5134 in
2965 5078 3359 5133 misericordia!
3394 5080 3684 5149 operibus
3719 5076 3956 5147 amplio-

2255 5178 2340 5217 res
2347 5204 2357 5215 .

2326 5230 2529 5303 (g)§ic
2560 5244 2627 5281 ex
2658 5224 2889 5303 duobus
2922 5238 3065 5276 mss.
3100 5220 3157 5274 S.
3190 5217 3361 5303 Pet/ri.
3402 5218 3631 5303 Al.,net
3666 5220 3839 5302 quod.

2326 5291 2400 5373 (ἦ)
2424 5301 2635 5373 Vocem
2668 5296 3025 5373 subditorum,
3066 5308 3243 5373 quam
3276 5291 3671 5373 Quosnellus
3707 5291 3770 5345 in
3808 5304 3961 5373 mar-

2250 5360 2443 5447 ginem
2480 5372 2773 5447 rejecerat,
2812 5383 2880 5420 ex
2925 5360 3311 5447 anterioribus
3339 5361 3561 5447 “editis
3614 5360 3961 5447 ael‘nostris

2249 5431 2415 5502 codd.
2441 5431 2827 5500 restituimus,
2854 5453 2985 5491 cum
3019 5434 3277 5489 solemne
3304 5431 3383 5485 sit
3408 5432 3479 5486 S.
3511 5435 3811 5505 pontifici
3837 5433 3964 5505 hor:

2248 5499 2468 5575 turbnt
2495 5515 2641 5587 circa
2673 5509 2913 5564 subditos
2958 5507 3135 5587 omnis
3181 5505 3409 5587 o‘ﬂi'nsti‘
3430 5499 3851 5587 trtinsferatur
3900 5499 3965 5587 ait

2246 5572 2482 5656 vitam,
2505 5589 2569 5639 ut
2596 5584 2652 5637 in
2672 5597 2855 5656 serui.
2887 5572 3267 5656 antecedenti,
3296 5590 3343 5656 (ξ.
3364 5572 3434 5656 β,
3466 5582 3537 5632 et
3574 5572 3888 5634 similiter
3911 5577 3969 5631 in

2246 5642 2398 5720 aliis.
2426 5642 2632 5718 Postea
2660 5649 3028 5721 Quesnellus,
3060 5649 3123 5707 Si
3151 5648 3272 5722 quis
3300 5642 3472 5704 tales.
