4098 6188
237 297 321 368 30.9

1698 299 1981 368 SEBMO.
2005 299 2104 367 LI.

3480 301 3605 404 δίο,

237 447 368 490 aures
398 429 1009 509 eorporisinteriorem
1027 436 1326 496 mentium
1345 439 1679 496 nostrarum
1703 433 1856 494 198
1883 433 1941 505 Α
1967 433 2106 496 Jesu
2136 435 2530 514 increpatione
2561 406 2880 515 chrreptus,
2898 442 2955 498 et
2975 437 3046 499 ad
3069 437 3444 516 cupiditatem
3467 455 3606 516 par-

234 521 763 598 pulsavilauditum,
797 526 868 582 ad
903 527 1101 601 magni
1128 527 1486 586 sacramenti
1518 545 1624 585 nos
1649 525 1858 584 intelli-

230 614 454 688 gentiam
487 619 692 670 vocat:
728 633 900 688 quam
935 617 1231 690 aspirante
1276 617 1462 691 gratia
1493 617 1594 673 Dei
1627 617 1855 672 facilius

227 719 604 776 assequemur,
621 704 671 760 si
693 705 1216 762 considerationem
1237 715 1498 764 nostram
1534 707 1606 763 ad
1637 725 1704 763 ea
1724 725 1850 780 quae

226 792 284 864 (α)
301 791 468 864 paulo
491 795 765 866 superius
787 800 923 850 sunt
943 801 1196 863 narrata,
1223 797 1564 852 referamus.
1589 795 1851 852 Salvator

225 881 344 936 enim
368 881 620 938 humani
645 884 871 954 generis
889 885 1061 941 Jesus
1075 885 1343 941 Christus
1365 887 1622 942 condens
1637 902 1763 941 eam
1784 886 1847 940 ii-
1899 924 1905 930 -

224 970 324 1025 dem
340 987 472 1042 qua).
491 975 548 1026 et
580 971 792 1044 impios
823 973 892 1028 ad
912 974 1206 1045 justitiam
1239 981 1295 1030 et
1326 978 1588 1032 mortuos
1619 980 1846 1030 revocat

223 1059 275 1113 ad
299 1059 501 1124 vitam,
535 1061 605 1114 ad
640 1059 748 1116 hoc
779 1062 1098 1133 discipulos
1131 1080 1269 1119 suos
1301 1063 1574 1118 doctrina:
1606 1063 1844 1120 monitis

221 1153 262 1204 et
287 1165 528 1220 operum
547 1148 847 1204 miraculis
877 1149 1196 1217 imbuebat,
1223 1154 1285 1205 ut
1308 1153 1455 1206 idem
1488 1151 1756 1207 Christus
1789 1156 1845 1207 et

220 1236 539 1308 unigenitus
569 1237 670 1292 Dei
701 1243 760 1293 et
807 1238 1065 1294 hominis
1095 1240 1274 1296 Filius
1313 1241 1660 1296 crederetur.
1695 1241 1839 1296 Nam

219 1343 370 1380 unum
403 1326 622 1381 horum
655 1326 781 1382 sine
811 1327 991 1384 altero
1013 1345 1129 1383 non
1161 1331 1433 1400 proderat
1465 1330 1536 1385 ad
1568 1329 1837 1398 salutem,

217 1420 258 1470 et
282 1415 518 1487 aequalis
535 1419 661 1470 erat
683 1415 943 1487 periculi,
963 1417 1278 1473 Dominum
1301 1417 1502 1473 Jesum
1519 1417 1836 1486 Christum,

216 1509 292 1559 aut
306 1503 488 1560 Deum
511 1505 920 1560 tantummodo
945 1505 1070 1561 sine
1089 1505 1450 1571 homine,aut
1473 1506 1598 1562 sine
1623 1513 1731 1563 Deo
1754 1525 1841 1562 so-

214 1590 308 1646 lum
329 1591 631 1648 hominem
655 1592 993 1662 credidisse,
1019 1611 1153 1650 eum
1177 1598 1496 1666 utrumque
1520 1601 1672 1651 esset
1692 1595 1839 1668 pari-

213 1686 280 1736 ter
303 1681 702 1736 confitendum
731 1698 744 1736 :
779 1681 917 1752 quia
963 1683 1114 1738 sicut
1160 1688 1270 1740 [‘eo
1312 1700 1446 1739 vero.
1477 1684 1836 1755 humanitas,

216 1770 278 1825 ita
300 1768 729 1825 hominiinerat
759 1787 892 1826 vera
919 1771 1226 1828 Divinitas.
1260 1773 1342 1828 Ad
1375 1775 1836 1828 confirmandam
1868 1809 1915 1874 B

213 1875 325 1931 ergo
339 1858 518 1930 hujus
538 1859 674 1914 fidei
691 1859 764 1931 (b)
783 1859 1228 1916 saluberrimam
1253 1863 1639 1934 cognitionem
1665 1863 1840 1918 inter-

218 1951 487 2020 rogaverat
533 1947 859 2020 discipulos
891 1966 1028 2005 suos
1065 1951 1362 2016 Dominus,
1397 1951 1546 2007 inter
1574 1952 1836 2008 diversas

217 2035 432 2092 aliorum
464 2035 776 2108 opiniones
798 2037 936 2108 quid
957 2037 1073 2110 ipsi
1096 2039 1166 2094 de
1187 2055 1252 2093 eo
1281 2039 1599 2107 crederent,
1625 2039 1837 2110 quidve

217 2126 502 2180 sentirent:
557 2125 654 2180 ubi
695 2125 902 2182 Petrus
950 2128 1249 2200 apostolus
1281 2145 1383 2200 per
1429 2129 1835 2186 revelationem

215 2215 603 2270 summiPatris
615 2231 894 2288 corporea
907 2233 1193 2289 superans
1205 2217 1530 2274 ethumana
1543 2223 1836 2275 transcen-

215 2302 360 2370 dens,
379 2304 522 2358 vidit
541 2305 761 2361 mentis
783 2304 968 2361 oculis
993 2305 1203 2361 Filium
1231 2307 1327 2362 Dei
1358 2308 1494 2374 vivi,
1529 2313 1584 2364 et
1605 2309 1836 2366 confes-

213 2407 302 2447 sus
323 2398 403 2448 est
420 2393 666 2465 gloriam
693 2392 1032 2467 Deitatis,(c)
1053 2395 1190 2467 quia
1213 2413 1328 2451 non
1347 2397 1418 2452 ad
1442 2395 1626 2452 solam
1649 2415 1838 2470 respe-

212 2481 286 2536 xit
304 2482 683 2538 substantiam
719 2483 910 2538 carnis
935 2489 993 2539 et
1023 2485 1349 2558 sanguinis.
1384 2487 1755 2559 Tantumque
1777 2487 1834 2542 in

215 2568 310 2625 hac
335 2571 456 2626 ﬁdei
473 2571 836 2627 sublimitate
858 2571 1303 2644 complacuit,ut
1320 2575 1696 2632 beatitudinis
1721 2576 1839 2632 feli-

217 2657 371 2714 citate
387 2659 636 2714 donatus
660 2677 888 2715 sacram
903 2660 1250 2717 inviolabilis
1265 2668 1439 2734 petrae
1453 2663 1568 2719 aeci
1578 2669 1736 2736 peret
1752 2666 1840 2719 fir-

217 2746 479 2814 mitatem,
504 2765 686 2820 super
715 2765 894 2820 quam
927 2751 1170 2806 fundata
1196 2751 1448 2808 Ecclesia
1469 2753 1650 2824 portis
1669 2753 1838 2808 inferi

213 2839 264 2890 et
293 2836 486 2893 mortis
514 2837 746 2910 legibus
776 2838 1131 2910 praevaleret,
1163 2857 1269 2896 nec
1297 2841 1356 2895 in
1403 2840 1695 2898 solvendis
1741 2847 1842 2898 aut

213 2921 448 2996 ligandis
473 2943 981 3000 quorumcumque
1002 2929 1196 2986 causis
1217 2929 1374 2985 aliud
1394 2935 1585 2986 ratum
1609 2935 1762 2987 esset
1783 2931 1840 2986 in

213 3012 366 3068 oculis
393 3031 562 3086 quam
593 3015 752 3086 quod
788 3016 936 3072 Petri
968 3018 1217 3074 sedisset
1245 3019 1502 3075 arbitrio.

278 3102 406 3157 CAP.
433 3105 498 3158 ll.
522 3135 590 3143 —
624 3104 754 3160 Haec
786 3111 1004 3171 autem,
1038 3106 1424 3174 dilectissimi,
1476 3109 1724 3164 laudatae
1756 3109 1842 3164 in-

1961 529 2270 602 ticipandaa
2315 547 2447 587 cum
2479 546 2546 588 eo
2577 530 2869 603 passionis
2916 532 3213 588 animatus
3251 536 3358 589 est.
3390 531 3602 589 Subse-

1965 636 2152 691 quens
2175 632 2246 693 (g)
2279 621 2435 675 enim
2466 619 2788 676 exhortatio
2807 620 3122 678 Salvatoris
3150 620 3601 693 hocinspiravit,

1963 707 2072 765 hoc
2095 709 2310 776 docuit,
2334 713 2398 764 ut
2416 707 2670 765 volentes
2703 725 2833 764 eum
2860 711 3045 782 sequi,
3070 713 3346 783 negarent
3371 727 3434 766 se
3465 709 3598 778 sibi,

1958 800 2013 853 et
2033 815 2137 870 pro
2151 815 2250 870 spe
2267 803 2437 853 zetcrn
2447 815 2614 854 orum
2638 796 3001 854 levissimum
3023 799 3600 871 dueerenttempora-

1955 885 2098 941 lium
2133 887 2575 942 detrimentum:
2609 886 2749 958 quia
2779 886 2829 942 is
2865 888 3101 942 demum
3137 887 3393 944 animam
3425 904 3596 944 suam

1955 973 2174 1030 salvam
2202 975 2430 1041 faceret,
2462 975 2558 1046 qui
2593 991 2720 1031 eam
2755 991 2854 1045 pro
2877 974 3103 1030 Christo
3125 976 3362 1047 perdere
3388 992 3500 1031 non
3523 974 3594 1030 ti-

1953 1067 2134 1119 meret
2183 1064 2385 1131 (Matth.
2435 1080 2547 1128 xw,
2579 1063 2690 1134 25).
2738 1061 2812 1118 Ut
2854 1079 2990 1134 ergo
3021 1062 3194 1118 istam
3243 1063 3427 1119 felicis
3457 1081 3592 1120 con-

1952 1151 2178 1206 stantini
2207 1150 2598 1205 fortitudinem
2615 1153 2732 1205 toto
2755 1149 3185 1222 apostolieorde
3203 1149 3592 1222 conciperent,

1949 1239 2163 1294 etnihil
2182 1238 2648 1310 desuscipiendze
2671 1237 2860 1294 crucis
2883 1238 3195 1310 asperitate
3211 1238 3592 1312 trepidarent,

1953 1333 2015 1384 ut
2036 1329 2106 1384 de
2126 1327 2412 1401 supplicio
2441 1327 2520 1399 (h)
2543 1326 2754 1382 Christi
2770 1345 2883 1383 non
2903 1328 3329 1394 erubescerent,
3357 1345 3462 1384 nec
3483 1345 3590 1401 pu-

1950 1417 2202 1472 dendam
2234 1416 2347 1472 sibi
2379 1434 2502 1472 eam
2529 1416 2872 1489 patientiam
2894 1417 3214 1486 crederent,
3249 1433 3376 1490 quae
3399 1417 3482 1472 sic
3501 1435 3593 1473 su-

1949 1505 2144 1562 bitura
2173 1511 2296 1562 erat
2318 1505 2596 1561 saevitiam
2617 1504 2926 1577 passionis,
2952 1509 3017 1561 ut
3039 1523 3153 1561 non
3172 1507 3592 1581 amitteretglo-

1949 1593 2095 1649 riam
2130 1594 2452 1666 potestatis:
2488 1594 2960 1665 Assu-mpsitJesus
2989 1596 3587 1664 Petrum,et.lacobum,

1947 1687 1994 1738 et
2023 1685 2255 1754 fratrem
2284 1685 2398 1752 eius
2413 1687 2684 1740 Joannem
2719 1681 2924 1754 (Matth.
2950 1683 3168 1756 xvn,i),
3197 1687 3254 1738 et
3271 1701 3588 1741 conscenso

1947 1789 2080 1827 cum
2115 1773 2198 1828 eis
2227 1789 2494 1828 seorsum
2518 1777 2713 1828 monte
2735 1772 3028 1844 praeciso,
3054 1771 3377 1830 claritatem
3403 1774 3592 1847 (i)illis

1947 1879 2065 1916 suae
2097 1861 2294 1936 gloriae
2325 1859 2775 1916 demonstravit:
2813 1861 2950 1934 quia
2989 1861 3124 1918 licet
3171 1861 3593 1920 intellexissent

1945 1950 2005 2005 in
2037 1968 2103 2007 eo
2139 1954 2502 2022 maiestatem
2544 1951 2664 2018 Dei,
2697 1950 2884 2024 ipsius
2915 1955 3111 2007 tamen
3143 1952 3422 2024 corporis,
3475 1970 3590 2026 quo

1946 2039 2229 2095 Divinitas
2261 2039 2584 2112 tegebatur,
2614 2039 2933 2111 potentiam
2973 2039 3330 2097 nesciebant.
3362 2042 3432 2098 Et
3462 2041 3590 2099 ideo

1947 2127 2176 2200 proprie
2198 2127 2615 2199 signanterque
2634 2127 2982 2199 promiserat
3002 2129 3288 2198 quosdam
3307 2129 3378 2186 de
3394 2132 3592 2186 astan-

1943 2216 2104 2271 tibus
2125 2214 2430 2288 discipulis
2445 2231 2554 2268 non
2581 2214 2745 2286 prius
2765 2219 3001 2288 gustare
3021 2221 3288 2285 mortem,
3304 2234 3482 2290 quam
3507 2218 3590 2282 vi-

1944 2305 2148 2360 derent
2161 2304 2370 2360 Filium
2387 2302 2640 2358 hominis
2656 2303 2980 2359 venientem
2995 2304 3053 2359 in
3069 2322 3244 2378 regno
3257 2323 3364 2362 suo
3379 2306 3588 2377 (Matth.

1944 2411 2055 2464 xvr,
2077 2393 2192 2464 28),
2212 2392 2268 2446 id
2301 2391 2463 2446 estin
2498 2390 2654 2463 regia
2673 2390 2954 2459 claritate,
2977 2409 3154 2462 quam
3173 2394 3240 2466 (j)
3263 2393 3592 2466 specialiter

1945 2481 2014 2536 ad
2035 2485 2306 2536 naturam
2328 2480 2580 2552 suscepti
2601 2477 3377 2554 hominispertinentem,his
3399 2483 3590 2540 tribus

1945 2571 2084 2626 viris
2116 2570 2295 2624 voluit
2327 2585 2455 2625 esse
2477 2569 2874 2641 conspicuam.
2900 2571 3045 2625 Nam
3064 2569 3225 2626 illam
3249 2572 3434 2644 ipsius
3456 2573 3592 2629 Dei-

1945 2661 2082 2716 tatis
2115 2657 2466 2714 ineffabilem
2499 2661 2554 2712 et
2575 2657 2651 2726 (li)
2676 2658 3106 2714 inacessibilem
3135 2659 3439 2728 visionem,
3465 2679 3591 2734 quae

1949 2749 2006 2804 in
2030 2753 2302 2804 aeternam
2328 2747 2508 2802 vitam
2533 2747 2769 2802 mundis
2787 2748 2958 2803 corde
2980 2753 3260 2817 servatur,
3286 2749 3446 2806 nullo
3469 2767 3594 2806 mo-

1948 2839 2022 2894 do
2057 2835 2283 2893 mortali
2315 2835 2506 2891 adhuc
2529 2853 2700 2892 carne
2721 2837 3069 2893 circumdati
3094 2837 3305 2898 intueri
3329 2844 3597 2912 poterant

1950 2933 2006 2984 et
2033 2927 2246 2982 videre.

2021 3021 2152 3071 Car.
2178 3015 2274 3070 lll.
2295 3045 2362 3056 —-
2379 3010 2578 3087 Aperit
2598 3031 2732 3088 ergo
2751 3014 3034 3072 Dominus
3051 3033 3245 3072 coram
3269 3016 3464 3078 electis
3487 3023 3598 3075 tes;

1951 3104 2110 3161 tibus
2139 3103 2382 3177 gloriam
2416 3121 2606 3170 suam,
2638 3110 2694 3158 et
2723 3120 3094 3161 communem
3127 3105 3288 3162 illam
3320 3124 3456 3164 cum
3487 3125 3594 3164 cae-

211 3189 526 3264 telligentize
550 3194 626 3265 (d‘)
650 3193 934 3251 celsitudo
955 3195 1300 3252 instruenda
1323 3203 1445 3253 erat
1465 3198 1842 3254 deinferioris
1872 3181 1914 3248 Ο
1951 3194 2091 3250 teris
2117 3192 2374 3266 corporis
2397 3193 2640 3258 formam
2671 3196 2832 3249 tanto
2859 3194 3170 3266 splendore
3197 3194 3497 3260 Clariﬁcat.
3531 3201 3598 3253 ut

207 3280 536 3336 substantiae
569 3289 960 3352 sacramento,
993 3301 1064 3340 ne
1096 3286 1415 3358 apostolica
1448 3287 1592 3343 ﬁdes
1624 3289 1691 3342 ad
1717 3287 1839 3360 glo-

209 3367 358 3422 riam
385 3370 717 3426 conﬁtendze
751 3372 806 3426 in
837 3373 1066 3430 Christo
1087 3375 1328 3431 Deitatis
1354 3380 1568 3442 evecta,
1593 3375 1840 3431 inﬁrmi-

210 3457 348 3513 tatis
360 3464 556 3514 nostrae
570 3461 1031 3532 (e)receptiouem
1045 3463 1348 3536 indignam
1364 3465 1605 3536 impassi
1617 3464 1713 3518 bili
1728 3465 1843 3520 Deo

211 3549 382 3618 atque
405 3547 784 3621 incongruam
801 3550 1112 3620 jndicaret,
1136 3558 1192 3607 et
1211 3553 1431 3625 itajam
1455 3553 1843 3626 (fjinipsohu-

212 3649 440 3691 manem
465 3638 723 3693 crederet
752 3637 1136 3709 gloriﬁcatam
1168 3657 1296 3696 esse
1324 3647 1618 3708 naturam,
1651 3646 1715 3697 ut
1745 3660 1849 3700 nee

213 3723 489 3795 supplicio
513 3730 710 3798 posset
745 3727 920 3795 affici,
951 3745 1056 3784 nec
1085 3735 1272 3785 morte
1304 3729 1560 3785 dissolvi.
1607 3732 1675 3786 Et
1721 3731 1849 3787 ideo

216 3809 432 3868 dicente
460 3813 702 3870 Domino
737 3817 892 3888 quod
942 3822 1229 3890 oporteret
1267 3834 1400 3874 eum
1448 3821 1532 3875 ire
1561 3821 1850 3893 Jerosoly-

216 3915 393 3969 mam,
413 3907 466 3958 et
484 3903 670 3958 multa
699 3907 820 3976 pati
844 3923 876 3961 a
905 3907 1233 3963 senioribus
1262 3915 1319 3964 et
1349 3909 1558 3964 scribis
1589 3926 1652 3964 ac
1692 3910 1852 3981 prin-

219 3987 434 4059 cipibus
446 3993 839 4060 sacerdotum,
859 3999 917 4050 et
936 3996 1140 4062 occidi,
1165 4003 1220 4052 et
1246 3997 1416 4052 tertia
1436 3997 1528 4054 die
1555 4015 1855 4070 resurgere

225 4077 418 4145 (Matth.
466 4099 578 4148 xvr,
628 4083 719 4149 21,
768 4088 816 4138 et
854 4101 950 4148 xv,
992 4085 1198 4151 17-19),
1233 4102 1367 4141 cum
1400 4087 1604 4140 beatus
1635 4087 1855 4154 Petrus,

225 4166 319 4237 qui
347 4185 586 4242 superno
611 4170 1193 4242 illustratuslumine,
1213 4175 1283 4229 de
1297 4175 1710 4230 ardentissima
1731 4175 1856 4232 Filii

225 4253 321 4309 Dei
344 4259 697 4314 confessione
730 4260 1006 4329 fervebat,
1029 4263 1418 4318 contumelias
1451 4265 1602 4320 194
1634 4263 1857 4320 illusio-

225 4359 362 4400 num
389 4352 442 4401 et
469 4346 891 4404 crudelissimae
926 4351 1131 4407 mortis
1153 4351 1533 4425 opprobrium
1566 4353 1859 4424 religioso,

226 4435 288 4484 ut
328 4435 576 4504 putabat,
611 4441 670 4492 et
699 4436 884 4494 libero
907 4439 1141 4496 fastidio
1177 4441 1517 4513 reapnisset,
1549 4441 1802 4513 benigna
1831 4459 1864 4498 a

1951 3287 2006 3339 et
2031 3282 2204 3338 facies
2225 3283 2352 3352 ejus
2375 3280 2515 3338 solis
2541 3281 2746 3354 fulgori
2775 3281 3005 3349 similis,
3021 3287 3078 3338 et
3097 3285 3340 3340 vestitus
3357 3285 3592 3342 candori

1951 3374 2174 3428 nivium
2201 3377 2356 3428 esset
2375 3369 2840 3442 aequalismlatth.
2865 3388 2996 3439 xvu,
3021 3373 3098 3434 2).
3125 3373 3186 3428 In
3220 3390 3336 3446 qua
3355 3375 3589 3431 transﬁ-

1953 3461 2257 3535 guratione
2277 3459 2420 3514 illud
2445 3459 2681 3531 quidem
2705 3458 3104 3530 principaliter
3123 3462 3420 3533 agebatur,
3437 3466 3500 3518 ut
3521 3463 3594 3519 de

1955 3550 2228 3606 cordibus
2253 3549 2315 3615 (ι)
2339 3546 2760 3619 discipulorum
2787 3548 2976 3604 crucis
3005 3549 3347 3606 scandalum
3369 3551 3595 3607 tollere-

1956 3646 2078 3702 tur;
2115 3655 2218 3693 nec
2239 3637 2614 3692 conturbaret
2633 3653 2834 3692 eorum
2857 3636 3029 3692 fidem
3051 3637 3388 3694 voluntariae
3409 3639 3601 3696 humi-

1959 3729 2090 3784 litas
2114 3725 2649 3798 passionis,quibus
2682 3724 2932 3780 revelata
2958 3729 3114 3782 esset
3129 3727 3480 3784 absconditae
3507 3743 3603 3784 ex-

1961 3815 2227 3873 cellentia
2245 3813 2566 3887 dignitatis.
2583 3812 2688 3866 Sed
2715 3829 2828 3868 non
2847 3813 3072 3869 minore
3088 3815 3451 3886 providentia
3470 3833 3605 3890 spes

1963 3910 2177 3962 sancta:
2201 3902 2466 3958 Ecclesia:
2492 3901 2864 3967 fundebatur,
2890 3907 2956 3957 ut
2985 3905 3173 3958 totum
3206 3921 3418 3977 corpus
3444 3905 3608 3962 Chri-

1963 3995 2039 4049 sti
2061 3995 2399 4066 agnosceret
2414 3989 2570 4062 quali
2593 3992 2746 4046 CSB;t
2765 3991 3223 4049 commutatione
3249 3994 3610 4066 donandum,

1965 4083 2123 4154 (m)et
2139 4083 2265 4152 ejus
2279 4079 2390 4135 sibi
2405 4078 2642 4134 honoris
2661 4080 3020 4136 consortium
3037 4082 3188 4139 I95
3207 4083 3469 4140 membra
3481 4101 3611 4157 pro-

1969 4171 2282 4238 mitterent,
2329 4169 2429 4240 qui.
2461 4167 2518 4222 in
2551 4168 2737 4239 capite
2766 4167 3166 4240 praefulsisset.
3200 4172 3280 4228 De
3311 4189 3426 4245 quo
3457 4173 3611 4230 idem

1973 4259 2251 4316 Dominus
2273 4258 2654 4324 dixerat,cum
2687 4257 2756 4312 de
2778 4258 3058 4314 adventus
3080 4260 3172 4314 sui
3195 4263 3499 4334 majestate
3527 4262 3612 4318 lo-

1971 4351 2286 4422 queretur:
2343 4347 2484 4400 Tunc
2529 4345 2670 4416 justi
2719 4346 3010 4417 fulgebunt
3055 4350 3196 4404 sicut
3225 4351 3306 4405 sol
3358 4352 3417 4405 in
3446 4367 3613 4420 regno

1975 4441 2050 4511 (η)
2074 4439 2256 4492 Patris
2285 4437 2375 4490 sui
2393 4433 2594 4496 (Matth.
2620 4451 2740 4502 χιιι,
2767 4435 2876 4503 43);
2902 4439 3256 4507 protestante
3286 4437 3396 4494 hoc
3417 4437 3614 4510 ipsum

1899 4553 1945 4618 D

1975 4633 2318 4710 reperimus.
2354 4631 2505 4696 Mox,
2538 4632 2633 4700 qui
2670 4631 2791 4686 licet
2821 4631 3218 4690 intellexissent
3247 4634 3306 4689 in
3356 4635 3618 4710 exemplo

1973 4704 2134 4762 Pauli
2159 4704 2316 4760 Diae.

2051 4779 2110 4850 (j)
2142 4773 2587 4852 llic.spz.'ritatit_-er'
2599 4771 2814 4852 habent
2833 4773 3419 4852 v_ulgati._Sp_eciqliter
3432 4777 3625 4852 legem-

1979 4843 2118 4905 dum
2138 4843 2413 4903 indicavit
2435 4843 2672 4898 Latinus
2695 4843 3034 4901 Latinius-in
3057 4843 3416 4906 Bibliotheca
3435 4843 3620 4908 saera.

1981 4922 2066 4977 Ita
2098 4919 2332 4990 quidem
2367 4914 2834 4990 reposuimusex
2855 4916 3045 4988 prima
3074 4920 3346 4988 editione,
3372 4938 3474 4977 nec
3507 4939 3620 4977 non

1979 5010 2048 5048 ex
2079 4985 2448 5046 L'ectionario'
2491 4987 2605 5042 Ven
2639 5028 2651 5051 ,
2680 4985 2949 5058 aliisque
2996 4991 3214 5048 nostris
3242 4985 3384 5048 mss.
3433 4991 3618 5056 libris,

1981 5079 2230 5134 quorum
2263 5058 2501 5134 quidam
2521 5074 2622 5128 per
2641 5057 3132 5117 abbreviationem
3157 5063 3470 5134 praeferunt
3495 5078 3620 5134 spa-

1981 5129 2107 5190 [iter
2127 5129 2542 5204 abeditoribus
2559 5133 2986 5204 sumptumpro
3005 5129 3352 5204 spirit—aliter.

2053 5205 2124 5273 (Ir)
2157 5202 2268 5276 AL,
2301 5199 2826 5276 immarcescibilem.
2851 5199 3224 5268 Qusssncws
3245 5206 3304 5260 in
3337 5201 3619 5276 margine.

2053 5271 2120 5343 ιίί)
2149 5273 2286 5330 Cod.
2319 5271 2546 5334 Venet.,
2579 5273 2964 5343 apostolorum.

2055 5341 2150 5418 (ιη)
2173 5346 2240 5400 Et
2271 5360 2373 5418 pro
2404 5346 2481 5418 ut,
2517 5341 2671 5418 qu_0d
2705 5341 2762 5397 in
2794 5349 2963 5418 antea
2990 5346 3160 5401 editis
3189 5345 3459 5418 occurrit,
3479 5349 3538 5400 at
3558 5362 3627 5401 ex

1987 5411 2328 5491 praecedenti
2364 5411 2552 5491 u_t_hoe
2581 5411 2706 5469 loco
2724 5417 3028 5491 superflue
3059 5417 3354 5491 repetitur,
3389 5418 3626 5491 scripsi-

1987 5434 2328 5491 praecedenti
2364 5434 2423 5469 αι
2445 5434 2552 5468 HOC
2581 5434 2706 5469 1000
2738 5434 3028 5490 superﬂue
3059 5434 3354 5540 ΡῦΓΟῑιίυΓ,
3389 5434 3626 5491 SCI‘IPSI-

1987 5508 2121 5545 mus
2143 5507 2208 5544 ex
2238 5486 2533 5546 aliquibus
2556 5502 2699 5540 mss.
2724 5486 2850 5540 Vat.
2873 5491 2928 5542 et
2951 5487 3114 5542 lIomi
3146 5531 3157 5542 .
3183 5486 3345 5542 Pauli
3373 5488 3628 5546 Diaceni.

2057 5565 2137 5625 tu)
2168 5559 2304 5616 Cod.
2336 5557 2483 5613 Ven.
2509 5557 2692 5612 Patris
2720 5559 2848 5611 mei.
2987 5559 2993 5565 '

225 4639 364 4700 rem,
392 4629 758 4700 sumpsimus
785 4647 852 4686 ex
882 4633 1050 4688 codd.
1085 4631 1304 4688 collect.
1337 4634 1392 4686 5.

293 4697 367 4768 (α)
477 4697 803 4776 Lectionar.
826 4701 1044 4758 Veneto
1064 4705 1166 4759 153
1187 4705 1351 4759 deest
1368 4705 1552 4773 paulo.
1575 4703 1740 4771 Dein,
1763 4721 1865 4776 pro

224 4768 664 4847 ζεεπις-(ξΙινὶιςιειε,
689 4773 847 4828 idem
886 4776 1037 4841 cod.,
1065 4777 1324 4831 Dominus
1352 4768 1621 4841 Christus,
1655 4768 1866 4847 etqui-

228 4839 356 4895 dam
383 4841 535 4909 Vat.,
570 4845 712 4898 Deus
743 4847 1016 4902 Christus.

292 4912 364 4984 (ὁ)
393 4915 511 4968 Duo
537 4915 865 4972 Lectionar.
887 4934 1029 4973 mss.
1048 4917 1175 4971 Vat.
1203 4917 1359 4985 1268,
1385 4921 1442 4972 et
1471 4917 1866 4984 Venet.,salu-

228 4981 488 5062 britatem,
513 4990 574 5040 et
597 5004 702 5058 pro
725 4991 1106 5060 cognitionem,
1133 4981 1480 5052 Quesnellus
1501 4989 1558 5044 in
1584 4981 1867 5062 margine,

224 5055 602 5113 conditimzem.

291 5128 358 5200 (ᾳ)
387 5127 550 5183 Unus
584 5129 737 5194 cod.,
771 5132 868 5200 qui
897 5147 1024 5184 non.

311 5199 508 5272 ἀ)μοοᾶ
523 5243 536 5254 .
566 5200 735 5268 Ven.,
769 5199 1050 5272 fortitudo.

309 5274 362 5336 ε)
375 5269 576 5326 Prima
604 5272 746 5327 edit.
769 5269 838 5328 et
865 5291 976 5329 ms.
1002 5274 1169 5338 Bon.,
1195 5272 1631 5338 redemptionem.

291 5343 354 5411 (fl
389 5343 475 5397 Ita
490 5359 562 5397 ex
579 5343 835 5400 Lection.
852 5345 994 5401 Ven.
1010 5350 1065 5400 et
1085 5344 1198 5401 alio
1217 5344 1350 5400 Vat.
1372 5343 1542 5410 Editi,
1561 5347 1619 5400 in
1643 5347 1871 5402 Christo.

290 5411 364 5480 ty)
391 5414 531 5468 Cod.
566 5413 771 5470 Venet.
805 5416 960 5472 delet
990 5419 1154 5472 enim.

292 5483 362 5550 (hi
383 5484 544 5540 [dem
577 5487 734 5549 cod.,
767 5490 958 5542 Crucis
988 5505 1097 5544 non
1128 5487 1517 5543 erubescerent.

291 5556 356 5622 (i)
383 5555 603 5612 Vocem
629 5627 637 5630 _
659 5558 795 5627 illis,
829 5576 956 5630 qua:
992 5559 1052 5614 in
1105 5557 1494 5614 anterioribus
1523 5557 1878 5615 editionibus

223 5624 439 5696 deerat,
463 5624 1234 5702 supplevitOdesnellus,uti
1257 5646 1384 5685 eam
1414 5629 1472 5686 in
1495 5631 1711 5688 nostris
1733 5649 1875 5688 mss.
