4098 6188
494 321 609 395 311

1606 329 1673 393 S.
1718 320 2295 393 LEONIS'MAGNI
2338 328 2782 392 SERMONES.

3729 334 3832 400 3i!

492 467 662 527 beato
708 462 886 525 Paulo
933 461 1215 538 apostolo,
1248 467 1305 520 et
1343 463 1607 520 dicente:
1672 464 1933 519 Existimo
1986 462 2135 518 enim
2162 459 2219 530 Α
2248 462 2356 518 Hic
2382 466 2465 518 est
2493 461 2682 519 Filius
2704 475 2864 518 meus
2891 460 3153 531 dilectus,
3180 461 3241 518 in
3268 478 3374 536 quo
3400 464 3538 523 mihi
3564 464 3685 526 bene
3708 486 3836 527 com-

494 560 631 632 quod
660 575 769 614 non
796 559 923 611 sunt
959 555 1245 625 condigna?
1282 570 1561 626 passiones
1599 554 1760 625 hujus
1788 553 2045 624 temporis
2074 551 2142 607 ad

493 651 741 722 futuram
772 646 1028 716 gloriam,
1058 660 1183 716 qua?
1203 644 1532 700 revelabitur
1562 661 1621 698 in
1652 644 1805 698 nobis
1837 644 1993 707 (Rom
2017 659 2140 710 vui,

498 737 608 806 18);
638 740 694 791 et
723 736 937 792 iterum
963 753 975 791 :
1009 736 1220 791 Mortui
1248 736 1396 789 enim
1425 734 1572 799 estis,
1617 737 1666 788 et
1700 734 1809 788 vita
1838 735 2013 787 vestra
2042 732 2142 788 ab-

497 826 740 882 scondita
768 833 844 882 est
873 843 997 882 cum
1030 824 1238 881 Christo
1271 826 1347 889 (α)
1378 826 1438 879 in
1467 824 1590 879 Deo.
1636 822 1769 877 Cum
1806 825 1954 877 enim
1986 821 2142 876 Chri-

498 920 615 972 stus
639 916 957 988 apparuerit
986 916 1097 970 vita
1128 921 1321 979 vestra,
1347 917 1477 968 tunc
1495 921 1544 967 et
1560 928 1648 967 vos
1670 912 2000 984 apparebitis
2020 926 2145 965 cum

501 1006 616 1079 ipso
639 1007 697 1060 in
727 1006 910 1075 gloria
936 1005 1156 1069 (Coloss.
1189 1021 1270 1072 iii,
1303 1004 1356 1070 3,
1394 1002 1467 1074 4).

576 1094 707 1150 CAP.
745 1095 831 1150 IV.
860 1126 928 1133 —
976 1091 1404 1149 Conﬁrmandis
1458 1107 1590 1146 vero
1636 1089 1913 1162 apostolis
1967 1094 2023 1145 et
2072 1089 2145 1145 ad

509 1200 745 1240 omnem
776 1182 1079 1239 scientiam
1107 1180 1512 1254 provehendis,
1547 1179 1662 1235 alia
1693 1195 1925 1252 quoquc
1957 1176 2015 1233 in
2047 1178 2146 1236 illo

508 1272 790 1329 miraculo
822 1272 1068 1330 accessit
1096 1270 1420 1326 instructio.
1458 1271 1647 1325 Moses
1678 1270 1834 1325 enim
1870 1272 1927 1324 et
1968 1268 2144 1336 Elias,

506 1362 600 1420 lex
620 1360 839 1419 scilicet
855 1363 990 1434 (b)et
1010 1360 1730 1434 prophetae,apparuerunt
1747 1375 1879 1414 cum
1902 1357 2147 1415 Domino

507 1451 839 1525 loquentes:
865 1455 931 1506 ut
946 1449 1251 1506 verissime
1266 1448 1327 1503 in
1342 1447 1444 1503 illa
1459 1447 1719 1520 quinque
1733 1447 1989 1504 virorum
2011 1464 2150 1519 prae-

506 1540 697 1598 sentia
725 1539 1120 1613 compleretur
1149 1538 1303 1609 quod
1343 1536 1563 1592 dictum
1587 1541 1673 1592 est
1698 1553 1710 1591 :
1738 1538 1801 1593 In
1827 1536 2035 1593 duobus
2066 1537 2163 1593 vel

504 1631 679 1686 tribus
700 1630 917 1686 testibus
937 1632 1041 1685 stat
1061 1644 1217 1684 omne
1246 1627 1465 1682 verbum
1504 1628 1678 1689 (Deut.
1701 1644 1818 1693 XIX,
1842 1627 1931 1688 l5;
1963 1626 2146 1681 Matth.

502 1734 663 1786 xvm,
688 1719 777 1787 16;
798 1721 1089 1783 Joan.vm,
1111 1717 1195 1785 17;
1213 1716 1395 1772 llCor.
1421 1716 1611 1784 x1ii,i;
1635 1715 1762 1770 Heb.
1787 1732 1841 1782 x,
1859 1716 1967 1786 28).
2000 1714 2147 1780 Quid

2253 551 2475 624 placui,
2527 551 2715 621 ipsum
2759 553 2966 608 audite
2995 551 3181 623 (Ibid.,
3214 552 3289 624 5).
3340 553 3586 612 Praesens
3632 559 3837 630 quidem

2251 645 2373 698 erat
2395 642 2451 696 in
2476 640 2618 697 Filio
2640 642 2826 707 Pater,
2850 646 2907 696 et
2931 642 2989 696 in
3022 640 3122 697 illa
3147 641 3372 697 Domini
3402 642 3662 715 claritate,
3689 665 3838 721 quain

2253 732 2324 787 ad
2352 730 2775 803 discipulorum
2808 735 3163 802 temperaret
3183 736 3498 804 aspectum,
3520 750 3628 788 non
3648 752 3847 808 separa-

2252 830 2426 885 batur
2444 829 2516 883 ab
2539 828 2847 901 Unigcnito
2871 828 3160 884 Gcnitoris
3183 829 3431 886 essentia
3454 848 3466 899 ;
3499 831 3592 887 sed
3620 833 3683 887 ad
3714 850 3845 890 com-

2254 918 2647 974 mendandam
2672 917 3085 989 proprietatem
3110 917 3413 990 utriusque
3436 934 3699 992 persona,
3721 922 3853 979 sicut

2255 1016 2404 1072 visui
2427 1016 2499 1082 (h)
2532 1016 2880 1089 signiﬁcavit
2901 1015 3110 1072 Filium
3135 1014 3411 1088 splendor
3437 1034 3503 1073 ex
3522 1034 3760 1091 corpore,
3781 1021 3852 1078 sic

2257 1105 2479 1161 auditui
2505 1105 2732 1161 Patrem
2754 1122 2861 1160 vox
2891 1104 3181 1160 nuntiavit
3202 1122 3269 1161 ex
3300 1106 3473 1162 nube.
3504 1107 3622 1171 Qua
3644 1125 3767 1165 voce
3783 1127 3857 1166 ac-

2257 1208 2442 1276 cepta,
2476 1202 2747 1279 discipuli
2780 1202 2844 1274 (i)
2875 1202 3030 1274 quod
3061 1201 3120 1257 in
3153 1202 3360 1258 faciem
3390 1203 3707 1260 ceciderunt
3732 1210 3786 1261 et
3801 1208 3861 1262 ti-

2259 1296 2536 1348 muerunt
2552 1291 2739 1358 valde,
2771 1308 2887 1347 non
2911 1291 2981 1346 de
3003 1291 3188 1347 Patris
3206 1295 3457 1359 tantum,
3478 1293 3576 1349 sed
3599 1297 3653 1349 et
3671 1294 3736 1349 de
3752 1295 3861 1351 Filii

2259 1383 2562 1453 majestate
2592 1385 2993 1437 tremuerunt:
3054 1380 3243 1437 altiori
3293 1380 3449 1437 enim
3497 1398 3666 1438 sensu
3710 1400 3862 1439 unam

2259 1471 2566 1543 utriusque
2584 1468 2991 1526 intellexerunt
3007 1469 3291 1526 Deitatem
3314 1486 3327 1525 :
3352 1474 3410 1526 et
3426 1470 3561 1542 quia
3580 1471 3636 1526 in
3648 1472 3752 1528 fide
3768 1489 3865 1528 non

2259 1564 2383 1617 erat
2399 1558 2706 1630 haesitatio,
2728 1574 2844 1614 non
2876 1556 2986 1613 fuit
3003 1559 3277 1614 intimorc
3292 1558 3585 1615 discretio.
3609 1561 3665 1633 (j)
3691 1562 3869 1617 Latum

2259 1675 2395 1731 ergo
2422 1657 2565 1713 illud
2592 1661 2649 1712 et
2670 1655 2977 1728 multiplex
2998 1656 3407 1714 testimonium
3436 1657 3567 1724 fuit,
3596 1662 3651 1714 et
3678 1657 3797 1731 plus
3820 1659 3871 1716 iii

2257 1748 2567 1804 verborum
2587 1747 2798 1801 virtute
2815 1762 2993 1818 quam
3006 1745 3080 1817 (Ῐί)
3096 1746 3154 1801 in
3168 1762 3312 1802 sono
3335 1745 3492 1803 vocis
3512 1747 3763 1802 auditum
3781 1752 3871 1804 est.

503 1807 615 1865 hoc
633 1805 1072 1906 smbéliué’qmq
1089 1802 1590 1906 Emmsve‘jpoii“
1789 1802 2148 1906 Ρῗθῖἀίξδθῇὼ
2180 1835 2227 1901 Β
2258 1802 2493 1892 Dicente
2513 1835 2669 1891 enim
2693 1802 2888 1891 Patre:
2912 1802 3027 1892 Hic
3059 1802 3142 1891 est
3173 1834 3358 1893 Filius
3375 1802 3538 1893 meus
3555 1802 3875 1906 dilectus,

505 1914 579 1954 ne
609 1895 815 1953 veteris
846 1900 903 1951 et
932 1893 1064 1951 novi
1095 1893 1454 1949 Testainenti
1475 1892 1729 1947 concinit
1756 1893 1918 1960 tuba,
1941 1896 2151 1948 etcum

506 1985 839 2059 evangelica
858 1982 1524 2054 doctrina,antiquarum
1549 1981 2033 2054 protestationum
2057 1981 2151 2036 in-

507 2077 836 2132 strumenta
852 2070 1251 2129 concurrunt?
1269 2069 1392 2126 Asti
1398 2069 1676 2143 pulantur
1697 2071 1852 2127 enim
1877 2069 1986 2126 sibi
2009 2070 2152 2125 invi-

506 2179 630 2220 cem
663 2161 970 2233 utriusque
1004 2159 1238 2217 foederis
1268 2160 1491 2233 paginae
1518 2178 1531 2228 ;
1563 2163 1619 2215 et
1648 2177 1822 2232 quem
1856 2161 1965 2215 sub
1994 2158 2149 2216 vela-

507 2252 665 2309 mine
694 2250 1101 2325 mysteriorum
1132 2248 1513 2322 praecedentia
1536 2249 1704 2321 signa
1733 2249 2146 2321 promiserant,

506 2341 887 2398 manifestum
945 2343 1119 2411 atque
1175 2336 1897 2411 perspicuum‘prmsentis
1951 2338 2147 2411 gloria:

504 2429 781 2502 splendor
800 2426 1082 2484 ostendit:
1109 2426 1266 2498 quia,
1292 2425 1445 2482 sicut
1458 2426 1754 2482 aitbeatus
1773 2426 1801 2481 J
1813 2428 2149 2493 oannes,lex

497 2535 599 2592 per
616 2518 788 2575 Mosen
802 2517 929 2573 data
939 2517 1223 2588 est,gratia
1234 2518 1421 2572 autem
1431 2523 1483 2571 et
1492 2516 1692 2571 veritas
1698 2516 1980 2587 perlesum
1987 2515 2145 2572 Chri-

500 2615 645 2666 stum
670 2610 817 2682 facta
844 2610 921 2663 est
950 2608 1126 2669 (Joan.
1152 2622 1190 2673 i,
1216 2605 1329 2674 17);
1363 2606 1425 2659 in
1456 2622 1571 2678 quo
1590 2609 1647 2660 et
1674 2605 2144 2677 propheticarum

500 2696 815 2771 promissio
845 2696 1088 2768 impleta
1116 2697 1206 2749 est
1237 2694 1563 2765 figurarum
1597 2698 1654 2749 et
1684 2692 1960 2765 legalium
1994 2695 2144 2751 ratio

499 2789 943 2860 praeceptorum,
976 2784 1118 2839 dum
1148 2787 1207 2838 et
1234 2798 1429 2838 veram
1456 2782 1623 2837 docet
1653 2781 2019 2855 prophetiam
2041 2800 2145 2857 per

498 2874 590 2932 sui
620 2872 1013 2948 praesentiam,
1038 2875 1093 2927 et
1108 2868 1412 2943 possibilia
1429 2869 1564 2925 facit
1587 2869 1864 2925 mandata
1885 2884 1987 2944 per
2005 2888 2142 2945 gra-

493 2962 659 3021 tiam.

565 3054 701 3110 CAP.
718 3050 872 3109 V.——
894 3049 995 3107 llis
1011 3065 1146 3122 ergo
1167 3052 1667 3105 sacramentorum
1691 3047 2141 3107 revelationibus

493 3143 702 3200 Petrus
723 3140 1022 3215 apostolus
1043 3138 1648 3210 incitatus,mundana
1673 3154 1953 3211 spernens
1964 3143 2143 3198 etter—

496 3249 638 3290 rena
661 3230 987 3298 fastidiens,
1020 3229 1079 3284 in
1111 3232 1458 3284 mternorum
1491 3226 1847 3283 desiderium
1883 3230 2137 3300 quodam

498 3320 712 3379 mentis
742 3320 1075 3392 rapiebatur
1100 3334 1370 3385 excessu;
1392 3321 1449 3372 et
1469 3316 1682 3389 gaudio
1704 3317 1882 3373 totius
1901 3317 2143 3376 visionis

496 3408 880 3482 impletus,ibi
895 3406 1490 3479 cuchsu(c)optabat
1502 3404 1891 3474 habitare,ubi
1906 3423 2037 3462 man
2048 3408 2143 3464 ile-

497 3502 650 3555 stata
664 3498 714 3569 ej
724 3514 793 3554 us
802 3496 988 3570 gloria
1003 3497 1325 3563 lmtabatur;
1344 3494 1496 3550 unde
1506 3499 1561 3549 et
1575 3494 1673 3550 ait:
1690 3497 2138 3562 Domine,bonum

492 3592 573 3644 est
601 3604 700 3645 nos
721 3588 809 3643 hic
826 3603 967 3643 esse:
1006 3588 1056 3642 si
1088 3588 1187 3651 vis,
1218 3587 1489 3657 faciamus
1511 3585 1599 3639 hic
1618 3586 1729 3640 tria
1761 3586 2136 3654 tabernacula,

490 3678 600 3734 tibi
627 3693 819 3743 unum,
851 3678 1021 3748 Moysi
1053 3691 1245 3741 unum,
1300 3681 1352 3729 et
1388 3674 1527 3730 Elite
1554 3690 1727 3728 unum
1762 3673 1966 3737 (Matth.
1999 3690 2136 3741 xm,

489 3766 566 3838 4).
600 3766 713 3823 Sed
757 3764 894 3821 huic
943 3762 1301 3837 suggestioni
1334 3761 1620 3817 Dominus
1650 3778 1764 3818 non
1813 3763 2134 3834 respondit,

489 3855 828 3928 signiﬁcans
842 3870 957 3909 non
972 3852 1212 3924 quidem
1227 3850 1583 3923 improbum,
1608 3850 1710 3905 sed
1734 3849 2133 3908 inordinatum

487 3959 617 4000 esse
637 3942 715 4015 (ἀ)
742 3943 898 4015 quod
920 3945 1173 4013 cuperet;
1191 3938 1822 3995 cumsalvarimundus
1844 3937 1957 3995 nisi
1978 3940 2136 3996 Chri-

488 4022 563 4089 sti
586 4036 771 4089 morte
793 4048 905 4088 non
929 4032 1211 4103 posset,et
1231 4026 1492 4099 exemplo
1510 4027 1740 4082 Domini
1762 4028 1821 4083 in
1838 4026 1947 4084 hoc
1960 4030 2130 4099 (e)vo-

486 4117 1088 4177 careturcredentium
1113 4117 1279 4184 fides,
1304 4120 1371 4171 ut
1388 4114 1523 4171 licet
1549 4131 1662 4169 non
1684 4120 1974 4187 oporteret
1990 4117 2132 4189 (ﬁde

485 4207 866 4266 beatitudinis
880 4205 1372 4280 promissionibus
1384 4202 2129 4278 dubitari,intelligeremus

482 4303 684 4357 tamen
706 4299 859 4354 inter
878 4296 1225 4353 tentationes
1249 4294 1402 4351 196
1424 4293 1499 4349 bu
1500 4294 1602 4365 jus
1626 4293 1753 4349 vitas
1776 4293 1938 4366 prius
1960 4296 2129 4353 nobis

482 4386 854 4444 tolerantiam
884 4383 1298 4457 postulandum
1321 4399 1449 4439 esse
1479 4398 1656 4453 quam
1672 4382 1918 4456 gloriam
1944 4402 1957 4441 :
1991 4385 2129 4457 quia

482 4479 749 4547 tempora
776 4472 1034 4546 patiendi
1067 4488 1180 4528 non
1214 4476 1403 4545 potest
1432 4470 1678 4528 felicitas
1700 4473 2014 4544 praevenire
2046 4491 2127 4530 re-

480 4561 724 4635 gnandi.

553 4651 686 4707 CAP.
719 4650 816 4708 VI.
850 4680 915 4691 —
936 4648 1141 4706 Adhuc
1172 4649 1367 4722 itaque
1395 4666 1461 4705 eo
1480 4648 1755 4722 loquente
1776 4666 1908 4706 ecce
1938 4652 2123 4708 nubes

480 4738 676 4819 lucida
696 4738 1065 4797 obumbravit
1085 4743 1266 4805 eos,et
1281 4755 1413 4795 ecce
1432 4756 1538 4795 vox
1555 4739 1627 4811 (g)
1641 4739 1712 4795 de
1734 4739 1888 4796 nube
1899 4739 2120 4796 dicens:

550 4882 625 4955 (ιι)
647 4881 800 4939 idem
829 4883 957 4955 cod,
989 4882 1404 4955 omittitvoces
1434 4884 1493 4937 in
1522 4884 1647 4938 Deo.

551 4952 629 5024 (b)
659 4955 723 5009 ln
774 4953 982 5011 Homil.
1016 4952 1178 5010 Pauli
1210 4954 1392 5021 Diac.,
1424 4963 1477 5009 et
1502 4952 1830 5024 prOphetia;
1860 4956 1917 5010 et
1947 4952 2120 5023 paulo

518 5030 629 5094 ost,
661 5027 825 5082 stabit
871 5042 1028 5081 omne
1058 5028 1301 5093 verbum,
1345 5041 1478 5081 cum
1534 5024 1856 5081 Lectionar.
1908 5024 2030 5081 Vat.
2066 5029 2123 5079 et

515 5097 705 5153 uobus
728 5097 859 5153 aliis
883 5098 1051 5154 codd.

544 5170 616 5296 ie)
646 5169 809 5226 Unus
856 5170 984 5226 cod.
1015 5168 1186 5250 Vat,
1210 5168 1483 5238 sperabat.
1519 5166 1669 5231 Mox,
1703 5167 1800 5221 ubi
1823 5167 2118 5237 manifesta

473 5239 551 5296 ha
594 5244 693 5296 ent
724 5238 1017 5296 nonnullas
1051 5240 1355 5294 editiones.

517 5255 693 5296 aoent
724 5255 1017 5297 nonnuuaa
1051 5255 1355 5294 editiones.

546 5311 622 5383 (d)
655 5311 818 5368 Unus
848 5313 974 5368 cod.
1004 5310 1159 5383 Vat”
1191 5309 1330 5383 quod
1355 5311 1581 5383 peteret.

540 5378 615 5451 (ε)
642 5383 916 5445 Quaedam
951 5378 1253 5445 editiones,
1287 5378 1627 5435 laudaretur.

542 5450 609 5524 (f)
643 5453 805 5524 Unus
834 5454 960 5509 cod.
993 5453 1147 5518 Vat.,
1170 5451 1236 5506 de
1259 5451 1465 5524 fut-uris
1487 5450 1953 5521 promissionibus.
1979 5451 2114 5507 Cod.

467 5523 636 5589 \'cn.,
652 5523 722 5595 tle
754 5525 1105 5595 beatitudinis
1130 5523 1509 5595 promissione.

539 5595 614 5719 (lg)
648 5594 856 5674 Homil.
882 5595 1043 5649 Pauli
1070 5593 1246 5676 Diac.,
1268 5594 1333 5648 de
1361 5594 1511 5648 cwlo.
1537 5593 1751 5674 Mouex
1772 5594 1974 5648 eodem
2011 5593 2118 5648 Ho-

539 5682 545 5717 ι
579 5708 591 5719 .
612 5666 1007 5719 omnibusque
1027 5671 1243 5719 nostris
1275 5682 1418 5719 mss.
1454 5670 1512 5719 et
1542 5664 1714 5719 editis
1737 5669 1870 5719 ante
1894 5667 2111 5719 Ouesn.

466 5663 591 5721 mil.
612 5665 1007 5737 omnibusque
1027 5666 1243 5722 nostris
1275 5682 1418 5722 mss.
1454 5670 1512 5721 et
1542 5663 1714 5722 editis
1737 5669 1870 5722 ante
1894 5667 2111 5731 Quesn.

2258 1942 2370 1999 quo
2398 1925 2545 1980 mihi
2574 1927 2709 1981 bene
2733 1924 3073 1994 complacui,
3107 1925 3295 1995 ipsum
3324 1926 3525 1981 audite
3547 1944 3568 1991 ;
3590 1942 3768 1982 nonne
3784 1926 3877 1981 evi-

2259 2015 2463 2070 denter
2492 2012 2758 2070 auditum
2788 2018 2913 2071 est:
2948 2017 3062 2071 Hic
3090 2024 3173 2070 est
3193 2015 3383 2072 Filius
3410 2015 3698 2082 meus,cui
3718 2032 3779 2071 ex
3797 2033 3876 2071 me

2259 2108 2316 2161 et
2358 2120 2590 2159 mecum
2621 2118 2770 2171 esse,
2805 2103 2933 2160 sine
2960 2108 3220 2176 tempore
3250 2105 3390 2161 est?
3430 2104 3577 2171 Quia
3604 2121 3704 2161 nec
3730 2104 3878 2161 Geni-

2259 2197 2350 2247 tor
2368 2192 2573 2249 Genito
2595 2191 2771 2265 prior,
2796 2208 2900 2248 nec
2923 2192 3168 2249 Genitus
3198 2198 3289 2249 est
3310 2194 3586 2250 Genitore
3609 2193 3878 2266 posterior.

2260 2292 2367 2349 Hic
2394 2297 2477 2347 est
2499 2292 2676 2347 Filius
2707 2306 3063 2362 meus,quem
3097 2309 3132 2347 a
3160 2307 3254 2347 me
3284 2309 3407 2348 non
3430 2294 3665 2365 separat
3689 2290 3880 2359 Deitas,

2258 2398 2374 2437 non
2403 2380 2609 2436 dividit
2625 2383 2899 2452 potestas,
2926 2397 3040 2435 non
3058 2380 3339 2436 discernit
3359 2380 3676 2437 aeternitas.
3698 2380 3796 2436 Hie
3811 2384 3885 2434 est

2254 2470 2448 2528 Filius
2492 2486 2673 2536 meus,
2734 2486 2848 2524 non
2902 2469 3232 2542 adoptivus,
3276 2472 3385 2527 sed
3435 2471 3741 2543 proprius;
3786 2486 3884 2525 non

2255 2559 2493 2615 aliunde
2523 2562 2773 2626 creatus,
2798 2559 2899 2614 sed
2923 2574 2992 2613 ex
3021 2575 3114 2614 me
3143 2559 3417 2631 genitus;
3453 2576 3561 2615 nec
3590 2560 3661 2615 de
3683 2558 3789 2615 alia
3805 2575 3887 2614 na-

2252 2653 2386 2705 tura
2406 2647 2550 2704 mihi
2574 2647 2829 2715 factus(l)
2844 2646 3275 2720 comparabilis,
3292 2649 3401 2705 sed
3427 2650 3499 2704 de
3520 2665 3652 2706 mea
3662 2646 3887 2705 essentia

2254 2738 2398 2794 mihi
2430 2741 2604 2793 natus
2634 2735 2894 2808 aequalis.
2926 2738 3025 2793 Hic
3054 2742 3140 2792 est
3168 2738 3364 2794 Filius
3395 2754 3583 2807 meus,
3613 2754 3719 2808 per
3741 2753 3885 2811 quem

2250 2827 2446 2884 omnia
2473 2826 2633 2898 facta
2651 2831 2805 2892 sunt,
2826 2834 2882 2880 et
2892 2825 3014 2882 sine
3033 2842 3140 2899 quo
3152 2827 3383 2896 factum
3405 2836 3494 2884 est
3513 2826 3661 2883 nihil
3671 2829 3885 2897 (10am,

2250 2916 2323 2986 3):
2356 2916 2497 2989 quia
2521 2914 2723 2971 omnia
2758 2915 2885 2987 quis
2935 2914 3084 2971 facio
3114 2913 3398 2973 similiter
3446 2916 3605 2986 facit,
3648 2921 3704 2972 et
3730 2915 3886 2988 quid-

2250 3004 2391 3077 quid
2414 3003 3211 3078 operor,(m)inseparabiliter
3228 3020 3472 3062 mecum
3495 3010 3672 3080 atque
3691 3002 3888 3060 inditis-

2249 3099 2444 3150 renter
2473 3097 2765 3167 operatur.
2790 3094 2852 3148 In
2885 3093 3048 3149 Patre
3091 3093 3246 3150 enim
3282 3099 3380 3151 est
3401 3094 3610 3163 Filius,
3644 3099 3699 3151 et
3727 3094 3781 3149 in
3813 3092 3889 3149 Fi-

2253 3182 2329 3239 lio
2355 3184 2519 3240 Pater
2547 3184 2723 3246 (Joan.
2754 3200 2812 3249 Χ,
2839 3184 2951 3252 38),
2983 3198 3091 3239 nec
3117 3200 3410 3255 umquam
3462 3185 3665 3241 unitas
3711 3186 3892 3240 nostra

2252 3272 2548 3329 dividitur.
2570 3272 2640 3326 Et
2657 3288 2792 3327 cum
2812 3271 2963 3327 alius
2984 3288 3091 3345 ego
3113 3272 3225 3329 sim
3257 3273 3365 3345 qui
3400 3275 3607 3348 genui,
3641 3272 3789 3329 alius
3808 3270 3894 3326 ille

2251 3378 2425 3435 quem
2458 3361 2654 3434 genui,
2689 3378 2804 3417 non
2852 3361 3010 3416 aliud
3040 3366 3235 3417 tamen
3268 3362 3344 3418 de
3396 3362 3501 3419 illo
3546 3362 3710 3418 vobis
3756 3359 3893 3433 cogi-

2249 3454 2373 3506 tare
2400 3452 2486 3506 fas
2505 3455 2613 3517 est,
2648 3458 2824 3522 quam
2864 3450 2936 3505 de
2966 3467 3059 3505 me
3090 3450 3307 3506 sentire
3339 3452 3639 3523 possibile
3667 3456 3772 3507 est.
3802 3452 3899 3506 llic

2248 3547 2331 3594 est
2364 3540 2536 3595 Filius
2565 3555 2745 3604 meus,
2768 3538 2866 3611 qui
2896 3555 3027 3595 eam
3048 3555 3227 3610 quam
3245 3555 3491 3596 mecum
3527 3540 3708 3597 liabet
3725 3553 3898 3611 aequa-

2247 3626 2469 3685 litatem
2494 3644 2605 3683 non
2630 3628 2837 3700 rapina
2856 3626 3099 3700 appetiit
3133 3628 3369 3700 (Philip.
3401 3647 3469 3697 ii,
3495 3632 3572 3700 6),
3606 3646 3713 3687 nec
3744 3644 3900 3685 usur-

2246 3717 2477 3789 patione
2507 3716 2918 3789 praesumpsit;
2970 3716 3069 3772 sed
3101 3732 3352 3774 manens
3396 3718 3459 3774 in
3494 3720 3691 3774 forma
3718 3716 3896 3791 gloria

2245 3823 2408 3874 meae,
2434 3810 2498 3861 ut
2526 3807 2597 3862 ad
2629 3806 3019 3878 reparandum
3051 3821 3237 3878 genus
3262 3806 3614 3865 humanum
3637 3821 3898 3879 exseque-

2244 3901 2406 3951 retur
2425 3912 2736 3951 commune
2760 3894 3093 3962 consilium,
3117 3910 3305 3967 usque
3329 3898 3409 3953 ad
3446 3898 3709 3954 formam
3738 3894 3899 3953 servi-

2242 3983 2359 4040 lem
2389 3984 2692 4040 inclinavit
2720 3982 3262 4040 incommutabilem
3294 3984 3627 4043 Deitatem.

2311 4117 2445 4173 CAP.
2470 4117 2590 4173 VII.
2615 4148 2683 4157 —
2704 4116 2869 4172 Hunc
2899 4132 3055 4189 ergo,
3080 4117 3138 4171 in
3161 4133 3275 4189 quo
3309 4118 3400 4182 (η)
3430 4120 3705 4192 mihiper
3719 4115 3901 4174 omnia

2239 4206 2386 4262 I97
2426 4207 2573 4261 bene
2604 4204 3031 4277 complaceo,et
3051 4205 3222 4276 cujus
3252 4207 3695 4276 praedicatione
3724 4203 3904 4263 mani-

2237 4295 2439 4362 festor,
2470 4296 2639 4366 cujus
2670 4292 3000 4349 humilitate
3022 4291 3331 4362 clarificor,
3358 4293 3793 4352 incunctanter
3810 4310 3901 4350 au-

2237 4383 2354 4439 dite
2379 4400 2391 4439 :
2416 4384 2553 4454 quia
2586 4382 2710 4455 ipse
2738 4386 2827 4437 est
2855 4383 3070 4437 veritas
3097 4386 3154 4438 et
3185 4381 3319 4451 vita,
3378 4385 3518 4457 ipse
3550 4386 3744 4442 virtus
3790 4399 3909 4440 mea

2235 4478 2410 4545 atque
2432 4471 2739 4544 sapientia.
2767 4476 2963 4544 Ipsum
2987 4471 3210 4538 audite,
3243 4489 3431 4544 quem
3454 4473 3618 4548 legis
3641 4472 3907 4547 mysteria

2156 4577 2203 4642 ι)
2234 4561 2969 4634 praenuntiaverunt,quem
2983 4560 3408 4633 prophetarum
3425 4579 3539 4620 ora
3551 4564 3907 4621 cecinerunt.

2233 4650 2765 4722 1psumaudite,qui
2791 4649 3077 4722 sanguine
3090 4666 3196 4705 suo
3212 4651 3524 4710 mundum
3539 4649 3907 4723 redimit,qui

2231 4739 2526 4795 diabolum
2558 4740 2720 4813 ligat,
2744 4745 2801 4795 et
2819 4755 2956 4795 vasa
2978 4739 3106 4811 ejus
3127 4737 3299 4813 rapit,
3324 4741 3435 4812 qui
3467 4743 3709 4815 peccati
3731 4740 3912 4798 chiro-

2231 4882 2627 4957 revocavimus
2657 4897 2853 4957 vocem
2877 4880 3235 4957 dilectusab
3254 4880 3367 4938 hoc
3402 4889 3810 4957 expunctam.

2299 4954 2379 5021 (h)
2413 4954 2730 5026 Unusgcod.
2763 4953 2915 5019 νειμ,
2947 4952 3330 5026 signiﬁcabat.

2302 5027 2366 5097 ti)
2390 5026 2527 5081 Cod.
2545 5025 2769 5091 Venet.,
2790 5023 3040 5097 quidem.
3063 5023 3239 5097 Paulo
3262 5027 3401 5097 post
3419 5023 3487 5081 in
3510 5027 3745 5084 Homil.
3768 5026 3916 5082 Pau-

2227 5095 2266 5150 li
2290 5096 2470 5156 Diac..
2495 5098 2568 5150 De
2590 5098 2727 5151 Filii
2746 5095 3047 5166 majestate
3076 5095 3422 5153 timuerunt.

2300 5170 2364 5239 (j;
2396 5168 2502 5239 Ms.
2542 5168 2764 5233 Venet,
2800 5172 3033 5223 Laetum.

2298 5237 2378 5311 (li)
2407 5238 2604 5311 Aliqui
2633 5239 2966 5311 mss.7Vatt.
2990 5237 3269 5295 omittunt
3291 5242 3813 5311 prmppsittonem
3838 5240 3916 5295 in.

2297 5308 2362 5373 (ι)
2384 5308 2534 5381 Cod:
2557 5308 2697 5365 Ven.
2731 5310 2894 5365 addit
2912 5319 3027 5376 est;
3054 5314 3111 5365 et
3144 5308 3343 5381 postea
3374 5308 3554 5367 delet
3594 5313 3779 5370 mihi.

2298 5380 2396 5451 (ιη)
2433 5380 2595 5435 Unus
2626 5397 2738 5436 ms.
2770 5380 2926 5445 Vat..
2954 5380 3230 5438 similiter
3259 5396 3530 5439 mecum.

2299 5451 2382 5522 (η)
2413 5451 2498 5506 Ita
2538 5468 2669 5506 cum
2716 5453 2992 5508 omnibus
3022 5452 3239 5507 nostris
3272 5468 3427 5508 mss.
3467 5459 3536 5510 et
3567 5455 3761 5511 editis
3792 5457 3923 5511 ante

2226 5522 2535 5597 Quosnel‘lu
2545 5539 2623 5597 in,
2641 5524 2795 5594 apud
2810 5542 2841 5595 q
2852 5524 3155 5597 uem,mihi
3168 5525 3309 5597 bene
3317 5539 3436 5597 per
3446 5528 3679 5584 onmia
3690 5528 3919 5597 placeo.

2225 5593 2356 5677 Mox
2386 5594 2512 5650 cod.
2545 5593 3030 5677 Venetus,’deleta
3051 5593 3481 5667 conjunctione
3502 5608 3591 5667 et,
3620 5593 3833 5666 habet,
3865 5598 3926 5653 in

2225 5667 2389 5737 cujus
2415 5667 2855 5736 praedicatione.
