4098 6188
344 253 454 317 317

1807 258 2083 327 δεηΜο
2121 261 2279 329 LIV.

3625 281 3745 347 318

348 404 481 489 opm
510 393 778 489 nostrum
798 389 1014 489 desum
1036 483 1052 489 _
1070 390 1389 489 Christum,
1448 390 1543 453 cui
1588 393 1679 453 est
1715 391 1902 453 honor
1930 397 1988 454 et
2010 390 2071 471 ,α
2098 398 2247 459 didit
2265 400 2418 461 diem
2445 403 2842 471 :stahilitatem
2875 426 3044 470 suam
3084 413 3240 472 terra
3268 412 3574 489 profundis
3605 429 3747 474 con-

349 477 522 553 gloria
548 479 610 536 in
642 481 854 539 stscula
881 483 1250 543 saeculorum.
1280 487 1487 542 Amen.

814 590 1053 647 SERMO
1093 591 1217 647 Lm
1250 593 1363 663 [Αι.
1396 592 1508 664 LL]

478 676 550 730 De
574 676 836 734 Passioue
866 681 1089 735 Domini
1109 682 1175 737 II.
1203 681 1431 737 Habitus
1457 682 1601 752 feria
1631 691 1844 755 quarta.

353 764 770 821 SYNOPSIS.-—I.
793 771 1210 825 Conversionem
1253 771 1503 839 latronis,
1537 773 1633 841 qui
1668 771 1738 826 ad
1775 787 1991 826 crucem

416 853 579 914 usque
624 854 768 907 reus,
798 850 1022 908 repente
1075 842 1348 914 confessor
1408 841 1615 897 Christi
1669 846 1844 914 factus
1887 850 1987 907 est,

412 910 607 979 gratiae
633 924 765 980 opus
793 926 999 966 esse.—
1024 915 1091 966 II.
1119 912 1312 968 Omnes
1338 922 1635 981 creaturas,
1668 910 1791 969 eum
1838 915 1987 969 testi-

413 981 655 1034 monium
691 982 901 1038 Christo
951 985 1011 1036 in
1052 1000 1213 1038 cruce
1258 984 1629 1051 reddiderunt,
1662 988 1989 1041 sententiam

312 1052 316 1056 ’
414 1052 471 1105 in
492 1051 706 1108 Iudaeos
730 1054 1045 1122 protulisse.
1080 1085 1147 1094 —-
1176 1054 1270 1110 IlI.
1308 1054 1650 1111 Christianos
1678 1058 1989 1112 humilitati

412 1131 462 1177 et
475 1124 760 1197 patientia?
784 1124 993 1197 Christi
1011 1128 1310 1197 con/"armes
1325 1126 1453 1196 ﬁeri
1467 1127 1659 1183 debere
1673 1144 1795 1196 ;nec
1816 1128 1988 1183 aliam

411 1209 521 1249 esse
550 1196 698 1249 viam
726 1195 798 1250 ad
826 1200 1059 1252 aeterna.

411 1298 538 1355 CAP.
574 1300 615 1355 Ι.
646 1330 716 1340 -—
745 1301 935 1374 Exigit
973 1302 1138 1371 fides,
1190 1302 1577 1371 dilectissimi,
1638 1309 1703 1359 ut
1759 1308 1985 1377 partem

344 1388 624 1444 sermonis
654 1406 832 1461 quam
865 1391 937 1446 de
983 1391 1213 1447 Domini
1258 1392 1536 1448 Passione
1580 1393 1983 1465 promisimus,

342 1477 537 1533 eodem
570 1476 742 1533 nobis
802 1477 1115 1534 auxiliante
1164 1480 1525 1536 reddamus:
1560 1482 1713 1538 202
1761 1482 1821 1537 in
1870 1499 1985 1554 quo

338 1582 441 1620 nos
470 1566 836 1621 orationibus
867 1567 1075 1623 vestris
1094 1584 1207 1623 non
1232 1568 1589 1642 ambigimus
1612 1571 1984 1641 adjuvari.Ad

339 1669 646 1710 commune
676 1654 834 1710 enim
886 1656 1137 1727 pertinet
1184 1656 1438 1722 lucrum,
1472 1658 1519 1713 si
1553 1660 1859 1731 potueritis
1891 1676 1985 1715 me

2099 492 2475 551 cussionibus
2534 494 2881 555 labefactata
2936 519 3053 558 non
3103 503 3311 573 tenuit,
3344 509 3399 561 et
3446 508 3745 579 petrarum

2100 582 2371 651 ﬁrmitas,
2434 586 2729 643 confracta
2797 589 3109 658 soliditate,
3189 592 3465 650 dissiluit.
3535 594 3745 651 Velum

2097 672 2324 745 templi,
2356 691 2471 746 quo
2532 676 2791 748 priorum
2847 681 3122 752 mysteria
3151 681 3396 739 ulterius
3435 701 3550 739 non
3580 687 3748 741 erant

2098 761 2522 831 obumbranda,
2557 765 2869 821 discissum
2928 772 3060 836 est;
3118 772 3175 825 et
3230 771 3551 828 multorum
3582 790 3747 829 sanc-

2097 852 2291 904 torum
2351 853 2694 924 corporibus
2761 855 3046 919 excitatis,
3108 858 3177 912 ad
3246 862 3743 930 praemuniendam

2097 940 2541 995 resurrectionis
2574 942 2768 1010 fidem,
2806 949 3189 1001 monumenta
3219 951 3740 1021 patuerunt(Matth.

2096 1043 2268 1092 xxvn,
2301 1029 2472 1083 51-53
2497 1047 2510 1097 ;
2538 1029 2697 1086 Marc.
2730 1049 2823 1099 xv,
2859 1033 2927 1088 38
2963 1051 2976 1101 ;
3008 1034 3136 1089 Luc.
3184 1052 3342 1102 xxiii,
3393 1039 3482 1104 b5,
3532 1039 3641 1108 46).
3679 1044 3742 1095 In

2094 1132 2197 1172 vos
2226 1134 2383 1190 ergo,
2413 1118 2625 1186 Judaei,
2651 1119 2863 1175 coelum
2912 1126 2969 1178 et
2998 1125 3153 1178 terra
3196 1126 3546 1182 sententiam
3586 1128 3742 1194 tulit,

2094 1205 2259 1261 vobis
2291 1206 2375 1262 sol
2408 1210 2474 1275 (ε)
2508 1209 2846 1266 servitutem
2888 1228 3057 1266 suam
3111 1211 3385 1285 diemque
3434 1215 3741 1282 subtraxit,

2093 1294 2257 1350 vobis
2288 1295 2639 1352 famulatum
2672 1314 2845 1353 suum
2877 1298 3297 1356 elementorum
3329 1302 3562 1360 ordines
3592 1305 3746 1361 208

2096 1383 2480 1456 denegarunt;
2513 1390 2569 1441 et
2599 1388 2901 1444 recedente
2922 1405 2956 1443 a
2982 1387 3209 1462 legibus
3249 1390 3372 1447 suis
3422 1392 3746 1449 ministerio

2095 1476 2392 1541 creaturas,
2423 1480 2615 1530 vestra
2656 1476 2982 1546 obcmcatio,
3040 1483 3231 1534 vestra
3277 1484 3365 1536 est
3417 1480 3748 1554 signiﬁcata

2096 1560 2380 1618 confusio.
2409 1561 2588 1618 Vobis
2633 1563 2787 1619 enim
2823 1565 3153 1622 dicentibus
3189 1584 3201 1623 :
3231 1567 3470 1639 Sanguis
3500 1570 3618 1641 ejus
3658 1587 3749 1626 su-

2091 1666 2193 1720 per
2221 1667 2319 1706 nos
2376 1659 2429 1707 et
2476 1669 2640 1721 super
2668 1654 2812 1724 ﬁlios
2868 1663 3075 1711 nostros
3123 1656 3331 1728 (Matth.
3384 1674 3558 1726 xxvu,
3611 1659 3742 1731 25);

338 1740 549 1798 habere
568 1743 842 1798 devotum
877 1760 890 1797 ε
926 1744 1065 1815 quia
1093 1748 1296 1800 vestrae
1347 1746 1706 1818 impenditur
1735 1748 1982 1803 adiﬁca-
2015 1764 2066 1830 B
2100 1738 2309 1830 merito
2341 1739 2450 1795 hoc
2482 1742 2835 1797 retributum
2884 1745 2992 1810 est,
3024 1746 3091 1799 ut
3119 1745 3274 1815 quod
3306 1746 3478 1801 vestri
3517 1748 3746 1819 generis

336 1829 475 1885 tioni
505 1830 795 1903 quidquid
828 1836 1039 1887 nostrae
1067 1832 1343 1889 tribuitur
1370 1833 1654 1890 facultati.
1690 1836 1824 1891 Post
1843 1835 1985 1892 illud
2015 1825 2059 1830 “
2097 1825 2279 1900 impia
2318 1830 2569 1901 perdidit
2620 1830 2827 1902 portio,
2869 1837 3218 1905 assequatur
3263 1832 3373 1889 hoc
3429 1835 3508 1900 (ά)
3556 1834 3745 1892 ﬁdelis

338 1936 471 1992 ergo
501 1919 751 1992 impium
780 1920 926 1976 Julm
975 1922 1502 1995 detestandamque
1545 1926 1984 1994 commercium,

340 2024 449 2080 quo
480 2009 555 2064 ab
579 2025 670 2075 eo,
701 2008 923 2065 Judaeis
954 2011 1468 2082 persequentibus,
1504 2013 1710 2067 mundi
1744 2014 1986 2070 Redem-

340 2101 469 2170 ptor
512 2102 603 2154 est
639 2098 913 2166 traditus,
942 2104 1072 2169 post
1120 2098 1250 2155 illas
1300 2100 1614 2172 sacrilegas
1663 2100 1984 2171 illusiones,

339 2184 487 2241 inter
506 2203 657 2258 quas
688 2203 877 2259 usque
907 2186 979 2242 ad
1006 2186 1199 2243 locum
1222 2205 1405 2260 pmnse
1437 2190 1565 2260 ejus
1598 2193 1987 2247 mansuetudo

341 2275 613 2346 perducta
640 2274 1016 2345 est,cruciﬁxi
1034 2292 1169 2330 cum
1188 2292 1252 2332 eo
1276 2281 1434 2345 sunt,
1454 2278 1686 2334 statutis
1710 2280 1987 2352 utrinque

344 2362 633 2434 patibulis,
667 2362 924 2419 latrones
963 2364 1078 2418 duo
1107 2380 1118 2418 :
1156 2380 1405 2436 quorum
1438 2383 1595 2422 unus
1617 2368 1686 2422 ad
1711 2367 1766 2423 id
1800 2386 1988 2440 usque

344 2452 615 2524 temporis
636 2468 746 2525 par
775 2451 1102 2524 similisque
1133 2453 1409 2524 consorti,
1441 2453 1985 2511 insidiatorviarum

344 2546 394 2596 et
420 2540 594 2597 saluti
624 2540 934 2597 hominum
965 2558 1195 2614 semper
1226 2542 1496 2610 infestus,
1525 2561 1713 2616 usque
1744 2545 1815 2600 ad
1848 2562 1984 2600 cru-

346 2644 460 2684 cem
491 2645 652 2696 reus,
715 2629 781 2683 fit
819 2627 1032 2685 Christi
1084 2633 1320 2701 repente
1363 2630 1691 2699 confessor;
1728 2637 1787 2687 et
1834 2632 1987 2688 inter

343 2715 465 2773 illos
494 2716 812 2773 acerrimos
842 2717 1103 2790 corporis
1134 2717 1434 2790 animique
1470 2720 1785 2789 cruciatus,
1837 2738 1987 2792 quos

344 2804 510 2860 simul
540 2810 597 2861 et
615 2804 899 2861 instantia
920 2808 977 2860 et
992 2804 1311 2862 difﬁcultas
1335 2806 1540 2862 mortis
1553 2809 1822 2881 augebat,
1838 2809 1987 2865 mira

345 2894 712 2950 conversione
741 2895 1312 2963 mutatus,Memento,
1347 2896 1703 2968 inquit,mei,
1736 2899 1981 2969 Domine,

343 2981 464 3038 dum
508 2985 724 3039 veneris
772 2985 833 3039 in
885 3000 1112 3055 regnum
1139 2988 1299 3039 tuum
1327 2986 1480 3051 (Luc.
1509 3003 1667 3053 xxxii,
1700 2987 1810 3058 42).
1848 2990 1985 3054 Quae

341 3070 503 3127 istam
535 3072 712 3128 tidem
744 3071 1068 3127 exhortatio
1088 3072 1423 3145 persuasit?
1440 3090 1571 3145 quas
1587 3074 1854 3130 doctrina
1870 3076 1979 3132 im-

341 3160 649 3233 buit?quis
679 3160 1023 3234 praedicator
1069 3135 1518 3217 accendit?Non
1562 3163 1785 3218 viderat
1814 3165 1979 3237 prius
2010 3135 2053 3201 Ο

336 3255 458 3305 acta
486 3249 1122 3318 miracula,cessaverat
1142 3255 1281 3305 tunc
1304 3250 1709 3323 languentium
1734 3254 1977 3321 curatio,

334 3353 606 3394 caecorum
629 3337 1317 3403 illuminatio,vivilicatio
1340 3344 1729 3408 mortuorum,
1754 3359 1821 3397 ea
1850 3341 1980 3414 ipsa

332 3442 452 3496 qua:
500 3443 637 3483 mox
673 3431 841 3483 erant
882 3427 1155 3500 gerenda,
1208 3444 1321 3484 non
1373 3428 1733 3496 aderant;et
1778 3433 1973 3487 tamen

332 3516 633 3571 Dominum
658 3516 968 3572 conﬁtetur
987 3521 1043 3572 et
1062 3520 1478 3589 Regem,quern
1512 3517 1666 3573 videt
1699 3518 1974 3591 supplicii

330 3605 415 3659 sui
446 3622 574 3661 esse
602 3606 1046 3678 consortem,(a)
1072 3606 1209 3661 Inde
1238 3620 1376 3679 ergo
1408 3605 1705 3661 oriebatur
1731 3606 1840 3664 hoc
1871 3610 1972 3664 do-

298 3680 303 3681 ί
329 3709 486 3762 num,
516 3695 673 3750 unde
698 3694 921 3766 accepit
950 3695 1094 3750 fides
1124 3694 1254 3767 ipsa
1297 3711 1679 3767 responsum;
1703 3696 1785 3750 ait
1814 3698 1971 3753 enim

330 3782 378 3837 ei
405 3782 594 3839 Jesus:
619 3784 693 3852 (ὑ)
723 3783 893 3838 Amen
922 3782 1041 3839 dico
1084 3783 1372 3850 tibi,hodie
1401 3799 1612 3839 mecum
1650 3785 1758 3838 eris
1786 3786 1841 3839 in
1870 3802 1969 3857 pa-

331 3870 501 3926 radiso
531 3871 715 3944 (lbid.,
765 3872 875 3943 43).
908 3872 1145 3927 Excedit
1200 3872 1518 3927 humanam
1577 3871 1970 3929 conditionem

2097 1916 2361 1987 gentium
2388 1915 2709 1989 plenitudo.

2167 2005 2300 2061 CAP.
2337 2005 2432 2061 Ill.
2467 2038 2536 2047 -—
2582 2007 2696 2062 Nos
2751 2023 2908 2082 ergo,
2968 2006 3345 2078 dilictissimi,
3382 2012 3601 2084 quibus
3634 2012 3745 2069 Do-

2098 2094 2294 2149 minus
2325 2099 2521 2151 noster
2546 2096 2720 2152 Jesus
2751 2096 3020 2154 Christus
3054 2098 3385 2168 crucifixus,
3420 2118 3535 2159 non
3577 2119 3744 2158 scan-

2096 2182 2316 2250 dalum,
2352 2200 2539 2255 neque
2568 2184 2839 2253 stultitia,
2884 2187 2983 2241 sed
3028 2185 3126 2242 Dei
3175 2187 3358 2244 virtus
3404 2190 3621 2262 Deique
3652 2208 3746 2247 sa-

2096 2271 2316 2342 pientia
2344 2276 2433 2327 est
2480 2274 2526 2344 (I
2583 2273 2702 2329 Cor.
2738 2291 2777 2341 ι,
2810 2274 2939 2345 23);
2972 2291 3097 2343 nos,
3159 2275 3421 2348 inquam,
3482 2279 3746 2350 spiritale

2096 2376 2294 2415 semen
2324 2361 2587 2429 Abrahae,
2623 2379 2736 2417 non
2771 2362 2828 2417 in
2878 2362 3037 2435 prole
3081 2364 3378 2420 servitutis
3406 2366 3606 2439 geniti,
3640 2369 3741 2424 sed

2094 2446 2154 2502 in
2189 2448 2410 2504 familia
2438 2449 2724 2506 libertatis
2770 2451 2993 2519 renati;
3030 2468 3131 2524 pro
3181 2453 3398 2523 quibus
3452 2454 3511 2509 in
3561 2472 3742 2511 manu

2096 2538 2222 2592 ferti
2258 2543 2313 2593 et
2342 2538 2579 2594 brachio
2610 2540 2681 2612 (e)
2743 2544 2972 2595 extento
3004 2540 3075 2595 de
3118 2542 3491 2613 oppressione
3531 2544 3742 2617 Egyp-

2094 2626 2186 2680 tite
2219 2627 2634 2683 dominationis
2685 2628 2930 2695 eductis,
2978 2645 3151 2684 verus
3207 2634 3266 2686 et
3320 2631 3738 2691 immaculatus

2095 2731 2283 2788 agnus
2312 2716 2650 2773 immolatus
2679 2722 2769 2773 est
2796 2716 3060 2774 Christus
3081 2720 3127 2788 (ι
3150 2717 3271 2774 Cor.
3291 2737 3343 2787 ν,
3367 2721 3454 2792 7);
3488 2722 3740 2794 amplec-

2093 2808 2290 2859 tamur
2318 2804 2590 2861 salutaris
2623 2805 2855 2861 Pascha:
2900 2805 3168 2863 mirabile
3198 2813 3653 2875 sacramentum,
3685 2815 3743 2866 et

2095 2893 2165 2948 ad
2199 2894 2328 2964 ejus
2355 2892 2700 2965 imaginem,
2735 2894 2832 2966 qui
2881 2893 3233 2950 deformitati
3269 2900 3480 2952 nostra
3513 2898 3738 2955 confor-

2094 2982 2208 3037 mis
2254 2983 2441 3039 factus
2494 2987 2601 3044 est.
2668 2983 3077 3039 reformemur.
3134 2984 3445 3057 Erigamur
3492 2987 3564 3042 ad
3603 3003 3739 3043 eum

2094 3071 2191 3142 qui
2228 3071 2523 3143 pulverem
2550 3071 2895 3143 abjectionis
2928 3077 3157 3141 nostrae,
3206 3090 3419 3146 corpus
3457 3075 3588 3131 fecit
3616 3076 3738 3150 glo-

2094 3160 2188 3213 rias
2220 3178 2337 3216 suae
2374 3179 2386 3227 ;
2422 3163 2477 3215 et
2504 3164 2567 3215 ut
2615 3160 3062 3216 resurrectionis
3091 3162 3219 3231 ejus
3252 3179 3583 3220 mereamur
3610 3182 3739 3222 esse

2090 3254 2409 3317 consortes,
2434 3248 2755 3304 humilitati
2788 3254 2844 3303 et
2868 3249 3163 3320 patientia:
3192 3250 3378 3322 ipsius
3412 3269 3514 3325 per
3541 3254 3740 3329 omnia

2089 3354 2503 3409 congruamus.
2563 3337 2787 3411 Magnis
2846 3338 3101 3393 nominis
3158 3340 3449 3408 militiam,
3509 3359 3737 3417 magna:

2088 3425 2465 3496 professionis
2525 3426 2897 3497 suscepimus
2956 3426 3349 3498 disciplinam.
3409 3430 3733 3489 Sectatores

2085 3512 2298 3568 Christi
2330 3514 2627 3569 discedere
2657 3531 2692 3569 a
2721 3513 2877 3586 regia
2903 3531 3017 3569 non
3042 3514 3177 3569 licet
3206 3515 3315 3581 via,
3351 3519 3451 3573 sed
3483 3518 3728 3592 dignum

2084 3605 2172 3657 est
2202 3601 2620 3673 temporalibus
2654 3618 2768 3656 non
2801 3602 3094 3672 occupari,
3126 3603 3197 3657 ad
3236 3607 3453 3661 aeterna
3490 3609 3731 3664 tenden-

2082 3694 2190 3746 tes.
2226 3690 2291 3745 Et
2320 3690 2457 3763 quia
2482 3690 2734 3763 pretioso
2767 3688 3052 3762 sanguine
3080 3690 3293 3747 Christi
3325 3694 3607 3768 redempti
3630 3715 3728 3754 su-

2083 3795 2235 3848 mus,
2268 3777 2662 3853 gloriﬁcamus
2691 3782 2743 3834 et
2798 3782 3099 3851 portemus
3144 3779 3327 3836 Deum
3372 3781 3433 3837 in
3489 3800 3727 3857 corpore

2082 3872 2279 3924 nostro
2311 3868 2357 3940 (I
2380 3868 2499 3923 Cor.
2525 3885 2601 3937 v1,
2632 3868 2724 3940 20)
2760 3885 2773 3937 ;
2808 3872 2873 3922 ut
2898 3868 2971 3922 ad
3020 3884 3089 3924 ea
3120 3885 3246 3941 quas
3289 3869 3558 3928 ﬁdelibus
3588 3891 3728 3947 prae-

331 3957 433 4015 ista
465 3959 776 4033 promissio
810 3978 823 4028 ;
856 3976 961 4016 nec
990 3964 1110 4014 tam
1162 3960 1232 4015 de
1262 3959 1421 4034 ligno
1471 3960 1662 4015 crucis
1694 3976 1870 4031 quam
1898 3962 1971 4017 de
2078 3962 2283 4029 parata
2305 3961 2444 4012 sunt;
2476 3957 2771 4029 pervenire
2797 3972 3147 4024 mereamur,
3179 3959 3249 4030 (Γ)
3270 3975 3372 4031 per
3413 3960 3725 4020 Dominum

331 4045 527 4104 throno
557 4048 1180 4120 editurpotestatis.Ab
1198 4047 1298 4104 illa
1323 4048 1632 4104 altitudine
1660 4049 1966 4119 praemium
2078 4051 2344 4101 nostrum
2373 4045 2578 4101 Jesum
2609 4044 2930 4113 Christum,
2982 4047 3077 4101 cui
3125 4052 3214 4104 est
3246 4047 3433 4106 honor
3458 4054 3517 4107 et
3543 4051 3727 4126 gloria

330 4135 453 4191 ﬁdei
482 4137 674 4206 datur,
705 4136 767 4191 in
816 4154 934 4209 qua
976 4135 1431 4211 chirographum
1473 4136 1742 4192 humana-3
1778 4142 1965 4195 trans-

330 4225 635 4296 gressionis
650 4224 919 4282 aboletur
949 4242 963 4280 :
998 4224 1136 4297 quia
1158 4243 1220 4281 se
1242 4242 1276 4281 a
1292 4225 1478 4281 forma
1490 4218 1638 4280 servi
1661 4224 1763 4281 Dei
1781 4226 1966 4284 forma

329 4329 435 4369 non
465 4315 709 4381 dirimit,
740 4315 881 4370 dum
930 4314 1105 4370 etiam
1156 4314 1308 4370 inter
1346 4314 1474 4387 ipsa
1523 4313 1810 4386 supplicia
1839 4333 1965 4388 pro-

327 4403 618 4474 prietatem
648 4404 1052 4475 unitatemque
1080 4420 1248 4459 suam
1291 4402 1540 4460 servavit
1568 4408 1625 4458 et
1654 4403 1847 4460 Deitas
1872 4403 1961 4460 in-

325 4491 623 4558 violabilis,
653 4496 713 4547 et
740 4496 951 4548 natura
979 4491 1297 4564 passibilis.

387 4581 518 4638 CAP.
551 4581 623 4637 II.
655 4580 1023 4653 —Adjicitur
1043 4581 1113 4636 ad
1151 4579 1653 4636 confirmationem
1697 4581 1818 4653 spei
1851 4599 1958 4638 no-

323 4674 443 4725 stras
470 4671 651 4726 totius
680 4670 973 4726 attestatio
1003 4673 1299 4724 creaturae.
1335 4668 1645 4725 Emittente
1684 4669 1957 4742 spiritum

320 4757 536 4816 Christo
567 4759 768 4816 omnia
789 4757 1076 4814 elementa
1091 4758 1682 4826 tremuerunt,densis
1699 4760 1955 4815 tenebris

318 4846 584 4919 splendor
610 4846 757 4905 solis
786 4847 1098 4914 obductus,
1129 4845 1584 4903 extraordinario
1614 4847 1768 4901 nocti
1814 4848 1952 4903 sub-

2077 4134 2135 4190 in
2165 4135 2378 4191 saecula
2406 4132 2773 4192 saeculorum.
2806 4135 3013 4190 Amen.

2537 4240 2781 4297 SERMO
2821 4240 2941 4296 LIV
2976 4241 3081 4313 [ΑΙ.
3115 4242 3255 4315 LII].

2171 4332 2247 4386 De
2273 4332 2532 4386 Pessime
2560 4331 2783 4386 Domini
2808 4331 2900 4386 Ill.
2934 4331 3163 4387 Habitus
3194 4334 3476 4391 Dominico
3506 4336 3616 4393 die.
3672 4349 3676 4353 '

2071 4422 2369 4494 Svaoesls.
2388 4450 2453 4459 —
2485 4417 2536 4494 ΙΖ
2562 4419 2749 4474 Crucis
2778 4422 2827 4474 et
2858 4418 3240 4494 redemptionis
3264 4425 3587 4494 mysterium
3614 4442 3716 4481 an-

1988 4501 2035 4564 D
2137 4492 2365 4563 tiquitus
2384 4489 2817 4564 prwﬁguratum,
2852 4490 2988 4545 duas
3018 4489 3071 4545 in
3100 4489 3570 4564 Christo'naturas
3590 4498 3713 4551 exi-

2139 4562 2283 4633 gere.
2311 4562 2481 4644 -—-"II.
2515 4563 2820 4616 Dzstinetas
2860 4577 2972 4617 esse
3014 4563 3306 4644 utriusque
3339 4568 3711 4691 fm'oprietates

2139 4634 2577 4691 votuntarzasaue
2603 4634 3170 4691 humanaenasszones.
3195 4666 3263 4675 —
3287 4635 3335 4691 Il
3369 4680 3382 4691 .
3407 4641 3585 4691 Ouum
3610 4641 3711 4691 ini-

2138 4634 2577 4709 votuntariasque
2603 4634 3170 4709 humanmpassiones.
3195 4634 3263 4709 -_'—
3287 4634 3382 4692 IlI.
3407 4634 3585 4709 Quam
3610 4641 3715 4696 ini-

2136 4704 2330 4780 que‘de
2350 4703 2600 4780 bonitate
2628 4704 2845 4780 Domini
2871 4703 3087 4780 diffidit
3115 4704 3302 4774 ludas,
3346 4703 3506 4780 quem
3534 4728 3567 4766 a
3594 4727 3709 4767 cor-

2204 4777 2300 4852 ris_
2311 4778 2361 4852 et
2388 4776 2674 4852 sanguinis
2690 4776 2792 4852 sui
2809 4778 3187 4852 communione
3207 4795 3316 4835 non
3341 4776 3711 4852 reputant.—

2160 4847 2227 4902 V.
2263 4848 2564 4903 Tristitiam
2591 4850 2645 4902 et
2671 4845 3024 4918 formidinem
3050 4856 3293 4906 nostram
3339 4845 3647 4909 voluntarie
3675 4870 3710 4908 a

310 5010 479 5065 Iesum
510 5010 791 5066 Christum
821 5010 1027 5064 Filium
1056 5015 1231 5077 tuum,
1252 5008 1349 5079 qui
1374 5023 1498 5062 cum
1529 5007 1632 5062 Deo
1660 5011 1710 5079 et
1741 5007 1953 5079 Spiritu
2058 5025 2237 5065 suam.

309 5090 501 5149 sancto,
537 5087 648 5138 etc.
682 5079 871 5136 Editio
900 5078 1343 5152 Antuerpiensis
1370 5096 1467 5133 an.
1503 5078 1641 5133 1583
1686 5078 1840 5135 idem
1885 5096 1950 5135 ac

309 5152 670 5235 Quesnellus,
700 5154 812 5235 sed.
828 5169 937 5234 pro
965 5157 1078 5235 Qeo
1100 5151 1276 5206 habet
1302 5165 1382 5232 eo,

315 5225 443 5352 hx)
476 5220 674 5308 Prima
701 5220 880 5280 editio
912 5240 927 5278 :
965 5223 1110 5281 Unde
1137 5237 1265 5291 ergo
1294 5222 1575 5276 oriebatur
1600 5221 1698 5275 hoc
1725 5220 1945 5289 donum,

304 5310 321 5348 τ
447 5300 675 5361 accepit,
710 5301 819 5351 etc.

2130 5079 2199 5152 (e)
2229 5076 2341 5152 Al._,
2372 5077 2645 5152 virtutem.
2673 5078 2889 5152 Queen.

2129 5148 2207 5218 (ἀ)
2235 5149 2434 5203 Prima
2463 5148 2660 5216 editio,
2687 5150 2933 5219 ﬁdelium
2959 5153 3221 5221 gentium.
3258 5154 3396 5211 Mss.
3430 5152 3704 5212 collect.‘

2057 5226 2115 5278 et
2143 5224 2197 5289 5,
2229 5221 2408 5293 ﬁdelis
2434 5221 2745 5293 gentilium.

2128 5294 2200 5365 (e)
2222 5290 2321 5365 Sic
2350 5307 2419 5347 ex
2446 5307 2559 5365 ms.
2591 5290 2650 5365 S.
2686 5291 3005 5365 Petri_._Al.,
3034 5294 3263 5365 excelso.

365 5370 437 5439 (b)
470 5361 691 5439 Eadem
720 5365 898 5421 editio
940 5364 1166 5437 repetit,
1197 5364 1367 5439 Amen
1388 5378 1567 5439 amen,
1603 5361 1945 5439 Posteasub
2063 5437 2083 5439 Α
2126 5361 2321 5439 (nitar
2350 5363 2788 5439 vetustissimus
2836 5362 2967 5420 Vat.
2999 5365 3157 5419 3835.
3191 5364 3254 5439 In
3288 5380 3398 5439 ms.
3430 5365 3488 5421 S.
3524 5365 3697 5424 Petri.

296 5432 466 5495 tinem
499 5438 715 5511 capitis
742 5445 959 5511 servant
1002 5432 1104 5509 pro
1142 5435 1376 5511 servavit
1423 5438 1511 5511 est
1544 5434 1608 5511 in
1646 5432 1946 5511 aliquibus
2054 5432 2469 5511 Per'Christum
2495 5436 2790 5511 Domitium
2820 5444 3081 5501 nostrum,
3131 5436 3229 5504 qui
3260 5437 3393 5493 vivit
3427 5441 3477 5494 et
3506 5443 3702 5510 regnat

294 5525 433 5577 mss,
465 5515 525 5567 et
575 5504 710 5579 post
750 5504 1124 5579 unitatemque
1171 5506 1369 5579 prima:
1417 5504 1709 5579 editionis,
1748 5504 1942 5579 exem-
2055 5510 2114 5563 in
2145 5508 2350 5566 saecula
2367 5508 2709 5564 steculorum.

291 5576 659 5653 plum,coll.3
690 5584 749 5637 et
791 5596 945 5636 unus
972 5576 1151 5636 codex
1171 5576 1502 5650 'Vaticanus
1535 5576 1664 5635 coll.
1690 5578 1723 5633 4
1752 5577 1945 5634 delent
