4098 6188
1206 341 1239 364 Ὀ

296 344 389 442 325

298 605 410 660 tiam
443 604 570 675 ipsa
590 602 663 673 (at)
697 602 903 657 mundi
936 601 1224 658 elementa
1253 602 1603 674 proferrent:
1629 601 1731 673 qui
1759 600 1919 656 vobis

298 693 524 759 animus,
549 690 757 757 Judaei,
782 708 910 763 qua:
933 690 1288 746 conscientia
1310 690 1444 758 fuit;
1472 690 1703 762 quando
1735 694 1790 745 et
1819 707 1919 746 vos

293 780 555 853 judicium
579 780 977 835 universitatis
1001 780 1329 853 urgebat,et
1341 779 1594 835 revocari
1617 780 1684 834 ad
1705 796 1766 833 se
1788 796 1921 833 con-

300 874 570 926 summato
593 869 808 925 scelere
830 869 1305 940 impietasvestra
1328 884 1438 924 non
1459 868 1920 941 poterat?Qualis

300 958 539 1015 confusio
551 976 649 1012 vos
665 957 920 1030 operuit?
933 975 1059 1029 qua:
1072 974 1171 1013 cor
1182 961 1434 1013 vestrum
1455 975 1626 1029 pmna
1638 956 1924 1030 suscepit?

351 1050 480 1103 Car.
512 1048 579 1102 Υ.
617 1079 681 1087 —
704 1048 845 1101 Cum
877 1046 1077 1119 igitur,
1099 1045 1487 1115 dilectissimi,
1510 1051 1671 1102 tanta
1700 1046 1779 1102 sit
1811 1047 1919 1101 mi-

296 1136 593 1193 sericordia
625 1136 742 1201 Dei,
772 1140 833 1191 ut
862 1136 1041 1192 etiam
1074 1137 1144 1191 de
1176 1135 1275 1191 tali
1308 1136 1521 1208 populo
1553 1135 1771 1191 multos
1821 1153 1923 1208 per

296 1228 449 1281 ﬁdem
473 1224 801 1297 justiticarc
822 1225 1097 1297 dignatus
1121 1224 1214 1291 sit,
1239 1242 1461 1297 nosque
1480 1225 1551 1297 (ὁ)
1576 1225 1685 1279 sub
1711 1224 1921 1281 veteris

292 1315 573 1387 quondam
613 1312 953 1386 ignorantia!
986 1313 1274 1385 profunda
1305 1317 1473 1369 nocte
1504 1319 1830 1385 pereuntes,
1860 1314 1920 1369 in

288 1402 741 1475 patriarcharum
773 1403 1130 1468 societatem,
1154 1408 1210 1456 et
1231 1402 1289 1456 in
1315 1405 1531 1456 sortem
1554 1402 1719 1457 electi
1744 1420 1916 1468 gene‘

288 1494 357 1547 ris
376 1490 692 1564 adoptarit:
729 1491 796 1546 ad
823 1489 1191 1546 altitudinem
1219 1491 1341 1563 spei
1365 1496 1574 1546 nostra:
1598 1509 1710 1547 non
1735 1494 1924 1566 segni-

283 1586 362 1636 ter
387 1596 579 1653 neque
610 1582 674 1642 (cl
702 1596 834 1635 cum
856 1583 1086 1651 torpore
1119 1596 1453 1648 curramus;
1479 1581 1577 1635 sed
1609 1582 1925 1653 prudenter

283 1687 340 1725 ac
363 1668 611 1725 ﬁdeliter
639 1670 979 1741 cogitantes,
1012 1669 1083 1723 de
1115 1668 1273 1740 quali
1305 1669 1638 1741 captivitate
1660 1676 1717 1726 et
1746 1688 1923 1742 quam

284 1760 490 1814 misera
513 1758 930 1830 servitute,quo
952 1758 1136 1828 pretio
1161 1758 1527 1830 redempti,et
1549 1776 1663 1830 quo
1688 1760 1923 1818 brachio

1746 374 2009 440 SERMO
2052 378 2202 440 LVI.

298 519 539 570 creatura
569 512 895 583 damnaret,
929 516 984 568 et
1024 511 1394 567 manifestam
1443 512 1499 566 in
1533 528 1658 567 reos
1692 518 1916 568 scntcn-
1946 516 2003 581 Α

3550 370 3667 441 3ἒό

2250 532 2266 575 ;
2302 515 2354 566 in
2382 530 2497 585 qua
2520 514 2791 585 :rquita/c
2810 516 3150 585 ctpotrntiu.
3169 515 3469 571 divinitate
3488 527 3540 571 et
3565 523 3667 572 lm-

2101 587 2388 640 manitate
2410 586 2648 640 certavit
2663 586 2935 640 Christus.
2962 618 3026 626 —
3049 587 3116 641 Il.
3138 591 3217 641 De
3235 589 3497 643 oratione
3516 588 3672 644 Chri-

2098 657 2176 711 sti
2204 665 2258 711 et
2279 656 2533 725 duplicis
2553 657 2869 711 voluntatis
2889 657 3177 729 conﬂictu,
3202 659 3298 729 qui
3316 660 3393 713 ad
3410 664 3667 714 nostram

2099 729 2477 783 eruditionem
2500 730 2809 783 ordinatus
2830 736 2931 783 est.
2958 760 3023 769 —
3046 729 3143 782 ΙΙΙ.
3175 730 3251 784 De
3287 730 3500 785 Christi
3528 747 3671 801 erga

2098 801 2311 854 ludam
2336 801 2589 868 lenitate,
2611 802 2896 854 scelerata.
2921 801 3076 854 Iuda:
3099 802 3453 871 pa’nitenlia,
3482 811 3540 858 et
3569 809 3669 858 Ito-

2104 872 2269 925 miuis
2300 886 2404 939 per
2431 872 2715 926 Christum
2751 872 3159 940 redemptione.

2101 959 2233 1014 Car.
2271 960 2310 1014 Ι.
2343 992 2409 999 -
2450 964 2681 1015 Creator
2730 963 2786 1014 et
2838 960 3116 1014 Dominus
3162 959 3427 1016 omnium
3476 979 3670 1019 rerum

2030 1046 2299 1102 Christus
2346 1053 2481 1118 post
2526 1046 2871 1102 inusitatum
2924 1064 3099 1102 sacra:
3130 1046 3386 1120 Virginis
3418 1055 3670 1122 partum,

2030 1140 2161 1208 post
2183 1138 2421 1191 adorata
2450 1153 2754 1207 magorum
2787 1134 3328 1193 coxil‘essionc.2l2
3362 1138 3673 1211 cunabula,

2029 1231 2085 1281 et
2120 1231 2247 1297 post
2297 1225 2680 1298 multiplicem
2730 1225 3055 1280 doctrinam
3096 1225 3345 1281 cmlestis
3376 1226 3589 1300 eloquii
3622 1231 3679 1284 et

2028 1315 2320 1370 variarum
2338 1314 2703 1369 curationum
2720 1313 2976 1369 medelas
2990 1313 3233 1386 imperio
3247 1314 3402 1371 verbi
3421 1316 3680 1388 potentis

2030 1404 2285 1470 effectae,
2320 1402 2815 1475 dispensationem
2866 1401 3131 1457 omnium
3181 1410 3678 1462 sacramentorum

2032 1492 2417 1564 omniumque
2443 1492 2726 1547 virtutum
2773 1490 3071 1547 salutifera
3101 1492 3373 1564 passione
3403 1511 3677 1551 consum-

2033 1580 2520 1636 mat.Christianae
2538 1580 2715 1653 igitur
2737 1579 2883 1652 spei,
2900 1578 3286 1650 dilectissimi,
3306 1598 3440 1638 vera
3459 1584 3603 1640 ratio
3626 1587 3682 1639 et

2033 1668 2378 1742 principalis
2404 1686 2581 1726 causa
2612 1685 2756 1726 crux
2777 1668 2987 1724 Christi
3008 1673 3123 1725 est:
3148 1686 3276 1741 quae
3297 1669 3434 1727 licet
3449 1673 3681 1730 Judaei:

2034 1759 2110 1814 sit
2127 1759 2483 1826 scandalum,
2503 1758 2763 1829 gentibus
2786 1764 2976 1814 autent
3006 1758 3275 1829 stultitia,
3299 1761 3469 1818 nobis
3485 1765 3681 1819 tamen

2104 519 2218 564 tune

285 1866 487 1904 sumus
507 1846 1331 1920 educti,gloriliccmusDeum
1358 1848 1411 1902 in
1436 1866 1673 1921 corpore
1695 1856 1922 1919 nostro;
1959 1884 2004 1949 Β
2036 1850 2134 1904 Dei
2156 1850 2339 1904 virtus
2374 1857 2479 1916 est,
2522 1847 2732 1920 Deique
2763 1846 3127 1914 supientiaﬂ
3152 1850 3276 1905 Cor.
3305 1867 3344 1917 1,
3376 1851 3488 1920 23).
3521 1851 3685 1907 Unde

289 1938 428 1994 211
466 1942 534 1993 ut
553 1936 817 1992 habitare
843 1953 976 1991 eum
1009 1936 1066 1991 in
1092 1936 1280 2002 nobis,
1305 1952 1372 1991 ex
1394 1936 1521 2009 ipsa
1541 1940 1927 1995 conversatio-

296 2028 381 2082 nis
394 2031 598 2082 nostrae
622 2026 908 2098 probitate
924 2030 1339 2082 monstremus.
1362 2025 1438 2098 (tl)
1456 2027 1520 2082 Et
1533 2027 1669 2100 quia
1684 2028 1827 2083 nihil
1843 2032 1930 2085 est

301 2116 351 2171 in
389 2116 646 2172 omnium
693 2116 972 2170 virtutum
1026 2114 1308 2188 dignitate
1348 2118 1719 2188 praestantius
1752 2135 1927 2191 quam

309 2206 472 2276 pictas
489 2204 1203 2277 misericordianetpuritas
1216 2205 1528 2273 castitatis,
1552 2206 1643 2262 his
1666 2224 1771 2262 nos
1794 2225 1932 2279 prte-

315 2294 457 2349 sidiis
485 2293 798 2367 specialius
836 2292 1219 2362 instruamus,
1240 2298 1304 2348 ut
1333 2294 1633 2350 charitatis
1665 2314 1834 2368 opere
1868 2314 1933 2352 ac

315 2383 474 2438 nitore
502 2382 818 2455 pudicitize,
862 2386 1163 2454 tamquam
1198 2383 1430 2439 duabus
1461 2383 1662 2439 elevati
1695 2385 1824 2453 alis,
1862 2386 1931 2441 de

315 2471 527 2527 terrenis
580 2487 915 2527 mereamur
959 2488 1085 2526 esse
1143 2470 1423 2527 cmlestes.
1476 2472 1599 2536 Quo
1646 2474 1933 2529 desiderio

313 2559 554 2632 quisquis
582 2559 774 2633 gratia
800 2560 895 2615 Dei
920 2560 1011 2630 adj
1024 2565 1156 2614 irtus
1179 2559 1471 2632 impletur,
1497 2566 1551 2616 et
1574 2562 1643 2616 de
1672 2565 1934 2633 proiectu

313 2666 405 2704 suo
425 2667 531 2705 non
558 2651 615 2704 in
640 2666 722 2716 se,
749 2649 846 2704 sed
874 2650 930 2703 in
956 2648 1199 2703 Domino
1222 2648 1523 2720 gloriatur,
1558 2650 1651 2706 hic
1680 2651 1936 2723 legitime

314 2736 537 2794 honorat
559 2737 833 2811 paschale
856 2741 1309 2793 sacramentum.
1326 2738 1512 2809 Hujus
1534 2738 1738 2794 limina
1753 2746 1940 2796 vasta-

314 2833 398 2882 tor
414 2827 644 2899 angelus
667 2826 957 2899 sanguine
980 2824 1113 2897 agni
1146 2831 1203 2882 et
1224 2827 1390 2888 signo
1412 2827 1600 2883 crucis
1622 2834 1941 2900 przenotata

316 2932 417 2971 non
442 2915 630 2971 intrat.
656 2917 728 2979 (ε)
770 2919 821 2970 Is
852 2914 1054 2988 plagas
1084 2915 1381 2989 .Egyptias
1413 2933 1526 2971 non
1571 2919 1847 2990 pavescit,
1880 2923 1941 2977 et

320 3004 509 3060 iisdem
528 3005 696 3076 aquis
718 3004 917 3059 hostes
938 3021 1075 3059 suos
1097 3004 1372 3076 relinquit
1392 3004 1705 3062 exstinctas
1727 3009 1942 3079 quibus

319 3098 402 3148 est
420 3094 531 3166 ipse
548 3094 828 3150 salvatus.
853 3092 1293 3166 Amplectamur
1314 3093 1528 3166 itaque,
1552 3095 1939 3167 dilectissimi,

315 3183 619 3253 puriﬁcatis
635 3182 931 3238 mentibus
945 3187 1119 3254 atque
1138 3183 1714 3255 corporibus,salutis
1732 3191 1940 3243 nostrae

2039 1954 2343 1994 summum
2364 1937 2471 1992 hoc
2494 1941 2550 1991 et
2564 1936 3034 2009 potentissimum
3049 1935 3256 1992 divina:
3274 1937 3685 1996 misericordia

2039 2030 2473 2081 sacramentum
2507 2041 2739 2095 semper
2787 2025 3024 2096 quidem
3070 2024 3131 2081 in
3165 2026 3437 2084 cordibus
3469 2028 3687 2085 nostris

2039 2132 2172 2169 cum
2204 2118 2325 2169 tota
2346 2115 2435 2168 sui
2462 2114 2742 2186 dignitate
2764 2114 3135 2170 retinendum
3162 2120 3269 2186 est,
3303 2118 3402 2173 sed
3426 2136 3582 2175 nunc
3609 2118 3688 2173 vi-

2038 2204 2325 2259 vaciorcm
2352 2203 2533 2258 animi
2569 2219 2809 2258 sensum
2841 2208 2898 2258 et
2926 2204 3222 2275 puriorem
3253 2206 3432 2280 exigit
3474 2208 3688 2263 mentis

2040 2292 2347 2361 intuitum,
2382 2292 2615 2363 quando
2650 2291 2820 2348 nobis
2851 2309 2964 2347 non
2998 2292 3190 2348 solum
3210 2312 3449 2350 recursu
3472 2300 3690 2368 tempo-

2043 2382 2144 2450 ris,
2166 2382 2263 2436 sed
2290 2379 2464 2436 etiam
2492 2384 2649 2435 textu
2673 2381 3012 2453 evangelicae
3045 2382 3311 2439 lectionis
3340 2401 3513 2440 omne
3541 2401 3690 2456 opus

2045 2475 2254 2525 nostra:
2277 2468 2485 2525 salutis
2509 2470 2811 2542 ingeritur.
2836 2470 2988 2524 Nihil
3008 2488 3142 2544 ergo
3163 2473 3317 2543 apud
3343 2490 3446 2529 nos
3470 2472 3581 2528 loci
3603 2490 3692 2528 co-

2044 2556 2354 2628 gitationcs
2374 2555 2626 2611 habeant
2650 2556 3098 2629 impiorum,nec
3121 2559 3511 2632 integritatem
3537 2578 3691 2617 sanas

2046 2644 2465 2717 intelligentiae,
2488 2649 2590 2699 aut
2609 2644 2854 2700 Judaica
2883 2645 3143 2714 oll'cnsio,
3177 2651 3277 2702 aut
3305 2648 3541 2721 gentilis
3572 2667 3695 2706 cor-

2048 2739 2285 2806 rumpat
2310 2733 2532 2789 irrisio:
2560 2738 2623 2789 ut
2654 2734 2806 2805 quod
2830 2751 2932 2806 pro
2955 2734 3123 2791 nobis
3145 2752 3258 2791 non
3281 2735 3475 2792 solum
3509 2738 3695 2794 humi-

2046 2822 2196 2889 liter,
2222 2823 2322 2878 sed
2346 2822 2520 2878 etiam
2546 2822 2879 2878 sublimiter
2891 2828 3123 2895 gestum
3136 2828 3244 2890 est,
3258 2828 3695 2884 autsecundum

2049 2910 2344 2967 hominem
2367 2910 2749 2984 impossibile,
2765 2916 2865 2965 aut
2884 2913 3206 2968 secundum
3230 2914 3411 2970 Deum
3432 2915 3699 2973 videatur

2050 2999 2382 3071 indignum.
2409 2998 2731 3071 Utrumque
2762 3003 2958 3056 autem
2990 3002 3187 3074 recipi,
3222 3007 3536 3077 utrumque
3566 3022 3699 3063 con-

2050 3089 2207 3144 venit
2229 3089 2413 3143 credi:
2449 3087 2590 3160 quia
2619 3106 2790 3145 nemo
2820 3088 3127 3146 hominum
3160 3093 3234 3164 (θ)
3257 3096 3465 3165 potest,
3500 3094 3616 3151 nisi
3635 3095 3696 3151 in

2054 3182 2300 3249 utroque
2313 3175 2580 3232 salvari.J
2586 3182 2754 3233 ustus
2766 3179 2923 3233 enim
2936 3183 2992 3234 et
3006 3180 3338 3238 misericors
3348 3181 3698 3253 Deus(h)non

316 3251 562 3327 mirabile
581 3274 1042 3338 sacramentum,
1066 3275 1122 3326 et
1138 3272 1210 3326 ab
1224 3272 1380 3326 omni
1407 3273 1687 3329 fermento
1704 3275 1937 3333 malitiae
1970 3251 2012 3319 C
2052 3266 2286 3337 Sicjm‘e
2309 3283 2425 3320 suae
2450 3265 2761 3321 νοῖυοῖεὶίίε
2787 3272 2876 3322 θεῖ
2895 3284 3060 3336 usus;
3095 3273 3159 3323 ιη
3177 3270 3248 3324 ad
3272 3273 3698 3342 reparationem

313 3360 507 3416 veteris
533 3360 836 3416 emundati
870 3360 912 3421 (Ι
944 3363 1069 3417 Cor.
1101 3378 1154 3428 v,
1187 3361 1263 3426 7),
1300 3361 1520 3417 Pascha
1550 3363 1777 3419 Domini
1810 3382 1945 3422 cum

315 3448 481 3521 digna
497 3450 559 3521 (Γ)
573 3449 943 3505 observantia
965 3449 1246 3504 celebrem
1259 3468 1325 3504 us
1344 3468 1356 3506 :
1373 3454 1437 3505 ut
1460 3456 1692 3523 regente
1707 3470 1812 3508 nos
1825 3455 1947 3527 Spi-

318 3536 426 3592 ritu
453 3543 665 3606 sancto,
693 3555 729 3592 a
760 3537 1042 3592 charitate
1072 3538 1282 3593 Christi
1317 3539 1491 3594 nullis
1522 3542 1946 3599 tentationibus

315 3640 655 3696 separemur,
681 3627 783 3699 qui
818 3627 874 3680 in
901 3626 1185 3698 sanguine
1207 3645 1312 3683 suo
1336 3628 1647 3699 pacificans
1668 3631 1949 3699 omnia,et

317 3711 379 3766 in
408 3713 760 3770 altitudinem
784 3719 1037 3786 paterna:
1064 3714 1260 3787 gloriae
1283 3732 1344 3770 se
1374 3717 1608 3788 recepit,
1633 3721 1689 3773 et
1706 3719 1944 3775 humili-

318 3804 484 3857 tatem
506 3803 608 3857 sibi
633 3801 1013 3859 servientium
1038 3820 1154 3857 non
1179 3802 1433 3875 reliquit,
1458 3804 1549 3859 cui
1578 3812 1662 3863 est
1684 3808 1872 3865 honor
1892 3812 1949 3864 et

317 3887 564 3959 gloriain
596 3890 814 3947 saecula
844 3891 1212 3947 saeculorum.
1247 3897 1451 3947 Amen.

765 3980 1005 4035 SERMO
1030 3980 1147 4036 LVI
1178 3981 1285 4052 [Αι.
1320 3982 1479 4053 LIV].

395 4072 465 4124 De
491 4071 761 4127 Passione
797 4070 1028 4125 Domini
1054 4069 1119 4125 V.
1157 4071 1259 4125 Die
1308 4072 1604 4143 Dominica
1648 4075 1876 4131 habitus

317 4154 577 4214 Smorsw
609 4193 673 4200 —
707 4160 747 4215 Ι.
784 4158 1052 4215 Salutem
1083 4168 1339 4215 nostram
1370 4177 1489 4216 esse
1517 4162 1575 4217 in
1600 4179 1768 4220 cruce
1792 4167 1945 4236 posi-

394 4282 583 4356 (a)Vox
602 4284 811 4340 nmndi
841 4284 1176 4356 adjectaest
1195 4301 1264 4338 ex
1284 4284 1513 4356 duobus
1532 4289 1945 4356 praestantissi-

316 4352 595 4410 miscodd.
621 4356 750 4411 Vat.
775 4361 834 4411 et
853 4352 1108 4422 SIPetri;
1134 4371 1200 4411 ex
1230 4355 1446 4426 quibus
1467 4352 1669 4412 etaliis
1700 4375 1845 4413 mss.
1880 4377 1946 4415 ac

313 4426 803 4509 nonnullis-etiarn
835 4426 1189 4509 editionibus
1218 4428 1343 4509 quis
1359 4430 1531 4509 ‘09be
1574 4430 1945 4509 reposuimus

314 4508 419 4615 Ero
436 4499 522 4566 qui
535 4498 842 4553 vobis.Mox
869 4498 923 4551 in
946 4498 1346 4552 vetustissimo
1359 4498 1946 4572 Vaticano—postrema

360 4568 484 4615 uilis
511 4569 715 4615 canitis
744 4570 919 4615 ven-ha
949 4569 1033 4615 sic
1064 4570 1410 4615 afferuntur:
1431 4575 1571 4615 Hum
1601 4574 1946 4615 rnnsrimlin

360 4568 484 4640 ujus
511 4569 715 4640 capitis
744 4570 921 4623 verba
949 4569 1033 4622 sic
1064 4570 1410 4624 efferuntur:
1431 4575 1571 4639 Quae
1601 4568 1948 4629 conscientia

2056 3359 2340 3424 nostram,
2355 3354 2539 3409 solam
2559 3354 2876 3426 potentiam
2900 3356 3276 3430 benignitatis
3296 3365 3579 3417 exureret:
3597 3361 3699 3418 sed

2058 3444 2196 3515 quia
2225 3459 2588 3515 consequens
2611 3443 2797 3498 fuerat
2827 3448 2891 3499 ut
2919 3444 3092 3500 homo
3126 3446 3344 3503 faciens
3375 3453 3697 3521 peceatum,

2057 3548 2258 3588 servus
2291 3535 2443 3587 esset
2471 3531 2691 3602 peccati
2745 3531 2923 3603 (Joan.
2972 3550 3094 3599 vm,
3127 3535 3240 3604 34),
3287 3537 3371 3591 sic
3412 3537 3703 3593 medicina

2056 3620 2335 3692 a3gris,sic
2354 3618 2744 3674 reconciliatio
2759 3620 2984 3687 reis,sic
2998 3622 3323 3695 redemptio
3335 3629 3425 3679 est
3436 3625 3703 3697 impensa

2057 3709 2318 3782 captivis,
2346 3712 2409 3764 ut
2438 3708 2941 3764 condemnationis
2965 3712 3026 3782 li)
3042 3712 3207 3781 justa
3238 3714 3525 3769 sententia
3535 3716 3700 3786 justo

2056 3797 2381 3854 liberatoris
2395 3814 2569 3870 opere
2592 3797 2928 3853 solveretur.
2944 3798 3087 3854 Nam
3109 3800 3155 3854 si
3171 3817 3275 3873 pro
3299 3804 3701 3874 peccatoribus

2056 3887 2182 3944 sola
2212 3905 2272 3942 se
2320 3891 2638 3958 opponeret
2670 3886 2881 3958 Deitas,
2914 3906 3027 3944 non
3072 3893 3193 3945 tam
3224 3891 3370 3947 ratio
3400 3891 3700 3950 diabolum

2055 3977 2309 4032 vinceret
2330 3991 2506 4046 quam
2533 3977 2811 4046 potestas.
2829 3975 2894 4030 Et
2910 3994 3169 4046 rursum,
3186 3979 3233 4034 si
3252 3996 3492 4037 causam
3512 3981 3703 4055 lapso-

2056 4082 2186 4120 rum
2220 4062 2343 4119 sola
2365 4068 2559 4135 ageret
2576 4068 2784 4119 natura
2802 4064 3157 4132 mortalium,
3183 4069 3247 4140 (j)
3263 4086 3376 4125 non
3397 4076 3703 4128 exueretur
3756 4083 3760 4087 '

2056 4172 2088 4211 a
2119 4153 2469 4223 conditione,
2504 4169 2631 4225 quae
2665 4152 2847 4209 libera
2886 4172 3001 4210 non
3034 4161 3188 4212 esset
3212 4175 3245 4214 a
3275 4175 3504 4231 genere.
3540 4160 3701 4218 Unde

2126 4279 2203 4350 (g)
2229 4276 2695 4350 Antiquissimus
2741 4277 2870 4333 Vat.
2902 4279 3063 4347 3835,
3094 4291 3325 4350 posset;
3371 4283 3524 4340 alius
3568 4284 3698 4341 Vat.

2056 4349 2278 4405 collect.
2305 4350 2360 4415 5,
2392 4349 2590 4417 possit.

2126 4422 2205 4491 (h)
2234 4421 2377 4474 Cum
2410 4423 2717 4490 corruptus
2737 4424 2891 4475 esset
2905 4419 2999 4476 hic
3014 4420 3196 4489 locus,
3217 4423 3562 4488 Quesnellus
3578 4425 3698 4481 edi-

2055 4491 2375 4578 d.it,non;s,ic
2394 4495 2870 4578 muneremotanvs
2892 4494 2949 4546 in
2976 4494 3238 4565 margine
3259 4513 3323 4578 ξιξ(
3347 4497 3428 4578 Ita
3450 4513 3557 4578 ope
3578 4496 3699 4578 edi:

2056 4563 2232 4638 tionis
2278 4562 2508 4617 Venetae
2539 4562 2866 4638 anni1505_.
2913 4580 3051 4638 quae
3081 4562 3149 4619 ei
3195 4562 3511 4638 antiquiori
3560 4569 3699 4624 anni

312 4620 465 4701 fuit?
491 4620 1409 4712 quissat/v.25agitatam?
1429 4620 1950 4712 adiurante;
1979 4620 2024 4683 Ι)
2059 4636 2199 4712 1ᾀὲὲᾷ
2220 4650 2493 4712 expressa
2521 4638 2630 4698 est.
2656 4620 3061 4712 ependatﬁm;
3096 4652 3230 4691 cum
3254 4620 3562 4712 legeretur.
3583 4656 3700 4697 non

326 4720 481 4773 pana
505 4711 790 4782 suscepit?
809 4710 1042 4783 quando
1058 4720 1110 4765 et
1123 4711 1409 4780 judicium
1433 4710 1523 4767 vos
1548 4715 1949 4771 universitatis

320 4784 562 4851 urgebat,
576 4793 629 4839 et
642 4800 921 4838 revocare
929 4799 991 4837 se
1001 4800 1037 4836 α
1054 4798 1279 4838 consum
1290 4789 1439 4838 malo
1453 4786 1667 4840 scelere
1680 4786 1949 4855 impietas

319 4860 494 4924 vestra
521 4872 629 4909 non
657 4858 944 4920 poterat?
974 4855 1119 4908 Cum
1150 4856 1343 4924 igitur,
1373 4859 1481 4908 etc.

391 4930 407 5000 ς
411 4922 454 4984 ὁ]
467 4924 617 5000 Idem
626 4926 755 5000 Vat.
768 4929 891 4982 .sub
907 4926 1089 5000 veteri
1106 4922 1388 5000 quondam
1401 4927 1461 5000 ig
1469 4926 1748 4984 norantiae
1762 4937 1944 4986 nocte.

320 4987 499 5128 ᾗ)νέηὲ
534 4998 731 5065 editio,
762 5001 867 5053 sub
903 4996 1080 5051 veteri
1110 4987 1395 5067 quondam
1422 4987 1778 5065 ignorantiae
1802 5018 1946 5072 pro-

350 5081 382 5114 u
510 5078 687 5123 nocte.

350 5078 485 5120 unda
510 5078 687 5123 nocte.

388 5142 448 5213 (ei
477 5138 556 5213 ΑΙ.
591 5139 651 5213 in
676 5138 940 5213 margine
967 5138 1284 5213 editorum,
1317 5156 1443 5194 eum
1474 5148 1748 5213 tempore,
1782 5147 1840 5197 et
1868 5144 1946 5199 ita

326 5209 487 5261 nostri
516 5211 680 5265 codd.
714 5209 939 5265 collect.
963 5211 1016 5264 5.

411 5278 476 5353 (ιζ)
505 5280 662 5335 Unus
685 5299 797 5337 ms.
822 5281 952 5353 Vat.
973 5286 1030 5335 et
1049 5279 1201 5353 alius
1222 5280 1280 5335 S.
1305 5281 1477 5353 Petri,
1501 5287 1562 5336 ut
1594 5284 1752 5353 quia.
1776 5284 1939 5353 Dein,

325 5354 373 5400 et
400 5349 692 5424 charitatis
744 5354 802 5407 in
835 5352 1028 5424 prima
1056 5352 1329 5417 editione,
1362 5351 1485 5407 loco
1516 5359 1577 5407 ut
1607 5349 1939 5411 cheruntis;

387 5428 445 5488 (ε)
474 5422 531 5477 In
562 5442 672 5479 ms.
709 5424 768 5480 S.
802 5422 979 5490 Petri,
1007 5425 1161 5493 ipsas
1182 5428 1409 5495 plagas.
1438 5425 1571 5495 Mox
1594 5431 1725 5495 post
1742 5444 1940 5483 vocem

324 5489 487 5565 hostes
513 5496 848 5551 addidimus
876 5512 1009 5551 suos
1029 5489 1105 5551 ex
1134 5489 1550 5565 antiquissimo
1578 5489 1708 5552 Vat.

297 5609 315 5620 .
368 5561 439 5631 (fi
469 5564 557 5619 Sic
588 5566 935 5631 Quesnellus
966 5583 1100 5622 cum
1134 5561 1351 5620 nostris
1394 5565 1561 5620 codd.
1607 5568 1940 5626 Anteriores

322 5629 437 5719 editi
440 5629 1015 5719 ppes,obser_vuti0ne.
1036 5638 1205 5719 Porro
1217 5637 1585 5719 opservantia
1597 5642 1942 5715 projejunio

322 5706 455 5778 apud
477 5706 725 5767 Leonem
754 5710 1028 5786 frequens
1060 5706 1370 5767 invenitur.

2053 4709 2156 4780 sic
2169 4703 2411 4780 injuria,
2526 4704 2813 4780 omnibus
2860 4706 3108 4780 excusis,
3140 4713 3198 4763 et
3227 4703 3376 4780 quos
3402 4711 3521 4766 vidi
3549 4703 3700 4770 mss.

2056 4777 2423 4855 codicibus.»
2449 4774 2640 4855 Prima
2663 4774 2883 4845 pariter
2902 4776 3175 4855 editio,_ex
3195 4774 3311 4855 qua
3332 4786 3570 4855 sumpta
3589 4783 3672 4839 fui

2056 4848 2275 4904 Veneta
2319 4864 2413 4919 an.
2462 4846 2618 4919 1485,
2661 4863 2795 4919 cum
2826 4848 2992 4903 codd.
3027 4846 3249 4908 collect.
3284 4854 3335 4919 3,
3370 4846 3545 4911 habet
3572 4872 3699 4911 mu-

2054 4936 2221 4984 nere;
2244 4918 2346 4973 sed
2374 4933 2562 4988 neque
2592 4918 2699 4973 hoc
2723 4917 2892 4989 plane
2924 4920 3228 4978 satisfecit.
3261 4917 3468 4980 veram
3500 4925 3699 4981 lectio-

2057 5007 2211 5069 nem,
2236 5007 2347 5077 uqn
2376 4992 2461 5044 sic
2476 4992 2645 5059 jure,
2678 4989 3068 5077 suppeditavit
3097 4995 3547 5077 antiquissimus
3568 4997 3693 5077 vat.

2055 5065 2251 5139 cotex.
2287 5061 2435 5126 Mox,
2469 5068 2763 5115 exerceret
2812 5079 2915 5132 pro
2945 5079 3073 5120 exet
3090 5072 3211 5121 erel
3238 5061 3303 5122 in
3352 5067 3542 5139 prima
3571 5066 3697 5122 edi-

2052 5133 2227 5188 tione.

2123 5204 2188 5277 (ξ)
2215 5201 2313 5277 §ic
2344 5199 2563 5277 melius
2584 5217 2654 5277 ex
2682 5202 2885 5277 eodem
2915 5203 3045 5277 Vat.
3077 5206 3399 5277 Al.,justzr.

2123 5270 2184 5344 (j)
2207 5273 2301 5349 Sic
2322 5289 2427 5349 sex_
2439 5270 2624 5349 nostri
2641 5274 2831 5349 oodd.,
2851 5279 2908 5349 et
2933 5276 3139 5333 melius
3170 5270 3346 5349 quam
3364 5287 3694 5349 emeretur,

2053 5351 2118 5401 ut
2137 5343 2259 5402 erat
2280 5344 2337 5398 in
2362 5343 2567 5410 editis;
2601 5348 2738 5400 exui
2776 5346 2930 5401 enim
2957 5365 2995 5403 α
3022 5343 3343 5404 conditione
3392 5348 3696 5406 dicebatur

2051 5434 2155 5503 pro
2179 5415 2421 5503 liberari
2439 5418 2795 5503 u_ser_vitute.
2824 5417 2982 5503 Unde
3003 5420 3158 5503 apud
3192 5420 3250 5503 Si.
3274 5420 3563 5503 zenonem
3586 5423 3624 5477 Ι.
3636 5439 3694 5503 _I,

2051 5488 2217 5544 tract.
2254 5488 2340 5554 10,
2377 5504 2432 5540 n.
2464 5488 2519 5551 5,
2557 5489 2728 5543 Multi
2753 5488 3169 5545 conditionibus
3197 5492 3359 5547 duris
3387 5493 3582 5557 exuti;
3633 5488 3695 5549 in

2049 5576 2223 5632 quem
2254 5557 2445 5632 locum
2476 5558 2643 5630 plura
2657 5559 3079 5615 annotavimus.
3103 5560 3448 5624 Quesnellus
3470 5564 3529 5620 in
3547 5582 3697 5621 mar-

2047 5628 2184 5706 giae
2213 5628 2547 5715 suspicatus
2595 5633 2839 5715 est‘pro
2867 5639 3170 5691 emeretur
3197 5632 3501 5715 legendum
3548 5636 3696 5701 forte

2046 5700 2273 5766 Erueret
2283 5720 2307 5773 ί
2322 5700 2449 5775 ’(110,
2483 5700 2742 5761 exueret.
