4098 6188
283 290 394 353 ‘329

1736 292 2004 356 SERMO
2045 294 2227 356 LVII.

3558 276 3783 377 θῆρ’

300 422 767 495 dispensationem
791 424 891 496 (a),
915 423 1175 480 cohibuit
1196 428 1573 498 potestatem;
1603 431 1659 481 et
1688 427 1923 482 beatum
1954 427 2009 496 Α
2038 443 2188 495 rum,
2230 424 2496 483 nolentes
2543 428 2885 498 interﬁcere,
2918 436 2974 488 01
3021 431 3364 499 clamantes,
3398 430 3683 503 Cruciﬁge,

284 509 603 582 apostolum
656 512 893 568 Petrum
949 511 1210 569 humana
1266 515 1577 570 adversum
1635 515 1924 570 irruentes

299 600 642 656 animositate
672 605 1055 670 commotum,
1095 601 1290 674 gladio
1320 604 1614 660 abstinere
1654 604 1925 676 preecepit

298 689 474 761 (11111111.
497 707 654 759 1111111,
677 690 791 762 52).
817 690 1187 763 Superﬂuum
1219 691 1375 746 enim
1405 696 1528 747 erat
1549 695 1610 747 ut
1633 692 1731 764 qui
1765 691 1922 748 nole-

298 778 370 834 bat
398 778 665 851 praesidio
694 779 1090 852 angeliearum
1120 778 1417 853 legionum
1431 780 1649 853 juvari,
1669 780 1841 837 vellet
1861 796 1923 837 se

296 867 444 923 unius
475 866 755 941 discipuli
800 868 1163 940 oppositione
1206 868 1456 925 defendi.
1503 869 1924 943 Perpetraverit

296 956 403 1012 licet
430 956 591 1014 ferox
618 957 795 1012 turba
823 957 978 1030 quod
1010 957 1213 1025 voluit,
1240 962 1297 1014 et
1337 958 1408 1015 de
1438 957 1673 1015 sceleris
1703 957 1797 1014 sui
1825 975 1919 1015 ex-

294 1044 502 1101 sultarit
518 1044 592 1117 (ὁ)
611 1045 817 1102 01100111
837 1063 851 1115 ;
870 1046 1059 1118 major
1076 1050 1272 1102 tamen
1293 1047 1696 1119 comprehensi
1713 1046 1917 1116 virtus,

292 1150 442 1206 quam
477 1133 1099 1207 comprehendentium
1126 1135 1257 1190 fuit.
1280 1135 1617 1192 Judaeorum
1642 1136 1795 1193 enim
1821 1153 1923 1192 cae-

272 1225 410 1279 citas
438 1222 588 1279 nihil
619 1222 895 1289 obtinuit,
928 1223 1039 1279 nisi
1073 1226 1140 1279 ut
1165 1241 1274 1279 sua
1302 1225 1599 1297 impietate
1629 1242 1691 1281 se
1722 1226 1921 1293 perde-

286 1316 379 1381 ret;
410 1311 630 1368 Christi
657 1328 794 1369 vero
825 1312 1106 1385 patientia
1146 1312 1256 1369 1100
1284 1313 1422 1387 egit,
1448 1318 1513 1369 ut
1559 1332 1764 1372 omnes
1812 1331 1920 1372 sua

282 1400 541 1457 Passione
579 1399 850 1457 salvaret.

342 1490 474 1547 CAP.
512 1489 652 1546 II.—-—
676 1490 957 1546 Perdueto
984 1494 1176 1546 autem
1201 1491 1342 1547 Jesu
1366 1492 1436 1547 ad
1459 1491 1734 1565 Caipham
1763 1493 1915 1564 prin-

262 1580 450 1651 cipem
474 1581 868 1646 sacerdotum,
893 1597 1005 1652 quo
1030 1579 1235 1636 scribae
1257 1585 1313 1635 et
1327 1580 1520 1637 omnis
1541 1580 1918 1637 sacerdotalis

254 1668 402 1723 ’ordo
424 1668 993 1740 conveneratatlauh.
1012 1685 1164 1736 xxvr,
1183 1670 1295 1738 57),
1315 1668 1462 1725 falsa
1479 1670 1787 1726 adversum
1812 1671 1917 1727 Do-

274 1758 490 1813 minum
525 1757 860 1814 testimonia
885 1758 1327 1830 quaerebantur;
1356 1758 1455 1814 sed
1483 1758 1631 1813 inter
1654 1758 1913 1816 incondi-
1944 1799 1991 1866 B

393 1851 431 1866 ,.
473 1846 733 1866 ,εμηη
1352 1846 1427 1866 με
1474 1846 1654 1866 an“,

275 1850 354 1903 tas
383 1851 437 1903 et
462 1846 738 1903 dissonas
766 1848 945 1902 voces‘
972 1846 1082 1902 hoc
1129 1846 1302 1903 Jesus
1351 1846 1697 1906 mirabiliter
1724 1848 1914 1921 elege-

276 1941 355 1992 rat
376 1940 467 2006 (c),
491 1941 555 1991 ut
600 1940 835 1992 taceret.
860 1935 1090 2007 00101110
1121 1941 1315 1991 tamen
1350 1937 1565 1993 dicenti
1597 1953 1608 1992 :
1635 1938 1838 2010 Adjuro
1863 1942 1917 1993 te

274 2041 365 2096 per
385 2027 553 2081 Deum
580 2026 787 2095 vivum,
810 2028 869 2079 ut
889 2024 1037 2079 dicas
1065 2024 1222 2080 nobis
1239 2027 1291 2079 si
1309 2029 1369 2079 tu
1389 2042 1443 2081 es
1465 2026 1710 2083 Christus
1740 2028 1915 2083 Filius

283 2113 365 2169 Dei
392 2114 568 2184 (Ibid,
597 2114 734 2183 63):
762 2113 844 2168 ita
872 2113 1057 2169 veraci
1092 2130 1155 2170 ac
1188 2113 1423 2186 provida
1453 2115 1794 2170 auctoritate
1825 2132 1913 2171 rc-

287 2204 518 2277 spondit,
542 2208 608 2259 ut
633 2202 844 2259 iisdem
865 2202 1058 2259 verbis
1088 2206 1147 2258 et
1174 2202 1499 2258 inﬁdelium
1527 2204 1913 2261 conscientias

290 2293 353 2365 (ά)
371 2296 618 2360 czecaret,
635 2295 693 2348 et
711 2292 1075 2348 credentium
1093 2292 1267 2348 corda
1288 2292 1567 2362 firmaret,
1588 2294 1659 2349 ad
1678 2310 1911 2349 omnem

289 2380 777 2456 interrogationem
800 2381 928 2452 ejus
951 2381 1307 2447 referens,Tu
1326 2381 1552 2445 dixisti;
1573 2383 1913 2456 addensque

286 2472 419 2544 quod
450 2470 752 2544 sequitur:
791 2473 1175 2526 Verumtamen
1206 2469 1324 2526 dico
1353 2472 1520 2541 vobis,
1543 2471 1735 2528 amodo
1764 2472 1911 2528 vide-

286 2560 391 2615 bitis
409 2562 608 2615 Filium
629 2559 871 2615 hominis
889 2558 1158 2615 sedentem
1177 2576 1211 2614 α
1232 2560 1439 2616 dextris
1459 2563 1531 2630 (e)
1551 2562 1772 2617 virtutis
1794 2563 1908 2630 Dei,

282 2658 326 2704 et
340 2651 630 2705 venientem
649 2650 709 2704 in
726 2648 963 2703 nubibus
978 2649 1104 2705 caeli
1115 2649 1272 2720 (Ibid.
1285 2691 1298 2716 ,
1317 2649 1428 2721 64).
1448 2649 1542 2705 Cai
1554 2651 1699 2723 phas
1715 2655 1908 2707 autem

279 2738 342 2791 ad
368 2737 827 2810 exaggerandam
873 2737 1055 2792 auditi
1100 2737 1387 2793 sermonis
1419 2738 1719 2808 invidiam,
1752 2740 1911 2795 scidit

272 2829 572 2883 vestimenta
595 2843 697 2881 sua
721 2844 742 2881 :
762 2829 820 2881 et
839 2825 1105 2882 nesciens
1135 2827 1274 2898 quid
1304 2826 1409 2882 hac
1431 2827 1789 2901 signiﬁcaret
1820 2828 1908 2884 in-

270 2916 444 2985 sauia,
456 2913 805 2972 sacerdotali
828 2932 889 2971 se
908 2914 1128 2971 honore
1152 2916 1526 2988 privavit.Ubi
1547 2920 1655 2983 est,
1671 2918 1906 2990 Caipha,

270 3005 534 3061 rationale
565 3004 823 3077 pectoris
851 3004 982 3060 tui?
1013 3004 1111 3060 ubi
1162 3006 1530 3062 continentiae
1562 3006 1909 3079 cingulum?

270 3093 363 3149 ubi
393 3092 871 3166 superhumerale
893 3093 1220 3149 virtutum?
1252 3094 1493 3167 Mystico
1524 3094 1622 3149 illo
1654 3100 1907 3151 sacrato-

2030 516 2304 587 mwiﬁge.
2325 515 2472 579 Quid
2503 516 2610 573 hac
2640 518 2831 590 specie
2869 506 3169 595 religionis
3198 518 3518 592 injustius?
3543 519 3683 593 quid

2032 604 2140 659 hac
2157 603 2476 661 clementiae
2494 606 2865 665 simulatione
2881 608 3216 666 crudelius?
3234 608 3359 675 Qua
3401 607 3549 682 lege,
3586 609 3689 665 Ju-

2033 693 2320 767 daei,quod
2339 693 2500 750 vobis
2531 711 2647 751 non
2678 693 2811 752 licet
2843 697 3051 759 facere.
3078 696 3212 754 licet
3231 696 3416 771 velle?
3444 712 3563 769 qua
3591 714 3687 756 ra-

2031 780 2370 854 tione,quod
2386 799 2628 855 corpora
2642 783 3054 855 polluit,corda
3068 802 3182 842 non
3198 784 3384 841 laedit?
3394 784 3687 842 Contami-

2031 871 2156 927 nari
2180 870 2464 929 occisione
2482 873 2609 942 ejus
2628 873 3009 945 mctuitis,cuj
3020 891 3088 931 us
3112 890 3290 948 super
3309 891 3408 931 vos
3429 877 3487 931 et
3504 889 3684 948 super

2031 959 2181 1015 ﬁlios
2210 966 2434 1017 vestros
2481 962 2647 1017 fundi
2694 962 3044 1035 sanguinem
3092 961 3432 1035 postulastis
3471 963 3678 1037 (Matth.

2027 1065 2200 1118 xxvu,
2219 1051 2330 1118 25).
2352 1049 2410 1106 Si
2434 1067 2548 1106 non
2568 1054 2799 1106 tantum
2817 1050 3044 1108 facinus
3060 1056 3252 1110 vestra
3269 1052 3539 1125 impietas
3555 1070 3684 1126 per-

2029 1136 2169 1210 agit,
2190 1138 2509 1210 permittite
2538 1140 2846 1213 praasidem
2869 1139 3136 1212 judicare
3166 1141 3323 1215 quod
3347 1141 3544 1199 sentit.
3567 1142 3680 1200 Sed

2026 1243 2128 1282 vos
2159 1226 2332 1281 etiam
2365 1226 2424 1282 in
2455 1227 2649 1298 ipsum
2673 1244 2878 1302 graves
2905 1233 3087 1303 atque
3100 1228 3359 1299 violenti,
3383 1229 3444 1286 in
3465 1229 3524 1285 id
3545 1247 3679 1287 eum

1995 1361 1998 1364 .
2032 1314 2325 1372 declinare
2348 1332 2462 1371 non
2480 1316 2693 1387 sinitis,
2709 1336 2745 1373 a
2764 1335 2879 1392 quo
2901 1318 3013 1391 ipsi
3044 1319 3405 1376 mendaciter
3423 1318 3680 1377 abstine-

2027 1403 2126 1460 tis.
2161 1405 2485 1460 Peccaverit
2515 1405 2735 1463 Pilatus
2767 1407 3029 1464 iaciendo
3060 1409 3217 1480 quod
3249 1407 3455 1477 noluit,
3488 1408 3549 1465 in
3578 1425 3682 1466 ve-

2026 1498 2208 1549 stram
2242 1498 2437 1550 tamen
2470 1496 2889 1553 conscientiam
2921 1497 3163 1553 conﬂuit
3196 1496 3484 1570 quidquid
3518 1497 3681 1555 furor

2025 1587 2215 1638 vester
2245 1583 2504 1639 extersit.
2531 1584 2689 1641 Talis
2733 1586 2910 1642 etiam
2944 1585 3063 1643 illic
3090 1590 3283 1644 vestra
3310 1586 3678 1644 observantia

2025 1670 2155 1740 fuit,
2175 1672 2274 1727 ubi
2302 1672 2573 1744 pretium,
2595 1675 2749 1746 quod
2766 1674 2930 1732 vobis
2948 1676 3159 1733 Christi
3184 1675 3448 1733 venditor
3477 1692 3675 1749 repor-

2026 1760 2185 1829 tavit,
2207 1761 2358 1817 mitti
2381 1762 2436 1816 in
2459 1763 2938 1835 gazophylacium
2962 1764 3256 1834 noluistis,
3277 1769 3546 1823 caventes
3566 1765 3676 1822 soi-

2023 1849 2157 1907 licet
2190 1868 2260 1907 ne
2291 1868 2488 1907 sacros
2520 1850 2743 1909 loculos
2787 1855 3036 1926 pecunia
3079 1859 3323 1912 cruenta
3368 1853 3677 1928 pollueret.

2022 1939 2202 2012 Cujus
2231 1940 2424 1997 cordis
2453 1946 2541 1996 est
2586 1941 2699 1997 ista
2739 1942 3080 1999 simulatio?
3110 1944 3490 2000 Sacerdotum
3537 1959 3674 2001 con-

2022 2028 2267 2085 scientia
2297 2029 2451 2101 capit
2479 2030 2635 2101 quod
2677 2031 2875 2105 templi
2909 2050 3043 2090 area
3072 2050 3188 2090 non
3227 2031 3435 2105 recipit
3463 2033 3672 2105 (Matth.

2021 2120 2292 2188 xxvu,6).
2330 2118 2637 2175 Refutatur
2681 2119 2841 2176 illius
2886 2121 3195 2195 sanguinis
3235 2119 3471 2192 taxatio,
3504 2122 3676 2194 cujus

2022 2224 2137 2262 non
2188 2207 2428 2263 timetur
2474 2207 3109 2274 eﬁ‘usio.Quantislibet
3139 2211 3219 2267 ita
3269 2226 3371 2267 vos
3430 2209 3672 2267 fallaciaa

2021 2295 2454 2368 circumtegatis
2478 2296 2859 2364 umbraculis,
2884 2297 3096 2355 initum
3117 2303 3206 2356 est
3231 2314 3364 2355 cum
3390 2299 3673 2356 traditore

2020 2385 2458 2455 commercium,
2482 2402 2597 2457 quo
2620 2386 2850 2457 justum
2880 2386 3249 2460 sanguinem,
3271 2387 3425 2444 sicut
3449 2404 3565 2444 non
3596 2387 3667 2444 li-

2020 2474 2142 2531 cuit
2170 2473 2493 2545 comparari
2527 2475 2591 2546 (7')
2624 2474 2707 2530 sic
2738 2492 2855 2531 non
2886 2474 3148 2532 licuisset
3175 2475 3422 2534 effundi.

2044 2600 2049 2604 -
2089 2564 2222 2620 Cap.
2259 2563 2347 2620 1V.
2374 2594 2443 2602 -—-
2473 2563 2778 2620 Seditiosis
2827 2563 3006 2637 igitur
3050 2564 3406 2623 clamoribus
3446 2565 3673 2624 Judao-

2020 2671 2151 2710 rum
2174 2652 2250 2727 (Is)
2272 2652 2510 2708 cedente
2548 2652 2752 2721 Pilato,
2777 2653 2835 2708 in
2868 2653 3014 2724 loco,
3040 2653 3137 2710 cui
3175 2670 3386 2711 nomen
3417 2658 3508 2711 est
3533 2652 3671 2711 Gol-

2018 2743 2215 2818 gotha,
2231 2741 2594 2821 cruciﬁgitur
2612 2740 2879 2799 Christus
2899 2745 3087 2811 (Joan.
3105 2759 3219 2810 Xlx,
3244 2743 3329 2811 17,
3351 2742 3460 2815 18).
3485 2744 3550 2813 (l)-
3563 2743 3673 2813 Per

2017 2832 2244 2906 lignum
2263 2830 2505 2904 erigitur
2520 2829 2722 2903 lapsus
2738 2830 2798 2886 in
2816 2830 3062 2904 ligno,et
3081 2835 3261 2905 gustu
3278 2831 3431 2889 fellis
3451 2835 3508 2889 et
3523 2832 3672 2890 aceti

2018 2921 2263 2978 diluitur
2292 2936 2427 2975 esca
2456 2920 2697 2992 peccati.
2722 2921 2926 2977 Merito
2952 2918 3298 2994 priusquam
3319 2921 3668 2989 traderetur,

2018 3011 2243 3066 dixerat
2265 3009 2548 3066 Dominus
2573 3027 2585 3066 :
2614 3011 2755 3066 Cum
2778 3009 3055 3066 excitatus
3077 3011 3254 3081 fuero,
3277 3012 3465 3067 omnia
3484 3011 3555 3066 ad
3586 3027 3672 3068 me

2016 3100 2235 3155 traham
2254 3098 2428 3165 (Joan.
2452 3115 2552 3167 xu,
2576 3099 2610 3153 3
2647 3097 2664 3164 )
2688 3116 2700 3155 :
2727 3098 2784 3154 id
2816 3102 2923 3167 est,
2944 3102 3125 3156 totam
3154 3116 3396 3157 causam
3422 3100 3670 3157 humani

267 3186 437 3255 teque
464 3184 681 3239 amictu
732 3182 857 3255 ipse
884 3186 940 3238 te
970 3181 1207 3255 spolias,
1242 3188 1298 3239 et
1334 3183 1586 3255 propriis
1634 3185 1906 3240 manibus
1936 3168 1981 3236 Ο
2019 3187 2247 3262 generis
2271 3192 2536 3260 agam,et
2556 3187 2695 3243 olim
2719 3187 3006 3261 perditam
3035 3188 3095 3244 in
3128 3188 3421 3263 integrum
3443 3205 3673 3246 revoca-

266 3272 612 3342 pontiﬁcalia
662 3271 1007 3327 indumenta
1045 3271 1348 3344 discerpis,
1374 3271 1590 3329 oblitus
1640 3274 1905 3347 praecepti

269 3359 445 3430 illius,
474 3362 625 3435 quod
687 3360 912 3433 legeras
959 3361 1031 3417 de
1078 3361 1340 3434 principe
1385 3363 1749 3419 sacerdotum
1786 3381 1798 3419 :
1836 3365 1908 3420 De

266 3451 438 3520 capite
484 3466 580 3506 suo
608 3450 845 3506 cidarim
872 3466 979 3505 non
1006 3449 1249 3522 deponet,
1277 3458 1329 3505 et
1356 3452 1671 3507 vestimenta
1698 3470 1799 3508 sua
1830 3453 1907 3525 (f)

267 3553 377 3592 non
403 3538 693 3611 disrumpet
715 3540 860 3609 (Leu.
882 3555 998 3603 xxx,
1030 3540 1131 3610 10).
1159 3539 1247 3594 Tu
1266 3556 1419 3607 vero,
1443 3557 1476 3595 a
1497 3557 1611 3613 quo
1625 3542 1752 3612 jam
1774 3541 1908 3598 alie-

272 3627 515 3681 nabatur
540 3626 661 3683 haec
692 3625 968 3698 dignitas,
996 3626 1119 3698 ipse
1146 3626 1247 3682 tibi
1280 3645 1341 3683 es
1373 3634 1676 3686 exsecutor
1697 3647 1907 3704 oppro-

272 3713 471 3781 brii;et
494 3717 557 3772 ad
585 3715 1082 3772 manifestandum
1107 3716 1280 3772 ﬁnem
1304 3718 1514 3773 veteris
1532 3718 1786 3775 instituti
1807 3720 1906 3793 (9),

271 3804 465 3860 eadem
495 3805 780 3877 disruptio
804 3804 1220 3861 sacerdotalem
1252 3808 1437 3863 aul'erl
1463 3813 1757 3878 ornatum,
1779 3827 1906 3883 quze

276 3907 409 3947 mox
435 3899 490 3950 01
516 3894 718 3967 templi
746 3894 983 3949 discidit
1012 3894 1224 3950 velum.

347 3981 648 4040 er.llI.——
669 3984 972 4055 Hincjam,
987 3983 1373 4053 dilectissimi,
1392 3985 1545 4042 inter
1560 3986 1908 4060 multiplica-

276 4072 368 4125 tas
392 4070 682 4129 illusiones
708 4079 878 4129 nocte
904 4076 1217 4139 transacta,
1232 4074 1489 4130 vinctum
1518 4076 1719 4133 Jesum
1754 4079 1907 4136 216

279 4156 452 4215 Pilato
480 4161 707 4234 praesidi
734 4162 1116 4219 tradiderunt.
1142 4161 1438 4237 Principes
1457 4165 1613 4222 enim
1636 4169 1910 4224 sacerdo-

276 4249 400 4303 tum
418 4254 472 4304 et
490 4251 741 4308 seniores
764 4250 961 4324 populi
984 4249 1091 4307 hoc
1112 4250 1354 4308 consilio
1378 4270 1498 4309 rem
1519 4255 1818 4327 gerebant,
1844 4262 1910 4312 ut

280 4334 356 4389 ab
383 4339 590 4395 actione
611 4339 849 4396 sceleris
869 4339 948 4411 (h)
970 4339 1056 4395 sui
1082 4339 1417 4397 viderentur
1437 4342 1752 4412 immunes,
1776 4345 1910 4402 sub-

280 4424 557 4484 trahentes
573 4446 748 4502 opera
768 4446 1077 4498 manuum,
1090 4433 1148 4485 et
1166 4432 1225 4501 (i)
1244 4436 1539 4489 exerentes
1554 4432 1670 4490 tela
1686 4433 1910 4508 lingua-

2015 3281 2089 3335 bo
2111 3282 2400 3334 naturam.
2421 3276 2483 3331 In
2518 3292 2611 3331 me
2640 3277 2831 3333 omnis
2875 3276 3187 3334 inﬁrmitas
3218 3277 3566 3347 abolebitur,
3598 3277 3662 3335 in

2017 3385 2109 3424 me
2137 3366 2330 3423 omnis
2352 3365 2524 3438 plaga
2546 3365 2867 3421 sanabitur.
2891 3364 3221 3422 Exaltatum
3243 3370 3443 3423 autem
3458 3366 3489 3422 J
3497 3381 3665 3435 esum

2017 3459 2088 3514 ad
2119 3473 2182 3512 se
2209 3454 2455 3511 traxisse
2477 3455 2691 3521 omnis,
2714 3471 2831 3510 non
2852 3454 3045 3511 solum
3076 3460 3288 3515 nostra:
3319 3455 3663 3512 substantia:

2016 3546 2307 3621 passione,
2338 3544 2437 3599 sed
2483 3544 2661 3599 etiam
2706 3543 2888 3598 totius
2938 3544 3142 3599 mundi
3162 3543 3254 3611 (m)
3275 3544 3665 3601 commotione

2000 3638 2408 3691 monstratum
2426 3636 2533 3688 est.
2550 3632 2841 3688 Pendente
2857 3631 3013 3688 enim
3031 3631 3090 3686 in
3108 3630 3369 3705 patibulo
3384 3635 3664 3700 creatore,

2015 3724 2290 3783 universa
2306 3725 2501 3778 ereatu
2510 3739 2574 3777 ra
2591 3721 2946 3794 congemuit,
2964 3726 3020 3778 et
3036 3722 3235 3778 Crucis
3257 3721 3449 3779 clavos
3467 3720 3668 3778 omnia

2016 3812 2194 3871 simul
2226 3811 2518 3867 elementa
2565 3814 2895 3869 senserunt.
2930 3808 3088 3867 Nihil
3120 3811 3193 3868 ab
3234 3810 3345 3867 illo
3379 3809 3666 3884 supplicio

2014 3902 2265 3959 liberum
2290 3900 2416 3956 fuit.
2441 3904 2561 3956 Hoc
2582 3901 2640 3955 in
2664 3902 3140 3958 communionem
3162 3900 3238 3969 (η)
3261 3900 3353 3958 sui
3375 3904 3432 3958 et
3448 3906 3666 3958 terram

2014 3991 2191 4048 traxit
2212 3994 2270 4047 et
2290 3988 2527 4058 coelum,
2546 3989 2655 4045 hoc
2689 3995 2886 4064 petras
2917 3991 3095 4064 rupit,
3119 3994 3503 4048 monumenta
3532 4007 3668 4064 ape-

2016 4080 2152 4148 ruit,
2196 4081 2343 4137 217
2391 4078 2619 4135 inferna
2660 4081 2960 4154 reseravit,
2992 4085 3049 4138 et
3078 4081 3393 4138 densarum
3430 4078 3670 4138 horrore

2016 4170 2391 4226 tenebrarum
2414 4168 2609 4224 radios
2631 4169 2774 4225 solis
2795 4170 3119 4227 abscondit.
3146 4170 3402 4227 Debebat
3423 4169 3490 4238 (0)
3508 4168 3668 4225 enim

2016 4260 2127 4315 hoc
2156 4256 2559 4314 testimonium
2593 4274 2701 4314 suo
2730 4259 2991 4316 mundus
3017 4258 3260 4326 auctori,
3285 4263 3348 4315 ut
3373 4257 3435 4314 iu
3458 4274 3667 4327 occasu

2016 4346 2332 4404 conditoris
2365 4345 2456 4402 sui
2487 4346 2702 4402 vellent
2722 4348 2997 4404 universa
3037 4347 3212 4403 ﬁniri.
3238 4347 3350 4403 Sed
3386 4346 3669 4420 patientia

2018 4438 2117 4494 Dei
2150 4440 2341 4493 servat
2372 4437 2546 4492 rebus
2576 4440 2751 4509 atque
2784 4436 3148 4510 temporibus
3169 4434 3433 4493 ordinem
3464 4451 3665 4509 suum,

355 4531 886 4616 (10⁸1211111,0011111111.Δ
900 4535 1459 4616 .Emendavirnusex
1499 4540 1912 4616 antiquissimo
1940 4537 1987 4603 D
2017 4547 2154 4601 Hinc
2173 4544 2317 4616 jam,
2350 4545 2459 4616 etc.

280 4599 401 4686 δζαι.
420 4605 552 4661 3835
578 4599 637 4662 et
664 4624 733 4686 ex
763 4607 1119 4686 Lectionario
1148 4615 1203 4664 Β.
1233 4608 1409 4676 Petri,
1442 4610 1498 4665 in
1519 4599 1657 4684 lquo'
1676 4599 1905 4686 disposi:

274 4674 487 4750 tionem.
516 4694 620 4750 pro
651 4679 1128 4750 dispensationem.

349 4746 415 4825 (I1)
442 4746 858 4825 EditiLa/fectu.
892 4750 1318 4808 Correetionem
1351 4755 1763 4825 prambuerunt
1794 4758 1908 4817 duo

272 4811 482 4874 laudati
510 4811 757 4877 codices.

348 4888 408 5028 (c2
442 4892 495 4945 In
530 4909 641 4975 ms.
677 4894 735 4949 S.
770 4892 942 4975 Petri,
972 4897 1033 4948 ut
1061 4894 1283 4951 tacendo
1314 4897 1573 4953 vinceret.

408 4974 417 5021 t
449 4963 592 5020 Editi
624 4968 685 5019 01
714 4962 897 5028 aliqui
928 4965 1120 5028 codd.,
1142 4966 1390 5022 caederet.
1424 4968 1494 5024 Et
1525 4971 1573 5023 111

408 4970 417 5021 1
449 4963 592 5037 Editi
624 4968 685 5019 01
714 4962 897 5037 aliqui
928 4965 1120 5037 codd.,
1142 4966 1390 5022 caederet.
1424 4968 1494 5024 Et
1525 4971 1757 5027 duobus
1790 4990 1908 5030 me-

276 5035 505 5102 moratis
552 5052 697 5091 mss.
726 5035 1119 5093 correximus:
1147 5041 1375 5094 11300νο1
1421 5045 1615 5096 autem
1666 5045 1911 5102 refertur

278 5101 464 5187 ad’illa
489 5106 731 5187 Isaigc.
763 5124 840 5187 v1,
872 5125 939 5187 vl
958 5109 1023 5163 10
1056 5125 1068 5163 :
1100 5110 1330 5187 [dromon
1357 5127 1450 5165 cor
1474 5115 1665 5184 populi
1690 5116 1870 5187 hujus.

348 5173 411 5242 (e)
444 5176 501 5232 111
533 5178 707 5235 editis
738 5184 873 5234 ante
902 5179 1115 5243 Quesn.
1148 5173 1516 5238 desideratur
1542 5173 1779 5242 uirtutis:

348 5247 408 5383 ψ
435 5247 618 5306 Codex
648 5251 705 5306 S.
741 5250 917 5317 Petri,
946 5267 1054 5307 non
1084 5251 1312 5308 scindet.

367 5319 415 5383 g)
435 5319 744 5383 Sequentia
765 5322 1166 5383 supplevimus
1193 5340 1262 5378 ex
1279 5324 1312 5378 L

367 5319 415 5388 g)
435 5319 744 5394 sequentia
765 5322 1087 5394 supplevim
1098 5340 1166 5378 us
1193 5340 1262 5394 ex
1279 5324 1656 5383 Leetionariis
1677 5329 1733 5383 S.
1760 5330 1910 5386 Petri

282 5388 340 5471 et
359 5388 912 5471 antiquissimoﬁ’at.
1027 5410 1142 5465 quo
1168 5393 1350 5450 altero
1372 5395 1562 5471 solum
1582 5397 1800 5471 legitur
1820 5419 1916 5458 au-

238 5457 439 5540 -Ῑεζζςῤ
465 5457 565 5540 pro
594 5467 807 5540 aufert,
831 5464 890 5519 in
920 5457 1344 5540 alternantem
1373 5457 1793 5540 discindituloeo
1822 5473 1913 5529 di-

240 5577 247 5583 .
278 5529 445 5610 011111.
466 5529 597 5610 Erat
625 5529 681 5591 in
714 5536 969 5610 vulgatis
994 5541 1051 5593 et
1081 5537 1213 5593 aliis
1244 5537 1410 5610 codd.
1439 5555 1589 5610 quos
1618 5542 1873 5602 vidimus
1899 5562 1912 5602 :

277 5605 462 5664 veteris
500 5609 740 5666 instituti
788 5605 1027 5683 pertinet
1078 5610 1268 5669 eadem
1312 5605 1553 5688 diruptio
1602 5615 1912 5678 sacerdotii.

582 5732 856 5801 Paraon.
897 5734 1052 5801 LIV.

2090 4611 2183 4684 (h)'
2200 4613 2485 4670 Rainaudi
2506 4617 2562 4668 et
2587 4611 2882 4678 Quesnelli
2904 4614 3187 4672 editiones
3219 4614 3413 4672 delent
3433 4616 3557 4672 sui:
3579 4632 3671 4673 re-

2019 4686 2320 4746 stituimus
2351 4703 2421 4741 ex
2447 4684 2839 4741 anterioribus
2869 4685 3061 4755 editis,
3087 4687 3421 4755 nostrisque
3452 4687 3623 4744 codd.

2088 4757 2447 4830 (i)Qua3dam
2487 4756 2791 4830 editiones,
2839 4762 3166 4830 exercentes,
3221 4756 3372 4815 maia
3406 4775 3420 4818 ε
3453 4764 3512 4816 et,
3563 4758 3671 4816 ali-

2020 4828 2237 4909 quantp
2262 4832 2392 4909 post
2419 4831 2592 4909 totum
2617 4829 2835 4909 facinus
2864 4828 2989 4909 loco
3020 4834 3233 4909 tantum
3259 4832 3498 4909 facinus.

2091 4903 2160 4975 (1)
2182 4900 2551 4975 Ρτὲξΐεᾷνβηόίι
2578 4900 2701 4975 visa
2736 4904 2829 4975 est
2868 4900 2988 4957 haec
3038 4901 3205 4957 lectio
3254 4900 3367 4958 ms.
3400 4902 3458 4959 S.
3493 4901 3669 4960 Petri.

2018 4970 2243 5039 Al.',’ita
2275 4971 2456 5026 debuit
2485 4986 2592 5026 non
2621 4970 2847 5041 effundi.
3276 5034 3279 5037 _

2089 5044 2165 5113 (11)
2200 5045 2286 5098 Ita
2309 5042 2533 5113 optime
2568 5043 2900 5098 emendavit
2945 5044 3309 5111 Quesnellus,
3337 5047 3404 5100 ut
3448 5043 3667 5099 habent

2020 5112 2193 5172 etiam
2226 5112 2408 5168 nostri
2435 5112 2603 5167 codd.
2627 5114 2825 5169 Caeteri
2851 5114 3014 5181 editi,
3042 5116 3273 5172 sedente.

2117 5184 2323 5259 1)-0911.
2357 5183 2498 5239 Bon.
2531 5184 2718 5259 Merito
2742 5187 2905 5259 igitw
2942 5203 3042 5259 per
3074 5189 3305 5259 tignum.

2114 5253 2190 5330 111)
2223 5255 2315 5312 Sic
2346 5272 2414 5311 ex
2443 5253 2854 5330 antiquissimo
2887 5253 3015 5314 vin.
3048 5253 3247 5315 et'ms.
3279 5261 3335 5312 S.
3368 5253 3543 5310 Petri.
3573 5253 3666 5313 Al.

2022 5344 2332 5403 perperam
2356 5329 2792 5403 commutatione.

2094 5398 2173 5477 (ἡ)
2204 5398 2667 5477 Aptiquissimus
2692 5400 2843 5469 Vat.,
2868 5417 3045 5466 suam,
3069 5403 3126 5456 et
3156 5398 3289 5455 dein
3317 5406 3672 5477 mmzumenta

2057 5472 2289 5527 atefecit.

2016 5474 2543 5619 ῗαξὲςϐῗέίόἰόίᾳῃω
2581 5544 2729 5619 enim
2775 5558 2845 5598 ex
2891 5541 3122 5619 duobus
3166 5541 3674 5617 praestantissimis

2023 5611 2303 5676 Romanis
2335 5614 2500 5674 codd.
2536 5613 2748 5691 saepius
2777 5611 3135 5674 memoratis.

3274 5742 3346 5809 11
