4098 6188
450 307 560 379 331

454 471 677 527 nosque
699 455 758 510 in
782 452 947 509 illum
972 452 1166 525 potius
1185 457 1257 525 (a)
1278 451 1483 509 invitat
1501 452 1792 520 atfectum,
1815 458 1875 507 ut
1899 469 2099 508 eorum
2129 458 2185 521 Α

453 543 701 599 salutem
735 545 1027 615 petamus,
1055 558 1306 615 quorum
1338 542 1558 598 crimen
1592 541 1922 598 horremus.

522 631 655 687 CAP.
679 629 747 686 V.
767 663 835 672 -—
857 631 1040 688 Tanto
1080 631 1259 705 igitur
1287 631 1470 704 pretio
1493 630 1581 700 (b),
1607 633 1886 703 tantoque
1918 646 2108 686 sacra-

451 724 647 776 mento
669 720 819 776 eruti
843 721 914 776 de
937 724 1223 793 potestate
1244 719 1642 787 tenebrarum,
1665 723 1722 775 et
1751 719 1822 774 ab
1851 720 2105 791 antiquae

452 806 810 880 captivitatis
837 808 1089 866 vinculis
1110 809 1386 879 absoluti,
1411 809 1542 865 date
1568 825 1825 881 operam,
1851 807 2108 863 dilectis-

454 896 610 967 simi,
637 901 703 953 ut
733 897 1126 970 integritatem
1148 897 1432 955 mentium
1454 901 1784 953 vestrarum
1809 896 1969 952 nulla
1985 897 2109 952 dia-

453 985 625 1042 bolus
642 989 766 1042 arte
786 992 1139 1059 corrumpat.
1158 986 1452 1059 Quidquid
1470 989 1535 1056 (c)
1552 985 1714 1041 vobis
1736 989 1937 1041 contra
1953 984 2110 1041 Chri-

456 1075 712 1132 stianam
744 1076 917 1147 fidem
953 1076 1260 1149 ingeritur,
1286 1073 1572 1148 quidquid
1604 1078 1805 1130 contra
1834 1073 2113 1129 mandata

458 1163 559 1219 Dei
591 1164 889 1233 suadetur,
922 1165 993 1219 de
1028 1164 1188 1220 illius
1219 1163 1660 1236 deceptionibus
1688 1162 1979 1234 vcnit,qui
2010 1179 2112 1218 vos

461 1252 789 1309 innumeris
809 1252 960 1309 dolis
983 1253 1055 1309 ab
1084 1258 1298 1310 aeterna
1317 1253 1433 1308 vita
1455 1257 1698 1308 conatur
1718 1256 1994 1318 avertere,
2018 1267 2112 1306 ca-

459 1341 679 1414 ptando
692 1342 981 1414 quasdam
994 1340 1327 1398 occasiones
1347 1340 1701 1397 infirmitatis
1718 1340 1989 1396 humanae
2013 1356 2115 1412 per

463 1447 611 1503 quas
632 1431 897 1487 incautas
921 1431 1401 1505 negligentesque
1432 1431 1660 1487 animas
1688 1430 1743 1485 in
1763 1429 2006 1500 laqueos
2027 1427 2113 1500 (d)

460 1518 672 1574 iterum
692 1536 811 1574 suae
830 1519 1036 1576 mortis
1053 1520 1535 1575 inducat.0mnes
1553 1536 1688 1591 ergo
1708 1534 1809 1591 per
1829 1535 2043 1589 aquam
2059 1520 2116 1572 et

459 1607 739 1680 Spiritum
774 1612 1044 1664 sanctum
1078 1608 1284 1676 renati,
1311 1608 1567 1665 recolant
1608 1608 1697 1663 cui
1744 1605 2113 1663 renuntiave-

464 1696 675 1765 rint,et
697 1714 813 1769 qua
833 1698 1420 1770 profcssionejugum
1446 1715 1475 1751 a
1499 1715 1559 1752 se
1591 1697 1904 1769 tyrannicae
1928 1694 2113 1749 domi-

462 1787 715 1843 nationis
737 1787 1127 1844 excusserint:
1150 1804 1255 1842 nec
1275 1787 1332 1842 in
1360 1786 1633 1842 secundis
1657 1786 1993 1858 quisquam,
2010 1799 2115 1840 nec

463 1877 519 1932 in
546 1876 822 1943 adversis,
850 1877 920 1932 ad
947 1876 1311 1931 mortiferum
1343 1874 1557 1930 diaboli
1586 1878 1783 1929 currat
1806 1872 2112 1929 auxilium.

464 1966 565 2023 Ille
595 1967 750 2021 enim
782 1965 1032 2021 mendax
1061 1969 1147 2020 est
1178 1965 1250 2020 ab
1282 1964 1446 2019 initio
1483 1966 1655 2033 (Joan.
1678 1981 1799 2031 vni,
1828 1964 1939 2031 44),
1962 1966 2018 2016 et
2056 1962 2114 2016 in

465 2055 589 2112 sola
612 2056 765 2127 viget
807 2060 930 2110 arte
980 2052 1322 2121 fallendi,ut
1352 2053 1671 2107 humanam
1723 2050 2115 2124 ignorantiam

466 2143 623 2200 falsze
641 2143 972 2213 (c)scientize
1000 2142 1387 2198 ostentatione
1409 2140 1680 2213 decipiat,
1700 2140 1892 2212 sitque
1914 2156 2115 2195 eorum

466 2249 623 2289 nunc
655 2230 950 2305 malignus
993 2229 1569 2303 impulsor,quorum
1603 2232 1734 2301 post
1767 2229 2000 2283 futurus
2032 2232 2119 2283 est

465 2322 771 2395 improbus
802 2324 1125 2376 accusator.
1151 2318 1297 2374 Anni
1329 2319 1459 2373 vitae
1487 2322 1699 2373 nostrae
1731 2320 1787 2373 et
1819 2317 2115 2372 actionum

464 2410 876 2484 temporalium
900 2408 1211 2482 qualitates
1235 2425 1339 2464 nec
1364 2408 1421 2463 in
1447 2411 1654 2463 natura
1672 2405 2116 2468 elementorum,

466 2517 573 2558 nec
593 2499 652 2555 in
676 2499 979 2556 stellarum
1004 2497 1328 2561 effectibus,
1352 2498 1450 2552 sed
1482 2497 1538 2551 in
1562 2496 1781 2551 summi
1802 2499 1857 2549 et
1876 2494 1993 2549 veri
2016 2492 2118 2549 Dei

465 2593 753 2663 potestate
792 2589 1143 2653 consistunt,
1163 2588 1331 2657 cujus
1365 2584 1650 2640 auxilium
1696 2589 1752 2640 et
1798 2581 2120 2638 misericor-

471 2679 629 2733 diam
659 2676 720 2731 in
752 2677 1027 2731 omnibus
1047 2676 1120 2747 (Γ)
1142 2692 1268 2747 qua;
1305 2679 1458 2729 recte
1491 2673 1782 2745 cupimus,
1805 2671 2120 2744 implorare

365 2805 369 2809 ι
468 2765 772 2820 debemus.
797 2763 957 2819 Sicut
975 2763 1130 2818 enim
1162 2762 1284 2831 illo,
1305 2762 1461 2834 quod
1511 2760 1682 2829 absit,
1707 2761 1947 2827 oflenso,
1972 2758 2119 2815 nihil

469 2857 556 2910 est
577 2853 646 2924 (g)
676 2856 888 2924 praeter
915 2836 1314 2924 ipsum,'qudd
1347 2849 1516 2905 nobis
1538 2849 1727 2905 valeat
1780 2847 2117 2921 suffragari;

469 2942 553 2998 ita
583 2941 783 2997 eodem
814 2939 1083 3013 propitio,
1109 2938 1270 2995 nulla
1304 2937 1471 2994 nobis
1512 2938 1739 2994 nocebit
1778 2937 2117 2994 adversitas.

471 3031 741 3100 Quoniam
768 3031 819 3086 si
845 3030 986 3085 Deus
1010 3044 1112 3102 pro
1140 3028 1314 3094 nobis,
1341 3029 1463 3099 quis
1506 3032 1693 3083 contra
1716 3030 1852 3084 nos?
1878 3029 1977 3098 qui
2004 3027 2121 3098 ﬁlio

468 3135 566 3177 suo
590 3121 815 3192 proprio
843 3134 955 3174 non
982 3118 1241 3190 pepercit,
1272 3116 1364 3171 sed
1399 3132 1500 3189 pro
1545 3116 1699 3173 nobis
1729 3116 1977 3172 omnibus
2006 3124 2119 3172 tra-

467 3207 609 3265 didit
627 3224 771 3277 eum,
791 3207 1052 3279 quomodo
1071 3222 1181 3262 non
1199 3208 1367 3261 etiam
1386 3222 1510 3261 cum
1531 3206 1627 3262 illo
1650 3207 1837 3263 omnia
1857 3205 2012 3260 nobis
2035 3204 2115 3278 (h)
2147 3194 2190 3262 C

466 3297 690 3355 donabit
712 3298 883 3365 (Rom.
907 3310 1028 3365 Vill,
1052 3297 1143 3365 31,
1164 3293 1291 3362 32)?
1311 3294 1417 3360 Qui
1443 3295 1583 3351 vivit
1612 3300 1667 3351 et
1697 3299 1904 3368 regnat
1928 3294 1987 3349 in
2020 3311 2119 3350 sre-

467 3387 600 3445 cula
630 3386 998 3443 saeculorum.
1026 3388 1232 3441 Amen.

814 3503 966 3560 218
997 3502 1238 3560 SERMO
1271 3500 1441 3558 LVIII
1470 3501 1575 3572 [AL
1610 3501 1769 3572 LVI].

520 3614 584 3686 (i)
614 3612 690 3669 De
717 3612 974 3668 Passione
1000 3611 1222 3666 Domini
1254 3609 1370 3670 VII;
1402 3608 1621 3663 habitus
1650 3607 1739 3663 die
1765 3607 2066 3664 Dominico.

464 3729 711 3780 SYNOPSIS.
736 3729 851 3776 —I.
877 3724 984 3775 Cur
1006 3725 1059 3773 in
1086 3723 1409 3773 solemnitate
1452 3721 1688 3785 paschali
1727 3724 1841 3785 pati
1884 3722 2118 3773 Christus

526 3798 758 3862 elegerit.
790 3797 932 3845 —lI.
980 3794 1180 3844 Judseos
1225 3794 1431 3843 crimini
1477 3794 1718 3853 intentos,
1747 3807 1806 3841 ea
1835 3807 1945 3856 qus.-
1993 3793 2118 3859 legis

540 3918 617 3988 (a)
650 3919 744 3975 Sic
774 3915 1223 3988 antiquissimus
1253 3915 1382 3970 Vat.
1416 3914 1527 3988 Al.,
1561 3921 1731 3970 vocat.

540 3985 617 4058 (b)
649 3991 734 4044 Ita
762 3985 932 4044 idem'
950 3988 1077 4042 Vat.
1112 3985 1225 4058 AL,
1255 3990 1432 4058 tanto,
1458 3986 1583 4041 sine
1613 4004 1729 4057 que.

539 4057 615 4185 Σο)
644 4060 724 4115 Ex
753 4059 942 4114 tribus
969 4057 1185 4112 nostris
1200 4057 1533 4183 1potioribus
1557 4058 1725 4114 codd.
1751 4060 2119 4130 reposuimus

572 4132 620 4185 is
654 4146 759 4185 nro
783 4131 959 4185 nobis.
994 4132 1052 4183 et
1082 4145 1192 4185 nau
1223 4145 1254 4183 ο
1284 4132 1436 4185 post.
1464 4131 1559 4185 oui
1588 4145 1677 4183 vos
1707 4146 1808 4185 nro
1841 4133 1936 4185 aui
1962 4147 2079 4185 nos.

468 4131 620 4202 vobis
654 4146 759 4202 pro
783 4131 959 4202 nobis,
994 4132 1052 4183 et
1081 4131 1254 4202 paulo
1284 4132 1436 4202 post,
1464 4131 1559 4201 qui
1588 4145 1677 4202 vos
1707 4146 1808 4201 pro
1841 4133 1936 4202 qui
1962 4147 2079 4186 nos.

544 4199 786 4275 (d)ACo_d.
811 4200 950 4275 Bon.
984 4204 1041 4255 et
1069 4199 1259 4272 prima
1288 4199 1487 4267 editio,
1512 4199 1730 4275 tandem
1761 4199 1863 4272 pro
1896 4204 2115 4257 iterum.

472 4270 580 4329 Ms.
600 4270 672 4329 'S.
706 4271 859 4328 Petri
890 4270 1206 4342 utrumque
1236 4270 1645 4342 praetermittit.

542 4343 619 4417 (ε)
644 4345 767 4401 Duo
789 4360 933 4400 mss.
959 4343 1018 4398 S.
1043 4340 1192 4417 Petri
1214 4340 1272 4398 et
1290 4340 1442 4409 Vat.,
1466 4345 1839 4417 conscientiae,
1865 4360 1991 4417 qua:
2012 4362 2121 4400 vox

469 4413 724 4541 spinitur
754 4431 857 4489 pro
896 4414 1225 4487 cognitione
1258 4430 1361 4469 seu
1405 4413 1611 4468 notitia
1652 4413 1950 4470 communi
1983 4433 2118 4472 cum

470 4505 623 4541 aus.

470 4505 623 4544 alllS.

541 4556 792 4630 (f)7Ed_iti
822 4561 880 4630 et
929 4556 1107 4630 aliqui
1165 4556 1353 4623 codd.,
1382 4570 1508 4628 qua:
1553 4556 1797 4630 obtinere
1841 4560 2109 4630 cupimus.
2142 4559 2189 4624 D

470 4627 654 4700 Magis
687 4627 906 4700 placuit
932 4627 1102 4684 lectio
1132 4632 1583 4683 memoratarum
1614 4627 1903 4700 codicum.

541 4645 654 4700 agis
684 4645 906 4752 placuit
933 4645 1102 4684 iecuo
1132 4645 1583 4683 memoratarum
1614 4645 1903 4684 conicum.

541 4700 680 4823 (3A
724 4699 982 4754 didimus
1033 4706 1236 4769 praeter
1282 4700 1459 4769 ipsum
1517 4714 1585 4753 ex
1637 4698 1845 4754 iisdem
1886 4700 2115 4755 duobus

541 4717 591 4823 d9
624 4810 635 4822 .
671 4769 733 4823 In
763 4768 875 4823 alio
907 4769 1033 4823 Vat.
1068 4770 1280 4823 legitur
1309 4779 1525 4823 braver.
1561 4770 1779 4823 omisso
1812 4787 2114 4823 nerneram

468 4768 635 4852 codd.
671 4769 733 4824 In
763 4768 875 4824 alio
907 4768 1045 4824 Vat.
1068 4770 1280 4841 legitur
1301 4768 1525 4841 prmter,
1561 4770 1779 4825 omisso
1811 4787 2114 4843 perperam

469 4857 668 4896 ipsum.

469 4858 741 4983 tps(’li')nSic
773 4911 953 4967 nostri
996 4911 1249 4983 potiores
1298 4911 1523 4966 codices
1573 4916 1630 4966 et
1678 4912 1918 4983 quidam
1952 4912 2111 4970 editi.

464 4981 553 5038 Al.
581 4983 818 5038 donavit.

540 5024 553 5037 .
581 4985 818 5037 donavit.

537 5056 611 5138 (i).
633 5054 827 5109 Prima
855 5052 1029 5109 editio
1056 5056 1113 5108 et
1142 5053 1310 5108 codd.
1344 5051 1565 5108 collect.
1588 5055 1642 5122 3,
1666 5056 1739 5109 De
1768 5055 1979 5110 Pascha
2008 5055 2108 5109 Do-

464 5143 629 5182 mlm.

537 5197 610 5269 (j)
631 5196 826 5253 Prima
846 5194 1020 5251 editio
1042 5210 1173 5251 cum
1198 5209 1310 5248 ms.
1331 5198 1494 5261 Bon.,
1511 5198 1707 5267 festum
1729 5200 1842 5251 tam
1857 5197 2108 5263 solemne,

464 5276 516 5324 et
546 5268 658 5324 tam
685 5268 957 5323 sublimis.

470 5391 477 5398 .
537 5340 613 5408 (lc)
643 5340 738 5395 Sic
769 5357 903 5396 cum
935 5335 1240 5406 Quesnello
1285 5339 1340 5390 et
1387 5336 1580 5408 prima
1625 5337 1875 5394 editione
1928 5338 2112 5395 nostri

466 5409 636 5465 codd.
657 5409 769 5477 Al.,
793 5419 985 5467 tacere.

535 5482 602 5547 (l)
635 5483 718 5537 lta
746 5499 879 5538 cum
904 5482 1106 5537 eodem
1137 5481 1350 5545 Quesn.
1376 5494 1487 5533 ms.
1517 5478 1575 5534 S.
1607 5479 1777 5545 Petri,
1805 5498 1959 5537 unus
1979 5480 2107 5537 Vat.

462 5554 521 5606 et
548 5551 789 5608 Vercell.
810 5554 1036 5609 Caetera;
1056 5550 1339 5608 editiones
1367 5565 1502 5604 cum
1533 5551 1954 5609 vetustissimo.
1978 5553 2105 5610 Vat.

464 5625 523 5680 et
548 5621 660 5678 alio
692 5625 819 5678 cod.
855 5623 1077 5679 collect.
1107 5624 1162 5689 5,
1194 5622 1483 5693 abstergat.

535 5693 633 5779 (γη)
664 5698 729 5753 In
760 5694 951 5772 prima
980 5695 1118 5754 edit.
1153 5698 1209 5755 et
1239 5710 1347 5754 ms.
1378 5691 1654 5787 Vercell.,
1684 5693 1904 5756 eisdem.

1568 319 1632 381 S.
1677 316 1960 381 LEONIS
2006 309 2252 379 MAGNI
2300 317 2740 381 SERMONES.

3693 324 3797 386 332

2275 456 2441 511 erant,
2493 454 2735 502 omisisse.
2760 482 2809 488 ——
2838 454 2920 502 lll.
2956 452 3211 501 Christum
3263 462 3315 499 eo
3363 454 3568 516 tempore
3608 456 3797 520 corporis

2257 520 2324 573 ἐἰ
2351 524 2620 585 sanguinis
2665 528 3043 573 sacramentum
3092 523 3380 584 condidisse,
3434 538 3525 587 quo
3574 526 3802 576 consilium

2274 594 2338 643 de
2365 597 2528 643 morte
2583 594 2692 657 eius
2719 594 3007 644 habebatur
3034 611 3052 645 ε
3080 594 3306 656 eiusdem
3333 594 3384 643 in
3410 594 3583 643 ludam
3611 596 3805 661 benigni.

2278 667 2378 722 tus,
2407 668 2456 713 et
2500 664 2649 713 Judse
2690 665 2996 728 pervicacia.
3019 693 3077 701 —
3106 666 3188 715 ιν.
3219 664 3395 713 ludam
3441 680 3628 729 corpore
3678 683 3803 720 cane

2283 735 2511 799 a/fuisse,
2561 740 2728 786 mente
2770 736 2951 785 sceleri
2994 738 3262 785 intentum.
3298 735 3480 785 Christi
3522 750 3670 785 sermo
3716 743 3812 803 post

2281 819 2492 863 scenam,
2523 806 2688 855 oratio
2736 807 2787 855 in
2823 806 2988 867 horto,
3011 809 3272 855 commune
3297 820 3405 854 cam
3429 805 3568 855 Patre
3594 806 3651 855 de
3675 813 3811 860 morte

2283 890 2377 925 sua
2422 877 2705 926 consilium.
2728 904 2787 912 —
2815 878 2877 927 V.
2924 877 3119 926 Christi
3163 877 3388 926 oratione
3432 879 3478 925 et
3519 878 3814 941 trepidatione

2280 948 2511 996 nostram
2539 947 2876 1010 formidinem
2902 946 3044 1011 pelli.

2292 1036 2427 1091 CAP.
2449 1036 2566 1090 I.—
2580 1037 2706 1092 Scio
2724 1034 3373 1108 quidem,dilectissimi,
3388 1034 3721 1108 paschale(j)
3735 1037 3822 1093 fes-

2218 1128 2344 1180 tum
2369 1129 2489 1180 tam
2512 1125 2785 1181 sublimis
2811 1141 2939 1181 esse
2960 1125 3322 1198 mysterii,ut
3340 1141 3452 1180 non
3469 1124 3647 1179 solum
3664 1125 3825 1181 humi-

2221 1213 2403 1268 litatis
2427 1231 2566 1268 meie
2588 1213 3004 1269 tenuissimum
3024 1230 3286 1280 sensum,
3304 1214 3403 1269 sed
3426 1212 3592 1268 etiam
3612 1229 3823 1287 magno-

2222 1319 2354 1357 rum
2373 1302 2737 1375 ingeniorum
2752 1308 2986 1375 superet
2999 1301 3472 1358 facultatem.Sed
3491 1318 3601 1357 non
3618 1303 3691 1358 ita
3704 1302 3825 1359 mihi

2224 1391 2401 1447 divini
2425 1392 2617 1464 operis
2639 1392 3063 1448 consideranda
3082 1396 3171 1447 est
3191 1391 3551 1463 magnitudo,
3570 1396 3630 1446 ut
3646 1390 3724 1446 vel
3742 1392 3827 1447 dil-

2224 1480 2422 1545 fidam,
2437 1480 2524 1535 vel
2546 1482 2888 1536 erubescam
2911 1480 2980 1537 de
3009 1481 3286 1537 servitute
3305 1497 3483 1552 quam
3503 1480 3698 1548 debeo;
3719 1497 3831 1537 cum

2224 1571 2655 1622 sacramentum
2680 1566 2889 1622 salutis
2927 1567 3195 1623 humanae
3230 1584 3347 1622 non
3385 1567 3554 1623 liceat
3576 1567 3639 1635 (k)
3660 1569 3829 1637 taceri,

2223 1654 2453 1711 etiamsi
2478 1660 2727 1727 nequeat
2757 1655 3053 1727 explicari.
3072 1655 3502 1711 Auxiliantihus
3523 1660 3706 1712 autem
3725 1674 3837 1712 ora-

2224 1742 2485 1799 tionibus
2526 1744 2755 1808 vestris,
2782 1745 3094 1799 alfuturain
3134 1744 3432 1801 credimus
3471 1745 3707 1817 gratiam
3736 1745 3836 1810 Dei,

2144 1826 2192 1890 Β
2223 1848 2351 1903 quae
2376 1832 2777 1903 inspirationis
2803 1850 2919 1887 suae
2942 1849 3066 1889 rore
3089 1832 3453 1889 sterilitatem
3480 1834 3657 1889 nostri
3678 1835 3841 1889 cordis

2224 1922 2285 1991 (ι)
2316 1925 2681 1994 aspergat,ut
2711 1920 2922 1994 linguae
2956 1921 3265 1994 pastoralis
3300 1922 3516 1990 ofﬁcio,
3538 1939 3658 1994 quae
3686 1922 3844 1978 sancti

2225 2011 2419 2083 gregis
2442 2009 2682 2066 auribus
2705 2010 2823 2065 sint
2846 2012 3033 2079 utilia,
3054 2012 3448 2083 proferantur.
3470 2012 3697 2068 Dicente
3712 2011 3844 2067 enim

2226 2100 2470 2154 Domino
2490 2101 2771 2154 bonorum
2805 2100 3067 2155 omnium
3100 2100 3380 2171 largitore
3407 2119 3419 2155 :
3447 2102 3609 2172 Aperi
3629 2116 3681 2156 os
3698 2105 3848 2165 tuum,

2224 2197 2273 2243 et
2287 2204 2384 2257 ego
2400 2188 2702 2259 adimplebo
2720 2189 2858 2243 illud
2875 2189 2986 2260 (Ps.
3004 2192 3198 2255 Lxxx,l
3212 2190 3848 2257 l),audemus(m)eidem

2228 2278 2415 2333 verbis
2439 2277 2794 2350 propheticis
2816 2278 3008 2333 dicere
3028 2296 3040 2334 :
3059 2280 3309 2347 Domine,
3327 2279 3482 2334 labia
3510 2296 3631 2335 mea
3650 2281 3852 2351 aperias,

2226 2375 2276 2421 et
2298 2383 2354 2421 os
2374 2384 2559 2421 meum
2577 2368 2933 2422 annuntiabit
2963 2366 3179 2422 laudem
3205 2375 3363 2422 tuam
3388 2369 3502 2440 (Ps.
3530 2385 3578 2435 L,
3606 2370 3703 2439 17).
3731 2366 3854 2422 Inci-

2229 2455 2453 2526 pientes
2476 2456 2676 2528 igitur,
2691 2456 3080 2523 dilectissimi,
3101 2456 3506 2529 evangelicam
3526 2457 3595 2513 de
3614 2457 3862 2514 Passione

2228 2545 2457 2600 Domini
2480 2544 2783 2600 historiam
2805 2546 3344 2610 retractare,divino
3370 2546 3747 2619 intelligimus
3766 2546 3863 2601 dis-

2227 2634 2482 2706 positum
2510 2633 2688 2689 fuisse
2711 2633 2975 2702 consilio,
2992 2640 3057 2689 ut
3082 2634 3356 2709 sacrilegi
3374 2635 3712 2691 Judaaorum
3734 2635 3870 2708 prin-

2228 2723 2386 2795 cipes
2402 2727 2458 2778 et
2475 2723 2635 2794 impii
2650 2723 2728 2794 (η)
2747 2723 3207 2794 sacerdotes,qui
3221 2725 3505 2780 smviendi
3524 2725 3584 2780 in
3599 2724 3866 2780 Christum

2228 2811 2563 2867 occasiones
2580 2827 2729 2882 smpe
2743 2811 3150 2883 quaesiverant,
3168 2829 3286 2867 non
3308 2814 3430 2868 nisi
3449 2815 3512 2869 in
3530 2813 3872 2870 solemnitate

2230 2900 2487 2972 paschali
2507 2900 2809 2955 exercendi
2830 2901 3042 2956 luroris
3055 2901 3143 2956 sui
3160 2901 3281 2957 acci
3289 2908 3506 2974 perent
3520 2908 3869 2976 potestatem.

2229 2989 2543 3062 Oportebat
2583 2988 2741 3044 enim
2776 2993 2839 3043 ut
2871 2990 3180 3046 manifesto
3224 2990 3629 3065 implerentur
3668 2993 3872 3058 elfectu,

2230 3080 2382 3136 219
2400 3078 2467 3145 (0)
2485 3095 2610 3150 qua?
2630 3078 2728 3132 diu
2752 3078 2985 3134 fuerant
3003 3079 3250 3152 ﬁgurato
3272 3082 3583 3152 promissa
3600 3083 3873 3152 mysterio:

2228 3172 2294 3225 ut
2323 3183 2486 3223 ovem
2521 3166 2967 3239 signiticativam
2996 3168 3118 3223 ovis
3139 3186 3276 3225 vera
3306 3172 3728 3245 removeret(p)
3746 3175 3799 3227 et
3825 3174 3880 3225 ut

2228 3274 2346 3313 uno
2375 3255 2705 3328 expleretur
2734 3256 3019 3313 sacriﬁcio
3050 3258 3350 3315 variarum
3390 3261 3730 3318 differentia
3746 3259 3886 3315 victi-

2227 3361 2479 3401 marum.
2503 3345 2649 3400 Nam
2681 3345 2881 3400 omnia
2910 3345 3010 3400 illa
3040 3363 3169 3417 quae
3199 3348 3272 3403 de
3321 3347 3736 3406 immolatione
3765 3347 3882 3422 agni

2224 3434 2505 3492 divinitus
2528 3450 2630 3505 per
2657 3437 2852 3490 Mosen
2887 3435 3117 3491 fuerant
3136 3437 3203 3506 (ᾳ)
3225 3438 3886 3508 ρι’ωεῐίίυῐιιβὴῐιὶειυω

2224 3523 2730 3597 prophetaverant,
2750 3527 2807 3577 et
2835 3522 3051 3579 Christi
3082 3524 3449 3582 occisionem
3484 3527 3722 3600 proprie
3752 3543 3886 3581 nun-

2224 3614 2528 3669 tiaverant.
2554 3610 2627 3666 Ut
2670 3628 2805 3685 ergo
2846 3613 3065 3668 umbrae
3098 3615 3379 3670 cederent
3413 3617 3678 3689 corpori,
3702 3622 3758 3673 et
3784 3606 3891 3670 ces-

2225 3705 2423 3758 sarent
2442 3698 2729 3772 imagines
2750 3701 2860 3756 sub
2883 3703 3192 3773 praesentia
3216 3704 3522 3772 veritatis,
3549 3706 3793 3778 antiqua
3811 3704 3893 3759 ob-

2226 3789 2519 3847 servantia
2538 3788 2605 3855 (r)
2625 3806 2770 3844 nevo
2798 3789 3022 3844 tollitur
3048 3797 3454 3863 sacramento,
3481 3794 3687 3852 hostia
3718 3796 3776 3850 in
3802 3792 3897 3848 bo-

2299 3918 2379 3998 (71)
2413 3916 2569 3971 Idem
2592 3912 2830 3969 Vercell.
2858 3913 2983 3969 cod.
3010 3914 3224 3970 omittit
3248 3918 3449 3988 impii,
3477 3924 3540 3975 et
3558 3919 3736 3992 paulo
3758 3920 3897 3991 post,

2227 4005 2334 4043 Si“.

2298 4058 2370 4130 (ο)
2403 4056 2866 4134 Antiquissimus
2897 4055 3048 4134 Vat.,
3089 4074 3208 4128 qua:
3255 4059 3362 4134 diu
3412 4062 3748 4134 prophetico
3792 4061 3901 4131 fue—

2226 4129 2353 4184 rant
2379 4129 3059 4202 promissamysterio,__ut
3087 4145 3236 4202 ovem
3265 4129 3592 4202 ﬁgurata-ni
3621 4134 3742 4190 ovis
3792 4129 3906 4187 ocra

2227 4197 2538 4277 τεγηοὺςξιςειἶ
2564 4198 2752 4277 Codex
2784 4197 3485 4277 \:ergellcnsis,ozvg{nque
3519 4223 3633 4277 pro
3659 4210 3905 4277 movent.

2226 4271 2493 4349 At-codd.
2526 4269 2778 4349 basilicae
2804 4270 3197 4349 S._l?etricum
3230 4269 3539 4332 aliis-noxi
3563 4276 3778 4349 paucis
3802 4272 3908 4329 vul-

2226 4342 2774 4415 gatamilectioneni
2791 4340 3084 4415 exhibent.

2297 4418 2377 4490 (ρ)
2410 4411 2717 4484 Exemplar
2746 4412 2907 4490 Pauli
2952 4412 3208 4490 Diaconi,
3231 4419 3283 4470 et
3324 4432 3475 4484 uno,
3502 4419 3711 4475 deleta
3740 4415 3913 4490 parti:

2228 4483 2360 4560 cuia
2387 4493 2466 4550 ut,
2500 4483 3013 4560 quaesuperﬂuere
3044 4489 3101 4560 et
3132 4487 3203 4540 ad
3234 4483 3549 4560 nauseam
3588 4490 3711 4546 fere
3740 4483 3910 4560 repeti

2221 4557 2467 4611 videtur.
2510 4554 2574 4611 In
2633 4554 2762 4608 Vat.
2811 4556 2937 4621 544,
2992 4555 3211 4612 collect.
3242 4558 3299 4621 5,
3335 4559 3533 4617 aliter
3594 4561 3700 4618 hic
3761 4554 3918 4618 locus

2220 4629 2458 4683 effertur
2486 4643 2498 4682 :
2531 4636 2582 4682 et
2619 4633 2679 4680 ut
2725 4627 2935 4697 expleto
2972 4629 3241 4697 sacriﬁcio
3288 4634 3615 4688 variarum
3666 4635 3916 4688 victimae

2222 4716 2349 4771 rum
2378 4698 2687 4771 diﬂ'erentia
2707 4702 3110 4771 cessaret.‘Haec
3133 4700 3379 4771 quidem
3418 4705 3771 4760 concinunt
3791 4716 3918 4759 cum

2226 4770 2341 4824 illis
2384 4767 2669 4842 sermonis
2698 4768 3017 4842 sequentis
3064 4767 3189 4842 cap.
3224 4773 3258 4825 7
3292 4788 3305 4825 :
3342 4775 3528 4831 Nunc
3579 4780 3762 4832 etiam
3807 4791 3923 4830 car-

2223 4842 2435 4917 nalium
2467 4840 2864 4917 sacriﬁciorum
2906 4840 3166 4896 varietate
3201 4854 3484 4917 cessante,
3524 4863 3729 4904 omnes
3772 4845 3919 4917 diﬁc-

2221 4913 2430 4989 rentias
2482 4912 2787 4989 hostiarum
2869 4927 2983 4966 una
3039 4916 3303 4989 corporis
3344 4926 3407 4970 et
3468 4920 3795 4989 sanguinis
3831 4912 3927 4973 "tui

2221 4984 2409 5054 implet
2439 4984 2666 5037 oblatio.
2703 4985 2776 5036 At
2824 4999 2956 5036 cum
3000 4984 3139 5039 mox
3179 4985 3237 5039 in
3289 4985 3415 5043 hoc
3474 4984 3781 5047 sermone
3827 4989 3924 5044 ha-

2222 5056 2447 5120 bentur,
2472 5062 2742 5126 cessar_ent
2790 5055 3058 5122 imagines
3103 5057 3202 5111 sub
3246 5064 3592 5126 prﬁsentia
3644 5061 3924 5123 veritatis,

2221 5126 2527 5199 lectionem
2566 5124 2883 5199 vulgatam,
2918 5141 3043 5196 quae
3083 5131 3140 5181 et
3182 5124 3467 5199 plurium
3502 5136 3571 5188 et
3603 5132 3929 5191 meliorum

2221 5203 2310 5269 est
2335 5195 2627 5269 codicum,
2657 5195 2811 5250 haud
2844 5195 3273 5269 immutandam
3305 5204 3723 5269 putavimus.

2292 5268 2364 5337 (q)
2390 5272 2463 5342 _ln
2496 5266 2726 5342 duobus
2760 5284 2902 5342 mss.
2936 5268 2993 5323 S.
3029 5269 3199 5335 Petri,
3233 5274 3288 5324 et
3305 5266 3392 5326 in
3430 5273 3742 5342 Vercell.,
3767 5274 3933 5330 insti-

2221 5347 2354 5394 tuta.
2390 5338 2522 5392 Mox
2546 5337 3003 5409 prophetaverunt
3040 5345 3097 5395 et
3135 5342 3577 5403 nuntiaverunt
3610 5348 3678 5403 in
3717 5337 3937 5404 Homil.

2220 5408 2383 5464 Pauli
2419 5408 2585 5480 Diae.
2611 5408 2666 5463 et
2696 5408 2753 5463 in
2787 5409 2978 5480 prima
3005 5411 3276 5468 editione.

2291 5481 2362 5553 (ν)
2396 5479 2622 5555 Placuit
2670 5479 2833 5552 sequi
2891 5482 3383 5555 antiquissimum
3442 5486 3601 5544 Vat.
3639 5488 3752 5546 cui
3802 5504 3941 5546 con-

2218 5550 2439 5633 grupnt
2486 5550 2625 5605 editi
2674 5550 3240 5633 ante-Odesp'ellurn
3277 5557 3335 5609 et
3393 5556 3709 5633 plerique
3753 5558 3947 5618 nostri

2218 5623 2562 5756 ἓὲῧὶοῧῗιαο
2582 5623 2902 5699 praesrtim
2924 5625 2980 5685 S.
3006 5625 3180 5685 Petri.
3205 5623 3616 5694 Quesriellus‘
3631 5649 3787 5692 cum
3808 5633 3947 5691 Ver-
