4098 6188
458 326 574 389 355

458 461 611 514 enim
635 461 695 515 in
724 458 933 513 Christo
950 460 1083 513 Iesu
1114 457 1376 530 bapa'zati
1405 460 1558 527 estis,
1606 458 1885 513 Christum
1912 458 2097 513 indui-
2131 464 2176 527 Α

457 550 550 604 sti.
581 549 698 604 Non
724 554 805 602 est
827 546 1064 615 Iudicas,
1119 563 1295 620 neque
1327 547 1546 604 Graecus
1562 564 1587 611 ;
1613 563 1728 603 non
1756 553 1839 604 est
1891 564 2103 617 servus,

1574 324 1637 388 S.
1683 324 1962 387 LEONIS
2006 323 2255 388 MAGNI
2302 324 2742 388 SERMONES.

3694 331 3793 396 356

2212 468 2393 514 (.u'em
2415 459 2693 529 judicanti
2714 475 2770 514 se
2800 461 3018 531 injuste.
3046 460 3150 529 Qui
3165 467 3377 533 peccata
3389 466 3561 517 nostra
3582 466 3682 536 ipse
3693 483 3792 537 per-

2214 550 2341 604 tulit
2372 552 2433 605 in
2461 564 2685 620 corpore
2705 564 2802 605 suo
2830 566 2995 622 super
3021 551 3258 620 lignum,
3287 558 3346 607 ut
3364 554 3582 623 peccatis
3598 559 3794 622 mortui,

455 652 631 707 neque
658 636 797 692 liber
812 653 833 698 ;
844 652 955 691 non
976 644 1052 692 est
1068 639 1365 705 masculus,
1388 652 1563 708 neque
1580 638 1791 709 femina
1811 636 1889 709 (α)
1907 637 2104 692 Omnes
2471 638 2542 712 (Γ)
2564 639 2810 696 vivamus
2842 640 2889 707 (Ι
2912 641 3062 695 Petr.
3098 644 3162 708 11,
3191 640 3396 711 21-211).

455 726 605 781 enim
628 741 801 780 unum
828 727 954 781 estis
974 727 1032 780 in
1066 724 1296 781 Christo.
1329 725 1390 781 Si
1417 730 1595 782 autem
1628 741 1717 781 vos
1740 724 1947 780 Christi
1971 743 1983 781 :
2016 741 2102 781 er-

454 829 521 885 go
553 813 779 869 Abrahae
807 830 993 870 semen
1038 816 1184 882 estis,
1218 814 1516 870 secundum
1536 816 1957 888 promissionem
1986 814 2103 869 hae-

456 902 608 959 redes
638 902 835 976 (Galat.
869 921 949 969 ιιι,
980 903 1192 976 27-29).

525 993 660 1049 CAP.
694 992 789 1048 IIl.
820 1023 890 1034 ——
917 991 1042 1049 Non
1072 1007 1209 1067 ergo
1240 997 1330 1050 est
1387 993 1656 1059 dubium,
1712 991 2099 1059 dilectissimi,

457 1085 730 1137 naturam
760 1080 1083 1137 humanam
1117 1082 1175 1137 in
1206 1086 1430 1138 tantam
1454 1081 1873 1138 connexionem
1907 1099 1940 1137 a
1960 1080 2102 1138 Filio

457 1169 558 1225 Dei
589 1184 718 1225 esse
748 1174 1103 1242 susceptam,
1137 1174 1203 1225 ut
1234 1187 1350 1226 non
1408 1169 1600 1227 solum
1634 1170 1690 1225 in
1722 1169 1821 1226 illo
1864 1170 2103 1226 homine

458 1255 561 1329 qui
586 1260 675 1313 est
699 1258 1122 1330 primogenitae
1153 1259 1336 1315 totius
1364 1263 1642 1315 creaturae
1676 1258 1899 1331 (Coloss.
1927 1258 2100 1328 1,18),

457 1347 554 1402 sed
588 1346 764 1402 etiam
794 1345 853 1401 in
885 1347 1158 1403 omnibus
1188 1348 1409 1403 sanctis
1450 1348 1576 1403 suis
1620 1364 1777 1404 unus
1826 1347 2103 1418 idemque

456 1434 535 1490 sit
564 1433 830 1491 Christus
858 1453 871 1503 ;
908 1439 966 1490 et
993 1435 1147 1491 sicut
1176 1452 1210 1492 a
1240 1437 1500 1491 menbris
1531 1440 1725 1508 caput,
1757 1435 1839 1492 ita
1860 1452 1893 1492 a
1915 1436 2103 1508 capite

456 1523 722 1579 membra
755 1522 934 1579 dividi
953 1524 1030 1595 (b)
1050 1542 1166 1580 non
1198 1524 1444 1598 possint.
1475 1525 1754 1591 Quamvis
1786 1526 1942 1581 enim
1984 1542 2100 1581 non

455 1612 631 1667 istius
659 1612 787 1667 vita:
820 1612 914 1679 sit,
943 1614 1044 1668 sed
1066 1618 1311 1684 aeternae,
1335 1619 1401 1669 ut
1420 1614 1497 1670 sit
1514 1613 1667 1670 Deus
1689 1613 1959 1671 omniain
1983 1631 2104 1669 om-

453 1701 629 1756 nibus
658 1700 803 1772 (Cor.
835 1718 927 1765 xv,
958 1701 1083 1772 28);
1112 1706 1305 1758 tamen
1338 1703 1515 1758 etiam
1548 1703 1720 1758 modo
1753 1701 1957 1775 templi
1985 1701 2099 1769 sui,

454 1789 606 1861 quod
637 1793 729 1844 est
758 1789 1033 1859 Ecclesia)
1061 1791 1257 1846 Coloss.
1290 1808 1330 1858 1,
1369 1792 1472 1859 18),
1507 1790 1794 1846 indivisus
1810 1790 2103 1846 habitator

452 1882 542 1934 est
570 1878 897 1934 secundum
930 1879 1083 1950 quod
1115 1878 1241 1950 ipse
1259 1879 1549 1951 promisit,
1577 1879 1812 1936 dicens:
1842 1884 1975 1935 Ecce
2003 1895 2099 1949 ego

452 1968 728 2023 vobiscum
755 1983 879 2023 sum
916 1969 1165 2023 omnibus
1194 1967 1384 2024 diebus
1414 1985 1582 2040 usque
1611 1968 1682 2024 ad
1733 1984 2099 2024 comsumma-

452 2058 655 2113 tionem
682 2057 874 2113 seaculi
904 2057 1125 2129 (Matth,
1156 2074 1352 2112 xxvm.
1386 2058 1498 2129 20).
1533 2057 1755 2122 Quibus
1786 2057 2100 2130 Apostolus

452 2162 778 2202 consonans
811 2145 929 2201 ait:
962 2148 1079 2219 Ipse
1110 2150 1187 2202 est
1216 2155 1378 2219 caput
1433 2148 1673 2220 corporis
1701 2148 1971 2210 Ecclesiae,
2003 2149 2103 2220 qui

2127 1834 2179 1901 B

451 2244 530 2292 est
577 2237 936 2308 principium,
987 2237 1383 2313 primogenitus
1412 2252 1482 2291 ea:
1525 2238 1796 2292 mortuis:
1829 2240 1891 2292 ut
1938 2238 2008 2291 sit
2038 2239 2099 2291 in

442 2324 700 2397 (omnibus
731 2325 845 2396 ipse
870 2326 1172 2397 primatum
1204 2328 1417 2391 tenens,
1447 2326 1581 2397 quia
1610 2326 1669 2380 in
1715 2326 1833 2397 ipso
1862 2325 2100 2397 cumpla-

448 2415 562 2470 cuit
592 2429 807 2469 omnem
829 2413 1231 2486 plenitudinem
1262 2414 1329 2486 (c)
1361 2413 1629 2483 habitare,
1659 2418 1710 2469 et
1736 2431 1837 2486 per
1865 2431 1989 2470 eum
2017 2430 2100 2469 re-

446 2503 737 2559 conciliari
763 2505 947 2559 omnia
978 2504 1039 2557 in
1067 2505 1181 2574 ipso
1212 2503 1432 2571 (Coloss.
1470 2520 1511 2571 1,
1546 2505 1766 2559 18-20).

521 2592 673 2648 245
705 2593 839 2647 CAP.
861 2592 951 2647 IV.
976 2623 1045 2632 —
1070 2593 1378 2647 llisautem
1404 2596 1460 2648 et
1486 2591 1619 2648 aliis
1641 2591 1912 2664 pluribus
1932 2591 2096 2647 testi-

450 2679 663 2735 moniis
695 2680 835 2751 quid
868 2680 1205 2735 insinuatur
1220 2680 1493 2735 cordibus
1515 2680 1753 2746 nostris,
1779 2679 1893 2735 nisi
1912 2683 1977 2735 ut
1997 2697 2100 2752 per

449 2766 650 2823 omnia
669 2768 741 2822 ad
765 2766 1080 2840 imaginem
1105 2768 1234 2838 ejus
1249 2785 1614 2837 renovemur,
1632 2768 1731 2839 qui
1747 2785 2097 2839 permanens

449 2857 508 2912 in
527 2856 717 2911 forma
738 2856 856 2923 Dei,
880 2855 1073 2912 carnis
1109 2856 1327 2927 peccati
1344 2856 1421 2928 (ἀ)
1446 2857 1633 2912 forma
1670 2873 1798 2913 esse
1820 2858 2097 2931 dignatus

449 2949 539 3002 est
558 2944 785 3017 (Philip.
822 2961 878 3013 ιι,
895 2943 991 3017 6)?
1012 2944 1228 3001 Omnes
1249 2945 1407 3000 enim
1440 2946 1815 3002 inﬁrmitates
1839 2951 2092 3013 nostras,

449 3050 579 3106 quae
599 3032 922 3089 veniuntde
934 3036 1187 3104 peccato,
1203 3034 1424 3106 absque
1440 3033 1661 3106 peccati
1685 3051 1915 3091 commu
1926 3035 2097 3092 nione

451 3122 805 3194 suscepit,ut
825 3122 998 3178 famis
1021 3125 1079 3178 et
1099 3121 1451 3189 sitis,somni
1468 3128 1525 3180 et
1546 3124 1935 3194 lassitudinis,
1961 3142 2097 3180 moe-

450 3212 601 3269 roris
622 3228 688 3268 ac
707 3212 879 3267 ﬂetus
900 3211 1304 3269 affectionibus
1324 3230 1439 3269 non
1476 3217 1715 3282 careret,
1751 3212 2096 3287 doloresque

450 3301 802 3360 saevissimos
817 3318 1007 3375 usque
1028 3303 1100 3358 ad
1123 3302 1326 3359 mortis
1346 3307 1604 3360 extrema
1616 3308 1910 3376 pateretur
1930 3323 1942 3361 :
1959 3305 2097 3378 quia

451 3408 622 3448 nemo
642 3396 838 3464 posset
854 3390 1081 3463 laqueis
1102 3392 1476 3449 mortalitatis
1497 3392 1740 3465 absolvi,
1762 3394 1876 3450 nisi
1893 3393 2011 3463 ille,
2034 3394 2095 3450 in

2125 3195 2168 3263 Β

453 3498 567 3554 quo
580 3481 702 3537 solo
723 3480 1008 3538 innocens
1034 3486 1159 3538 erat
1180 3482 1251 3555 (e)
1277 3487 1487 3539 natura
1506 3483 2017 3552 omnium,sineret
2034 3500 2097 3539 se

451 3569 702 3627 interﬁci
723 3569 999 3627 manibus
1043 3570 1382 3644 impiorum.
1427 3571 1590 3628 Unde
1609 3571 1872 3629 Salvator
1899 3576 2099 3629 noster

450 3660 552 3716 Dei
575 3659 753 3716 Filius
775 3658 1065 3716 universis
1084 3659 1144 3715 in
1166 3676 1230 3717 se
1247 3660 1635 3730 credentibus,
1661 3666 2095 3718 sacramentum

450 3749 732 3815 condidit,
765 3753 824 3803 et
851 3748 1223 3821 exemplum:
1258 3753 1324 3804 ut
1352 3766 1536 3804 unum
1596 3749 2099 3822 apprehenderent

448 3836 1081 3902 renascendo,alterum
1095 3837 1921 3909 sequerenturimitando.Hoc
1937 3839 2093 3894 enim

452 3926 619 3981 docet
631 3925 838 3980 beatus
851 3924 1057 3979 Petrus
1075 3924 1377 3997 apostolus
1399 3925 1597 3982 dicens
1610 3945 1629 3982 :
1650 3927 1896 3983 Christus
1900 3945 2097 4000 passus

448 4021 527 4068 est
544 4028 647 4084 pro
674 4013 852 4081 nobis,
878 4013 1031 4068 vobis
1045 4013 1360 4084 relinquens
1379 4016 1688 4087 exemplum
1700 4020 1777 4083 ,ut
1790 4019 2098 4089 sequamini

447 4101 677 4171 vestigia
704 4101 841 4172 ejus.
871 4102 988 4173 Qui
1010 4110 1296 4174 peccatum
1326 4119 1435 4159 non
1463 4105 1611 4175 fecit,
1632 4121 1731 4161 nec
1748 4106 1997 4162 inventus
2019 4114 2097 4162 est

448 4190 604 4245 dolus
630 4190 692 4244 in
719 4205 811 4246 ore
837 4191 975 4262 ejus.
1007 4192 1122 4261 Qui
1148 4207 1273 4247 cum
1300 4192 1736 4261 malediceretur,
1780 4210 1890 4250 non
1918 4196 2095 4252 male-

448 4278 660 4335 dicebat
678 4295 702 4341 ;
729 4295 857 4334 cum
868 4282 1170 4352 pateretur,
1202 4296 1315 4337 non
1343 4283 1815 4340 comminabatur:
1849 4285 2098 4342 tradebat

521 4422 598 4495 (α)
630 4421 695 4477 In
718 4420 942 4495 _}_Iom':l.
978 4420 1142 4478 Pauli
1173 4422 1356 4490 Diac.,
1392 4424 1587 4495 Omnes
1616 4429 1765 4483 enim
1791 4443 1883 4482 vos
1922 4445 2097 4484 unum

449 4493 587 4568 estis
608 4495 667 4568 in
700 4493 911 4568 Christo
939 4495 1082 4568 Iesu,
1120 4500 1182 4548 ut
1210 4495 1267 4549 in
1299 4493 1460 4551 Pauli
1478 4496 1724 4568 epistola
1743 4497 2010 4555 habetur.

521 4564 595 4689 (ὁ)
647 4566 730 4619 Ita
779 4565 1163 4621 cohaerentius
1221 4570 1355 4621 ante

452 4635 617 4719 Pau\i
638 4635 813 4719 Diae:
835 4636 946 4703 AL,
977 4653 1089 4719 non
1111 4646 1358 4719 possunt.

502 4706 817 4795 ⁸μηγσᾼιὶψιὶ
842 4724 988 4795 mss.
1020 4713 1076 4763 et
1106 4706 1243 4763 editi
1276 4715 1409 4795 ante
1435 4710 1650 4795 Quesn.
1684 4711 2100 4795 addiint,_‘divi-

447 4779 645 4833 uitatis
668 4794 893 4859 ;_quam
924 4782 1120 4835 tamen
1150 4796 1347 4836 vocem
1372 4780 1508 4837 licet
1536 4800 1571 4837 a
1591 4782 1891 4838 nonnullis
1921 4784 2102 4840 Patri-

451 4850 564 4905 bus
577 4848 881 4929 additium“,
898 4849 995 4904 alii
1019 4851 1226 4908 Leonis
1248 4853 1414 4929 codd.
1433 4852 1902 4929 ignoranttsicut
1921 4857 2097 4910 etiam

453 4937 568 5004 npn
586 4925 721 5004 tam
753 4921 811 5004 i‘n
835 4921 1030 5004 Graeco
1048 4941 1226 5004 quam
1243 4924 1302 5004 i_n
1325 4921 1581 5004 antiquae
1604 4924 1893 5004 versionis
1914 4943 2103 4982 exem-

450 4992 730 5066 plaribus
747 4991 1076 5066 desiderari
1095 4996 1154 5050 P.
1183 4994 1444 5050 Sabatier
1466 4991 1741 5052 ostendit.

522 5063 600 5136 (ἀ)
632 5063 946 5148 Editiante
976 5068 1188 5148 Queen.
1214 5067 1453 5135 habent,
1476 5068 1657 5138 forma
1675 5068 1838 5138 ﬁeri;
1867 5086 1984 5124 non
2019 5069 2101 5125 ita

449 5138 647 5191 tamen
680 5137 860 5190 nostri
894 5137 1141 5193 codices.

524 5207 597 5279 (ε)
628 5205 692 5262 In
723 5206 929 5279 Homil.
965 5208 1127 5263 Pauli
1160 5209 1344 5274 Diac.,
1367 5216 1641 5275 creatura,
1695 5209 1865 5267 male.
1901 5210 2099 5268 Potius

452 5278 865 5363 cqrrigepdum
894 5278 1201 5363 hominum,
1234 5296 1337 5363 pro
1366 5281 1633 5363 omnium,
1666 5282 1810 5363 utin
1833 5282 2099 5363 epistolis

456 5350 553 5404 12l
584 5349 642 5404 et
672 5349 794 5418 465,
831 5366 881 5405 c.
912 5352 967 5419 5,
997 5349 1264 5417 habetur,
1298 5352 1357 5405 in
1386 5366 1490 5422 quo
1519 5351 1632 5407 solo
1674 5352 1829 5409 homo
1858 5349 1915 5409 se
1945 5356 2097 5411 inve-

452 5422 539 5474 nit
562 5421 927 5477 innocentem.

526 5463 1103 5562 ἥξει-0811.
1135 5496 1192 5549 et
1220 5493 1373 5566 apud
1404 5491 1653 5549 Paulum
1684 5493 1868 5562 Diac.,
1890 5498 2095 5555 vivere-

617 5631 702 5690 Ita
715 5632 1209 5708 QDQSnelluscum
1223 5635 1346 5693 suis
1361 5636 2094 5708 mss-COPb-2Vi°t°Th“an'

456 5704 594 5783 Reg;
620 5708 677 5765 et
700 5705 953 5770 editione
984 5708 1140 5769 Surii
1162 5709 1233 5770 ad
1256 5707 1606 5787 marginem.
1630 5704 1716 5771 Ita
1736 5710 1910 5772 etiam
1929 5709 2100 5791 pleri-

647 4566 730 4619 Ita
779 4565 1163 4621 cohaerentius
1221 4564 1701 4625 antecedentibus
1758 4587 1827 4626 ex
1883 4570 2094 4627 Homil.
2126 4564 2175 4628 D

2282 728 2417 784 CAP.
2450 727 2519 783 V.
2555 760 2624 771 —
2652 728 2816 785 Sicut
2838 745 2976 802 ergo
2999 745 3169 787 nemo
3198 733 3286 784 est
3308 728 3665 799 credentium,
3683 731 3805 789 dile-

2211 815 2480 883 ctissimi,
2514 817 2609 872 cui
2668 817 2826 873 dona
2855 818 3127 892 neganda
3173 818 3292 875 sint
3317 817 3526 890 gratias,
3561 818 3637 874 ita
3659 837 3804 877 nemo

2211 909 2301 961 est
2327 905 2427 978 qui
2458 923 2570 962 non
2602 905 2679 962 sit
2708 905 3050 963 Christiana;
3080 906 3309 963 debitor
3335 906 3640 980 discipline
3660 926 3674 965 :
3694 909 3811 981 quia

2211 999 2267 1051 et
2298 996 2343 1051 si
2372 998 2596 1052 remota
2623 999 2714 1051 est
2744 994 2819 1067 (g)
2853 995 3110 1067 mysticae
3142 994 3286 1069 legis
3319 995 3612 1068 asperitas,
3634 997 3812 1054 volun-

2210 1083 2367 1147 tariae
2425 1088 2620 1139 tamen
2677 1085 3055 1140 observantiae
3103 1084 3280 1140 crevit
3326 1083 3565 1153 utilitas,
3619 1085 3817 1144 dicente

2209 1172 2566 1245 evangelista
2618 1173 2878 1229 Joanne:
2938 1175 3079 1243 Quia
3110 1175 3201 1230 lex
3230 1190 3327 1246 per
3382 1174 3553 1230 Mosen
3606 1174 3814 1231 dataest

2208 1264 2391 1333 gratia
2420 1270 2601 1319 autem
2628 1266 2677 1319 et
2703 1265 2909 1319 veritas
2932 1279 3035 1335 per
3062 1265 3246 1320 Iesum
3280 1264 3551 1320 Christum
3589 1265 3722 1335 facta
3745 1269 3811 1320 est

2208 1353 2392 1423 (Joan.
2426 1369 2466 1419 1,
2501 1354 2609 1421 17).
2643 1351 2852 1408 Omnia
2871 1354 3028 1409 enim
3062 1370 3187 1425 quae
3215 1351 3812 1425 secundumlegem,si-

2207 1457 2277 1497 ve
2306 1441 2365 1495 in
2396 1440 2839 1497 circumcisione
2883 1441 3096 1509 carnis,
3157 1442 3276 1497 sive
3307 1441 3367 1496 in
3418 1440 3820 1498 diversitatibus

2211 1529 2558 1595 hostiarum,
2572 1529 2763 1586 sivein
2785 1530 3010 1586 sabbati
3027 1530 3398 1587 observantia
3417 1534 3818 1602 praecesserunt,

2211 1618 2507 1674 Christum
2536 1619 2867 1690 testiﬁcata,
2900 1618 3115 1675 Christi
3147 1623 3288 1675 sunt
3308 1619 3555 1693 gratiam
3577 1615 3822 1691 praelocu-

2210 1712 2288 1763 ta.
2321 1708 2391 1762 Et
2420 1707 2543 1779 ipse
2575 1713 2663 1763 est
2692 1707 2829 1764 ﬁnis
2859 1706 3007 1780 legis
3039 1709 3213 1781 (Rom.
3244 1727 3303 1777 x,
3334 1709 3410 1778 4),
3443 1724 3556 1764 non
3577 1724 3825 1764 evacuan-

2210 1798 2283 1853 do
2313 1796 2775 1869 signiﬁcationes
2820 1796 3027 1870 ipsius,
3057 1799 3157 1854 sed
3210 1797 3532 1870 implendo.
3590 1795 3689 1861 Qui
3715 1795 3829 1850 licet

2209 1887 2364 1941 idem
2405 1885 2481 1941 sit
2510 1890 2711 1942 auctor
2738 1890 2997 1942 veterum
3030 1886 3130 1958 qui
3162 1903 3472 1956 novorum,
3491 1884 3570 1957 (ἡ)
3591 1884 3833 1957 ﬁgurata-

2208 1993 2340 2031 rum
2358 1978 2551 2030 tamen
2567 1974 3024 2047 promissionum
3047 1978 3425 2032 sacramenta
3446 1973 3701 2043 mutavit,
3715 1972 3831 2045 quia

2208 2064 2499 2137 promissa
2529 2063 2771 2136 perfecit
2791 2082 2804 2131 ;
2824 2068 2881 2119 et
2902 2063 3454 2131 denuntiationibus
3474 2062 3830 2120 cessationem

2208 2152 2511 2226 imposuit,
2535 2153 2815 2225 quoniam
2838 2152 3220 2209 denuntiatus
3245 2153 3506 2209 advenit.
3532 2152 3593 2208 In
3616 2165 3835 2223 praecep-

2206 2243 2282 2299 tis
2303 2246 2497 2297 autem
2522 2241 2842 2298 moralibus
2864 2240 3027 2297 nulla
3046 2241 3257 2314 prioris
3283 2240 3646 2299 Testamenti
3668 2240 3839 2296 decre-

2205 2336 2266 2387 ta
2296 2331 2625 2403 reprobata,
2647 2331 2748 2387 sed
2773 2330 3106 2404 evangelica
3129 2330 3480 2403 magisterio
3502 2328 3685 2384 multa
3703 2327 3837 2384 240

2207 2425 2346 2476 sunt
2374 2424 2580 2476 aucta:
2611 2424 2677 2474 ut
2706 2420 3050 2492 perfectiora
3082 2424 3139 2474 et
3169 2418 3466 2476 lucidiora
3495 2420 3688 2475 essent
3714 2417 3838 2472 dan-

2204 2508 2287 2565 tia
2307 2508 2556 2565 salutem
2588 2525 2766 2580 quam
2800 2508 3204 2579 promittentis
3235 2506 3624 2564 Salvatorem.

2276 2603 2409 2653 CAP.
2442 2598 2539 2653 VI.
2567 2630 2632 2638 —
2655 2596 2866 2653 Omnia
2896 2597 3076 2670 igitur
3099 2613 3224 2670 qua:
3246 2597 3351 2653 Dei
3370 2596 3556 2653 Filius
3578 2596 3647 2652 ad
3668 2610 3842 2651 recon-

2206 2687 2558 2745 ciliationem
2584 2687 2788 2742 mundi
2811 2690 2868 2742 et
2900 2687 3054 2753 fecit,
3071 2690 3128 2741 et
3153 2685 3381 2753 docuit,
3407 2703 3525 2742 non
3547 2685 3606 2741 in
3623 2682 3843 2740 historia

2207 2781 2434 2832 tantum
2468 2776 2892 2849 prmteritarum
2927 2774 3221 2831 actionum
3243 2776 3549 2843 novimus,
3568 2773 3667 2830 sed
3687 2771 3842 2828 etiam

2204 2866 2267 2938 (i)
2300 2866 2355 2921 in
2383 2864 2758 2938 praesentium
2782 2881 3026 2937 operum
3043 2865 3255 2920 virtute
3279 2865 3602 2921 sentimus.
3630 2864 3750 2936 Ipse
3771 2864 3847 2916 est

2204 2954 2302 3027 qui
2334 2955 2404 3009 de
2426 2953 2643 3026 Spiritu
2667 2958 2867 3009 sancto
2895 2970 2961 3009 ex
2985 2958 3170 3008 matre
3186 2953 3386 3009 editus
3409 2950 3844 3026 Virgineincon-

2202 3043 2549 3099 taminatam
2583 3040 2900 3098 Ecclesiam
2934 3058 3103 3098 suam
3134 3042 3343 3097 eadem
3370 3039 3753 3114 inspiratione
3779 3038 3848 3093 fe-

2206 3133 2440 3199 cundat,
2477 3136 2541 3188 ut
2570 3148 2675 3205 per
2702 3131 3078 3204 baptismatis
3129 3135 3367 3203 partum
3412 3125 3848 3186 innumerabilis

2208 3220 2463 3278 ﬁliorum
2495 3221 2595 3277 Dei
2618 3220 2932 3277 multitudo
2955 3221 3250 3293 gignatur,
3276 3221 3353 3276 de
3375 3220 3603 3293 quibus
3619 3217 3849 3274 dicitur:

2205 3312 2312 3380 Qui
2330 3326 2436 3365 non
2471 3327 2539 3365 ex
2564 3309 3133 3381 sanguinibusmeque
3163 3310 3231 3381 (j)
3260 3326 3335 3365 ea:
3356 3310 3647 3366 voluntate
3665 3305 3848 3369 carnis,

2202 3417 2376 3472 neque
2404 3417 2473 3456 ex
2498 3400 2772 3456 voluntate
2792 3401 2921 3467 viri,
2946 3399 3039 3454 sed
3068 3414 3138 3454 ex
3165 3399 3273 3454 Deo
3301 3401 3439 3454 nati
3466 3405 3600 3454 sunt
3630 3396 3798 3468 (Joan.
3818 3407 3853 3457 1,

2206 3491 2315 3561 13).
2348 3490 2478 3562 Ipse
2510 3493 2600 3545 est
2631 3488 2688 3545 in
2749 3504 2865 3560 quo
2896 3503 3095 3543 semen
3135 3486 3390 3543 Abrahae
3445 3486 3636 3542 totius
3667 3479 3857 3539 mundi

2207 3577 2285 3650 (lc)
2318 3578 2627 3650 adoptione
2658 3576 3023 3633 benedicitur
3046 3594 3059 3644 ;
3080 3576 3214 3631 etﬁt
3238 3575 3594 3647 patriarcha
3614 3570 3861 3649 gentium

2207 3671 2373 3739 pater
2406 3667 2558 3739 (Gen.
2578 3684 2713 3734 χχιι,
2742 3667 2851 3738 l8),
2875 3666 3016 3721 dum
3042 3663 3472 3737 promissionis
3494 3664 3603 3719 ﬁlii
3630 3663 3743 3719 ﬁde
3762 3674 3862 3715 non

2206 3771 2379 3811 carne
2409 3758 2763 3810 nascuntur.
2796 3755 2927 3827 Ipse
2957 3758 3044 3810 est
3075 3754 3176 3826 qui
3206 3752 3446 3810 nullius
3493 3752 3691 3827 gentis
3719 3763 3865 3805 exce-

2205 3840 2463 3913 ptionem
2497 3842 2737 3910 faciens,
2771 3842 2842 3897 de
2873 3840 3032 3897 omni
3054 3841 3289 3896 natione
3314 3857 3454 3914 qua:
3484 3842 3602 3897 sub
3628 3839 3774 3896 caelo
3793 3839 3872 3891 est

2205 3947 2389 3986 unum
2422 3935 2759 3986 sanctarum
2791 3929 2985 3986 ovium
3016 3929 3197 3986 efﬁcit
3219 3945 3497 4002 gregem,
3531 3934 3593 3986 et
3621 3925 3868 4002 quotidie

2202 4018 2408 4092 implet
2428 4020 2579 4091 quod
2623 4018 2992 4090 promiserat,
3025 4018 3252 4075 dicens:
3279 4020 3473 4075 Habeo
3496 4029 3551 4077 et
3573 4021 3722 4074 alias
3743 4029 3872 4077 oves.

2206 4126 2323 4181 qua:
2343 4124 2453 4163 non
2479 4115 2609 4164 sunt
2636 4124 2707 4164 eo:
2730 4109 2828 4164 hoc
2846 4108 3000 4177 ovili,
3019 4111 3071 4163 ct
3092 4108 3221 4162 illas
3240 4111 3462 4179 Oportet
3480 4124 3574 4164 me
3594 4106 3873 4168 adducere,

2204 4201 2257 4255 et
2284 4213 2467 4253 vocem
2494 4212 2674 4252 meam
2703 4196 2963 4261 audient;
2981 4200 3034 4251 et
3052 4196 3113 4268 (ἰ)
3138 4197 3243 4251 erit
3298 4214 3459 4252 unus
3491 4214 3639 4267 grex
3662 4203 3713 4252 et
3744 4205 3876 4254 unus

2199 4290 2390 4358 pastor
2443 4287 2619 4358 (Joan.
2652 4303 2708 4354 x,
2765 4286 2869 4357 16).
2922 4284 3197 4350 Quamvis
3253 4284 3422 4340 enim
3485 4286 3664 4342 beato
3717 4284 3870 4339 Petro

2249 4445 2320 4484 ue
2369 4432 2427 4485 et
2495 4428 2709 4485 otiores
2768 4427 2953 4483 nostri
3012 4427 3179 4483 codd.
3212 4444 3354 4483 cum
3422 4429 3654 4485 Homil.
3722 4422 3874 4482 Pauli

2249 4501 2364 4554 iac.
2402 4445 2513 4554 Alli.
2546 4501 2778 4554 iustitiae
2808 4501 2958 4554 leuis.

2258 4501 2364 4581 iac.
2388 4501 2513 4581 ⁹Α1.,
2537 4501 3009 4581 Ῑιιςςιὶζίέςιεαξελ.

2279 4572 2369 4650 (Ιι)
2388 4571 2452 4626 In
2477 4570 2725 4642 exempl.
2759 4570 2921 4650 Pauli
2946 4570 3465 4650 Diacvﬁguraruqn
3482 4575 3682 4650 tamen
3706 4578 3887 4650 etlpro-

2206 4641 2537 4725 missionum
2565 4641 2932 4726 sacramenta,
2952 4641 3107 4726 quod
3132 4658 3246 4696 non
3268 4641 3699 4726 disciplet.Sic
3720 4641 3885 4726 etiam

2208 4714 2268 4768 in
2303 4714 2494 4786 prima
2517 4714 2788 4782 editione,
2840 4711 3191 4785 quae'solum
3246 4711 3485 4770 omittit
3516 4711 3890 4787 conjunctio-

2210 4802 2342 4925 “ei:
2372 4792 2496 4911 Etim
2524 4856 2691 4911 codd.
2726 4856 2783 4912 S.
2818 4854 2992 4923 Petri,
3024 4857 3085 4910 in
3111 4856 3583 4925 prwsentiarum.

2281 4928 2350 4998 (j)
2384 4928 2445 4982 ln
2479 4927 2688 4983 iisdem
2721 4927 2915 4992 codd.,
2942 4943 3012 4982 ex
3036 4927 3322 4998 voluptate
3338 4929 3574 4983 carnis.

2279 4993 2354 5069 (ξ)
2387 4998 2731 5071 Quiesnellus
2760 5001 2818 5053 in
2853 4993 3357 5071 margine‘n'otavit
3384 5014 3397 5052 :
3432 4993 3899 5071 Al.,benedi.:t_io-

2208 5065 2297 5137 ne,
2328 5065 2487 5151 quod
2504 5069 2722 5152 nullibi.
2742 5065 3084 5141 reperimus.
3122 5068 3254 5124 Mox
3270 5065 3646 5126 benedicitur
3678 5083 3788 5196 ΕΙνο
3811 5065 3893 5148 be-

2208 5141 2490 5196 nedicatur
2518 5157 2864 5197 scribaimus
2911 5158 2979 5196 ex
3008 5140 3239 5195 duobus
3270 5155 3430 5196 mss.
3464 5141 3643 5197 ναι..
3734 5134 3893 5196 omil.

2206 5157 2490 5196 neazcetur
2518 5157 2864 5211 SOI'IpSImUS
2911 5158 2979 5196 ex
3008 5157 3239 5195 auonus
3270 5157 3430 5196 mss.
3477 5157 3643 5208 van,
3682 5157 3896 5196 nomn.

2206 5211 2369 5266 Pauli
2400 5212 2557 5266 Diac.
2591 5212 2866 5283 etprima
2894 5211 3166 5267 editione.
3198 5210 3283 5283 Ita
3312 5210 3513 5283 etiam
3548 5213 3615 5268 in
3651 5223 3901 5283 sequen-

2208 5283 2373 5366 tibus
2400 5280 2955 5366 praesentilemppre
2987 5282 3205 5366 ubique
3232 5280 3489 5366 legitur,
3545 5280 3897 5366 nascuntur,

2205 5355 2392 5425 efﬁcit,
2426 5354 2636 5425 implet.
2672 5358 2814 5409 Item
2844 5356 2905 5425 ﬁt
2938 5371 3038 5425 pro
3068 5354 3141 5409 sit
3177 5354 3551 5425 patriarcha,
3623 5354 3795 5425 quod
3820 5354 3909 5408 est

2206 5423 2268 5507 i_n
2282 5423 2608 5507 Quesnello,
2625 5441 2694 5480 ex
2718 5423 3131 5481 caeteris‘editis
3151 5429 3208 5481 et
3229 5423 3473 5496 aliquot
3491 5423 3686 5482 cedd.
3706 5439 3909 5482 emen-

2205 5496 2682 5698 dai‘liullhlsllomil.
2713 5565 2878 5651 Pauli
2907 5567 3195 5640 Diac.,/iet
3222 5581 3372 5651 unus

2207 5638 2335 5698 cel.
2366 5645 2425 5698 et
2453 5655 2647 5698 prima
2675 5639 2870 5698 editio.
2904 5638 3003 5698 ﬁet
3024 5654 3200 5697 unum
3228 5638 3372 5698 ovile

2207 5638 2335 5699 cell.
2366 5645 2425 5700 et
2453 5639 2647 5717 prima
2675 5638 2870 5713 editio,
2903 5638 3003 5717 ﬁet
3024 5638 3200 5697 unum
3228 5638 3393 5698 ovile.

3397 5583 3584 5636 grex.
3612 5567 3749 5627 Cod
3774 5565 3915 5624 Ver-
