  <div class='ocr_page' id='page_1' title='image "/cluster/home/n/w/nwhite01/storage/ocr_20150623/54/hvd.32044054758636/186.png"; bbox 0 0 4098 6188; ppageno 0'>
   <div class='ocr_carea' id='block_1_1' title="bbox 274 328 364 392">
    <p class='ocr_par' dir='ltr' id='par_1_1' title="bbox 274 328 364 392">
     <span class='ocr_line' id='line_1_1' title="bbox 274 328 364 392; baseline 0.011 -1"><span class='ocrx_word' id='word_1_1' title='bbox 274 328 364 392; x_wconf 79' lang='lat'><strong>357</strong></span> 
     </span>
    </p>
   </div>
   <div class='ocr_carea' id='block_1_2' title="bbox 1695 335 2206 402">
    <p class='ocr_par' dir='ltr' id='par_1_2' title="bbox 1695 335 2206 402">
     <span class='ocr_line' id='line_1_2' title="bbox 1695 335 2206 402; baseline -0.004 -1"><span class='ocrx_word' id='word_1_2' title='bbox 1695 335 1960 401; x_wconf 83' lang='lat' dir='ltr'><strong>SERMO</strong></span> <span class='ocrx_word' id='word_1_3' title='bbox 2003 336 2206 402; x_wconf 83' lang='lat' dir='ltr'><strong>LXIV.</strong></span> 
     </span>
    </p>
   </div>
   <div class='ocr_carea' id='block_1_3' title="bbox 3530 354 3650 418">
    <p class='ocr_par' dir='ltr' id='par_1_3' title="bbox 3530 354 3650 418">
     <span class='ocr_line' id='line_1_3' title="bbox 3530 354 3650 418; baseline -0.008 0"><span class='ocrx_word' id='word_1_4' title='bbox 3530 354 3650 418; x_wconf 83' lang='grc'><strong>358</strong></span> 
     </span>
    </p>
   </div>
   <div class='ocr_carea' id='block_1_4' title="bbox 276 464 3653 548">
    <p class='ocr_par' dir='ltr' id='par_1_4' title="bbox 276 464 3653 548">
     <span class='ocr_line' id='line_1_4' title="bbox 276 464 3653 548; baseline 0.008 -31"><span class='ocrx_word' id='word_1_5' title='bbox 276 464 645 537; x_wconf 79' lang='lat' dir='ltr'><strong>principaliter</strong></span> <span class='ocrx_word' id='word_1_6' title='bbox 672 467 850 537; x_wconf 82' lang='lat' dir='ltr'><strong>dicat,</strong></span> <span class='ocrx_word' id='word_1_7' title='bbox 880 468 1045 524; x_wconf 81' lang='lat' dir='ltr'><strong>Pasce</strong></span> <span class='ocrx_word' id='word_1_8' title='bbox 1072 484 1193 525; x_wconf 83' lang='lat' dir='ltr'><strong>oves</strong></span> <span class='ocrx_word' id='word_1_9' title='bbox 1223 486 1370 527; x_wconf 85' lang='lat' dir='ltr'><strong>meas</strong></span> <span class='ocrx_word' id='word_1_10' title='bbox 1401 472 1575 543; x_wconf 80' lang='lat' dir='ltr'><strong>(Joan.</strong></span> <span class='ocrx_word' id='word_1_11' title='bbox 1618 488 1733 538; x_wconf 67' lang='lat' dir='ltr'><strong>xxx,</strong></span> <span class='ocrx_word' id='word_1_12' title='bbox 1778 471 1886 543; x_wconf 80' lang='grc'>17),</span> <span class='ocrx_word' id='word_1_13' title='bbox 1918 473 1971 537; x_wconf 79' lang='grc' dir='ltr'><strong>Α</strong></span> <span class='ocrx_word' id='word_1_14' title='bbox 2077 472 2270 548; x_wconf 64' lang='lat' dir='ltr'><strong>Cruor?</strong></span> <span class='ocrx_word' id='word_1_15' title='bbox 2303 505 2361 512; x_wconf 62' lang='grc' dir='ltr'><strong>η·</strong></span> <span class='ocrx_word' id='word_1_16' title='bbox 2402 473 2491 528; x_wconf 83' lang='lat' dir='ltr'><strong>IV.</strong></span> <span class='ocrx_word' id='word_1_17' title='bbox 2529 477 2816 548; x_wconf 76' lang='lat' dir='ltr'><em>Utramque</em></span> <span class='ocrx_word' id='word_1_18' title='bbox 2860 484 3117 536; x_wconf 75' lang='lat' dir='ltr'><strong>naturam</strong></span> <span class='ocrx_word' id='word_1_19' title='bbox 3172 499 3299 538; x_wconf 79' lang='lat' dir='ltr'><strong>snas</strong></span> <span class='ocrx_word' id='word_1_20' title='bbox 3337 487 3396 541; x_wconf 86' lang='lat' dir='ltr'><strong>in</strong></span> <span class='ocrx_word' id='word_1_21' title='bbox 3426 487 3653 545; x_wconf 78' lang='lat' dir='ltr'><strong>Christo</strong></span> 
     </span>
    </p>
   </div>
   <div class='ocr_carea' id='block_1_5' title="bbox 276 553 1887 633">
    <p class='ocr_par' dir='ltr' id='par_1_5' title="bbox 276 553 1887 633">
     <span class='ocr_line' id='line_1_5' title="bbox 276 553 1887 633; baseline 0.004 -26"><span class='ocrx_word' id='word_1_22' title='bbox 276 553 332 607; x_wconf 86' lang='lat' dir='ltr'><strong>ab</strong></span> <span class='ocrx_word' id='word_1_23' title='bbox 358 569 468 609; x_wconf 89' lang='lat' dir='ltr'><strong>uno</strong></span> <span class='ocrx_word' id='word_1_24' title='bbox 500 558 695 611; x_wconf 89' lang='lat' dir='ltr'><strong>tamen</strong></span> <span class='ocrx_word' id='word_1_25' title='bbox 720 556 967 613; x_wconf 90' lang='lat' dir='ltr'><strong>Domino</strong></span> <span class='ocrx_word' id='word_1_26' title='bbox 997 558 1127 631; x_wconf 87' lang='lat' dir='ltr'><strong>ipsa</strong></span> <span class='ocrx_word' id='word_1_27' title='bbox 1153 558 1351 614; x_wconf 86' lang='lat' dir='ltr'><strong>omnia</strong></span> <span class='ocrx_word' id='word_1_28' title='bbox 1374 559 1596 633; x_wconf 88' lang='lat' dir='ltr'><strong>regitur</strong></span> <span class='ocrx_word' id='word_1_29' title='bbox 1618 575 1758 615; x_wconf 89' lang='lat' dir='ltr'><strong>cura</strong></span> <span class='ocrx_word' id='word_1_30' title='bbox 1782 576 1887 632; x_wconf 82' lang='lat' dir='ltr'><strong>pa-</strong></span> 
     </span>
    </p>
   </div>
   <div class='ocr_carea' id='block_1_6' title="bbox 277 645 1890 722">
    <p class='ocr_par' dir='ltr' id='par_1_6' title="bbox 277 645 1890 722">
     <span class='ocr_line' id='line_1_6' title="bbox 277 645 1890 722; baseline 0.004 -25"><span class='ocrx_word' id='word_1_31' title='bbox 277 645 495 709; x_wconf 85' lang='lat' dir='ltr'><strong>storum,</strong></span> <span class='ocrx_word' id='word_1_32' title='bbox 526 647 584 700; x_wconf 90' lang='lat' dir='ltr'><strong>et</strong></span> <span class='ocrx_word' id='word_1_33' title='bbox 610 646 911 703; x_wconf 84' lang='lat' dir='ltr'><strong>venientes</strong></span> <span class='ocrx_word' id='word_1_34' title='bbox 943 647 1012 703; x_wconf 90' lang='lat' dir='ltr'><strong>ad</strong></span> <span class='ocrx_word' id='word_1_35' title='bbox 1046 651 1269 720; x_wconf 81' lang='lat' dir='ltr'><strong>petram</strong></span> <span class='ocrx_word' id='word_1_36' title='bbox 1301 652 1421 705; x_wconf 89' lang='lat' dir='ltr'><strong>tam</strong></span> <span class='ocrx_word' id='word_1_37' title='bbox 1465 648 1613 705; x_wconf 63' lang='lat' dir='ltr'><strong>lictis</strong></span> <span class='ocrx_word' id='word_1_38' title='bbox 1652 653 1890 722; x_wconf 84' lang='lat' dir='ltr'><strong>tamque</strong></span> 
     </span>
    </p>
   </div>
   <div class='ocr_carea' id='block_1_7' title="bbox 275 732 1890 806">
    <p class='ocr_par' dir='ltr' id='par_1_7' title="bbox 275 732 1890 806">
     <span class='ocr_line' id='line_1_7' title="bbox 275 732 1890 806; baseline 0.002 -17"><span class='ocrx_word' id='word_1_39' title='bbox 275 732 483 806; x_wconf 82' lang='lat' dir='ltr'><strong>irriguis</strong></span> <span class='ocrx_word' id='word_1_40' title='bbox 512 735 749 806; x_wconf 85' lang='lat' dir='ltr'><strong>pascuis</strong></span> <span class='ocrx_word' id='word_1_41' title='bbox 781 735 903 803; x_wconf 86' lang='lat' dir='ltr'><strong>alit,</strong></span> <span class='ocrx_word' id='word_1_42' title='bbox 933 741 999 793; x_wconf 87' lang='lat' dir='ltr'><strong>ut</strong></span> <span class='ocrx_word' id='word_1_43' title='bbox 1026 737 1346 793; x_wconf 66' lang='lat' dir='ltr'><strong>innumera:</strong></span> <span class='ocrx_word' id='word_1_44' title='bbox 1385 755 1520 795; x_wconf 87' lang='lat' dir='ltr'><strong>oves</strong></span> <span class='ocrx_word' id='word_1_45' title='bbox 1563 736 1890 794; x_wconf 81' lang='lat' dir='ltr'><strong>dilectionis</strong></span> 
     </span>
    </p>
   </div>
   <div class='ocr_carea' id='block_1_8' title="bbox 274 822 1893 899">
    <p class='ocr_par' dir='ltr' id='par_1_8' title="bbox 274 822 1893 899">
     <span class='ocr_line' id='line_1_8' title="bbox 274 822 1893 899; baseline 0.004 -24"><span class='ocrx_word' id='word_1_46' title='bbox 274 822 599 894; x_wconf 86' lang='lat' dir='ltr'><strong>pinguedine</strong></span> <span class='ocrx_word' id='word_1_47' title='bbox 627 822 1092 894; x_wconf 74' lang='lat' dir='ltr'><strong>mboratae,sicut</strong></span> <span class='ocrx_word' id='word_1_48' title='bbox 1103 826 1291 883; x_wconf 90' lang='lat' dir='ltr'><strong>bonus</strong></span> <span class='ocrx_word' id='word_1_49' title='bbox 1306 831 1505 899; x_wconf 83' lang='lat' dir='ltr'><strong>pastor</strong></span> <span class='ocrx_word' id='word_1_50' title='bbox 1516 827 1791 899; x_wconf 87' lang='lat' dir='ltr'><strong>dignatus</strong></span> <span class='ocrx_word' id='word_1_51' title='bbox 1803 829 1893 883; x_wconf 90' lang='lat' dir='ltr'><strong>est</strong></span> 
     </span>
    </p>
   </div>
   <div class='ocr_carea' id='block_1_9' title="bbox 274 910 1887 988">
    <p class='ocr_par' dir='ltr' id='par_1_9' title="bbox 274 910 1887 988">
     <span class='ocr_line' id='line_1_9' title="bbox 274 910 1887 988; baseline 0.003 -23"><span class='ocrx_word' id='word_1_52' title='bbox 274 927 351 982; x_wconf 90' lang='lat' dir='ltr'><strong>pro</strong></span> <span class='ocrx_word' id='word_1_53' title='bbox 381 910 587 967; x_wconf 89' lang='lat' dir='ltr'><strong>ovibus</strong></span> <span class='ocrx_word' id='word_1_54' title='bbox 617 912 743 969; x_wconf 87' lang='lat' dir='ltr'><strong>suis</strong></span> <span class='ocrx_word' id='word_1_55' title='bbox 777 914 1035 969; x_wconf 87' lang='lat' dir='ltr'><strong>animam</strong></span> <span class='ocrx_word' id='word_1_56' title='bbox 1067 915 1143 987; x_wconf 88' lang='lat' dir='ltr'><strong>(a)</strong></span> <span class='ocrx_word' id='word_1_57' title='bbox 1179 933 1346 971; x_wconf 88' lang='lat' dir='ltr'><strong>suam</strong></span> <span class='ocrx_word' id='word_1_58' title='bbox 1381 933 1592 988; x_wconf 90' lang='lat' dir='ltr'><strong>ponere</strong></span> <span class='ocrx_word' id='word_1_59' title='bbox 1624 916 1799 988; x_wconf 87' lang='lat' dir='ltr'><strong>(Joan.</strong></span> <span class='ocrx_word' id='word_1_60' title='bbox 1833 933 1887 984; x_wconf 86' lang='lat' dir='ltr'><strong>x,</strong></span> 
     </span>
    </p>
   </div>
   <div class='ocr_carea' id='block_1_10' title="bbox 278 1000 1892 1078">
    <p class='ocr_par' dir='ltr' id='par_1_10' title="bbox 278 1000 1892 1078">
     <span class='ocr_line' id='line_1_10' title="bbox 278 1000 1892 1078; baseline 0.004 -23"><span class='ocrx_word' id='word_1_61' title='bbox 278 1000 358 1072; x_wconf 79' lang='grc'><strong>15),</strong></span> <span class='ocrx_word' id='word_1_62' title='bbox 391 1000 472 1055; x_wconf 90' lang='lat' dir='ltr'><strong>ita</strong></span> <span class='ocrx_word' id='word_1_63' title='bbox 500 1006 559 1056; x_wconf 90' lang='lat' dir='ltr'><strong>et</strong></span> <span class='ocrx_word' id='word_1_64' title='bbox 589 1002 728 1073; x_wconf 71' lang='lat' dir='ltr'><strong>ipsae</strong></span> <span class='ocrx_word' id='word_1_65' title='bbox 755 1019 871 1059; x_wconf 91' lang='lat' dir='ltr'><strong>non</strong></span> <span class='ocrx_word' id='word_1_66' title='bbox 902 1003 1175 1061; x_wconf 83' lang='lat' dir='ltr'><strong>dubitent</strong></span> <span class='ocrx_word' id='word_1_67' title='bbox 1204 1022 1307 1077; x_wconf 91' lang='lat' dir='ltr'><strong>pro</strong></span> <span class='ocrx_word' id='word_1_68' title='bbox 1356 1005 1592 1062; x_wconf 86' lang='lat' dir='ltr'><strong>nomine</strong></span> <span class='ocrx_word' id='word_1_69' title='bbox 1638 1004 1892 1078; x_wconf 81' lang='lat' dir='ltr'><strong>pastoris</strong></span> 
     </span>
    </p>
   </div>
   <div class='ocr_carea' id='block_1_11' title="bbox 274 1090 1896 1168">
    <p class='ocr_par' dir='ltr' id='par_1_11' title="bbox 274 1090 1896 1168">
     <span class='ocr_line' id='line_1_11' title="bbox 274 1090 1896 1168; baseline 0.002 -23"><span class='ocrx_word' id='word_1_70' title='bbox 274 1090 608 1146; x_wconf 87' lang='lat' dir='ltr'><strong>occumbere.</strong></span> <span class='ocrx_word' id='word_1_71' title='bbox 631 1090 759 1164; x_wconf 90' lang='lat' dir='ltr'><strong>Ipse</strong></span> <span class='ocrx_word' id='word_1_72' title='bbox 784 1093 1049 1165; x_wconf 80' lang='lat' dir='ltr'><strong>est(b)cui</strong></span> <span class='ocrx_word' id='word_1_73' title='bbox 1068 1111 1184 1149; x_wconf 88' lang='lat' dir='ltr'><strong>non</strong></span> <span class='ocrx_word' id='word_1_74' title='bbox 1213 1093 1402 1150; x_wconf 91' lang='lat' dir='ltr'><strong>solum</strong></span> <span class='ocrx_word' id='word_1_75' title='bbox 1420 1094 1896 1168; x_wconf 85' lang='lat' dir='ltr'><strong>gioriosamarty-</strong></span> 
     </span>
    </p>
   </div>
   <div class='ocr_carea' id='block_1_12' title="bbox 273 1180 1894 1249">
    <p class='ocr_par' dir='ltr' id='par_1_12' title="bbox 273 1180 1894 1249">
     <span class='ocr_line' id='line_1_12' title="bbox 273 1180 1894 1249; baseline 0.003 -15"><span class='ocrx_word' id='word_1_76' title='bbox 273 1196 375 1234; x_wconf 88' lang='lat' dir='ltr'><strong>rum</strong></span> <span class='ocrx_word' id='word_1_77' title='bbox 406 1180 814 1249; x_wconf 85' lang='lat' dir='ltr'><strong>fortitudo,sed</strong></span> <span class='ocrx_word' id='word_1_78' title='bbox 832 1181 1006 1238; x_wconf 88' lang='lat' dir='ltr'><strong>etiam</strong></span> <span class='ocrx_word' id='word_1_79' title='bbox 1020 1182 1283 1240; x_wconf 89' lang='lat' dir='ltr'><strong>omnium</strong></span> <span class='ocrx_word' id='word_1_80' title='bbox 1307 1184 1737 1240; x_wconf 87' lang='lat' dir='ltr'><strong>renascentium</strong></span> <span class='ocrx_word' id='word_1_81' title='bbox 1751 1183 1894 1239; x_wconf 80' lang='lat' dir='ltr'><strong>fides</strong></span> 
     </span>
    </p>
   </div>
   <div class='ocr_carea' id='block_1_13' title="bbox 270 1268 1892 1345">
    <p class='ocr_par' dir='ltr' id='par_1_13' title="bbox 270 1268 1892 1345">
     <span class='ocr_line' id='line_1_13' title="bbox 270 1268 1892 1345; baseline 0.002 -22"><span class='ocrx_word' id='word_1_82' title='bbox 270 1268 316 1323; x_wconf 88' lang='lat' dir='ltr'><strong>in</strong></span> <span class='ocrx_word' id='word_1_83' title='bbox 340 1269 460 1340; x_wconf 89' lang='lat' dir='ltr'><strong>ipsa</strong></span> <span class='ocrx_word' id='word_1_84' title='bbox 482 1270 1300 1345; x_wconf 88' lang='lat' dir='ltr'><strong>regenerationecompatitur.</strong></span> <span class='ocrx_word' id='word_1_85' title='bbox 1318 1277 1466 1328; x_wconf 87' lang='lat' dir='ltr'><strong>Dum</strong></span> <span class='ocrx_word' id='word_1_86' title='bbox 1497 1273 1652 1329; x_wconf 90' lang='lat' dir='ltr'><strong>enim</strong></span> <span class='ocrx_word' id='word_1_87' title='bbox 1675 1288 1892 1329; x_wconf 84' lang='lat' dir='ltr'><strong>renun-</strong></span> 
     </span>
    </p>
   </div>
   <div class='ocr_carea' id='block_1_14' title="bbox 269 1357 1896 1429">
    <p class='ocr_par' dir='ltr' id='par_1_14' title="bbox 269 1357 1896 1429">
     <span class='ocr_line' id='line_1_14' title="bbox 269 1357 1896 1429; baseline 0.004 -18"><span class='ocrx_word' id='word_1_88' title='bbox 269 1358 420 1413; x_wconf 79' lang='lat' dir='ltr'><strong>tiatur</strong></span> <span class='ocrx_word' id='word_1_89' title='bbox 449 1357 708 1426; x_wconf 83' lang='lat' dir='ltr'><strong>diabolo,</strong></span> <span class='ocrx_word' id='word_1_90' title='bbox 738 1363 793 1415; x_wconf 87' lang='lat' dir='ltr'><strong>et</strong></span> <span class='ocrx_word' id='word_1_91' title='bbox 824 1360 1079 1416; x_wconf 82' lang='lat' dir='ltr'><strong>creditur</strong></span> <span class='ocrx_word' id='word_1_92' title='bbox 1100 1361 1236 1429; x_wconf 90' lang='lat' dir='ltr'><strong>Deo,</strong></span> <span class='ocrx_word' id='word_1_93' title='bbox 1268 1361 1408 1417; x_wconf 90' lang='lat' dir='ltr'><strong>dum</strong></span> <span class='ocrx_word' id='word_1_94' title='bbox 1431 1361 1491 1417; x_wconf 89' lang='lat' dir='ltr'><strong>in</strong></span> <span class='ocrx_word' id='word_1_95' title='bbox 1525 1361 1837 1417; x_wconf 81' lang='lat' dir='ltr'><strong>novitatem</strong></span> <span class='ocrx_word' id='word_1_96' title='bbox 1863 1378 1896 1417; x_wconf 91' lang='lat' dir='ltr'><strong>a</strong></span> 
     </span>
    </p>
   </div>
   <div class='ocr_carea' id='block_1_15' title="bbox 266 1448 1892 1523">
    <p class='ocr_par' dir='ltr' id='par_1_15' title="bbox 266 1448 1892 1523">
     <span class='ocr_line' id='line_1_15' title="bbox 266 1448 1892 1523; baseline 0.003 -23"><span class='ocrx_word' id='word_1_97' title='bbox 266 1450 530 1502; x_wconf 80' lang='lat' dir='ltr'><strong>vetustate</strong></span> <span class='ocrx_word' id='word_1_98' title='bbox 558 1448 865 1515; x_wconf 85' lang='lat' dir='ltr'><strong>transitur,</strong></span> <span class='ocrx_word' id='word_1_99' title='bbox 900 1450 1039 1505; x_wconf 92' lang='lat' dir='ltr'><strong>dum</strong></span> <span class='ocrx_word' id='word_1_100' title='bbox 1058 1451 1271 1506; x_wconf 87' lang='lat' dir='ltr'><strong>terreni</strong></span> <span class='ocrx_word' id='word_1_101' title='bbox 1292 1451 1550 1507; x_wconf 88' lang='lat' dir='ltr'><strong>hominis</strong></span> <span class='ocrx_word' id='word_1_102' title='bbox 1579 1450 1773 1523; x_wconf 84' lang='lat' dir='ltr'><strong>imago</strong></span> <span class='ocrx_word' id='word_1_103' title='bbox 1796 1451 1892 1505; x_wconf 87' lang='lat' dir='ltr'><strong>de-</strong></span> 
     </span>
    </p>
   </div>
   <div class='ocr_carea' id='block_1_16' title="bbox 267 1535 1895 1612">
    <p class='ocr_par' dir='ltr' id='par_1_16' title="bbox 267 1535 1895 1612">
     <span class='ocr_line' id='line_1_16' title="bbox 267 1535 1895 1612; baseline 0.004 -23"><span class='ocrx_word' id='word_1_104' title='bbox 267 1536 561 1608; x_wconf 86' lang='lat' dir='ltr'><strong>ponitur,et</strong></span> <span class='ocrx_word' id='word_1_105' title='bbox 572 1535 826 1593; x_wconf 70' lang='lat' dir='ltr'><strong>caelestis</strong></span> <span class='ocrx_word' id='word_1_106' title='bbox 842 1537 1026 1594; x_wconf 89' lang='lat' dir='ltr'><strong>forma</strong></span> <span class='ocrx_word' id='word_1_107' title='bbox 1040 1539 1657 1612; x_wconf 68' lang='lat' dir='ltr'><strong>suscipitur,quaedam</strong></span> <span class='ocrx_word' id='word_1_108' title='bbox 1672 1538 1895 1612; x_wconf 79' lang='lat' dir='ltr'><strong>Species</strong></span> 
     </span>
    </p>
   </div>
   <div class='ocr_carea' id='block_1_17' title="bbox 266 1625 1896 1697">
    <p class='ocr_par' dir='ltr' id='par_1_17' title="bbox 266 1625 1896 1697">
     <span class='ocr_line' id='line_1_17' title="bbox 266 1625 1896 1697; baseline 0.002 -18"><span class='ocrx_word' id='word_1_109' title='bbox 266 1625 446 1680; x_wconf 87' lang='lat' dir='ltr'><strong>mortis</strong></span> <span class='ocrx_word' id='word_1_110' title='bbox 476 1628 535 1681; x_wconf 87' lang='lat' dir='ltr'><strong>et</strong></span> <span class='ocrx_word' id='word_1_111' title='bbox 564 1626 834 1697; x_wconf 69' lang='lat' dir='ltr'><strong>quaedam</strong></span> <span class='ocrx_word' id='word_1_112' title='bbox 866 1625 1193 1684; x_wconf 87' lang='lat' dir='ltr'><strong>similitudo</strong></span> <span class='ocrx_word' id='word_1_113' title='bbox 1222 1628 1669 1685; x_wconf 87' lang='lat' dir='ltr'><strong>resurrectionis</strong></span> <span class='ocrx_word' id='word_1_114' title='bbox 1717 1629 1896 1684; x_wconf 89' lang='lat' dir='ltr'><strong>inter-</strong></span> 
     </span>
    </p>
   </div>
   <div class='ocr_carea' id='block_1_18' title="bbox 262 1713 1897 1790">
    <p class='ocr_par' dir='ltr' id='par_1_18' title="bbox 262 1713 1897 1790">
     <span class='ocr_line' id='line_1_18' title="bbox 262 1713 1897 1790; baseline 0.003 -23"><span class='ocrx_word' id='word_1_115' title='bbox 262 1713 813 1787; x_wconf 84' lang='lat' dir='ltr'><strong>venit,utsusceptus</strong></span> <span class='ocrx_word' id='word_1_116' title='bbox 842 1733 875 1770; x_wconf 88' lang='lat' dir='ltr'><strong>a</strong></span> <span class='ocrx_word' id='word_1_117' title='bbox 888 1715 965 1772; x_wconf 90' lang='lat' dir='ltr'><strong>Cb</strong></span> <span class='ocrx_word' id='word_1_118' title='bbox 976 1717 1115 1773; x_wconf 91' lang='lat' dir='ltr'><strong>risto</strong></span> <span class='ocrx_word' id='word_1_119' title='bbox 1141 1716 1555 1790; x_wconf 84' lang='lat' dir='ltr'><strong>Christumque</strong></span> <span class='ocrx_word' id='word_1_120' title='bbox 1568 1717 1897 1790; x_wconf 88' lang='lat' dir='ltr'><strong>suscipiens</strong></span> 
     </span>
    </p>
   </div>
   <div class='ocr_carea' id='block_1_19' title="bbox 262 1802 1894 1879">
    <p class='ocr_par' dir='ltr' id='par_1_19' title="bbox 262 1802 1894 1879">
     <span class='ocr_line' id='line_1_19' title="bbox 262 1802 1894 1879; baseline 0.002 -22"><span class='ocrx_word' id='word_1_121' title='bbox 262 1819 363 1857; x_wconf 91' lang='lat' dir='ltr'><strong>non</strong></span> <span class='ocrx_word' id='word_1_122' title='bbox 391 1802 545 1859; x_wconf 89' lang='lat' dir='ltr'><strong>idem</strong></span> <span class='ocrx_word' id='word_1_123' title='bbox 578 1803 654 1859; x_wconf 87' lang='lat' dir='ltr'><strong>sit</strong></span> <span class='ocrx_word' id='word_1_124' title='bbox 700 1808 831 1876; x_wconf 87' lang='lat' dir='ltr'><strong>post</strong></span> <span class='ocrx_word' id='word_1_125' title='bbox 879 1803 1172 1860; x_wconf 86' lang='lat' dir='ltr'><strong>lavacrum</strong></span> <span class='ocrx_word' id='word_1_126' title='bbox 1202 1806 1303 1878; x_wconf 90' lang='lat' dir='ltr'><strong>qui</strong></span> <span class='ocrx_word' id='word_1_127' title='bbox 1353 1811 1488 1861; x_wconf 85' lang='lat' dir='ltr'><strong>ante</strong></span> <span class='ocrx_word' id='word_1_128' title='bbox 1533 1807 1894 1879; x_wconf 87' lang='lat' dir='ltr'><strong>baptismum</strong></span> 
     </span>
    </p>
   </div>
   <div class='ocr_carea' id='block_1_20' title="bbox 260 1892 1819 1967">
    <p class='ocr_par' dir='ltr' id='par_1_20' title="bbox 260 1892 1819 1967">
     <span class='ocr_line' id='line_1_20' title="bbox 260 1892 1819 1967; baseline 0.001 -20"><span class='ocrx_word' id='word_1_129' title='bbox 260 1892 377 1960; x_wconf 84' lang='lat' dir='ltr'><strong>fuit,</strong></span> <span class='ocrx_word' id='word_1_130' title='bbox 410 1892 511 1948; x_wconf 88' lang='lat' dir='ltr'><strong>sed</strong></span> <span class='ocrx_word' id='word_1_131' title='bbox 542 1908 755 1965; x_wconf 89' lang='lat' dir='ltr'><strong>corpus</strong></span> <span class='ocrx_word' id='word_1_132' title='bbox 784 1895 1105 1967; x_wconf 87' lang='lat' dir='ltr'><strong>regenerati</strong></span> <span class='ocrx_word' id='word_1_133' title='bbox 1139 1894 1208 1965; x_wconf 78' lang='grc' dir='ltr'><strong>(θ)</strong></span> <span class='ocrx_word' id='word_1_134' title='bbox 1230 1895 1332 1949; x_wconf 85' lang='lat' dir='ltr'><strong>ﬁat</strong></span> <span class='ocrx_word' id='word_1_135' title='bbox 1361 1911 1495 1950; x_wconf 87' lang='lat' dir='ltr'><strong>caro</strong></span> <span class='ocrx_word' id='word_1_136' title='bbox 1525 1894 1819 1950; x_wconf 81' lang='lat' dir='ltr'><strong>Cruciﬁxi.</strong></span> 
     </span>
    </p>
   </div>
   <div class='ocr_carea' id='block_1_21' title="bbox 322 1980 1894 2051">
    <p class='ocr_par' dir='ltr' id='par_1_21' title="bbox 322 1980 1894 2051">
     <span class='ocr_line' id='line_1_21' title="bbox 322 1980 1894 2051; baseline 0.001 -15"><span class='ocrx_word' id='word_1_137' title='bbox 322 1982 453 2036; x_wconf 72' lang='grc' dir='ltr'><strong>ΟΑΡ.</strong></span> <span class='ocrx_word' id='word_1_138' title='bbox 484 1980 603 2037; x_wconf 81' lang='lat' dir='ltr'><strong>VII.</strong></span> <span class='ocrx_word' id='word_1_139' title='bbox 623 2013 690 2021; x_wconf 88' lang='lat'><strong>—</strong></span> <span class='ocrx_word' id='word_1_140' title='bbox 708 1981 837 2036; x_wconf 75' lang='lat' dir='ltr'><strong>Haac</strong></span> <span class='ocrx_word' id='word_1_141' title='bbox 870 1982 1269 2051; x_wconf 86' lang='lat' dir='ltr'><strong>commutatio,</strong></span> <span class='ocrx_word' id='word_1_142' title='bbox 1289 1981 1894 2051; x_wconf 66' lang='lat' dir='ltr'><strong>dilectissimi,rlextra3</strong></span> 
     </span>
    </p>
   </div>
   <div class='ocr_carea' id='block_1_22' title="bbox 258 2069 1893 2145">
    <p class='ocr_par' dir='ltr' id='par_1_22' title="bbox 258 2069 1893 2145">
     <span class='ocr_line' id='line_1_22' title="bbox 258 2069 1893 2145; baseline -0.002 -18"><span class='ocrx_word' id='word_1_143' title='bbox 258 2076 337 2127; x_wconf 84' lang='lat' dir='ltr'><strong>est</strong></span> <span class='ocrx_word' id='word_1_144' title='bbox 365 2069 583 2126; x_wconf 83' lang='lat' dir='ltr'><strong>Excelsi</strong></span> <span class='ocrx_word' id='word_1_145' title='bbox 603 2070 713 2141; x_wconf 85' lang='lat' dir='ltr'><strong>(Ps.</strong></span> <span class='ocrx_word' id='word_1_146' title='bbox 748 2088 956 2137; x_wconf 70' lang='lat' dir='ltr'><strong>axxvn,</strong></span> <span class='ocrx_word' id='word_1_147' title='bbox 973 2071 1084 2143; x_wconf 80' lang='grc'><strong>21),</strong></span> <span class='ocrx_word' id='word_1_148' title='bbox 1101 2073 1200 2145; x_wconf 81' lang='lat' dir='ltr'><strong>qui</strong></span> <span class='ocrx_word' id='word_1_149' title='bbox 1214 2076 1473 2144; x_wconf 80' lang='lat' dir='ltr'><strong>operatur</strong></span> <span class='ocrx_word' id='word_1_150' title='bbox 1498 2074 1683 2129; x_wconf 87' lang='lat' dir='ltr'><strong>omnia</strong></span> <span class='ocrx_word' id='word_1_151' title='bbox 1704 2074 1759 2126; x_wconf 86' lang='lat' dir='ltr'><strong>in</strong></span> <span class='ocrx_word' id='word_1_152' title='bbox 1778 2089 1893 2127; x_wconf 87' lang='lat' dir='ltr'><strong>om-</strong></span> 
     </span>
    </p>
   </div>
   <div class='ocr_carea' id='block_1_23' title="bbox 260 2160 1894 2234">
    <p class='ocr_par' dir='ltr' id='par_1_23' title="bbox 260 2160 1894 2234">
     <span class='ocr_line' id='line_1_23' title="bbox 260 2160 1894 2234; baseline 0.002 -21"><span class='ocrx_word' id='word_1_153' title='bbox 260 2161 412 2215; x_wconf 78' lang='lat' dir='ltr'><strong>nibus</strong></span> <span class='ocrx_word' id='word_1_154' title='bbox 429 2161 476 2230; x_wconf 93' lang='lat' dir='ltr'><strong>(I</strong></span> <span class='ocrx_word' id='word_1_155' title='bbox 503 2160 621 2215; x_wconf 84' lang='lat' dir='ltr'><strong>Cor.</strong></span> <span class='ocrx_word' id='word_1_156' title='bbox 653 2177 755 2228; x_wconf 83' lang='lat' dir='ltr'><strong>xu,</strong></span> <span class='ocrx_word' id='word_1_157' title='bbox 785 2160 864 2231; x_wconf 86' lang='lat'><strong>6):</strong></span> <span class='ocrx_word' id='word_1_158' title='bbox 896 2161 1041 2215; x_wconf 74' lang='grc'><strong>247</strong></span> <span class='ocrx_word' id='word_1_159' title='bbox 1079 2164 1145 2216; x_wconf 88' lang='lat' dir='ltr'><strong>ut</strong></span> <span class='ocrx_word' id='word_1_160' title='bbox 1162 2160 1239 2232; x_wconf 79' lang='grc' dir='ltr'><strong>(ἀ)</strong></span> <span class='ocrx_word' id='word_1_161' title='bbox 1257 2161 1315 2216; x_wconf 88' lang='lat' dir='ltr'><strong>in</strong></span> <span class='ocrx_word' id='word_1_162' title='bbox 1339 2160 1592 2234; x_wconf 86' lang='lat' dir='ltr'><strong>singulis</strong></span> <span class='ocrx_word' id='word_1_163' title='bbox 1622 2161 1894 2216; x_wconf 82' lang='lat' dir='ltr'><strong>ﬁdelibus</strong></span> 
     </span>
    </p>
   </div>
   <div class='ocr_carea' id='block_1_24' title="bbox 262 2249 1894 2323">
    <p class='ocr_par' dir='ltr' id='par_1_24' title="bbox 262 2249 1894 2323">
     <span class='ocr_line' id='line_1_24' title="bbox 262 2249 1894 2323; baseline 0.001 -19"><span class='ocrx_word' id='word_1_164' title='bbox 262 2266 358 2321; x_wconf 89' lang='lat' dir='ltr'><strong>per</strong></span> <span class='ocrx_word' id='word_1_165' title='bbox 382 2250 543 2304; x_wconf 63' lang='lat' dir='ltr'><strong>bona:</strong></span> <span class='ocrx_word' id='word_1_166' title='bbox 573 2249 1032 2304; x_wconf 85' lang='lat' dir='ltr'><strong>conversationis</strong></span> <span class='ocrx_word' id='word_1_167' title='bbox 1062 2249 1407 2321; x_wconf 83' lang='lat' dir='ltr'><strong>qualitatem</strong></span> <span class='ocrx_word' id='word_1_168' title='bbox 1436 2250 1631 2323; x_wconf 88' lang='lat' dir='ltr'><strong>ipsum</strong></span> <span class='ocrx_word' id='word_1_169' title='bbox 1665 2249 1894 2321; x_wconf 90' lang='lat' dir='ltr'><strong>piorum</strong></span> 
     </span>
    </p>
   </div>
   <div class='ocr_carea' id='block_1_25' title="bbox 262 2336 1897 2412">
    <p class='ocr_par' dir='ltr' id='par_1_25' title="bbox 262 2336 1897 2412">
     <span class='ocr_line' id='line_1_25' title="bbox 262 2336 1897 2412; baseline 0 -20"><span class='ocrx_word' id='word_1_170' title='bbox 262 2354 492 2410; x_wconf 87' lang='lat' dir='ltr'><strong>operum</strong></span> <span class='ocrx_word' id='word_1_171' title='bbox 523 2336 922 2412; x_wconf 80' lang='lat' dir='ltr'><strong>intelligamus</strong></span> <span class='ocrx_word' id='word_1_172' title='bbox 949 2342 1267 2409; x_wconf 87' lang='lat' dir='ltr'><strong>auctorem;</strong></span> <span class='ocrx_word' id='word_1_173' title='bbox 1294 2339 1513 2412; x_wconf 82' lang='lat' dir='ltr'><strong>gratias</strong></span> <span class='ocrx_word' id='word_1_174' title='bbox 1531 2343 1771 2410; x_wconf 79' lang='lat' dir='ltr'><strong>agentes</strong></span> <span class='ocrx_word' id='word_1_175' title='bbox 1791 2339 1897 2393; x_wconf 87' lang='lat' dir='ltr'><strong>mi-</strong></span> 
     </span>
    </p>
   </div>
   <div class='ocr_carea' id='block_1_26' title="bbox 265 2426 1898 2498">
    <p class='ocr_par' dir='ltr' id='par_1_26' title="bbox 265 2426 1898 2498">
     <span class='ocr_line' id='line_1_26' title="bbox 265 2426 1898 2498; baseline 0 -16"><span class='ocrx_word' id='word_1_176' title='bbox 265 2427 571 2483; x_wconf 70' lang='lat' dir='ltr'><strong>sericordiae</strong></span> <span class='ocrx_word' id='word_1_177' title='bbox 589 2426 705 2493; x_wconf 89' lang='lat' dir='ltr'><strong>Dei,</strong></span> <span class='ocrx_word' id='word_1_178' title='bbox 728 2426 1171 2498; x_wconf 83' lang='lat' dir='ltr'><strong>quiinnumeris</strong></span> <span class='ocrx_word' id='word_1_179' title='bbox 1189 2427 1613 2483; x_wconf 87' lang='lat' dir='ltr'><strong>charismatum</strong></span> <span class='ocrx_word' id='word_1_180' title='bbox 1632 2426 1898 2483; x_wconf 86' lang='lat' dir='ltr'><strong>donisita</strong></span> 
     </span>
    </p>
   </div>
   <div class='ocr_carea' id='block_1_27' title="bbox 272 2514 1896 2589">
    <p class='ocr_par' dir='ltr' id='par_1_27' title="bbox 272 2514 1896 2589">
     <span class='ocr_line' id='line_1_27' title="bbox 272 2514 1896 2589; baseline 0.001 -19"><span class='ocrx_word' id='word_1_181' title='bbox 272 2514 884 2571; x_wconf 68' lang='lat' dir='ltr'><strong>universum-Ecclesia:</strong></span> <span class='ocrx_word' id='word_1_182' title='bbox 915 2532 1127 2589; x_wconf 88' lang='lat' dir='ltr'><strong>corpus</strong></span> <span class='ocrx_word' id='word_1_183' title='bbox 1158 2521 1419 2583; x_wconf 85' lang='lat' dir='ltr'><strong>exornat,</strong></span> <span class='ocrx_word' id='word_1_184' title='bbox 1454 2520 1519 2571; x_wconf 88' lang='lat' dir='ltr'><strong>ut</strong></span> <span class='ocrx_word' id='word_1_185' title='bbox 1548 2533 1650 2589; x_wconf 89' lang='lat' dir='ltr'><strong>per</strong></span> <span class='ocrx_word' id='word_1_186' title='bbox 1678 2515 1896 2572; x_wconf 88' lang='lat' dir='ltr'><strong>multos</strong></span> 
     </span>
    </p>
   </div>
   <div class='ocr_carea' id='block_1_28' title="bbox 280 2603 1892 2678">
    <p class='ocr_par' dir='ltr' id='par_1_28' title="bbox 280 2603 1892 2678">
     <span class='ocr_line' id='line_1_28' title="bbox 280 2603 1892 2678; baseline 0 -19"><span class='ocrx_word' id='word_1_187' title='bbox 280 2603 679 2660; x_wconf 89' lang='lat' dir='ltr'><strong>uniusluminis</strong></span> <span class='ocrx_word' id='word_1_188' title='bbox 698 2604 892 2660; x_wconf 88' lang='lat' dir='ltr'><strong>radios</strong></span> <span class='ocrx_word' id='word_1_189' title='bbox 907 2604 1058 2660; x_wconf 91' lang='lat' dir='ltr'><strong>idem</strong></span> <span class='ocrx_word' id='word_1_190' title='bbox 1075 2605 1293 2677; x_wconf 90' lang='lat' dir='ltr'><strong>ubique</strong></span> <span class='ocrx_word' id='word_1_191' title='bbox 1306 2604 1583 2678; x_wconf 88' lang='lat' dir='ltr'><strong>splendor</strong></span> <span class='ocrx_word' id='word_1_192' title='bbox 1597 2609 1892 2678; x_wconf 87' lang='lat' dir='ltr'><strong>appareat,</strong></span> 
     </span>
    </p>
   </div>
   <div class='ocr_carea' id='block_1_29' title="bbox 285 2693 1893 2766">
    <p class='ocr_par' dir='ltr' id='par_1_29' title="bbox 285 2693 1893 2766">
     <span class='ocr_line' id='line_1_29' title="bbox 285 2693 1893 2766; baseline 0 -18"><span class='ocrx_word' id='word_1_193' title='bbox 285 2710 374 2748; x_wconf 86' lang='lat' dir='ltr'><strong>nec</strong></span> <span class='ocrx_word' id='word_1_194' title='bbox 385 2693 676 2766; x_wconf 88' lang='lat' dir='ltr'><strong>possitnisi</strong></span> <span class='ocrx_word' id='word_1_195' title='bbox 691 2693 1018 2766; x_wconf 86' lang='lat' dir='ltr'><strong>gloriaesse</strong></span> <span class='ocrx_word' id='word_1_196' title='bbox 1047 2693 1604 2765; x_wconf 89' lang='lat' dir='ltr'><strong>Christi,cujuslibet</strong></span> <span class='ocrx_word' id='word_1_197' title='bbox 1617 2693 1827 2749; x_wconf 89' lang='lat' dir='ltr'><strong>meritu</strong></span> <span class='ocrx_word' id='word_1_198' title='bbox 1839 2710 1893 2748; x_wconf 92' lang='lat' dir='ltr'><strong>m</strong></span> 
     </span>
    </p>
   </div>
   <div class='ocr_carea' id='block_1_30' title="bbox 288 2782 1895 2856">
    <p class='ocr_par' dir='ltr' id='par_1_30' title="bbox 288 2782 1895 2856">
     <span class='ocr_line' id='line_1_30' title="bbox 288 2782 1895 2856; baseline 0 -19"><span class='ocrx_word' id='word_1_199' title='bbox 288 2782 717 2839; x_wconf 85' lang='lat' dir='ltr'><strong>Christiani.Hoc</strong></span> <span class='ocrx_word' id='word_1_200' title='bbox 748 2786 836 2838; x_wconf 88' lang='lat' dir='ltr'><strong>est</strong></span> <span class='ocrx_word' id='word_1_201' title='bbox 852 2782 995 2838; x_wconf 88' lang='lat' dir='ltr'><strong>illud</strong></span> <span class='ocrx_word' id='word_1_202' title='bbox 1025 2782 1461 2851; x_wconf 87' lang='lat' dir='ltr'><strong>verumlumen,</strong></span> <span class='ocrx_word' id='word_1_203' title='bbox 1489 2783 1643 2856; x_wconf 91' lang='lat' dir='ltr'><strong>quod</strong></span> <span class='ocrx_word' id='word_1_204' title='bbox 1661 2799 1895 2838; x_wconf 87' lang='lat' dir='ltr'><strong>omnem</strong></span> 
     </span>
    </p>
   </div>
   <div class='ocr_carea' id='block_1_31' title="bbox 288 2871 1896 2944">
    <p class='ocr_par' dir='ltr' id='par_1_31' title="bbox 288 2871 1896 2944">
     <span class='ocr_line' id='line_1_31' title="bbox 288 2871 1896 2944; baseline 0.001 -19"><span class='ocrx_word' id='word_1_205' title='bbox 288 2871 546 2927; x_wconf 87' lang='lat' dir='ltr'><strong>hominem</strong></span> <span class='ocrx_word' id='word_1_206' title='bbox 574 2872 865 2943; x_wconf 83' lang='lat' dir='ltr'><strong>justiﬁcat</strong></span> <span class='ocrx_word' id='word_1_207' title='bbox 886 2877 943 2928; x_wconf 89' lang='lat' dir='ltr'><strong>et</strong></span> <span class='ocrx_word' id='word_1_208' title='bbox 958 2871 1359 2928; x_wconf 86' lang='lat' dir='ltr'><strong>illustrat.Hoc</strong></span> <span class='ocrx_word' id='word_1_209' title='bbox 1377 2876 1466 2928; x_wconf 88' lang='lat' dir='ltr'><strong>est</strong></span> <span class='ocrx_word' id='word_1_210' title='bbox 1495 2872 1647 2944; x_wconf 87' lang='lat' dir='ltr'><strong>quod</strong></span> <span class='ocrx_word' id='word_1_211' title='bbox 1665 2871 1896 2927; x_wconf 90' lang='lat' dir='ltr'><strong>eruitde</strong></span> 
     </span>
    </p>
   </div>
   <div class='ocr_carea' id='block_1_32' title="bbox 286 2959 1896 3034">
    <p class='ocr_par' dir='ltr' id='par_1_32' title="bbox 286 2959 1896 3034">
     <span class='ocr_line' id='line_1_32' title="bbox 286 2959 1896 3034; baseline 0 -19"><span class='ocrx_word' id='word_1_212' title='bbox 286 2963 538 3030; x_wconf 79' lang='lat' dir='ltr'><strong>potestate</strong></span> <span class='ocrx_word' id='word_1_213' title='bbox 564 2961 964 3028; x_wconf 84' lang='lat' dir='ltr'><strong>tenebrarum,</strong></span> <span class='ocrx_word' id='word_1_214' title='bbox 995 2965 1052 3017; x_wconf 90' lang='lat' dir='ltr'><strong>et</strong></span> <span class='ocrx_word' id='word_1_215' title='bbox 1080 2962 1362 3017; x_wconf 80' lang='lat' dir='ltr'><strong>transfert</strong></span> <span class='ocrx_word' id='word_1_216' title='bbox 1390 2962 1450 3016; x_wconf 90' lang='lat' dir='ltr'><strong>in</strong></span> <span class='ocrx_word' id='word_1_217' title='bbox 1479 2977 1725 3034; x_wconf 82' lang='lat' dir='ltr'><strong>regnum</strong></span> <span class='ocrx_word' id='word_1_218' title='bbox 1768 2959 1896 3016; x_wconf 87' lang='lat' dir='ltr'><strong>Filii</strong></span> 
     </span>
    </p>
   </div>
   <div class='ocr_carea' id='block_1_33' title="bbox 282 3047 1895 3123">
    <p class='ocr_par' dir='ltr' id='par_1_33' title="bbox 282 3047 1895 3123">
     <span class='ocr_line' id='line_1_33' title="bbox 282 3047 1895 3123; baseline 0.001 -20"><span class='ocrx_word' id='word_1_219' title='bbox 282 3047 370 3104; x_wconf 87' lang='lat' dir='ltr'><strong>Dei</strong></span> <span class='ocrx_word' id='word_1_220' title='bbox 398 3049 603 3121; x_wconf 86' lang='lat' dir='ltr'><strong>(Coloss.</strong></span> <span class='ocrx_word' id='word_1_221' title='bbox 637 3067 677 3120; x_wconf 79' lang='grc' dir='ltr'><strong>ι,</strong></span> <span class='ocrx_word' id='word_1_222' title='bbox 712 3050 823 3121; x_wconf 88' lang='grc'><strong>13).</strong></span> <span class='ocrx_word' id='word_1_223' title='bbox 856 3053 974 3106; x_wconf 86' lang='lat' dir='ltr'><strong>Hoc</strong></span> <span class='ocrx_word' id='word_1_224' title='bbox 1006 3054 1093 3106; x_wconf 88' lang='lat' dir='ltr'><strong>est</strong></span> <span class='ocrx_word' id='word_1_225' title='bbox 1121 3050 1275 3123; x_wconf 90' lang='lat' dir='ltr'><strong>quod</strong></span> <span class='ocrx_word' id='word_1_226' title='bbox 1307 3066 1411 3123; x_wconf 90' lang='lat' dir='ltr'><strong>per</strong></span> <span class='ocrx_word' id='word_1_227' title='bbox 1435 3049 1749 3106; x_wconf 88' lang='lat' dir='ltr'><strong>novitatem</strong></span> <span class='ocrx_word' id='word_1_228' title='bbox 1767 3049 1895 3104; x_wconf 59' lang='lat' dir='ltr'><strong>vitae</strong></span> 
     </span>
    </p>
   </div>
   <div class='ocr_carea' id='block_1_34' title="bbox 279 3137 1895 3212">
    <p class='ocr_par' dir='ltr' id='par_1_34' title="bbox 279 3137 1895 3212">
     <span class='ocr_line' id='line_1_34' title="bbox 279 3137 1895 3212; baseline 0 -20"><span class='ocrx_word' id='word_1_229' title='bbox 279 3137 540 3195; x_wconf 87' lang='lat' dir='ltr'><strong>desideria</strong></span> <span class='ocrx_word' id='word_1_230' title='bbox 567 3139 776 3195; x_wconf 64' lang='lat' dir='ltr'><strong>animae</strong></span> <span class='ocrx_word' id='word_1_231' title='bbox 794 3138 1078 3212; x_wconf 82' lang='lat' dir='ltr'><strong>provehit,</strong></span> <span class='ocrx_word' id='word_1_232' title='bbox 1102 3144 1159 3196; x_wconf 89' lang='lat' dir='ltr'><strong>et</strong></span> <span class='ocrx_word' id='word_1_233' title='bbox 1179 3138 1685 3211; x_wconf 86' lang='lat' dir='ltr'><strong>concupiscentias</strong></span> <span class='ocrx_word' id='word_1_234' title='bbox 1701 3137 1895 3193; x_wconf 89' lang='lat' dir='ltr'><strong>carnis</strong></span> 
     </span>
    </p>
   </div>
   <div class='ocr_carea' id='block_1_35' title="bbox 274 3210 1966 3301">
    <p class='ocr_par' dir='ltr' id='par_1_35' title="bbox 274 3210 1966 3301">
     <span class='ocr_line' id='line_1_35' title="bbox 274 3210 1966 3301; baseline -0.001 -20"><span class='ocrx_word' id='word_1_235' title='bbox 274 3227 586 3301; x_wconf 80' lang='lat' dir='ltr'><strong>exstinguit.</strong></span> <span class='ocrx_word' id='word_1_236' title='bbox 618 3228 740 3284; x_wconf 89' lang='lat' dir='ltr'><strong>Hoc</strong></span> <span class='ocrx_word' id='word_1_237' title='bbox 769 3210 859 3284; x_wconf 78' lang='lat' dir='ltr'><strong>est</strong></span> <span class='ocrx_word' id='word_1_238' title='bbox 889 3228 960 3300; x_wconf 83' lang='lat' dir='ltr'><strong>(e)</strong></span> <span class='ocrx_word' id='word_1_239' title='bbox 982 3210 1573 3300; x_wconf 83' lang='lat' dir='ltr'><strong>quoPaschaDomini</strong></span> <span class='ocrx_word' id='word_1_240' title='bbox 1596 3228 1653 3282; x_wconf 89' lang='lat' dir='ltr'><strong>in</strong></span> <span class='ocrx_word' id='word_1_241' title='bbox 1674 3227 1893 3300; x_wconf 81' lang='lat' dir='ltr'><strong>azymis</strong></span> <span class='ocrx_word' id='word_1_242' title='bbox 1922 3210 1966 3277; x_wconf 85' lang='lat' dir='ltr'><strong>C</strong></span> 
     </span>
    </p>
   </div>
   <div class='ocr_carea' id='block_1_36' title="bbox 270 3315 1888 3395">
    <p class='ocr_par' dir='ltr' id='par_1_36' title="bbox 270 3315 1888 3395">
     <span class='ocr_line' id='line_1_36' title="bbox 270 3315 1888 3395; baseline 0.002 -27"><span class='ocrx_word' id='word_1_243' title='bbox 270 3315 601 3374; x_wconf 86' lang='lat' dir='ltr'><strong>sinceritatis</strong></span> <span class='ocrx_word' id='word_1_244' title='bbox 634 3322 691 3373; x_wconf 90' lang='lat' dir='ltr'><strong>et</strong></span> <span class='ocrx_word' id='word_1_245' title='bbox 706 3317 968 3373; x_wconf 88' lang='lat' dir='ltr'><strong>veritatis</strong></span> <span class='ocrx_word' id='word_1_246' title='bbox 995 3317 1249 3391; x_wconf 87' lang='lat' dir='ltr'><strong>legitime</strong></span> <span class='ocrx_word' id='word_1_247' title='bbox 1271 3318 1598 3395; x_wconf 78' lang='lat' dir='ltr'><strong>celebratur</strong></span> <span class='ocrx_word' id='word_1_248' title='bbox 1623 3318 1668 3382; x_wconf 93' lang='lat' dir='ltr'><strong>(I</strong></span> <span class='ocrx_word' id='word_1_249' title='bbox 1686 3317 1804 3372; x_wconf 90' lang='lat' dir='ltr'><strong>Cor.</strong></span> <span class='ocrx_word' id='word_1_250' title='bbox 1832 3333 1888 3384; x_wconf 88' lang='lat' dir='ltr'><strong>v,</strong></span> 
     </span>
    </p>
   </div>
   <div class='ocr_carea' id='block_1_37' title="bbox 267 3404 1894 3479">
    <p class='ocr_par' dir='ltr' id='par_1_37' title="bbox 267 3404 1894 3479">
     <span class='ocr_line' id='line_1_37' title="bbox 267 3404 1894 3479; baseline 0.002 -23"><span class='ocrx_word' id='word_1_251' title='bbox 267 3404 340 3472; x_wconf 84' lang='lat'><strong>8):</strong></span> <span class='ocrx_word' id='word_1_252' title='bbox 370 3407 499 3463; x_wconf 90' lang='lat' dir='ltr'><strong>dum</strong></span> <span class='ocrx_word' id='word_1_253' title='bbox 544 3408 832 3463; x_wconf 85' lang='lat' dir='ltr'><strong>fermento</strong></span> <span class='ocrx_word' id='word_1_254' title='bbox 888 3407 1095 3463; x_wconf 85' lang='lat' dir='ltr'><strong>veteris</strong></span> <span class='ocrx_word' id='word_1_255' title='bbox 1152 3406 1389 3462; x_wconf 68' lang='lat' dir='ltr'><strong>malitiae</strong></span> <span class='ocrx_word' id='word_1_256' title='bbox 1437 3408 1685 3479; x_wconf 87' lang='lat' dir='ltr'><strong>abjecto,</strong></span> <span class='ocrx_word' id='word_1_257' title='bbox 1744 3423 1894 3461; x_wconf 86' lang='lat' dir='ltr'><strong>nova</strong></span> 
     </span>
    </p>
   </div>
   <div class='ocr_carea' id='block_1_38' title="bbox 265 3494 1891 3569">
    <p class='ocr_par' dir='ltr' id='par_1_38' title="bbox 265 3494 1891 3569">
     <span class='ocr_line' id='line_1_38' title="bbox 265 3494 1891 3569; baseline 0.001 -21"><span class='ocrx_word' id='word_1_258' title='bbox 265 3499 512 3551; x_wconf 87' lang='lat' dir='ltr'><strong>creatura</strong></span> <span class='ocrx_word' id='word_1_259' title='bbox 540 3496 611 3551; x_wconf 82' lang='lat' dir='ltr'><strong>de</strong></span> <span class='ocrx_word' id='word_1_260' title='bbox 627 3495 758 3568; x_wconf 91' lang='lat' dir='ltr'><strong>ipso</strong></span> <span class='ocrx_word' id='word_1_261' title='bbox 776 3496 1023 3552; x_wconf 88' lang='lat' dir='ltr'><strong>Domino</strong></span> <span class='ocrx_word' id='word_1_262' title='bbox 1050 3496 1370 3553; x_wconf 88' lang='lat' dir='ltr'><strong>inebriatur</strong></span> <span class='ocrx_word' id='word_1_263' title='bbox 1384 3500 1439 3551; x_wconf 87' lang='lat' dir='ltr'><strong>et</strong></span> <span class='ocrx_word' id='word_1_264' title='bbox 1469 3494 1746 3569; x_wconf 88' lang='lat' dir='ltr'><strong>pascitur.</strong></span> <span class='ocrx_word' id='word_1_265' title='bbox 1765 3495 1891 3550; x_wconf 90' lang='lat' dir='ltr'><strong>Non</strong></span> 
     </span>
    </p>
   </div>
   <div class='ocr_carea' id='block_1_39' title="bbox 265 3583 1892 3658">
    <p class='ocr_par' dir='ltr' id='par_1_39' title="bbox 265 3583 1892 3658">
     <span class='ocr_line' id='line_1_39' title="bbox 265 3583 1892 3658; baseline 0.003 -23"><span class='ocrx_word' id='word_1_266' title='bbox 265 3583 412 3638; x_wconf 89' lang='lat' dir='ltr'><strong>enim</strong></span> <span class='ocrx_word' id='word_1_267' title='bbox 442 3584 592 3641; x_wconf 88' lang='lat' dir='ltr'><strong>aliud</strong></span> <span class='ocrx_word' id='word_1_268' title='bbox 626 3584 752 3658; x_wconf 88' lang='lat' dir='ltr'><strong>agit</strong></span> <span class='ocrx_word' id='word_1_269' title='bbox 781 3584 1148 3658; x_wconf 85' lang='lat' dir='ltr'><strong>participatio</strong></span> <span class='ocrx_word' id='word_1_270' title='bbox 1192 3585 1452 3658; x_wconf 88' lang='lat' dir='ltr'><strong>corporis</strong></span> <span class='ocrx_word' id='word_1_271' title='bbox 1499 3589 1556 3641; x_wconf 88' lang='lat' dir='ltr'><strong>et</strong></span> <span class='ocrx_word' id='word_1_272' title='bbox 1585 3584 1892 3657; x_wconf 88' lang='lat' dir='ltr'><strong>sanguinis</strong></span> 
     </span>
    </p>
   </div>
   <div class='ocr_carea' id='block_1_40' title="bbox 261 3669 1895 3746">
    <p class='ocr_par' dir='ltr' id='par_1_40' title="bbox 261 3669 1895 3746">
     <span class='ocr_line' id='line_1_40' title="bbox 261 3669 1895 3746; baseline 0.002 -21"><span class='ocrx_word' id='word_1_273' title='bbox 261 3669 665 3746; x_wconf 84' lang='lat' dir='ltr'><strong>Christi,quam</strong></span> <span class='ocrx_word' id='word_1_274' title='bbox 686 3678 750 3729; x_wconf 88' lang='lat' dir='ltr'><strong>ut</strong></span> <span class='ocrx_word' id='word_1_275' title='bbox 771 3673 829 3727; x_wconf 89' lang='lat' dir='ltr'><strong>in</strong></span> <span class='ocrx_word' id='word_1_276' title='bbox 862 3673 918 3728; x_wconf 90' lang='lat' dir='ltr'><strong>id</strong></span> <span class='ocrx_word' id='word_1_277' title='bbox 938 3674 1088 3746; x_wconf 87' lang='lat' dir='ltr'><strong>quod</strong></span> <span class='ocrx_word' id='word_1_278' title='bbox 1109 3671 1405 3729; x_wconf 84' lang='lat' dir='ltr'><strong>sumimus</strong></span> <span class='ocrx_word' id='word_1_279' title='bbox 1426 3678 1817 3730; x_wconf 87' lang='lat' dir='ltr'><strong>transeamus:</strong></span> <span class='ocrx_word' id='word_1_280' title='bbox 1838 3675 1895 3729; x_wconf 91' lang='lat' dir='ltr'><strong>et</strong></span> 
     </span>
    </p>
   </div>
   <div class='ocr_carea' id='block_1_41' title="bbox 259 3757 1891 3834">
    <p class='ocr_par' dir='ltr' id='par_1_41' title="bbox 259 3757 1891 3834">
     <span class='ocr_line' id='line_1_41' title="bbox 259 3757 1891 3834; baseline 0.002 -22"><span class='ocrx_word' id='word_1_281' title='bbox 259 3757 321 3814; x_wconf 90' lang='lat' dir='ltr'><strong>in</strong></span> <span class='ocrx_word' id='word_1_282' title='bbox 352 3777 458 3832; x_wconf 89' lang='lat' dir='ltr'><strong>quo</strong></span> <span class='ocrx_word' id='word_1_283' title='bbox 486 3763 860 3829; x_wconf 88' lang='lat' dir='ltr'><strong>commortui,</strong></span> <span class='ocrx_word' id='word_1_284' title='bbox 892 3766 950 3817; x_wconf 89' lang='lat' dir='ltr'><strong>et</strong></span> <span class='ocrx_word' id='word_1_285' title='bbox 978 3761 1326 3834; x_wconf 89' lang='lat' dir='ltr'><strong>consepulti,</strong></span> <span class='ocrx_word' id='word_1_286' title='bbox 1359 3766 1417 3817; x_wconf 90' lang='lat' dir='ltr'><strong>et</strong></span> <span class='ocrx_word' id='word_1_287' title='bbox 1447 3761 1891 3818; x_wconf 87' lang='lat' dir='ltr'><strong>conresuscitati</strong></span> 
     </span>
    </p>
   </div>
   <div class='ocr_carea' id='block_1_42' title="bbox 258 3851 1889 3924">
    <p class='ocr_par' dir='ltr' id='par_1_42' title="bbox 258 3851 1889 3924">
     <span class='ocr_line' id='line_1_42' title="bbox 258 3851 1889 3924; baseline 0.003 -23"><span class='ocrx_word' id='word_1_288' title='bbox 258 3863 476 3918; x_wconf 87' lang='lat' dir='ltr'><strong>sumus,</strong></span> <span class='ocrx_word' id='word_1_289' title='bbox 493 3852 685 3924; x_wconf 91' lang='lat' dir='ltr'><strong>ipsum</strong></span> <span class='ocrx_word' id='word_1_290' title='bbox 705 3869 809 3924; x_wconf 89' lang='lat' dir='ltr'><strong>per</strong></span> <span class='ocrx_word' id='word_1_291' title='bbox 819 3851 1016 3907; x_wconf 90' lang='lat' dir='ltr'><strong>omnia</strong></span> <span class='ocrx_word' id='word_1_292' title='bbox 1027 3855 1084 3907; x_wconf 89' lang='lat' dir='ltr'><strong>et</strong></span> <span class='ocrx_word' id='word_1_293' title='bbox 1097 3851 1305 3922; x_wconf 88' lang='lat' dir='ltr'><strong>spiritu</strong></span> <span class='ocrx_word' id='word_1_294' title='bbox 1319 3855 1889 3924; x_wconf 89' lang='lat' dir='ltr'><strong>etcarnegestemus,</strong></span> 
     </span>
    </p>
   </div>
   <div class='ocr_carea' id='block_1_43' title="bbox 255 3935 1894 4013">
    <p class='ocr_par' dir='ltr' id='par_1_43' title="bbox 255 3935 1894 4013">
     <span class='ocr_line' id='line_1_43' title="bbox 255 3935 1894 4013; baseline 0.003 -23"><span class='ocrx_word' id='word_1_295' title='bbox 255 3935 473 3995; x_wconf 80' lang='lat' dir='ltr'><strong>dicente</strong></span> <span class='ocrx_word' id='word_1_296' title='bbox 498 3939 776 4013; x_wconf 86' lang='lat' dir='ltr'><strong>Apostolo</strong></span> <span class='ocrx_word' id='word_1_297' title='bbox 802 3958 815 3995; x_wconf 91' lang='lat'><strong>:</strong></span> <span class='ocrx_word' id='word_1_298' title='bbox 846 3940 1048 3995; x_wconf 64' lang='lat' dir='ltr'><strong>Mor-tui</strong></span> <span class='ocrx_word' id='word_1_299' title='bbox 1102 3942 1249 3996; x_wconf 79' lang='lat' dir='ltr'><strong>enim</strong></span> <span class='ocrx_word' id='word_1_300' title='bbox 1273 3946 1420 4009; x_wconf 76' lang='lat' dir='ltr'><strong>estis,</strong></span> <span class='ocrx_word' id='word_1_301' title='bbox 1469 3944 1518 3997; x_wconf 78' lang='lat' dir='ltr'><strong>et</strong></span> <span class='ocrx_word' id='word_1_302' title='bbox 1550 3941 1661 3996; x_wconf 81' lang='lat' dir='ltr'><strong>vita</strong></span> <span class='ocrx_word' id='word_1_303' title='bbox 1715 3948 1894 3995; x_wconf 80' lang='lat' dir='ltr'><strong>vestra</strong></span> 
     </span>
    </p>
   </div>
   <div class='ocr_carea' id='block_1_44' title="bbox 254 4025 1892 4086">
    <p class='ocr_par' dir='ltr' id='par_1_44' title="bbox 254 4025 1892 4086">
     <span class='ocr_line' id='line_1_44' title="bbox 254 4025 1892 4086; baseline 0.004 -8"><span class='ocrx_word' id='word_1_304' title='bbox 254 4025 558 4084; x_wconf 80' lang='lat' dir='ltr'><strong>abscondita</strong></span> <span class='ocrx_word' id='word_1_305' title='bbox 588 4037 666 4085; x_wconf 79' lang='lat' dir='ltr'><strong>est</strong></span> <span class='ocrx_word' id='word_1_306' title='bbox 683 4045 808 4084; x_wconf 83' lang='lat' dir='ltr'><strong>cum</strong></span> <span class='ocrx_word' id='word_1_307' title='bbox 836 4029 1048 4085; x_wconf 79' lang='lat' dir='ltr'><strong>Christo</strong></span> <span class='ocrx_word' id='word_1_308' title='bbox 1080 4030 1137 4084; x_wconf 91' lang='lat' dir='ltr'><strong>in</strong></span> <span class='ocrx_word' id='word_1_309' title='bbox 1153 4030 1275 4085; x_wconf 85' lang='lat' dir='ltr'><strong>Deo.</strong></span> <span class='ocrx_word' id='word_1_310' title='bbox 1313 4029 1447 4084; x_wconf 82' lang='lat' dir='ltr'><strong>Cum</strong></span> <span class='ocrx_word' id='word_1_311' title='bbox 1468 4031 1615 4084; x_wconf 80' lang='lat' dir='ltr'><strong>enim</strong></span> <span class='ocrx_word' id='word_1_312' title='bbox 1644 4028 1892 4086; x_wconf 80' lang='lat' dir='ltr'><strong>Christus</strong></span> 
     </span>
    </p>
   </div>
   <div class='ocr_carea' id='block_1_45' title="bbox 254 4118 1892 4190">
    <p class='ocr_par' dir='ltr' id='par_1_45' title="bbox 254 4118 1892 4190">
     <span class='ocr_line' id='line_1_45' title="bbox 254 4118 1892 4190; baseline 0.003 -22"><span class='ocrx_word' id='word_1_313' title='bbox 254 4121 575 4186; x_wconf 77' lang='lat' dir='ltr'><strong>apparuerit</strong></span> <span class='ocrx_word' id='word_1_314' title='bbox 591 4121 706 4175; x_wconf 85' lang='lat' dir='ltr'><strong>vita</strong></span> <span class='ocrx_word' id='word_1_315' title='bbox 731 4123 930 4184; x_wconf 84' lang='lat' dir='ltr'><strong>vestra,</strong></span> <span class='ocrx_word' id='word_1_316' title='bbox 955 4122 1149 4174; x_wconf 84' lang='lat' dir='ltr'><strong>tuncet</strong></span> <span class='ocrx_word' id='word_1_317' title='bbox 1165 4134 1254 4174; x_wconf 84' lang='lat' dir='ltr'><strong>vos</strong></span> <span class='ocrx_word' id='word_1_318' title='bbox 1273 4118 1612 4190; x_wconf 79' lang='lat' dir='ltr'><strong>apparebitis</strong></span> <span class='ocrx_word' id='word_1_319' title='bbox 1631 4135 1756 4174; x_wconf 84' lang='lat' dir='ltr'><strong>cum</strong></span> <span class='ocrx_word' id='word_1_320' title='bbox 1777 4120 1892 4190; x_wconf 82' lang='lat' dir='ltr'><strong>ipso</strong></span> 
     </span>
    </p>
   </div>
   <div class='ocr_carea' id='block_1_46' title="bbox 253 4202 1890 4280">
    <p class='ocr_par' dir='ltr' id='par_1_46' title="bbox 253 4202 1890 4280">
     <span class='ocr_line' id='line_1_46' title="bbox 253 4202 1890 4280; baseline 0.005 -25"><span class='ocrx_word' id='word_1_321' title='bbox 253 4202 318 4255; x_wconf 77' lang='lat' dir='ltr'><strong>in</strong></span> <span class='ocrx_word' id='word_1_322' title='bbox 353 4205 509 4274; x_wconf 80' lang='lat' dir='ltr'><strong>gloria</strong></span> <span class='ocrx_word' id='word_1_323' title='bbox 538 4207 760 4279; x_wconf 81' lang='lat' dir='ltr'><strong>(Coloss.</strong></span> <span class='ocrx_word' id='word_1_324' title='bbox 789 4224 872 4276; x_wconf 82' lang='lat' dir='ltr'><strong>IlI,</strong></span> <span class='ocrx_word' id='word_1_325' title='bbox 902 4208 958 4275; x_wconf 88' lang='lat'><strong>3,</strong></span> <span class='ocrx_word' id='word_1_326' title='bbox 991 4208 1045 4278; x_wconf 87' lang='grc'><strong>4)</strong></span> <span class='ocrx_word' id='word_1_327' title='bbox 1072 4225 1085 4263; x_wconf 89' lang='lat'><strong>:</strong></span> <span class='ocrx_word' id='word_1_328' title='bbox 1117 4207 1218 4280; x_wconf 89' lang='lat' dir='ltr'><strong>qui</strong></span> <span class='ocrx_word' id='word_1_329' title='bbox 1246 4224 1379 4263; x_wconf 89' lang='lat' dir='ltr'><strong>cum</strong></span> <span class='ocrx_word' id='word_1_330' title='bbox 1410 4208 1575 4263; x_wconf 88' lang='lat' dir='ltr'><strong>Patre</strong></span> <span class='ocrx_word' id='word_1_331' title='bbox 1597 4211 1654 4263; x_wconf 93' lang='lat' dir='ltr'><strong>et</strong></span> <span class='ocrx_word' id='word_1_332' title='bbox 1687 4214 1890 4263; x_wconf 90' lang='lat' dir='ltr'><strong>sancto</strong></span> 
     </span>
    </p>
   </div>
   <div class='ocr_carea' id='block_1_47' title="bbox 252 4288 1887 4369">
    <p class='ocr_par' dir='ltr' id='par_1_47' title="bbox 252 4288 1887 4369">
     <span class='ocr_line' id='line_1_47' title="bbox 252 4288 1887 4369; baseline 0.006 -26"><span class='ocrx_word' id='word_1_333' title='bbox 252 4288 469 4362; x_wconf 83' lang='lat' dir='ltr'><strong>Spiritu</strong></span> <span class='ocrx_word' id='word_1_334' title='bbox 496 4294 629 4351; x_wconf 86' lang='lat' dir='ltr'><strong>vivit</strong></span> <span class='ocrx_word' id='word_1_335' title='bbox 655 4299 713 4352; x_wconf 87' lang='lat' dir='ltr'><strong>et</strong></span> <span class='ocrx_word' id='word_1_336' title='bbox 744 4299 949 4369; x_wconf 86' lang='lat' dir='ltr'><strong>regnat</strong></span> <span class='ocrx_word' id='word_1_337' title='bbox 978 4296 1036 4351; x_wconf 91' lang='lat' dir='ltr'><strong>in</strong></span> <span class='ocrx_word' id='word_1_338' title='bbox 1060 4295 1275 4352; x_wconf 73' lang='lat' dir='ltr'><strong>saecula</strong></span> <span class='ocrx_word' id='word_1_339' title='bbox 1295 4294 1662 4353; x_wconf 72' lang='lat' dir='ltr'><strong>saeculorum.</strong></span> <span class='ocrx_word' id='word_1_340' title='bbox 1681 4299 1887 4352; x_wconf 89' lang='lat' dir='ltr'><strong>Amen.</strong></span> 
     </span>
    </p>
   </div>
   <div class='ocr_carea' id='block_1_48' title="bbox 667 4437 1459 4512">
    <p class='ocr_par' dir='ltr' id='par_1_48' title="bbox 667 4437 1459 4512">
     <span class='ocr_line' id='line_1_48' title="bbox 667 4437 1459 4512; baseline 0.003 -19"><span class='ocrx_word' id='word_1_341' title='bbox 667 4437 913 4494; x_wconf 81' lang='lat' dir='ltr'><strong>SDRMO</strong></span> <span class='ocrx_word' id='word_1_342' title='bbox 955 4438 1120 4494; x_wconf 88' lang='lat' dir='ltr'><strong>LXIV</strong></span> <span class='ocrx_word' id='word_1_343' title='bbox 1159 4439 1266 4512; x_wconf 82' lang='grc' dir='ltr'><strong>[Αι.</strong></span> <span class='ocrx_word' id='word_1_344' title='bbox 1300 4439 1459 4511; x_wconf 84' lang='lat' dir='ltr'><strong>LXI].</strong></span> 
     </span>
    </p>
   </div>
   <div class='ocr_carea' id='block_1_49' title="bbox 360 4523 1784 4596">
    <p class='ocr_par' dir='ltr' id='par_1_49' title="bbox 360 4523 1784 4596">
     <span class='ocr_line' id='line_1_49' title="bbox 360 4523 1784 4596; baseline 0.007 -21"><span class='ocrx_word' id='word_1_345' title='bbox 360 4523 424 4578; x_wconf 82' lang='lat' dir='ltr'><strong>De</strong></span> <span class='ocrx_word' id='word_1_346' title='bbox 445 4530 687 4596; x_wconf 77' lang='lat' dir='ltr'><strong>passione</strong></span> <span class='ocrx_word' id='word_1_347' title='bbox 713 4529 938 4583; x_wconf 86' lang='lat' dir='ltr'><strong>Domini</strong></span> <span class='ocrx_word' id='word_1_348' title='bbox 964 4527 1097 4589; x_wconf 85' lang='lat' dir='ltr'><strong><em>XIII;</em></strong></span> <span class='ocrx_word' id='word_1_349' title='bbox 1128 4528 1348 4584; x_wconf 82' lang='lat' dir='ltr'><strong>habitus</strong></span> <span class='ocrx_word' id='word_1_350' title='bbox 1376 4529 1466 4584; x_wconf 86' lang='lat' dir='ltr'><strong>die</strong></span> <span class='ocrx_word' id='word_1_351' title='bbox 1493 4528 1784 4586; x_wconf 85' lang='lat' dir='ltr'><strong>dominico.</strong></span> 
     </span>
    </p>
   </div>
   <div class='ocr_carea' id='block_1_50' title="bbox 245 4625 1882 4706">
    <p class='ocr_par' dir='ltr' id='par_1_50' title="bbox 245 4625 1882 4706">
     <span class='ocr_line' id='line_1_50' title="bbox 245 4625 1882 4706; baseline 0.009 -27"><span class='ocrx_word' id='word_1_352' title='bbox 245 4625 540 4706; x_wconf 74' lang='lat' dir='ltr'><strong>vaorsis.</strong></span> <span class='ocrx_word' id='word_1_353' title='bbox 574 4665 641 4674; x_wconf 91' lang='lat'><strong>——</strong></span> <span class='ocrx_word' id='word_1_354' title='bbox 674 4635 717 4690; x_wconf 90' lang='grc' dir='ltr'><strong>Ι.</strong></span> <span class='ocrx_word' id='word_1_355' title='bbox 751 4634 960 4689; x_wconf 78' lang='lat' dir='ltr'><strong>Attente</strong></span> <span class='ocrx_word' id='word_1_356' title='bbox 986 4636 1454 4706; x_wconf 81' lang='lat' dir='ltr'><strong>contemplandum</strong></span> <span class='ocrx_word' id='word_1_357' title='bbox 1501 4653 1612 4693; x_wconf 83' lang='lat' dir='ltr'><strong>esse</strong></span> <span class='ocrx_word' id='word_1_358' title='bbox 1659 4640 1882 4695; x_wconf 84' lang='lat' dir='ltr'><strong>Domini</strong></span> 
     </span>
    </p>
   </div>
   <div class='ocr_carea' id='block_1_51' title="bbox 320 4704 1879 4779">
    <p class='ocr_par' dir='ltr' id='par_1_51' title="bbox 320 4704 1879 4779">
     <span class='ocr_line' id='line_1_51' title="bbox 320 4704 1879 4779; baseline 0.006 -23"><span class='ocrx_word' id='word_1_359' title='bbox 320 4704 633 4779; x_wconf 66' lang='lat' dir='ltr'><strong>passionem,</strong></span> <span class='ocrx_word' id='word_1_360' title='bbox 666 4707 823 4779; x_wconf 75' lang='lat' dir='ltr'><strong>cujus</strong></span> <span class='ocrx_word' id='word_1_361' title='bbox 850 4707 984 4776; x_wconf 81' lang='lat' dir='ltr'><strong>ﬁdes</strong></span> <span class='ocrx_word' id='word_1_362' title='bbox 1012 4724 1082 4761; x_wconf 67' lang='lat' dir='ltr'><strong>ea:</strong></span> <span class='ocrx_word' id='word_1_363' title='bbox 1108 4704 1213 4776; x_wconf 72' lang='lat' dir='ltr'><strong>ﬁde</strong></span> <span class='ocrx_word' id='word_1_364' title='bbox 1235 4708 1434 4779; x_wconf 75' lang='lat' dir='ltr'><strong>pendet</strong></span> <span class='ocrx_word' id='word_1_365' title='bbox 1462 4709 1879 4766; x_wconf 78' lang='lat' dir='ltr'><strong>incarnationis.</strong></span> 
     </span>
    </p>
   </div>
   <div class='ocr_carea' id='block_1_52' title="bbox 326 4776 1884 4850">
    <p class='ocr_par' dir='ltr' id='par_1_52' title="bbox 326 4776 1884 4850">
     <span class='ocr_line' id='line_1_52' title="bbox 326 4776 1884 4850; baseline 0.006 -22"><span class='ocrx_word' id='word_1_366' title='bbox 326 4801 391 4811; x_wconf 81' lang='lat'><strong>—</strong></span> <span class='ocrx_word' id='word_1_367' title='bbox 422 4778 488 4850; x_wconf 87' lang='lat' dir='ltr'><strong>ll.</strong></span> <span class='ocrx_word' id='word_1_368' title='bbox 517 4776 625 4831; x_wconf 86' lang='lat' dir='ltr'><strong>Cur</strong></span> <span class='ocrx_word' id='word_1_369' title='bbox 652 4778 825 4846; x_wconf 84' lang='lat' dir='ltr'><strong>ﬁlius,</strong></span> <span class='ocrx_word' id='word_1_370' title='bbox 860 4779 958 4849; x_wconf 84' lang='lat' dir='ltr'><strong>qui</strong></span> <span class='ocrx_word' id='word_1_371' title='bbox 980 4779 1209 4850; x_wconf 72' lang='lat' dir='ltr'><strong>aequalis</strong></span> <span class='ocrx_word' id='word_1_372' title='bbox 1229 4776 1302 4833; x_wconf 68' lang='lat' dir='ltr'><strong>est.</strong></span> <span class='ocrx_word' id='word_1_373' title='bbox 1332 4781 1508 4847; x_wconf 85' lang='lat' dir='ltr'><strong>Patri,</strong></span> <span class='ocrx_word' id='word_1_374' title='bbox 1532 4784 1580 4835; x_wconf 83' lang='lat' dir='ltr'><strong>et</strong></span> <span class='ocrx_word' id='word_1_375' title='bbox 1600 4781 1745 4836; x_wconf 80' lang='lat' dir='ltr'><strong>solus</strong></span> <span class='ocrx_word' id='word_1_376' title='bbox 1766 4784 1884 4838; x_wconf 84' lang='lat' dir='ltr'><strong>sine</strong></span> 
     </span>
    </p>
   </div>
   <div class='ocr_carea' id='block_1_53' title="bbox 320 4849 1877 4921">
    <p class='ocr_par' dir='ltr' id='par_1_53' title="bbox 320 4849 1877 4921">
     <span class='ocr_line' id='line_1_53' title="bbox 320 4849 1877 4921; baseline 0.008 -24"><span class='ocrx_word' id='word_1_377' title='bbox 320 4849 541 4921; x_wconf 55' lang='lat' dir='ltr'><strong>peccato,</strong></span> <span class='ocrx_word' id='word_1_378' title='bbox 572 4850 644 4904; x_wconf 83' lang='lat' dir='ltr'><strong>sit</strong></span> <span class='ocrx_word' id='word_1_379' title='bbox 670 4850 1014 4917; x_wconf 78' lang='lat' dir='ltr'><strong>incarnatus,</strong></span> <span class='ocrx_word' id='word_1_380' title='bbox 1043 4849 1096 4905; x_wconf 80' lang='lat' dir='ltr'><strong>ct</strong></span> <span class='ocrx_word' id='word_1_381' title='bbox 1124 4865 1233 4903; x_wconf 87' lang='lat' dir='ltr'><strong>non</strong></span> <span class='ocrx_word' id='word_1_382' title='bbox 1265 4851 1381 4904; x_wconf 86' lang='lat' dir='ltr'><strong>alia</strong></span> <span class='ocrx_word' id='word_1_383' title='bbox 1404 4855 1675 4921; x_wconf 82' lang='lat' dir='ltr'><strong>persona?</strong></span> <span class='ocrx_word' id='word_1_384' title='bbox 1693 4884 1760 4893; x_wconf 91' lang='lat'><strong>-—</strong></span> <span class='ocrx_word' id='word_1_385' title='bbox 1784 4854 1877 4910; x_wconf 87' lang='lat' dir='ltr'><strong>III.</strong></span> 
     </span>
    </p>
   </div>
   <div class='ocr_carea' id='block_1_54' title="bbox 329 4912 1884 4993">
    <p class='ocr_par' dir='ltr' id='par_1_54' title="bbox 329 4912 1884 4993">
     <span class='ocr_line' id='line_1_54' title="bbox 329 4912 1884 4993; baseline 0.007 -23"><span class='ocrx_word' id='word_1_386' title='bbox 329 4912 534 4980; x_wconf 81' lang='lat' dir='ltr'><strong>Quanti</strong></span> <span class='ocrx_word' id='word_1_387' title='bbox 560 4922 672 4975; x_wconf 81' lang='lat' dir='ltr'><strong>sint</strong></span> <span class='ocrx_word' id='word_1_388' title='bbox 715 4922 887 4991; x_wconf 75' lang='lat' dir='ltr'><strong>pretii</strong></span> <span class='ocrx_word' id='word_1_389' title='bbox 940 4912 1086 4976; x_wconf 84' lang='lat' dir='ltr'><strong>mors</strong></span> <span class='ocrx_word' id='word_1_390' title='bbox 1114 4925 1166 4977; x_wconf 82' lang='lat' dir='ltr'><strong>et</strong></span> <span class='ocrx_word' id='word_1_391' title='bbox 1207 4912 1541 4993; x_wconf 72' lang='lat' dir='ltr'><strong>sacriﬁcium</strong></span> <span class='ocrx_word' id='word_1_392' title='bbox 1591 4922 1793 4979; x_wconf 86' lang='lat' dir='ltr'><strong>Christi</strong></span> <span class='ocrx_word' id='word_1_393' title='bbox 1824 4928 1884 4981; x_wconf 88' lang='lat' dir='ltr'><strong>in</strong></span> 
     </span>
    </p>
   </div>
   <div class='ocr_carea' id='block_1_55' title="bbox 325 5036 1880 5117">
    <p class='ocr_par' dir='ltr' id='par_1_55' title="bbox 325 5036 1880 5117">
     <span class='ocr_line' id='line_1_55' title="bbox 325 5036 1880 5117; baseline 0.006 -23"><span class='ocrx_word' id='word_1_394' title='bbox 325 5036 538 5117; x_wconf 82' lang='lat' dir='ltr'><strong>(a_)_Vox</strong></span> <span class='ocrx_word' id='word_1_395' title='bbox 591 5060 774 5117; x_wconf 75' lang='lat' dir='ltr'><strong>suam,</strong></span> <span class='ocrx_word' id='word_1_396' title='bbox 834 5060 1012 5115; x_wconf 88' lang='lat' dir='ltr'><strong>quam</strong></span> <span class='ocrx_word' id='word_1_397' title='bbox 1053 5044 1346 5117; x_wconf 90' lang='lat' dir='ltr'><strong>supplevit</strong></span> <span class='ocrx_word' id='word_1_398' title='bbox 1402 5045 1770 5116; x_wconf 87' lang='lat' dir='ltr'><strong>Quesnellus,</strong></span> <span class='ocrx_word' id='word_1_399' title='bbox 1821 5048 1880 5104; x_wconf 91' lang='lat' dir='ltr'><strong>in</strong></span> 
     </span>
    </p>
   </div>
   <div class='ocr_carea' id='block_1_56' title="bbox 247 5110 899 5185">
    <p class='ocr_par' dir='ltr' id='par_1_56' title="bbox 247 5110 899 5185">
     <span class='ocr_line' id='line_1_56' title="bbox 247 5110 899 5185; baseline 0.018 -28"><span class='ocrx_word' id='word_1_400' title='bbox 247 5110 462 5185; x_wconf 63' lang='lat' dir='ltr'><strong>nostris</strong></span> <span class='ocrx_word' id='word_1_401' title='bbox 490 5130 629 5171; x_wconf 88' lang='lat' dir='ltr'><strong>mss.</strong></span> <span class='ocrx_word' id='word_1_402' title='bbox 662 5110 899 5185; x_wconf 70' lang='lat' dir='ltr'><strong>legitur.</strong></span> 
     </span>
    </p>
   </div>
   <div class='ocr_carea' id='block_1_57' title="bbox 278 5177 1883 5257">
    <p class='ocr_par' dir='ltr' id='par_1_57' title="bbox 278 5177 1883 5257">
     <span class='ocr_line' id='line_1_57' title="bbox 278 5177 1883 5257; baseline 0.004 -18"><span class='ocrx_word' id='word_1_403' title='bbox 278 5177 393 5257; x_wconf 33' lang='lat'><strong>“(19)</strong></span> <span class='ocrx_word' id='word_1_404' title='bbox 422 5183 563 5240; x_wconf 87' lang='lat' dir='ltr'><strong>Editi</strong></span> <span class='ocrx_word' id='word_1_405' title='bbox 596 5177 842 5257; x_wconf 68' lang='lat' dir='ltr'><strong>addunt,</strong></span> <span class='ocrx_word' id='word_1_406' title='bbox 873 5186 1447 5257; x_wconf 78' lang='lat' dir='ltr'><strong>enimExpunximus</strong></span> <span class='ocrx_word' id='word_1_407' title='bbox 1468 5191 1662 5245; x_wconf 90' lang='lat' dir='ltr'><strong>autem</strong></span> <span class='ocrx_word' id='word_1_408' title='bbox 1690 5194 1883 5247; x_wconf 86' lang='lat' dir='ltr'><strong>aucto-</strong></span> 
     </span>
    </p>
   </div>
   <div class='ocr_carea' id='block_1_58' title="bbox 240 5253 1879 5319">
    <p class='ocr_par' dir='ltr' id='par_1_58' title="bbox 240 5253 1879 5319">
     <span class='ocr_line' id='line_1_58' title="bbox 240 5253 1879 5319; baseline 0.012 -20"><span class='ocrx_word' id='word_1_409' title='bbox 240 5253 414 5307; x_wconf 80' lang='lat' dir='ltr'><strong>ritate</strong></span> <span class='ocrx_word' id='word_1_410' title='bbox 444 5272 549 5311; x_wconf 88' lang='lat' dir='ltr'><strong>ms.</strong></span> <span class='ocrx_word' id='word_1_411' title='bbox 579 5253 834 5313; x_wconf 37' lang='lat' dir='ltr'><strong>Vercell.’</strong></span> <span class='ocrx_word' id='word_1_412' title='bbox 862 5262 919 5313; x_wconf 90' lang='lat' dir='ltr'><strong>et</strong></span> <span class='ocrx_word' id='word_1_413' title='bbox 959 5253 1168 5313; x_wconf 86' lang='lat' dir='ltr'><strong>HomiI.</strong></span> <span class='ocrx_word' id='word_1_414' title='bbox 1223 5258 1386 5314; x_wconf 87' lang='lat' dir='ltr'><strong>Pauli</strong></span> <span class='ocrx_word' id='word_1_415' title='bbox 1433 5259 1693 5317; x_wconf 87' lang='lat' dir='ltr'><strong>Diaconi:</strong></span> <span class='ocrx_word' id='word_1_416' title='bbox 1743 5280 1879 5319; x_wconf 91' lang='lat' dir='ltr'><strong>nam</strong></span> 
     </span>
    </p>
   </div>
   <div class='ocr_carea' id='block_1_59' title="bbox 236 5325 1509 5402">
    <p class='ocr_par' dir='ltr' id='par_1_59' title="bbox 236 5325 1509 5402">
     <span class='ocr_line' id='line_1_59' title="bbox 236 5325 1509 5402; baseline 0.007 -26"><span class='ocrx_word' id='word_1_417' title='bbox 236 5325 621 5402; x_wconf 18' lang='lat' dir='ltr'><strong>continuatur;</strong></span> <span class='ocrx_word' id='word_1_418' title='bbox 640 5330 830 5402; x_wconf 71' lang='lat' dir='ltr'><strong>ﬁgura</strong></span> <span class='ocrx_word' id='word_1_419' title='bbox 859 5328 1239 5402; x_wconf 67' lang='lat' dir='ltr'><strong>repetitionis,</strong></span> <span class='ocrx_word' id='word_1_420' title='bbox 1270 5331 1387 5401; x_wconf 84' lang='lat' dir='ltr'><strong>Ipse</strong></span> <span class='ocrx_word' id='word_1_421' title='bbox 1414 5333 1509 5385; x_wconf 83' lang='lat' dir='ltr'><strong>est.</strong></span> 
     </span>
    </p>
   </div>
   <div class='ocr_carea' id='block_1_60' title="bbox 311 5396 1879 5473">
    <p class='ocr_par' dir='ltr' id='par_1_60' title="bbox 311 5396 1879 5473">
     <span class='ocr_line' id='line_1_60' title="bbox 311 5396 1879 5473; baseline 0.006 -22"><span class='ocrx_word' id='word_1_422' title='bbox 311 5396 383 5465; x_wconf 71' lang='grc' dir='ltr'><strong>(ε)</strong></span> <span class='ocrx_word' id='word_1_423' title='bbox 399 5396 733 5473; x_wconf 73' lang='lat' dir='ltr'><strong>Exemplum</strong></span> <span class='ocrx_word' id='word_1_424' title='bbox 756 5396 1121 5473; x_wconf 41' lang='lat' dir='ltr'><strong>Pauli—Diae”</strong></span> <span class='ocrx_word' id='word_1_425' title='bbox 1138 5396 1455 5472; x_wconf 75' lang='lat' dir='ltr'><strong>ﬁatcorpas.</strong></span> <span class='ocrx_word' id='word_1_426' title='bbox 1479 5402 1665 5458; x_wconf 89' lang='lat' dir='ltr'><strong>Simili</strong></span> <span class='ocrx_word' id='word_1_427' title='bbox 1682 5410 1879 5463; x_wconf 89' lang='lat' dir='ltr'><strong>autem</strong></span> 
     </span>
    </p>
   </div>
   <div class='ocr_carea' id='block_1_61' title="bbox 231 5471 1880 5544">
    <p class='ocr_par' dir='ltr' id='par_1_61' title="bbox 231 5471 1880 5544">
     <span class='ocr_line' id='line_1_61' title="bbox 231 5471 1880 5544; baseline 0.01 -27"><span class='ocrx_word' id='word_1_428' title='bbox 231 5471 524 5544; x_wconf 60' lang='lat' dir='ltr'><strong>gementia</strong></span> <span class='ocrx_word' id='word_1_429' title='bbox 561 5471 782 5544; x_wconf 75' lang='lat' dir='ltr'><strong>auctor</strong></span> <span class='ocrx_word' id='word_1_430' title='bbox 835 5471 1005 5544; x_wconf 88' lang='lat' dir='ltr'><strong>epist.</strong></span> <span class='ocrx_word' id='word_1_431' title='bbox 1041 5473 1110 5526; x_wconf 89' lang='lat' dir='ltr'><strong>ad</strong></span> <span class='ocrx_word' id='word_1_432' title='bbox 1172 5471 1618 5544; x_wconf 74' lang='lat' dir='ltr'><strong>Demetriadem,</strong></span> <span class='ocrx_word' id='word_1_433' title='bbox 1651 5492 1700 5530; x_wconf 91' lang='lat' dir='ltr'><strong>c.</strong></span> <span class='ocrx_word' id='word_1_434' title='bbox 1734 5477 1787 5543; x_wconf 77' lang='lat' dir='ltr'><strong>l,</strong></span> <span class='ocrx_word' id='word_1_435' title='bbox 1820 5479 1880 5533; x_wconf 89' lang='lat' dir='ltr'><strong>id</strong></span> 
     </span>
    </p>
   </div>
   <div class='ocr_carea' id='block_1_62' title="bbox 220 5489 1879 5677">
    <p class='ocr_par' dir='ltr' id='par_1_62' title="bbox 220 5489 1879 5677">
     <span class='ocr_line' id='line_1_62' title="bbox 231 5489 1879 5544; baseline 0.011 -29"><span class='ocrx_word' id='word_1_436' title='bbox 231 5489 524 5525; x_wconf 71' lang='lat' dir='ltr'><strong>acutenuu</strong></span> <span class='ocrx_word' id='word_1_437' title='bbox 574 5489 781 5527; x_wconf 80' lang='lat' dir='ltr'><strong>aucwr</strong></span> <span class='ocrx_word' id='word_1_438' title='bbox 835 5489 865 5527; x_wconf 89' lang='lat' dir='ltr'><strong>e</strong></span> <span class='ocrx_word' id='word_1_439' title='bbox 911 5489 1005 5526; x_wconf 79' lang='lat' dir='ltr'><strong>let.</strong></span> <span class='ocrx_word' id='word_1_440' title='bbox 1041 5489 1110 5526; x_wconf 84' lang='lat' dir='ltr'><strong>aa</strong></span> <span class='ocrx_word' id='word_1_441' title='bbox 1172 5489 1618 5544; x_wconf 81' lang='lat' dir='ltr'><strong>uemetnaaem&#39;,</strong></span> <span class='ocrx_word' id='word_1_442' title='bbox 1651 5492 1700 5530; x_wconf 90' lang='lat' dir='ltr'><strong>c.</strong></span> <span class='ocrx_word' id='word_1_443' title='bbox 1734 5489 1787 5543; x_wconf 70' lang='lat'><strong>1,</strong></span> <span class='ocrx_word' id='word_1_444' title='bbox 1820 5489 1879 5533; x_wconf 85' lang='lat' dir='ltr'><strong>1d</strong></span> 
     </span>
     <span class='ocr_line' id='line_1_63' title="bbox 220 5489 1879 5677; baseline 0.005 -80"><span class='ocrx_word' id='word_1_445' title='bbox 220 5531 571 5677; x_wconf 48' lang='grc' dir='ltr'><strong>ἒξεῢὲωᾶιί</strong></span> <span class='ocrx_word' id='word_1_446' title='bbox 607 5543 832 5598; x_wconf 83' lang='lat' dir='ltr'><strong>tribuit:</strong></span> <span class='ocrx_word' id='word_1_447' title='bbox 864 5489 927 5598; x_wconf 59' lang='lat' dir='ltr'><strong>Pn</strong></span> <span class='ocrx_word' id='word_1_448' title='bbox 946 5558 1135 5615; x_wconf 80' lang='lat' dir='ltr'><strong>corpus</strong></span> <span class='ocrx_word' id='word_1_449' title='bbox 1158 5544 1363 5599; x_wconf 80' lang='lat' dir='ltr'><strong>Christi</strong></span> <span class='ocrx_word' id='word_1_450' title='bbox 1391 5548 1727 5602; x_wconf 79' lang='lat' dir='ltr'><strong>convertitur</strong></span> <span class='ocrx_word' id='word_1_451' title='bbox 1753 5565 1879 5606; x_wconf 85' lang='lat' dir='ltr'><strong>caro</strong></span> 
     </span>
    </p>
   </div>
   <div class='ocr_carea' id='block_1_63' title="bbox 298 5624 454 5667">
    <p class='ocr_par' dir='ltr' id='par_1_63' title="bbox 298 5624 454 5667">
     <span class='ocr_line' id='line_1_64' title="bbox 298 5624 454 5667; baseline 0.032 -5"><span class='ocrx_word' id='word_1_452' title='bbox 298 5624 432 5666; x_wconf 69' lang='grc' dir='ltr'><strong>εεαιι</strong></span> <span class='ocrx_word' id='word_1_453' title='bbox 442 5654 454 5667; x_wconf 90' lang='grc'><strong>.</strong></span> 
     </span>
    </p>
   </div>
   <div class='ocr_carea' id='block_1_64' title="bbox 302 5680 1875 5766">
    <p class='ocr_par' dir='ltr' id='par_1_64' title="bbox 302 5680 1875 5766">
     <span class='ocr_line' id='line_1_65' title="bbox 302 5680 1875 5766; baseline 0.008 -26"><span class='ocrx_word' id='word_1_454' title='bbox 302 5680 378 5758; x_wconf 79' lang='grc' dir='ltr'><strong>(ιι)</strong></span> <span class='ocrx_word' id='word_1_455' title='bbox 399 5683 814 5766; x_wconf 87' lang='lat' dir='ltr'><strong>Supplevimus</strong></span> <span class='ocrx_word' id='word_1_456' title='bbox 834 5685 1303 5763; x_wconf 72' lang='lat' dir='ltr'><strong>praepositionem</strong></span> <span class='ocrx_word' id='word_1_457' title='bbox 1318 5688 1380 5747; x_wconf 85' lang='lat' dir='ltr'><strong>in</strong></span> <span class='ocrx_word' id='word_1_458' title='bbox 1401 5702 1470 5749; x_wconf 82' lang='lat' dir='ltr'><strong>ex</strong></span> <span class='ocrx_word' id='word_1_459' title='bbox 1499 5706 1611 5750; x_wconf 84' lang='lat' dir='ltr'><strong>ms.</strong></span> <span class='ocrx_word' id='word_1_460' title='bbox 1633 5689 1875 5755; x_wconf 80' lang='lat' dir='ltr'><strong>Vercell.</strong></span> 
     </span>
    </p>
   </div>
   <div class='ocr_carea' id='block_1_65' title="bbox 2067 547 3655 671">
    <p class='ocr_par' dir='ltr' id='par_1_65' title="bbox 2067 547 3655 671">
     <span class='ocr_line' id='line_1_66' title="bbox 2067 547 3655 671; baseline 0.013 -75"><span class='ocrx_word' id='word_1_461' title='bbox 2067 547 2427 671; x_wconf 54' lang='lat' dir='ltr'><strong>praprzgtates</strong></span> <span class='ocrx_word' id='word_1_462' title='bbox 2454 547 2779 619; x_wconf 74' lang='lat' dir='ltr'><strong>servantem,</strong></span> <span class='ocrx_word' id='word_1_463' title='bbox 2810 567 2937 607; x_wconf 88' lang='lat' dir='ltr'><strong>suas</strong></span> <span class='ocrx_word' id='word_1_464' title='bbox 2960 562 3144 625; x_wconf 82' lang='lat' dir='ltr'><strong>partes</strong></span> <span class='ocrx_word' id='word_1_465' title='bbox 3175 555 3373 614; x_wconf 79' lang='lat' dir='ltr'><strong>habere</strong></span> <span class='ocrx_word' id='word_1_466' title='bbox 3404 559 3466 613; x_wconf 82' lang='lat' dir='ltr'><strong>in</strong></span> <span class='ocrx_word' id='word_1_467' title='bbox 3492 576 3655 634; x_wconf 71' lang='lat' dir='ltr'><strong>mys-</strong></span> 
     </span>
     <span class='ocr_line' id='line_1_67' title="bbox 2092 632 2523 671; baseline 0.005 -2"><span class='ocrx_word' id='word_1_468' title='bbox 2092 632 2225 670; x_wconf 83' lang='lat' dir='ltr'><strong>cms</strong></span> <span class='ocrx_word' id='word_1_469' title='bbox 2296 632 2523 671; x_wconf 78' lang='lat' dir='ltr'><strong>wersas.</strong></span> 
     </span>
    </p>
   </div>
   <div class='ocr_carea' id='block_1_66' title="bbox 2092 632 2523 674">
    <p class='ocr_par' dir='ltr' id='par_1_66' title="bbox 2092 632 2523 674">
     <span class='ocr_line' id='line_1_68' title="bbox 2092 632 2523 674; baseline 0.009 -5"><span class='ocrx_word' id='word_1_470' title='bbox 2092 632 2225 670; x_wconf 76' lang='grc' dir='ltr'><strong>ενηδ</strong></span> <span class='ocrx_word' id='word_1_471' title='bbox 2256 632 2499 672; x_wconf 76' lang='lat' dir='ltr'><strong>diversas</strong></span> <span class='ocrx_word' id='word_1_472' title='bbox 2512 659 2523 674; x_wconf 86' lang='lat'><strong>.</strong></span> 
     </span>
    </p>
   </div>
   <div class='ocr_carea' id='block_1_67' title="bbox 2071 756 3646 844">
    <p class='ocr_par' dir='ltr' id='par_1_67' title="bbox 2071 756 3646 844">
     <span class='ocr_line' id='line_1_69' title="bbox 2071 756 3646 844; baseline 0.014 -33"><span class='ocrx_word' id='word_1_473' title='bbox 2071 756 2204 812; x_wconf 81' lang='lat' dir='ltr'><strong>CAP.</strong></span> <span class='ocrx_word' id='word_1_474' title='bbox 2240 758 2286 813; x_wconf 94' lang='grc' dir='ltr'><strong>Ι.</strong></span> <span class='ocrx_word' id='word_1_475' title='bbox 2325 789 2395 799; x_wconf 87' lang='grc'><strong>--</strong></span> <span class='ocrx_word' id='word_1_476' title='bbox 2424 759 2636 816; x_wconf 89' lang='lat' dir='ltr'><strong>Omnia</strong></span> <span class='ocrx_word' id='word_1_477' title='bbox 2663 762 2901 834; x_wconf 90' lang='lat' dir='ltr'><strong>quidem</strong></span> <span class='ocrx_word' id='word_1_478' title='bbox 2931 769 3215 840; x_wconf 87' lang='lat' dir='ltr'><strong>tempora,</strong></span> <span class='ocrx_word' id='word_1_479' title='bbox 3255 770 3646 844; x_wconf 88' lang='lat' dir='ltr'><strong>dilectissimi,</strong></span> 
     </span>
    </p>
   </div>
   <div class='ocr_carea' id='block_1_68' title="bbox 2003 844 3643 937">
    <p class='ocr_par' dir='ltr' id='par_1_68' title="bbox 2003 844 3643 937">
     <span class='ocr_line' id='line_1_70' title="bbox 2003 844 3643 937; baseline 0.015 -38"><span class='ocrx_word' id='word_1_480' title='bbox 2003 844 2468 904; x_wconf 69' lang='lat' dir='ltr'><strong>Christianorum</strong></span> <span class='ocrx_word' id='word_1_481' title='bbox 2484 849 2712 906; x_wconf 89' lang='lat' dir='ltr'><strong>animos</strong></span> <span class='ocrx_word' id='word_1_482' title='bbox 2725 860 3086 911; x_wconf 89' lang='lat' dir='ltr'><strong>sacramento</strong></span> <span class='ocrx_word' id='word_1_483' title='bbox 3099 857 3410 918; x_wconf 72' lang='lat' dir='ltr'><strong>Dominicaa</strong></span> <span class='ocrx_word' id='word_1_484' title='bbox 3431 866 3588 937; x_wconf 88' lang='lat' dir='ltr'><strong>passi</strong></span> <span class='ocrx_word' id='word_1_485' title='bbox 3596 882 3643 922; x_wconf 88' lang='lat' dir='ltr'><strong>o-</strong></span> 
     </span>
    </p>
   </div>
   <div class='ocr_carea' id='block_1_69' title="bbox 2002 934 3650 1018">
    <p class='ocr_par' dir='ltr' id='par_1_69' title="bbox 2002 934 3650 1018">
     <span class='ocr_line' id='line_1_71' title="bbox 2002 934 3650 1018; baseline 0.015 -30"><span class='ocrx_word' id='word_1_486' title='bbox 2002 934 2096 989; x_wconf 88' lang='lat' dir='ltr'><strong>nis</strong></span> <span class='ocrx_word' id='word_1_487' title='bbox 2126 939 2184 990; x_wconf 88' lang='lat' dir='ltr'><strong>et</strong></span> <span class='ocrx_word' id='word_1_488' title='bbox 2212 937 2655 1012; x_wconf 80' lang='lat' dir='ltr'><strong>resurrectionis</strong></span> <span class='ocrx_word' id='word_1_489' title='bbox 2681 947 2967 1011; x_wconf 83' lang='lat' dir='ltr'><strong>exercent,</strong></span> <span class='ocrx_word' id='word_1_490' title='bbox 3002 962 3191 1018; x_wconf 89' lang='lat' dir='ltr'><strong>neque</strong></span> <span class='ocrx_word' id='word_1_491' title='bbox 3220 948 3405 1007; x_wconf 88' lang='lat' dir='ltr'><strong>ullum</strong></span> <span class='ocrx_word' id='word_1_492' title='bbox 3432 934 3650 1012; x_wconf 66' lang='lat' dir='ltr'><strong>nostris</strong></span> 
     </span>
    </p>
   </div>
   <div class='ocr_carea' id='block_1_70' title="bbox 2002 1021 3653 1102">
    <p class='ocr_par' dir='ltr' id='par_1_70' title="bbox 2002 1021 3653 1102">
     <span class='ocr_line' id='line_1_72' title="bbox 2002 1021 3653 1102; baseline 0.014 -24"><span class='ocrx_word' id='word_1_493' title='bbox 2002 1021 2301 1096; x_wconf 85' lang='lat' dir='ltr'><strong>religionis</strong></span> <span class='ocrx_word' id='word_1_494' title='bbox 2326 1025 2585 1083; x_wconf 83' lang='lat' dir='ltr'><strong>ofﬁcium</strong></span> <span class='ocrx_word' id='word_1_495' title='bbox 2599 1033 2814 1102; x_wconf 87' lang='lat' dir='ltr'><strong>estquo</strong></span> <span class='ocrx_word' id='word_1_496' title='bbox 2828 1048 2942 1087; x_wconf 90' lang='lat' dir='ltr'><strong>non</strong></span> <span class='ocrx_word' id='word_1_497' title='bbox 2957 1036 3075 1089; x_wconf 88' lang='lat' dir='ltr'><strong>tam</strong></span> <span class='ocrx_word' id='word_1_498' title='bbox 3092 1039 3298 1094; x_wconf 90' lang='lat' dir='ltr'><strong>mundi</strong></span> <span class='ocrx_word' id='word_1_499' title='bbox 3324 1044 3653 1101; x_wconf 86' lang='lat' dir='ltr'><strong>reconcilia-</strong></span> 
     </span>
    </p>
   </div>
   <div class='ocr_carea' id='block_1_71' title="bbox 2002 1112 3652 1205">
    <p class='ocr_par' dir='ltr' id='par_1_71' title="bbox 2002 1112 3652 1205">
     <span class='ocr_line' id='line_1_73' title="bbox 2002 1112 3652 1205; baseline 0.014 -38"><span class='ocrx_word' id='word_1_500' title='bbox 2002 1112 2083 1205; x_wconf 78' lang='lat' dir='ltr'><strong>tio</strong></span> <span class='ocrx_word' id='word_1_501' title='bbox 2117 1114 2184 1205; x_wconf 61' lang='lat' dir='ltr'><strong>(ﬁ</strong></span> <span class='ocrx_word' id='word_1_502' title='bbox 2214 1130 2392 1186; x_wconf 88' lang='lat' dir='ltr'><strong>quam</strong></span> <span class='ocrx_word' id='word_1_503' title='bbox 2425 1116 2694 1173; x_wconf 72' lang='lat' dir='ltr'><strong>humana:</strong></span> <span class='ocrx_word' id='word_1_504' title='bbox 2724 1118 2781 1174; x_wconf 89' lang='lat' dir='ltr'><strong>in</strong></span> <span class='ocrx_word' id='word_1_505' title='bbox 2817 1120 3044 1178; x_wconf 86' lang='lat' dir='ltr'><strong>Christo</strong></span> <span class='ocrx_word' id='word_1_506' title='bbox 3076 1129 3298 1183; x_wconf 66' lang='lat' dir='ltr'><strong>natura</strong></span> <span class='ocrx_word' id='word_1_507' title='bbox 3324 1133 3652 1205; x_wconf 88' lang='lat' dir='ltr'><strong>assumptio</strong></span> 
     </span>
    </p>
   </div>
   <div class='ocr_carea' id='block_1_72' title="bbox 2003 1200 3653 1294">
    <p class='ocr_par' dir='ltr' id='par_1_72' title="bbox 2003 1200 3653 1294">
     <span class='ocr_line' id='line_1_74' title="bbox 2003 1200 3653 1294; baseline 0.015 -40"><span class='ocrx_word' id='word_1_508' title='bbox 2003 1200 2345 1260; x_wconf 86' lang='lat' dir='ltr'><strong>celebretur.</strong></span> <span class='ocrx_word' id='word_1_509' title='bbox 2377 1206 2485 1260; x_wconf 84' lang='lat' dir='ltr'><strong>Sed</strong></span> <span class='ocrx_word' id='word_1_510' title='bbox 2520 1223 2676 1262; x_wconf 88' lang='lat' dir='ltr'><strong>nunc</strong></span> <span class='ocrx_word' id='word_1_511' title='bbox 2705 1209 3036 1267; x_wconf 88' lang='lat' dir='ltr'><strong>universam</strong></span> <span class='ocrx_word' id='word_1_512' title='bbox 3078 1213 3395 1274; x_wconf 77' lang='lat' dir='ltr'><strong>Ecclesium</strong></span> <span class='ocrx_word' id='word_1_513' title='bbox 3446 1200 3653 1294; x_wconf 44' lang='lat' dir='ltr'><strong>maiori</strong></span> 
     </span>
    </p>
   </div>
   <div class='ocr_carea' id='block_1_73' title="bbox 2004 1297 3659 1390">
    <p class='ocr_par' dir='ltr' id='par_1_73' title="bbox 2004 1297 3659 1390">
     <span class='ocr_line' id='line_1_75' title="bbox 2004 1297 3659 1390; baseline 0.014 -37"><span class='ocrx_word' id='word_1_514' title='bbox 2004 1297 2393 1390; x_wconf 75' lang='lat' dir='ltr'><strong>intelligentia</strong></span> <span class='ocrx_word' id='word_1_515' title='bbox 2424 1302 2657 1373; x_wconf 89' lang='lat' dir='ltr'><strong>instrui,</strong></span> <span class='ocrx_word' id='word_1_516' title='bbox 2682 1309 2738 1361; x_wconf 89' lang='lat' dir='ltr'><strong>et</strong></span> <span class='ocrx_word' id='word_1_517' title='bbox 2760 1306 2912 1364; x_wconf 74' lang='lat'><strong>248</strong></span> <span class='ocrx_word' id='word_1_518' title='bbox 2934 1325 3037 1381; x_wconf 86' lang='lat' dir='ltr'><strong>spe</strong></span> <span class='ocrx_word' id='word_1_519' title='bbox 3062 1311 3401 1373; x_wconf 83' lang='lat' dir='ltr'><strong>ferventiore</strong></span> <span class='ocrx_word' id='word_1_520' title='bbox 3431 1323 3659 1390; x_wconf 83' lang='lat' dir='ltr'><strong>oportet</strong></span> 
     </span>
    </p>
   </div>
   <div class='ocr_carea' id='block_1_74' title="bbox 2004 1387 3655 1471">
    <p class='ocr_par' dir='ltr' id='par_1_74' title="bbox 2004 1387 3655 1471">
     <span class='ocr_line' id='line_1_76' title="bbox 2004 1387 3655 1471; baseline 0.015 -30"><span class='ocrx_word' id='word_1_521' title='bbox 2004 1387 2231 1443; x_wconf 89' lang='lat' dir='ltr'><strong>dierum</strong></span> <span class='ocrx_word' id='word_1_522' title='bbox 2265 1407 2527 1459; x_wconf 84' lang='lat' dir='ltr'><strong>recursu,</strong></span> <span class='ocrx_word' id='word_1_523' title='bbox 2556 1396 2612 1448; x_wconf 91' lang='lat' dir='ltr'><strong>et</strong></span> <span class='ocrx_word' id='word_1_524' title='bbox 2642 1394 2873 1467; x_wconf 87' lang='lat' dir='ltr'><strong>paginis</strong></span> <span class='ocrx_word' id='word_1_525' title='bbox 2895 1399 3238 1471; x_wconf 68' lang='lat' dir='ltr'><strong>evangelicae</strong></span> <span class='ocrx_word' id='word_1_526' title='bbox 3270 1387 3530 1465; x_wconf 74' lang='lat' dir='ltr'><strong>veritatis</strong></span> <span class='ocrx_word' id='word_1_527' title='bbox 3560 1426 3655 1465; x_wconf 83' lang='lat' dir='ltr'><strong>ex-</strong></span> 
     </span>
    </p>
   </div>
   <div class='ocr_carea' id='block_1_75' title="bbox 2006 1476 3654 1563">
    <p class='ocr_par' dir='ltr' id='par_1_75' title="bbox 2006 1476 3654 1563">
     <span class='ocr_line' id='line_1_77' title="bbox 2006 1476 3654 1563; baseline 0.015 -34"><span class='ocrx_word' id='word_1_528' title='bbox 2006 1476 2299 1548; x_wconf 88' lang='lat' dir='ltr'><strong>primitur,</strong></span> <span class='ocrx_word' id='word_1_529' title='bbox 2318 1483 2383 1534; x_wconf 91' lang='lat' dir='ltr'><strong>ut</strong></span> <span class='ocrx_word' id='word_1_530' title='bbox 2414 1479 2635 1536; x_wconf 89' lang='lat' dir='ltr'><strong>Pascha</strong></span> <span class='ocrx_word' id='word_1_531' title='bbox 2660 1482 2889 1539; x_wconf 90' lang='lat' dir='ltr'><strong>Domini</strong></span> <span class='ocrx_word' id='word_1_532' title='bbox 2906 1502 3019 1541; x_wconf 89' lang='lat' dir='ltr'><strong>non</strong></span> <span class='ocrx_word' id='word_1_533' title='bbox 3044 1493 3163 1544; x_wconf 90' lang='lat' dir='ltr'><strong>tam</strong></span> <span class='ocrx_word' id='word_1_534' title='bbox 3193 1494 3549 1563; x_wconf 64' lang='lat' dir='ltr'><strong>prateritum</strong></span> <span class='ocrx_word' id='word_1_535' title='bbox 3569 1514 3654 1553; x_wconf 87' lang='lat' dir='ltr'><strong>re-</strong></span> 
     </span>
    </p>
   </div>
   <div class='ocr_carea' id='block_1_76' title="bbox 2005 1563 3653 1656">
    <p class='ocr_par' dir='ltr' id='par_1_76' title="bbox 2005 1563 3653 1656">
     <span class='ocr_line' id='line_1_78' title="bbox 2005 1563 3653 1656; baseline 0.015 -38"><span class='ocrx_word' id='word_1_536' title='bbox 2005 1563 2113 1656; x_wconf 76' lang='lat' dir='ltr'><strong>coli</strong></span> <span class='ocrx_word' id='word_1_537' title='bbox 2144 1582 2319 1637; x_wconf 90' lang='lat' dir='ltr'><strong>quam</strong></span> <span class='ocrx_word' id='word_1_538' title='bbox 2338 1585 2597 1639; x_wconf 59' lang='lat' dir='ltr'><strong>prensans</strong></span> <span class='ocrx_word' id='word_1_539' title='bbox 2612 1571 3197 1633; x_wconf 75' lang='lat' dir='ltr'><strong>debeathonorariJn</strong></span> <span class='ocrx_word' id='word_1_540' title='bbox 3213 1578 3373 1637; x_wconf 90' lang='lat' dir='ltr'><strong>nullo</strong></span> <span class='ocrx_word' id='word_1_541' title='bbox 3390 1582 3653 1656; x_wconf 87' lang='lat' dir='ltr'><strong>igiturab</strong></span> 
     </span>
    </p>
   </div>
   <div class='ocr_carea' id='block_1_77' title="bbox 2006 1652 3652 1738">
    <p class='ocr_par' dir='ltr' id='par_1_77' title="bbox 2006 1652 3652 1738">
     <span class='ocr_line' id='line_1_79' title="bbox 2006 1652 3652 1738; baseline 0.015 -31"><span class='ocrx_word' id='word_1_542' title='bbox 2006 1652 2078 1708; x_wconf 90' lang='lat' dir='ltr'><strong>iis</strong></span> <span class='ocrx_word' id='word_1_543' title='bbox 2097 1671 2225 1727; x_wconf 66' lang='lat' dir='ltr'><strong>qua:</strong></span> <span class='ocrx_word' id='word_1_544' title='bbox 2242 1658 2313 1712; x_wconf 88' lang='lat' dir='ltr'><strong>ad</strong></span> <span class='ocrx_word' id='word_1_545' title='bbox 2327 1661 2703 1716; x_wconf 89' lang='lat' dir='ltr'><strong>crucemJesu</strong></span> <span class='ocrx_word' id='word_1_546' title='bbox 2721 1661 2935 1719; x_wconf 86' lang='lat' dir='ltr'><strong>Christi</strong></span> <span class='ocrx_word' id='word_1_547' title='bbox 2953 1666 3264 1738; x_wconf 85' lang='lat' dir='ltr'><strong>pertinent,</strong></span> <span class='ocrx_word' id='word_1_548' title='bbox 3287 1652 3652 1731; x_wconf 69' lang='lat' dir='ltr'><strong>ﬁdeinostras</strong></span> 
     </span>
    </p>
   </div>
   <div class='ocr_carea' id='block_1_78' title="bbox 2011 1744 3654 1829">
    <p class='ocr_par' dir='ltr' id='par_1_78' title="bbox 2011 1744 3654 1829">
     <span class='ocr_line' id='line_1_80' title="bbox 2011 1744 3654 1829; baseline 0.016 -34"><span class='ocrx_word' id='word_1_549' title='bbox 2011 1744 2411 1816; x_wconf 81' lang='lat' dir='ltr'><strong>peregrinetur</strong></span> <span class='ocrx_word' id='word_1_550' title='bbox 2428 1746 2762 1815; x_wconf 88' lang='lat' dir='ltr'><strong>intuitus,ct</strong></span> <span class='ocrx_word' id='word_1_551' title='bbox 2792 1752 3151 1810; x_wconf 86' lang='lat' dir='ltr'><strong>nihileorum</strong></span> <span class='ocrx_word' id='word_1_552' title='bbox 3168 1773 3295 1829; x_wconf 76' lang='lat' dir='ltr'><strong>quae</strong></span> <span class='ocrx_word' id='word_1_553' title='bbox 3317 1763 3654 1821; x_wconf 87' lang='lat' dir='ltr'><strong>narratione</strong></span> 
     </span>
    </p>
   </div>
   <div class='ocr_carea' id='block_1_79' title="bbox 1925 1832 3655 1917">
    <p class='ocr_par' dir='ltr' id='par_1_79' title="bbox 1925 1832 3655 1917">
     <span class='ocr_line' id='line_1_81' title="bbox 1925 1832 3655 1917; baseline 0.016 -33"><span class='ocrx_word' id='word_1_554' title='bbox 1925 1846 1974 1911; x_wconf 83' lang='grc' dir='ltr'>Β</span> <span class='ocrx_word' id='word_1_555' title='bbox 2007 1832 2298 1904; x_wconf 78' lang='lat' dir='ltr'><strong>Evangelii</strong></span> <span class='ocrx_word' id='word_1_556' title='bbox 2333 1839 2697 1904; x_wconf 65' lang='lat' dir='ltr'><strong>retexantur,</strong></span> <span class='ocrx_word' id='word_1_557' title='bbox 2732 1840 2918 1897; x_wconf 90' lang='lat' dir='ltr'><strong>otioso</strong></span> <span class='ocrx_word' id='word_1_558' title='bbox 2950 1844 3307 1917; x_wconf 88' lang='lat' dir='ltr'><strong>accipiamus</strong></span> <span class='ocrx_word' id='word_1_559' title='bbox 3337 1852 3565 1909; x_wconf 89' lang='lat' dir='ltr'><strong>auditu:</strong></span> <span class='ocrx_word' id='word_1_560' title='bbox 3592 1858 3655 1910; x_wconf 91' lang='lat' dir='ltr'><strong>ut</strong></span> 
     </span>
    </p>
   </div>
   <div class='ocr_carea' id='block_1_80' title="bbox 2004 1920 3654 2010">
    <p class='ocr_par' dir='ltr' id='par_1_80' title="bbox 2004 1920 3654 2010">
     <span class='ocr_line' id='line_1_82' title="bbox 2004 1920 3654 2010; baseline 0.016 -36"><span class='ocrx_word' id='word_1_561' title='bbox 2004 1920 2143 1991; x_wconf 88' lang='lat' dir='ltr'><strong>quia</strong></span> <span class='ocrx_word' id='word_1_562' title='bbox 2173 1938 2288 1978; x_wconf 90' lang='lat' dir='ltr'><strong>non</strong></span> <span class='ocrx_word' id='word_1_563' title='bbox 2312 1925 2621 1982; x_wconf 89' lang='lat' dir='ltr'><strong>defuerunt</strong></span> <span class='ocrx_word' id='word_1_564' title='bbox 2652 1945 2756 1984; x_wconf 91' lang='lat' dir='ltr'><strong>ncc</strong></span> <span class='ocrx_word' id='word_1_565' title='bbox 2778 1929 2969 1987; x_wconf 89' lang='lat' dir='ltr'><strong>adhuc</strong></span> <span class='ocrx_word' id='word_1_566' title='bbox 2987 1933 3200 1991; x_wconf 88' lang='lat' dir='ltr'><strong>desunt</strong></span> <span class='ocrx_word' id='word_1_567' title='bbox 3221 1937 3321 2010; x_wconf 89' lang='lat' dir='ltr'><strong>qui</strong></span> <span class='ocrx_word' id='word_1_568' title='bbox 3351 1940 3654 2000; x_wconf 86' lang='lat' dir='ltr'><strong>veritatem</strong></span> 
     </span>
    </p>
   </div>
   <div class='ocr_carea' id='block_1_81' title="bbox 2004 2019 3655 2108">
    <p class='ocr_par' dir='ltr' id='par_1_81' title="bbox 2004 2019 3655 2108">
     <span class='ocr_line' id='line_1_83' title="bbox 2004 2019 3655 2108; baseline 0.015 -35"><span class='ocrx_word' id='word_1_569' title='bbox 2004 2019 2316 2077; x_wconf 69' lang='lat' dir='ltr'><strong>Dominicaa</strong></span> <span class='ocrx_word' id='word_1_570' title='bbox 2332 2022 2751 2082; x_wconf 88' lang='lat' dir='ltr'><strong>incarnationis</strong></span> <span class='ocrx_word' id='word_1_571' title='bbox 2768 2027 3136 2104; x_wconf 86' lang='lat' dir='ltr'><strong>impugnent,</strong></span> <span class='ocrx_word' id='word_1_572' title='bbox 3160 2037 3217 2090; x_wconf 89' lang='lat' dir='ltr'><strong>et</strong></span> <span class='ocrx_word' id='word_1_573' title='bbox 3236 2038 3392 2108; x_wconf 90' lang='lat' dir='ltr'><strong>quod</strong></span> <span class='ocrx_word' id='word_1_574' title='bbox 3416 2039 3474 2094; x_wconf 89' lang='lat' dir='ltr'><strong>in</strong></span> <span class='ocrx_word' id='word_1_575' title='bbox 3491 2044 3655 2098; x_wconf 88' lang='lat' dir='ltr'><strong>utero</strong></span> 
     </span>
    </p>
   </div>
   <div class='ocr_carea' id='block_1_82' title="bbox 2005 2106 3653 2194">
    <p class='ocr_par' dir='ltr' id='par_1_82' title="bbox 2005 2106 3653 2194">
     <span class='ocr_line' id='line_1_84' title="bbox 2005 2106 3653 2194; baseline 0.017 -34"><span class='ocrx_word' id='word_1_576' title='bbox 2005 2106 2262 2180; x_wconf 86' lang='lat' dir='ltr'><strong>Virginis</strong></span> <span class='ocrx_word' id='word_1_577' title='bbox 2291 2112 2493 2167; x_wconf 84' lang='lat' dir='ltr'><strong>matris</strong></span> <span class='ocrx_word' id='word_1_578' title='bbox 2526 2114 2720 2170; x_wconf 56' lang='lat' dir='ltr'><strong>Maria</strong></span> <span class='ocrx_word' id='word_1_579' title='bbox 2759 2118 3123 2177; x_wconf 84' lang='lat' dir='ltr'><strong>Vcrbumcaro</strong></span> <span class='ocrx_word' id='word_1_580' title='bbox 3149 2106 3359 2194; x_wconf 67' lang='lat' dir='ltr'><strong>factum</strong></span> <span class='ocrx_word' id='word_1_581' title='bbox 3379 2130 3453 2184; x_wconf 85' lang='lat' dir='ltr'><strong>est</strong></span> <span class='ocrx_word' id='word_1_582' title='bbox 3472 2131 3653 2190; x_wconf 81' lang='lat' dir='ltr'><strong>(Joan.</strong></span> 
     </span>
    </p>
   </div>
   <div class='ocr_carea' id='block_1_83' title="bbox 2005 2198 3656 2288">
    <p class='ocr_par' dir='ltr' id='par_1_83' title="bbox 2005 2198 3656 2288">
     <span class='ocr_line' id='line_1_85' title="bbox 2005 2198 3656 2288; baseline 0.015 -38"><span class='ocrx_word' id='word_1_583' title='bbox 2005 2198 2187 2288; x_wconf 20' lang='lat'><strong>1214),</strong></span> <span class='ocrx_word' id='word_1_584' title='bbox 2225 2201 2380 2269; x_wconf 91' lang='lat' dir='ltr'><strong>quod</strong></span> <span class='ocrx_word' id='word_1_585' title='bbox 2412 2200 2609 2258; x_wconf 86' lang='lat' dir='ltr'><strong>infans</strong></span> <span class='ocrx_word' id='word_1_586' title='bbox 2640 2204 2833 2261; x_wconf 88' lang='lat' dir='ltr'><strong>editus</strong></span> <span class='ocrx_word' id='word_1_587' title='bbox 2864 2224 2968 2278; x_wconf 91' lang='lat' dir='ltr'><strong>per</strong></span> <span class='ocrx_word' id='word_1_588' title='bbox 2990 2207 3349 2269; x_wconf 86' lang='lat' dir='ltr'><strong>incrementa</strong></span> <span class='ocrx_word' id='word_1_589' title='bbox 3380 2232 3656 2288; x_wconf 82' lang='lat' dir='ltr'><strong>corporea</strong></span> 
     </span>
    </p>
   </div>
   <div class='ocr_carea' id='block_1_84' title="bbox 2005 2282 3655 2377">
    <p class='ocr_par' dir='ltr' id='par_1_84' title="bbox 2005 2282 3655 2377">
     <span class='ocr_line' id='line_1_86' title="bbox 2005 2282 3655 2377; baseline 0.015 -39"><span class='ocrx_word' id='word_1_590' title='bbox 2005 2282 2091 2377; x_wconf 72' lang='lat' dir='ltr'><strong>ad</strong></span> <span class='ocrx_word' id='word_1_591' title='bbox 2109 2288 2375 2356; x_wconf 65' lang='lat' dir='ltr'><strong>perfectae</strong></span> <span class='ocrx_word' id='word_1_592' title='bbox 2398 2289 2690 2348; x_wconf 86' lang='lat' dir='ltr'><strong>virilitatis</strong></span> <span class='ocrx_word' id='word_1_593' title='bbox 2702 2295 2945 2365; x_wconf 83' lang='lat' dir='ltr'><strong>profecit</strong></span> <span class='ocrx_word' id='word_1_594' title='bbox 2960 2300 3211 2368; x_wconf 62' lang='lat' dir='ltr'><strong>(etatem,</strong></span> <span class='ocrx_word' id='word_1_595' title='bbox 3238 2282 3510 2377; x_wconf 75' lang='lat' dir='ltr'><strong>quodque</strong></span> <span class='ocrx_word' id='word_1_596' title='bbox 3527 2323 3655 2362; x_wconf 86' lang='lat' dir='ltr'><strong>cru-</strong></span> 
     </span>
    </p>
   </div>
   <div class='ocr_carea' id='block_1_85' title="bbox 2006 2373 3652 2460">
    <p class='ocr_par' dir='ltr' id='par_1_85' title="bbox 2006 2373 3652 2460">
     <span class='ocr_line' id='line_1_87' title="bbox 2006 2373 3652 2460; baseline 0.016 -34"><span class='ocrx_word' id='word_1_597' title='bbox 2006 2373 2236 2445; x_wconf 80' lang='lat' dir='ltr'><strong>ciﬁxus,</strong></span> <span class='ocrx_word' id='word_1_598' title='bbox 2270 2382 2561 2446; x_wconf 87' lang='lat' dir='ltr'><strong>mortuus,</strong></span> <span class='ocrx_word' id='word_1_599' title='bbox 2593 2398 2658 2436; x_wconf 91' lang='lat' dir='ltr'><strong>ac</strong></span> <span class='ocrx_word' id='word_1_600' title='bbox 2673 2382 2941 2454; x_wconf 89' lang='lat' dir='ltr'><strong>sepultus</strong></span> <span class='ocrx_word' id='word_1_601' title='bbox 2954 2384 3044 2441; x_wconf 90' lang='lat' dir='ltr'><strong>die</strong></span> <span class='ocrx_word' id='word_1_602' title='bbox 3063 2390 3234 2445; x_wconf 89' lang='lat' dir='ltr'><strong>tertia</strong></span> <span class='ocrx_word' id='word_1_603' title='bbox 3263 2373 3652 2460; x_wconf 79' lang='lat' dir='ltr'><strong>resurrexitin</strong></span> 
     </span>
    </p>
   </div>
   <div class='ocr_carea' id='block_1_86' title="bbox 2006 2466 3654 2542">
    <p class='ocr_par' dir='ltr' id='par_1_86' title="bbox 2006 2466 3654 2542">
     <span class='ocr_line' id='line_1_88' title="bbox 2006 2466 3654 2542; baseline 0.016 -26"><span class='ocrx_word' id='word_1_604' title='bbox 2006 2466 2217 2518; x_wconf 73' lang='lat' dir='ltr'><strong>nostra:</strong></span> <span class='ocrx_word' id='word_1_605' title='bbox 2250 2466 2490 2536; x_wconf 89' lang='lat' dir='ltr'><strong>quidem</strong></span> <span class='ocrx_word' id='word_1_606' title='bbox 2522 2468 2798 2542; x_wconf 87' lang='lat' dir='ltr'><strong>imaginis</strong></span> <span class='ocrx_word' id='word_1_607' title='bbox 2832 2472 3019 2529; x_wconf 87' lang='lat' dir='ltr'><strong>forma</strong></span> <span class='ocrx_word' id='word_1_608' title='bbox 3057 2478 3156 2532; x_wconf 88' lang='lat' dir='ltr'><strong>sed</strong></span> <span class='ocrx_word' id='word_1_609' title='bbox 3192 2496 3306 2536; x_wconf 88' lang='lat' dir='ltr'><strong>non</strong></span> <span class='ocrx_word' id='word_1_610' title='bbox 3337 2481 3396 2537; x_wconf 90' lang='lat' dir='ltr'><strong>in</strong></span> <span class='ocrx_word' id='word_1_611' title='bbox 3443 2489 3654 2540; x_wconf 72' lang='lat' dir='ltr'><strong>nostrae</strong></span> 
     </span>
    </p>
   </div>
   <div class='ocr_carea' id='block_1_87' title="bbox 2005 2550 3657 2647">
    <p class='ocr_par' dir='ltr' id='par_1_87' title="bbox 2005 2550 3657 2647">
     <span class='ocr_line' id='line_1_89' title="bbox 2005 2550 3657 2647; baseline 0.016 -43"><span class='ocrx_word' id='word_1_612' title='bbox 2005 2550 2197 2647; x_wconf 77' lang='lat' dir='ltr'><strong>carnis</strong></span> <span class='ocrx_word' id='word_1_613' title='bbox 2227 2560 2492 2611; x_wconf 87' lang='lat' dir='ltr'><strong>asserant</strong></span> <span class='ocrx_word' id='word_1_614' title='bbox 2517 2562 2749 2629; x_wconf 82' lang='lat' dir='ltr'><strong>gestum</strong></span> <span class='ocrx_word' id='word_1_615' title='bbox 2772 2576 2898 2616; x_wconf 89' lang='lat' dir='ltr'><strong>esse</strong></span> <span class='ocrx_word' id='word_1_616' title='bbox 2928 2566 3156 2621; x_wconf 88' lang='lat' dir='ltr'><strong>natura:</strong></span> <span class='ocrx_word' id='word_1_617' title='bbox 3183 2585 3290 2624; x_wconf 90' lang='lat' dir='ltr'><strong>nos</strong></span> <span class='ocrx_word' id='word_1_618' title='bbox 3310 2569 3382 2626; x_wconf 89' lang='lat' dir='ltr'><strong>ab</strong></span> <span class='ocrx_word' id='word_1_619' title='bbox 3408 2587 3657 2647; x_wconf 86' lang='lat' dir='ltr'><strong>evange-</strong></span> 
     </span>
    </p>
   </div>
   <div class='ocr_carea' id='block_1_88' title="bbox 2003 2638 3651 2731">
    <p class='ocr_par' dir='ltr' id='par_1_88' title="bbox 2003 2638 3651 2731">
     <span class='ocr_line' id='line_1_90' title="bbox 2003 2638 3651 2731; baseline 0.016 -38"><span class='ocrx_word' id='word_1_620' title='bbox 2003 2638 2133 2695; x_wconf 89' lang='lat' dir='ltr'><strong>licis</strong></span> <span class='ocrx_word' id='word_1_621' title='bbox 2160 2638 3651 2731; x_wconf 76' lang='lat' dir='ltr'><strong>etapostolicistestimoniisnullatenusrecedentes,</strong></span> 
     </span>
    </p>
   </div>
   <div class='ocr_carea' id='block_1_89' title="bbox 2006 2735 3655 2822">
    <p class='ocr_par' dir='ltr' id='par_1_89' title="bbox 2006 2735 3655 2822">
     <span class='ocr_line' id='line_1_91' title="bbox 2006 2735 3655 2822; baseline 0.016 -32"><span class='ocrx_word' id='word_1_622' title='bbox 2006 2735 2289 2807; x_wconf 80' lang='lat' dir='ltr'><strong>(g)corum</strong></span> <span class='ocrx_word' id='word_1_623' title='bbox 2305 2738 3317 2822; x_wconf 85' lang='lat' dir='ltr'><strong>intelligentiaroboremur,quorum</strong></span> <span class='ocrx_word' id='word_1_624' title='bbox 3335 2773 3441 2813; x_wconf 88' lang='lat' dir='ltr'><strong>nos</strong></span> <span class='ocrx_word' id='word_1_625' title='bbox 3455 2759 3655 2816; x_wconf 87' lang='lat' dir='ltr'><strong>certis-</strong></span> 
     </span>
    </p>
   </div>
   <div class='ocr_carea' id='block_1_90' title="bbox 2007 2826 3656 2915">
    <p class='ocr_par' dir='ltr' id='par_1_90' title="bbox 2007 2826 3656 2915">
     <span class='ocr_line' id='line_1_92' title="bbox 2007 2826 3656 2915; baseline 0.017 -37"><span class='ocrx_word' id='word_1_626' title='bbox 2007 2826 2358 2900; x_wconf 82' lang='lat' dir='ltr'><strong>simaexperi</strong></span> <span class='ocrx_word' id='word_1_627' title='bbox 2368 2837 2564 2887; x_wconf 88' lang='lat' dir='ltr'><strong>menta</strong></span> <span class='ocrx_word' id='word_1_628' title='bbox 2577 2832 2900 2891; x_wconf 88' lang='lat' dir='ltr'><strong>docuerunt</strong></span> <span class='ocrx_word' id='word_1_629' title='bbox 2918 2852 2932 2891; x_wconf 91' lang='lat'><strong>:</strong></span> <span class='ocrx_word' id='word_1_630' title='bbox 2955 2843 3014 2892; x_wconf 90' lang='lat' dir='ltr'><strong>ut</strong></span> <span class='ocrx_word' id='word_1_631' title='bbox 3028 2840 3308 2915; x_wconf 89' lang='lat' dir='ltr'><strong>pieatque</strong></span> <span class='ocrx_word' id='word_1_632' title='bbox 3321 2851 3656 2906; x_wconf 89' lang='lat' dir='ltr'><strong>constanter</strong></span> 
     </span>
    </p>
   </div>
   <div class='ocr_carea' id='block_1_91' title="bbox 2006 2915 3656 2994">
    <p class='ocr_par' dir='ltr' id='par_1_91' title="bbox 2006 2915 3656 2994">
     <span class='ocr_line' id='line_1_93' title="bbox 2006 2915 3656 2994; baseline 0.017 -27"><span class='ocrx_word' id='word_1_633' title='bbox 2006 2915 2303 2986; x_wconf 89' lang='lat' dir='ltr'><strong>possimus</strong></span> <span class='ocrx_word' id='word_1_634' title='bbox 2316 2917 2506 2975; x_wconf 90' lang='lat' dir='ltr'><strong>dicere</strong></span> <span class='ocrx_word' id='word_1_635' title='bbox 2519 2923 2797 2992; x_wconf 88' lang='lat' dir='ltr'><strong>quoniam</strong></span> <span class='ocrx_word' id='word_1_636' title='bbox 2815 2924 2873 2980; x_wconf 90' lang='lat' dir='ltr'><strong>in</strong></span> <span class='ocrx_word' id='word_1_637' title='bbox 2892 2925 3009 2983; x_wconf 88' lang='lat' dir='ltr'><strong>illis</strong></span> <span class='ocrx_word' id='word_1_638' title='bbox 3025 2927 3106 2990; x_wconf 86' lang='lat' dir='ltr'><strong>(h)</strong></span> <span class='ocrx_word' id='word_1_639' title='bbox 3126 2935 3299 2988; x_wconf 89' lang='lat' dir='ltr'><strong>etnos</strong></span> <span class='ocrx_word' id='word_1_640' title='bbox 3315 2935 3529 2992; x_wconf 90' lang='lat' dir='ltr'><strong>eruditi</strong></span> <span class='ocrx_word' id='word_1_641' title='bbox 3548 2954 3656 2994; x_wconf 87' lang='lat' dir='ltr'><strong>su-</strong></span> 
     </span>
    </p>
   </div>
   <div class='ocr_carea' id='block_1_92' title="bbox 2006 3007 3656 3091">
    <p class='ocr_par' dir='ltr' id='par_1_92' title="bbox 2006 3007 3656 3091">
     <span class='ocr_line' id='line_1_94' title="bbox 2006 3007 3656 3091; baseline 0.016 -34"><span class='ocrx_word' id='word_1_642' title='bbox 2006 3019 2160 3072; x_wconf 90' lang='lat' dir='ltr'><strong>mus,</strong></span> <span class='ocrx_word' id='word_1_643' title='bbox 2193 3009 2250 3061; x_wconf 91' lang='lat' dir='ltr'><strong>et</strong></span> <span class='ocrx_word' id='word_1_644' title='bbox 2281 3009 2431 3078; x_wconf 90' lang='lat' dir='ltr'><strong>quod</strong></span> <span class='ocrx_word' id='word_1_645' title='bbox 2456 3007 2726 3068; x_wconf 89' lang='lat' dir='ltr'><strong>viderunt</strong></span> <span class='ocrx_word' id='word_1_646' title='bbox 2749 3013 3026 3087; x_wconf 83' lang='lat' dir='ltr'><strong>vidimus,</strong></span> <span class='ocrx_word' id='word_1_647' title='bbox 3060 3021 3117 3074; x_wconf 92' lang='lat' dir='ltr'><strong>et</strong></span> <span class='ocrx_word' id='word_1_648' title='bbox 3138 3021 3290 3091; x_wconf 91' lang='lat' dir='ltr'><strong>quod</strong></span> <span class='ocrx_word' id='word_1_649' title='bbox 3325 3023 3656 3084; x_wconf 90' lang='lat' dir='ltr'><strong>didicerunt</strong></span> 
     </span>
    </p>
   </div>
   <div class='ocr_carea' id='block_1_93' title="bbox 2005 3092 3657 3185">
    <p class='ocr_par' dir='ltr' id='par_1_93' title="bbox 2005 3092 3657 3185">
     <span class='ocr_line' id='line_1_95' title="bbox 2005 3092 3657 3185; baseline 0.016 -39"><span class='ocrx_word' id='word_1_650' title='bbox 2005 3092 2342 3185; x_wconf 82' lang='lat' dir='ltr'><strong>didicimus,</strong></span> <span class='ocrx_word' id='word_1_651' title='bbox 2377 3100 2618 3170; x_wconf 90' lang='lat' dir='ltr'><strong>etquod</strong></span> <span class='ocrx_word' id='word_1_652' title='bbox 2659 3106 3162 3162; x_wconf 76' lang='lat' dir='ltr'><strong>contrectaverunt</strong></span> <span class='ocrx_word' id='word_1_653' title='bbox 3209 3110 3577 3184; x_wconf 88' lang='lat' dir='ltr'><strong>palpavimus</strong></span> <span class='ocrx_word' id='word_1_654' title='bbox 3608 3118 3657 3185; x_wconf 86' lang='grc' dir='ltr'><strong>(Ι</strong></span> 
     </span>
    </p>
   </div>
   <div class='ocr_carea' id='block_1_94' title="bbox 2004 3182 3653 3262">
    <p class='ocr_par' dir='ltr' id='par_1_94' title="bbox 2004 3182 3653 3262">
     <span class='ocr_line' id='line_1_96' title="bbox 2004 3182 3653 3262; baseline 0.015 -26"><span class='ocrx_word' id='word_1_655' title='bbox 2004 3182 2162 3237; x_wconf 87' lang='lat' dir='ltr'><strong>Joan.</strong></span> <span class='ocrx_word' id='word_1_656' title='bbox 2196 3200 2235 3249; x_wconf 84' lang='lat'><strong>1,</strong></span> <span class='ocrx_word' id='word_1_657' title='bbox 2275 3191 2292 3240; x_wconf 88' lang='grc'><strong>1</strong></span> <span class='ocrx_word' id='word_1_658' title='bbox 2299 3192 2345 3254; x_wconf 84' lang='lat'><strong>);</strong></span> <span class='ocrx_word' id='word_1_659' title='bbox 2379 3189 2437 3241; x_wconf 88' lang='lat' dir='ltr'><strong>et</strong></span> <span class='ocrx_word' id='word_1_660' title='bbox 2464 3186 2592 3243; x_wconf 91' lang='lat' dir='ltr'><strong>ideo</strong></span> <span class='ocrx_word' id='word_1_661' title='bbox 2622 3188 2681 3244; x_wconf 91' lang='lat' dir='ltr'><strong>in</strong></span> <span class='ocrx_word' id='word_1_662' title='bbox 2713 3192 2952 3262; x_wconf 89' lang='lat' dir='ltr'><strong>pasione</strong></span> <span class='ocrx_word' id='word_1_663' title='bbox 2981 3194 3212 3252; x_wconf 90' lang='lat' dir='ltr'><strong>Domini</strong></span> <span class='ocrx_word' id='word_1_664' title='bbox 3260 3182 3375 3256; x_wconf 81' lang='lat' dir='ltr'><strong>non</strong></span> <span class='ocrx_word' id='word_1_665' title='bbox 3417 3182 3653 3261; x_wconf 82' lang='lat' dir='ltr'><strong>contur-</strong></span> 
     </span>
    </p>
   </div>
   <div class='ocr_carea' id='block_1_95' title="bbox 2004 3269 3349 3349">
    <p class='ocr_par' dir='ltr' id='par_1_95' title="bbox 2004 3269 3349 3349">
     <span class='ocr_line' id='line_1_97' title="bbox 2004 3269 3349 3349; baseline 0.014 -25"><span class='ocrx_word' id='word_1_666' title='bbox 2004 3269 2230 3340; x_wconf 85' lang='lat' dir='ltr'><strong>bamur,</strong></span> <span class='ocrx_word' id='word_1_667' title='bbox 2266 3273 2404 3344; x_wconf 90' lang='lat' dir='ltr'><strong>quia</strong></span> <span class='ocrx_word' id='word_1_668' title='bbox 2435 3274 2491 3329; x_wconf 90' lang='lat' dir='ltr'><strong>in</strong></span> <span class='ocrx_word' id='word_1_669' title='bbox 2526 3279 2896 3349; x_wconf 84' lang='lat' dir='ltr'><strong>generatione</strong></span> <span class='ocrx_word' id='word_1_670' title='bbox 2927 3298 3040 3338; x_wconf 90' lang='lat' dir='ltr'><strong>non</strong></span> <span class='ocrx_word' id='word_1_671' title='bbox 3068 3283 3349 3343; x_wconf 82' lang='lat' dir='ltr'><strong>fallimur.</strong></span> 
     </span>
    </p>
   </div>
   <div class='ocr_carea' id='block_1_96' title="bbox 2073 3386 3652 3473">
    <p class='ocr_par' dir='ltr' id='par_1_96' title="bbox 2073 3386 3652 3473">
     <span class='ocr_line' id='line_1_98' title="bbox 2073 3386 3652 3473; baseline 0.016 -32"><span class='ocrx_word' id='word_1_672' title='bbox 2073 3386 2205 3442; x_wconf 78' lang='lat' dir='ltr'><strong>CAP.</strong></span> <span class='ocrx_word' id='word_1_673' title='bbox 2240 3388 2304 3445; x_wconf 87' lang='lat' dir='ltr'><strong>II.</strong></span> <span class='ocrx_word' id='word_1_674' title='bbox 2340 3420 2407 3430; x_wconf 88' lang='lat'><strong>-—</strong></span> <span class='ocrx_word' id='word_1_675' title='bbox 2433 3390 2665 3449; x_wconf 89' lang='lat' dir='ltr'><strong>Scimus</strong></span> <span class='ocrx_word' id='word_1_676' title='bbox 2721 3396 2957 3465; x_wconf 90' lang='lat' dir='ltr'><strong>etenim,</strong></span> <span class='ocrx_word' id='word_1_677' title='bbox 3008 3399 3395 3473; x_wconf 88' lang='lat' dir='ltr'><strong>dilectissimi,</strong></span> <span class='ocrx_word' id='word_1_678' title='bbox 3447 3412 3504 3463; x_wconf 88' lang='lat' dir='ltr'><strong>et</strong></span> <span class='ocrx_word' id='word_1_679' title='bbox 3531 3413 3652 3466; x_wconf 87' lang='lat' dir='ltr'><strong>toto</strong></span> 
     </span>
    </p>
   </div>
   <div class='ocr_carea' id='block_1_97' title="bbox 2002 3475 3648 3563">
    <p class='ocr_par' dir='ltr' id='par_1_97' title="bbox 2002 3475 3648 3563">
     <span class='ocr_line' id='line_1_99' title="bbox 2002 3475 3648 3563; baseline 0.016 -35"><span class='ocrx_word' id='word_1_680' title='bbox 2002 3475 2171 3530; x_wconf 90' lang='lat' dir='ltr'><strong>corde</strong></span> <span class='ocrx_word' id='word_1_681' title='bbox 2202 3479 2563 3548; x_wconf 86' lang='lat' dir='ltr'><strong>proﬁtemur,</strong></span> <span class='ocrx_word' id='word_1_682' title='bbox 2598 3482 2804 3549; x_wconf 89' lang='lat' dir='ltr'><strong>Patris,</strong></span> <span class='ocrx_word' id='word_1_683' title='bbox 2837 3487 2894 3539; x_wconf 91' lang='lat' dir='ltr'><strong>et</strong></span> <span class='ocrx_word' id='word_1_684' title='bbox 2926 3484 3073 3554; x_wconf 87' lang='lat' dir='ltr'><strong>Filii,</strong></span> <span class='ocrx_word' id='word_1_685' title='bbox 3105 3494 3162 3544; x_wconf 88' lang='lat' dir='ltr'><strong>et</strong></span> <span class='ocrx_word' id='word_1_686' title='bbox 3188 3491 3440 3563; x_wconf 88' lang='lat' dir='ltr'><strong>Spiritus</strong></span> <span class='ocrx_word' id='word_1_687' title='bbox 3461 3499 3648 3554; x_wconf 89' lang='lat' dir='ltr'><strong>sancti</strong></span> 
     </span>
    </p>
   </div>
   <div class='ocr_carea' id='block_1_98' title="bbox 2004 3568 3648 3654">
    <p class='ocr_par' dir='ltr' id='par_1_98' title="bbox 2004 3568 3648 3654">
     <span class='ocr_line' id='line_1_100' title="bbox 2004 3568 3648 3654; baseline 0.016 -38"><span class='ocrx_word' id='word_1_688' title='bbox 2004 3579 2179 3618; x_wconf 88' lang='lat' dir='ltr'><strong>unam</strong></span> <span class='ocrx_word' id='word_1_689' title='bbox 2196 3568 2693 3637; x_wconf 88' lang='lat' dir='ltr'><strong>esseDeitatem,et</strong></span> <span class='ocrx_word' id='word_1_690' title='bbox 2705 3573 3266 3634; x_wconf 86' lang='lat' dir='ltr'><strong>consubstantialem</strong></span> <span class='ocrx_word' id='word_1_691' title='bbox 3280 3584 3648 3654; x_wconf 69' lang='lat' dir='ltr'><strong>sempiternae</strong></span> 
     </span>
    </p>
   </div>
   <div class='ocr_carea' id='block_1_99' title="bbox 2002 3652 3649 3738">
    <p class='ocr_par' dir='ltr' id='par_1_99' title="bbox 2002 3652 3649 3738">
     <span class='ocr_line' id='line_1_101' title="bbox 2002 3652 3649 3738; baseline 0.015 -32"><span class='ocrx_word' id='word_1_692' title='bbox 2002 3652 2306 3709; x_wconf 82' lang='lat' dir='ltr'><strong>Trinitatis</strong></span> <span class='ocrx_word' id='word_1_693' title='bbox 2334 3656 2669 3727; x_wconf 90' lang='lat' dir='ltr'><strong>essentiam,</strong></span> <span class='ocrx_word' id='word_1_694' title='bbox 2705 3660 2762 3714; x_wconf 89' lang='lat' dir='ltr'><strong>in</strong></span> <span class='ocrx_word' id='word_1_695' title='bbox 2790 3661 2997 3719; x_wconf 90' lang='lat' dir='ltr'><strong>nulloa</strong></span> <span class='ocrx_word' id='word_1_696' title='bbox 3028 3681 3089 3721; x_wconf 90' lang='lat' dir='ltr'><strong>se</strong></span> <span class='ocrx_word' id='word_1_697' title='bbox 3119 3666 3387 3738; x_wconf 89' lang='lat' dir='ltr'><strong>divisam,</strong></span> <span class='ocrx_word' id='word_1_698' title='bbox 3408 3652 3467 3727; x_wconf 77' lang='lat' dir='ltr'><strong>in</strong></span> <span class='ocrx_word' id='word_1_699' title='bbox 3486 3673 3649 3731; x_wconf 92' lang='lat' dir='ltr'><strong>nullo</strong></span> 
     </span>
    </p>
   </div>
   <div class='ocr_carea' id='block_1_100' title="bbox 2000 3755 3651 3836">
    <p class='ocr_par' dir='ltr' id='par_1_100' title="bbox 2000 3755 3651 3836">
     <span class='ocr_line' id='line_1_102' title="bbox 2000 3755 3651 3836; baseline 0.01 -25"><span class='ocrx_word' id='word_1_700' title='bbox 2000 3770 2128 3811; x_wconf 90' lang='lat' dir='ltr'><strong>esse</strong></span> <span class='ocrx_word' id='word_1_701' title='bbox 2141 3756 2452 3824; x_wconf 88' lang='lat' dir='ltr'><strong>diversam,</strong></span> <span class='ocrx_word' id='word_1_702' title='bbox 2471 3755 3332 3836; x_wconf 86' lang='lat' dir='ltr'><strong>quiasimulestintemporalis,</strong></span> <span class='ocrx_word' id='word_1_703' title='bbox 3361 3768 3539 3826; x_wconf 89' lang='lat' dir='ltr'><strong>simul</strong></span> <span class='ocrx_word' id='word_1_704' title='bbox 3560 3775 3651 3828; x_wconf 87' lang='lat' dir='ltr'><strong>est</strong></span> 
     </span>
    </p>
   </div>
   <div class='ocr_carea' id='block_1_101' title="bbox 2001 3843 3646 3920">
    <p class='ocr_par' dir='ltr' id='par_1_101' title="bbox 2001 3843 3646 3920">
     <span class='ocr_line' id='line_1_103' title="bbox 2001 3843 3646 3920; baseline 0.01 -20"><span class='ocrx_word' id='word_1_705' title='bbox 2001 3843 2519 3911; x_wconf 88' lang='lat' dir='ltr'><strong>incommutabilis,</strong></span> <span class='ocrx_word' id='word_1_706' title='bbox 2552 3845 2729 3902; x_wconf 88' lang='lat' dir='ltr'><strong>simul</strong></span> <span class='ocrx_word' id='word_1_707' title='bbox 2759 3850 2913 3920; x_wconf 91' lang='lat' dir='ltr'><strong>quod</strong></span> <span class='ocrx_word' id='word_1_708' title='bbox 2936 3856 3044 3918; x_wconf 89' lang='lat' dir='ltr'><strong>est,</strong></span> <span class='ocrx_word' id='word_1_709' title='bbox 3077 3869 3332 3912; x_wconf 88' lang='lat' dir='ltr'><strong>essenon</strong></span> <span class='ocrx_word' id='word_1_710' title='bbox 3349 3858 3646 3917; x_wconf 88' lang='lat' dir='ltr'><strong>desinens.</strong></span> 
     </span>
    </p>
   </div>
   <div class='ocr_carea' id='block_1_102' title="bbox 2000 3934 3647 4021">
    <p class='ocr_par' dir='ltr' id='par_1_102' title="bbox 2000 3934 3647 4021">
     <span class='ocr_line' id='line_1_104' title="bbox 2000 3934 3647 4021; baseline 0.011 -31"><span class='ocrx_word' id='word_1_711' title='bbox 2000 3934 2063 3990; x_wconf 91' lang='lat' dir='ltr'><strong>In</strong></span> <span class='ocrx_word' id='word_1_712' title='bbox 2093 3934 2203 3990; x_wconf 87' lang='lat' dir='ltr'><strong>hac</strong></span> <span class='ocrx_word' id='word_1_713' title='bbox 2235 3939 2430 3991; x_wconf 86' lang='lat' dir='ltr'><strong>autem</strong></span> <span class='ocrx_word' id='word_1_714' title='bbox 2460 3935 2737 3991; x_wconf 74' lang='lat' dir='ltr'><strong>ineffabili</strong></span> <span class='ocrx_word' id='word_1_715' title='bbox 2768 3938 2995 3996; x_wconf 86' lang='lat' dir='ltr'><strong>unitate</strong></span> <span class='ocrx_word' id='word_1_716' title='bbox 3026 3943 3352 4015; x_wconf 87' lang='lat' dir='ltr'><strong>Trinitatis,</strong></span> <span class='ocrx_word' id='word_1_717' title='bbox 3384 3949 3553 4021; x_wconf 88' lang='lat' dir='ltr'><strong>cujus</strong></span> <span class='ocrx_word' id='word_1_718' title='bbox 3585 3951 3647 4007; x_wconf 89' lang='lat' dir='ltr'><strong>in</strong></span> 
     </span>
    </p>
   </div>
   <div class='ocr_carea' id='block_1_103' title="bbox 2001 4024 3649 4111">
    <p class='ocr_par' dir='ltr' id='par_1_103' title="bbox 2001 4024 3649 4111">
     <span class='ocr_line' id='line_1_105' title="bbox 2001 4024 3649 4111; baseline 0.01 -32"><span class='ocrx_word' id='word_1_719' title='bbox 2001 4024 2276 4080; x_wconf 88' lang='lat' dir='ltr'><strong>omnibus</strong></span> <span class='ocrx_word' id='word_1_720' title='bbox 2288 4024 2623 4079; x_wconf 88' lang='lat' dir='ltr'><strong>communia</strong></span> <span class='ocrx_word' id='word_1_721' title='bbox 2637 4029 2963 4100; x_wconf 88' lang='lat' dir='ltr'><strong>suntopera</strong></span> <span class='ocrx_word' id='word_1_722' title='bbox 2974 4034 3149 4102; x_wconf 87' lang='lat' dir='ltr'><strong>atque</strong></span> <span class='ocrx_word' id='word_1_723' title='bbox 3156 4032 3401 4105; x_wconf 89' lang='lat' dir='ltr'><strong>judicia,</strong></span> <span class='ocrx_word' id='word_1_724' title='bbox 3423 4054 3649 4111; x_wconf 90' lang='lat' dir='ltr'><strong>repara-</strong></span> 
     </span>
    </p>
   </div>
   <div class='ocr_carea' id='block_1_104' title="bbox 2000 4112 3650 4195">
    <p class='ocr_par' dir='ltr' id='par_1_104' title="bbox 2000 4112 3650 4195">
     <span class='ocr_line' id='line_1_106' title="bbox 2000 4112 3650 4195; baseline 0.012 -29"><span class='ocrx_word' id='word_1_725' title='bbox 2000 4113 2221 4168; x_wconf 87' lang='lat' dir='ltr'><strong>tionem</strong></span> <span class='ocrx_word' id='word_1_726' title='bbox 2252 4112 2492 4168; x_wconf 88' lang='lat' dir='ltr'><strong>humani</strong></span> <span class='ocrx_word' id='word_1_727' title='bbox 2527 4115 2758 4187; x_wconf 89' lang='lat' dir='ltr'><strong>generis</strong></span> <span class='ocrx_word' id='word_1_728' title='bbox 2790 4118 3019 4189; x_wconf 84' lang='lat' dir='ltr'><strong>proprie</strong></span> <span class='ocrx_word' id='word_1_729' title='bbox 3039 4119 3166 4176; x_wconf 90' lang='lat' dir='ltr'><strong>Filii</strong></span> <span class='ocrx_word' id='word_1_730' title='bbox 3184 4139 3434 4195; x_wconf 90' lang='lat' dir='ltr'><strong>persona</strong></span> <span class='ocrx_word' id='word_1_731' title='bbox 3455 4143 3650 4184; x_wconf 87' lang='lat' dir='ltr'><strong>susce-</strong></span> 
     </span>
    </p>
   </div>
   <div class='ocr_carea' id='block_1_105' title="bbox 1999 4201 3644 4287">
    <p class='ocr_par' dir='ltr' id='par_1_105' title="bbox 1999 4201 3644 4287">
     <span class='ocr_line' id='line_1_107' title="bbox 1999 4201 3644 4287; baseline 0.009 -31"><span class='ocrx_word' id='word_1_732' title='bbox 1999 4201 2102 4274; x_wconf 88' lang='lat' dir='ltr'><strong>pit:</strong></span> <span class='ocrx_word' id='word_1_733' title='bbox 2133 4207 2199 4257; x_wconf 89' lang='lat' dir='ltr'><strong>ut</strong></span> <span class='ocrx_word' id='word_1_734' title='bbox 2228 4201 2506 4273; x_wconf 88' lang='lat' dir='ltr'><strong>quoniam</strong></span> <span class='ocrx_word' id='word_1_735' title='bbox 2541 4203 2663 4276; x_wconf 89' lang='lat' dir='ltr'><strong>ipse</strong></span> <span class='ocrx_word' id='word_1_736' title='bbox 2693 4208 2800 4273; x_wconf 87' lang='lat' dir='ltr'><strong>est,</strong></span> <span class='ocrx_word' id='word_1_737' title='bbox 2820 4223 2921 4277; x_wconf 84' lang='lat' dir='ltr'><strong>per</strong></span> <span class='ocrx_word' id='word_1_738' title='bbox 2943 4224 3102 4279; x_wconf 83' lang='lat' dir='ltr'><strong>quem</strong></span> <span class='ocrx_word' id='word_1_739' title='bbox 3122 4214 3315 4269; x_wconf 84' lang='lat' dir='ltr'><strong>omnia</strong></span> <span class='ocrx_word' id='word_1_740' title='bbox 3327 4216 3476 4287; x_wconf 81' lang='lat' dir='ltr'><strong>facta</strong></span> <span class='ocrx_word' id='word_1_741' title='bbox 3492 4221 3644 4286; x_wconf 83' lang='lat' dir='ltr'><strong>sunt,</strong></span> 
     </span>
    </p>
   </div>
   <div class='ocr_carea' id='block_1_106' title="bbox 1997 4293 3648 4377">
    <p class='ocr_par' dir='ltr' id='par_1_106' title="bbox 1997 4293 3648 4377">
     <span class='ocr_line' id='line_1_108' title="bbox 1997 4293 3648 4377; baseline 0.009 -30"><span class='ocrx_word' id='word_1_742' title='bbox 1997 4301 2048 4363; x_wconf 74' lang='lat' dir='ltr'><strong>ct</strong></span> <span class='ocrx_word' id='word_1_743' title='bbox 2078 4293 2197 4348; x_wconf 84' lang='lat' dir='ltr'><strong>sine</strong></span> <span class='ocrx_word' id='word_1_744' title='bbox 2225 4308 2329 4363; x_wconf 84' lang='lat' dir='ltr'><strong>quo</strong></span> <span class='ocrx_word' id='word_1_745' title='bbox 2357 4293 2570 4363; x_wconf 83' lang='lat' dir='ltr'><strong>factum</strong></span> <span class='ocrx_word' id='word_1_746' title='bbox 2597 4302 2675 4348; x_wconf 80' lang='lat' dir='ltr'><strong>est</strong></span> <span class='ocrx_word' id='word_1_747' title='bbox 2704 4295 2850 4349; x_wconf 83' lang='lat' dir='ltr'><strong>nihil</strong></span> <span class='ocrx_word' id='word_1_748' title='bbox 2872 4296 3048 4367; x_wconf 87' lang='lat' dir='ltr'><strong>(Joan.</strong></span> <span class='ocrx_word' id='word_1_749' title='bbox 3077 4315 3115 4361; x_wconf 82' lang='grc' dir='ltr'><strong>ι.</strong></span> <span class='ocrx_word' id='word_1_750' title='bbox 3148 4300 3227 4372; x_wconf 90' lang='grc'><strong>3),</strong></span> <span class='ocrx_word' id='word_1_751' title='bbox 3261 4302 3476 4375; x_wconf 88' lang='lat' dir='ltr'><strong>quique</strong></span> <span class='ocrx_word' id='word_1_752' title='bbox 3499 4304 3648 4377; x_wconf 85' lang='lat' dir='ltr'><strong>plas-</strong></span> 
     </span>
    </p>
   </div>
   <div class='ocr_carea' id='block_1_107' title="bbox 1999 4389 3645 4459">
    <p class='ocr_par' dir='ltr' id='par_1_107' title="bbox 1999 4389 3645 4459">
     <span class='ocr_line' id='line_1_109' title="bbox 1999 4389 3645 4459; baseline 0.007 -12"><span class='ocrx_word' id='word_1_753' title='bbox 1999 4395 2224 4447; x_wconf 88' lang='lat' dir='ltr'><strong>matum</strong></span> <span class='ocrx_word' id='word_1_754' title='bbox 2255 4390 2327 4446; x_wconf 92' lang='lat' dir='ltr'><strong>de</strong></span> <span class='ocrx_word' id='word_1_755' title='bbox 2357 4389 2497 4446; x_wconf 92' lang='lat' dir='ltr'><strong>limo</strong></span> <span class='ocrx_word' id='word_1_756' title='bbox 2528 4394 2693 4446; x_wconf 66' lang='lat' dir='ltr'><strong>terra:</strong></span> <span class='ocrx_word' id='word_1_757' title='bbox 2713 4391 3008 4451; x_wconf 91' lang='lat' dir='ltr'><strong>hominem</strong></span> <span class='ocrx_word' id='word_1_758' title='bbox 3040 4396 3181 4452; x_wconf 87' lang='lat' dir='ltr'><strong>ﬂatu</strong></span> <span class='ocrx_word' id='word_1_759' title='bbox 3199 4398 3327 4455; x_wconf 77' lang='lat' dir='ltr'><strong>vitae</strong></span> <span class='ocrx_word' id='word_1_760' title='bbox 3345 4392 3645 4459; x_wconf 83' lang='lat' dir='ltr'><strong>rationalis</strong></span> 
     </span>
    </p>
   </div>
   <div class='ocr_carea' id='block_1_108' title="bbox 1997 4480 3645 4547">
    <p class='ocr_par' dir='ltr' id='par_1_108' title="bbox 1997 4480 3645 4547">
     <span class='ocr_line' id='line_1_110' title="bbox 1997 4480 3645 4547; baseline 0.006 -10"><span class='ocrx_word' id='word_1_761' title='bbox 1997 4480 2302 4547; x_wconf 89' lang='lat' dir='ltr'><strong>animavit,</strong></span> <span class='ocrx_word' id='word_1_762' title='bbox 2326 4480 2480 4535; x_wconf 89' lang='lat' dir='ltr'><strong>idem</strong></span> <span class='ocrx_word' id='word_1_763' title='bbox 2498 4483 2768 4537; x_wconf 91' lang='lat' dir='ltr'><strong>naturam</strong></span> <span class='ocrx_word' id='word_1_764' title='bbox 2796 4487 3061 4539; x_wconf 87' lang='lat' dir='ltr'><strong>nostram</strong></span> <span class='ocrx_word' id='word_1_765' title='bbox 3075 4485 3147 4540; x_wconf 92' lang='lat' dir='ltr'><strong>ab</strong></span> <span class='ocrx_word' id='word_1_766' title='bbox 3160 4487 3499 4545; x_wconf 67' lang='lat' dir='ltr'><strong>aeternitatis</strong></span> <span class='ocrx_word' id='word_1_767' title='bbox 3513 4507 3645 4547; x_wconf 88' lang='lat' dir='ltr'><strong>arce</strong></span> 
     </span>
    </p>
   </div>
   <div class='ocr_carea' id='block_1_109' title="bbox 1874 4569 3642 4651">
    <p class='ocr_par' dir='ltr' id='par_1_109' title="bbox 1874 4569 3642 4651">
     <span class='ocr_line' id='line_1_111' title="bbox 1874 4569 3642 4651; baseline 0.005 -23"><span class='ocrx_word' id='word_1_768' title='bbox 1874 4641 1884 4651; x_wconf 34' lang='grc' dir='ltr'>ι</span> <span class='ocrx_word' id='word_1_769' title='bbox 1912 4576 1961 4643; x_wconf 86' lang='lat' dir='ltr'><strong>D</strong></span> <span class='ocrx_word' id='word_1_770' title='bbox 1993 4573 2277 4643; x_wconf 86' lang='lat' dir='ltr'><strong>dejectam</strong></span> <span class='ocrx_word' id='word_1_771' title='bbox 2311 4569 2542 4625; x_wconf 64' lang='lat' dir='ltr'><strong>amissaa</strong></span> <span class='ocrx_word' id='word_1_772' title='bbox 2566 4570 3206 4645; x_wconf 86' lang='lat' dir='ltr'><strong>restitueretdignitati,</strong></span> <span class='ocrx_word' id='word_1_773' title='bbox 3240 4581 3297 4632; x_wconf 91' lang='lat' dir='ltr'><strong>et</strong></span> <span class='ocrx_word' id='word_1_774' title='bbox 3327 4578 3496 4649; x_wconf 84' lang='lat' dir='ltr'><strong>cujus</strong></span> <span class='ocrx_word' id='word_1_775' title='bbox 3518 4584 3642 4637; x_wconf 89' lang='lat' dir='ltr'><strong>erat</strong></span> 
     </span>
    </p>
   </div>
   <div class='ocr_carea' id='block_1_110' title="bbox 1992 4659 3645 4726">
    <p class='ocr_par' dir='ltr' id='par_1_110' title="bbox 1992 4659 3645 4726">
     <span class='ocr_line' id='line_1_112' title="bbox 1992 4659 3645 4726; baseline 0.005 -9"><span class='ocrx_word' id='word_1_776' title='bbox 1992 4659 2623 4726; x_wconf 87' lang='lat' dir='ltr'><strong>conditor,essctetiam</strong></span> <span class='ocrx_word' id='word_1_777' title='bbox 2652 4659 3011 4716; x_wconf 83' lang='lat' dir='ltr'><strong>reformator:</strong></span> <span class='ocrx_word' id='word_1_778' title='bbox 3028 4662 3112 4718; x_wconf 91' lang='lat' dir='ltr'><strong>sic</strong></span> <span class='ocrx_word' id='word_1_779' title='bbox 3139 4665 3451 4722; x_wconf 90' lang='lat' dir='ltr'><strong>consilium</strong></span> <span class='ocrx_word' id='word_1_780' title='bbox 3468 4685 3645 4726; x_wconf 82' lang='lat' dir='ltr'><strong>suum</strong></span> 
     </span>
    </p>
   </div>
   <div class='ocr_carea' id='block_1_111' title="bbox 1991 4748 3648 4823">
    <p class='ocr_par' dir='ltr' id='par_1_111' title="bbox 1991 4748 3648 4823">
     <span class='ocr_line' id='line_1_113' title="bbox 1991 4748 3648 4823; baseline 0.006 -17"><span class='ocrx_word' id='word_1_781' title='bbox 1991 4750 2250 4823; x_wconf 87' lang='lat' dir='ltr'><strong>dirigens</strong></span> <span class='ocrx_word' id='word_1_782' title='bbox 2275 4748 2334 4803; x_wconf 87' lang='lat' dir='ltr'><strong>in</strong></span> <span class='ocrx_word' id='word_1_783' title='bbox 2366 4749 2657 4814; x_wconf 80' lang='lat' dir='ltr'><strong>affectum,</strong></span> <span class='ocrx_word' id='word_1_784' title='bbox 2682 4749 3310 4822; x_wconf 55' lang='lat' dir='ltr'><strong>utad,dominationem</strong></span> <span class='ocrx_word' id='word_1_785' title='bbox 3327 4756 3648 4817; x_wconf 82' lang='lat' dir='ltr'><strong>diabolide-</strong></span> 
     </span>
    </p>
   </div>
   <div class='ocr_carea' id='block_1_112' title="bbox 1991 4836 3640 4921">
    <p class='ocr_par' dir='ltr' id='par_1_112' title="bbox 1991 4836 3640 4921">
     <span class='ocr_line' id='line_1_114' title="bbox 1991 4836 3640 4921; baseline 0.005 -25"><span class='ocrx_word' id='word_1_786' title='bbox 1991 4840 2330 4896; x_wconf 89' lang='lat' dir='ltr'><strong>struendam</strong></span> <span class='ocrx_word' id='word_1_787' title='bbox 2344 4836 2532 4910; x_wconf 89' lang='lat' dir='ltr'><strong>magis</strong></span> <span class='ocrx_word' id='word_1_788' title='bbox 2550 4841 2811 4893; x_wconf 89' lang='lat' dir='ltr'><strong>uteretur</strong></span> <span class='ocrx_word' id='word_1_789' title='bbox 2830 4839 3063 4910; x_wconf 88' lang='lat' dir='ltr'><strong>justitia</strong></span> <span class='ocrx_word' id='word_1_790' title='bbox 3079 4843 3321 4902; x_wconf 90' lang='lat' dir='ltr'><strong>rationis</strong></span> <span class='ocrx_word' id='word_1_791' title='bbox 3343 4863 3521 4920; x_wconf 89' lang='lat' dir='ltr'><strong>quam</strong></span> <span class='ocrx_word' id='word_1_792' title='bbox 3539 4866 3640 4921; x_wconf 88' lang='lat' dir='ltr'><strong>po-</strong></span> 
     </span>
    </p>
   </div>
   <div class='ocr_carea' id='block_1_113' title="bbox 1990 4926 3646 5002">
    <p class='ocr_par' dir='ltr' id='par_1_113' title="bbox 1990 4926 3646 5002">
     <span class='ocr_line' id='line_1_115' title="bbox 1990 4926 3646 5002; baseline 0.006 -18"><span class='ocrx_word' id='word_1_793' title='bbox 1990 4932 2192 4984; x_wconf 88' lang='lat' dir='ltr'><strong>testate</strong></span> <span class='ocrx_word' id='word_1_794' title='bbox 2223 4926 2471 4983; x_wconf 88' lang='lat' dir='ltr'><strong>virtutis.</strong></span> <span class='ocrx_word' id='word_1_795' title='bbox 2507 4926 2653 4993; x_wconf 86' lang='lat' dir='ltr'><strong>Quia</strong></span> <span class='ocrx_word' id='word_1_796' title='bbox 2681 4944 2818 5001; x_wconf 87' lang='lat' dir='ltr'><strong>ergo</strong></span> <span class='ocrx_word' id='word_1_797' title='bbox 2857 4929 3033 5002; x_wconf 87' lang='lat' dir='ltr'><strong>primi</strong></span> <span class='ocrx_word' id='word_1_798' title='bbox 3063 4931 3321 4991; x_wconf 90' lang='lat' dir='ltr'><strong>hominis</strong></span> <span class='ocrx_word' id='word_1_799' title='bbox 3371 4936 3646 4993; x_wconf 86' lang='lat' dir='ltr'><strong>universa</strong></span> 
     </span>
    </p>
   </div>
   <div class='ocr_carea' id='block_1_114' title="bbox 1991 5052 2961 5123">
    <p class='ocr_par' dir='ltr' id='par_1_114' title="bbox 1991 5052 2961 5123">
     <span class='ocr_line' id='line_1_116' title="bbox 1991 5052 2961 5123; baseline 0.003 -14"><span class='ocrx_word' id='word_1_800' title='bbox 1991 5058 2046 5109; x_wconf 90' lang='lat' dir='ltr'><strong>et</strong></span> <span class='ocrx_word' id='word_1_801' title='bbox 2076 5052 2187 5108; x_wconf 84' lang='lat' dir='ltr'><strong>alio</strong></span> <span class='ocrx_word' id='word_1_802' title='bbox 2219 5053 2348 5107; x_wconf 85' lang='lat' dir='ltr'><strong>Vat.</strong></span> <span class='ocrx_word' id='word_1_803' title='bbox 2380 5069 2446 5106; x_wconf 88' lang='lat' dir='ltr'><strong>ac</strong></span> <span class='ocrx_word' id='word_1_804' title='bbox 2474 5053 2661 5123; x_wconf 87' lang='lat' dir='ltr'><strong>prima</strong></span> <span class='ocrx_word' id='word_1_805' title='bbox 2691 5054 2961 5112; x_wconf 86' lang='lat' dir='ltr'><strong>editione.</strong></span> 
     </span>
    </p>
   </div>
   <div class='ocr_carea' id='block_1_115' title="bbox 2062 5123 3643 5250">
    <p class='ocr_par' dir='ltr' id='par_1_115' title="bbox 2062 5123 3643 5250">
     <span class='ocr_line' id='line_1_117' title="bbox 2062 5123 3643 5250; baseline 0.006 -71"><span class='ocrx_word' id='word_1_806' title='bbox 2062 5125 2137 5250; x_wconf 48' lang='lat' dir='ltr'><strong>(cf</strong></span> <span class='ocrx_word' id='word_1_807' title='bbox 2173 5127 2253 5178; x_wconf 85' lang='lat' dir='ltr'><strong>tta</strong></span> <span class='ocrx_word' id='word_1_808' title='bbox 2285 5123 2734 5187; x_wconf 86' lang='lat' dir='ltr'><strong>cquuesnello</strong></span> <span class='ocrx_word' id='word_1_809' title='bbox 2755 5130 2872 5182; x_wconf 88' lang='lat' dir='ltr'><strong>tres</strong></span> <span class='ocrx_word' id='word_1_810' title='bbox 2886 5129 3067 5184; x_wconf 89' lang='lat' dir='ltr'><strong>nostri</strong></span> <span class='ocrx_word' id='word_1_811' title='bbox 3083 5131 3252 5187; x_wconf 90' lang='lat' dir='ltr'><strong>codd.</strong></span> <span class='ocrx_word' id='word_1_812' title='bbox 3275 5135 3501 5189; x_wconf 83' lang='lat' dir='ltr'><strong>etexem</strong></span> <span class='ocrx_word' id='word_1_813' title='bbox 3554 5130 3643 5188; x_wconf 91' lang='lat' dir='ltr'><strong>lar</strong></span> 
     </span>
     <span class='ocr_line' id='line_1_118' title="bbox 2062 5148 3637 5250; baseline 0.001 -1"><span class='ocrx_word' id='word_1_814' title='bbox 2062 5213 2109 5250; x_wconf 91' lang='lat' dir='ltr'><strong>.u</strong></span> <span class='ocrx_word' id='word_1_815' title='bbox 2137 5195 2151 5249; x_wconf 83' lang='grc' dir='ltr'><strong>ί</strong></span> <span class='ocrx_word' id='word_1_816' title='bbox 2185 5195 2344 5250; x_wconf 84' lang='lat' dir='ltr'><strong>Diae.</strong></span> <span class='ocrx_word' id='word_1_817' title='bbox 2376 5196 2709 5250; x_wconf 84' lang='lat' dir='ltr'><strong>Anteriores</strong></span> <span class='ocrx_word' id='word_1_818' title='bbox 2741 5196 2978 5250; x_wconf 70' lang='lat' dir='ltr'><strong>vulgati-</strong></span> <span class='ocrx_word' id='word_1_819' title='bbox 3012 5201 3172 5250; x_wconf 83' lang='lat' dir='ltr'><strong>mmd-</strong></span> <span class='ocrx_word' id='word_1_820' title='bbox 3207 5203 3378 5250; x_wconf 75' lang='lat' dir='ltr'><strong>male:</strong></span> <span class='ocrx_word' id='word_1_821' title='bbox 3425 5148 3637 5250; x_wconf 44' lang='lat' dir='ltr'><strong>magna</strong></span> 
     </span>
    </p>
   </div>
   <div class='ocr_carea' id='block_1_116' title="bbox 1992 5195 3637 5272">
    <p class='ocr_par' dir='ltr' id='par_1_116' title="bbox 1992 5195 3637 5272">
     <span class='ocr_line' id='line_1_119' title="bbox 1992 5195 3637 5272; baseline 0.005 -21"><span class='ocrx_word' id='word_1_822' title='bbox 1992 5195 2709 5272; x_wconf 57' lang='lat' dir='ltr'><strong>Pauli_Diac._Anteriores</strong></span> <span class='ocrx_word' id='word_1_823' title='bbox 2741 5196 2979 5272; x_wconf 78' lang='lat' dir='ltr'><strong>vulgati,</strong></span> <span class='ocrx_word' id='word_1_824' title='bbox 3012 5201 3172 5272; x_wconf 83' lang='lat' dir='ltr'><strong>quod,</strong></span> <span class='ocrx_word' id='word_1_825' title='bbox 3207 5203 3379 5270; x_wconf 88' lang='lat' dir='ltr'><strong>male;</strong></span> <span class='ocrx_word' id='word_1_826' title='bbox 3423 5195 3637 5260; x_wconf 87' lang='lat' dir='ltr'><strong>melius</strong></span> 
     </span>
    </p>
   </div>
   <div class='ocr_carea' id='block_1_117' title="bbox 1988 5265 3385 5345">
    <p class='ocr_par' dir='ltr' id='par_1_117' title="bbox 1988 5265 3385 5345">
     <span class='ocr_line' id='line_1_120' title="bbox 1988 5265 3385 5345; baseline 0.006 -24"><span class='ocrx_word' id='word_1_827' title='bbox 1988 5266 2049 5322; x_wconf 92' lang='lat' dir='ltr'><strong>in</strong></span> <span class='ocrx_word' id='word_1_828' title='bbox 2082 5265 2270 5345; x_wconf 56' lang='lat' dir='ltr'><strong>prima</strong></span> <span class='ocrx_word' id='word_1_829' title='bbox 2299 5265 2553 5345; x_wconf 73' lang='lat' dir='ltr'><strong>editione</strong></span> <span class='ocrx_word' id='word_1_830' title='bbox 2580 5272 2635 5345; x_wconf 91' lang='lat' dir='ltr'><strong>e_t</strong></span> <span class='ocrx_word' id='word_1_831' title='bbox 2666 5265 2870 5345; x_wconf 58' lang='lat' dir='ltr'><strong>in_ms&#39;.</strong></span> <span class='ocrx_word' id='word_1_832' title='bbox 2904 5265 3070 5339; x_wconf 33' lang='lat' dir='ltr'><strong>Bent,</strong></span> <span class='ocrx_word' id='word_1_833' title='bbox 3102 5265 3201 5345; x_wconf 76' lang='lat' dir='ltr'><strong>per</strong></span> <span class='ocrx_word' id='word_1_834' title='bbox 3225 5265 3385 5343; x_wconf 69' lang='lat' dir='ltr'><strong>quod.</strong></span> 
     </span>
    </p>
   </div>
   <div class='ocr_carea' id='block_1_118' title="bbox 2059 5337 3343 5413">
    <p class='ocr_par' dir='ltr' id='par_1_118' title="bbox 2059 5337 3343 5413">
     <span class='ocr_line' id='line_1_121' title="bbox 2059 5337 3343 5413; baseline 0.001 -20"><span class='ocrx_word' id='word_1_835' title='bbox 2059 5337 2127 5411; x_wconf 77' lang='grc' dir='ltr'><strong>(Ῑ)</strong></span> <span class='ocrx_word' id='word_1_836' title='bbox 2151 5338 2274 5413; x_wconf 76' lang='lat' dir='ltr'><strong>Duo</strong></span> <span class='ocrx_word' id='word_1_837' title='bbox 2306 5337 2557 5413; x_wconf 25' lang='lat' dir='ltr'><strong>codd.‘8.</strong></span> <span class='ocrx_word' id='word_1_838' title='bbox 2590 5339 2763 5413; x_wconf 76' lang='lat' dir='ltr'><strong>Petri,</strong></span> <span class='ocrx_word' id='word_1_839' title='bbox 2796 5357 2962 5413; x_wconf 85' lang='lat' dir='ltr'><strong>quam</strong></span> <span class='ocrx_word' id='word_1_840' title='bbox 2990 5337 3343 5399; x_wconf 20' lang='lat' dir='ltr'><strong>et‘hamanae.</strong></span> 
     </span>
    </p>
   </div>
   <div class='ocr_carea' id='block_1_119' title="bbox 2064 5410 3630 5481">
    <p class='ocr_par' dir='ltr' id='par_1_119' title="bbox 2064 5410 3630 5481">
     <span class='ocr_line' id='line_1_122' title="bbox 2064 5410 3630 5481; baseline 0.005 -16"><span class='ocrx_word' id='word_1_841' title='bbox 2064 5418 2143 5479; x_wconf 85' lang='lat' dir='ltr'><strong>(g)</strong></span> <span class='ocrx_word' id='word_1_842' title='bbox 2175 5410 2254 5464; x_wconf 86' lang='lat' dir='ltr'><strong>Ita</strong></span> <span class='ocrx_word' id='word_1_843' title='bbox 2284 5425 2351 5464; x_wconf 89' lang='lat' dir='ltr'><strong>ex</strong></span> <span class='ocrx_word' id='word_1_844' title='bbox 2382 5410 2818 5481; x_wconf 72' lang='lat' dir='ltr'><strong>probatioribus</strong></span> <span class='ocrx_word' id='word_1_845' title='bbox 2844 5414 3056 5470; x_wconf 89' lang='lat' dir='ltr'><strong>nostris</strong></span> <span class='ocrx_word' id='word_1_846' title='bbox 3086 5414 3253 5470; x_wconf 92' lang='lat' dir='ltr'><strong>codd.</strong></span> <span class='ocrx_word' id='word_1_847' title='bbox 3284 5420 3340 5471; x_wconf 90' lang='lat' dir='ltr'><strong>et</strong></span> <span class='ocrx_word' id='word_1_848' title='bbox 3359 5414 3630 5474; x_wconf 88' lang='lat' dir='ltr'><strong>editioni-</strong></span> 
     </span>
    </p>
   </div>
   <div class='ocr_carea' id='block_1_120' title="bbox 1989 5481 3384 5556">
    <p class='ocr_par' dir='ltr' id='par_1_120' title="bbox 1989 5481 3384 5556">
     <span class='ocr_line' id='line_1_123' title="bbox 1989 5481 3384 5556; baseline 0.004 -19"><span class='ocrx_word' id='word_1_849' title='bbox 1989 5482 2127 5556; x_wconf 75' lang='lat' dir='ltr'><strong>bus,</strong></span> <span class='ocrx_word' id='word_1_850' title='bbox 2144 5485 2392 5556; x_wconf 72' lang='lat' dir='ltr'><strong>excepta</strong></span> <span class='ocrx_word' id='word_1_851' title='bbox 2421 5481 2940 5556; x_wconf 76' lang='lat' dir='ltr'><strong>Quesnelliana,_in</strong></span> <span class='ocrx_word' id='word_1_852' title='bbox 2969 5501 3102 5556; x_wconf 89' lang='lat' dir='ltr'><strong>qua,</strong></span> <span class='ocrx_word' id='word_1_853' title='bbox 3136 5486 3384 5543; x_wconf 83' lang='lat' dir='ltr'><strong>illorum.</strong></span> 
     </span>
    </p>
   </div>
   <div class='ocr_carea' id='block_1_121' title="bbox 2060 5552 3634 5627">
    <p class='ocr_par' dir='ltr' id='par_1_121' title="bbox 2060 5552 3634 5627">
     <span class='ocr_line' id='line_1_124' title="bbox 2060 5552 3634 5627; baseline 0.008 -20"><span class='ocrx_word' id='word_1_854' title='bbox 2060 5552 2323 5627; x_wconf 83' lang='lat' dir='ltr'><strong>_(_h)Verba</strong></span> <span class='ocrx_word' id='word_1_855' title='bbox 2345 5560 2395 5607; x_wconf 78' lang='lat' dir='ltr'><strong>et</strong></span> <span class='ocrx_word' id='word_1_856' title='bbox 2408 5569 2520 5627; x_wconf 77' lang='lat' dir='ltr'><strong>nos</strong></span> <span class='ocrx_word' id='word_1_857' title='bbox 2552 5570 2585 5607; x_wconf 93' lang='lat' dir='ltr'><strong>a</strong></span> <span class='ocrx_word' id='word_1_858' title='bbox 2600 5553 2907 5627; x_wconf 82' lang='lat' dir='ltr'><strong>Quesnello</strong></span> <span class='ocrx_word' id='word_1_859' title='bbox 2923 5552 3230 5627; x_wconf 77' lang='lat' dir='ltr'><strong>expuncta,</strong></span> <span class='ocrx_word' id='word_1_860' title='bbox 3244 5557 3378 5617; x_wconf 88' lang='lat' dir='ltr'><strong>licet</strong></span> <span class='ocrx_word' id='word_1_861' title='bbox 3392 5559 3447 5616; x_wconf 90' lang='lat' dir='ltr'><strong>in</strong></span> <span class='ocrx_word' id='word_1_862' title='bbox 3464 5561 3634 5619; x_wconf 90' lang='lat' dir='ltr'><strong>codd.</strong></span> 
     </span>
    </p>
   </div>
   <div class='ocr_carea' id='block_1_122' title="bbox 1988 5623 3638 5709">
    <p class='ocr_par' dir='ltr' id='par_1_122' title="bbox 1988 5623 3638 5709">
     <span class='ocr_line' id='line_1_125' title="bbox 1988 5623 3638 5709; baseline 0.01 -28"><span class='ocrx_word' id='word_1_863' title='bbox 1988 5623 2211 5709; x_wconf 77' lang='lat' dir='ltr'><strong>collect.</strong></span> <span class='ocrx_word' id='word_1_864' title='bbox 2245 5624 2278 5679; x_wconf 74' lang='grc'>4</span> <span class='ocrx_word' id='word_1_865' title='bbox 2306 5623 2545 5709; x_wconf 76' lang='lat' dir='ltr'><strong>omissa,</strong></span> <span class='ocrx_word' id='word_1_866' title='bbox 2579 5641 2646 5709; x_wconf 63' lang='lat' dir='ltr'><strong>ea</strong></span> <span class='ocrx_word' id='word_1_867' title='bbox 2675 5623 2967 5709; x_wconf 73' lang='lat' dir='ltr'><strong>plerisque</strong></span> <span class='ocrx_word' id='word_1_868' title='bbox 2994 5623 3192 5684; x_wconf 80' lang='lat' dir='ltr'><strong>tamen</strong></span> <span class='ocrx_word' id='word_1_869' title='bbox 3217 5623 3285 5709; x_wconf 78' lang='lat' dir='ltr'><strong>et</strong></span> <span class='ocrx_word' id='word_1_870' title='bbox 3313 5632 3638 5704; x_wconf 71' lang='lat' dir='ltr'><strong>potioribus</strong></span> 
     </span>
    </p>
   </div>
   <div class='ocr_carea' id='block_1_123' title="bbox 1987 5695 3410 5769">
    <p class='ocr_par' dir='ltr' id='par_1_123' title="bbox 1987 5695 3410 5769">
     <span class='ocr_line' id='line_1_126' title="bbox 1987 5695 3410 5769; baseline 0.009 -13"><span class='ocrx_word' id='word_1_871' title='bbox 1987 5696 2207 5756; x_wconf 87' lang='lat' dir='ltr'><strong>nostris</strong></span> <span class='ocrx_word' id='word_1_872' title='bbox 2239 5695 2404 5757; x_wconf 89' lang='lat' dir='ltr'><strong>codd.</strong></span> <span class='ocrx_word' id='word_1_873' title='bbox 2439 5713 2505 5755; x_wconf 85' lang='lat' dir='ltr'><strong>ac</strong></span> <span class='ocrx_word' id='word_1_874' title='bbox 2531 5695 2753 5756; x_wconf 66' lang='lat' dir='ltr'><strong>casteria</strong></span> <span class='ocrx_word' id='word_1_875' title='bbox 2782 5695 2954 5758; x_wconf 77' lang='lat' dir='ltr'><strong>editis</strong></span> <span class='ocrx_word' id='word_1_876' title='bbox 2990 5695 3410 5769; x_wconf 67' lang='lat' dir='ltr'><strong>rovooavinfua.</strong></span> 
     </span>
    </p>
   </div>
  </div>
