4098 6188
294 268 378 330 355
1697 273 1965 337 SERMO
2008 274 2212 337 LXVI.

3536 275 3656 337 366

297 403 470 458 serendi
491 403 650 459 enim
676 405 862 461 nostri
881 422 1120 461 causam
1148 407 1295 463 Deus
1317 406 1426 463 nisi
1448 407 1506 461 in
1531 382 1900 479 sud(a)boni-
1931 411 1989 476 Α
2012 408 2089 480 (Ιι)
2121 406 2527 474 chrismatum,
2547 409 2898 464 consecratio
2919 409 3317 477 sacerdotum;
3349 407 3656 465 nobiscum
3682 453 3687 459 .

292 497 380 548 tate
398 508 495 548 non
518 492 752 563 habuit;
774 498 832 550 et
856 494 1181 552 mirabilior
1199 499 1288 553 est
1309 497 1565 555 secunda
1587 496 1895 553 hominum

290 581 529 653 generatio
555 599 733 654 quam
765 585 958 656 prima
982 584 1058 656 (b)
1081 584 1338 640 conditio
1365 603 1378 641 :
1404 585 1542 657 quia
1574 585 1707 656 plus
1728 590 1816 640 est
1836 584 1896 640 in

294 670 586 727 novissimis
618 671 853 728 saeculis
884 689 1187 745 reparasse
1220 674 1404 729 Deum
1434 674 1589 746 quod
1626 674 1895 747 perierat,

293 775 427 832 quam
455 748 485 815 a
516 759 812 833 principio
835 761 1040 821 fecisse
1060 764 1216 834 quod
1240 780 1354 818 non
1377 767 1518 819 erat.
1549 764 1898 819 Libertatem

290 849 444 922 itaque
461 848 811 905 innocentia:
831 851 1326 924 naturalis,quam
1351 852 1676 924 primorum
1700 868 1902 925 paren-

288 942 384 994 tum
404 937 868 1011 praevaricatione
886 941 1279 1013 perdidimus,
1294 939 1458 997 nulla
1474 957 1577 1014 per
1596 958 1657 997 se
1679 944 1903 998 sancto.

282 1044 385 1085 rum
408 1027 860 1100 praecedentium
894 1030 1103 1086 merita
1137 1033 1503 1105 receperunt,
1526 1030 1665 1103 quia
1694 1030 1811 1086 lata
1840 1030 1900 1086 in

281 1122 708 1191 transgressores
729 1118 1041 1186 sententia,
1059 1135 1291 1176 omnem
1310 1119 1647 1193 progeniem
1666 1119 1901 1191 captivae

282 1205 604 1278 posteritatis
656 1206 989 1276 obstrinxit,
1031 1211 1088 1264 et
1141 1224 1314 1265 nemo
1368 1207 1588 1265 exstitit
1642 1225 1840 1264 exsors
1867 1225 1903 1264 a

275 1294 796 1369 damnatione,quia
828 1295 1027 1353 nullus
1075 1296 1186 1353 fuit
1214 1296 1361 1353 liber
1413 1314 1447 1352 a
1492 1296 1755 1369 crimine.
1788 1296 1898 1353 Sed

274 1383 568 1456 redemptio
585 1383 906 1441 Salvatoris
927 1385 1235 1442 destruens
1255 1402 1402 1459 opus
1422 1384 1726 1453 diaboli,et
1746 1403 1810 1441 ru
1820 1402 1901 1441 m-

269 1489 390 1545 pens
406 1471 633 1528 vincula
665 1474 1012 1546 peccati,ita
1030 1491 1264 1548 magna:
1294 1474 1530 1547 pietatis
1558 1491 1678 1530 suae
1700 1474 1896 1547 dispo-

266 1562 365 1617 suit
390 1568 843 1628 sacramentum,
872 1567 937 1618 ut
983 1579 1167 1635 usque
1214 1563 1286 1619 ad
1320 1564 1897 1621 consummationem

264 1651 471 1721 quidem
489 1651 697 1705 mundi
718 1651 1005 1723 praeﬁnita
1022 1652 1466 1725 generationum
1483 1651 1785 1725 plenitudo
1803 1653 1899 1709 de-

262 1743 508 1801 curreret.
543 1740 647 1796 sed
680 1740 974 1797 renovatio
1007 1740 1253 1815 originis
1284 1758 1388 1814 per
1407 1741 1895 1815 justiﬁcationem

259 1828 562 1884 indiscreta:
595 1828 732 1885 fidei
765 1830 836 1885 ad
879 1831 1077 1886 omnia
1110 1834 1260 1885 retro
1303 1830 1516 1886 saecula
1560 1830 1892 1903 pertineret.

258 1916 563 1974 Incarnatio
587 1918 804 1991 quippe
825 1918 1021 1990 Verbi,
1037 1918 1190 1976 256
1213 1924 1268 1975 et
1283 1918 1497 1977 occisio
1520 1936 1586 1975 ac
1609 1935 1895 1975 resurrec-

259 2004 328 2061 tio
345 2005 579 2074 Christi,
597 2006 1009 2063 universorum
1031 2006 1293 2064 ﬁdelium
1326 2008 1489 2063 salus
1513 2007 1664 2063 facta
1700 2011 1807 2075 est,
1840 2011 1899 2064 et

255 2096 319 2164 (ε)
335 2094 569 2167 sanguis
584 2094 766 2152 unius
777 2095 926 2166 justi
946 2096 1053 2151 hoc
1070 2096 1237 2152 nobis
1255 2095 1618 2169 donavit,qui
1635 2112 1769 2151 eum
1793 2113 1897 2169 pro

262 2182 706 2240 reconciliatione
732 2184 938 2240 mundi
962 2183 1256 2259 credimus
1272 2186 1498 2253 fusum,
1519 2186 1673 2257 quod
1697 2190 1897 2241 contu-

260 2271 321 2326 lit
346 2272 619 2345 patribus,
646 2272 749 2344 qui
781 2273 1054 2330 similiter
1081 2273 1378 2355 credidere
1406 2274 1795 2331 fundendum.

336 2362 456 2418 CAP.
478 2362 623 2419 IL—
647 2360 806 2418 Nihil
827 2379 986 2436 ergo,
1012 2362 1399 2432 dilectissimi,
1422 2364 1497 2419 ab
1527 2362 1787 2437 antiquis
1817 2363 1897 2419 si-

277 2449 717 2522 gniﬁcationibus
738 2451 795 2506 in
815 2451 1145 2508 Christiana
1169 2452 1453 2525 religione
1473 2452 1769 2509 diversum
1786 2456 1894 2522 est,

281 2554 369 2595 nec
388 2552 694 2612 unquam‘a
725 2540 1186 2613 praecedentibus
1205 2540 1407 2611 justis,
1434 2540 1544 2596 nisi
1568 2540 1626 2595 in
1650 2541 1897 2596 Domino

283 2626 397 2683 Jesu
422 2629 639 2684 Christo
672 2628 913 2685 salvatio
948 2634 1179 2702 sperata
1209 2647 1317 2700 esc,
1359 2629 1899 2703 dispensationibus

282 2716 343 2785 (ά)
361 2717 577 2789 quidem
600 2735 704 2790 pro
727 2717 934 2773 divina:
951 2717 1266 2776 voluntatis
1288 2719 1508 2775 ratione
1529 2718 1896 2783 variatissed

282 2803 329 2858 in
350 2806 584 2878 idipsum
609 2807 1055 2867 coruscantibus
1071 2811 1127 2862 et
1147 2807 1292 2880 legis
1312 2806 1751 2875 testimoniis,et
1774 2824 1899 2878 pro-

281 2893 458 2964 phetiae
479 2895 746 2963 oraculis,
763 2901 819 2951 et
842 2894 1235 2951 oblationibus
1266 2895 1591 2951 hostiarum
1617 2914 1629 2952 :
1656 2894 1793 2967 quia
1814 2895 1897 2951 sic

279 2982 748 3055 congruebatillos
768 2982 1014 3056 populos
1031 2984 1268 3051 erudiri,
1288 2989 1355 3039 ut
1371 3001 1494 3056 quae
1517 2983 1763 3040 revelata
1780 3001 1897 3039 non

278 3077 538 3142 caperent,
558 3073 905 3129 obumbrata
926 3073 1373 3145 susciperent,et
1396 3074 1582 3145 major
1603 3072 1897 3145 Evangelii

2006 513 2081 567 pu
2092 496 2231 551 ritas
2258 493 2549 563 sacriﬁcii,
2569 495 2844 568 baptismi
2874 497 3107 565 veritas,
3128 497 3564 570 honor-templi,
3587 500 3655 553 ut

2007 582 2213 639 merito
2225 582 2511 639 cesserint
2524 582 2713 638 nuntii
2723 624 2736 648 ,
2743 586 3052 655 postquam
3070 585 3657 652 nuntiatavenerunt;

2009 688 2114 728 nec
2139 676 2422 729 vacuatur
2450 671 2770 728 reverentia
2799 672 3431 746 promissionum,quia
3459 673 3653 748 pleni-

2006 762 2147 817 tudo
2177 761 2489 818 manifesta
2511 764 2600 816 est
2629 760 2973 832 gratiarum.
2992 764 3208 816 Verum
3230 762 3293 835 (i)
3316 762 3473 836 quia,
3499 763 3657 821 sicut

2009 850 2090 907 ait
2109 850 2421 922 Apostolus
2446 866 2458 906 :
2485 849 2708 905 Claritas
2727 866 2797 906 ex
2815 854 2975 922 parte
2996 852 3058 905 in
3076 851 3247 907 Israel
3264 852 3413 924 facta
3435 855 3533 919 est,
3555 868 3655 910 nec

2008 941 2104 1013 qui
2122 941 2231 1012 ﬁlii
2256 941 2458 1007 carnis,
2483 940 2527 996 ii
2546 940 2657 1011 ﬁlii
2677 943 2807 995 sunt
2829 941 3216 1011 promissione
3243 941 3415 1012 (Rom.
3437 959 3514 1012 ιι,
3539 943 3655 1015 25),

2008 1028 2321 1086 ineffabilis
2352 1028 2751 1086 misericordia
2779 1029 2881 1085 Dei
2912 1029 3298 1086 Israeliticum
3328 1029 3441 1089 sibi
3469 1046 3657 1105 popu-

2008 1117 2132 1175 lum
2156 1119 2227 1175 de
2247 1118 2524 1183 omnibus
2548 1117 2886 1174 nationibus
2911 1117 3065 1186 fecit,
3087 1122 3145 1175 et
3165 1135 3337 1176 saxeo
3357 1116 3457 1176 illo
3476 1120 3662 1192 genti-

2010 1206 2155 1263 lium
2180 1207 2243 1279 (j)
2267 1206 2529 1263 cordium
2556 1206 2748 1279 rigore
2779 1206 3026 1275 mollito,
3045 1223 3213 1264 veros
3231 1207 3476 1266 Abrahe
3506 1206 3659 1267 ﬁlios

2009 1297 2080 1352 de
2128 1295 2423 1369 lapidibus
2471 1295 2740 1353 excitavit
2769 1295 2991 1364 (Matth.
3024 1314 3105 1362 ru,
3134 1295 3318 1368 9):ut
3363 1296 3659 1355 conclusis

2009 1384 2285 1441 omnibus
2322 1385 2433 1439 sub
2486 1389 2723 1456 peccato
2744 1385 2916 1456 (Rom.
2938 1400 3017 1450 x1,
3047 1384 3161 1457 32),
3183 1384 3285 1457 qui
3323 1401 3499 1442 carne
3535 1385 3658 1444 nati

2008 1478 2166 1540 sunt,
2196 1473 2405 1546 spiritu
2437 1477 2838 1544 renascantur,
2865 1489 2969 1529 nec
2996 1471 3226 1529 intersit
3248 1490 3364 1546 quo
3390 1478 3552 1548 patre
3581 1474 3661 1531 sit

2008 1564 2261 1637 quisque
2290 1562 2546 1636 genitus,
2578 1578 2714 1617 cum
2745 1577 2847 1633 per
2879 1560 3255 1618 indiscretam
3279 1562 3353 1635 (k)
3382 1562 3559 1620 unius
3587 1563 3656 1619 ﬁ-

2008 1652 2101 1708 dei
2132 1650 2557 1709 confessionem
2590 1654 2648 1707 et
2695 1650 2825 1706 fons
2863 1649 3238 1723 baptismatis
3267 1650 3441 1708 faciat
3488 1651 3655 1708 inno-

2007 1745 2226 1809 centes,
2259 1744 2317 1795 et
2347 1738 2551 1795 electio
2581 1738 2912 1810 adoptionis
2942 1739 3250 1796 conﬁrmet
3277 1739 3554 1799 hmredes.

2076 1829 2221 1886 257
2251 1833 2384 1884 CAP.
2412 1827 2507 1884 Ill.
2527 1859 2594 1867 —
2617 1826 2765 1892 Quid
2798 1826 2954 1883 enim
2987 1826 3147 1885 aliud
3179 1828 3243 1901 (ι)
3262 1824 3392 1902 egit
3420 1829 3654 1904 agitque

2003 1936 2146 1974 crux
2165 1917 2586 1989 Christi,quam
2608 1922 2673 1972 ut
2691 1914 3003 1973 destructis
3023 1915 3371 1987 inimicitiis,
3384 1922 3443 1975 et
3461 1934 3658 1976 recon-

2004 2007 2233 2063 cilietur
2264 2006 2522 2062 mundus
2551 2005 2688 2073 Deo,
2715 2009 2773 2061 et
2801 2021 2903 2077 per
2934 2005 3289 2063 sacriﬁcium
3313 2006 3411 2080 (m)
3439 2006 3655 2064 immo-

2004 2096 2106 2152 lati
2134 2095 2282 2169 Agni
2312 2111 2507 2151 veram
2539 2094 2598 2149 in
2629 2110 2832 2167 pacem
2875 2099 3089 2150 cuncta
3116 2095 3501 2152 revocentur?
3528 2095 3654 2153 Non

2005 2191 2201 2242 autem
2232 2183 2547 2239 concordat
2567 2182 2702 2252 Deo,
2721 2182 2822 2257 qui
2853 2182 2926 2238 ab
2961 2199 3029 2238 ea
3053 2200 3233 2255 quam
3264 2183 3320 2239 in
3353 2199 3658 2257 regenera-

2009 2275 2159 2331 tione
2191 2290 2300 2329 sua
2328 2271 2509 2327 edidit
2542 2271 2902 2343 professione
2926 2271 3221 2338 dissentit,
3250 2275 3309 2328 et
3337 2271 3517 2329 divini
3547 2272 3658 2329 im-

2006 2381 2231 2420 memor
2261 2361 2438 2435 pacti,
2462 2360 2741 2416 inhaerere
2772 2360 3102 2417 ostenditur
3125 2360 3495 2432 renuntiatis,
3514 2361 3659 2418 dum

2007 2450 2230 2509 resilire
2262 2449 2555 2505 invenitur
2586 2467 2620 2504 a
2648 2449 2907 2505 creditis.
2930 2450 3169 2507 Frustra
3198 2448 3356 2506 enim
3388 2449 3663 2517 Christia-

2006 2554 2148 2596 num
2174 2540 2284 2595 sibi
2307 2555 2519 2594 nomen
2556 2542 2823 2611 usurpat,
2847 2542 2903 2594 et
2932 2553 3306 2611 nequaquam
3332 2537 3578 2596 aestimet
3598 2555 3662 2597 se

2006 2629 2228 2685 Pascha
2268 2626 2493 2684 Domini
2527 2626 2838 2695 celebrare,
2872 2628 2972 2698 qui
3017 2626 3219 2683 Jesum
3251 2627 3548 2684 Christum
3598 2628 3657 2684 in

2006 2735 2074 2773 ea
2094 2735 2210 2791 qua
2232 2720 2497 2781 natus,ct
2528 2732 2757 2787 passus,
2787 2719 2843 2770 et
2873 2721 3161 2787 mortuus,
3184 2731 3251 2772 ac
3280 2704 3545 2789 sepultus
3567 2722 3657 2775 est

2006 2823 2197 2874 carne,
2223 2805 2609 2861 resurrexisse
2648 2821 2760 2859 non
2792 2804 2993 2872 credit,
3014 2809 3071 2861 et
3093 2805 3170 2878 (η)
3192 2810 3403 2862 nostrae
3445 2804 3505 2861 in
3551 2805 3651 2863 illo

2007 2901 2225 2952 naturae
2245 2912 2372 2951 resu
2382 2894 2619 2950 scitatas
2635 2893 2923 2966 primitias
2941 2911 3054 2950 non
3074 2894 3498 2953 l‘atetur.Verus
3514 2895 3653 2969 itaq.
3679 2957 3683 2961 ,

2004 2988 2307 3041 venerator
2328 2983 2638 3039 Dominicae
2663 2983 2952 3054 passionis
2975 2984 3058 3051 sic
3085 2984 3427 3042 crucifixum
3450 2986 3655 3045 Jesum

2006 3073 2190 3130 oculis
2221 3072 2411 3129 cordis
2443 3071 2708 3144 aspiciat,
2742 3076 2807 3128 ut
2848 3070 3008 3127 illius
3051 3089 3286 3129 carnem
3326 3090 3496 3131 suam
3527 3090 3657 3132 esse

276 3166 411 3215 esset
439 3162 766 3228 auctoritas,
792 3162 885 3216 cui
918 3165 1002 3216 tot
1032 3161 1216 3235 signis
1246 3167 1444 3234 totque
1470 3164 1547 3235 (θ)
1579 3162 1896 3236 mysteriis,
1928 3147 1970 3214 C
2008 3166 2337 3236 cognoscat.
2360 3161 2780 3217 Contremiscat
2810 3160 2868 3216 in
2893 3160 3296 3234 Redemptoris
3320 3163 3411 3218 sui
3439 3162 3660 3237 suppli-

274 3248 460 3303 veteris
481 3250 835 3306 Testamenti
867 3250 1091 3324 paginae
1122 3250 1545 3320 deservissent;
1582 3253 1653 3307 de
1685 3251 1902 3324 quibus

274 3333 534 3395 Dominus
563 3339 964 3411 proﬁtebatur,
984 3340 1136 3411 quod
1170 3357 1286 3395 non
1314 3345 1549 3396 venerat
1577 3340 1762 3414 legem
1788 3340 1899 3397 sol-

272 3438 409 3493 vere,
430 3428 526 3483 sed
555 3428 873 3501 adimplere
894 3428 1171 3500 (Matthv,
1196 3430 1301 3499 17).
1322 3428 1495 3500 (f)Ne
1526 3429 1723 3501 itaque
1753 3429 1903 3484 asti-

271 3515 380 3566 met
401 3512 503 3567 sibi
522 3515 797 3589 prodesse
816 3514 1076 3585 Judaaus,
1096 3516 1249 3588 quod
1280 3515 1337 3570 in
1369 3516 1570 3571 litterae
1595 3514 1904 3575 carnaliter

266 3602 556 3671 superﬁcie
584 3604 942 3671 demoratur,
972 3607 1030 3659 et
1068 3603 1139 3659 iis
1192 3604 1510 3678 Scripturis
1539 3605 1905 3661 convincitur

264 3701 588 3762 repugnare,
603 3709 730 3771 quas
763 3692 919 3765 apud
947 3709 1054 3748 nos
1087 3710 1281 3748 veram
1318 3694 1407 3749 sui
1432 3694 1697 3751 obtinent
1717 3694 1902 3766 digni-

259 3777 596 3842 tatem,dum
617 3785 673 3836 et
699 3779 997 3837 credimur
1016 3781 1400 3854 praedictis,et
1420 3782 1681 3839 ditamur
1701 3782 1906 3856 imple-

259 3862 351 3918 tis.
377 3867 598 3925 Dicente
617 3868 774 3926 enim
797 3869 1046 3925 Domino
1072 3888 1084 3925 :
1112 3870 1245 3925 Cum
1281 3872 1557 3927 excitatus
1573 3873 1755 3943 fuero,
1788 3889 1901 3929 om-

257 3953 352 4007 nia
379 3956 586 4013 traham
605 3958 676 4014 ad
699 3974 789 4014 me
810 3959 987 4030 (Joan.
1009 3976 1108 4026 χιι,
1127 3960 1240 4028 32),
1262 3959 1406 4015 nihil
1431 3959 1704 4033 legalium
1727 3966 1801 4033 (g)
1820 3962 1905 4017 in-

255 4040 642 4117 stitutionum,
657 4046 806 4102 nihil
831 4047 1300 4119 propheticarum
1321 4049 1537 4106 resedit
1554 4049 1900 4122 ﬁgurarum,

252 4132 414 4199 quod
432 4151 541 4191 non
563 4140 683 4192 totu
695 4153 751 4192 m
774 4136 836 4192 in
854 4135 1068 4211 Christi
1088 4143 1452 4194 sacramenta
1466 4138 1903 4195 transierit.No-

252 4215 483 4278 hiscum
505 4230 590 4281 est
609 4224 986 4299 signaculum
1008 4224 1495 4298 circumcisionis,
1518 4228 1901 4284 sanctiﬁcatio

347 4346 408 4425 ᾳ)
435 4347 539 4425 his.
568 4349 695 4406 Vat.
731 4349 957 4425 collect.
988 4352 1043 4417 5,
1071 4353 1293 4425 pietate.

350 4417 409 4495 ὁ)
434 4419 495 4495 id
522 4426 607 4476 est
634 4424 865 4487 erectio,
901 4426 966 4495 ut
993 4417 1471 4495 exsequentibus
1504 4422 1704 4495 liquet.

346 4494 403 4555 ε)
434 4489 514 4545 Ita
542 4497 882 4568 corruptum
914 4493 1071 4568 hunc
1097 4489 1297 4568 loc-um,
1321 4489 1760 4568 emendavimus
1791 4514 1899 4568 ope

252 4552 501 4636 deorum
535 4552 780 4636 codd.S.
807 4565 960 4636 Petri
989 4570 1045 4619 et
1074 4565 1249 4619 unius
1284 4567 1417 4621 Bon.
1455 4566 1512 4620 In
1558 4567 1748 4636 prima
1777 4552 1895 4623 edi;

254 4628 417 4709 ῒὶῡρρ
442 4636 493 4709 et
521 4637 668 4709 apud
695 4635 1095 4701 Quesnellum,
1122 4638 1345 4706 sanguis
1375 4640 1539 4691 unius
1557 4628 1719 4702 iusti,
1745 4656 1901 4709 quem

258 4699 417 4778 ηθρξςτ
436 4699 590 4759 Pater
616 4707 859 4769 donavit.
874 4709 971 4777 qui
989 4699 1113 4762 eum
1128 4699 1688 4778 prodammilia!inm
1709 4699 1906 4766 Mundi

259 4772 526 4850 f'T_£::_1_z'Ir*ei.s
568 4782 771 4845 fusum,
806 4772 901 4831 hei"
950 4772 1177 4835 (“muni-it
1219 4782 1489 4850 patri/rm,
1518 4790 1622 4834 etc.
1665 4784 1719 4835 ln
1774 4784 1901 4837 aliis

257 4840 615 4926 edi’ticnihns
636 4840 929 4926 similiter,
960 4851 1067 4905 hac
1100 4840 1579 4923 una‘exceptiOne
1612 4854 1764 4925 quod
1801 4872 1902 4926 pro

262 4919 356 4992 ςυξ
382 4931 505 4992 firm
530 4919 745 4976 habent
774 4924 907 4992 quia
941 4939 1085 4977 eum.

324 4984 849 5066 .(tiLSUpplevimus
878 4992 1096 5066 quidem
1123 5008 1190 5049 ex
1217 4993 1445 5048 duobus
1473 5011 1617 5048 mss.
1643 4995 1701 5049 S.
1730 4995 1904 5066 Petri,

269 5048 623 5136 alieni)th
653 5063 848 5136 prima
876 5048 1147 5120 editione.

334 5128 409 5211 ξς)
442 5130 575 5211 Εᾱῇξ
607 5128 743 5191 ante
774 5136 989 5211 Quesn.
1024 5136 1268 5211 addunt,
1298 5136 1586 5211 miraculis
1615 5140 1796 5206 atque.

334 5196 413 5267 (Τ)
439 5199 671 5264 Quidam
704 5196 877 5263 codd.
902 5211 961 5262 et
988 5196 1277 5263 editiones
1305 5204 1612 5271 Quésncllo
1655 5196 1905 5263 anterio-

2012 3253 2098 3307 cio
2130 3256 2359 3306 terrena
2387 3248 2737 3316 substantia,
2762 3252 3110 3321 rumpantur
3136 3249 3463 3307 inﬁdelium
3495 3268 3657 3307 men-

2008 3341 2159 3396 tium
2200 3343 2392 3411 petrae,
2417 3343 2475 3394 et
2506 3337 2604 3409 qui
2639 3337 3012 3393 mortalitatis
3041 3338 3435 3410 gravabantur
3461 3340 3659 3414 sepul-

2012 3428 2428 3500 rris,discussa
2458 3424 2895 3482 obstaculorum
2928 3425 3081 3482 mole
3123 3427 3450 3498 prosiliant.
3469 3431 3659 3502 Appa-

2012 3522 2176 3574 reant
2206 3532 2361 3571 nunc
2391 3532 2623 3587 quoque
2655 3514 2713 3569 in
2746 3514 2974 3570 civitate
3011 3516 3232 3583 sancta,
3256 3516 3315 3571 id
3343 3520 3433 3573 est
3461 3516 3521 3572 in
3551 3518 3656 3574 Ec-

2010 3607 2188 3663 clesia
2208 3604 2326 3672 Dei,
2342 3604 2547 3659 futurae
2578 3602 3022 3659 resurrectionis
3044 3602 3353 3672 indicia,et
3371 3605 3527 3677 quod
3557 3621 3656 3679 ge-

2009 3696 2261 3752 rendum
2282 3698 2373 3750 est
2395 3692 2454 3748 in
2478 3691 2841 3765 corporibus,
2857 3692 2961 3761 ﬁat
2988 3691 3048 3748 in
3079 3692 3374 3752 cordibus.
3390 3693 3546 3751 Nulli
3573 3693 3658 3751 in-

2010 3786 2315 3840 ﬁrmorum
2340 3782 2531 3838 crucis
2561 3785 2648 3837 est
2679 3786 2888 3854 negata
2914 3781 3182 3851 victoria;
3206 3798 3309 3839 nec
3341 3783 3656 3857 quisquam

2009 3878 2099 3930 est
2126 3873 2221 3929 cui
2254 3889 2367 3927 non
2399 3870 2611 3927 Christi
2644 3869 2954 3926 auxilietur
2982 3870 3186 3927 oratio.
3206 3873 3342 3938 Quis
3375 3872 3425 3928 si
3455 3872 3659 3932 multis

2009 3962 2070 4019 in
2101 3963 2295 4035 ipsum
2320 3959 2690 4017 saevientibus
2722 3958 3195 4033 profuit,quanto
3227 3960 3418 4035 magis
3439 3977 3538 4020 eos
3557 3962 3659 4035 qui

2011 4051 2082 4107 ad
2106 4051 2302 4124 ipsum
2326 4051 2746 4104 convertuntur
2758 4048 2832 4120 (0)
2845 4048 3118 4120 adjuvat?
3133 4049 3376 4109 Sublata
3391 4054 3481 4108 est
3498 4049 3662 4125 igno-

2010 4137 2216 4205 rantia,
2232 4139 2555 4209 temperata
2576 4139 2663 4189 est
2683 4134 3018 4203 difﬁcultas,
3032 4135 3337 4215 et'igneam
3360 4136 3521 4194 illam
3543 4155 3662 4211 qua

2007 4226 2135 4281 vitae
2166 4225 2323 4299 regio
2355 4228 2479 4280 erat
2499 4224 2576 4296 (ρ)
2611 4222 2838 4279 inclusa
2867 4223 3224 4297 romphaeam
3256 4240 3420 4282 sacer
3447 4225 3659 4283 Christi

2080 4352 2149 4422 (i)
2166 4349 2513 4420 Quespellus
2534 4347 2826 4422 supplevit
2845 4350 2999 4422 quia,
3021 4349 3174 4422 quod
3200 4348 3259 4404 in
3282 4348 3453 4422 editis
3473 4352 3531 4422 et
3557 4349 3660 4405 ali-

2012 4418 2227 4496 quibus
2248 4418 2391 4476 mss.
2417 4418 2726 4496 d_eerat*_;_at_
2744 4418 2803 4496 i_n
2835 4418 2963 4475 aliis
2986 4418 3200 4496 nostris
3231 4420 3399 4496 codd,
3415 4419 3655 4496 legitur.

2086 4495 2156 4564 (j)
2184 4492 2305 4547 Vox
2329 4491 2577 4564 cordium
2605 4489 2972 4564 desideratur
3002 4490 3060 4544 in
3092 4491 3280 4564 prima
3309 4489 3583 4548 editione.

2194 4512 2305 4547 νοΧ
2329 4512 2577 4548 coratum
2605 4512 2972 4546 αθδιαθτᾶωῐ·
3002 4512 3060 4544 1n
3094 4512 3280 4560 prima
3309 4512 3583 4548 cultione.

2077 4512 2155 4635 (ii)
2177 4565 2256 4619 ita
2274 4563 2617 4627 Quesnellus
2636 4578 2768 4635 cum
2787 4562 3016 4635 duobus
3037 4562 3251 4635 nostris
3270 4580 3413 4619 mss.
3428 4564 3487 4620 S.
3504 4564 3659 4620 Petri

2013 4643 2068 4692 et
2088 4632 2337 4691 totidem
2365 4635 2513 4698 Vat.,
2540 4650 2605 4686 ac
2633 4632 2821 4703 prima
2849 4633 3352 4691 editionefmterw
3373 4636 3660 4695 editiones

2014 4715 2067 4763 et
2101 4708 2337 4769 quidam
2372 4704 2617 4767 coniicias,
2650 4705 2807 4769 huius
2840 4705 2980 4763 (illini.

2101 4728 2337 4761 {ill‘ltllll
2372 4728 2617 4767 t.'tlillt.'t'5,
2650 4728 2807 4769 "ll/((5
2840 4728 2980 4763 “HC!-

2182 4779 2366 4831 l'l'inm
2402 4776 2575 4830 mlitio
2610 4782 2659 4827 vi
2696 4776 2817 4828 cmi.
2852 4777 2988 4829 l’mn.
3016 4775 3229 4830 habent
3262 4783 3490 4833 tantum
3522 4781 3657 4846 (alii.

2013 4842 2148 4905 Atlio
2189 4850 2491 4905 wlitinnos,
2536 4846 3141 4916 («cepta('Juesncllia,
3184 4866 3316 4902 cum
3368 4866 3510 4905 mss.
3547 4842 3658 4905 eol-
3703 4848 3713 4859 ’

2016 4924 2143 4977 lect.
2182 4922 2213 4974 4
2243 4924 2297 4974 et
2326 4922 2378 4985 5,
2415 4921 2729 4992 prtet'cruut
2778 4923 3006 4992 tantum
3051 4920 3176 4992 egit.
3204 4919 3545 4992 Utrumque,
3575 4921 3661 4992 uti

2014 4994 2075 5048 iu
2106 4996 2264 5047 textu
2296 4996 2352 5045 et
2380 4990 2531 5061 apud
2557 4989 2965 5061 ,Quesnellum,
2993 4995 3082 5045 est
3118 4990 3176 5045 in
3214 5008 3357 5047 mss.
3393 4989 3450 5048 S'.
3484 4990 3659 5047 Petri.

2087 5064 2181 5134 (τη)
2214 5061 2304 5115 Sic
2337 5059 2707 5134 reposuimus
2734 5075 2801 5115 ex
2832 5060 3040 5117 iisdem
3069 5061 3127 5118 S.
3156 5062 3311 5119 Petri
3337 5061 3657 5119 codicibus.

2013 5132 2190 5199 Alias,
2220 5132 2581 5187 immaculati.

2088 5203 2364 5289 (ni-linus
2395 5202 2521 5257 Vat.
2555 5200 2777 5258 collect.
2810 5204 2866 5271 5,
2884 5212 3094 5261 nostras
3113 5206 3173 5261 in
3194 5205 3290 5259 illo
3314 5202 3661 5259 resuscitatus

260 5272 510 5351 {szﬂan
539 5279 831 5351 aestiment.
853 5274 1007 5347 Mox,
1051 5279 1149 5350 qui
1176 5278 1234 5333 in
1265 5277 1460 5334 litterw
1492 5277 1668 5335 habet
1718 5279 1909 5351 prima
2010 5272 2308 5351 primitias.

260 5335 439 5395 editio
465 5360 589 5402 cum
619 5348 749 5404 cod.
786 5349 925 5404 Bon.

278 5474 290 5493 _.
338 5408 421 5493 Ψ)
444 5413 658 5493 Eadem
718 5420 1217 5493 editionesucum,
1245 5436 1388 5475 mss.
1431 5420 1652 5477 collect.
1685 5422 1719 5475 3
1749 5427 1805 5477 et
1850 5423 1907 5493 5,

264 5482 702 5559 inamoenum;
734 5492 906 5548 codd.
938 5489 1159 5547 collect.
1194 5492 1246 5559 4,
1277 5493 1743 5549 constitutionum.

344 5550 425 5624 (Ιι)
454 5557 508 5615 In
536 5550 743 5639 iisdem
775 5562 1132 5622 editionibus
1162 5566 1219 5622 et
1233 5550 1548 5624 nonnullis
1578 5566 1746 5626 codd.
1782 5579 1907 5639 per-

267 5627 489 5701 Ροηω,
516 5633 927 5696 charismatum.

2088 5348 2160 5419 (0)
2190 5346 2253 5401 In
2286 5345 2475 5419 prima
2505 5344 2782 5416 editione,
2813 5347 3121 5419 adjuvabit;
3150 5345 3208 5400 in
3241 5342 3484 5419 caeteris,
3511 5342 3666 5417 adju-

2015 5422 2116 5475 vit.
2145 5415 2516 5474 'Correximus
2547 5433 2614 5472 ex
2647 5415 2789 5490 mss.
2832 5415 2887 5490 Si
2922 5418 3094 5482 Petri,
3132 5415 3667 5490 correctionemque

2017 5493 2333 5548 suaserunt
2374 5488 2792 5556 antecedentia,
2827 5488 3031 5543 Christi
3069 5486 3376 5543 auxilietur
3402 5486 3597 5556 oratio,
3620 5496 3675 5550 et

2016 5563 2440 5634 cmwertuntur,
2461 5563 2849 5634 quzeqtempus
2880 5574 3136 5631 praesens
3167 5557 3417 5634 malunt.

2089 5636 2170 5711 (ρ)
2200 5631 2387 5706 Forte,
2419 5630 2757 5691 interclusai
2776 5630 3148 5703 Quassenws
3182 5630 3244 5694 in
3275 5630 3564 5715 margine.
