4098 6188
264 339 389 433 ’381

1713 348 2015 435 ’8ΕῆΜο
2049 347 2233 437 LXX;

297 500 552 560 Christus
590 499 837 561 solveret
866 500 1073 561 mundi
1094 501 1804 579 captivitatem.(a)Judaei
1832 505 1927 562 in-
1952 505 2009 574 Α
2043 508 2131 562 est
2177 503 2238 562 in
2278 503 2395 563 Deo
2432 499 2772 575 inviolabili,
2818 506 2876 564 et
2939 509 3094 564 Deus
3153 520 3324 563 verus
3373 503 3433 563 in
3513 515 3687 566 earn'e

289 593 602 649 terﬁcerent
630 591 900 649 omnium
932 592 1403 666 Redemptorem.

354 681 480 737 CAP.
502 680 571 736 II.
598 712 668 721 —
689 679 1096 755 Ohduravit(b)
1113 698 1249 755 ergo
1266 682 1561 740 carnalem
1579 683 1751 740 Israel
1768 683 1932 740 mali-

293 770 470 844 gnitas
493 786 623 837 sua,
658 773 716 826 et
744 769 891 825 nihil
921 770 972 826 ei
1002 770 1150 845 legis
1177 772 1532 841 testiﬁcatio,
1555 772 1700 828 nihil
1719 777 1932 847 myste-

291 858 502 915 riorum
524 857 833 932 imagines,
850 858 991 914 nihil
1013 860 1429 932 prOphetarum
1451 862 1685 918 oracula
1705 863 1934 937 profue-

291 952 436 1014 runt,
467 964 607 1003 cum
640 948 863 1004 Pascha
879 948 1110 1004 Domini
1141 953 1225 1006 tot
1246 949 1475 1007 seculis
1497 952 1853 1008 celebratum
1871 951 1931 1007 in

287 1054 350 1093 eo
369 1037 624 1093 Joannes
643 1037 883 1093 doceret
902 1037 1231 1111 impletum,
1256 1039 1327 1094 de
1349 1056 1463 1112 quo
1490 1040 1725 1112 publica
1740 1045 1933 1113 prote-

290 1126 531 1182 statione
566 1126 836 1182 dicebat:
872 1128 1002 1182 Ecce
1059 1128 1243 1199 Agnus
1297 1129 1413 1198 Dei,
1472 1146 1589 1185 ecce
1643 1132 1738 1201 qui
1793 1130 1938 1186 tollit

288 1214 1009 1287 (c)peceatamundi(loan.1,
1024 1216 1312 1289 29).,Repu
1320 1221 1460 1290 gnat
1479 1217 1938 1292 iniquitasjusti-

294 1304 403 1370 tiae,
427 1302 648 1359 castitas
668 1303 807 1371 luci,
833 1305 1204 1361 mendacium
1226 1306 1489 1375 veritati;
1516 1307 1615 1363 sed
1633 1308 1703 1363 de
1717 1306 1939 1364 savitia-

287 1390 733 1461 obluctantium,
759 1394 831 1448 de
862 1393 1078 1450 scelere
1103 1394 1430 1451 crudelium
1461 1396 1718 1452 obtinuit
1760 1397 1933 1453 Jesus

290 1487 510 1537 aeternas
524 1480 602 1555 (:l)
621 1480 1030 1555 dispositionis
1050 1483 1353 1552 eﬁ'ectum;
1379 1488 1434 1540 et
1454 1483 1535 1539 ita
1551 1484 1812 1541 humano
1833 1502 1931 1559 ge-

286 1570 403 1626 neri
427 1587 538 1626 sua
574 1575 763 1626 morte
801 1570 1114 1639 consuluit,
1153 1576 1217 1627 ut
1255 1578 1688 1629 saeramentum
1724 1572 1933 1630 salutis

283 1659 455 1714 etiam
477 1657 628 1731 ipsis
671 1660 1136 1733 persecutoribus
1177 1678 1291 1716 non
1333 1665 1588 1736 negaret.
1633 1663 1738 1729 Qui
1776 1663 1932 1718 enim

281 1754 519 1804 venerat
541 1747 833 1804 universis
856 1744 1230 1806 credentibus
1253 1751 1452 1805 omnia
1475 1755 1710 1823 peccata
1733 1751 1931 1806 dimit-

280 1842 417 1904 tere,
446 1854 480 1892 a
500 1836 761 1940 generali
779 1836 1145 1940 indulgentia
1166 1855 1269 1894 nec
1284 1838 1592 1896 Judaicum
1615 1840 1797 1896 voluit
1818 1840 1930 1895 cri-
1964 1866 2011 1940 Β

283 1941 411 1982 men
425 1924 753 1983 excludere.
777 1926 1033 1991 Quorum
1048 1926 1242 1998 itaque
1256 1928 1560 1998 perﬁdiam
1572 1929 1935 1986 detestamur

292 2015 635 2071 earumdem
657 2015 853 2081 fidem,
883 2016 931 2071 si
955 2021 1385 2085 convertantur,
1410 2016 1850 2090 amplectimur;
1876 2023 1935 2074 et

287 2103 583 2160 imitantes
595 2102 1059 2160 miscricordiam
1074 2104 1326 2174 Domini,
1344 2106 1441 2179 qui
1458 2123 1559 2178 pro
1572 2106 1655 2162 eis
1673 2124 1792 2180 aqu
1804 2107 1934 2163 ibus

297 2198 413 2250 erat
436 2194 751 2250 cruciﬁxus
774 2194 995 2261 orabat,
1017 2210 1122 2250 nos
1145 2211 1375 2268 quoque
1389 2212 1523 2251 cum
1550 2196 1718 2252 beato
1754 2195 1934 2253 Paulo

295 2282 546 2355 apostolo
567 2287 804 2339 nostras
816 2272 1130 2357 jungimus
1156 2300 1375 2356 preces,
1394 2288 1451 2341 et
1467 2288 1533 2340 ut
1562 2284 1659 2341 ille
1680 2284 1935 2358 populus

296 2371 745 2428 misericordiam
771 2373 1249 2446 consequatur(e)
1264 2376 1556 2446 Optamus,
1572 2374 1644 2429 ob
1657 2375 1829 2446 cujus
1852 2373 1935 2430 of-

297 2459 602 2515 fensionem
622 2460 873 2533 gratiam
897 2458 1388 2517 reconciliationis
1405 2463 1737 2534 accepimus
1760 2478 1773 2516 :
1801 2479 1939 2536 quo-

298 2547 468 2613 niam,
499 2548 661 2605 sicut
678 2549 757 2604 ait
779 2548 848 2621 (n
872 2547 1027 2604 idem
1051 2550 1334 2623 magister
1355 2550 1643 2624 gentium,
1675 2552 1939 2607 conclusit

300 2638 430 2693 Deus
457 2634 641 2694 omiiia
674 2639 737 2692 in
763 2637 1165 2705 incredulitate,
1216 2642 1275 2694 ut
1305 2641 1555 2696 omnium
1610 2640 1940 2696 misereatur

303 2726 464 2797 (Rom.
484 2743 560 2793 ει,
581 2727 691 2791 32).
758 2722 776 2733 ’

368 2819 493 2871 CAP.
513 2814 690 2870 lll.—
707 2816 857 2879 Quid
871 2820 1061 2871 autem
1079 2815 1224 2872 illud
1243 2817 1350 2872 fuit
1372 2818 1525 2891 quod
1549 2821 1605 2874 et
1624 2817 1941 2874 Judazisin-

308 2901 587 2959 tellectum
612 2904 879 2972 abstulit,
894 2909 951 2960 et
963 2904 1314 2978 sapientium
1330 2905 1535 2962 mundi
1550 2908 1726 2963 corda
1744 2909 1941 2963 turba-

311 2991 410 3060 vit,
434 2992 540 3050 nisi
562 3010 707 3049 crux
730 2993 855 3049 Filii
884 2994 1000 3062 Dei,
1026 3011 1153 3067 quae
1173 2993 1315 3066 (g)et
1328 2995 1789 3068 philosophicam
1809 3014 1939 3053 eva-

314 3098 534 3138 nescere
568 3082 965 3156 prudentiam,
1001 3089 1058 3139 et
1093 3083 1471 3140 Israeliticam
1518 3085 1655 3141 fecit
1691 3085 1941 3158 caligare

2039 593 2328 668 passibili,
2348 592 2944 667 conferreturhomini
2958 595 3142 670 gloria
3156 612 3257 668 per
3269 594 3685 653 contumeliam

2039 683 2397 756 incorruptio
2418 700 2523 755 per
2556 681 3062 755 supplicium,vita
3082 700 3185 756 per
3238 688 3509 741 mortem.
3559 684 3685 741 Nisi

2040 773 2195 828 enim
2208 772 2464 829 Verbum
2486 789 2618 828 caro
2642 772 2822 841 ﬁeret,
2847 776 2907 828 et
2926 774 3046 828 tam
3067 761 3689 845 solida(k)consisteret

2040 860 2234 918 unitas
2248 861 2305 916 in
2320 865 2565 933 utraque
2578 865 2882 928 natura,ut
2903 877 2936 915 a
2956 859 3306 934 suscipiente
3328 866 3685 935 susceptam,

2040 967 2145 1006 nec
2166 949 2361 1023 ipsum
2394 950 2564 1005 breve
2585 949 2791 1005 mortis
2828 953 3064 1022 tempus
3105 949 3471 1022 abjungeret,
3515 967 3687 1006 num-

2043 1056 2221 1112 quam
2243 1037 2457 1095 valeret
2479 1038 2550 1093 ad
2572 1037 2954 1094 aeternitatem
2978 1037 3167 1094 redire
3192 1037 3537 1095 mortalitas.
3578 1039 3689 1095 Sed

2043 1128 2229 1183 adfuit
2251 1126 2419 1183 nobis
2442 1126 2503 1181 in
2524 1126 2754 1182 Christo
2792 1125 3089 1200 singulare
3126 1126 3489 1199 praesidium,
3530 1132 3595 1182 ut
3629 1126 3692 1183 in

2043 1222 2252 1275 natura
2276 1215 2538 1290 passibili
2562 1216 2767 1272 mortis
2792 1217 3049 1273 conditio
3071 1234 3187 1271 non
3211 1220 3491 1283 maneret,
3516 1233 3692 1289 quam

2044 1305 2424 1381 impassibilis
2447 1306 2702 1361 essentia
2724 1304 3056 1378 recepisset,
3083 1311 3141 1361 et
3171 1322 3276 1379 per
3296 1305 3355 1359 id
3382 1302 3538 1378 quod
3578 1321 3695 1360 non

2044 1393 2451 1469 poteratmori,
2477 1398 2675 1466 posset
2694 1393 2752 1449 id
2768 1393 2920 1467 quod
2936 1398 3059 1450 erat
3078 1398 3375 1451 mortuum
3401 1393 3694 1450 suscitari.

2113 1485 2247 1540 CAP.
2267 1482 2360 1540 IV.
2376 1515 2443 1523 -—
2458 1480 2605 1538 Huic
2618 1486 3012 1550 sacramento,
3031 1481 3424 1551 dilectissimi,
3442 1487 3508 1539 ut
3545 1482 3697 1538 inse-

2041 1572 2379 1645 parabiliter
2402 1587 2817 1644 congruamus,
2854 1587 3065 1642 magna
3098 1570 3267 1627 nobis
3304 1576 3361 1627 et
3396 1571 3578 1628 animi
3637 1576 3694 1628 et

2041 1660 2623 1734 corporisintentione
2638 1658 2939 1715 nitendum
2953 1662 3040 1716 est
3052 1663 3113 1714 ut
3126 1664 3259 1714 cum
3275 1658 3606 1733 gravissimi
3620 1660 3698 1716 sit

2041 1751 2106 1823 (Ι)
2121 1749 2331 1823 piaculi
2352 1744 2565 1805 festum
2600 1746 2875 1820 paschale
2897 1747 3190 1823 negligere
3211 1747 3598 1821 periculosius
3621 1746 3699 1804 sit

2042 1837 2445 1895 ecclesiasticis
2457 1836 2695 1909 quidem
2710 1836 3089 1893 conventibus
3093 1838 3118 1909 j
3127 1837 3265 1909 ungi
3274 1878 3289 1906 ,
3304 1838 3405 1893 sed
3419 1837 3478 1891 in
3498 1836 3693 1892 Domi-

2045 1927 2186 1982 nicze
2219 1925 2506 2000 passionis
2521 1924 2811 1981 consortio
2827 1942 2941 1981 non
2957 1925 3179 1981 haberi.
3193 1926 3340 1981 Nam
3354 1925 3582 1981 dicente
3594 1925 3700 1981 Do-

2044 2016 2202 2071 mino
2220 2033 2231 2072 :
2254 2016 2360 2085 Qui
2378 2031 2489 2071 non
2507 2016 2704 2086 accipit
2723 2030 2935 2071 erucem
2950 2031 3124 2082 suam,
3140 2022 3314 2093 etnon
3331 2014 3580 2086 sequitur
3589 2029 3696 2083 me,

2042 2113 2250 2160 nonest
2272 2120 2357 2160 me
2374 2104 2572 2175 dignus
2592 2103 2807 2172 (Matth.
2830 2121 2885 2171 x,
2910 2102 3009 2175 38)’
3024 2106 3102 2171 ;et
3122 2101 3349 2159 dicente
3394 2102 3693 2175 Apostolo.

2042 2194 2107 2249 Si
2123 2195 2503 2265 compatimur,
2519 2193 3144 2262 et(m)conregnabimus
3164 2192 3336 2248 (Rom.
3352 2207 3475 2259 vni,
3498 2191 3565 2245 17
3586 2208 3601 2260 ;
3649 2190 3698 2247 ΙΙ

2050 2284 2258 2350 Tim.n,
2286 2283 2372 2348 12)
2397 2298 2409 2337 :
2436 2282 2568 2353 quis
2590 2297 2720 2336 vere
2741 2276 3037 2356 Christum
3071 2296 3335 2353 passum,
3392 2283 3691 2334 mortuum

2046 2376 2101 2428 et
2122 2389 2212 2427 res
2223 2371 2537 2426 uscitatum
2557 2368 2714 2436 colit,
2738 2368 2853 2424 nisi
2872 2368 2972 2441 qui
2997 2385 3129 2424 cum
3150 2369 3278 2441 ipso
3292 2367 3439 2441 (n),et
3453 2367 3696 2441 patitur,

2046 2465 2103 2517 et
2122 2462 2390 2528 moritur,
2416 2463 2472 2515 et
2493 2457 2785 2531 resurgit?
2810 2457 3017 2513 Ethzec
3048 2457 3285 2530 quidem
3326 2456 3384 2511 in
3424 2455 3698 2513 omnibus

2046 2547 2315 2605 Ecclesia:
2339 2547 2499 2614 ﬁliis,
2515 2547 2779 2621 ipsojam
2796 2546 3259 2619 regenerationis
3271 2547 3409 2601 sunt
3430 2545 3702 2603 inchoata

2051 2636 2475 2712 mysterio,ubi
2508 2636 2727 2710 peccati
2748 2632 3280 2704 interitus,'vitaest
3317 2633 3699 2704 renascentis,
3770 2696 3779 2703 _
3812 2680 3817 2684 ,

2046 2734 2103 2784 et
2125 2727 2460 2783 triduanam
2488 2724 2715 2781 Domini
2738 2728 2983 2780 mortem
3006 2722 3271 2779 imitatur
3293 2722 3448 2779 trina
3467 2723 3700 2779 demer-

2048 2817 2134 2872 sio
2164 2833 2178 2884 ;
2202 2821 2266 2871 ut
2287 2816 2508 2872 dimoto
2530 2814 2783 2887 quodam
2802 2824 3010 2887 aggere
3023 2812 3356 2883 sepulturae,
3377 2827 3526 2885 quos
3545 2816 3699 2885 vete-

2048 2923 2141 2962 res
2158 2905 2415 2978 suscepit
2455 2903 2619 2961 sinus
2644 2903 2841 2971 fontis,
2885 2902 3088 2958 eodem
3139 2916 3317 2973 novos
3367 2901 3500 2957 edat
3546 2901 3704 2957 unda

2047 2993 2423 3067 baptismatis
2452 3011 2465 3064 ;
2502 2994 2603 3049 sed
2628 2990 2992 3065 implendum
3016 2993 3107 3046 est
3126 2988 3512 3063 nihilominus
3529 3005 3701 3063 opere

2051 3084 2207 3157 quod
2229 3081 2581 3139 celebratum
2605 3084 2693 3138 est
2705 3084 3086 3147 sacramento,
3110 3082 3168 3135 et
3188 3079 3340 3136 natis
3361 3079 3432 3135 de
3476 3078 3701 3151 Spiritu

312 3169 620 3228 doctrinam
633 3171 914 3228 ?Omnem
929 3188 1100 3244 namq
1113 3189 1179 3227 ue
1194 3188 1430 3228 sensum
1441 3173 1942 3248 humanas’mentis
1980 3241 2013 3249 _
2053 3177 2254 3228 sancto
2270 3174 2554 3244 quantum
2568 3178 2820 3242 cumque
2831 3172 3097 3249 superest
3109 3167 3390 3223 mundani
3397 3165 3700 3240 (o)corpori

314 3259 738 3317 excessitdivini
760 3259 1007 3316 altitudo
1030 3241 1507 3334 consilii,(h)oum
1517 3245 1941 3336 placuitDeOper
1971 3241 2014 3308 Ο
2056 3261 2207 3318 275
2242 3241 2357 3315 non
2399 3259 2525 3316 sine
2565 3241 2756 3314 crucis
2791 3241 3159 3329 susceptione
3216 3256 3550 3312 ducendum
3589 3258 3699 3311 est.

306 3349 581 3406 stultitiam
596 3350 1029 3429 praedicationis,
1062 3351 1238 3407 salvos
1256 3354 1437 3429 facere
1458 3352 1733 3409 credentes
1755 3354 1803 3420 (Ι
1817 3353 1938 3409 Cor.

308 3439 471 3511 1,21),
497 3443 557 3494 ut
578 3438 908 3495 mirabilior
940 3438 1103 3495 ﬁeret
1144 3440 1297 3496 214
1334 3440 1666 3497 constantia
1698 3440 1833 3497 ﬁdei
1874 3457 1943 3498 ex

307 3523 630 3584 difﬁcultate
654 3527 953 3583 credendi.
998 3528 1432 3600 Inconsequens
1461 3529 1618 3584 enim
1640 3533 1695 3584 et
1713 3529 1940 3586 irratio-

308 3614 489 3671 nabile
507 3615 813 3673 videbatur
828 3615 1080 3689 recipere
1098 3616 1293 3672 animo
1307 3617 1459 3689 quod
1483 3622 1798 3675 creatorem
1821 3634 1942 3674 om-

308 3702 457 3781 nium
469 3707 530 3779 (i)
550 3710 895 3761 naturarum
912 3706 967 3759 in
984 3705 1317 3761 substantia
1340 3704 1460 3762 veri
1482 3705 1741 3762 hominis
1763 3706 1942 3780 Virgo

306 3788 631 3849 intemerata
664 3793 990 3867 peperisset
1022 3810 1037 3863 ;
1079 3793 1234 3866 quod
1274 3793 1519 3867 aequalis
1561 3794 1717 3850 Patri
1762 3795 1943 3852 Fiiius

314 3878 422 3947 Dei,
442 3882 532 3953 qui
552 3881 824 3956 impleret
843 3881 1042 3939 omnia
1071 3878 1127 3938 et
1160 3883 1481 3939 contineret
1520 3883 1811 3951 universa,
1855 3884 1943 3939 fu-

313 3968 547 4025 rentium
568 3971 847 4027 manibus
872 3971 1306 4044 comprehendi,
1358 3972 1696 4044 iniquorum
1718 3971 1944 4043 judicio

320 4058 695 4125 condemnari,
723 4064 780 4116 et
800 4065 933 4132 post
955 4060 1238 4117 dedecora
1284 4058 1651 4130 illusionum,
1691 4061 1849 4117 cruci
1884 4078 1946 4118 se

319 4146 662 4215 permisisset
686 4146 868 4220 afﬁgi.
894 4148 1005 4204 Sed
1027 4147 1086 4203 in
1107 4147 1180 4203 iis
1201 4148 1475 4204 omnibus
1495 4147 1671 4205 simul
1712 4154 1851 4204 sunt
1890 4154 1948 4207 et

322 4230 603 4293 humilitas
622 4235 906 4303 hominis,
929 4240 987 4292 et
1006 4235 1293 4297 celsitudo
1306 4237 1580 4307 Deitatis;
1605 4253 1711 4295 nec
1726 4238 1949 4294 miseri-

322 4323 514 4380 cordia:
526 4325 670 4382 ratio
682 4325 1050 4397 majestatem
1064 4325 1398 4382 miserentis
1409 4327 1702 4394 obscurat,
1726 4327 1863 4400 quia
1875 4326 1949 4384 de

323 4408 1366 4488 ineﬁ‘abilipotentiafactumest,(j)ut
1385 4414 1526 4470 dum
1555 4414 1730 4471 homo
1778 4431 1949 4472 verus

383 4560 452 4661 (ae
472 4555 621 4638 Idem
638 4555 939 4691 exemglar
955 4554 1118 4611 Pauli
1141 4554 1324 4640 Diac,,
1349 4561 1413 4629 et.
1429 4556 1631 4614 Judaei.

388 4625 449 4691 (ὸ,
468 4626 612 4683 Editi
631 4632 767 4684 ante
857 4642 1045 4691 uesn.,
1087 4643 1259 4683 enim.
1297 4627 1458 4685 Unus
1499 4629 1624 4684 cod.

327 4698 373 4748 et
389 4695 476 4751 alii
502 4697 650 4765 Vat.,
673 4700 870 4765 igitur.

387 4773 449 4853 (ο)
465 4768 564 4853 illis.
588 4768 1211 4853 collect.‘§,'peccatum.

386 4838 451 4915 id)
467 4838 670 4915 gqmil-
697 4838 861 4915 Pauli
882 4838 1066 4906 Diae,
1103 4840 1545 4915 dzspeusationis,

384 4908 451 4979 (θ)
467 4908 652 4980 Prima
673 4911 875 4977 editio,
899 4927 1119 4967 oramus
1150 4908 1202 4967 et
1231 4914 1502 4980 optamus.

387 4981 442 5050 (f)
459 4979 574 5037 Vox
596 4982 740 5038 idem
761 4981 960 5038 addita
974 4999 1043 5038 ex
1059 4979 1270 5038 Homil.
1296 4981 1460 5037 Pauli
1484 4982 1649 5038 Diac.’

386 5051 612 5125 (g)Editi
644 5057 781 5110 ante
820 5054 1059 5125 Quesn.,
1097 5057 1149 5110 et
1185 5052 1591 5125 philosophiam
1630 5070 1944 5111 evanescere

529 5126 665 5197 tum,
686 5141 825 5197 cum
838 5124 1198 5197 quibusdam
1215 5124 1383 5180 codd.
1402 5124 1513 5197 Sed
1526 5124 1777 5197 aliorum
1794 5142 1940 5182 mss.

350 5192 475 5248 ectio
493 5212 525 5250 a
542 5192 928 5268 Quesnello'et
947 5213 981 5252 a
1002 5196 1168 5252 nobis
1179 5198 1411 5268 recepta
1432 5196 1746 5253 Leoninam
1767 5196 1940 5253 ratio-

332 5267 640 5340 nemmagis
661 5269 850 5340 sapit,
1225 5339 1233 5340 ί
1315 5267 1363 5340 ί
1463 5337 1500 5340 _
1664 5338 1675 5340 _
1752 5337 1762 5340 _
1924 5286 1925 5289 “

388 5332 457 5405 (lt)
473 5332 689 5410 Eaedem
710 5332 1021 5410 editiones,
1060 5339 1404 5410 complacuit.
1428 5409 1436 5410 ί
1460 5337 1942 5396 Emendationem

331 5402 765 5481 Questpellianam
780 5409 967 5481 nostri
992 5402 1220 5465 eodice's
1242 5409 1585 5481 approbant.

390 5474 740 5553 (QExemplar
750 5479 915 5538 Pauli
930 5481 1082 5536 Diae.
1092 5523 1106 5549 ,
1119 5474 1523 5537 creaturarum.
1538 5479 1739 5536 Moxin
1754 5480 1945 5553 prima

335 5542 572 5625 editione,
595 5542 690 5621 q'ui
710 5553 909 5625 implet
940 5542 1131 5607 omnia
1158 5556 1207 5607 et
1233 5554 1471 5608 continet
1508 5542 1783 5609 universi.
1811 5597 1825 5610 .
1857 5561 1945 5609 .et

332 5619 431 5682 Ροει
446 5619 655 5679 dedecus
677 5619 1022 5680 zlluiionum.

394 5660 1066 5758 immutatae.
1105 5694 1166 5751 s.
1206 5694 1359 5751 Petri
1401 5711 1467 5751 ac
1520 5695 1731 5778 Homil.
1777 5695 1942 5754 Pauli
2042 5660 2049 5665 ⁷

2049 3349 2324 3414 Quamvis
2345 3347 2499 3404 enim
2520 3346 2651 3403 forti
2667 3350 2723 3402 et
2744 3345 3234 3415 crudeli'tyranno
3259 3359 3364 3417 per
3380 3343 3702 3417 potentiam

2051 3439 2241 3495 crucis
2277 3436 2492 3494 Christi
2527 3453 2668 3492 vasa
2717 3434 2971 3506 antiquas
3012 3432 3463 3506 deprmdationis
3504 3436 3704 3505 erepta

2050 3527 2186 3594 sint,
2213 3531 2270 3581 et
2294 3522 2616 3580 dominatio
2630 3522 2911 3595 principis
2943 3522 3147 3578 mundi
3185 3537 3217 3575 a
3263 3521 3699 3594 redemptorum

2051 3620 2126 3672 Sit
2142 3615 2323 3686 ejecta
2334 3612 2695 3686 corporibus,
2720 3609 2985 3666 insidiari
3006 3615 3204 3666 tamen
3217 3609 3393 3665 etiam
3407 3608 3699 3682 justiﬁes—

2049 3704 2126 3760 tis
2147 3704 2347 3759 eadem
2370 3700 2706 3773 malignitas
2728 3702 3073 3772 perseverat,
3089 3703 3147 3755 et
3168 3697 3374 3754 multis
3395 3697 3586 3754 modis
3601 3713 3702 3754 eos

2051 3793 2110 3849 in
2134 3792 2348 3866 quibus
2371 3807 2485 3847 non
2509 3794 2709 3863 regnat
2727 3789 3035 3861 impugnat
3061 3804 3075 3844 :
3113 3791 3179 3843 ut
3200 3786 3248 3843 si
3290 3790 3439 3859 quas
3474 3786 3705 3843 animas

2051 3881 2412 3955 negligentes
2425 3878 2940 3950 imprudentesque
2963 3877 3240 3949 repererit
3252 3876 3592 3932 saevioribus
3607 3893 3707 3933 eas

2052 3970 2279 4042 laqueis
2305 3983 2541 4024 rursum
2564 3968 2839 4034 innectat,
2861 3974 2917 4023 et
2936 3983 2971 4022 a
2991 3965 3263 4040 paradiso
3298 3964 3570 4022 Ecclesiae
3608 3981 3710 4022 ra-

2054 4065 2184 4133 ptas
2207 4059 2265 4113 in
2289 4055 2646 4114 consortium
2670 4073 2787 4111 suae
2811 4053 3206 4112 damnationis
3242 4054 3505 4111 inducat.
3542 4054 3707 4110 Unde

2055 4146 2505 4220 cum'quispiam
2552 4145 2929 4202 observantiae
2969 4144 3310 4200 Christianae
3333 4145 3469 4215 sem
3488 4142 3706 4200 limites

2055 4236 2537 4304 sentitexcedere,
2571 4233 2709 4290 etin
2747 4232 2804 4289 id
2855 4234 3212 4307 cupiditates
3251 4246 3392 4290 suas
3441 4233 3703 4301 tendere,

2058 4326 2213 4399 quod
2225 4341 2359 4381 eum
2379 4341 2413 4380 a
2427 4327 2580 4380 recto
2593 4321 2801 4378 itinere
2812 4321 2989 4379 faciat
3001 4322 3077 4395 (ᾳ)
3094 4321 3342 4388 deviare,
3361 4324 3623 4376 recurrat
3633 4321 3705 4377 ad

2058 4430 2291 4471 crucem
2308 4412 2557 4477 Domini,
2575 4416 2632 4467 et
2651 4410 2812 4484 ligno
2825 4410 2955 4466 vitae
2973 4415 3167 4466 motus
3185 4407 3366 4465 noxiae
3386 4406 3706 4464 voluntatis

2060 4556 2216 4614 Diae.
2242 4555 2420 4621 Alias,
2439 4564 2500 4611 ut
2528 4571 2651 4611 cum
2667 4553 2821 4610 homo
2843 4568 3006 4608 verus
3023 4555 3101 4608 est
3121 4552 3182 4606 in
3219 4552 3359 4617 Deo;
3408 4551 3507 4607 sed
3552 4551 3706 4618 Que-

438 4608 1629 4701 gmesae"es.;ssr,";n}sicausa;
1663 4628 1721 4684 s.
1762 4629 1939 4701 Petri,
1976 4608 2024 4677 ι)
2056 4608 2948 4701 astusastussistas1.99
2969 4608 3704 4701 primolocoverbum‘est.

2121 4700 2354 4773 (Ic)Mss.
2374 4699 2433 4754 S.
2457 4695 2610 4773 Petri
2633 4701 2690 4752 et
2706 4695 3030 4773 al_ius_Vat.‘,
3053 4696 3330 4773 emineret.

2122 4765 2188 4845 (Ι)
2209 4771 2403 4845 Prima
2427 4766 2632 4845 editio,
2645 4768 2898 4839 periculi,
2923 4771 2981 4822 et
2997 4767 3137 4823 forte
3160 4765 3393 4833 melius,
3418 4781 3555 4822 nam
3572 4781 3708 4821 mox

2045 4838 2406 4916 periculosius
2427 4838 2757 4916 subjicitur.

2121 4916 2222 4983 (νη)
2241 4912 2366 4968 Duo
2384 4909 2612 4983 ‘mss.’S.
2636 4909 2809 4983 Petri,
2830 4910 3318 4983 congloriabimur.

2121 4976 2566 5058 ('ulConjunctio
2586 4990 2636 5038 et
2653 4976 3191 5058 additaex'antiquo
3213 4996 3325 5058 ms:
3346 4979 3489 5058 Vat.
3503 4980 3564 5035 In
3587 4976 3705 5058 pri-

2050 5052 2149 5112 ma
2168 5052 2364 5111 autem
2399 5054 2655 5109 editione
2702 5052 2997 5109 omittitur
3042 5052 3170 5108 tum
3210 5052 3270 5107 in
3310 5052 3440 5119 hoc,
3474 5055 3602 5105 tum
3643 5052 3703 5102 in

2053 5126 2637 5200 secundocommate.
2828 5195 2858 5200 Α
2931 5195 2959 5200 _
3062 5195 3073 5200 _
3153 5199 3156 5200 ν
3233 5193 3270 5200 __
3348 5191 3450 5200 ___
3527 5187 3676 5200 mm

2124 5198 2195 5270 (0)
2218 5196 2786 5270 ltaexduobusmss.
2824 5195 2884 5251 S.
2929 5195 3075 5251 Petri
3109 5199 3167 5270 et
3196 5193 3311 5270 alio
3348 5191 3480 5270 Vat.
3527 5188 3701 5256 Editi,
3780 5260 3791 5269 _

2049 5265 2332 5349 temporis.
2357 5267 2439 5349 Ad
2456 5282 2657 5349 vocem
2682 5272 2895 5349 autem.
2913 5269 3157 5349 corporis
3192 5265 3543 5349 referuntur,
3576 5276 3703 5349 qua;

2052 5331 2225 5423 paulo
2246 5344 2380 5423 post
2400 5339 2838 5423 subjiciuntur;
2859 5331 3705 5423 (ξ

2050 5405 2451 5483 ῦθάετηριονωη
2471 5405 2543 5466 sit
2562 5412 2733 5483 ejecta
2755 5405 3217 5483 _corporibus,_ubi
3238 5405 3542 5483 propterea
3555 5418 3706 5483 opus

2051 5499 2167 5560 no_n_
2189 5475 2278 5539 est
2297 5496 2401 5560 pro
2423 5475 2737 5560 corporibus
2754 5475 3254 5560 Ιθεόι-ᾳοσονιίἱᾲαδί
3274 5475 3361 5530 ut‘
3376 5476 3436 5531 in
3486 5475 3705 5549 margi-

2052 5554 2170 5610 nali
2194 5552 2430 5627 postilla
2446 5552 2796 5627 Quesnellus
2814 5552 3161 5627 conjecerat.

2121 5622 2384 5701 (pf_Editi
2397 5631 2531 5701 ante
2551 5625 2788 5701 Queen,
2808 5622 3057 5701 limitem.

2123 5691 2200 5768 ("(15
2213 5698 2298 5755 Ita
2313 5712 2446 5755 cum
2468 5693 2775 5763 Quesnello
2791 5691 2975 5750 nostri
2993 5691 3244 5751 codices.
3266 5692 3355 5751 Al.
3367 5734 3384 5764 ,
3403 5692 3702 5752 declinare.
