4096 6164
274 376 351 443 401

1672 378 1936 445 8ΕῆΜο
1979 379 2210 449 LXXV.

3517 364 3641 445 403

271 511 409 572 estin
441 515 642 572 monte
689 510 831 572 Sina
850 508 1041 589 (Exod.
1064 527 1179 583 χιχ,
1213 510 1332 585 17);
1366 510 1449 572 ita
1479 517 1613 589 post
1654 514 1879 588 passio-
1907 516 1963 585 Α
1989 532 2123 574 vero
2146 514 2210 591 (ἰ)
2233 511 2497 574 essentia
2524 531 2643 575 suis
2672 514 2733 573 in
2765 531 2874 575 sua
2895 513 3120 575 Deitate
3148 510 3475 575 continuit:
3500 515 3640 588 quia

270 621 366 662 nem
397 604 479 676 (α)
508 603 744 672 Christi,
777 622 894 677 qua
937 620 1109 660 verus
1139 603 1243 660 Dei
1284 607 1486 678 Agnus
1516 604 1744 661 occisus
1774 608 1882 674 est,

266 694 724 767 quinquagesimo
757 711 790 749 a
820 694 1241 749 resurrectione
1270 693 1459 766 ipsius
1503 695 1594 750 die
1623 694 1683 749 in
1714 711 1885 766 apos-

264 782 377 840 tolos
408 782 764 855 plebemque
803 782 1163 838 credentium
1205 783 1458 855 Spiritus
1489 787 1727 839 sanctus
1756 783 1881 839 illa-

261 890 371 946 psus
401 876 496 927 est
524 875 675 940 (4d.
700 888 763 940 ιι,
786 872 883 939 3):
909 875 974 926 ut
1012 869 1179 926 facile
1225 870 1476 943 diligens
1514 871 1884 927 Christianus

257 964 510 1034 agnoscat
538 960 706 1015 initia
750 960 962 1023 veteris
989 960 1345 1016 Tcstamenti
1393 959 1741 1033 evangelicis
1768 960 1883 1015 mi-

252 1050 512 1106 nistrasse
543 1047 943 1122 principiis,et
973 1048 1044 1103 ab
1076 1048 1278 1104 eodem
1319 1047 1542 1120 Spiritu
1581 1049 1880 1104 conditum

250 1139 413 1195 fndus
462 1137 815 1224 secundum,
850 1153 883 1192 a
915 1153 1030 1210 quo
1088 1136 1344 1209 primum
1407 1136 1596 1193 fuerat
1648 1137 1881 1193 institu-

150 1220 161 1233 ’
245 1232 371 1284 tum.

301 1317 427 1371 CAP.
453 1315 601 1370 II.—
628 1315 798 1383 Nam,
816 1314 969 1371 sicut
990 1314 1306 1386 apostolica
1334 1318 1586 1370 testatur
1614 1314 1877 1382 historia,

242 1407 307 1481 (b)
324 1406 451 1461 dum
472 1404 876 1476 complerentur
894 1404 1009 1459 dies
1025 1405 1380 1471 Pentecostes,
1404 1408 1681 1475 essentque
1698 1419 1881 1459 omnes

239 1495 482 1566 discipuli
508 1495 723 1564 pariter
752 1495 813 1547 in
841 1492 1025 1548 eodem
1068 1494 1199 1561 loco,
1226 1495 1402 1565 [actus
1449 1500 1527 1548 est
1571 1496 1792 1564 repente
1818 1491 1883 1546 de

238 1586 350 1640 calo
367 1598 537 1638 sonus
558 1590 841 1654 tamquam
860 1582 1199 1638 advenientis
1218 1584 1448 1654 spiritus
1469 1582 1817 1649 vehementis,
1833 1588 1885 1636 et

236 1673 445 1744 replevit
474 1679 646 1727 totam
669 1669 909 1738 domum,
926 1670 1021 1725 ubi
1039 1675 1197 1726 erant
1225 1670 1487 1726 sedentes.
1512 1672 1578 1725 Et
1608 1685 1880 1741 apparue-

234 1770 348 1817 runt
366 1761 482 1817 illis
503 1759 814 1832 dispertita?
834 1759 1043 1831 linguae
1060 1763 1336 1830 tamquam
1361 1760 1523 1830 ignis,
1535 1758 1775 1831 seditque
1793 1774 1883 1813 su-

231 1868 322 1924 pra
345 1850 600 1921 singulos
621 1864 830 1903 eorum.
850 1849 918 1903 Et
947 1848 1148 1920 repleti
1165 1856 1293 1903 sunt
1312 1864 1493 1904 omnes
1514 1848 1730 1919 Spiritu
1748 1863 1882 1902 sane
1911 1890 1959 1956 Β

236 1949 322 2007 clo,
349 1946 399 1996 et
427 1943 711 2012 exuperant
750 1938 902 2007 loqui
923 1939 995 2003 (ε)
1015 1937 1148 1991 aliis
1180 1938 1406 2007 linguis,
1434 1941 1598 2008 prout
1640 1936 1879 2007 Spiritus

240 2032 438 2085 sanctus
468 2027 635 2083 dabat
664 2027 849 2099 eloqui
893 2026 1010 2080 illis
1054 2024 1234 2097 (Ibid,
1259 2026 1386 2098 1-4).
1410 2024 1454 2080 Ο
1488 2040 1666 2096 quam
1714 2024 1879 2080 velox

245 2124 320 2175 est
336 2133 524 2173 sermo
546 2115 869 2188 sapientiae,
894 2117 951 2169 et
968 2114 1069 2169 ubi
1092 2113 1246 2170 Deus
1269 2114 1550 2186 magister
1567 2116 1674 2183 est,
1699 2129 1877 2185 quam

246 2207 343 2263 cito
368 2205 615 2260 discitur
645 2203 799 2275 quod
832 2200 1105 2259 docetur!
1138 2201 1263 2258 Non
1294 2206 1384 2258 est
1409 2202 1672 2258 adhibita
1702 2201 1877 2257 inter-

249 2294 471 2366 pretatio
502 2293 576 2348 ad
618 2291 1003 2361 audiendum,
1028 2306 1145 2346 non
1177 2292 1544 2347 consuetudo
1574 2291 1645 2346 ad
1678 2306 1875 2358 usum,

249 2399 349 2439 non
365 2386 594 2453 tempus
617 2380 691 2436 ad
714 2379 999 2445 studium,
1028 2379 1129 2435 sed
1152 2378 1412 2451 spirante
1432 2379 1530 2434 ubi
1553 2378 1737 2435 voluit
1756 2378 1883 2452 Spi-

250 2469 347 2526 ritu
375 2469 630 2527 veritatis
652 2473 837 2540 (Joan.
864 2483 953 2537 ιιι,
980 2467 1056 2540 8),
1079 2467 1327 2540 propriae
1348 2466 1716 2540 singularum
1748 2482 1883 2539 gen-

251 2559 380 2614 tium
404 2575 571 2615 voces
602 2558 768 2613 facta;
818 2558 958 2611 sunt
985 2556 1044 2610 in
1075 2554 1345 2612 Ecclesia:
1385 2571 1482 2612 ore
1514 2570 1878 2611 communes.

254 2648 327 2703 Ab
351 2646 453 2702 hoc
481 2646 665 2719 igitur
688 2645 782 2700 die
802 2644 945 2699 tuba
977 2643 1317 2717 evangelicae
1344 2643 1774 2717 praedicationis
1794 2643 1881 2698 in-

255 2735 448 2801 tonuit;
471 2734 543 2790 ab
562 2734 674 2790 hoc
696 2733 792 2788 die
812 2731 1032 2787 imbres
1054 2732 1501 2800 charismatum,
1526 2732 1772 2787 flumina
1791 2733 1884 2787 be-

259 2823 651 2890 nedictionum,
678 2837 850 2877 omne
880 2821 1177 2876 desertum
1207 2826 1265 2878 et
1295 2823 1625 2877 universam
1658 2820 1882 2876 aridam

262 2910 596 2984 rigaverunt;
630 2908 910 2981 quoniam
942 2909 1013 2964 ad
1052 2911 1447 2966 renovandam
1480 2909 1686 2965 faciem
1720 2913 1885 2964 terrea

264 2999 479 3071 Spiritus
507 3000 606 3054 Dei
632 2998 914 3070 ferebatur
940 3013 1102 3069 super
1138 3014 1307 3071 aquas
1338 2998 1548 3068 (Cenes.
1569 3000 1703 3066 1,2),
1731 3000 1787 3052 et
1813 2996 1884 3052 ad

262 3092 461 3144 veteres
495 3089 770 3143 tenebras
799 3085 1137 3159 abigendas,
1162 3103 1319 3143 novae
1349 3086 1498 3142 lucis
1529 3086 1763 3159 fulgura
1791 3102 1887 3141 co-

264 3176 571 3245 ruscabant,
594 3192 730 3231 cum
757 3174 1102 3229 micantium
1126 3172 1433 3247 s'plendore
1454 3175 1810 3247 linguarum,
1831 3178 1890 3228 et

1995 605 2147 663 sicut
2177 623 2282 663 nec
2315 606 2544 663 Patrem
2577 624 2682 664 nec
2712 605 2946 675 Filium,
2967 607 3049 663 ita
3071 623 3175 663 nec
3198 606 3481 680 Spiritum
3502 623 3638 663 san-

1995 700 2155 752 ctum
2187 696 2483 753 humanus
2514 700 2703 768 potest
2729 696 2892 751 visus
2924 696 3325 769 attingere."ln
3356 695 3642 753 Trinitate

1992 785 2147 864 enim
2168 784 2363 841 divina
2378 784 2524 841 nihil
2542 784 2850 851 dissimile,
2865 783 3009 839 nihil
3027 784 3218 857 impar
3232 788 3349 854 est;
3369 788 3425 841 et
3445 784 3645 841 omnia

1993 889 2119 946 quae
2139 884 2214 931 de
2245 874 2345 931 illa
2367 878 2615 948 possunt
2635 875 2968 931 substantia
2988 874 3247 947 cogitari,
3272 891 3376 930 nec
3403 875 3638 944 virtute,

1992 979 2098 1019 nec
2119 963 2324 1036 gloria,
2347 980 2452 1020 nec
2475 963 2794 1019 aeternitate
2834 962 3088 1018 discreta
3108 966 3265 1018 sunt.
3288 962 3550 1035 Cumque
3578 964 3639 1020 in

1991 1060 2374 1123 personarum
2400 1052 2856 1125 proprietatibus
2886 1050 3037 1107 alius
3068 1051 3146 1106 sit
3176 1051 3360 1119 Pater,
3385 1051 3536 1108 alius
3564 1053 3641 1127 sit

1991 1139 2194 1205 Filius,
2221 1140 2371 1197 alius
2391 1141 2644 1213 Spiritus
2666 1144 2925 1207 sanctus,
2949 1157 3066 1195 non
3091 1143 3289 1195 tamen
3312 1138 3425 1195 alia
3444 1139 3638 1196 Deitas

1989 1245 2097 1285 nec
2116 1230 2346 1286 diversa
2367 1233 2575 1285 natura
2595 1233 2701 1285 est.
2726 1229 3025 1301 Siquidem
3047 1243 3181 1283 cum
3203 1232 3261 1284 et
3280 1228 3352 1284 de
3372 1229 3539 1284 Patre
3560 1227 3641 1284 sit

1989 1317 2169 1373 Filius
2191 1317 2549 1391 unigenitus,
2574 1322 2631 1373 et
2649 1316 2902 1389 Spiritus
2926 1319 3167 1373 sanctus
3186 1314 3376 1373 Patris
3395 1315 3639 1388 Filiique

1990 1406 2067 1462 sit
2092 1406 2355 1478 spiritus,
2372 1423 2488 1462 non
2519 1405 2672 1461 sicut
2698 1421 3081 1478 quaecumque
3110 1409 3398 1471 creatura,
3419 1422 3547 1478 quae
3580 1407 3638 1461 et

1990 1494 2177 1551 Patris
2202 1499 2261 1550 et
2278 1493 2404 1550 Filii
2440 1498 2546 1558 est,
2570 1496 2669 1550 sed
2713 1495 2867 1550 sicut
2905 1510 3038 1550 cum
3084 1498 3332 1566 utroque
3350 1494 3550 1551 vivens
3579 1498 3637 1550 et

1989 1586 2196 1657 potens
2216 1585 2281 1655 (ᾗ
2304 1587 2360 1638 et
2388 1583 2743 1655 sempiterno
2763 1600 2831 1638 ex
2850 1598 2918 1639 eo
2943 1583 3097 1655 quod
3119 1586 3208 1639 est
3237 1583 3404 1639 Pater
3422 1583 3633 1640 Filius-

1989 1688 2101 1745 que
2132 1672 2481 1728 subsistens.
2503 1671 2836 1740 Unde,cum
2861 1670 3148 1727 Dominus
3179 1674 3311 1727 ante
3339 1670 3634 1743 passionis

1989 1777 2109 1816 suis
2128 1761 2283 1816 diem
2302 1760 2606 1833 discipulis
2622 1760 2747 1817 suis
2765 1759 3204 1831 sanctiSpiritus
3216 1760 3529 1832 sponderet
3538 1760 3640 1837 ad-

1988 1852 2246 1905 ventum.
2270 1848 2475 1918 Adhuc,
2502 1847 2713 1920 inquit,
2744 1847 2922 1904 multa
2952 1848 3119 1905 habeo
3146 1849 3296 1905 vobis
3323 1848 3521 1917 dicere,
3543 1848 3638 1905 sed

1986 1954 2098 1993 non
2124 1939 2349 2010 potestis
2372 1937 2477 1993 illa
2492 1944 2715 2009 portare
2733 1937 2910 1993 modo.
2935 1937 3078 1993 Cum
3100 1942 3284 1994 autem
3306 1939 3513 1994 venerit
3540 1937 3639 1994 ille

1985 2026 2228 2099 Spiritus
2247 2028 2515 2095 veritatis,
2538 2027 2637 2081 ille
2656 2026 2855 2096 diriget
2875 2042 2965 2083 vos
2994 2028 3056 2081 in
3085 2042 3299 2082 omnem
3329 2028 3633 2083 veritatem.

1984 2117 2104 2172 Non
2127 2118 2277 2171 enim
2308 2117 2605 2188 loquetura
2629 2117 2931 2186 semetipso,
2953 2115 3046 2171 sed
3075 2129 3432 2187 quaecumque
3451 2114 3523 2184 (lc)
3544 2131 3640 2170 au-
3692 2178 3695 2179 ν

1986 2204 2151 2260 dierit
2180 2205 2446 2275 loquetur,
2481 2212 2534 2259 et
2577 2205 2771 2274 futura
2815 2204 3174 2258 annuntiabit
3218 2204 3387 2258 vobis.
3441 2203 3639 2259 Omnia

1987 2308 2111 2366 quae
2132 2294 2290 2348 habet
2311 2294 2476 2347 Pater
2498 2308 2622 2347 mea
2648 2297 2810 2348 sunt:
2824 2295 3108 2364 prapterea
3126 2292 3266 2360 dixi,
3286 2292 3419 2363 quia
3438 2292 3505 2347 de
3519 2306 3638 2347 meo

1988 2383 2219 2454 accipiet
2247 2389 2298 2437 et
2325 2382 2680 2436 annuntiabit
2716 2380 2863 2436 vobis
2904 2381 3079 2452 (Joan.
3118 2396 3234 2445 xv1,
3275 2378 3487 2450 12-15).
3507 2378 3637 2435 Non

1989 2486 2127 2543 ergo
2157 2469 2273 2525 alia
2302 2472 2441 2525 sunt
2470 2466 2810 2535 Patris,alia
2835 2467 2982 2534 Filii,
3000 2467 3114 2523 alia
3141 2467 3396 2539 Spiritus
3419 2467 3634 2535 sancti;

1990 2558 2089 2615 sed
2123 2557 2321 2613 omnia
2350 2572 2737 2629 quaecumque
2756 2556 2932 2612 habet
2950 2556 3136 2621 Pater,
3160 2555 3335 2611 habet
3353 2544 3411 2612 et
3430 2554 3638 2623 Filius,

1991 2645 2168 2701 habet
2186 2649 2243 2701 et
2263 2644 2517 2717 Spiritus
2538 2648 2803 2710 sanctus;
2828 2659 2933 2700 nec
2953 2659 3237 2716 umquam
3260 2644 3319 2699 in
3334 2642 3439 2699 illa
3453 2642 3641 2699 Trini-

1991 2738 2111 2790 tate
2133 2734 2196 2805 (ι)
2218 2750 2334 2789 non
2357 2732 2466 2787 fuit
2488 2733 2600 2788 ista
2621 2732 2976 2800 communio,
2991 2731 3132 2803 quia
3160 2731 3271 2787 hoc
3301 2736 3392 2787 est
3411 2730 3492 2787 ibi
3515 2744 3639 2786 om-

1994 2823 2091 2878 nia
2105 2820 2499 2893 habere,quod
2518 2836 2750 2893 semper
2763 2820 3025 2876 existere.
3044 2819 3219 2876 Nulla
3232 2812 3386 2878 209
3404 2818 3484 2875 ibi
3500 2809 3644 2875 tem-

1994 2928 2156 2984 pora,
2180 2909 2327 2966 nulli
2349 2910 2588 2983 gradus,
2603 2908 2775 2964 nullae
2797 2909 3136 2965 differentiae
3159 2908 3521 2981 cogitentur:
3548 2908 3643 2975 (m)

1994 3003 2053 3055 et
2080 2999 2128 3055 si
2161 3016 2333 3055 nemo
2364 2999 2436 3054 de
2468 3003 2580 3053 Deo
2612 3001 2804 3070 potest
2840 2997 3124 3069 explicare
3152 2998 3308 3068 quod
3338 3000 3446 3064 est,
3470 3010 3644 3051 nemo

1995 3089 2209 3144 audeat
2239 3087 2532 3142 affirmare
2561 3087 2716 3158 quod
2762 3102 2877 3142 non
2926 3091 3032 3143 est.
3052 3084 3457 3142 Excusabilius
3487 3083 3643 3140 enim

1996 3181 2085 3233 est
2113 3177 2182 3231 de
2214 3180 2423 3232 natura
2448 3175 2725 3231 ineffabili
2758 3192 2873 3232 non
2904 3174 3099 3247 eloqui
3130 3175 3328 3248 digna,
3351 3189 3530 3246 quam
3551 3172 3646 3228 de-

267 3263 406 3320 298
421 3264 654 3320 verbum
678 3261 906 3318 Domini
926 3246 1209 3331 lucidum,
1233 3268 1291 3319 et
1307 3246 1605 3336 eloquium
1628 3261 1888 3334 concipe-
1918 3246 1963 3317 α
1995 3264 2162 3321 finire
2197 3263 2509 3320 contraria.
2529 3264 2823 3334 Quidquid
2861 3246 3060 3336 itaque
3102 3264 3173 3319 de
3201 3246 3561 3334 sempiterna
3588 3264 3649 3317 et

265 3357 413 3408 retur
453 3350 830 3425 ignitum,cui
860 3351 933 3406 ad
966 3351 1281 3407 creandum
1333 3348 1715 3415 intellectum,
1749 3367 1884 3407 con-

264 3440 713 3510 sumendumque
750 3442 1073 3510 peccatum,
1106 3442 1163 3494 et
1199 3438 1459 3495 efficacia
1489 3436 1888 3505 illuminandi,

265 3531 317 3583 et
338 3529 422 3584 vis
448 3529 661 3584 inesset
689 3528 776 3598 (d)
808 3527 1036 3582 urendi.

330 3616 662 3672 ΟΑΡ.ΙΙΙ.-
693 3615 969 3681 Quamvis
1018 3619 1238 3684 autem,
1288 3613 1675 3679 dilectissimi,
1724 3613 1892 3670 valde

271 3702 431 3759 fuerit
456 3703 579 3776 ipsa
603 3703 687 3759 rei
717 3707 894 3776 geste:
940 3705 1127 3760 forma
1158 3705 1464 3773 mirabilis,
1502 3721 1608 3761 nec
1645 3703 1892 3760 dubium

270 3789 356 3859 sit,
386 3791 440 3847 in
468 3792 563 3848 illo
592 3793 859 3848 omnium
898 3792 1293 3849 humanarum
1322 3810 1530 3849 vocum
1569 3792 1895 3849 exsultante

268 3878 333 3951 (e)
364 3885 653 3949 concentu,
678 3881 1043 3951 majestatem
1065 3881 1321 3953 Spiritus
1342 3881 1527 3937 sancti
1557 3881 1739 3937 fuisse
1760 3897 1898 3953 pre-

271 3970 739 4041 sentem([),nemo
763 3973 961 4025 tamen
990 3969 1238 4026 aestimet
1254 3968 1325 4025 in
1358 3969 1431 4025 iis
1460 3986 1585 4042 quae
1608 3968 1897 4042 corporeis

275 4056 390 4112 visa
418 4063 546 4114 sunt
574 4058 760 4114 oculis
790 4058 1047 4114 divinam
1078 4060 1207 4131 ejus
1236 4058 1581 4132 apparuisse
1622 4059 1896 4114 substan-

275 4143 427 4200 tiam.
452 4147 661 4203 Natura
688 4146 1187 4213 enim,invisibilis
1213 4148 1309 4219 (ο),
1344 4153 1401 4204 et
1439 4147 1593 4204 Patri
1639 4146 1899 4219 Filioque

280 4235 960 4307 eommunis,qualitatem
986 4236 1248 4293 muneris
1265 4237 1342 4307 (ἢ)
1365 4239 1539 4308 atque
1559 4236 1753 4309 operis
1783 4236 1898 4303 sui,

280 4334 388 4391 qua
410 4322 577 4378 voluit
617 4321 1046 4394 signiﬁcatione
1091 4325 1458 4389 monstravit,
1488 4324 1900 4397 proprietatem

344 4445 523 4520 (a)_Sic
550 4462 629 4520 ex_
662 4447 882 4520 nostris
912 4447 1078 4502 codd.
1105 4451 1170 4520 et
1197 4448 1369 4520 editis
1400 4452 1533 4520 ante
1562 4450 1775 4514 Quesn.
1800 4448 1900 4520 qui

280 4530 375 4585 pro
401 4515 591 4590 Christi
617 4517 795 4573 habet
824 4519 1062 4574 Domi-ni.
1089 4519 1151 4573 In
1186 4519 1375 4590 prima
1398 4518 1649 4574 editione
1681 4515 1903 4576 utrum-

280 4601 385 4656 que
414 4588 783 4644 desideratur.

345 4658 417 4727 (b)
443 4659 545 4726 AL,
576 4660 730 4714 Cum.

345 4734 412 4802 (ᾳ)
437 4729 621 4802 Prima
648 4729 849 4797 editio,
881 4732 1052 4787 variis
1083 4732 1307 4802 linguis.

342 4799 504 4869 (d)lta
517 4801 889 4857 retinendum
909 4799 1571 4870 putavitQuesnellus,ct
1586 4801 1772 4858 suasit
1784 4805 1906 4858 tota

342 4820 889 4869 inmareunenoum
949 4820 1901 4870 utavxtuuesneuus,ctsuasnwta

275 4865 445 4942 hujus
459 4878 646 4929 textus
666 4873 880 4942 series;
908 4820 1044 4929 licet
1062 4880 1178 4929 tres
1208 4874 1473 4944 ejusdem
1496 4873 1664 4929 codd.
1698 4874 1901 4942 Oxon.,

281 4955 377 5021 pro
395 4945 578 5021 urendi
594 4945 880 5021 haberent
893 4943 1476 5021 erudiendi._ldipsum
1495 4950 1551 5021 et
1566 4961 1693 5021 nos,
1708 4943 1906 5021 etiam-

280 5015 326 5087 si
349 5015 788 5087 antiquissimus
810 5017 935 5072 Vat.
960 5017 1098 5071 item
1120 5015 1353 5081 habeat,
1377 5016 1666 5071 erudiendi
1675 5032 1695 5076 ,·
1716 5020 1771 5070 et
1792 5033 1903 5071 ms.

282 5080 499 5159 Barber:
518 5090 586 5142 88
608 5087 832 5143 collect.
855 5092 890 5142 2
911 5088 1066 5143 hunc
1108 5087 1305 5159 locum
1328 5080 1411 5159 ita
1434 5088 1633 5143 efferat
1656 5104 1669 5141 ε
1694 5090 1758 5143 Et
1786 5088 1906 5159 efﬂ-

280 5157 422 5209 cacia
448 5159 801 5213 illuminanda
832 5160 1025 5215 inesset
1052 5167 1102 5215 et
1125 5157 1432 5214 erudiendi.

346 5232 412 5296 (ε)
431 5228 769 5301 Quesnellus
786 5246 854 5285 ex
871 5232 995 5286 suis
1016 5229 1427 5301 codd.,quibus
1452 5228 1713 5301 nonnulli
1733 5230 1905 5284 etiam

284 5299 453 5372 nostri
473 5301 883 5372 astipulantur,
903 5299 1404 5369 edidit,coni'entu.
1431 5300 1786 5372 Edit.APuris.
1813 5317 1884 5372 an
1895 5342 1907 5356 .

285 5365 727 5447 1671,00nsensu.
746 5365 947 5447 Melior
969 5365 1198 5428 visaest
1227 5372 1397 5428 lectio
1418 5370 1773 5447 anteriorum
1797 5371 1913 5426 edi-

280 5440 491 5516 tionum
511 5443 641 5516 aliis
658 5461 800 5498 mss.
810 5445 1068 5515 probata,
1085 5460 1215 5499 cum
1240 5460 1357 5515 qua
1374 5443 1563 5516 magis
1585 5447 1914 5516 congruunt

285 5514 667 5583 praecedentia,
703 5514 1076 5570 humanarum
1104 5514 1310 5570 vocum.

353 5584 423 5651 (I')
441 5585 851 5642 Revocavimus
868 5586 1171 5641 lectionem
1189 5585 1475 5640 editorum
1493 5590 1628 5641 aute
1646 5585 1916 5653 Quesnel-

281 5647 860 5737 lutn,quipp_c_quam
903 5657 963 5737 in
1008 5658 1424 5737 antiquissimo
1450 5656 1576 5712 Vat.
1611 5647 1917 5737 ettin_aliis

286 5727 489 5801 nostris
526 5727 716 5786 coddf
738 5728 1091 5801 reperimus,
1124 5727 1256 5784 cum
1306 5727 1522 5801 quibus
1568 5729 1919 5801 scripsimus

286 5798 522 5868 testimet,
535 5817 639 5874 pro
656 5798 893 5874 vulgato
909 5802 1199 5857 existimet.
1216 5798 1563 5867 Quésnellus
1584 5798 1779 5858 autem
1799 5802 1883 5858 sic
1905 5818 1917 5859 :

1934 4616 1985 4681 Ι)

1994 3351 2462 3409 incommutabili
2497 3351 2681 3425 gloria
2702 3349 2890 3407 Patris
2912 3352 3010 3423 pia
3032 3353 3281 3423 possunt
3305 3350 3482 3405 corda
3510 3364 3646 3404 con-

1996 3443 2207 3515 cipere,
2236 3440 2343 3496 hoc
2372 3439 2549 3496 simul
2582 3444 2639 3496 et
2667 3440 2740 3495 de
2778 3438 2943 3510 Filio,
2975 3443 3032 3495 et
3079 3440 3151 3494 de
3192 3436 3411 3510 Spiritu
3442 3439 3645 3493 sancto

1996 3527 2465 3601 inseparabiliter
2491 3531 2667 3599 atque
2708 3526 3105 3582 indifferenter
3132 3523 3482 3597 intelligant.
3511 3523 3645 3579 Ideo

2000 3619 2155 3675 enim
2205 3617 2358 3672 hanc
2401 3617 2630 3671 beatam
2678 3614 3021 3670 Trinitatem
3070 3629 3256 3671 unum
3301 3611 3651 3668 conﬁtemur

2006 3708 2206 3771 Deum,
2231 3704 2373 3777 quia
2398 3702 2459 3758 in
2489 3702 2583 3758 his
2625 3702 2818 3758 tribus
2852 3701 3118 3774 personis
3147 3715 3251 3756 nec
3282 3696 3647 3765 substantia,

2003 3811 2107 3850 nec
2156 3792 2444 3866 potentiae,
2478 3805 2583 3845 nec
2630 3788 2968 3857 voluntatis,
3003 3805 3110 3844 nec
3156 3785 3513 3860 operationis
3562 3786 3654 3841 est

2005 3883 2125 3940 ulla
2154 3880 2655 4024 diversitass/

2076 3971 2208 4024 CAP.
2246 3969 2418 4024 lV.—
2482 3968 2603 4024 icut
2632 3982 2655 4022 e

2076 3971 2208 4027 CAP.
2246 3969 2418 4025 lV.—
2440 3961 2603 4024 Sicut
2632 3981 2767 4039 ergo
2787 3966 3153 4021 detestamur
3172 3964 3252 4036 (η)
3271 3961 3656 4034 Arianos.qui

2006 4062 2159 4116 inter
2189 4058 2416 4113 Patrem
2440 4061 2495 4111 et
2522 4054 2733 4111 Filium
2760 4053 3019 4125 aliquam
3038 4052 3243 4109 volunt
3271 4067 3399 4108 esse
3428 4049 3657 4107 distan-

2005 4149 2169 4215 tiam,
2204 4147 2282 4201 ita
2321 4144 2497 4200 etiam
2541 4141 2986 4199 Macedonianos
3030 4141 3250 4214 pariter
3274 4142 3654 4206 detestamur,

2009 4236 2110 4308 qui
2126 4235 2261 4290 licet
2275 4231 2429 4288 Patri
2447 4236 2503 4287 et
2515 4231 2657 4287 Filio
2675 4230 2936 4287 tribuant
2950 4227 3657 4302 aequalitatem,Spiritum

2007 4329 2205 4381 tamen
2235 4326 2505 4377 sanctum
2535 4320 2829 4374 inferioris
2859 4322 3071 4390 putant
3102 4334 3230 4373 esse
3258 4319 3514 4371 naturae:
3540 4330 3657 4370 non

2009 4451 2171 4506 Nemo
2202 4454 2383 4502 tamen
2428 4446 2491 4499 in
2522 4444 2657 4498 iis...
2689 4443 2939 4498 divinam
2981 4443 3096 4514 ejus
3139 4444 3291 4513 putet
3337 4439 3658 4511 apparuisse

2009 4519 2392 4577 substantiam.

2083 4592 2159 4663 (g)
2188 4589 2281 4644 Sic
2312 4583 2496 4663 nostri
2539 4583 2707 4663 codd».
2740 4587 2797 4663 et
2845 4582 3008 4663 editi,
3040 4584 3274 4663 eacepto
3323 4577 3656 4646 Quesnello,

2013 4654 2166 4735 apud
2185 4675 2395 4735 __quem,
2428 4660 2481 4735 et
2509 4672 2634 4710 cum
2662 4656 2901 4735 Patreet
2930 4670 3053 4735 cum
3081 4654 3240 4709 Filio.

2107 4733 2162 4803 h)
2182 4720 2566 4803 Vocesﬂtque
2585 4727 2781 4803 operis,
2805 4725 3017 4803 desunt
3037 4724 3095 4780 in
3119 4723 3483 4797 anquissimo
3528 4720 3659 4777 Vat.

2110 4797 2154 4886 ιχ
2173 4801 2343 4886 linus
2366 4797 2886 4886 Vat.l,siibs_tantiae‘
3303 4870 3343 4886 Α
3460 4881 3502 4886 Α
3532 4879 3626 4886 ω-
3659 4866 3663 4869 _

2108 4868 2157 4946 ί)
2173 4870 2416 4946 Vulgati
2425 4873 2562 4946 ante
2579 4869 2793 4933 Quesn.
2805 4908 2818 4934 ,
2830 4874 2887 4946 et
2898 4868 3277 4946 sempiternus,
3292 4870 3344 4920 et
3363 4881 3506 4946 erceo
3525 4879 3629 4946 quo

2014 4935 2242 5011 estiétc.
2276 4935 2556 5015 Similiter
2585 4956 2728 4995 mss.
2762 4937 2982 5015 collect.
3006 4935 3037 4992 '4
3068 4942 3125 5015 et
3152 4938 3213 5015 5,
3239 4935 3298 4991 in
3331 4935 3545 5015 quibus
3575 4939 3661 5015 ta-

2017 5005 2151 5072 men
2184 5031 2317 5069 cum
2351 5011 2655 5067 omittatur
2684 5008 3014 5081 conjunctio
3043 5013 3094 5065 et
3123 5012 3256 5063 ante
3287 5005 3366 5064 ex'
3382 5022 3462 5071 eo,
3496 5005 3664 5081 lectio

2017 5106 2051 5145 ο,
2071 5083 2378 5154 Quesnello
2404 5082 2644 5154 inducta
2667 5086 2725 5137 et
2745 5074 3164 5152 antiquissimo
3187 5096 3299 5135 ms.
3315 5082 3512 5134 nostro
3533 5074 3661 5130 Vat.

2018 5152 2362 5215 conﬁrmata
2392 5152 2534 5225 satis
2565 5153 2874 5210 indicatur.
3197 5220 3234 5225 __
3316 5223 3321 5225 Α
3462 5220 3467 5225 Α
3497 5219 3506 5225 _
3583 5212 3596 5225 ,

2089 5230 2163 5301 (It)
2192 5224 2429 5301 Vulgati
2460 5228 2593 5281 ante
2623 5225 2833 5290 Quesn.
2867 5228 2933 5301 et
2954 5238 3096 5301 mss.
3115 5220 3351 5301 _collec't'.
3384 5219 3665 5301 posterio—

2019 5289 2172 5366 rum,
2196 5289 2409 5371 audiet,
2443 5314 2557 5371 non
2587 5289 3422 5371 tameniantiquissimusyat.
3501 5350 3514 5371 ‘
3534 5356 3571 5371 μ

2091 5350 2275 5444 lta
2285 5350 2357 5427 Eii
2370 5350 2907 5424 nostriscodicib‘us
2918 5350 2979 5423 et
2991 5365 3180 5438 prima
3195 5359 3468 5418 editione.
3485 5350 3666 5424 Alias,

2020 5444 2638 5597 degigPrimaeditio,
2689 5510 2858 5569 utsi;
2897 5514 2953 5564 et
3003 5505 3159 5572 dein,
3210 5500 3673 5569 ineommutabili,

2024 5583 2128 5660 pro
2160 5583 2448 5660 ine/ﬂabili.

2097 5658 2176 5729 (η)
2210 5644 2673 5729 antiquissimus
2704 5650 2856 5729 Vat,
2881 5663 2982 5729 pro
3014 5647 3267 5729 Arianos,
3301 5644 3532 5729 prafert
3561 5660 3677 5727 eos;

2025 5734 2083 5786 et
2101 5716 2332 5800 postea,
2363 5716 2597 5800 emissis
2624 5718 2858 5800 vocibps
2881 5716 2967 5800 ita
2995 5722 3179 5787 etiam,
3211 5716 3315 5794 pro
3346 5716 3681 5775 Macedonia-

2030 5790 2145 5869 nos,
2178 5790 2354 5854 habet
2382 5795 2506 5849 illos
2530 5793 2740 5863 pariter
2768 5790 3107 5847 detestemur.

2084 4736 2101 4945 ἓ
