4096 6164
458 344 583 415 403

1574 351 1640 417 8.
1684 348 1965 416 LEONIS
2008 345 2263 413 MAGNI
2308 348 2751 413 SERMONES.

3691 352 3796 416 404

461 485 899 544 considerantes
928 501 1056 543 eam
1085 484 1515 561 blasphemiam
1561 503 1621 543 se
1667 486 1940 555 incidere,
1974 502 2101 558 quas
2130 482 2187 552 Α
2214 482 2511 540 Christum
2561 483 2876 541 Dominum
2935 488 3223 552 nostrhm,
3247 482 3343 558 qui
3384 494 3508 541 cum
3558 483 3706 542 Patre
3749 489 3797 543 et

460 591 652 649 neque
674 576 733 631 in
760 577 1035 649 prmsenti
1058 576 1292 645 saeculo,
1320 593 1506 649 neque
1529 578 1586 631 in
1616 576 1806 632 futuro
1831 576 1907 631 sit
1926 574 2099 629 remit

456 664 635 721 tenda
671 659 1174 738 judicioﬂdicente
1220 667 1501 723 Domino:
1532 668 1868 738 Quicumque
1915 659 2123 719 dixerit

455 752 677 809 verbum
700 752 1120 811 cont’ﬁi'Filium
1147 757 1416 823 Hominis,
1443 757 1752 812 remittetur
1777 758 1861 816 ei;
1891 756 1988 826 qui
2017 768 2123 808 au-

454 847 562 897 tem
581 841 790 899 dixerit
808 851 998 900 contra
1019 844 1291 916 Spiritum
1309 849 1582 907 sanctum,
1605 859 1712 900 non
1737 846 2046 899 remittetur
2068 834 2124 900 ei

471 943 649 1002 neque
680 933 739 986 in
780 931 878 988 hoe
918 934 1134 999 saeculo,
1163 949 1336 1004 neque
1365 935 1425 988 in
1451 935 1639 1005 futuro
1668 932 1852 1004 (Matth
1879 950 1978 1001 xu,
2007 932 2119 1006 32)-

458 1018 815 1076 Permanens
848 1021 1047 1093 itaque
1078 1022 1137 1077 in
1168 1022 1276 1077 hac
1323 1022 1620 1093 impietate
1654 1021 1779 1078 sine
1808 1021 1978 1076 venia
2009 1026 2120 1077 est,

436 1100 600 1181 'quia
631 1108 879 1165 exclusit
906 1127 1039 1167 eum
1073 1128 1106 1165 a
1136 1128 1198 1167 se
1227 1128 1330 1184 per
1355 1128 1531 1183 quem
1566 1115 1793 1183 poterat
1824 1110 2116 1181 conﬁteri;

461 1213 570 1254 nec
600 1213 884 1271 umquam
915 1200 1213 1272 perveniet
1241 1202 1313 1255 ad
1348 1199 1733 1273 indulgentiae
1766 1199 2114 1268 remedium,

463 1286 567 1358 qui
597 1287 1098 1359 patrocinaturum
1124 1288 1235 1345 sibi
1266 1306 1381 1345 non
1421 1288 1599 1344 habet
1644 1290 2009 1344 advocatum.
2032 1289 2117 1343 Ab

461 1372 592 1447 ipso
614 1375 770 1432 enim
787 1381 877 1434 est
892 1378 968 1450 (a)
985 1376 1268 1434 invocatio
1292 1378 1498 1446 Patris,
1524 1378 1595 1433 ab
1627 1378 1754 1449 ipso
1776 1381 1916 1433 sunt
1935 1377 2117 1450 lacry-

463 1479 572 1521 ma:
605 1464 1032 1537 pmnitentium,
1062 1468 1132 1523 ab
1164 1468 1291 1540 ipso
1323 1470 1463 1522 sunt
1491 1465 1745 1539 gemitus
1777 1465 2119 1538 supplican-

460 1552 643 1621 tium;
667 1561 719 1610 et
742 1570 900 1610 nemo
928 1559 1097 1627 potest
1140 1556 1319 1612 dicere
1364 1556 1662 1611 Dominum
1689 1557 1891 1621 Jesum,
1916 1556 2029 1609 nisi
2058 1556 2119 1610 in

462 1641 679 1715 Spiritu
706 1647 890 1699 saneto
912 1644 961 1715 (Ι
980 1644 1099 1700 Cor.
1124 1662 1225 1713 x11,
1248 1644 1324 1716 3);
1349 1645 1520 1715 cujus
1551 1642 1835 1714 aequalem
1857 1660 1989 1697 cum
2013 1643 2116 1699 Pa-

460 1734 552 1787 tre
595 1734 652 1787 et
688 1731 828 1788 Filio
860 1732 1371 1805 omnipotentiam,
1396 1747 1696 1803 unamque
1737 1731 2018 1787 Deitatem
2044 1731 2116 1803 (b)

461 1818 899 1876 evidentissime
929 1820 1204 1892 praedicat
1245 1819 1577 1892 Apostolus,
1606 1819 1807 1875 dicens
1836 1836 1849 1874 :
1883 1821 2114 1875 Divisio-
2145 1854 2193 1919 Β

460 1923 559 1964 nes
586 1908 806 1979 quidem
849 1910 1156 1978 gratian
1183 1917 1328 1975 sunt,
1356 1909 1500 1964 idem
1547 1913 1731 1963 autem
1760 1908 2016 1980 Spiritus.
2053 1910 2116 1963 Et

461 1994 759 2053 divisiones
786 1998 1257 2053 ministrationum
1275 2005 1423 2061 sunt,
1446 1997 1590 2053 idem
1617 2004 1801 2053 autem
1831 1998 2111 2053 Dominus.

459 2085 531 2142 Et
559 2084 853 2141 divisiones
894 2087 1268 2156 operationum
1314 2094 1465 2153 sunt,
1498 2086 1640 2141 idem
1678 2102 1804 2141 vero
1834 2087 1995 2153 Deus,
2018 2087 2116 2159 qui

461 2181 719 2247 operatur
746 2175 933 2230 omnia
956 2175 1015 2229 in
1047 2175 1296 2230 omnibus
1325 2174 1507 2245 (Ibid,
1534 2175 1672 2245 4-6).

533 2265 667 2318 CAP.
688 2262 757 2317 V.
776 2293 842 2303 —
863 2262 987 2329 His,
1020 2261 1407 2331 dilectissimi,
1431 2261 1680 2335 aliisque
1722 2262 2108 2331 documentis,

462 2349 1205 2423 quibusinnumerabiliter
1221 2350 1546 2407 divinorum
1566 2350 1931 2423 eloquiorum
1951 2368 2113 2407 coru-

460 2441 588 2496 scat
614 2438 952 2504 auctoritas,
984 2438 1056 2494 ad
1088 2437 1519 2495 venerationem
1550 2440 1921 2496 Pentecostes
1961 2457 2110 2497 una-

459 2525 699 2583 nimiter
725 2525 1060 2592 incitemur,
1092 2525 1452 2583 exsultantes
1495 2527 1554 2582 in
1600 2528 1882 2584 honorem
1923 2528 2109 2585 sancti

455 2615 730 2689 Spiritus,
753 2631 858 2689 per
885 2631 1060 2689 quem
1082 2616 1274 2671 omnis
1313 2615 1571 2672 Ecclesia
1590 2616 1876 2672 catholica
1895 2618 2110 2674 sancti-

456 2705 684 2775 ﬂcatur,
709 2705 902 2762 omnis
925 2704 1125 2760 anima
1148 2704 1449 2761 rationalis
1470 2705 1782 2773 imbuitur;
1807 2705 1908 2777 qui
1932 2705 2110 2778 inspi-

457 2797 617 2852 rator
637 2794 791 2862 ﬁdei,
806 2794 1008 2851 doctor
1027 2793 1304 2861 scientiae,
1319 2793 1449 2848 fons
1471 2792 1821 2860 dilectionis,
1839 2793 2109 2866 signacu-

455 2881 583 2940 lum
606 2882 915 2954 castitatis,
930 2886 989 2938 et
1016 2882 1199 2938 totius
1218 2886 1308 2938 est
1326 2899 1505 2938 causa
1528 2882 1781 2937 virtutis.
1805 2882 2110 2939 Gaudeant

455 2971 721 3029 ﬁdelium
738 2975 985 3039 mentes,
1001 2970 1155 3043 quod
1181 2970 1239 3025 in
1262 2974 1382 3026 toto
1405 2970 1625 3025 mundo
1647 2987 1800 3025 unus
1819 2970 1992 3038 Deus,
2009 2971 2111 3026 Pa-

454 3063 565 3129 ter,
580 3065 638 3118 et
652 3060 856 3127 Filius,
870 3063 928 3116 et
943 3058 1195 3131 Spiritus
1217 3059 1749 3123 sanctus,omnium
1771 3058 2108 3133 linguarum

456 3150 823 3209 confessione
844 3148 1147 3215 laudatur;
1173 3148 1445 3220 quodque
1460 3146 1562 3202 illa
1579 3147 2111 3219 signiﬁcatio,800

394 3222 399 3229 ”
456 3255 586 3312 qua
615 3239 677 3294 in
706 3237 901 3311 specie
921 3237 1076 3310 ignis
1098 3215 1388 3308 apparuit,
1413 3240 1469 3292 et
1498 3215 1670 3308 opere
1701 3242 2028 3308 perseverat
2055 3242 2112 3295 et
2140 3215 2185 3286 C
2220 3235 2408 3288 tutem
2441 3231 2560 3288 oris
2592 3215 2774 3287 nostri
2797 3232 2950 3286 docti
2971 3229 3307 3302 indoctique
3336 3246 3456 3286 non
3480 3231 3757 3302 spernant
3774 3223 3829 3297 (j)

457 3343 721 3384 munere.
745 3328 876 3400 Ipse
905 3326 1064 3383 enim
1108 3325 1364 3397 Spiritus
1392 3323 1651 3380 veritatis
1685 3324 1823 3380 facit
1870 3326 2111 3381 domum

455 3413 656 3490 gloria
687 3432 806 3471 suae
832 3414 1077 3471 luminis
1108 3413 1196 3471 sui
1221 3414 1292 3487 (c)
1314 3412 1504 3469 nitore
1526 3412 1766 3486 fulgere,
1789 3417 1847 3470 et
1877 3414 1935 3470 in
1966 3418 2112 3471 tem-

460 3503 560 3578 plo
589 3520 697 3561 suo
729 3519 835 3560 nec
853 3504 1226 3560 tenebrosum
1261 3501 1484 3574 aliquid
1507 3501 1632 3557 vult
1661 3518 1808 3570 esse,
1832 3519 1938 3558 nec
1967 3503 2115 3575 tepi-

464 3592 626 3650 dum.
654 3593 734 3649 De
765 3609 884 3667 qua
912 3609 1021 3665 ope
1052 3596 1228 3664 atque
1258 3590 1525 3647 doctrina
1553 3590 1729 3646 etiam
1752 3591 2117 3662 jejuniorum

463 3681 634 3739 nobis
666 3686 846 3754 atque
892 3680 1395 3751 eleemosynarum
1436 3682 1524 3735 est
1572 3678 1779 3734 collata
1825 3680 2114 3753 purgatio.

454 3770 603 3828 Nam
631 3769 791 3826 hunc
817 3766 1209 3825 venerabilem
1231 3767 1385 3822 diem
1413 3765 1683 3837 sequitur
1713 3764 2113 3824 saluberrimis

456 3858 834 3917 observantiae
865 3855 1248 3920 consuetudo,
1276 3870 1454 3925 quam
1487 3853 1864 3909 utilissimam
1898 3855 2011 3910 sibi
2035 3857 2112 3929 (ά)

452 3964 657 4005 omnes
678 3945 864 4003 sancti
883 3959 1116 4016 semper
1131 3941 1352 4014 experti
1377 3944 1602 4008 sunt,et
1616 3942 1689 3997 ad
1712 3958 1888 4013 quam
1912 3944 2113 4001 sedulo

453 4029 1175 4104 celebrandam,pastorali
1188 4046 1290 4086 vos
1307 4028 1701 4085 sollicitudine
1718 4030 2109 4102 cohortamur;

450 4127 522 4182 ut
556 4122 607 4179 si
639 4121 780 4194 quid
812 4119 1180 4177 macularum
1215 4117 1497 4192 proximis
1525 4117 1732 4174 diebus
1763 4118 2116 4193 negligentia

449 4215 687 4271 incauta
715 4208 1020 4275 contraxit,
1042 4207 1101 4264 id
1132 4212 1190 4263 et
1223 4206 1437 4279 jejunii
1480 4222 1729 4263 censura
1759 4208 2023 4282 castiget,
2056 4197 2113 4266 et

448 4300 676 4360 devotio
707 4298 942 4373 pietatis
973 4297 1262 4353 emendet.
1296 4296 1511 4362 Quarta
1542 4295 1725 4367 igitur
1752 4300 1810 4353 et
1840 4298 1911 4369 (e)
1943 4304 2112 4355 sexta

449 4390 590 4448 feria
633 4390 1011 4467 jejunemus;
1053 4385 1296 4441 sabbato
1330 4389 1525 4439 autem
1580 4386 1637 4439 in
1687 4384 1943 4457 idipsum
1975 4403 2109 4443 con-

449 4482 617 4538 sueta
645 4476 950 4534 devotione
980 4472 1211 4546 vigilias
1243 4470 1609 4527 celebremus
1636 4473 1732 4543 (f).
1759 4472 1867 4528 Per
1905 4474 2110 4530 Jesum

2226 572 2447 645 Spiritu
2477 577 2678 629 sancto
2710 592 2864 631 unus
2898 575 3047 632 Deus
3076 573 3213 632 vivit
3241 578 3297 630 et
3332 572 3598 647 regnat'in
3626 574 3804 631 sucula

2226 659 2596 717 saeculorum.
2627 663 2832 717 Amen.

2591 750 2834 807 SERMO
2866 749 3077 806 LXXVI
3107 751 3214 823 [Αι.
3249 749 3493 822 LXXIV].

2796 842 2867 896 De
2900 842 3211 896 Pentecoste
3238 842 3303 896 II.

2228 925 2528 1001 Synepsrs.
2547 960 2622 1001 _—
2654 930 2693 983 Ι.
2728 931 2792 983 Et
2821 933 3038 1000 propter
3075 928 3369 1001 spiritales,
3401 932 3454 982 et
3488 934 3688 1001 prapter
3710 945 3817 1001 neo-

2293 999 2487 1070 phytos
2525 999 2590 1054 de
2638 998 2847 1071 Spiritu
2895 998 3239 1056 sancto'esse
3283 998 3733 1054 disserendum.—
3759 999 3816 1054 ll.

2297 1071 2539 1141 Perfecte
2557 1073 2616 1143 in
2636 1072 2889 1127 omnibus
2907 1086 2990 1143 aeq
3000 1072 3148 1126 uales
3168 1087 3279 1125 esse
3299 1072 3564 1143 Trinitatis
3577 1086 3817 1143 personas,

2298 1143 2397 1196 etsi
2437 1141 2689 1212 quaedam
2736 1141 2983 1210 singulis
3022 1143 3356 1197 tribuantur.
3379 1142 3560 1196 —llI.
3589 1142 3645 1196 In
3684 1142 3822 1212 veteri

2301 1210 2627 1268 Testamento
2672 1214 2861 1268 datum
2906 1230 3019 1269 esse
3063 1214 3327 1285 Spiritum
3371 1220 3627 1285 sanetum.
3649 1242 3706 1252 —
3744 1210 3818 1265 IV.

2296 1284 2560 1353 Apostolis
2582 1300 2790 1356 quoque
2818 1286 2941 1339 ante
2967 1281 3306 1356 Penterosten
3328 1285 3496 1354 fuisse
3518 1281 3708 1356 datum,
3722 1284 3824 1356 sine

2298 1352 2401 1426 quo
2430 1352 2603 1409 nemo‘
2626 1352 2755 1411 bene
2801 1362 2939 1410 orat.
2966 1387 3031 1396 —
3051 1356 3120 1410 V.
3156 1354 3296 1423 Quid
3324 1352 3401 1410 est
3431 1352 3565 1426 quod
3607 1352 3827 1426 disgipuli

2291 1424 2511 1497 portare
2538 1426 2780 1481 nondum
2805 1430 3098 1498 poterant?
3118 1458 3185 1467 —
3205 1426 3299 1481 VI.
3325 1424 3588 1498 Quomodo
3604 1439 3666 1478 ex
3684 1424 3825 1478 Evan-

2295 1499 2455 1567 getio,
2478 1497 2897 1553 Manichaeorum
2924 1499 3163 1553 stultitia
3180 1498 3469 1568 refellatur
3488 1513 3506 1549 :
3526 1497 3575 1549 et
3602 1510 3694 1567 quo

2290 1565 2423 1638 pore
2464 1568 2645 1623 Manes
2692 1571 2915 1624 vixerit.
2941 1600 3007 1610 —
3028 1568 3145 1624 VII.
3179 1565 3353 1637 Quam
3397 1565 3624 1638 fatuum
3652 1569 3723 1620 est
3759 1565 3829 1620 di-

2295 1637 2414 1694 cere
2443 1639 2655 1710 Spiritu
2682 1649 2864 1695 sancto
2914 1656 3083 1711 usque
3109 1639 3180 1695 ad
3215 1637 3441 1711 itionem,
3461 1637 3731 1711 Ecclesium
3757 1652 3828 1690 ca-

2295 1707 2489 1765 ruisse:
2516 1741 2583 1750 —
2612 1710 2759 1766 VIII.
2793 1707 3064 1782 Spiritum
3107 1719 3358 1782 sanetum
3403 1708 3651 1765 Ecclesia:
3676 1707 3833 1782 datum

2295 1790 2453 1853 neget
2494 1798 2702 1838 necesse
2745 1778 2842 1847 est,
2875 1784 2971 1853 qui
3016 1799 3225 1853 veram,
3252 1780 3466 1835 Christo
3510 1778 3831 1853 contempo-

2285 1852 2517 1922 judzcat.
2542 1884 2608 1893 —
2643 1853 2732 1908 IX.
2761 1849 2984 1924 Jejunia
3030 1855 3173 1908 inter
3202 1852 3447 1924 Spiritus
3467 1922 3473 1924 _
3495 1851 3664 1924 sancti
3692 1849 3832 1924 dona

2291 1920 2676 2048 yumerantur,
2719 1932 2772 1979 et
2813 1920 2885 1979 ea:
2928 1920 3247 1995 apostolica
3279 1922 3574 1979 traditione
3617 1920 3834 1975 imlzcun-

2315 2011 2403 2048 ur.
2960 2012 2965 2021 ι

2315 2011 2403 2049 ur.
2960 2012 2965 2021 '

2292 2082 2427 2138 CAP.
2459 2087 2503 2137 Ι.
2528 2114 2593 2124 -
2615 2082 2960 2140 Plenissime
2989 2082 3227 2154 quidem
3259 2081 3455 2152 nobis,
3486 2076 3836 2143 dilectissimi,

2220 2187 2459 2226 causam
2482 2175 2656 2244 atque
2686 2172 2972 2227 rationem
2995 2169 3392 2227 solemnitatis
3417 2168 3697 2225 hodiernae
3716 2166 3838 2221 divi-

2221 2276 2429 2315 norum
2461 2259 2829 2332 eloquiorum
2880 2263 3073 2316 textus
3126 2260 3408 2325 ostendit,
3443 2274 3560 2330 quo
3605 2258 3841 2312 sanctum

2219 2348 2503 2420 Spiritum
2534 2348 3022 2421 quinquagesimo
3064 2352 3197 2420 post
3236 2347 3471 2404 Domini
3504 2344 3842 2402 resurrectio-

2218 2454 2352 2493 nem
2371 2437 2484 2505 die,
2497 2438 2646 2494 θυι
2671 2437 2771 2509 qui
2791 2437 2864 2493 ab
2882 2437 3227 2493 ascensione
3243 2436 3376 2508 ejus
3397 2438 3488 2491 est
3503 2434 3750 2490 decimus
3764 2432 3842 2503 (g).

2217 2525 2479 2581 infusum
2498 2524 2714 2582 Christi
2735 2524 3062 2597 discipulis,
3079 2525 3231 2581 sicut
3255 2524 3589 2597 promissus
3609 2520 3847 2594 speraba-

2215 2614 2822 2687 tur,agnovimus.Sed
2841 2614 2914 2669 ad
2932 2630 3111 2669 novos
3128 2612 3403 2670 Ecclesiae
3419 2611 3573 2667 ﬁlios
3589 2610 3846 2665 instruen-

2217 2701 2343 2770 dos,
2390 2702 2722 2758 addendum
2773 2706 2863 2758 est
2905 2701 3085 2757 etiam
3132 2702 3319 2758 nostri
3369 2699 3657 2757 sermonis
3701 2697 3844 2753 obse-

2217 2791 2444 2862 quium.
2462 2791 2588 2847 Non
2609 2790 2766 2846 enim
2790 2790 3069 2846 timemus
3091 2789 3169 2861 (h)
3192 2806 3265 2845 ne
3295 2787 3638 2862 Spirituales
3661 2788 3714 2842 et
3733 2800 3846 2840 eru-

2217 2878 2322 2934 diti
2355 2882 2490 2933 nota
2512 2878 2832 2945 fastidiant,
2849 2879 2921 2934 ad
2954 2894 3205 2950 quorum
3236 2877 3502 2933 fructum
3532 2874 3773 2948 pertinet
3795 2873 3851 2926 ut

2217 2983 2396 3039 quam
2427 2965 2699 3038 plurimis
2728 2965 3015 3021 insinuari
3060 2964 3240 3022 velint
3276 2966 3343 3037 (i)
3378 2965 3535 3037 quod
3589 2960 3697 3035 ipsi
3734 2974 3848 3015 cum

2218 3072 2433 3127 magna
2462 3055 2553 3110 sui
2583 3054 2836 3110 utilitate
2866 3053 3214 3110 didicerunt.
3238 3053 3372 3110 Fiat
3400 3069 3542 3126 ergo
3572 3069 3675 3125 per
3702 3047 3857 3106 corda

2218 3144 2483 3199 omnium
2506 3143 2863 3216 dispensatio
2895 3158 3208 3198 munerum
3230 3142 3600 3209 divinorum,
3617 3144 3673 3195 et
3700 3135 3857 3194 servi-

2223 3319 2309 3376 illi
2337 3324 2403 3375 ut
2423 3320 2669 3393 probent
2689 3336 2751 3375 se
2780 3336 2977 3375 amare
3006 3319 3163 3390 quod
3195 3323 3447 3389 norunt,
3472 3316 3573 3374 isti
3603 3322 3668 3372 ut
3696 3320 3861 3370 osten-

2223 3409 2368 3465 dant
2386 3425 2449 3465 se
2465 3409 2795 3465 desiderare
2812 3408 2966 3480 quod
2987 3407 3276 3463 nesciunt.
3298 3406 3458 3463 Huic
3474 3407 3552 3479 (Ii)
3568 3404 3724 3462 enim
3746 3417 3864 3476 pra-

2225 3497 2507 3570 parationi
2525 3500 2728 3553 vestrae
2747 3495 2932 3551 aderit
2953 3494 3142 3567 ipsius
3161 3494 3519 3567 largitas,de
3541 3495 3709 3565 cuius
3728 3487 3864 3561 loqui

2225 3587 2529 3657 majestate
2550 3586 2613 3656 (ι)
2642 3588 2963 3650 tentamus,
2987 3586 3051 3638 ut
3081 3583 3151 3638 ad
3195 3583 3541 3655 profectum
3569 3581 3748 3637 totius
3773 3577 3866 3633 Ec-

2224 3673 2411 3730 clesiae
2441 3679 2500 3729 et
2527 3691 2628 3729 vos
2659 3689 2921 3745 capaces,
2952 3678 3010 3727 et
3041 3688 3147 3727 nos
3179 3671 3361 3728 faciat
3393 3672 3784 3728 abundantes.

2293 3762 2428 3818 CAP.
2449 3763 2516 3818 II.
2536 3793 2585 3804 —
2607 3762 2751 3817 Cum
2775 3760 2953 3833 igitur
2973 3760 3045 3816 ad
3066 3758 3524 3833 intelligendam
3545 3757 3869 3831 dignitatem

2221 3851 2473 3923 Spiritus
2504 3850 2690 3906 sancti
2711 3849 2807 3921 (m)
2838 3848 3036 3905 oculos
3069 3847 3280 3904 mentis
3310 3846 3713 3913 intendimus,
3745 3840 3873 3899 nihil

2222 3940 2515 3995 diversum
2547 3938 2619 3994 ab
2649 3936 2990 3993 excellentia
3021 3936 3206 3992 Patris
3236 3940 3293 3992 et
3323 3937 3466 3992 Filii
3509 3935 3828 4008 cogitemus
3856 3945 3867 3982 :

2222 4028 2360 4101 quia
2381 4028 2438 4083 in
2462 4026 2622 4083 nullo
2646 4027 2718 4084 ab
2739 4027 2961 4082 unitate
2977 4043 3086 4082 sua
3106 4024 3408 4097 discrepat
3426 4026 3514 4098 (η)
3538 4024 3746 4081 divinae
3765 4019 3875 4077 Tri-

2220 4116 2421 4173 nitatis
2468 4115 2742 4173 essentia.
2771 4116 3202 4187 Sempiternum
3249 4117 3343 4169 est
3399 4114 3589 4182 Patri,
3623 4106 3873 4169 coaeterni

2220 4203 2331 4262 sibi
2356 4203 2483 4260 Filii
2506 4204 2595 4259 sui
2623 4220 2750 4259 esse
2780 4199 3594 4276 genitorem.Sempiternum
3616 4205 3708 4259 est
3723 4196 3875 4263 Filio,

2218 4292 2681 4365 intemporaliter
2709 4307 2839 4348 esse
2871 4308 2905 4347 a
2935 4291 3100 4347 Patre
3131 4290 3543 4363 progenitum.
3572 4287 3875 4361 Sempiter-

2219 4399 2363 4437 num
2420 4397 2652 4454 quoque
2707 4384 2797 4435 est
2850 4378 3093 4451 Spiritui
3149 4382 3375 4445 sancto,
3404 4377 3706 4452 Spiritum
3763 4387 3880 4431 esse

2219 4468 2405 4525 Patris
2435 4474 2490 4525 et
2524 4467 2646 4524 Filii
2674 4485 2685 4524 :
2720 4472 2777 4525 et
2806 4483 3109 4541 nunquam
3138 4466 3309 4523 Pater
3347 4467 3491 4525 sine
3525 4466 3699 4535 Filio,
3730 4477 3882 4519 num-

520 4602 599 4676 (a)
622 4602 818 4676 Prima
837 4599 1034 4676 editio,
1053 4596 1817 4676 advocatio,_sicut_sermone
1841 4568 2110 4670 sequent1
2137 4582 2188 4647 Ι)
2216 4593 2270 4660 5,
2292 4610 2419 4675 cum
2444 4609 2645 4673 magna
2694 4591 3025 4676 humilitate.
3070 4591 3295 4658 Postea,
3321 4607 3434 4662 per
3494 4591 3673 4648 corda
3717 4587 3882 4646 homi-

449 4667 656 4752 σαί).ίῆ
678 4674 799 4752 sine
828 4670 1066 4752 Spiritus
1094 4670 1276 4752 sanati
1298 4667 1663 4752 advocatione.

630 4738 1125 4810 Antiquissimum
1174 4738 1329 4807 Vat.,
1382 4738 1785 4794 euidentissime
1829 4738 2109 4810 Apostolus

520 4747 599 4872 (βλ
630 4747 1125 4869 Antiquissimum
1180 4747 1329 4807 Vat.,
1382 4747 1625 4794 evidenti.

440 4818 749 4892 prteieans
815 4815 953 4892 ieit.‘
1104 4880 1139 4892 Α
1355 4879 1365 4890 .
1616 4879 1625 4890 _

541 4888 590 4956 ο)
619 4885 730 4952 Αι.,
763 4882 1066 4956 splendore.
1100 4880 1317 4956 Quasx.
1352 4880 1410 4934 in
1434 4880 1726 4956 margine.

541 4952 596 5031 ιτ)
627 4951 1077 5031 Vetustissimus
1106 4951 1259 5031 Vat.,
1293 4951 1537 5031 nomines
1565 4951 1762 5006 sancti.

541 5022 590 5101 ej
624 5029 780 5101 Idem
812 5027 1010 5101 codex,
1043 5026 1199 5101 sexta
1229 5022 1460 5101 sabbati.

543 5092 596 5174 Γ)
629 5100 786 5174 Hanc
841 5094 1169 5174 clausulam
1203 5093 1587 5174 sumpsimus
1628 5108 1697 5174 es
1734 5092 1938 5149 eodem
1992 5094 2102 5150 Ro-

449 5164 626 5230 mane
657 5169 871 5235 codice.
906 5167 1019 5237 Al.,
1053 5168 1160 5222 Per
1190 5164 1475 5220 Christum
1518 5164 1811 5218 Dominum
1840 5173 2100 5220 nostrum.

444 5244 635 5301 Amen.

518 5314 595 5386 (ῃ)
626 5311 879 5386 Lection.
912 5306 1173 5386 Padijir.,
1195 5307 1444 5386 missum.
1468 5304 1605 5386 Post
1633 5321 1840 5386 pange,
1862 5306 2103 5386 _pro_ob-

445 5375 717 5457 ~sequ-lium,
739 5384 797 5438 in
830 5381 1027 5439 codice
1044 5378 1175 5434 Vat.
1204 5375 1619 5448 antiquissimo
1641 5377 1803 5443 3385,
1825 5375 2104 5448 eloquium

444 5454 857 5598 l8%ltt)u{;ulgati
892 5526 1024 5578 ante
1055 5522 1270 5588 Quesn.
1304 5520 1360 5573 et
1390 5516 1683 5572 inferioris
1726 5521 1872 5571 nota:
1906 5518 2099 5587 codd.,

867 5665 950 5680 1-10
1177 5679 1181 5680 γ
1241 5678 1247 5680 _
1281 5662 1384 5680 INA:
1428 5658 1554 5680 ΙΙ-..
1584 5658 1688 5680 Δ---
1717 5659 1739 5680 'I’
1766 5660 1864 5680 --.ξ
1887 5678 1936 5680 __
1959 5678 2000 5680 __
2022 5660 2033 5680 3

517 5658 581 5741 (ί)
608 5668 743 5723 Cod.
769 5665 1109 5741 Padilirqn.,
1134 5678 1250 5733 qua?
1278 5662 1402 5732 ipsi.
1428 5658 1558 5714 Mox
1579 5658 1693 5713 duo
1717 5659 2095 5741 Lectionaria,

443 5731 731 5799 Venatum
764 5738 889 5807 154,
911 5740 967 5792 et
996 5731 1404 5806 Bergomenso,
1430 5747 1536 5786 nec
1564 5747 1677 5786 non
1701 5747 1845 5787 mss.
1870 5731 2094 5789 collect.

2214 4682 2348 4719 num
2372 4665 2428 4718 in
2462 4662 2652 4737 prima
2682 4662 2953 4737 editione.
2982 4736 3026 4737 ﬂ
3076 4736 3079 4737 ν
3426 4736 3429 4737 ν
3814 4726 3847 4737 ..

2289 4736 2352 4805 (j)
2384 4731 2921 4805 ln‘antiquissimo
2980 4736 3107 4787 Vat.
3150 4732 3526 4789 omittuntur
3582 4731 3885 4805 sequentia

2216 4804 2403 4871 usuue
2435 4804 2506 4860 ad
2536 4804 2800 4871 verbum,
2826 4807 3090 4860 nesciunt.

2286 4874 2360 4947 (ιτ)
2395 4876 2588 4931 Prima
2615 4875 2811 4947 editio,
2846 4892 2948 4947 pro
2979 4877 3126 4947 enim
3154 4874 3332 4930 habet
3358 4877 3576 4947 etiam.
3603 4875 3777 4947 Mox.‘
3792 4886 3886 4943 pro

2213 4943 2433 5019 vestrae,
2464 4946 2617 5019 quod
2652 4951 2742 5000 est
2780 4943 2863 5000 in‘
2890 4945 3229 5019 melioribus
3260 4962 3435 5016 mss.,
3470 4944 3712 5019 vulgati
3748 4943 3889 5008 Que-

2215 5018 2400 5074 snello
2424 5017 2752 5089 anteriores
2774 5017 3119 5089 praeferunt,
3149 5021 3366 5073 nostrae.

2286 5091 2348 5160 (ι)
2383 5088 2534 5161 idem
2566 5088 2797 5161 vulgati
2816 5105 2950 5161 cum
2997 5105 3140 5161 mss.
3174 5088 3574 5160 quibusdam,
3608 5088 3886 5161 gestimus.

2214 5158 2344 5216 MOx
2366 5158 2819 5231 antiquissimus
2848 5158 3004 5222 Vat.,
3031 5158 3286 5216 Ecclesia?
3312 5174 3460 5216 suae.

2283 5231 2677 5303 ("1)P1L'I‘lQUC
2726 5231 2955 5303 codices
2986 5231 3125 5302 (non
3168 5235 3362 5286 tamen
3416 5230 3895 5303 antiquissimus

2210 5302 2361 5370 Vat.)
2395 5305 2451 5356 et
2480 5301 2617 5356 editi
2650 5307 2784 5357 ante
2813 5301 3053 5367 Quesn.,
3085 5303 3278 5357 aciem.

2283 5374 2358 5445 (η)
2391 5372 2622 5441 Vulgati
2653 5390 2786 5428 cum
2833 5373 3420 5445 mss.rcollectionum
3458 5371 3896 5445 posteriorum,

2208 5443 2539 5515 Divi-nitatis
2556 5445 2808 5499 essentia.
2845 5444 3174 5501 Lectionem
3209 5462 3243 5500 a
3273 5443 3826 5515 nobis‘receptam
3849 5445 3902 5494 et

2210 5533 2243 5571 a
2273 5513 2582 5588 Quesncllo
2614 5516 2963 5588 notatam‘in
2994 5516 3255 5588 margine
3280 5517 3426 5588 forte
3453 5531 3532 5569 ex
3555 5513 3771 5588 aliique
3804 5513 3901 5567 Le-

2208 5586 2512 5651 ctionario,
2546 5591 2745 5640 nostra
2803 5586 3040 5659 quidem
3100 5585 3483 5659 hectionaria
3526 5585 3902 5659 approbant.

2207 5658 2368 5721 Dein,
2397 5673 2500 5728 pro
2529 5659 2781 5712 coaeterni
2810 5655 3006 5728 plures
3037 5658 3265 5715 codices
3295 5664 3352 5714 et
3379 5655 3544 5711 editi
3578 5655 3730 5712 ante
3761 5658 3905 5722 Que-

2209 5728 2484 5795 snellum,
2519 5730 2955 5800 consempiterni.
