4096 6164
305 358 407 425 403

1708 306 1974 430 saeuo
2016 358 2277 430 LXXVI.

3571 350 3695 420 408

308 511 464 571 quam
498 493 691 555 Filius
711 492 838 555 sine
872 494 1056 567 Patre,
1104 511 1431 573 numquam
1464 495 1632 556 Pater
1659 501 1716 556 et
1747 495 1931 556 Filius
1960 498 2015 567 Α
2045 500 2431 566 sacramenta,
2459 493 2621 555 nulla
2652 499 2792 556 sunt
2823 493 3111 556 celebrata
3162 489 3461 570 mysteria:
3502 493 3569 550 ut
3596 488 3694 551 e93-

306 587 505 645 fuerint
533 587 661 644 sine
691 588 907 661 Spiritu
938 593 1174 656 sancto;
1208 593 1265 645 et
1293 588 1570 645 omnibus
1615 587 1933 644 existentiaa

305 679 568 752 gradibus
598 677 869 742 exclusis,
904 677 1230 750 nulla(a)ibi
1261 695 1512 751 persona
1551 677 1627 733 sit
1658 677 1930 742 anterior,

304 765 445 822 nulla
475 766 785 839 posterior.
819 767 1008 838 Hujus
1038 767 1193 823 enim
1217 767 1394 822 beatas
1427 766 1732 822 Trinitatis
1752 766 1827 837 (b)
1851 767 1934 820 in-

302 855 724 911 commutabilis
743 855 936 911 Deitas
966 873 1086 911 una
1100 860 1188 911 est
1217 856 1274 910 in
1307 856 1657 922 substantia,
1681 855 1933 911 indivisa

301 946 353 1001 in
380 962 566 1017 opere,
601 961 847 1000 concors
904 945 964 999 in
996 944 1311 1013 voluntate,
1374 962 1481 1017 par
1534 945 1594 999 in
1652 943 1929 1016 potentia,

300 1034 523 1107 aqualis
556 1035 617 1088 in
651 1033 855 1105 gloria.
887 1033 967 1088 De
998 1050 1117 1106 qua
1141 1050 1274 1089 cum
1296 1039 1500 1088 sancta
1530 1033 1827 1106 Scriptura
1848 1032 1932 1087 sic

299 1122 561 1193 loquitur,
596 1126 661 1177 ut
687 1127 789 1178 aut
815 1121 871 1176 in
907 1121 1077 1178 factis
1108 1127 1208 1178 aut
1237 1122 1296 1178 in
1328 1123 1520 1179 verbis
1551 1122 1771 1194 aliquid
1790 1121 1932 1177 assi-

299 1217 423 1286 gnet
449 1212 605 1284 quod
637 1210 890 1284 singulis
918 1211 1184 1267 videatur
1213 1212 1281 1283 (c)
1313 1212 1623 1268 convenire
1643 1211 1929 1284 personis,

298 1319 400 1358 non
448 1301 827 1373 perturbatur
884 1301 1028 1357 ﬁdes
1084 1301 1389 1372 catholica,
1443 1302 1542 1357 sed
1574 1301 1834 1356 docetur:
1869 1304 1933 1355 ut

295 1408 390 1464 per
415 1390 830 1462 proprietatem
879 1394 983 1445 aut
1029 1390 1190 1445 vocis
1220 1394 1320 1445 aut
1349 1390 1542 1461 operis
1599 1389 1931 1444 insinuetur

297 1481 451 1536 nobis
481 1479 698 1535 veritas
728 1478 1056 1545 Trinitatis,
1089 1483 1147 1535 et
1176 1496 1289 1534 non
1331 1478 1552 1533 dividat
1597 1477 1931 1534 intellectus

299 1569 439 1641 quod
471 1567 785 1639 distinguit
806 1567 1062 1622 auditus.
1091 1567 1174 1622 0b
1205 1567 1317 1622 hoc
1340 1567 1494 1622 enim
1522 1552 1932 1639 qumdam’sive

296 1658 396 1714 sub
423 1657 627 1725 Patris,
662 1656 783 1711 sive
812 1655 923 1711 sub
956 1655 1100 1723 Filii,
1159 1655 1278 1712 sive
1309 1656 1419 1710 sub
1452 1655 1707 1727 Spiritus
1744 1654 1927 1710 sancti

296 1744 671 1818 appellatione
699 1746 856 1801 302
885 1748 1257 1817 promuntur,
1288 1750 1354 1799 ut
1382 1744 1667 1801 confessio
1698 1745 1773 1815 (d)
1796 1744 1932 1798 lide-

293 1833 427 1889 lium
459 1834 518 1888 in
549 1833 834 1889 Trinitate
868 1850 982 1889 non
1013 1838 1188 1902 erret;
1222 1850 1352 1905 quae
1385 1849 1520 1888 cum
1542 1832 1931 1905 sitinsepara—
1964 1867 2013 1932 B

292 1922 438 1990 bilis,
469 1939 798 1994 numquam
828 1921 1253 1996 intelligeretur
1269 1938 1395 1978 esse
1415 1921 1688 1990 Trinitas,
1713 1921 1760 1978 si
1780 1938 1932 1977 sem-

291 2028 386 2085 per
414 2011 886 2084 inseparabiliter
915 2012 1223 2067 diceretur.
1259 2012 1409 2066 Bene
1440 2027 1576 2083 ergo
1620 2011 1747 2083 ipsa
1777 2011 1933 2065 diffi-

293 2100 760 2172 cultasloquendi
776 2117 875 2156 cor
899 2104 1166 2157 nostrum
1182 2100 1251 2156 ad
1266 2099 1709 2173 intelligentiam
1730 2099 1929 2165 trahit,

291 2194 343 2246 et
371 2206 473 2262 per
499 2182 904 2244 infirmitatem
936 2193 1194 2245 nostram
1229 2187 1482 2244 ccelestis
1530 2189 1793 2245 doctrina
1824 2206 1931 2244 nos

291 2280 540 2350 adjuvat:
576 2282 640 2333 ut
668 2277 813 2350 quia
840 2279 898 2333 in
930 2276 1152 2333 Deitate
1181 2277 1392 2346 Patris,
1431 2282 1488 2333 et
1519 2277 1670 2345 Filii,
1717 2283 1773 2334 et
1800 2278 1928 2350 Spi-

289 2368 432 2423 ritus
462 2367 650 2423 sancti
675 2384 781 2422 nec
813 2366 1193 2439 singularitas
1224 2372 1331 2434 est,
1364 2384 1469 2423 nec
1501 2367 1807 2423 diversitas
1834 2384 1929 2423 co-

286 2457 543 2530 gitanda,
573 2473 710 2512 vera
740 2456 937 2511 unitas
967 2460 1025 2511 et
1055 2472 1190 2511 vera
1219 2456 1474 2511 Trinitas
1497 2457 1566 2528 (e)
1584 2456 1772 2528 possit
1800 2457 1928 2528 qui-

287 2546 415 2601 dem
437 2544 614 2601 simul
637 2550 831 2600 mente
848 2544 1219 2616 aliquatenus
1236 2544 1383 2600 senti
1394 2545 1459 2611 ri,
1487 2546 1585 2600 sed
1610 2562 1724 2600 non
1749 2545 1933 2617 possit

285 2634 459 2690 simul
490 2650 590 2689 ore
619 2633 888 2706 proferri.

354 2723 487 2778 ΟΑΡ.
524 2722 963 2779 lll.—Fundata
994 2722 1195 2794 igitur,
1221 2722 1795 2794 dilectissimi,(f)hac
1818 2724 1931 2778 fide

281 2812 342 2867 in
366 2813 643 2867 cordibus
673 2811 915 2878 nostris,
948 2828 1066 2883 qua
1096 2810 1413 2866 salubriter
1445 2812 1738 2867 credimus
1775 2812 1930 2883 quod

281 2899 458 2956 simul
492 2904 614 2955 tota
641 2899 902 2956 Trinitas
936 2917 1053 2955 una
1080 2899 1266 2955 virtus
1317 2903 1429 2966 est,
1462 2917 1581 2955 uua
1631 2902 1929 2971 majestas,

284 3007 403 3045 una
424 2989 776 3057 substantia,
812 2988 1126 3044 indiscreta
1155 3005 1348 3061 opere,
1402 2988 1814 3060 inseparabilis
1845 2989 1928 3044 di-

274 3077 527 3133 lectione
556 3078 895 3133 indilI‘erens
926 3080 1212 3149 potestate
1239 3076 1417 3133 simul
1439 3076 1691 3149 implens
1711 3078 1928 3145 omnia,

278 3166 460 3222 simul
508 3167 813 3223 continens
876 3166 1164 3221 universa:
1220 3166 1374 3237 quod
1417 3166 1575 3223 enim
1623 3168 1791 3222 Pater
1821 3171 1928 3235 est,

2042 588 2175 645 dem
2198 604 2430 661 semper
2475 587 2650 644 fuerit
2697 589 2883 645 virtus
2925 586 3369 654 charismatum,
3420 582 3693 657 quamvis

2042 694 2156 734 non
2185 678 2387 734 eadem
2420 677 2596 733 fuerit
2624 694 2903 735 mensura
2933 678 3243 733 donorum.

2112 766 2247 823 CAP.
2283 768 2369 822 IV.
2405 798 2470 809 —
2503 767 2618 840 Ipsi
2652 784 2884 839 quoque
2917 767 3069 822 beati
3100 764 3345 839 apostoli
3387 767 3519 820 ante
3558 777 3693 835 pas-

2041 855 2264 911 sionem
2300 856 2527 912 Domini
2562 860 2765 911 sancto
2796 856 3015 927 Spiritu
3068 871 3182 910 non
3239 854 3533 919 carebant,
3586 866 3691 906 nec

2041 945 2299 1016 potentia
2326 944 2508 1015 hujus
2536 944 2771 1000 virtutis
2802 945 3003 999 aberat
3022 945 3094 999 ab
3124 942 3398 1015 operibus
3430 939 3688 997 Salvato-

2040 1032 2141 1088 ris.
2166 1034 2233 1088 Et
2262 1050 2394 1088 cum
2426 1032 2730 1106 discipulis
2769 1035 2934 1089 daret
2980 1030 3391 1087 inﬁrmitatum
3437 1027 3687 1085 curatio-

2040 1138 2197 1187 nem,
2229 1127 2287 1178 et
2319 1122 2741 1191 ejiciendorum
2771 1122 3103 1176 daemonum
3134 1122 3483 1192 potestatem
3533 1118 3682 1188 (Luc.

2040 1228 2094 1278 x,
2128 1211 2238 1281 49),
2275 1212 2402 1282 ejus
2425 1211 2625 1283 utique
2655 1210 2909 1283 Spiritus
2929 1203 3684 1283 largiebatur(i)etfectus,in

2039 1316 2155 1371 quo
2187 1299 2721 1371 ipsumjimmundis
2735 1299 3435 1372 Spiritibusimperantem
3459 1294 3687 1352 Judan-

2041 1405 2170 1444 rum
2231 1390 2481 1463 negabat
2510 1391 2665 1446 308
2716 1389 3014 1461 impietas,
3060 1391 3117 1445 et
3147 1387 3347 1443 divina
3404 1382 3684 1441 beneﬁcia

2040 1476 2271 1532 diabolo
2332 1477 2668 1549 deputabat.
2727 1477 2886 1533 Unde
2942 1476 3136 1532 taliter
3210 1474 3684 1546 blasphemantes

2042 1566 2249 1622 merito
2280 1566 2439 1621 illam
2474 1566 2701 1623 Domini
2736 1582 3008 1638 excepere
3040 1563 3409 1631 sententiam,
3431 1579 3549 1635 qua
3568 1561 3680 1617 ait:

2044 1658 2221 1711 Omne
2242 1664 2525 1727 peccatum
2554 1660 2607 1711 et
2637 1655 2975 1727 blasphemia
3000 1656 3308 1711 remittetur
3336 1652 3682 1709 hominibus:

2040 1746 2283 1813 Spiritus
2312 1753 2493 1801 autem
2515 1744 2854 1817 blasphemia
2873 1760 2983 1800 non
3012 1745 3321 1800 remittetur
3348 1741 3683 1798 hominibus.

2041 1836 2114 1887 Et
2145 1834 2471 1906 quicumque
2499 1834 2705 1890 dixerit
2734 1834 2957 1889 verbum
2975 1837 3166 1889 contra
3194 1832 3397 1889 Filium
3415 1830 3684 1895 Hominis,

2044 1925 2357 1979 remittetur
2375 1924 2447 1990 ei;
2479 1925 2576 1995 qui
2593 1926 2777 1979 autem
2806 1922 3013 1978 dixerit
3038 1929 3227 1978 contra
3256 1922 3525 1994 Spiritum
3559 1934 3688 1973 san-

2040 2014 2210 2077 ctum,
2240 2028 2349 2068 non
2374 2014 2681 2068 remittetur
2707 2014 2760 2067 ei
2790 2028 2962 2083 neque
2990 2014 3049 2067 in
3070 2014 3168 2067 hoc
3194 2012 3415 2078 stmulo,
3436 2022 3611 2080 neque
3628 2007 3690 2061 in

2039 2102 2228 2173 futuro
2252 2102 2457 2173 (Matth.
2493 2119 2589 2168 xu,
2624 2101 2834 2173 31-32).
2859 2101 3021 2157 Unde
3048 2100 3426 2157 manifestum
3448 2101 3535 2154 est
3560 2112 3689 2169 pec—

2041 2200 2302 2245 catorum
2335 2189 2737 2246 remissionem
2798 2190 2924 2245 sine
2954 2189 3207 2262 Spiritus
3256 2186 3564 2258 sanctitk)
3591 2185 3688 2240 ad-

2039 2279 2339 2334 vocatione
2370 2295 2484 2333 non
2518 2278 2665 2343 fieri,
2690 2294 2792 2334 nec
2823 2294 3183 2350 quemquam
3212 2276 3338 2333 sine
3368 2275 3507 2341 illo,.
3533 2273 3687 2329 sicut

2040 2367 2289 2440 expedit,
2323 2367 2723 2439 ingemiscere,
2756 2370 2857 2423 aut
2884 2367 3039 2428 sicut
3068 2370 3314 2439 Oportet,
3357 2380 3540 2431 orare,
3595 2361 3681 2419 di-

2040 2461 2204 2512 cente
2230 2454 2523 2529 Apostolo:
2552 2456 2696 2526 Quid
2727 2457 2875 2511 enim
2900 2470 3113 2512 oremus
3140 2457 3287 2510 sicut
3318 2456 3541 2525 oportet,
3580 2466 3684 2507 ne-

2038 2547 2267 2609 scimus;
2292 2544 2385 2599 sed
2415 2546 2531 2615 ipse
2556 2544 2796 2616 Spiritus
2820 2546 3061 2617 postulat
3087 2560 3187 2617 pro
3216 2544 3372 2599 nobis
3393 2542 3685 2612 gemitibus

2040 2633 2513 2689 inenarrabilibus
2569 2635 2741 2704 (Rom.
2800 2634 3087 2704 vm,26);
3144 2636 3238 2688 et:
3298 2631 3464 2687 Nemo
3517 2631 3687 2702 potest

2040 2723 2219 2778 dicere
2251 2723 2546 2777 Dominum
2566 2726 2774 2787 Iesum,
2805 2724 2918 2778 nisi
2945 2724 3005 2777 in
3033 2723 3245 2794 Spiritu
3273 2727 3457 2779 sancto
3488 2719 3537 2792 (Ι
3564 2718 3684 2774 Cor.

2039 2827 2139 2878 xu,
2172 2812 2248 2882 3):
2277 2827 2393 2882 quo
2421 2810 2650 2867 vacuari
2686 2810 3244 2882 nimis(l)exitiabile
3274 2815 3363 2866 est
3391 2808 3690 2880 nimisque

2041 2899 2435 2966 mortiferum,
2465 2900 2605 2971 quia
2628 2916 2955 2973 numquam
2977 2900 3211 2956 veniam
3260 2902 3538 2966 meretur,
3588 2897 3690 2969 qui

2042 2990 2113 3044 ab
2142 2988 2523 3046 intercessore
2546 2988 3075 3045 dcseritur.0mnes
3092 2985 3688 3062 igitur,dilectissimi,

2041 3078 2140 3151 qui
2171 3078 2231 3133 in
2270 3079 2576 3134 Dominum
2608 3078 2814 3133 Jesum
2849 3078 3239 3143 crediderant,
3273 3077 3539 3133 infusum
3575 3074 3689 3132 sibi

2042 3168 2336 3224 habebant
2363 3167 2645 3239 Spiritum
2675 3172 2969 3235 sanctum,
2986 3167 3542 3223 etremittendorum
3564 3180 3691 3238 pec-

279 3254 393 3311 hoc
420 3259 508 3311 est
535 3260 591 3310 et
632 3255 839 3323 Filius,
895 3254 1005 3310 hoc
1052 3258 1142 3310 est
1170 3235 1254 3310 et—
1275 3254 1528 3326 Spiritus
1562 3260 1801 3311 sanctus
1827 3274 1840 3323 ;
1874 3260 1931 3311 et
1960 3235 2004 3300 (ἶ
2042 3235 2584 3327 catorum(m)etiam
2617 3260 2755 3311 tunc
2787 3255 3033 3328 apostoli
3064 3260 3405 3328 acceperant
3434 3235 3691 3327 potesta-

278 3359 420 3398 vera
462 3343 650 3399 Deitas
682 3345 758 3417 (g)
789 3345 849 3398 in
892 3342 1053 3399 nullo
1084 3360 1211 3400 esse
1243 3348 1345 3398 aut
1392 3346 1578 3412 major
1608 3350 1710 3399 aut
1740 3344 1933 3401 minor

285 3436 492 3503 potest,
523 3450 646 3505 quae
678 3434 764 3488 sic
795 3432 855 3488 in
887 3432 1077 3488 tribus
1097 3437 1186 3489 est
1210 3431 1541 3489 conﬁtenda
1572 3433 1933 3504 personis,ut

291 3523 352 3573 et
378 3520 740 3577 solitudinem
773 3539 888 3577 non
944 3520 1186 3592 recipiat
1223 3521 1509 3589 Trinitas,
1560 3526 1618 3577 et
1647 3522 1930 3578 unitatem

299 3612 480 3664 servet
504 3609 821 3683 aequalitas.
869 3610 1008 3675 Hac,
1058 3609 1321 3680 inquam,
1371 3608 1760 3676 dilectissimi,
1818 3611 1932 3666 fide

308 3694 535 3753 ﬁrmiter
558 3698 943 3772 apprehensa,
977 3714 1089 3753 non
1123 3698 1494 3772 ambigamus
1525 3700 1679 3771 quod
1705 3716 1837 3755 cum
1868 3699 1929 3755 in

315 3784 396 3840 die
425 3786 779 3843 Pentecostes
812 3786 1132 3858 discipulos
1165 3787 1396 3843 Domini
1419 3787 1670 3859 Spiritus
1691 3793 1930 3843 sanctus

311 3871 769 3949 implevit,(h)non
802 3876 911 3931 fuit
932 3874 1222 3931 inchoatio
1241 3876 1522 3941 muneris,
1556 3876 1655 3931 sed
1683 3875 1930 3946 adjectio

311 3958 591 4034 largitatis:
625 3964 907 4037 quoniam
944 3969 1002 4019 et
1040 3964 1405 4037 patriarchae,
1437 3969 1497 4019 et
1527 3965 1841 4036 prophetae,
1875 3971 1932 4021 et

314 4054 629 4121 sacerdotes,
674 4069 1000 4124 omnesque
1052 4053 1238 4108 sancti
1268 4054 1368 4124 qui
1422 4052 1718 4125 prioribus
1774 4056 1931 4110 fuere

312 4140 661 4212 temporibus,
684 4142 953 4213 ejusdem
974 4145 1113 4198 sunt
1141 4141 1932 4213 Spiritus(i)sanctiiicatione

310 4230 550 4297 vegetati;
579 4235 634 4287 et
661 4232 791 4287 sine
821 4230 931 4286 hac
946 4230 1138 4303 gratia
1162 4228 1326 4286 nulla
1342 4247 1627 4302 umquam
1661 4231 1934 4287 instituta

381 4423 447 4563 Ea)
477 4424 589 4481 Duo
621 4425 985 4482 Lectionaria
1015 4428 1219 4481 Venet.
1254 4428 1310 4481 et
1339 4425 1631 4497 Bergom.,
1662 4427 1786 4481 sibi.

401 4495 448 4563 ὁ)
474 4495 694 4563 Vulgati
722 4502 858 4553 ante
888 4499 1094 4563 Quesn.
1127 4501 1184 4551 et
1215 4496 1454 4563 quidam
1487 4496 1735 4563 codices,
1768 4516 1786 4553 ε

401 4495 448 4564 b}
474 4495 694 4570 Vulgati
722 4502 858 4570 ante
888 4499 1094 4563 Quesn.
1127 4501 1184 4551 et
1215 4495 1735 4570 quidam’codices,
1768 4501 1819 4553 et
1840 4499 1933 4552 in-

2039 3350 2179 3413 tem,
2215 3346 2448 3417 quando
2478 3348 2613 3416 post
2655 3344 3137 3400 resurrectionem
3186 3360 3355 3399 suam
3402 3343 3689 3400 Dominus

2041 3434 2380 3501 insufﬂavit,
2422 3438 2479 3489 et
2534 3432 2717 3488 dixit:
2778 3433 3017 3505 Accipite
3073 3433 3346 3505 Spiritum
3400 3435 3688 3493 sanctum:

2041 3539 2269 3594 quorum
2300 3523 2623 3578 remiseritis
2649 3524 3255 3592 peccata,remitlentur
3389 3530 3440 3578 et
3457 3537 3691 3592 quorum

2039 3612 2397 3677 retinueritis,
2457 3610 2847 3665 retinebantur
2901 3612 3077 3681 (Joan.
3140 3627 3233 3676 xx,
3283 3612 3398 3682 22).
3455 3609 3566 3665 Sed
3602 3608 3688 3665 illi

2040 3699 2404 3773 perfectioni,
2439 3715 2566 3771 quae
2598 3702 2723 3754 erat
2753 3696 3061 3770 discipulis
3091 3698 3460 3765 conferenda,
3501 3699 3692 3770 major

2042 3789 2230 3862 gratia
2260 3792 2317 3843 et
2366 3787 2760 3842 abundantior
2815 3785 3121 3859 inspiratio
3180 3787 3536 3854 servabatur,
3588 3803 3693 3861 per

2042 3894 2219 3950 quam
2251 3882 2308 3932 et
2330 3893 2456 3948 quae
2488 3876 2750 3931 nondum
2785 3878 3133 3947 acceperant
3161 3881 3482 3943 sumerent,
3509 3884 3563 3933 et
3594 3893 3691 3934 ex-

2041 3966 2347 4024 cellentius
2375 3969 2612 4037 possent
2642 3964 2857 4019 habere
2885 3981 3013 4036 quis
3044 3969 3441 4036 sumpserant.
3460 3966 3697 4039 Propter

2043 4055 2198 4127 quod
2240 4053 2517 4109 Dominus
2578 4052 2830 4108 diccbat:
2888 4052 3074 4108 Adhuc
3121 4053 3297 4107 multa
3351 4053 3516 4109 habeo
3544 4055 3693 4110 vobis

2040 4142 2244 4198 dicere:
2277 4140 2369 4196 sed
2396 4157 2507 4195 non
2536 4142 2759 4212 potestis
2790 4141 2870 4211 (π)
2928 4141 3028 4195 illa
3079 4145 3301 4212 portare
3353 4141 3528 4198 modo.
3561 4143 3697 4198 Cum

2042 4234 2224 4286 autem
2257 4231 2466 4286 venerit
2526 4228 2765 4300 Spiritus
2810 4230 3079 4297 veritatis,
3140 4230 3237 4285 ille
3292 4230 3491 4300 diriget
3512 4246 3601 4286 vos
3631 4232 3692 4286 in

2042 4428 2100 4482 et
2127 4425 2464 4492 Padiliron.,
2499 4427 2562 4480 ut
2590 4425 2802 4498 vitetur
2832 4424 3188 4497 cacophonia
3216 4424 3289 4480 ob
3318 4426 3686 4498 subsequen-

2041 4502 2160 4554 tem
2195 4514 2412 4566 vocem,
2445 4497 2892 4567 sanctiﬁcatione.

310 4565 685 4650 omnmutabilis
713 4569 1089 4651 .Deitatisana
1116 4571 1193 4650 est
1222 4565 1545 4623 substantia.
1574 4568 1723 4636 Mox,
1749 4585 1852 4640 pro
1875 4571 1935 4625 in
1964 4600 2012 4663 Β
2073 4641 2083 4651 σ
2115 4570 2178 4639 (1')
2211 4565 2758 4623 Sicemendavi'mus
2779 4565 3271 4638 exantiquissimo
3293 4566 3422 4623 Vat.
3446 4572 3503 4624 et
3521 4569 3686 4625 Padi-

310 4639 553 4694 Polentza.
583 4639 681 4694 al..
713 4656 773 4693 in
806 4640 1220 4694 omnipotentza.
2046 4639 2220 4694 llI‘OIl.
2249 4638 2362 4694 ΑΙ..
2394 4640 2662 4694 effectum.

302 4639 553 4710 patentia,
583 4639 681 4707 al.,
713 4641 773 4693 in
806 4640 1220 4710 omnipotentia.

382 4708 443 4776 (c)
472 4709 551 4781 lta
600 4707 1035 4781 Quesnellus'et
1064 4708 1264 4781 prima,
1307 4707 1482 4765 editio
1532 4726 1665 4765 cum
1721 4713 1936 4767 nostris

306 4788 446 4848 mss.
475 4779 863 4837 Lectionariis.
894 4780 1006 4848 AL,
1036 4779 1367 4837 convenisse.

376 4847 447 4983 ἔτι)
474 4851 575 4934 Ab,
606 4852 964 4934 credentium.

396 4934 440 4983 ε)
470 4921 651 4978 Prima
680 4924 858 4980 editio
881 4940 964 4978 cui

396 4921 440 4989 ε)
470 4921 651 4978 Prima
680 4924 858 4980 editio
881 4940 1013 4978 cum
1045 4923 1276 4978 duobus
1308 4938 1451 4977 mss.
1503 4921 1643 4977 Bon.
1694 4928 1752 4978 et
1780 4923 1936 4991 Vat.,

298 4992 464 5056 possit
490 4995 646 5067 simul
676 4996 1028 5067 aliquatenus
1043 5002 1219 5067 mente
1241 4994 1458 5067 sentiri.
1483 4992 1711 5049 Caetera
1732 4995 1936 5050 editio-

305 5073 409 5115 nes
430 5069 553 5137 ante
577 5064 815 5137 Quesnl,
868 5066 1036 5137 possit
1084 5064 1304 5136 quidem
1359 5064 1709 5135 aliquatenus
1755 5070 1939 5122 mente

306 5134 519 5201 sentire,
547 5136 630 5192 vel
659 5134 875 5192 sentiri.

382 5202 660 5277 (ﬂVulgati
694 5212 829 5264 ante
860 5208 1098 5273 Quesn.,
1127 5207 1184 5260 in
1213 5205 1463 5260 cordibus
1479 5208 1678 5262 nostris
1706 5207 1940 5277 ﬁde,de-

314 5266 427 5327 leta
451 5292 576 5333 voce
604 5279 731 5333 hac:
764 5296 881 5333 non
913 5284 1111 5333 tamen
1145 5276 1325 5332 nostri
1358 5277 1603 5332 codices.

451 5292 576 5333 VOCB
604 5292 731 5341 hac;
764 5296 881 5335 BOD
913 5292 1111 5333 tamen
1145 5292 1325 5332 DOSLI‘l
1358 5292 1603 5332 COGICBS.

387 5343 464 5422 (gi
484 5346 839 5417 Quesnellus,
868 5352 928 5422 in
948 5350 1104 5422 nullo
1138 5364 1254 5422 sese
1281 5357 1377 5422 aut
1397 5350 1580 5403 minor
1625 5357 1722 5422 aut
1763 5352 1942 5422 major

314 5418 412 5468 est.
440 5419 793 5477 Anteriorum
822 5420 1146 5476 editionum
1173 5418 1478 5475 lectionem
1508 5420 1726 5476 nostris
1770 5418 1936 5477 codd.

316 5487 701 5548 confirmatam
734 5492 1123 5548 restituimus.

472 5562 936 5635 Antiquissimus
966 5562 1120 5635 Vat.,
1152 5577 1263 5615 non
1291 5562 1483 5635 fuerit.

386 5630 444 5697 (i)
472 5630 700 5706 Editi'et
736 5633 932 5705 plures
978 5632 1206 5706 codices
1249 5630 1491 5706 addunt,
1523 5635 1723 5706 sancti,
1762 5652 1939 5706 quam

306 5713 503 5755 vocem
532 5702 846 5761 delevimus
878 5703 1224 5762 auctoritate
1253 5702 1639 5761 vetustissimi
1676 5702 1942 5762 Vaticani

2123 4638 2220 4695 on.
2249 4638 2362 4710 AL,
2394 4640 2662 4710 effectum.

2118 4709 2332 4784 (k)_A1.,
2362 4706 2727 4784 invocatione,
2762 4708 2818 4763 in
2850 4706 3222 4779 vulgatorum
3273 4711 3560 4784 margine,
3590 4713 3692 4770 sed

2049 4779 2165 4837 non
2179 4779 2184 4782 ⁷
2198 4782 2256 4835 in
2293 4780 2508 4836 nostris
2536 4779 2704 4837 codd.

2119 4851 2556 4931 (1)_Q_uesne11_us
2588 4851 2646 4906 in
2669 4849 2932 4931 margine
2948 4853 3004 4906 et
3014 4849 3074 4931 in
3095 4853 3514 4931 antiquissimo
3536 4859 3693 4923 Vat.,

2045 4922 2433 4996 perniciosum.
2463 4922 2659 4998 Prima
2687 4922 2884 4998 editi_o,
2907 4923 3158 4998 egitiale,
3190 4922 3337 4983 Ante
3365 4943 3572 4998 pauca,
3603 4922 3695 4984 υαὲ

2046 4992 2171 5051 care
2189 5011 2291 5066 pro
2314 4994 2542 5066 vacuari
2573 4994 2632 5066 in
2664 5009 2777 5048 ms.
2811 4992 3125 5049 Padiliron.

2121 5065 2218 5140 (ni)
2245 5065 2398 5120 Editi
2420 5069 2552 5140 ante
2582 5065 2798 5140 Quesn.
2820 5081 2953 5120 cum
2988 5082 3131 5133 mss,
3163 5065 3570 5125 collectionum
3592 5084 3693 5140 po-

2051 5136 2388 5203 steriorum,
2411 5137 2554 5207 jam,
2587 5138 2910 5207 proelium.

2121 5209 2200 5278 (n)
2232 5207 2292 5261 In
2322 5205 2432 5278 ms}
2465 5205 2600 5262 Vat.‘
2625 5205 2849 5262 collect.
2883 5209 2919 5262 5
2965 5207 3128 5264 deest
3151 5224 3278 5274 vox,
3330 5210 3432 5265 illa
3460 5207 3600 5264 Dein
3634 5209 3692 5264 in

2049 5278 2362 5350 antiquiss.
2396 5277 2514 5333 Vat.
2545 5278 2628 5333 sic
2661 5278 2985 5350 etl‘eruntur
3028 5279 3334 5350 sequentia
3379 5278 3693 5350 evangelici

2048 5349 2260 5404 textus:
2297 5349 2432 5405 Cum
2461 5352 2641 5406 autem
2672 5352 2880 5405 venerit
2911 5349 3148 5420 Spiritus
3177 5351 3446 5419 veritatis,
3476 5349 3574 5407 ille
3599 5351 3692 5409 do-

2047 5422 2183 5476 cebit
2212 5437 2304 5477 vos
2335 5438 2549 5477 omnem
2578 5423 2879 5476 veritatem.
2913 5421 3028 5476 Non
3071 5422 3222 5475 enim
3272 5421 3522 5491 loquetur
3550 5442 3585 5479 α
3612 5441 3693 5480 se-

2047 5494 2298 5563 metipso,
2340 5492 2446 5565 sed
2486 5507 2839 5565 quaecumque
2883 5492 3070 5565 audiet
3117 5492 3368 5565 loquetur
3419 5498 3470 5550 et
3497 5495 3697 5565 futura

2049 5561 2404 5690 anguntiquit
2434 5561 2605 5618 vobis:
2628 5561 2887 5635 quoniam
2916 5561 2982 5615 de
3002 5577 3117 5615 meo
3139 5562 3367 5634 accipiet
3398 5575 3449 5621 et
3476 5561 3696 5623 annun-

2050 5643 2127 5689 tza
2170 5644 2212 5689 ιι
2239 5651 2301 5690 vo
2342 5637 2406 5689 is.

2050 5636 2212 5689 tiabit
2239 5636 2406 5690 vobis.
