4096 6164
510 358 631 424 407

1625 356 1691 421 S.
1734 356 2019 421 LEONIS
2064 352 2316 420 MAGNI
2360 353 2805 419 SERMONES.

3741 360 3839 425 408

515 488 730 554 omnem
757 493 1058 551 veritatem.
1092 493 1209 550 Non
1239 493 1387 550 enim
1409 493 1660 566 loquetur
1682 493 2035 566 asemetipso,
2068 490 2161 549 sed
2188 491 2244 559 Α
2272 492 2569 564 ceptorum
2605 488 2849 546 scientia
2880 488 2949 545 ad
3006 487 3370 547 tolerantiam
3423 488 3760 564 passionum:
3787 497 3842 551 ut

514 600 641 661 quae
667 583 907 642 audierit
936 585 1203 656 loquetur,
1247 586 1296 639 et
1342 584 1535 654 futura
1591 584 1947 639 annuntiabit
1988 582 2156 638 vobis.

514 675 613 732 Ille
638 689 724 729 me
751 673 1093 744 clariﬁcabit,
1126 674 1259 744 quia
1286 672 1351 727 de
1378 688 1495 727 meo
1526 674 1751 744 accipiet
1780 680 1832 728 et
1859 673 2164 727 annuntia-

517 762 595 819 bit
622 761 772 817 vobis
798 762 973 833 (Joan.
1005 778 1118 827 xvr,
1154 761 1358 832 12-14).

588 851 745 907 ³θ4
769 849 916 914 Quid
963 866 1100 921 ergo
1154 851 1244 905 est
1272 849 1427 920 quod
1477 849 1761 904 Dominus
1812 849 2161 922 promittens

518 938 823 1012 discipulis
835 938 1117 1012 Spiritum
1132 942 1399 994 sanctum
1410 982 1422 1005 ,
1439 939 1535 1010 qui
1551 940 1678 1010 jam
1700 939 1951 994 dixerat:
1967 938 2162 994 Omnia

518 1046 638 1102 qum
682 1028 874 1084 audivi
899 1045 934 1083 a
983 1029 1148 1082 Patre
1197 1042 1334 1090 meo,
1385 1030 1514 1082 nota
1549 1030 1655 1098 feci
1702 1028 1889 1084 vobis:
1955 1027 2161 1094 Adhuc,

517 1116 729 1189 inquit,
742 1117 919 1172 multa
938 1116 1105 1171 habeo
1122 1117 1267 1171 vobis
1286 1116 1483 1182 dicere,
1503 1116 1594 1172 sed
1613 1133 1723 1172 non
1742 1118 1956 1187 potestis
1973 1117 2048 1187 (α)
2063 1117 2165 1171 illa

514 1209 738 1279 portare
749 1205 925 1262 modo.
951 1206 1083 1261 Cum
1103 1208 1285 1261 autem
1313 1206 1529 1261 venerit
1560 1205 1795 1277 Spiritus
1835 1207 1930 1261 itle
1958 1207 2161 1261 verita-

522 1296 613 1362 tis,
645 1294 719 1366 (ὁ)
752 1294 849 1349 itte
874 1309 965 1349 vos
985 1294 1183 1364 diriget
1202 1296 1261 1348 in
1284 1310 1497 1349 omnem
1517 1296 1799 1348 veritatem
1823 1293 2162 1365 ?Numquid

522 1398 650 1439 sese
680 1382 966 1439 Dominus
996 1381 1287 1438 inferioris
1333 1382 1588 1437 scientia
1628 1382 1858 1437 volebat
1894 1381 2161 1455 intelligi,

523 1476 626 1528 aut
646 1471 845 1527 minus
875 1471 1096 1543 aliquid
1127 1486 1305 1542 quam
1335 1470 1615 1543 Spiritum
1640 1474 1909 1526 sanctum
1934 1488 1967 1526 a
1996 1470 2164 1526 Patre

522 1559 797 1617 didicisse
819 1560 846 1614 ’ἶ
872 1575 1006 1615 cum
1065 1559 1189 1631 ipse
1221 1559 1300 1615 sit
1328 1559 1576 1630 Veritas,
1618 1564 1675 1614 et
1705 1558 1850 1614 nihil
1886 1560 2051 1615 Pater
2076 1558 2161 1615 di-

522 1665 672 1722 cere,
689 1647 834 1705 nihil
858 1648 926 1721 (c)
948 1648 1201 1721 Spiritus
1225 1647 1409 1720 possit
1428 1648 1631 1703 docere
1652 1647 1778 1703 sine
1798 1647 2165 1715 Verbo,ideo-

482 1760 485 1765 ν
524 1754 636 1810 que
665 1738 888 1794 dictum
921 1737 1000 1792 sit
1031 1752 1044 1791 :
1080 1738 1153 1792 De
1180 1752 1299 1792 meo
1328 1738 1557 1807 accipiet
1612 1736 1786 1807 (Joan.
1830 1753 1947 1805 xv1,
2004 1736 2161 1807 44,):

524 1826 801 1899 quoniam
835 1826 992 1899 quod
1050 1824 1261 1896 accipit
1307 1825 1581 1896 Spiritus,
1616 1825 1782 1881 Patre
1837 1825 2033 1891 dante,
2067 1826 2168 1880 dat

526 1915 729 1973 Filius.
762 1915 886 1970 Non
918 1914 1113 1986 itaque
1144 1912 1257 1969 alia
1279 1913 1633 1968 insinuanda
1661 1917 1786 1969 erat
1813 1914 2047 1981 veritas,
2067 1929 2172 1968 nec

528 2003 643 2060 alia
671 2002 1041 2076 praedicanda
1069 2002 1333 2057 doctrina
1357 2018 1370 2070 ;
1407 2002 1507 2057 sed
1536 2002 1839 2073 oportebat
1882 2001 2174 2074 capacita-

526 2096 647 2149 tem
677 2107 877 2147 eorum
908 2091 1007 2163 qui
1040 2092 1401 2146 docebantur
1430 2091 1652 2163 augeri,
1704 2093 1762 2145 et
1790 2090 2169 2163 multiplicari

526 2180 917 2259 constantiam
928 2179 1088 2235 illius
1100 2177 1403 2235 cbaritatis
1416 2196 1542 2251 qua:
1555 2195 1785 2234 omnem
1801 2179 2175 2236 formidinem

527 2270 686 2327 foras
705 2268 983 2335 mitteret,
1017 2268 1094 2339 (d)
1127 2271 1183 2323 et
1212 2268 1468 2323 furorem
1532 2268 2007 2340 persequentium
2056 2285 2172 2324 non

525 2360 778 2416 timeret.
813 2357 977 2423 Quod
1001 2357 1204 2429 utique
1224 2356 1495 2428 apostoli,
1519 2360 1903 2429 posteaquam
1924 2357 2175 2429 Spiritus

528 2446 716 2506 sancti
744 2461 893 2502 nova
922 2445 1285 2500 abundantia
1307 2448 1446 2500 sunt
1467 2442 1693 2517 repleti,
1716 2445 2017 2500 ardentius
2031 2445 2177 2501 velle

528 2540 588 2594 et
609 2535 907 2594 efﬁcacius
939 2550 1110 2607 posse
1140 2537 1462 2605 cmperunt,
1494 2532 1862 2606 proﬁcientes
1885 2534 1954 2605 (e)
1982 2551 2173 2606 apric-

532 2706 535 2709 .
560 2723 569 2725 _
603 2652 680 2725 (α)
709 2649 1058 2725 Addidimus
1091 2649 1191 2725 ittg
1219 2664 1292 2725 ea
1305 2664 1428 2725 ms.
1454 2647 1890 2725 Casin._collect.
1921 2653 1945 2703 1
1969 2653 2025 2705 et
2046 2651 2176 2725 Lec-

530 2718 799 2780 tio'nariis
825 2720 1045 2793 Veneto
1072 2723 1128 2775 et
1156 2718 1493 2793 Padiliron.,
1529 2719 1612 2774 uti
1660 2719 1783 2775 hzec
1826 2738 1932 2776 vox
1963 2721 2179 2793 pariter

531 2793 751 2864 legitur
779 2791 966 2864 capite
997 2790 1377 2864 antecedenti.

628 2866 681 2936 ὸ)
711 2864 775 2920 In
808 2860 1218 2936 antiquissimo
1245 2860 1399 2936 Vat,
1421 2862 1530 2936 ille
1581 2878 1672 2917 vos
1693 2860 1907 2936 docebit
1962 2879 2177 2936 omnem

534 2932 1372 3016 veritatemkquemadmodum
1418 2932 1572 3016 idem
1605 2933 2072 3016 codexhprmfert
2118 2936 2177 2991 in

534 3010 695 3087 testu
711 3002 933 3087 capitis
964 3003 1299 3087 superioris.
1333 3002 1542 3087 Copfer
1561 3002 1872 3087 annotzgf.

611 3078 680 3149 (ε)
711 3074 925 3149 Vocem
956 3074 1227 3149 Spiritus,_
1247 3091 1374 3149 qua:
1396 3076 1591 3131 deerat
1613 3074 1959 3149 in_editis,et
1989 3093 2021 3132 a
2042 3093 2177 3131 con-

539 3144 702 3205 tentu
733 3144 1005 3220 exigitur,
1057 3144 1463 3220 supplevimus
1505 3163 1599 3220 ex,
1641 3146 1906 3220 pluribus
1962 3149 2178 3220 nostris

535 3221 728 3301 codd},
753 3236 820 3275 ao
831 3217 1188 3301 'prazsertim’
1203 3233 1272 3273 ex
1292 3217 1850 3301 antiquissimo'Vat.’
1872 3224 1929 3301 e_t
1945 3219 2176 3301 duobus
2206 3230 2250 3297 ρ

538 3288 917 3348 Lectionariis
945 3289 1321 3358 Bergomensi
1352 3294 1409 3344 et
1437 3288 1671 3346 Veneto.
1708 3290 1771 3343 In
1802 3288 1927 3344 Vat.
1949 3290 2172 3346 collect.

533 3363 739 3433 5,nihit
760 3367 949 3429 Pater,
972 3361 1117 3416 nihit
1137 3359 1378 3433 Spiritus
1403 3363 1574 3433 possit
1622 3360 1801 3415 dicere
1840 3362 1964 3433 sine
1994 3363 2173 3433 Verbo.

537 3430 687 3503 Mox,
720 3450 824 3506 pro
856 3435 1115 3506 quoniam
1141 3430 1289 3506 quod,
1313 3430 1514 3506 accipit
1542 3431 1802 3506 Spiritus,
1836 3430 1893 3485 in
1928 3449 2038 3506 ms.
2072 3432 2175 3488 Ca-

537 3503 781 3571 sinensi,
812 3503 1022 3575 et‘qma
1048 3505 1147 3575 qui
1172 3504 1371 3574 accipit
1399 3503 1604 3575 donum
1634 3503 1909 3575 Spiritus;
1940 3504 2040 3558 ubi
2070 3521 2179 3559 vox

532 3577 738 3633 donum
766 3574 1141 3649 supperadita
1161 3580 1256 3649 est
1281 3574 1584 3649 posteriori
1618 3590 1815 3629 manu.
1842 3574 1905 3649 In
1938 3591 2047 3630 ms.
2078 3575 2179 3631 Ve-

533 3652 688 3718 neto,
720 3665 824 3718 pro
840 3644 1417 3718 'q'uom'am,_habetur
1445 3645 1682 3716 pariter,
1705 3654 1756 3701 et
1784 3646 1933 3715 quia.

533 3665 688 3718 nete,
762 3666 824 3704 ro
890 3665 1133 3711 uomam,
1167 3665 1417 3701 nanetur
1445 3665 1682 3716 pariter,
1705 3665 1756 3701 et
1784 3665 1933 3715 quta.

533 3793 576 3845 ἡ
604 3665 819 3845 ((1)313.
854 3665 1212 3785 ausineusis,
1242 3724 1303 3771 ut
1326 3718 1571 3787 furorem
1596 3717 2041 3787 persequentium
2066 3732 2177 3772 non

578 3804 696 3845 mer
792 3830 806 3844 .

572 3796 806 3847 imereut.

603 3862 672 3931 (e)
705 3861 769 3915 In
798 3859 1004 3914 eodem
1022 3874 1142 3931 ms.
1174 3856 1368 3931 Casin.
1405 3856 1538 3931 etin
1571 3856 1696 3931 eod.
1732 3855 2075 3931 Padiliron.,
2108 3858 2178 3913 ad

530 3927 920 4001 praeceptorum
948 3927 1341 3993 scientiam,ad
1368 3927 1720 4001 tolerantiam
1746 3928 2084 4001 passionum,
2116 3933 2177 3984 ut

532 3998 750 4056 auitam
778 4002 891 4066 iam
917 4003 1296 4070 tempestatem
1323 3998 1679 4070 trepidantes,
1713 4004 1821 4053 etc.
1855 3998 1916 4054 In
1941 4016 2058 4055 uno
2089 4017 2175 4055 co-

531 4070 679 4140 dice,
711 4071 810 4126 sub
830 4070 988 4140 nulla
1007 4068 1128 4140 jam
1152 4068 1415 4140 potestate
1435 4068 1787 4140 trepidantes.

604 4138 674 4213 (ﬂ
708 4141 771 4197 In
828 4138 1242 4213 δηίῩίῙΨίδθίίΠο
1271 4138 1399 4213 Ῡέΐ·
1462 4139 1574 4193 sic:
1606 4139 1772 4213 Cujus
1827 4139 2089 4213 discipuli
2117 4150 2178 4197 αι

530 4210 797 4284 magnum
826 4210 1114 4284 quemdam
1143 4214 1195 4266 et
1212 4210 1526 4284 sublimem,
1547 4214 1653 4284 etc.
1684 4212 1764 4265 Ita
1783 4210 2175 4282 etiam’prima

531 4281 725 4345 editio.
761 4281 888 4353 quia:
915 4281 1104 4338 solum
1135 4281 1352 4337 omittit
1382 4281 1725 4353 particulam
1757 4289 1837 4336 ut.

606 4300 725 4345 mo.
803 4300 888 4339 uae
915 4300 1104 4338 sonum
1135 4300 1352 4337 omum.
1382 4300 1725 4353 particulam
1757 4300 1837 4336 ut.

604 4355 678 4427 (g)
709 4300 861 4410 Egiti
888 4360 1022 4427 ante
1042 4354 1265 4427 Quesn.
1294 4369 1620 4427 cum__m_s_s.
1658 4352 1804 4427 _Vat.
1841 4351 2077 4427 Collect.
2115 4356 2169 4423 5,

531 4422 1015 4482 ManichceoAlius
1042 4424 1235 4479 Vat.et
1256 4440 1409 4479 unus
1438 4422 1716 4478 Vallicell.
1751 4427 1925 4494 atque
1954 4422 2169 4493 Casin.,

531 4496 761 4564 Hani,et
784 4496 1055 4553 similiter
1084 4495 1379 4567 deinceps,
1414 4494 1508 4567 ubi
1542 4495 1719 4567 Manes
1750 4494 2165 4567 nominabitur.

531 4568 635 4624 Hic
665 4573 859 4623 autem
887 4568 1211 4623 notandum
1235 4565 1324 4622 est
1352 4565 1507 4637 apud
1562 4566 1764 4637 Patres
1796 4565 2031 4621 Latinos
2060 4568 2170 4622 Illa-

527 4655 654 4711 nem
684 4639 1017 4711 frequenter
1044 4637 1335 4711 appellari
1372 4636 1747 4711 Maniclueum,
1810 4642 1894 4711 ut_
1924 4638 2170 4711 eruditis

529 4707 891 4780 exploratum
922 4713 1038 4780 est.
1071 4707 1263 4780 Porro,
1303 4707 1594 4780 Quesnelli
1639 4707 2071 4780 annotationem
2106 4709 2165 4763 in

529 4779 742 4835 nomen
789 4780 969 4836 Manes
1027 4779 1120 4834 hic
1178 4779 1567 4850 subjicimus:
1603 4801 1640 4850 u
1675 4779 1796 4850 ita,
1827 4795 1939 4832 ms.
1973 4780 2163 4850 codd.,

527 4849 741 4934 inquit,
771 4850 946 4934 idque
977 4850 1229 4922 optime:
1253 4848 1393 4934 Cum
1417 4849 1574 4904 enim
1598 4848 1834 4934 infamis
1856 4850 1963 4934 iste
1985 4848 2164 4934 latere:

531 4920 767 4995 siarcha
792 4920 1051 4995 primum
1071 4925 1401 4995 _vocaretu_r
1432 4937 1545 4995 non
1599 4920 1859 4995 Urbicus,_
1880 4924 1944 4995 ut
1970 4921 2166 4995 babet

522 4990 889 5073 Augustinus
906 4992 1017 5073 .lib.
1054 4991 1126 5073 de
1148 4991 1475 5073 llazresibus
1496 4990 1631 5073 haec.
1658 4992 1744 5073 λεδ,
1764 4991 1863 5072 sed
1882 4991 2163 5073 (lubricus,

528 5062 1029 5148 quemodmodum
1060 5063 1275 5146 legitur
1320 5063 1475 5144 apud
1526 5062 1940 5144 Epiphaniam,
1976 5063 2163 5118 Manis

523 5136 637 5214 s_1b1
667 5151 879 5214 nomen
912 5139 1212 5214 imposuit,
1247 5133 1459 5214 furoris
1486 5132 1756 5214 νιόθίῳθι
1784 5149 1992 5214 nomen
2024 5150 2164 5214 qua-

524 5207 662 5262 dam
712 5206 824 5262 sibi
871 5205 1234 5278 providentia
1282 5205 1594 5278 ascisccns.
1647 5205 1826 5278 Quod
1867 5220 2001 5278 cum
2033 5207 2161 5278 ejus

522 5274 899 5349 postmodum
928 5275 1201 5349 discipuli
1257 5275 1783 5349 animadverterent
1814 5276 1872 5328 in
1923 5274 2157 5349 Grmcia,

561 5347 816 5406 eminata
835 5348 1029 5404 littera
1056 5344 1114 5413 ἡ,
1147 5345 1594 5405 Mannichaaum.
1610 5344 1775 5415 quasi
1800 5361 2016 5400 manna
2038 5345 2161 5400 fun-

562 5424 775 5492 entem,
837 5417 1290 5492 appellaverunt.
1326 5439 1353 5466 »
1389 5416 1516 5470 Haec
1563 5414 1679 5492 ille.
1722 5416 1939 5492 Moxin
1971 5416 2160 5492 prima

523 5489 779 5546 editione
821 5485 996 5547 verbo
1028 5491 1348 5562 apparuisse
1394 5485 1764 5558 praemittitur
1818 5485 2159 5544 adverbium

520 5563 826 5616 manifeste.

910 5630 1148 5701 Spiritus
1189 5638 1427 5701 sanctus.
1482 5628 1803 5701 Prmvaluit‘
1840 5629 2157 5701 auctoritas

518 5698 1568 5776 quinquelectionariorummimirum
1582 5698 1979 5773 antiquissimi
2005 5700 2154 5769 Vat.,

2270 580 2378 635 sub
2411 578 2573 634 nulla
2596 580 2719 650 jam
2752 583 3100 652 tempestate
3131 579 3494 652 trepidantes,
3540 580 3729 638 fluctus
3756 599 3841 638 ειε-

2271 667 2385 723 culi
2418 672 2474 723 et
2503 666 2782 724 elationes
2835 667 3042 723 mundi
3080 668 3193 723 ﬁde
3225 667 3664 741 supergrediente
3689 669 3843 725 calca-

2270 762 2418 822 rent,
2451 760 2508 812 et
2539 761 2725 812 morte
2755 761 3108 829 contempta,
3144 757 3413 813 omnibus
3432 758 3680 830 gentibus
3698 761 3849 814 Evan-

2270 845 2489 919 gelium
2520 845 2781 901 veritatis
2813 845 3113 902 inferrent.

2341 934 2476 990 CAP.
2508 934 2602 989 VI.
2633 965 2701 975 —-
2730 934 2892 1000 Quod
2922 952 3055 990 vero
3090 934 3314 990 addidit
3336 934 3623 1002 Dominus,
3651 933 3850 989 dicens:

2271 1024 2635 1096 Qumcumque
2659 1023 2901 1079 audierit
2931 1025 3200 1095 loquetur,
3232 1031 3286 1079 et
3334 1026 3521 1095 futura
3550 1023 3855 1077 annuntiabit

2268 1112 2415 1166 vobis
2447 1114 2621 1181 (Joan.
2659 1130 2767 1179 wi,
2808 1113 2916 1183 13),
2950 1129 3063 1168 non
3094 1113 3258 1185 segni
3291 1110 3594 1178 intellectu,
3640 1107 3857 1165 dilectis-

2271 1200 2426 1267 simi,
2462 1217 2566 1256 nec
2606 1200 2941 1257 transitoria
3003 1201 3363 1272 accipiamus
3418 1199 3632 1253 auditu.
3687 1198 3859 1253 Praeter

2273 1288 2416 1345 alias
2440 1290 2596 1345 enim
2618 1288 2878 1345 veritatis
2895 1289 3216 1345 locutiones
3230 1288 3444 1361 quibus
3464 1287 3859 1343 Manichaeorum

2272 1378 2608 1433 confutatur
2620 1378 2911 1450 impietas,
2927 1377 3035 1433 hac
3050 1378 3419 1450 apertissime
3432 1376 3698 1433 sententia
3710 1380 3861 1431 totum

2272 1466 2563 1539 sacrilega:
2579 1466 2847 1522 falsitatis
2861 1468 3074 1540 dogma
3086 1465 3692 1539 prosternitur.(/‘;Nam
3706 1469 3759 1519 ut
3772 1480 3865 1518 ma-

2271 1572 2455 1628 gnum
2490 1556 2803 1627 quemdam
2839 1562 3012 1628 atque
3042 1554 3356 1611 sublimem
3383 1555 3545 1628 sequi
3586 1553 3868 1609 viderentur

2273 1649 2593 1709 auctorem,
2623 1644 2681 1699 in
2718 1644 2998 1717 magistro
3029 1661 3134 1701 suo
3169 1646 3243 1716 (g)
3267 1649 3432 1700 Mane
3454 1647 3705 1700 sanctum
3725 1659 3867 1714 appa-

2276 1733 2565 1807 ruisscSpi
2575 1734 2750 1789 ritum
2762 1734 3137 1790 crediderunt
3152 1733 3507 1806 promissum
3517 1749 3625 1805 que
3638 1730 3872 1787 ιιι)οωὶηο

2278 1823 2637 1879 Puracletum
2662 1838 2774 1878 non
2799 1823 2963 1895 prius
2998 1821 3227 1878 venisse
3269 1839 3447 1895 quam
3470 1821 3562 1876 hic
3601 1818 3872 1875 infelicium

2282 1911 2434 1968 805
2468 1912 2741 1983 deceptor
2779 1912 3060 1967 oriretur:
3085 1911 3144 1966 in
3174 1928 3288 1983 quo
3326 1911 3407 1965 ita
3445 1909 3522 1980 (h)
3551 1908 3779 1981 Spiritus
3795 1905 3876 1962 Dei

2282 2000 2583 2066 manserit,
2616 2004 2681 2055 ut
2712 2017 2827 2055 non
2859 2000 3017 2056 aliud
3051 1999 3225 2056 fuerit
3245 2004 3446 2055 Manes
3465 1999 3588 2072 ipse
3608 2013 3765 2069 quam
3784 1995 3880 2066 spi-

2283 2089 2434 2145 ritus
2462 2088 2563 2161 qui
2590 2106 2692 2161 per
2724 2088 3116 2145 ministerium
3149 2106 3437 2161 corporeae
3457 2088 3612 2144 vocis
3639 2090 3691 2142 et
3709 2084 3880 2157 lingua

2284 2176 2605 2250 discipulos
2635 2195 2775 2233 suos
2809 2178 2865 2233 in
2899 2194 3133 2233 omnem
3185 2178 3492 2235 induceret
3546 2175 3815 2232 veritatem
3840 2177 3883 2228 et

2285 2283 2320 2321 n
2329 2284 2362 2321 u
2371 2282 2610 2338 mquam
2625 2265 2855 2338 cognita
2866 2262 3883 2338 praeteritorumsecreta(i)saeculorum

2284 2360 2586 2411 reseraret.
2602 2355 2665 2427 (7')
2689 2355 2851 2420 Quod
2865 2372 3041 2427 quam
3067 2354 3279 2411 falsum
3294 2370 3593 2428 quamque
3606 2354 3677 2409 sit
3689 2366 3884 2413 vanum.

2282 2444 2412 2517 ipsa
2423 2444 2763 2516 evangelicae
2778 2443 3204 2516 praedicationis
3218 2444 3483 2500 declarat
3494 2442 3890 2499 auctoritasua-

2286 2550 2388 2589 nes
2419 2548 2556 2604 ergo
2586 2533 2663 2605 (k)
2696 2532 2964 2589 minister
2981 2532 3253 2590 falsitatis
3282 2532 3607 2598 diabolicae,
3632 2539 3681 2587 el
3707 2532 3762 2601 (ι)
3781 2545 3890 2585 con-

2284 2648 2538 2773 iiuorum
2560 2646 2866 2717 Vallicell.,
2899 2648 3075 2705 unius
3103 2647 3309 2704 Veneti
3344 2653 3400 2705 Β.
3435 2647 3633 2715 Marci,
3663 2650 3717 2702 et
3752 2642 3890 2701 Padi-

2309 2735 2455 2773 II‘OD.

2309 2735 2455 2773 που.

2380 2792 2401 2843 i
2437 2788 2898 2860 Antiquissimus
2910 2789 3036 2845 Vat.
3058 2790 3358 2847 desiderat
3372 2806 3568 2847 vocem
3579 2788 3891 2857 ,steculorum.

2443 2861 2560 2916 Hoc
2583 2862 2754 2916 modo
2769 2861 2986 2918 habent
3006 2862 3235 2918 codices
3249 2860 3762 2932 mss.Corbeiensis
3772 2871 3891 2914 unus

2392 2860 2420 2919 il
2443 2861 2560 2916 Hoc
2583 2862 2754 2916 modo
2769 2861 2986 2918 habent
3006 2862 3235 2918 codices
3249 2860 3762 2919 mss.Corbeiensis
3772 2871 3898 2914 unus

2284 2931 2519 3008 tresque
2535 2932 2890 3008 Quonienses
2915 2950 2928 3000 ;
2954 2933 3107 2988 unde
3124 2934 3351 3008 mirum
3374 2933 3669 3008 quomodo
3687 2931 3896 3008 irrepse-

2289 3003 2363 3079 rit
2384 3001 2503 3079 h§ec
2526 3002 2637 3059 alia
2657 3003 2847 3079 lectio,
2865 3020 3049 3079 quam
3071 3004 3359 3062 editiones
3383 3001 3607 3079 priores
3627 3001 3897 3079 exhibent:

2289 3073 2438 3147 Quod
2466 3091 2633 3146 quam
2659 3076 2731 3130 sit
2760 3073 3058 3147 ridiculum
3090 3093 3363 3147 quamque
3383 3073 3603 3133 'vanum
3631 3073 3905 3147 taederetos-

2290 3142 2525 3221 teudere,
2562 3148 2678 3221 nisi
2705 3146 2881 3221 adhuc
2911 3142 3185 3221 quosdam
3200 3142 3313 3203 non
3329 3149 3567 3221 puderet
3591 3142 3899 3221 hoccredere.

2286 3216 2451 3290 Prior
2479 3215 2648 3290 lectio
2679 3217 2804 3272 sine
2833 3215 3011 3273 dubio
3027 3215 3425 3288 anteferenda,
3445 3220 3589 3290 quia
3609 3215 3903 3290 revereatu-

2286 3288 2393 3365 tim
2426 3289 2678 3365 ostendit
2702 3305 2771 3365 ex
2800 3293 3059 3360 tempore
3088 3306 3202 3362 quo
3232 3284 3625 3365 Evangelium
3661 3284 3905 3365 praedica-

2286 3362 2413 3440 tum
2446 3363 2587 3426 erat,
2622 3354 3830 3440 martxrumquesanguine‘cqnscqrétuml
3859 3354 3904 3406 in

2287 3435 2487 3501 octava
2520 3430 2941 3501 persecutione,
2968 3430 3129 3488 ante
3186 3430 3421 3489 Martem
3478 3430 3909 3498 Manichaeosque

2287 3500 2571 3575 Spiritum
2603 3505 2870 3575 sanctum
2899 3502 3192 3575 Ecclesiae
3250 3504 3463 3559 datum
3499 3504 3702 3569 fuisse,
3751 3501 3908 3575 inque

2286 3572 2550 3627 ﬁdelium
2599 3572 2777 3627 corda
2808 3573 3108 3629 ditfusum.
3171 3576 3579 3640 QUESNELLUS.
3636 3604 3704 3614 —
3751 3572 3909 3626 Lectio

2288 3649 2481 3699 autem
2514 3642 2696 3699 textui
2729 3643 2947 3699 inserta
2978 3644 3187 3699 nititur
3206 3646 3389 3702 etiam
3424 3652 3631 3703 nostro
3661 3640 3913 3713 antiquis-

2287 3714 2437 3769 simo
2462 3714 2742 3788 Vaticano
2774 3719 2830 3769 et
2850 3715 2972 3788 alio
2999 3716 3219 3788 optimo
3248 3716 3500 3788 Veneto,
3527 3717 3586 3772 in
3617 3733 3728 3788 quo
3751 3711 3909 3788 solum

2286 3802 2398 3867 pro
2413 3785 2626 3867 falsum
2656 3789 2743 3839 est
3139 3788 3427 3867 Caeterum
3491 3784 3666 3867 lectio
3697 3784 3911 3867 aliarqu

2286 3849 2611 3931 editionum
2635 3857 2924 3928 reperitur
2950 3857 3008 3911 in
3042 3874 3183 3931 mss.
3218 3860 3498 3931 omnium
3531 3860 3788 3931 quinque
3804 3849 3911 3931 pol-

2284 3926 2620 3990 lectionum,
2655 3921 2719 3982 ac
2752 3933 3027 3996 presteres.
3054 3929 3113 3983 in
3135 3930 3371 3987 duobus
3396 3921 3780 3987 Lectionuriis
3804 3921 3913 3996 Val-

2286 3998 2480 4074 licell.,
2516 3998 2572 4052 in
2606 3995 2919 4074 Padiliron.
2953 4005 3010 4055 et
3039 4000 3305 4074 Bergom.
3374 4002 3712 4074 Leoninum
3766 3995 3914 4055 etiam

2284 4068 2501 4141 stylum
2547 4071 2716 4141 sapit,
2773 4068 3430 4141 cohreretquevveritati
3480 4072 3791 4138 historicen,
3823 4082 3917 4138 qua

2282 4139 2631 4215 Munichznos
2664 4145 2854 4195 Romze
2885 4139 3139 4197 detectos
3168 4141 3378 4215 liquet.

2354 4212 2432 4281 (k)
2467 4211 2613 4266 Editi
2646 4216 2781 4267 ante
2802 4215 3038 4288 Quaem,
3059 4206 3336 4288 magister
3356 4234 3385 4280 ;
3410 4232 3547 4288 qua:
3568 4213 3837 4288 lcetio,_ut
3852 4206 3923 4261 vi-

2289 4282 2945 4354 de_tgur,rcongruentior,
2992 4282 3232 4340 fulcitur
3262 4282 3643 4342 mssftrium
3688 4284 3919 4354 priorum

2289 4303 2479 4347 αθιυΓ,
2514 4303 2945 4354 ΟΟΠΒΓΗΟΠΕΙΟΓ,
2992 4303 3232 4340 ΙΠΙΟΙῐιΙΓ
3262 4303 3414 4341 mss.
3452 4303 3643 4342 tmum
3728 4303 3919 4338 norum

2281 4352 2689 4408 collectionem
2711 4358 2767 4408 et
2787 4355 3018 4409 duobus
3040 4356 3255 4411 nostris
3279 4303 3922 4413 Lectionariisgtallicel-

2280 4422 2451 4497 lanis,
2478 4441 2593 4497 uno
2626 4424 2995 4497 Bergomate,
3019 4431 3076 4481 et
3107 4426 3219 4482 alio
3260 4426 3592 4485 Padiliron.
3620 4426 3922 4484 Lectionem

2280 4494 2666 4550 nihilominus
2688 4494 3061 4561 aVQuesnello
3096 4498 3398 4553 inductam
3436 4516 3511 4555 ex
3544 4499 3695 4564 suis,
3729 4501 3791 4551 ut
3818 4506 3919 4547 cre-

2279 4565 2498 4643 dimus.
2524 4566 2921 4643 Lectiona_riis,
2937 4567 3234 4643 noluimus
3255 4586 3629 4643 expungere,
3653 4583 3787 4643 cum
3806 4578 3921 4643 con;

2279 4637 2546 4714 ﬁrmetur
2575 4653 2688 4714 non
2721 4631 2917 4693 solum
2946 4655 3086 4714 mss.
3112 4639 3281 4714 '_Vatt.
3328 4631 3580 4714 collect.
3618 4631 3651 4696 4
3682 4644 3738 4714 et
3760 4642 3812 4703 5,
3840 4631 3924 4714 θεά

2276 4708 2453 4781 etiam
2486 4708 2716 4764 duobus
2743 4710 3249 4781 prazstantioribus
3299 4714 3533 4768 nostris
3566 4708 3923 4768 Lectionariis

2276 4777 2494 4833 Veneto
2527 4795 2593 4834 ac
2625 4777 2946 4850 praesertim
2978 4781 3381 4837 vetustissimo
3416 4782 3740 4839 Vaticano.

2345 4850 2409 4919 (ι)
2430 4850 2553 4905 Non
2576 4851 2728 4921 quod
2759 4850 2983 4921 primus
3005 4852 3180 4906 fuerit
3199 4853 3443 4909 obsceni
3474 4853 3925 4910 Manichaeorum

2274 4919 2565 4990 dogmatis
2596 4919 2825 4992 parens,
2860 4922 2959 4977 sed
2983 4923 3136 4994 quod
3169 4923 3242 4977 ab
3270 4923 3400 4994 ipso
3421 4940 3545 4992 per
3574 4927 3793 4980 multas
3808 4928 3928 4994 οτᾳβ

2271 4988 2539 5063 artesque
2568 4988 2866 5067 terrarum
2923 4988 3361 5067 dissipandi_siti
3415 4988 3671 5053 initium
3703 4988 3927 5067 αςεερὶξ-

2271 5067 2551 5118 (ὶωιθι-ιιω
2578 5063 2803 5133 primus
2825 5064 3188 5120 somniorum
3203 5065 3441 5121 illorum
3457 5068 3682 5124 artifex
3697 5065 3806 5121 fuit
3824 5063 3933 5133 qui-

2271 5133 2406 5206 dam
2432 5132 2783 5205 Scythxanus
2823 5151 2853 5189 c
2894 5136 3125 5206 regione
3147 5136 3589 5193 Saracenorum
3635 5132 3931 5195 oriundus,

2269 5204 2335 5280 ed
2348 5210 2469 5258 ucal
2484 5204 2665 5280 usque
2689 5206 2744 5259 in
2763 5204 3008 5280 Agabia,
3030 5206 3332 5280 Palestina:
3355 5208 3631 5266 finitima
3657 5227 3670 5264 :
3698 5208 3799 5280 qui
3822 5218 3935 5280 m0-

2270 5273 2430 5352 riens
2450 5273 2648 5352 omnia
2669 5293 2776 5352 s_ua
2797 5277 3395 5352 Therbithocuidam,
3416 5280 3612 5352 unico
3639 5273 3819 5352 quem
3851 5274 3935 5352 ba

2267 5346 2442 5401 bebat
2460 5345 2768 5417 discipulo,
2784 5348 3207 5403 commisit.Hic
3226 5349 3565 5407 Therbitho
3598 5344 3829 5408 nomen
3852 5344 3939 5399 ab-

2268 5417 2472 5492 dicans
2494 5417 2727 5473 Buddas
2774 5417 3052 5492 appellari
3075 5419 3272 5475 voluit.
3300 5420 3490 5492 Cujus
3514 5421 3847 5478 haereditas
3868 5417 3937 5470 in-

2268 5488 2480 5574 fausta,
2506 5505 2639 5544 cum
2676 5488 3122 5574 post‘infamem
3162 5494 3290 5574 eius
3329 5488 3602 5574 mortem
3630 5493 3938 5574 inaniaque

2268 5560 2579 5629 cujusdam
2602 5559 2750 5615 anus
2772 5560 3042 5625 venisset,
3070 5562 3141 5617 ab
3182 5559 3283 5618 illa
3317 5560 3534 5618 relicta
3578 5568 3680 5621 est
3701 5559 3943 5618 Cubrico

2266 5647 2370 5713 seu
2400 5630 2574 5713 Mani,
2600 5648 2773 5713 quem
2806 5632 2877 5713 ad
2902 5632 3095 5713 ofﬁcia
3118 5633 3427 5713 famularia
3450 5650 3715 5713 seri/um
3731 5644 3946 5713 coeme-

2266 5706 2356 5757 rat
2376 5701 2504 5772 ;qui
2535 5701 2807 5775 deinceps
2830 5702 3037 5760 insana
3058 5704 3333 5777 dogmata
3350 5705 3519 5777 apud
3548 5703 3947 5772 Persas,inter
