4096 6164
503 328 619 394 lii

1617 323 1682 390 s.
1727 322 2009 389 LEONIS
2053 323 2302 388 MAGNI
2348 324 2791 390 sneauosas.
3552 313 3561 318 ’
3730 332 3829 395 in

505 479 749 541 prorsus
767 461 840 520 de
858 457 960 520 illa
972 455 1186 518 virtute
1205 460 1486 535 pervenit,
1522 475 1701 534 quam
1735 456 2000 517 Ecclesiae
2023 475 2142 515 suae
2172 462 2225 531 Α
2255 463 2544 518 terrarum
2567 460 2705 518 orbe
2724 457 3136 528 venerabilem,
3165 456 3262 518 ille
3282 460 3459 519 sancti
3475 460 3701 536 Spiritus
3716 478 3828 523 con-

506 555 774 613 Christus
792 558 848 609 et
869 551 1139 624 promisit
1156 556 1215 607 et
1235 550 1413 608 misit.
1441 549 1674 606 Dicente
1695 550 1848 607 enim
1868 549 1941 622 (a)
1979 549 2147 605 beato

504 641 763 717 apostolo
807 642 1310 713 Joanne.Spiritus
1340 640 1581 697 nondum
1624 644 1743 695 erat
1782 639 1962 704 datus,
2017 640 2149 709 quia

498 735 651 791 Jesus
671 731 914 787 nondum
933 735 1053 786 erat
1073 732 1405 801 clari/icastris
1426 732 1604 799 (Joan.
1625 746 1721 796 vn,
1745 729 1838 796 39)
1862 746 1879 781 :
1914 726 2143 782 Domini

500 820 787 886 ascensio,
807 820 982 875 dandi
1004 820 1256 891 Spiritus
1290 819 1395 875 fuit
1414 817 1580 887 ratio,
1601 834 1775 890 quem
1796 816 1892 872 ille
1910 832 2147 871 necesse

498 915 667 967 estut
686 914 856 982 neget
875 910 1099 975 datum,
1121 908 1220 980 qui
1243 909 1314 963 ad
1344 924 1684 964 concessum
1719 911 1970 979 paterna:
2009 905 2143 960 dex-

497 998 927 1057 teraaverumin
963 997 1190 1053 Christo
1230 996 1527 1052 hominem
1563 998 1735 1068 negat
1772 1010 1902 1049 esse
1942 1009 2143 1065 prove-

498 1094 679 1145 ctum.
698 1088 817 1143 Nos
831 1091 1048 1154 autem,
1070 1084 1458 1156 dilectissimi,
1481 1086 1551 1141 ad
1570 1086 1802 1140 beatam
1819 1083 1972 1139 308
1988 1085 2148 1137 aeter-

500 1179 743 1234 nitatem
764 1181 821 1232 ct
838 1176 1046 1232 animae
1068 1180 1125 1230 et
1141 1175 1332 1230 carnis
1356 1191 1458 1246 per
1488 1172 1981 1245 regenerationem
2002 1187 2141 1226 san-

499 1268 579 1324 cti
610 1266 863 1338 Spiritus
903 1264 1281 1336 adoptati,(b)
1321 1262 1788 1318 sacratissimum
1820 1260 1934 1315 diei
1974 1259 2145 1315 istius

498 1356 713 1412 festum
733 1352 1060 1410 rationabili
1084 1352 1362 1424 obsequio
1392 1356 1449 1406 et
1466 1357 1626 1407 casta
1655 1350 1854 1405 laetitia
1890 1349 2143 1404 celebre-

497 1462 654 1509 mus,
698 1442 1042 1499 conﬁtentes
1082 1459 1216 1497 cum
1256 1443 1423 1497 beato
1453 1439 1631 1496 Paulo
1662 1438 1944 1511 apostolo,
1986 1437 2142 1509 quod

495 1532 783 1590 Dominus
801 1531 973 1587 Jesus
992 1530 1260 1586 Christus
1278 1530 1570 1586 ascendens
1606 1531 1667 1584 in
1684 1530 1877 1594 altum,
1919 1529 2144 1599 captivi-

492 1640 617 1679 vam
645 1623 804 1678 duxit
829 1622 1219 1694 captivitatem,
1272 1620 1417 1675 dedit
1460 1619 1604 1674 dona
1662 1617 1975 1672 hominibus
2031 1618 2139 1688 (Ps.

495 1727 668 1776 vau,
726 1710 818 1777 t9;
855 1708 1045 1779 Ephes.
1093 1725 1168 1772 ιν,
1206 1710 1263 1779 8)
1298 1725 1311 1762 :
1358 1713 1422 1763 ut
1460 1704 1836 1778 Evangelium
1869 1706 1967 1761 Dei
2044 1721 2146 1776 per

493 1815 666 1855 omne
682 1797 953 1854 humanae
971 1794 1127 1851 vocis
1145 1795 1443 1867 eloquium
1463 1796 1827 1867 praedicetur,
1860 1798 1910 1848 et
1967 1794 2144 1849 omnis

494 1888 687 1959 lingua
716 1887 1039 1957 conﬁteatur
1067 1887 1199 1956 quia
1230 1886 1492 1941 Dominus
1506 1887 1656 1940 Jesus
1689 1883 1933 1939 Christus
1955 1884 2015 1938 in
2034 1882 2145 1953 glo-

492 1979 583 2033 ria
619 1984 701 2033 est
726 1977 826 2031 Dei
854 1976 1038 2031 Patris
1069 1974 1294 2046 (Philip.
1331 1991 1390 2042 ιι,
1426 1974 1533 2043 11).

564 2067 695 2123 CAP.
734 2065 824 2121 IX.
865 2065 952 2120 Ad
1020 2068 1366 2135 praesentem
1430 2066 1625 2118 autem
1688 2061 2138 2127 solemnitatem,

493 2156 565 2230 (e)
578 2152 1146 2221 dilectissimi,etiam
1161 2152 1260 2208 illa
1271 2152 1620 2208 nobisestad
1620 2151 1879 2224 jicienda
1890 2149 2137 2213 devotio,

493 2250 560 2302 ut
569 2244 866 2318 jejunium
887 2242 1042 2315 quod
1064 2258 1132 2298 ex
1164 2240 1485 2313 apostolica
1504 2240 1815 2297 traditione
1831 2238 2140 2311 subsequi-

492 2338 592 2390 tur
615 2333 999 2397 celebremus,
1023 2330 1162 2403 quia
1199 2335 1255 2386 et
1283 2330 1395 2386 hoc
1430 2331 1580 2386 inter
1600 2329 1677 2402 (ά)
1713 2346 1927 2401 magna
1955 2325 2141 2383 sancti

493 2423 748 2496 Spiritus
765 2423 919 2478 dona
941 2420 1373 2476 numerandum
1403 2424 1512 2485 est,
1548 2420 1704 2491 quod
1740 2418 1909 2474 nobis
1946 2418 2142 2473 adver-

495 2528 629 2570 sum
651 2510 954 2568 illecebras
975 2507 1170 2566 carnis
1192 2513 1249 2569 et
1270 2506 1515 2563 insidias
1535 2507 1751 2563 diaboli
1776 2506 2136 2579 jejuniorum

495 2607 636 2658 sunt
657 2599 867 2656 collata
887 2597 1177 2670 praesidia,
1195 2597 1412 2669 quibus
1432 2613 1638 2652 omnes
1654 2596 2003 2651 tentationes
2026 2594 2141 2649 Deo

496 2690 810 2760 adjuvante
844 2686 1169 2740 vincamus.
1205 2687 1423 2751 Quarta
1453 2685 1635 2757 igitur
1676 2689 1732 2739 et
1791 2688 1953 2739 sexta
2001 2684 2144 2737 feria

486 2777 829 2850 jejunemus
844 2791 859 2840 ;
873 2774 1114 2830 sabbato
1126 2778 1323 2829 autem
1342 2773 1496 2845 apud
1513 2774 1748 2828 beatum
1763 2773 1994 2827 Petrum
2010 2787 2143 2843 apo-

496 2864 714 2921 stolum
734 2861 961 2935 vigilias
976 2860 1355 2931 celebremus,
1377 2862 1777 2933 patrocinante
1796 2861 2000 2917 eodem
2017 2877 2142 2915 ora-

495 2952 761 3010 tionibus
776 2948 1015 3019 nostris,
1058 2949 1198 3003 utin
1238 2950 1514 3005 omnibus
1549 2949 2007 3005 misericordiam
2039 2947 2140 3003 Dei

497 3042 756 3101 obtinere
775 3054 1122 3104 mereamur,
1148 3055 1249 3110 per
1277 3038 1592 3094 Dominum
1630 3043 1894 3094 nostrum
1936 3038 2139 3095 Jesum

496 3130 794 3188 Christum
815 3129 1103 3183 viventem
1121 3131 1179 3182 et
1197 3132 1536 3199 regnantem
1558 3146 1691 3185 cum
1713 3128 1878 3185 Patre
1914 3132 1973 3183 et
2009 3126 2139 3200 Spi-

497 3222 612 3278 ritu
630 3223 831 3276 sancto
858 3204 921 3272 in
948 3215 1159 3273 saecula
1177 3214 1546 3273 saeculorum.
1562 3219 1765 3275 Amen.

850 3377 1089 3433 SERMO
1131 3376 1377 3433 LXXVII
1405 3378 1511 3450 [AL
1545 3338 1774 3451 lxxv].

1063 3475 1137 3531 De
1158 3476 1569 3532 PentecosteIIl.

494 3596 750 3647 SYNOPSIS.
808 3621 873 3630 —
929 3593 974 3643 1.
1016 3589 1260 3658 Spiritum
1304 3597 1529 3648 sanctum
1601 3607 1699 3644 non
1763 3590 2017 3643 inchoasse
2088 3594 2141 3643 in

557 3661 839 3712 Pentecoste
880 3675 973 3711 suo
1025 3662 1173 3718 dona,
1252 3663 1338 3713 sed
1398 3660 1691 3723 cumulasse,
1767 3673 1879 3709 cum
1937 3659 2142 3710 indivise

564 3728 776 3779 Trinitas
841 3730 1085 3792 operetur.
1132 3753 1202 3764 --—
1248 3730 1386 3778 800
1434 3728 1500 3779 II.
1559 3728 1640 3778 Ex
1690 3730 1889 3791 peccato
1977 3730 2143 3776 ortum

555 3809 674 3855 esse,
723 3800 778 3846 ut
824 3809 944 3860 opus
987 3794 1311 3859 reparationis
1369 3798 1549 3844 nostra
1602 3795 1731 3843 inter
1782 3806 1843 3860 se;
1871 3792 2142 3843 divideth

555 3876 777 3928 personae
811 3858 1109 3921 Trinitatis,-
1156 3865 1204 3911 et
1249 3862 1508 3925 quomodo.
1551 3887 1618 3928 -τ
1661 3861 1759 3928 III.
1800 3858 1928 3928 Eam
1980 3862 2142 3923 parti-

565 3925 747 3979 tionem
810 3929 942 3978 nihil
1004 3928 1281 3991 aqualitati
1321 3932 1368 3979 et
1431 3925 1929 3979 consubstantialitati
1968 3940 2141 3991 perso-

563 4009 741 4046 narum
785 3994 964 4045 obesse.
1018 4022 1083 4031 --
1121 3994 1203 4046 IV.
1252 3993 1386 4046 Nihil
1426 3995 1570 4046 rebus
1603 3995 1779 4045 creatis
1830 3992 1906 4043 vel
1971 3993 2138 4043 visibi-

562 4061 685 4111 libus
712 4062 869 4127 a/ﬁne
922 4060 1239 4125 cogitandum
1267 4060 1327 4111 de
1372 4061 1632 4119 Trimtate,
1671 4074 1781 4124 qua
1822 4063 1925 4110 tota
1970 4074 2142 4123 (equa-

560 4128 621 4178 lis
640 4132 728 4179 est.
746 4126 828 4195 f-
859 4127 913 4181 V.
976 4131 1078 4195 Cur
1132 4127 1392 4195 discipulos
1410 4129 1501 4195 fide
1550 4129 1653 4191 q'us
1694 4126 1973 4179 ascensione
2015 4139 2143 4190 gau-

562 4195 676 4245 dere
725 4193 949 4249 Christus
991 4194 1126 4245 velit.
1170 4193 1258 4231 —'
1277 4193 1357 4247 VI.
1405 4194 1518 4246 Tres
1560 4207 1795 4259 personas
1839 4207 1994 4243 unum
2041 4207 2142 4244 esse

560 4261 754 4325 habere,
779 4275 1028 4327 unumque
1046 4261 1262 4326 operari.

564 4398 699 4456 CAP.
716 4399 757 4455 Ι.
774 4430 841 4440 -
854 4393 2005 4465 Hodiernam,dilectissimi,t'estivitatem
2019 4400 2139 4453 toto

569 4621 646 4693 (a)
675 4621 759 4677 Ex
790 4618 1208 4693 antiquissimo
1241 4616 1369 4673 Vat.
1400 4618 1946 4693 adjecimusvoces,
1991 4619 2141 4693 beato

498 4689 754 4766 apostolo.
788 4689 1022 4766 Dein—ex
1068 4690 1350 4766 eademet
1385 4689 1575 4766 prima
1612 4691 1864 4747 editione
1900 4691 2139 4764 scripsi-

500 4761 633 4820 mus
652 4770 790 4835 erat,
805 4778 927 4835 pro
942 4764 1123 4834 fuerat
1147 4761 1498 4835 clari/lentus.

568 4834 643 4906 (b)
665 4832 962 4892 Editiones
979 4833 1347 4906 anteQuesn.
1368 4849 1502 4906 cum
1521 4850 1667 4906 mss.
1700 4832 1924 4906 collect.
1944 4836 2137 4906 poste-

496 4902 739 4972 riorum,
762 4905 1123 4960 sacratissimi
1146 4904 1303 4958 istius
1312 4905 1444 4974 [esti
1456 4904 1619 4959 diem.
1641 4902 1773 4960 Cod.
1797 4902 2136 4969 Padil'iron.,

495 4978 859 5034 sacratissimi
883 4978 1011 5048 festi
1038 4976 1201 5048 diem.
1229 4973 1396 5048 Dein
1429 4976 1605 5048 verba
1629 4985 1681 5032 et
1735 4984 1883 5031 casta
1938 4976 2140 5033 laetitia

502 5045 915 5129 desiderantur
935 5049 993 5129 ῃ
1016 5045 1429 5129 antiquissimo
1444 5046 1571 5129 Vat.

568 5120 639 5203 (c_)
659 5120 753 5203 ita
769 5136 837 5203 ea
852 5115 1270 5203 antiquissimo
1283 5115 1661 5203 Xatxcaatera:
1678 5117 1967 5203 editiones
1978 5117 2138 5200 igno-

499 5187 651 5257 rant,
674 5187 1040 5260 dilectissimi,
1071 5194 1128 5244 et
1147 5187 1249 5260 pro
1272 5187 1392 5255 illa,
1426 5187 1659 5253 habent,
1700 5189 1819 5260 ista.
1844 5187 2140 5260 Editiones

500 5268 696 5319 autem
719 5259 1029 5329 Quesnello
1050 5259 1369 5315 anteriores
1382 5276 1493 5331 pro
1508 5259 1818 5331 adjicienda
1832 5259 2070 5331 praefero
2080 5263 2143 5312 nt

498 5334 825 5389 assumenda
834 5350 854 5395 ;
881 5338 936 5389 et
955 5349 1108 5399 mox,
1125 5334 1259 5385 ante
1276 5329 1518 5385 verbum
1533 5329 1878 5397 celebremus,
1895 5329 2005 5386 add
2016 5333 2142 5396 unt,

501 5413 695 5460 sancta
723 5405 1086 5460 observantia.
2112 5462 2117 5467 η

572 5475 649 5545 (d)
678 5475 851 5541 Editi,
873 5477 1140 5531 nuwima.
1163 5468 2143 5545 Praetulimuslectionemvetustis-

502 5542 639 5600 simi
672 5546 794 5599 Vat.
820 5564 996 5617 quam
1045 5546 1160 5598 duo
1204 5542 1377 5617 etiam
1422 5542 1799 5617 mss._libri‘a
1833 5542 2141 5617 Quosnello

502 5617 807 5672 memorati
825 5612 1191 5673 conﬁrmant.
1218 5612 1393 5669 Paulo
1417 5619 1548 5685 post
1569 5613 1626 5669 in
1647 5613 1849 5671 eodem
1871 5613 2142 5685 Vat.,pro

502 5687 832 5760 illecebras,“
857 5688 1089 5760 legitur,
1134 5684 1665 5760 concupiscentiam;
1699 5688 1757 5760 et
1794 5684 2142 5751 Quesnellus

504 5758 651 5817 forte
671 5774 740 5816 ex
760 5757 958 5832 aliquo
987 5773 1094 5816 suo
1106 5757 1323 5829 codice,
1340 5758 1821 5830 concupiscentias.

2256 551 2504 607 secravit
2518 550 3005 623 adventus,(e)qui
3020 554 3152 624 post
3168 552 3621 609 resurrectionem
3637 554 3832 611 Domini

2256 640 2746 713 quinquagesimo
2760 639 2850 695 die
2871 639 2928 694 in
2944 639 3235 712 apostolos
3246 639 3619 715 populumque
3632 644 3831 699 creden-

2253 738 2424 801 tium,
2450 738 2602 792 sicut
2623 738 2987 809 sperabatur,
3014 737 3243 793 intluxit
3272 738 3402 809 (Act.
3428 757 3486 806 Il,
3506 740 3572 809 1),
3601 742 3838 812 Speraba-

2254 830 2351 881 tur
2370 826 2734 897 autem.quia
2752 825 2921 881 illum
2942 826 3220 883 Dominus
3238 828 3406 883 Jesus
3423 829 3485 899 (ί)
3499 831 3839 900 spoponderat

2255 916 2574 971 affuturum
2609 916 2756 987 (Luc.
2787 933 2938 983 xxxv,
2972 917 3078 983 49;
3132 917 3241 971 Aet.
3272 933 3329 983 γι,
3378 917 3449 987 4),
3496 934 3603 971 non
3642 922 3701 972 ut
3724 923 3841 972 tunc

2253 1004 2508 1078 primu'n
2541 1021 2669 1060 esse
2686 1009 3024 1061 sanctorum
3055 1004 3347 1060 habitator
3377 1004 3657 1077 inciperet,
3678 1006 3764 1061 sed
3790 1010 3842 1060 ut

2253 1098 2481 1150 sacrata
2502 1093 2612 1149 sibi
2636 1098 2870 1165 pectora
2899 1098 2956 1149 et
2977 1094 3290 1150 ferventius
3322 1094 3667 1161 accenderet,
3692 1099 3742 1150 et
3764 1110 3840 1149 co-

2252 1182 2452 1255 piosus
2482 1184 2556 1253 (g)
2588 1182 2900 1237 inundaret
2931 1200 2944 1249 ;
2974 1182 3287 1238 cumulans
3318 1200 3425 1238 sua
3450 1183 3613 1249 dona,
3645 1198 3744 1237 non
3770 1182 3842 1237 in-

2252 1272 2604 1335 choans,ncc
2634 1271 2762 1326 ideo
2790 1288 2976 1327 novus
3008 1287 3197 1343 opere,
3230 1269 3370 1343 quia
3402 1271 3571 1327 ditior
3598 1270 3844 1344 largitate.

2252 1374 2588 1441 Numquam
2620 1368 2775 1424 enim
2803 1368 2876 1424 ab
2924 1370 3349 1442 omnipotentia
3396 1368 3597 1434 Patris,
3643 1371 3694 1424 et
3728 1368 3848 1434 Filii,

2252 1459 2505 1531 Spiritus
2531 1457 2716 1514 sancti
2746 1464 2833 1514 est
2856 1458 3109 1514 discreta
3132 1460 3409 1530 majestas
3434 1475 3446 1525 ;
3466 1461 3520 1512 et
3536 1456 3788 1529 quidquid
3802 1456 3852 1511 in

2251 1547 2636 1620 dispositione
2667 1547 2930 1602 omnium
2967 1564 3161 1602 rerum
3196 1548 3318 1620 agit
3347 1544 3852 1608 divinamoderatio,

2250 1653 2319 1692 ex
2347 1636 2527 1691 totius
2549 1635 2705 1691 venit
2731 1635 3094 1707 providentia
3116 1634 3576 1691 Trinitatis.Una
3591 1637 3674 1690 est
3691 1633 3761 1689 ibi
3778 1633 3853 1688 be-

2251 1733 2508 1805 nignitas
2553 1733 2987 1799 misericordiae,
3032 1750 3149 1788 una
3175 1749 3428 1789 censura
3454 1731 3724 1803 justitizs;
3767 1745 3852 1786 nec

2174 1839 2221 1904 Β
2251 1822 2467 1893 aliquid
2502 1825 2587 1877 est
2613 1821 2672 1875 in
2705 1821 2930 1878 actione
2978 1822 3258 1891 divisum,
3298 1821 3398 1877 ubi
3423 1820 3565 1875 nihil
3596 1819 3749 1875 estin
3775 1834 3855 1873 vo-

2250 1909 2898 1982 luntatediversum.(h)
2930 1912 3063 1976 Quae
3087 1927 3223 1983 ergo
3256 1908 3558 1965 illuminat
3575 1905 3863 1975 Pater,illu-

2252 1999 2439 2054 minat
2481 1998 2683 2064 Filius,
2716 1998 3012 2054 illuminat
3041 1999 3300 2072 Spiritus
3334 2003 3575 2055 sanctus
3605 2010 3860 2068 ;cumque

2250 2086 2366 2143 alia
2386 2086 2463 2142 sit
2482 2103 2732 2159 persona
2754 2086 3062 2155 missi,alia
3085 2085 3397 2154 mittentis,
3422 2085 3539 2141 alia
3560 2082 3867 2157 promitten-

2248 2176 2345 2243 tis,
2379 2175 2555 2231 simul
2582 2175 2750 2231 nobis
2772 2180 2829 2231 et
2852 2175 3047 2230 unitas
3078 2175 3502 2231 manifestatur
3532 2177 3588 2228 et
3607 2171 3864 2228 Trinitas:

2252 2269 2318 2320 ut
2363 2263 2617 2321 essentia
2664 2264 2889 2320 habens
2930 2262 3354 2336 mqualitatem,
3382 2270 3441 2319 et
3472 2278 3589 2318 non
3617 2259 3871 2332 recipiens

2250 2353 2651 2423 solitudinem,
2682 2357 2739 2408 ct
2757 2352 3022 2424 ejusdem
3047 2352 3485 2420 substantiaa,et
3506 2368 3619 2407 non
3638 2348 3870 2421 ejusdem

2250 2442 2612 2515 intelligatur
2640 2457 2769 2497 esse
2791 2456 3072 2513 personae.

2320 2561 2449 2612 CAP.
2475 2557 2541 2613 II.
2578 2588 2643 2599 -
2674 2556 2834 2624 Quod
2852 2572 2987 2629 ergo
3003 2555 3161 2613 salva
3181 2555 3874 2630 cooperationeinsepars-

2250 2645 2384 2703 bilis
2407 2645 2667 2713 Deitatis,
2696 2646 2963 2717 quaedam
2985 2645 3175 2713 Pater,
3204 2646 3488 2718 quaedam
3514 2644 3715 2713 Filius,
3744 2656 3878 2714 qua:-

2249 2734 2383 2791 dam
2406 2734 2637 2807 proprie
2666 2734 2916 2806 Spiritus
2939 2738 3181 2790 sanctus
3196 2735 3538 2807 exequitur,
3572 2737 3771 2789 nostra
3808 2745 3879 2785 re-

2250 2822 2603 2896 demptionis
2651 2823 2978 2895 dispositio,
3012 2830 3226 2878 nostra;
3270 2823 3493 2879 salutis
3526 2826 3617 2880 est
3648 2820 3802 2877 ratio.
3832 2816 3884 2874 Si

2248 2911 2402 2968 enim
2435 2912 2608 2968 homo
2628 2912 2698 2968 ad
2722 2911 3037 2985 imaginem
3055 2915 3112 2967 et
3123 2911 3592 2968 similitudinem
3606 2912 3703 2968 Dei
3723 2910 3888 2965 factus

2249 3000 2398 3073 (Gen.
2433 3019 2472 3071 ι,
2516 3002 2609 3073 26)
2656 3000 2715 3056 in
2758 3018 2876 3057 suae
2923 3000 3141 3057 honore
3170 3006 3406 3057 natura:
3441 3000 3774 3065 mansisset,
3802 3010 3891 3051 nec

2248 3089 2536 3145 diabolica
2564 3089 2769 3145 fraude
2798 3090 3078 3161 deceptus
3106 3106 3139 3145 a
3169 3088 3301 3162 lege
3333 3090 3455 3147 sibi
3507 3089 3699 3162 posita
3727 3088 3785 3159 (i)
3810 3102 3894 3158 per

2168 3205 2211 3271 ρ
2251 3176 2787 3250 concupiscentiam
2810 3176 3114 3233 deviasset.
3149 3181 3396 3234 Creator
3430 3177 3896 3233 mundioreatura

2252 3291 2365 3331 non
2395 3275 2556 3330 ﬁeret
2584 3292 2596 3331 :
2621 3290 2809 3347 neque
2830 3278 2934 3330 aut
2953 3273 3357 3347 sempiternus
3389 3279 3486 3333 8|
3502 3278 3555 3333 0
3586 3270 3898 3347 temporali-

2249 3368 2427 3420 tatem
2478 3363 2720 3431 subiret,
2768 3366 2871 3419 aut
2898 3362 3141 3435 aqualis
3171 3367 3283 3420 Deo
3333 3364 3502 3421 Patri
3543 3363 3720 3420 Filius
3766 3360 3898 3416 Deus

2248 3462 2496 3517 formam
2516 3460 2664 3517 servi
2698 3464 2755 3516 et
2785 3459 3231 3516 similitudinem
3256 3462 3471 3518 carnis
3496 3460 3723 3535 peccati
3754 3474 3902 3515 assu-

2249 3552 2523 3621 meret.(j)
2550 3549 2660 3605 Sed
2675 3548 2813 3622 quia
2825 3550 3037 3605 invidia
3058 3550 3267 3605 diaboli
3292 3568 3454 3607 mors
3478 3552 3737 3608 introivit
3756 3550 3809 3603 in
3826 3561 3903 3601 or-

2250 3640 2367 3695 bem
2391 3642 2668 3695 terrarum
2699 3638 2849 3711 (Sap.
2885 3656 2944 3707 11,
2978 3639 3094 3710 24),
3124 3642 3183 3694 et
3211 3638 3395 3695 aliter
3428 3640 3583 3697 solvi
3617 3637 3911 3712 captivitas

2250 3728 2509 3783 humana
2541 3744 2655 3783 non
2679 3727 2887 3800 potuit,
2922 3727 3033 3782 nisi
3052 3743 3295 3783 causam
3322 3728 3693 3801 nostram(k)
3715 3725 3810 3782 ille
3826 3740 3909 3779 su-

2249 3816 2519 3888 sciperet,
2555 3816 2656 3888 qui
2688 3815 2815 3871 sine
2846 3815 3176 3887 majestatis
3207 3833 3334 3871 sua:
3389 3819 3628 3874 damno
3659 3821 3716 3873 et
3764 3828 3917 3870 verus

2249 3913 2425 3969 homo
2437 3914 2684 3980 fieret,et
2702 3912 2864 3969 solus
2887 3913 3103 3985 peccati
3130 3914 3493 3988 contagium
3517 3932 3641 3972 non
3662 3913 3915 3975 haberet;

2248 4010 2447 4067 divisit
2475 4009 2584 4067 sibi
2644 4027 2794 4083 opus
2826 4015 3035 4067 nostra:
3078 4013 3490 4084 reparationis
3518 4008 3920 4071 misericordia

2249 4108 2551 4165 Trinitatis
2569 4126 2582 4177 ;
2606 4112 2672 4163 ut
2690 4107 2860 4164 Pater
2874 4108 3316 4180 propitiaretur,
3335 4109 3540 4167 Filius
3561 4108 3919 4183 propitiaret,

2247 4204 2502 4278 Spiritus
2533 4207 2776 4260 sanctus
2810 4202 3040 4277 igniret.
3084 4204 3420 4277 Oportebat
3452 4207 3630 4263 enim
3662 4210 3734 4263 ut
3760 4203 3923 4261 etiam

2249 4301 2512 4359 salvandi
2542 4301 2767 4373 aliquid
2792 4318 2894 4374 pro
2913 4318 2976 4359 se
2995 4306 3253 4376 agerent,
3281 4308 3345 4360 et
3367 4304 3698 4361 conversis
3726 4302 3800 4358 ad
3829 4300 3925 4355 Re-

2247 4400 2609 4472 demptorem
2635 4397 2931 4465 cordibus,
2964 4400 3028 4471 (l)
3060 4400 3131 4456 ab
3156 4399 3389 4456 inimici
3409 4400 3842 4459 dominatione
3857 4395 3932 4452 di-

2321 4624 2391 4695 (e)
2424 4623 2483 4679 In
2501 4621 2919 4700 antiquissimo
2950 4622 3078 4700 Vat.
3103 4622 3280 4700 3835,
3301 4626 3414 4695 qui
3419 4634 3562 4700 post
3588 4622 3938 4700 resurrectio-

2246 4692 2381 4769 nem
2401 4710 2559 4749 suam
2606 4692 2869 4769 Dominus
2917 4692 3374 4769 quinquagesimo
3419 4692 3534 4754 die
3578 4698 3645 4769 in
3675 4692 3937 4769 apostolos

2240 4766 2564 4839 plebemque
2582 4763 2938 4839 credentium;
2970 4763 3110 4821 sicut
3130 4763 3501 4839 sperabatur,
3538 4763 3808 4839 inﬂuiit.

2280 4905 2292 4917 _
2315 4836 2384 4908 (Γ)
2415 4834 2568 4891 Editi
2581 4838 2714 4917 ante
2728 4837 2939 4917 Queen.
2964 4852 3098 4892 cum
3123 4834 3264 4892 mss.
3282 4834 3746 4896 collec’tionum
3767 4839 3946 4911 poste-

2246 4914 2490 4970 riorum,
2514 4914 2859 4976 promiserat.

2340 4979 2395 5052 g)
2427 4977 2623 5052 Prima
2652 4976 2829 5052 editio
2850 4981 2907 5032 et
2936 4977 3062 5052 cod.
3080 4978 3245 5052 Bon.,
3264 4984 3600 5052 corrupte,
3622 4979 3942 5037 mandaret.

2342 5047 2644 5125 h)_Eadem
2674 5048 2854 5125 _ed_i_tio
2872 5052 2928 5104 et
2947 5047 3103 5104 idem
3120 5049 3319 5125 cedes,
3344 5047 3545 5125 Quem
3567 5047 3733 5125 ergo.

2405 5119 2565 5202 Unus
2587 5118 2895 5200 cod..Vat._,
2920 5128 3037 5190 post
3056 5121 3574 5191 concupiscentias.

2337 5209 2363 5261 λ
2421 5191 2559 5259 Quia
2581 5206 2703 5245 vero
2726 5206 2783 5244 in
2806 5191 2996 5246 tribus
3010 5191 3225 5247 nostris
3244 5206 3394 5246 mss.
3420 5198 3489 5248 et
3514 5212 3574 5261 pl

2337 5189 2390 5267 λ)
2421 5191 2559 5259 Quia
2581 5206 2703 5245 vero
2726 5189 2783 5244 in
2799 5189 3489 5267 tribusnostris'ms‘s._et
3514 5195 3738 5267 prima
3752 5190 3952 5249 editio-

2250 5261 2359 5333 ne,
2377 5261 2435 5333 in
2460 5278 2577 5333 qua
2605 5277 2760 5333 mox,
2786 5262 3016 5333 intravit
3043 5278 3146 5333 pro
3169 5263 3361 5333 introii
3382 5264 3453 5318 it.

2320 5332 2395 5404 (Ic)
2406 5331 2497 5404 ita
2509 5331 2718 5404 melius
2736 5348 2804 5387 ex
2818 5331 3231 5404 antiquissimo
3244 5332 3371 5388 Vat.
3397 5340 3467 5391 et
3485 5334 3758 5393 duobus
3772 5349 3962 5392 exem-

2251 5401 2515 5475 plaribus
2543 5403 2753 5475 Veron.

2322 5474 2383 5545 (l)
2418 5474 2611 5545 Prima
2630 5473 2810 5528 editio
2832 5477 2889 5528 et
2907 5472 3032 5529 cod.
3058 5472 3222 5540 Bon.,
3245 5474 3312 5530 ab
3338 5475 3551 5532 nimia
3584 5477 3965 5534 damnatione

2248 5544 2603 5601 discederent.
2634 5545 2857 5600 Caetera:
2889 5544 3173 5600 editiones
3195 5551 3327 5600 ante
3348 5545 3607 5610 Quesn.
3648 5555 3726 5605 ut
3758 5549 3825 5605 in
3850 5553 3969 5604 tex-

2252 5617 2453 5689 tu,hac
2485 5633 2600 5689 una
2629 5614 2975 5689 exceptione,
2995 5617 3152 5688 quod
3202 5616 3550 5689 praeierunt
3583 5619 3974 5676 desciscerent

2249 5686 2748 5760 prodiscederentu
2769 5684 2980 5743 Nostri
3008 5684 3477 5745 tamen‘codices
3503 5690 3606 5745 uti
3641 5707 3800 5750 cum
3827 5692 3976 5759 Que-

2252 5757 2435 5816 snello
2466 5758 2779 5816 edidimus.
