4096 6164
534 255 654 330 Ius

1653 266 1718 326 S.
1766 254 2044 327 LEONIS
2090 256 2340 324 MAGNI
2377 260 2828 329 SERMONES.

3756 273 3850 339 420

535 402 672 459 etde
693 399 877 457 sancti
894 398 1144 472 Spiritus
1164 398 1397 470 prodire
1412 399 1829 470 doctrina;qni
1855 415 2008 452 nunc
2025 398 2172 452 317
2211 399 2261 462 Α
2293 398 2476 453 (linem
2505 400 2790 470 plebisuw
2822 402 2932 472 (Ps.
2961 417 3127 467 LXYII,
3160 402 3281 473 36);
3313 406 3364 457 et
3384 403 3574 481 iterum
3607 422 3618 459 :
3647 407 3847 477 Domine,

535 505 765 563 quoque
781 486 1053 544 cordibus
1069 485 1329 542 ﬁdelium
1352 486 1477 542 suis
1498 484 2184 559 pmsidetinstitutis,ut
2291 487 2350 540 in
2397 488 2605 543 lumine
2652 489 2831 543 vultus
2863 490 2948 544 tui
2973 490 3346 558 ambulabunt,
3376 493 3501 546 etin
3551 486 3742 550 nomine
3778 500 3851 553 tuo

532 594 600 633 ea
621 592 825 632 omnes
847 578 903 631 et
923 575 1261 631 obedienter
1280 573 1616 631 custodiant
1635 578 1691 631 et
1704 575 1996 647 sapienter
2017 573 2180 629 intel-

529 665 732 738 ligant.
752 664 900 720 Nam
922 680 1055 719 cum
1087 664 1147 719 in
1176 664 1267 718 die
1299 664 1931 736 Pentecostes,querma
1954 663 2180 719 Pascha

529 753 759 809 Domini
791 753 1350 826 quinquagesimum
1377 752 1766 823 Celebramus,
1788 752 2118 826 promissus
2145 768 2179 807 a

527 841 773 898 Domino
795 841 1047 915 Spiritus
1070 847 1311 898 sanctus
1334 842 1762 915 expectantium
1797 846 2022 898 mentes
2053 858 2176 896 ma-

518 931 649 1003 jore
679 947 858 1004 quam
889 947 1152 1002 unquam
1172 931 1338 1004 copia
1366 937 1425 987 et
1454 931 1695 988 clariore
1724 931 2035 1004 praesentia
2058 947 2176 986 suae

526 1020 858 1092 majestatis
906 1018 1253 1092 impleverit,
1288 1020 1772 1077 manifestissime
1812 1022 1970 1091 patet
2028 1019 2178 1074 inter

526 1114 739 1164 cetera
751 1108 847 1163 Dei
865 1109 1488 1179 munera,jejuniorum
1513 1125 1744 1181 quoque
1764 1107 2034 1181 gratiam,
2049 1124 2176 1179 quae

526 1196 870 1253 hodiernam
903 1197 1277 1253 festivitatem
1312 1197 1564 1254 indivisa
1596 1196 2000 1269 subsequitur,
2036 1200 2177 1251 tunc

531 1285 715 1343 fuisse
738 1286 1012 1342 donatam
1038 1303 1050 1341 :
1070 1290 1133 1341 ut
1154 1287 1308 1342 sicut
1332 1286 1925 1359 fuitconcupiscentia
1941 1285 2174 1340 initium

524 1380 922 1448 peccatorum,
954 1375 1034 1431 ita
1065 1375 1142 1432 sit
1171 1376 1531 1432 continentia
1563 1376 1724 1448 origo
1752 1375 2055 1430 virtutum.

593 1467 725 1519 CAP.
752 1463 822 1519 lI.
848 1497 917 1504 —
969 1466 1029 1520 ln
1063 1464 1382 1521 exercendo
1415 1467 1610 1521 autem
1644 1465 1751 1520 hoc
1784 1462 1883 1520 Dei
1911 1480 2171 1532 munere,

523 1567 641 1608 non
668 1550 796 1608 ideo
819 1552 1117 1626 segniores
1149 1569 1277 1609 esse
1298 1553 1602 1621 debemus,
1637 1552 1775 1625 quia
1804 1557 1860 1607 et
1903 1551 2085 1607 Judaei
2118 1556 2175 1608 et

2290 577 2642 633 exsultabant
2671 580 2781 633 tota
2809 578 2918 645 die,
2940 581 2991 633 et
3019 579 3077 632 in
3100 580 3320 650 justitia
3375 587 3461 635 tua
3502 581 3851 653 exaltabwitur,

2287 667 2550 737 quoniam
2565 667 2745 737 gloria
2764 668 2980 723 virtutis
2998 683 3185 723 eorum
3216 684 3268 723 es
3294 676 3348 722 tu
3375 668 3477 739 (Ps.
3509 686 3744 737 Lxxxvm,
3764 672 3851 741 l7).

2360 754 2489 809 Csp.
2526 753 2615 810 IV.
2645 786 2715 795 --
2744 755 2815 809 Et
2840 754 2991 823 ideo,
3026 754 3405 824 dilectissimi,
3436 756 3724 812 secundum
3749 775 3854 813 eru-

2287 842 2567 898 ditionem
2588 842 2844 915 Spiritus
2865 843 3075 911 sancti,
3092 861 3195 916 per
3213 860 3382 916 quem
3402 843 3645 900 Ecclesiae
3665 845 3855 902 Deiom-

2288 931 2454 986 nium
2467 931 2747 987 virtutum
2769 931 2980 987 collata
3000 937 3138 989 sunt
3157 934 3327 1001 dona,
3342 931 3854 1005 suscipiamusalacri

2287 1018 2403 1074 ﬁde
2432 1019 2693 1075 solemne
2716 1020 3242 1093 jejunium(d)etin
3271 1021 3569 1087 mandatis,
3594 1036 3704 1093 qua:
3727 1027 3855 1094 pote-

2287 1107 2474 1163 rimus
2492 1108 2738 1176 efficere,
2756 1109 3159 1165 contineamus
3182 1126 3286 1164 nos
3304 1101 3373 1164 ab
3394 1108 3858 1181 inﬂationejactan-

2285 1196 2399 1262 tiae,
2424 1197 2496 1252 ad
2524 1197 2616 1252 Dei
2645 1196 2892 1271 gloriam
2925 1203 3133 1253 cuncta
3162 1198 3487 1266 referentes,
3518 1198 3607 1269 qui
3635 1203 3686 1253 et
3712 1198 3854 1253 bona-

2288 1302 2420 1340 rum
2470 1290 2558 1341 est
2617 1286 2933 1359 inspirator
2988 1286 3376 1353 voluntatum,
3405 1290 3460 1342 et
3505 1286 3757 1342 bonarum
3790 1290 3858 1343 est

2284 1378 2487 1430 auctor
2510 1374 2828 1444 actionum,
2852 1374 3077 1432 dicente
3099 1375 3378 1432 Domino:
3406 1376 3495 1431 Sic
3515 1375 3673 1431 luceat
3709 1374 3855 1431 lumen

2284 1466 2521 1518 vestrum
2532 1479 2716 1520 coram
2737 1463 3073 1532 hominibus,
3090 1468 3149 1520 ut
3162 1466 3385 1521 videant
3403 1479 3558 1536 opera
3568 1471 3718 1519 vestra
3730 1464 3852 1531 bona,

2283 1556 2334 1608 et
2354 1554 2707 1624 magni/iacnt
2726 1558 2945 1610 Patrem
2966 1557 3221 1621 vestrum,
3236 1555 3332 1625 qui
3350 1554 3409 1608 in
3428 1553 3569 1608 stetis
3593 1560 3662 1608 est
3687 1551 3852 1622 (Matth.

522 1640 776 1696 haeretici
808 1658 960 1713 saepe
1000 1642 1072 1697 ab
1104 1641 1312 1697 edendi
1347 1640 1616 1696 libertate
1658 1658 1721 1697 se
1768 1640 2085 1705 continent,
2118 1644 2175 1697 et
2281 1657 2339 1703 ν,
2372 1641 2494 1713 16):
2522 1642 2620 1714 qui
2646 1641 2783 1696 vivit
2814 1646 2871 1697 et
2902 1646 3107 1716 regnat
3139 1642 3209 1714 (ε)
3232 1658 3335 1715 per
3362 1639 3551 1698 omnia
3577 1640 3763 1696 alecula
3777 1656 3855 1696 se-

523 1730 679 1802 apud
709 1728 869 1801 ipsos
891 1746 1151 1802 paganos
1183 1732 1326 1828 sunt
1355 1730 1622 1807 quaedam
1651 1728 2166 1831 (a)vana‘jejunia.
2202 1766 2248 1831 Β
2283 1729 2571 1785 culorum.
2598 1731 2800 1785 Amen.

520 1818 690 1873 Aliud
723 1818 879 1874 enim
903 1818 1023 1890 agit
1044 1818 1153 1873 sub
1170 1817 1409 1873 veritate
1436 1818 1602 1887 ratio,
1619 1817 1776 1875 aliud
1790 1818 1899 1874 sub
1923 1817 2172 1874 falsitate

521 1905 804 1977 deceptio.
837 1906 1007 1977 Apud
1039 1923 1145 1960 nos
1174 1906 1317 1961 fides
1348 1905 1672 1961 sanctificat
1701 1905 1876 1961 etiam
1922 1906 2169 1960 mandu-

524 1998 778 2060 cantem;
803 1994 957 2065 apud
975 1993 1103 2049 illos
1125 1994 1198 2066 (ὁ)
1223 1992 1538 2049 infidelitas
1562 1993 2166 2066 polluitjejunantcm.

522 2080 686 2137 Unde
708 2082 848 2153 quia
863 2088 1026 2136 extra
1062 2082 1374 2137 Ecclesiam
1409 2083 1755 2138 catholicam
1789 2082 1933 2137 nihil
1962 2089 2050 2137 est
2082 2084 2166 2137 in-

522 2172 772 2242 tegrum,
803 2170 950 2225 nihil
971 2176 1220 2237 castum,
1244 2172 1471 2226 dicente
1492 2171 1767 2244 Apostolo
1794 2190 1806 2226 ε
1842 2172 2007 2228 Omne
2026 2172 2166 2244 quod

516 2273 630 2312 non
679 2261 757 2314 est
812 2274 884 2313 ea:
935 2258 1058 2329 ﬁde,
1092 2268 1366 2330 peccatum
1397 2264 1473 2315 est
1505 2260 1678 2332 (Rom.
1711 2277 1829 2326 xxv,
1858 2261 1948 2332 23)
1983 2278 1995 2316 :
2030 2278 2164 2317 cum

502 2346 722 2402 divisis
752 2346 822 2401 ab
838 2347 1059 2407 unitate
1082 2348 1340 2420 corporis
1361 2348 1573 2405 Christi
1597 2348 1760 2405 nulla
1776 2348 2163 2406 similitudine

516 2451 948 2507 comparamur,
973 2433 1136 2492 nulla
1165 2437 1578 2493 communione
1608 2438 1927 2494 miscemur
1956 2455 1968 2493 :
2004 2438 2160 2511 quod

516 2524 719 2595 utique
737 2524 906 2579 nobis
923 2523 1379 2581 saluberrimum
1412 2527 2159 2599 maximumquejejunium

514 2616 621 2667 est.
643 2610 726 2667 Ad
749 2613 1019 2669 virtut-em
1058 2615 1214 2670 enim
1247 2615 1617 2670 continentiae
1649 2615 1796 2670 nihil
1830 2616 1993 2687 prius
2023 2632 2156 2688 per-

513 2700 661 2755 tinet
681 2717 855 2773 quam
875 2703 947 2756 ab
969 2702 1265 2758 erroribus
1288 2704 1601 2767 abstinere,
1617 2704 1905 2775 quiatunc
1918 2705 2155 2759 demum

512 2790 660 2845 bene
689 2789 1045 2857 ambulatur,
1078 2808 1208 2846 cum
1243 2809 1345 2863 per
1374 2792 1525 2847 viam
1555 2792 1815 2847 veritatis
1847 2792 2152 2847 inceditur.

511 2879 655 2934 Nam
676 2879 815 2951 quia
844 2884 1097 2952 angusta
1125 2886 1180 2935 et
1205 2881 1387 2934 ardua
1409 2879 2076 2953 declinantes,proclivia
2098 2887 2156 2937 et

508 2966 628 3023 lata
647 2968 945 3033 sectando,
963 2967 1075 3023 cito
1097 2968 1155 3023 in
1181 2968 1566 3040 perditionem
1590 2969 2154 3036 deveniunt,MsL10R

509 3059 598 3110 est
630 3056 846 3128 gradus
878 3054 1089 3111 lentior
1118 3073 1221 3128 per
1250 3056 1360 3113 iter
1389 3062 1632 3125 rectum,
1657 3074 1836 3130 quam
1875 3058 2151 3115 velocitas

506 3142 720 3199 festina
748 3160 852 3216 per
880 3144 1137 3199 devium.

577 3232 706 3288 ΟΑΡ.
728 3233 825 3288 III.
845 3265 913 3274 —
940 3234 1231 3305 Agnoscat
1265 3249 1399 3306 ergo
1432 3233 1754 3290 catholicus
1784 3234 2153 3292 Christianus

507 3319 577 3391 (ε)
593 3319 1032 3391 fructusjejunii
1049 3322 1160 3386 sui,
1185 3322 1339 3392 quod
1361 3320 1533 3375 etiam
1558 3320 1711 3377 inter
1727 3322 2015 3378 maximas
2038 3322 2152 3378 lar-

496 3392 715 3481 ‘gitates
733 3407 1171 3465 sterilissimum
1194 3409 1323 3474 erit,
1340 3408 1456 3466 nisi
1480 3410 1552 3465 de
1572 3410 1757 3466 sancti
1790 3411 2044 3482 Spiritus
2075 3412 2151 3467 ri-
2170 3424 2175 3431 ‘

505 3496 737 3569 gatione
757 3496 1271 3568 processerit.Cum
1287 3497 1441 3553 enim
1461 3497 1617 3553 dicat
1635 3497 1944 3571 Apostolus
1962 3499 2152 3556 nullas

503 3585 619 3641 sibi
636 3585 881 3642 virtutes
928 3586 1056 3643 sine
1084 3586 1365 3643 charitate
1388 3586 1664 3658 prodesse
1687 3588 1735 3659 (Ι
1763 3586 1882 3642 Cor.
1918 3605 2038 3653 xm,
2072 3588 2150 3659 1),

503 3673 777 3746 idemque
800 3674 957 3730 dicat
975 3675 1319 3731 charitath
1344 3676 1438 3730 Dei
1471 3675 1748 3730 diffusam
1782 3692 1910 3732 esse
1943 3676 1999 3732 in
2033 3694 2152 3732 cor-

502 3761 678 3817 dibus
711 3762 928 3818 nostris
961 3779 1064 3834 per
1091 3761 1375 3834 Spiritum
1408 3767 1678 3819 sanctum
1709 3763 1810 3834 qui
1856 3765 2032 3821 datus
2061 3770 2150 3822 est

501 3849 673 3906 nobis
702 3850 877 3921 (Rom.
908 3866 963 3914 ν,
993 3850 1050 3920 5)
1085 3867 1098 3905 :
1132 3850 1454 3905 cavendum
1487 3854 1576 3905 est
1607 3867 1679 3905 ne
1708 3850 1862 3906 bona
1893 3869 2019 3925 quae
2072 3853 2148 3909 fa-

501 3953 630 3992 cere
644 3936 771 3992 sine
784 3936 1040 3993 bonitate
1057 3954 1171 3992 non
1185 3953 1525 4010 possumus,
1538 3936 1785 3994 elatione
1811 3941 2147 4012 perdamus.

501 4024 633 4080 ΝΛΜ
674 4041 811 4079 omn:
868 4040 931 4080 se
982 4025 1188 4081 merito
1247 4024 1418 4081 laude
1446 4025 1721 4098 dispoliat
1752 4028 1851 4099 qui
1893 4030 2047 4086 318
2076 4032 2147 4087 de

502 4112 718 4168 studiis
757 4112 1059 4170 industriae
1086 4131 1206 4170 suae
1228 4113 1286 4170 in
1309 4132 1373 4171 se
1395 4114 1584 4188 magis
1602 4132 1779 4186 quam
1811 4116 1871 4173 in
1902 4117 2147 4176 Domino

499 4199 848 4275 gloriatur(l
875 4201 993 4256 Cor.
1030 4220 1068 4269 1,
1092 4204 1156 4258 3t
1187 4221 1200 4271 ;
1237 4203 1284 4259 ll
1317 4204 1438 4260 Cor.
1470 4221 1524 4271 x,
1561 4204 1666 4273 17;
1699 4209 1844 4261 Jer..
1880 4223 1955 4272 1x,
2002 4209 2093 4279 23)
2129 4225 2142 4264 :

501 4306 635 4345 cum
691 4289 898 4345 beatus
950 4290 1130 4346 David
1189 4292 1391 4348 doceat
1419 4293 1478 4348 in
1508 4298 1841 4350 sanctorum
1872 4296 2145 4367 operibus

499 4379 683 4435 Deum
714 4395 843 4434 esse
893 4378 1279 4445 laudandum,
1310 4381 1510 4437 dicens
1544 4399 1557 4437 :
1591 4384 1859 4439 Mirabilis
1895 4386 2035 4441 Deus
2082 4388 2144 4442 in

2608 1862 2846 1918 SERMO
2888 1862 3078 1918 LXXX
3119 1864 3225 1935 [Αἰ.
3261 1861 3572 1933 LXXVIII].

2633 1954 2705 2022 (f)
2737 1953 2808 2006 De
2833 1953 3048 2023 Jejunio
3080 1954 3412 2008 Pentecostes
3443 1953 3527 2007 Ill.

2275 2044 2567 2095 SYNOPSIS.
2596 2071 2661 2079 —-
2686 2043 2763 2095 lla
2783 2041 3152 2112 jejunamlum
3166 2058 3300 2107 esse,
3322 2044 3382 2095 ut
3411 2038 3545 2110 quod
3569 2036 3855 2112 subtrahitur

2345 2115 2566 2237 militiis,
2622 2110 2970 2183 impendatur
3010 2114 3289 2180 charitati,
3338 2128 3454 2184 qua:
3500 2110 3697 2182 jejunio
3741 2121 3852 2179 prae-

2343 2200 2401 2239 ce
2450 2201 2467 2238 l
2498 2225 2509 2237 .

2342 2311 2684 2363 Sanctarum
2708 2305 3167 2373 solemnitatum,
3192 2304 3573 2373 dilectissimi,
3597 2302 3773 2360 ordine
3789 2316 3858 2355 ce-

2269 2395 2490 2452 lebrato
2537 2401 2597 2452 et
2653 2395 2939 2468 spiritalis
2998 2394 3208 2451 laetitia:
3270 2395 3562 2452 devotione
3598 2388 3855 2462 completa,

2269 2491 2493 2557 oportet
2522 2501 2628 2540 nos
2659 2486 2729 2540 ad
2778 2483 3181 2540 salubritatem
3243 2500 3537 2540 recurrere
3585 2477 3854 2554 parcitatis,

2271 2573 2922 2644 remediumquejejunii
2946 2577 3003 2628 et
3016 2574 3356 2629 exercendis
3368 2572 3648 2629 mentibus
3662 2563 3855 2643 etcasti-

2266 2661 2474 2733 gandis
2498 2661 2774 2716 adhibere
2804 2662 3147 2734 corporibus
3181 2678 3192 2716 :
3230 2667 3296 2716 ut
3347 2661 3484 2735 quia
3513 2675 3613 2714 nos
3655 2656 3778 2712 satis
3802 2652 3855 2706 de

2269 2756 2374 2805 hoc
2403 2756 2459 2805 et
2488 2750 2681 2805 divina
2712 2749 2933 2803 monita
2958 2754 3016 2804 et
3037 2750 3275 2820 prOpria
3295 2749 3673 2821 experimenta
3691 2744 3855 2798 docue-

2264 2843 2423 2906 runt,
2439 2839 2693 2910 primum
2711 2855 2813 2909 per
2831 2838 3370 2893 sacratissimorum
3387 2836 3605 2892 dierum
3620 2835 3687 2905 (g)
3700 2845 3854 2886 recur-

2261 2943 2393 2981 sum
2419 2927 2626 2982 divinae
2658 2927 2857 2999 pietati
2886 2926 3106 2998 gratias
3139 2928 3485 2992 referamus,
3516 2930 3633 2979 tum
3664 2923 3853 2977 sanctas

2260 3015 2628 3071 continentiae
2653 3015 2888 3071 delicias
2906 3020 3261 3087 appetentes,
3289 3012 3702 3087 aliquantulum
3720 3005 3856 3062 nobis

2183 3132 2224 3199 α
2264 3104 2334 3158 de
2356 3107 2716 3160 terrenornm
2746 3103 3010 3158 ciborum
3043 3102 3410 3158 abundantia
3442 3099 3853 3195 subtrahamus:

2264 3194 2414 3248 819
2436 3192 2511 3263 (h)
2543 3193 2625 3246 ita
2661 3196 2727 3247 ut
2762 3192 3025 3263 proﬁciat
3056 3191 3446 3265 eleemosynis
3468 3189 3615 3263 quod
3646 3202 3746 3242 non
3770 3182 3856 3237 im-

2261 3281 2538 3352 penditur
2569 3280 2989 3336 mensis.’l‘unc
3012 3279 3168 3335 enim
3192 3281 3436 3336 demum
3466 3280 3535 3334 ad
3567 3276 3753 3333 animis
3779 3286 3856 3326 cu-

2262 3370 2543 3425 rationem
2570 3369 2795 3441 proticit
2818 3368 3108 3424 medicina
3132 3369 3374 3441 jejunii,
3397 3384 3529 3425 cum
3555 3357 3858 3422 abstinentia

2250 3458 2581 3529 jejunantis
2603 3457 2856 3514 esuriem
2881 3456 3064 3513 reﬁcit
3088 3457 3431 3530 indigentis.
3465 3456 3608 3521 Quia
3634 3465 3753 3524 ergo
3778 3444 3860 3502 sci-

2261 3564 2395 3602 mus
2419 3547 2572 3618 apud
2623 3545 3061 3602 misericordem
3093 3546 3272 3602 Deum
3303 3544 3547 3618 jejuniis
3582 3536 3858 3615 prlecellere

2258 3634 2637 3709 eleemosynae
2673 3634 3026 3707 largitatem,
3048 3635 3278 3690 dicente
3309 3636 3438 3708 ipso
3476 3631 3703 3690 Domino
3724 3644 3735 3683 :
3756 3627 3859 3680 Data

2257 3726 2673 3796 eleemosynam,
2688 3732 2738 3779 et
2757 3724 2941 3779 omnia
2963 3723 3170 3779 munda
3195 3729 3327 3779 sunt
3355 3722 3658 3788 vobis(Luc.
3680 3734 3748 3780 xu,
3768 3711 3854 3781 ll):

2258 3813 2308 3869 si
2341 3812 2568 3869 animas
2601 3817 2831 3869 nostras
2861 3829 2895 3866 a
2926 3816 3299 3884 peccatorum
3337 3812 3606 3869 sordibus
3630 3803 3858 3877 cupimus

2258 3901 2583 3971 cmundari,
2608 3901 3038 3974 eleemosynam
3073 3903 3433 3973 pauperibus
3465 3917 3577 3956 non
3600 3904 3855 3967 negemus,

2258 3995 2322 4046 ut
2352 3991 2410 4046 in
2442 3991 2534 4046 die
2564 3989 2966 4046 retributionis
2984 3989 3056 4045 ad
3083 3991 3532 4062 promerendam
3560 3985 3649 4043 Dei
3675 3974 3859 4038 miseri-

2257 4080 2536 4147 cordiam,
2569 4077 2984 4134 misericordiae
3044 4079 3323 4149 operibus
3385 4080 3735 4150 adjuvemur,
3778 4080 3859 4140 per

2255 4168 2557 4225 Christum
2589 4167 2904 4223 Dominum
2936 4171 3224 4223 nostrum.
3257 4169 3465 4224 Amen.

2607 4283 2853 4338 SERMO
2895 4282 3118 4338 LXXXI
3157 4284 3261 4355 [Αἱ.
3298 4282 3551 4352 LXXIX].

2660 4377 2740 4428 De
2765 4373 2980 4444 Jejunio
3002 4374 3337 4428 Pentecostes
3364 4373 3451 4428 IV.

497 4469 700 4523 sanctis
728 4470 865 4539 suis,
885 4469 1024 4525 Deus
1047 4470 1214 4525 Israel
1237 4471 1350 4542 ipse
1377 4470 1531 4526 dabit
1556 4473 1812 4528 virtutem
1841 4476 1890 4529 et
1918 4475 2138 4544 fortitu-
2170 4497 2217 4562 Β
2248 4475 3621 4549 Sruorsis.—I.Peccaticausamfuissegulam,ideo
3632 4467 3861 4527 abstinen'

570 4609 645 4681 (a)
668 4608 862 4664 Prima
881 4610 1058 4665 editio
1079 4614 1137 4667 et
1167 4612 1295 4667 cod.
1320 4612 1483 4668 Bon..
1507 4630 1660 4670 nove.
1687 4615 1857 4671 male.
1887 4617 2145 4673 Indican-

497 4683 596 4734 tur
623 4685 815 4761 autem
830 4681 1058 4761 jejunis
1072 4699 1104 4761 a_
1123 4684 1369 4761 paganis
1392 4686 1542 4761 facta
1557 4685 1629 4761 ob
1646 4703 1857 4761 vanam
1871 4686 2140 4760 gloriam,

499 4767 626 4876 (llus:
657 4750 874 4806 idcirco
892 4750 1001 4807 sub
1025 4750 1271 4823 falsitate
1299 4754 1602 4827 deceptioni
1620 4750 2141 4829 moxdeputantur,

528 4826 586 4876 ta
627 4820 804 4876 etiam
836 4821 1262 4876 Pharisaeorum
1296 4827 1531 4876 ieiunia.
1579 4844 1707 4876 (mm
1738 4830 1950 4876 Anntnr
1969 4847 2141 4876 mpm-

627 4830 804 4898 etiam
836 4830 1262 4898 Pharisaeorum
1286 4830 1531 4897 jejunis,
1551 4897 1556 4898 ί
1579 4844 1707 4898 qua:
1737 4830 1950 4885 Auctor
1969 4847 2141 4886 serm.

495 4892 585 4961 89,
620 4908 746 4968 cap.
783 4893 837 4956 1,
867 4896 1039 4968 otiosa
1066 4892 1397 4968 appellavit,
1432 4898 1502 4952 ad
1548 4892 1867 4954 humanam
1910 4900 2142 4956 laudem

496 4963 847 5036 captandam
893 4965 1076 5021 relata
1103 4963 1543 5023 commemorat
1595 4985 1773 5024 serm.
1806 4971 1896 5036 92,
1925 4988 2052 5044 cap.
2085 4978 2140 5042 2,

498 5034 630 5090 Mox
651 5040 772 5090 tres
799 5036 981 5091 nostri
1009 5038 1256 5096 codices.
1296 5038 1466 5094 Aliud
1496 5048 1680 5095 autem
1706 5044 1842 5096 aait.

498 5058 630 5090 mox
655 5058 772 5090 tres
799 5058 981 5091 HOSLI'I
1009 5058 1256 5102 conices,
1296 5058 1463 5094 ,ιιιιιια
1496 5058 1680 5095 autem
1706 5058 1842 5110 agit.

496 5180 519 5231 ί
567 5106 861 5231 (ἕέιίἐῐιιλυε
890 5106 1000 5164 1οοὶ
1032 5109 1324 5164 sententia
1351 5110 1410 5164 in
1442 5110 1944 5169 observationibus
1974 5111 2141 5170 illus-

524 5194 587 5231 ra
753 5219 764 5231 .

524 5181 764 5232 rabitur.

569 5248 638 5318 (ε)
655 5246 1316 5316 Quesnellus,Rainaudi
1338 5249 1651 5306 editionem
1676 5256 1929 5320 secutus,
1943 5257 2144 5312 sancti-

497 5320 660 5391 tatem
671 5320 880 5391 jejunii
896 5322 1005 5391 sui.
1021 5322 1388 5376 Anteriorum
1403 5321 1727 5377 editionum
1742 5327 2143 5383 etnostrorum

499 5389 765 5465 codicum
792 5389 1097 5465 lectionem
1121 5390 1659 5465 praetulimus,cum
1695 5397 2014 5464 praesertim
2047 5415 2145 5452 no-

498 5474 628 5517 men
647 5460 859 5540 fructus
879 5460 1162 5540 adjective
1188 5464 1617 5532 steritissimum,
1633 5460 1789 5536 quod
1811 5467 2141 5539 subjicitur,

498 5538 740 5607 omnino
756 5538 1074 5607 _co_ngruat.

569 5600 796 5684 (d)Cod.
814 5600 1029 5667 Bo'iuet
1055 5605 1250 5685 prima
1268 5604 1465 5684 editio,
1495 5612 1557 5669 ut
1585 5608 1645 5668 in
1674 5607 1970 5671 mandatis.
1989 5610 2140 5688 Mox,

2247 4621 2606 4692 potuerimus,
2632 4637 2735 4692 pro
2760 4621 3064 4691 poterimus
3096 4620 3154 4674 in
3182 4637 3292 4676 ms.
3326 4620 3457 4675 Vat.
3492 4616 3711 4692 collect;
3726 4611 3773 4691 5,.
3800 4677 3809 4687 ⁸

2324 4692 2394 4760 (ε’)
2418 4678 2666 4754 Quidam
2724 4678 2891 4748 codd.
2926 4692 3169 4760 addunt,
3200 4708 3330 4747 cum
3385 4692 3526 4747 Filio
3576 4695 3627 4744 et
3677 4678 3853 4754 Spiritu

2250 4765 2454 4819 sancto.
2506 4802 2509 4805 ς

2325 4834 2391 4905 (f)
2407 4834 2562 4889 Duos
2581 4834 2986 4905 antecedentes
3016 4850 3317 4889 sermones
3338 4834 3397 4905 in
3434 4828 3732 4905 festivitate
3750 4820 3862 4905 Pen:

2253 4898 2512 4988 tneo-hstes
2550 4904 2780 4988 habitos
2834 4904 3017 4988 liquet
3051 4921 3062 4959 :
3097 4922 3233 4988 nam
3262 4904 3543 4988 "primus,

2252 4977 2602 5048 festivitatem
2655 4965 2998 5031 descensioni
3024 4978 3204 5031 sancti
3254 4965 3496 5048 Spiritus
3531 4965 3863 5048 'consecralft"

2254 5032 2421 5118 initio
2446 5052 2750 5118 memorat,
2775 5051 2832 5103 et
2850 5048 3159 5118 (secundus
3189 5032 3313 5118 cap'.
3338 5048 3393 5115 4,
3425 5045 3762 5118 festivitatem
3783 5032 3859 5118 I50;

2251 5099 2502 5191 arenas.
2518 5099 2661 5191 sese
2677 5099 3167 5191 uesaniam
3181 5099 3531 5191 istst-5.1m
3553 5112 3726 5183 gratia
3742 5099 3863 5191 indi:

2251 5134 2502 5171 aiernam
2525 5134 2661 5171 item
2695 5134 2969 5190 appellat,
2992 5134 3167 5190 quam
3181 5136 3208 5191 j
3266 5134 3531 5173 umorum
3553 5134 3726 5183 grano
3742 5134 3863 5188 qu..—

2250 5188 2368 5242 visa
2390 5188 2758 5257 subsequitur.
2793 5191 2865 5243 At
2894 5189 3050 5244 hunc
3101 5134 3337 5244 tenam
3391 5196 3716 5243 sermonem
3759 5184 3863 5298 ξεεο

2254 5259 2603 5298 ἱρίιιηῖηιιηηῒ
2631 5259 2999 5298 ﬂiphnl'iitnm
3028 5253 3771 5298 inﬂinnrnviﬂnnhlrinﬂ(Im
3810 5254 3863 5294 ua

2246 5259 2541 5341 unioru
2552 5253 2606 5341 in
2631 5259 2723 5314 die
2737 5259 3002 5341 habitum
3019 5259 3283 5341 indicare
3295 5258 3465 5341 viden
3474 5263 3568 5312 tur
3579 5253 3864 5341 illaqtgfgi

2252 5321 2418 5385 initio
2450 5334 2765 5385 sanctarum
2797 5332 3203 5387 solemnitatum
3254 5331 3505 5386 ordinem
3547 5321 3862 5397 celebratum:

2254 5404 2306 5457 et
2332 5403 2648 5473 spiritualis
2681 5402 2902 5459 latitia:
2930 5402 3264 5459 devotionem
3289 5390 3807 5473 completam_tradit.

2324 5466 2400 5600 (ἕ)
2425 5473 2509 5527 Ita
2528 5489 2597 5528 ex
2620 5473 2793 5556 editis
2817 5478 2950 5529 ante
2968 5473 3370 5546 Quesn.,apud
3385 5466 3863 5555 quemnleeursuut.

2324 5549 2340 5600 ί
2387 5542 2652 5600 )Vultzatl
2666 5547 2798 5600 ante
2811 5544 3051 5600 Ouesn..
3072 5550 3310 5600 e.-.centa
3328 5558 3525 5600 nmma
3541 5531 3863 5600 editione,“

2249 5526 2652 5693 1233022158“
2666 5526 2798 5603 ἁῇὡ
2811 5526 3054 5615 ῥῦδὲδδ
3065 5526 3525 5622 δῖ’ὶέβῖανρτῖωα
3541 5526 3868 5600 editiones“
