4096 6164
253 293 337 354 υἱ
1368 342 1374 349 .
1623 292 1875 356 SERMG

2004 292 2225 355 (XXII.

3508 295 3631 359 429

306 426 369 479 lia
390 440 515 499 esse
544 425 953 499 conterendum.
986 456 1054 465 —
1085 425 1153 480 ll.
1191 425 1354 499 Tanta
1388 427 1560 496 magis
1581 442 1770 497 sapere
1792 427 1873 480 in-
1901 427 1957 493 Α
1987 425 2097 479 rcis
2125 426 2514 491 inferendum,
2548 427 2647 481 sed
2696 427 2934 499 ignibus
2981 429 3497 496 cnncremandum,
3538 430 3627 484 di-

306 498 552 551 leriorem
600 495 897 563 hominem,
928 500 1131 568 quanto
1171 498 1351 568 magis
1392 495 1655 552 exuti-ian
1679 514 1713 551 a
1756 513 1876 553 sen-

304 584 453 622 suum
481 567 758 622 illecebris
788 584 846 623 se
881 567 1144 623 continet.
1177 598 1248 608 -—
1279 567 1372 623 llI.
1402 571 1531 624 Post
1579 568 1870 636 indulgen-

303 640 385 695 tiae
415 643 683 709 tempora,
706 638 775 694 ad
796 640 1019 710 jejunia
1046 639 1523 705 recurrendum,ut
1543 640 1869 710 negligentia

302 710 382 783 vel
402 714 722 779 castigetur,
753 712 838 765 vel
857 726 967 765 non
996 711 1236 783 obrepat.
1265 741 1333 752 —
1362 710 1451 766 lV.
1478 713 1581 766 Per
1593 711 1870 782 jejunium

299 786 343 836 et
366 781 511 837 bona
538 796 708 853 opera
736 784 1000 838 mandari
1026 781 1306 838 hominem
1335 781 1640 853 operculis.

297 886 418 942 ΟΑΡ.
454 887 500 942 Ι.
534 919 603 927 -
651 888 807 944 Inter
851 887 1069 955 omnia,
1117 887 1506 958 dilectissimi,
1542 887 1870 961 apostolicae

242 976 490 1031 instituta
503 975 940 1049 doctrinamque:
958 993 1027 1032 ex
1042 976 1250 1032 divinae
1264 976 1340 1047 (a)
1357 976 1704 1032 eruditionis
1717 975 1872 1031 fonte

238 1069 559 1131 manarunt,
594 1065 839 1121 dubium
874 1082 992 1121 non
1023 1070 1133 1132 est,
1166 1065 1447 1121 inﬂuente
1495 1065 1556 1120 in
1604 1064 1872 1121 Ecclesiae

236 1155 516 1227 principes
546 1155 767 1226 Spiritu
800 1155 1184 1222 sancto,hanc
1207 1155 1465 1226 primum
1487 1155 1560 1209 ab
1578 1154 1662 1210 eis
1682 1155 1867 1210 obser-

234 1244 471 1299 vantiam
506 1243 690 1299 fuisse
733 1249 1096 1317 conceptam,
1130 1248 1195 1299 ut
1239 1245 1424 1301 sancti
1470 1243 1873 1300 observatione

230 1331 722 1404 jejunii,omnium
750 1334 1032 1388 virtutum
1065 1332 1298 1407 regulas
1328 1332 1708 1389 inchoarent:
1734 1333 1874 1406 quia

238 1419 471 1476 multum
496 1421 571 1478 ad
597 1420 995 1493 praeceptuDei
1011 1421 1467 1493 (b)exsequenda
1479 1422 1800 1492 prodesset,
1822 1421 1871 1475 si

235 1509 552 1566 Christiana
581 1508 798 1564 militia
825 1513 1029 1565 contra
1053 1510 1343 1565 incentiva
1373 1510 1571 1566 omnia
1599 1509 1871 1566 vitiorum

239 1598 590 1654 continentiae
624 1615 687 1653 se
716 1597 1175 1655 sanctificatione
1218 1599 1493 1655 muniret.
1527 1598 1672 1654 Cum
1714 1599 1871 1655 enim

244 1704 326 1760 per
352 1686 693 1743 illecebram
725 1686 838 1742 cibi
872 1687 1171 1759 irrepscrit
1202 1687 1392 1759 prima
1421 1705 1597 1744 causa
1628 1688 1872 1759 peccati,

243 1792 338 1847 quo
357 1773 689 1831 salubriore
703 1774 800 1831 Dei
827 1792 1068 1831 munere
1093 1776 1278 1830 utitur
1298 1775 1869 1849 redemptalibertas,
1903 1804 1951 1870 B

244 1881 394 1937 quam
412 1869 477 1920 ut
501 1864 728 1921 noverit
760 1864 1056 1920 abstinere
1080 1865 1397 1931 concessis,
1420 1882 1546 1937 quea
1566 1866 1789 1921 frenare
1812 1881 1875 1922 se

245 1952 459 2009 nescivit
491 1970 528 2008 a
552 1952 792 2009 vetitis?
823 1954 1011 2010 Omnis
1040 1954 1259 2024 quidem
1306 1962 1560 2010 creatura
1610 1955 1705 2011 Dei
1734 1955 1873 2010 bona

243 2049 321 2110 est,
346 2048 395 2098 et
417 2043 568 2098 nihil
599 2050 680 2098 est
709 2042 1079 2112 abjiciendum
1110 2042 1251 2114 quod
1280 2057 1405 2097 cum
1442 2044 1751 2111 gratiarum
1783 2059 1871 2098 ac-

242 2133 686 2204 tionepercipitur
708 2133 758 2198 (Ι
787 2132 921 2185 Tim.
957 2147 1035 2196 ιν,
1068 2132 1159 2201 lt);
1194 2131 1294 2187 sed
1327 2148 1441 2186 non
1466 2131 1537 2186 ad
1568 2132 1676 2187 hoc
1698 2130 1873 2186 creati

244 2237 425 2276 sumus
454 2224 521 2275 ut
569 2220 724 2275 fmda
769 2225 827 2275 et
867 2222 938 2291 (ο)
968 2220 1294 2291 impudenti
1348 2221 1621 2276 aviditate
1668 2237 1873 2276 omnes

245 2309 423 2364 mundi
454 2309 656 2382 copias
689 2312 1362 2381 expetamus,tamquam
1387 2310 1541 2381 quod
1561 2309 1696 2366 licet
1718 2308 1874 2366 sumi

249 2415 345 2453 non
371 2397 542 2453 liceat
566 2396 955 2470 praetermitti.

306 2488 425 2542 Cap.
459 2487 610 2542 II.—
643 2487 940 2542 Laudatur
960 2486 1241 2559 Deus,qui
1272 2487 1576 2542 hominum
1604 2488 1734 2543 usui
1754 2494 1874 2544 tam

249 2575 385 2632 820
412 2575 597 2631 multa
616 2576 888 2643 donavit;
916 2576 1015 2632 sed
1028 2576 1625 2633 AGNOSCATPathDRIlS
1642 2577 1876 2633 animus

250 2666 479 2735 majores
508 2664 754 2721 delicias
786 2664 965 2720 menti
996 2665 1164 2721 datas
1195 2682 1322 2721 esse
1366 2682 1544 2736 quam
1594 2665 1773 2721 carni.
1808 2668 1878 2722 Et

248 2768 366 2808 cum
394 2754 555 2809 audit
585 2753 699 2809 sibi
732 2770 835 2825 per
863 2752 1146 2825 Spiritum
1171 2758 1441 2809 sanctum
1464 2754 1732 2811 dicizPost
1758 2772 1878 2810 con-

245 2842 584 2911 cupiscentias
617 2841 951 2913 tuas(d)non
975 2846 1142 2909 cas,et
1172 2860 1205 2897 a
1236 2842 1510 2898 voluntate
1525 2850 1621 2898 tua
1638 2853 1879 2899 avertere

248 2929 418 2999 (Eccli.
447 2947 605 2997 xvm,
639 2930 751 3001 30),
782 2929 1070 3002 intelligat
1118 2930 1228 2985 sibi
1281 2934 1485 2985 contra
1524 2931 1722 2986 omnia
1752 2949 1877 3004 qua:

245 3018 500 3074 sensibus
529 3020 600 3090 (ε)
624 3017 920 3091 corporeis
944 3018 1342 3086 blandiuntur,
1378 3023 1491 3074 tem
1500 3021 1772 3091 perantia:
1795 3038 1880 3076 se-

250 3106 504 3163 ctandam
535 3124 667 3164 esse
697 3107 990 3175 virtutem,
1027 3124 1127 3179 per
1157 3125 1356 3179 quam,
1392 3108 1533 3163 dum
1580 3109 1879 3165 exterioris

1984 519 2151 569 cente
2183 514 2429 570 Domino
2462 531 2475 570 :
2510 515 2699 571 Omnis
2717 517 2993 587 plantatio
3023 533 3189 589 quam
3218 532 3329 572 non
3351 518 3630 589 plantavit

1980 604 2144 659 Pater
2170 619 2322 659 meus
2351 603 2580 660 caelestis
2610 603 2981 659 cradicabitur
3005 605 3209 670 (Matth.
3240 622 3317 675 ix,
3348 607 3456 679 13).
3491 611 3629 664 Cus-

1982 691 2259 747 todienda
2307 692 2487 764 igitur
2534 693 2702 748 nobis
2734 693 2811 763 (g)
2844 697 2933 748 est
2979 693 3245 749 omnium
3291 695 3626 767 germinum

1981 779 2392 852 seminumque
2421 781 2979 854 generositas,quam
3005 799 3073 837 ex
3103 783 3319 839 summi
3346 785 3626 858 Agricolas

1983 868 2342 941 plantatione
2371 869 2831 943 conccpimus,et
2856 869 3013 943 vigili
3037 871 3627 946 sollicitudineprovi-

1983 958 2240 1013 dendum
2272 975 2346 1014 ne
2374 959 2473 1014 Dei
2517 975 2762 1014 munera
2815 958 3011 1030 aliqua
3060 958 3371 1015 invidentis
3402 961 3626 1019 inimici

1983 1047 2186 1102 fraude
2215 1047 2523 1118 violentur,
2551 1053 2610 1103 et
2642 1048 2699 1102 in
2733 1049 3005 1120 paradiso
3036 1047 3321 1104 virtutum
3359 1066 3625 1107 concres-

1983 1140 2071 1190 cat
2105 1135 2248 1192 silva
2277 1136 2574 1192 vitiorum.

2053 1225 2186 1281 CAP.
2223 1224 2315 1280 IV.
2351 1257 2415 1265 -‹
2446 1226 2530 1280 Ad
2564 1225 2975 1285 declinandum
3009 1229 3204 1281 autem
3236 1224 3346 1281 hoc
3378 1225 3626 1298 malum,

1984 1313 2127 1368 nihil
2158 1319 2245 1369 est
2278 1314 2574 1385 potentius
2604 1312 2986 1386 elcemosynis
3007 1314 3464 1386 atquejejuniis,
3484 1316 3628 1372 dum

1982 1408 2039 1458 et
2062 1403 2322 1458 carnales
2345 1403 2692 1475 cupiditates
2716 1403 3074 1459 continentia
3095 1407 3280 1471 necat,
3304 1408 3362 1460 et
3398 1404 3628 1461 deside-

1983 1491 2205 1547 riorum
2241 1491 2598 1563 spiritalium
2638 1493 2862 1547 fructus
2923 1492 3335 1548 misericordiae
3373 1493 3452 1566 (h)
3489 1511 3631 1550 cura

1983 1579 2151 1635 multi
2158 1579 2524 1652 plicat.Unde
2546 1580 2889 1636 cbaritatem
2905 1582 3154 1636 vestram
3177 1580 3515 1638 solemniter
3534 1584 3631 1639 ad-

1984 1686 2293 1724 monemus
2321 1675 2385 1725 ut
2407 1686 2508 1741 per
2532 1669 2976 1742 castigationem
2993 1670 3255 1742 corporis
3275 1674 3631 1743 etperopera

1985 1758 2218 1832 pietatis
2248 1760 2311 1831 (ί)
2345 1758 2614 1813 mundari
2646 1760 2717 1814 ab
2748 1758 3008 1814 omnium
3043 1764 3411 1831 peccatorum
3457 1761 3629 1817 sorde

1982 1848 2526 1921 cupientes,quarta
2555 1853 2612 1903 et
2642 1850 2801 1903 sexta
2831 1847 2974 1903 feria
2995 1847 3365 1919 jejunemus;
3385 1849 3629 1906 sabbato

1982 1942 2177 1993 autem
2210 1937 2367 2009 apud
2408 1936 2814 1992 beatissimum
2851 1937 3088 1993 Petrum
3119 1936 3450 2010 apostolum
3480 1939 3630 2012 vigi-

1982 2026 2092 2082 lias
2122 2025 2486 2081 celebremus
2519 2042 2531 2079 :
2578 2027 2747 2095 cujus
2800 2026 3025 2081 meritis
3067 2030 3123 2082 et
3155 2026 3518 2083 orationibus
3547 2028 3631 2085 ita

1985 2131 2089 2169 nos
2121 2131 2223 2187 per
2251 2114 2448 2169 omnia
2478 2114 2775 2170 credimus
2806 2115 3271 2186 adjuvandos,ut
3300 2117 3630 2173 misericor-

1983 2204 2080 2258 dia
2107 2202 2204 2258 Dei
2238 2208 2295 2257 et
2315 2202 2562 2273 jejuniis
2593 2203 2809 2258 nostris
2835 2203 2992 2257 adsit
3019 2208 3077 2258 et
3105 2204 3277 2271 votis,
3304 2221 3409 2276 per
3436 2205 3631 2263 Chris-

1983 2298 2109 2347 tum
2145 2292 2458 2347 Dominum
2493 2295 2784 2347 nostrum.
2815 2293 3022 2347 Amen.

2240 2381 2387 2452 821
2434 2380 2675 2436 SERMO
2718 2379 2953 2435 LXXXII
2992 2381 3095 2450 [AL
3141 2380 3367 2452 LXXX].

2232 2451 2295 2506 In
2323 2452 2509 2506 Natali
2539 2453 2907 2522 apostolorum
2932 2453 3085 2507 Petri
3110 2455 3162 2507 et
3189 2451 3374 2507 Pauli.

1984 2543 2359 2598 Svsorsxs.—-
2389 2545 2428 2594 ι.
2446 2541 2719 2609 Quantum
2748 2542 2933 2595 Romae
2951 2540 3131 2608 gloria
3158 2557 3263 2613 per
3274 2542 3627 2613 religionem,

2055 2613 2425 2683 apostolorum
2468 2613 2795 2672 ministerio.
2848 2614 3093 2667 creverit.
3125 2611 3194 2651 4—
3246 2611 3314 2667 ΙΙ.
3354 2611 3629 2682 Quomodo

2058 2685 2362 2738 Romanum
2394 2684 2687 2753 imperium
2729 2683 2942 2737 Christi
2974 2684 3206 2754 imperio
3252 2686 3526 2739 servierit.
3559 2715 3630 2726 —-

2057 2755 2153 2810 Ill.
2173 2756 2290 2810 Cur
2309 2756 2495 2810 Romae
2515 2755 2789 2825 primaria
2809 2754 3062 2825 Ecclesiae
3075 2754 3221 2825 sedes
3232 2756 3517 2811 constituta
3529 2758 3633 2811 sit?

2058 2858 2125 2865 ——
2157 2825 2247 2880 IV.
2283 2827 2499 2894 Quanta
2544 2827 2697 2879 Petri
2718 2824 2978 2895 fortitudo
3025 2830 3076 2880 et
3122 2824 3366 2880 charitas
3406 2828 3630 2882 Romam

2058 2897 2509 2968 ingredientis.—
2540 2896 2605 2968 V7.
2632 2898 2739 2964 Qui
2766 2898 2920 2952 Petri
2949 2896 3177 2963 labores,
3200 2905 3494 2968 antequam
3520 2900 3630 2954 Ro-

2056 2967 2203 3022 mam
2231 2970 2452 3023 veniret.
2484 2998 2553 3007 —
2583 2967 2676 3022 Vl.
2707 2969 2931 3022 Petrum
2960 2976 3009 3022 et
3048 2969 3286 3022 Paulum
3316 2967 3475 3025 Petro
3504 2985 3629 3025 con-

2056 3040 2450 3103 sociatum,duo
2477 3040 2741 3111 praeclara
2762 3039 2942 3093 divini
2966 3040 3190 3094 seminis
3218 3055 3329 3095 esse
3357 3042 3627 3111 germina.

2063 3142 2131 3151 ——
2160 3111 2278 3166 VII.
2311 3113 2375 3166 In
2404 3111 2599 3166 horum
2625 3114 2758 3180 festo
2784 3119 3045 3182 quantum
3075 3110 3396 3166 laetandum.

246 3193 488 3253 hominis
515 3195 786 3268 voluptas
819 3196 1124 3263 minuitur,
1150 3196 1438 3268 sapientia
1466 3196 1758 3254 interioris
1779 3216 1881 3253 au-
1915 3172 1957 3239 Ο
2064 3199 2325 3254 ΟΑΡ.1.-
2356 3199 2630 3255 Omnium
2660 3198 2899 3270 quidem
2930 3203 3266 3254 sanctarum
3290 3198 3633 3256 solemnita-

246 3288 428 3354 getur.
456 3285 580 3340 Non
613 3286 772 3340 enim
806 3285 958 3340 idem
990 3285 1153 3357 vigor
1180 3285 1373 3341 cordis
1416 3290 1505 3341 est
1550 3287 1661 3341 sub
1709 3303 1882 3343 onere

246 3371 379 3438 cibi,
409 3373 503 3444 qui
534 3375 647 3429 sub
677 3373 907 3430 levitate
927 3374 1171 3445 jejunii;
1198 3390 1300 3429 nec
1333 3375 1606 3430 eumdem
1639 3392 1879 3432 sensum

248 3464 431 3530 potest
459 3462 695 3518 satietas
726 3479 1004 3534 generare
1051 3480 1224 3534 quem
1258 3462 1529 3534 parcitas.
1564 3464 1710 3527 QUIA
1758 3481 1880 3520 cus!

245 3563 379 3604 caro
407 3552 817 3624 concupiscens
866 3553 1145 3607 adversus
1176 3553 1448 3623 spiritum
1498 3552 1745 3624 spiritali
1778 3570 1879 3608 cu-

240 3635 476 3706 piditate
524 3645 835 3713 superatur
864 3640 1061 3711 (Galut.
1103 3659 1159 3709 v,
1194 3642 1302 3712 17),
1357 3641 1538 3697 libera
1584 3642 1881 3698 obtinetur

236 3727 460 3784 sanitas
485 3734 540 3785 et
570 3747 715 3785 sana
746 3729 983 3798 libertas
1017 3748 1029 3786 :
1064 3734 1128 3784 ut
1156 3734 1215 3786 et
1244 3747 1377 3786 caro
1414 3730 1629 3786 mentis
1651 3730 1878 3801 judicio

231 3818 291 3868 et
323 3832 486 3875 mens
516 3819 613 3875 Dei
650 3824 887 3891 regatur
916 3818 1153 3875 auxilio.

304 3903 442 3961 ΟΑΡ.
470 3907 636 3963 IIl.-—
665 3908 751 3963 Ad
786 3907 935 3963 hanc
966 3924 1102 3980 ergo
1132 3906 1448 3964 utilitatem
1481 3908 1878 3977 nos,dilectis-

230 3989 649 4067 simﬁprmsens
670 4000 905 4067 tempus
929 3996 1158 4055 invitat.
1180 4000 1244 4051 ut
1267 4014 1301 4051 a
1322 3998 1745 4054 resurrectione
1766 3998 1878 4053 Do-

231 4081 387 4136 mini
405 4101 576 4156 usque
590 4085 661 4140 ad
679 4086 992 4140 adventum
1015 4084 1268 4157 Spiritus
1283 4085 1467 4141 sancti
1488 4086 1881 4160 quinquagin-

236 4170 298 4224 ta
322 4170 523 4228 diebus
545 4172 1264 4245 emensis,quosin1zetitia
1282 4173 1584 4247 principum
1600 4175 1877 4231 festivita-

228 4256 310 4311 tis
329 4262 723 4334 exegimus,ad
735 4262 1100 4333 jejuniorum
1124 4262 1380 4318 remedia
1396 4266 1459 4335 (f)
1484 4279 1875 4321 recurremus:

227 4358 307 4400 ne
341 4347 482 4405 forte
511 4368 611 4422 per
640 4352 1007 4407 occasionem
1038 4350 1288 4407 licentia:
1315 4350 1879 4426 blandiorisaliquas

226 4433 595 4508 negligentiae
646 4438 853 4511 culpas
902 4438 1335 4494 delectabilium
1396 4458 1540 4497 usus
1587 4442 1876 4498 inciderit.

1989 3294 2137 3358 tum,
2170 3287 2558 3356 dilectissimi,
2591 3290 2749 3342 totus
2800 3286 3058 3342 mundus
3105 3290 3193 3342 est
3236 3287 3547 3359 particeps,
3575 3292 3633 3344 et

1990 3376 2167 3433 unius
2199 3376 2328 3431 fidei
2362 3376 2546 3448 pietas
2567 3374 2742 3447 exigit
2773 3377 2836 3429 ut
2865 3374 3147 3446 quidquid
3167 3392 3270 3447 pro
3292 3375 3480 3431 salute
3501 3375 3631 3431 uni-

1988 3481 2287 3521 versorum
2318 3468 2546 3536 gestum
2582 3464 2646 3535 (j)
2678 3462 2967 3526 recolitur,
2982 3463 3396 3520 communibus
3414 3463 3632 3536 ubique

1988 3552 2218 3627 gaudiis
2239 3552 2999 3608 celebretur.Verumtamen
3022 3550 3305 3606 hodierna
3324 3552 3632 3621 festivitas,

1989 3646 2196 3716 praeter
2225 3640 2384 3695 illam
2419 3639 2796 3696 reverentiam
2829 3657 3005 3711 quam
3038 3644 3155 3694 toto
3186 3643 3477 3695 terrarum
3493 3641 3632 3697 orbe

1988 3727 2572 3803 promeruit,speciali
2606 3732 2663 3783 et
2695 3726 2928 3800 propria
2959 3731 3167 3783 nostra:
3192 3727 3354 3783 urbis
3370 3728 3630 3785 exsulta-

1986 3820 2142 3875 tione
2174 3817 2502 3873 veneranda
2530 3820 2637 3871 est:
2655 3821 2719 3871 ut
2747 3815 2845 3871 ubi
2876 3816 3300 3888 prtecipuorum
3332 3817 3628 3889 apostolo-

1988 3925 2118 3964 rum
2151 3906 2510 3979 gloriticatus
2527 3909 2615 3960 est
2634 3904 2929 3974 exitus,ibi
2952 3905 3027 3977 (lt)
3050 3905 3108 3959 in
3132 3904 3225 3961 die
3245 3906 3506 3979 martyrii
3534 3922 3630 3963 eo-

1989 4013 2120 4051 rum
2151 3995 2230 4051 sit
2261 3994 2471 4049 lzntitia:
2501 3992 2882 4065 principatus.
2904 3993 3006 4049 Isti
3037 3994 3193 4049 enim
3227 3997 3365 4049 sunt
3391 3993 3498 4051 viri
3530 4012 3633 4067 per

1987 4102 2135 4157 quos
2168 4083 2269 4139 tibi
2292 4080 2665 4154 Evangelium
2689 4081 2924 4149 Christi,
2943 4081 3147 4151 Roma,
3172 4082 3634 4155 resplenduit;et

1988 4190 2115 4245 qua:
2147 4188 2277 4228 eras
2309 4169 2589 4242 magistra
2619 4169 3012 4239 erroris,facta
3031 4187 3094 4227 es
3125 4170 3414 4244 discipula
3428 4172 3634 4228 verita-

1986 4260 2189 4316 tis.Isti
2216 4263 2354 4315 sunt
2375 4260 2437 4331 (ι)
2458 4258 2643 4313 sancti
2667 4262 2860 4330 patres
2880 4258 2966 4313 tui
2987 4259 3222 4330 verique
3239 4261 3633 4333 pastores,qui

1986 4353 2042 4405 te
2070 4350 2265 4420 regnis
2298 4347 2635 4403 cmlestibus
2657 4348 3029 4403 inserendam
3055 4347 3239 4403 multo
3253 4347 3464 4404 melius
3486 4348 3634 4404 mul-

1986 4441 2164 4509 toque
2197 4436 2422 4492 felicius
2456 4435 3043 4507 condiderunt,quam
3078 4435 3422 4508 illiquorum
3438 4437 3632 4492 studio

223 4517 420 4577 Terra
446 4527 592 4582 enim
626 4527 824 4583 carnis
854 4532 1087 4596 nostrae,
1124 4527 1237 4582 nisi
1270 4527 1526 4584 assiduis
1550 4530 1723 4586 fuerit
1743 4533 1882 4587 sub-
1912 4535 1961 4600 D
1992 4526 2181 4599 prima
2208 4525 2487 4581 mcenium
2511 4530 2747 4581 tuorum
2773 4525 3153 4581 fundamenta
3172 4524 3360 4580 locata
3375 4530 3542 4581 sunt:
3566 4540 3636 4581 ex

228 4613 371 4665 acta
404 4613 662 4682 culturis,
698 4616 812 4672 cito
844 4616 916 4673 de
946 4617 1113 4689 segni
1143 4616 1261 4672 otio
1290 4617 1491 4689 spinas
1517 4618 1881 4691 tribulosque

228 4698 520 4773 producit,
551 4709 609 4759 et
637 4710 810 4777 partu
837 4705 1109 4778 degeneri
1142 4705 1305 4761 dabit
1335 4706 1588 4761 fructum
1609 4724 1723 4763 non
1742 4709 1882 4764 hor-

308 4823 393 4892 (a)
424 4824 498 4881 Ita
527 4844 658 4883 cum
694 4828 1006 4893 Quesnello
1038 4828 1222 4884 nostri
1252 4828 1480 4885 codices
1511 4835 1568 4886 et
1611 4830 1883 4887 similiter

240 4904 422 4948 serm.
450 4898 533 4965 79,
564 4917 694 4965 cap.
732 4902 754 4955 1
795 4918 808 4955 :
840 4900 1215 4956 Dubitandum
1245 4916 1357 4955 non
1400 4910 1477 4956 est
1523 4917 1740 4957 omnem
1787 4905 1880 4957 ob-

241 4971 566 5046 servantiam
594 4971 970 5046 Christianam
993 4971 1318 5046 eruditionis
1332 4988 1444 5028 esse
1472 4972 1879 5030 divimeﬁaete-

250 5046 325 5084 re
352 5037 645 5108 editiones,
678 5044 1065 5099 institutionis.

321 5105 397 5243 ξω
429 5108 608 5168 Prima
633 5105 837 5179 editio,
858 5113 1203 5196 excipienda.

342 5186 389 5241 ε)
420 5179 531 5238 Duo
559 5185 728 5239 codd.
761 5185 941 5243 Vatt..
974 5184 1203 5243 imm-udi

342 5186 394 5257 ε),
420 5179 531 5257 Duo
559 5185 728 5239 codd.
761 5185 941 5252 Vatt.,
974 5179 1329 5257 imprudenti.

326 5248 403 5320 (ιι)
433 5251 600 5327 [idem
630 5257 748 5312 duo
781 5248 950 5321 mssi,
984 5248 1064 5312 ne.
1083 5273 1194 5317 eas;
1215 5260 1273 5311 et
1303 5255 1459 5319 dein,
1487 5272 1589 5327 pro
1618 5265 1878 5324 avertere,

260 5329 406 5399 pnus
431 5340 492 5379 ex
514 5326 719 5384 iisdem
752 5327 979 5383 collect.
1013 5330 1049 5382 5
1077 5332 1131 5383 et
1163 5327 1353 5399 prima
1381 5326 1555 5384 editio
1589 5328 1814 5385 collect.
1847 5331 1882 5385 3

261 5382 478 5458 habent,
508 5382 701 5455 vetare.

326 5460 391 5540 (ς)
417 5464 471 5540 in
486 5468 704 5540 iisdem
740 5471 933 5538 codd.,
966 5470 1227 5540 corporis.

326 5535 389 5611 (fl
417 5535 596 5611 [rima
623 5541 801 5599 editio
831 5546 889 5598 et
917 5535 1099 5599 code'x
1128 5540 1293 5611 Bon.,
1326 5556 1733 5602 concurramus.

325 5606 395 5681 (9}
421 5606 662 5671 Verbum
695 5617 774 5673 est
802 5618 859 5671 et
889 5613 1108 5671 nostris
1138 5606 1289 5670 mss.
1316 5613 1661 5689 adjecimus.

1992 4616 2209 4687 quibus
2238 4614 2289 4670 is
2319 4614 2419 4685 qui
2449 4614 2555 4668 tibi
2589 4629 2801 4668 nomen
2831 4612 2992 4668 dedit
3021 4613 3275 4668 fraterna
3294 4617 3350 4669 te
3371 4613 3526 4694 crede
3540 4614 3637 4670 fm-

1991 4703 2275 4759 davit.Isti
2308 4707 2448 4758 sunt
2476 4702 2575 4774 qui
2606 4706 2661 4758 te
2686 4702 2757 4757 ad
2790 4700 2939 4756 hanc
2959 4700 3202 4774 gloriam
3230 4707 3634 4775 provexerunt,

2063 4826 2139 4898 (h)
2173 4826 2279 4902 Sic
2299 4826 2480 4902 nostri
2512 4826 2739 4882 codices
2767 4830 2826 4902 et
2855 4842 3058 4902 omnes
3089 4826 3640 4902 editiones,excepta

1990 4896 2484 4963 Qu'esncllianajn
2518 4915 2652 4969 qua,
2678 4896 2839 4952 nullo
2870 4897 3125 4954 indicato
3156 4896 3633 4965 codice,cultura.

2062 4972 2125 5095 (‘22
2160 4969 2354 5024 Prima
2384 4969 2582 5030 editio,
2617 4969 2881 5024 mandari
2910 4969 2979 5023 ad
3018 4971 3268 5026 omnium
3294 4975 3638 5042 peccatorum

2062 5058 2078 5075 ν
2113 5057 2143 5095 e
2170 5056 2441 5095 curemus.
2478 5041 2680 5095 Duarta
2715 5042 2955 5095 iaituret
2982 5044 3139 5095 sexta
3167 5043 3332 5095 feria.
3362 5046 3470 5095 etc.

1988 5041 2143 5096 sorde
2170 5056 2441 5096 curemus.
2466 5041 2681 5111 Quarta
2715 5042 2887 5111 igitur
2904 5044 2955 5095 et
2982 5044 3139 5096 sexta
3166 5041 3332 5111 feria,
3362 5046 3470 5098 etc.

2062 5113 2128 5182 (j)
2158 5110 2553 5167 Lectionarius
2585 5110 2766 5165 codex
2806 5110 3018 5167 Veron.
3068 5112 3127 5168 S.
3159 5110 3337 5167 Firmi
3375 5110 3632 5182 Maioris,

1988 5183 2298 5237 recolimus.

2062 5252 2140 5327 (lt)
2181 5252 2284 5327 llis
2330 5251 2521 5307 verbis
2552 5251 2902 5327 Quesnellus
2932 5252 3166 5327 longam
3198 5252 3634 5327 annotationem

1990 5321 2259 5406 subjecit,
2295 5339 2472 5406 quam
2503 5323 2866 5406 noninutili,
2902 5331 2967 5380 ut
2995 5321 3322 5406 speramus,
3352 5321 3636 5404 disquisi-

1989 5392 2147 5451 tione
2177 5392 2529 5450 illustratam
2563 5396 2717 5451 inter
2745 5392 3178 5452 observationes
3208 5392 3489 5449 invenies.

2059 5467 2122 5548 (ζ)
2150 5467 2281 5548 νρκ.
2301 5469 2486 5548 sese“
2521 5468 2722 5548 addita
2749 5484 2818 5548 ess
2865 5464 3277 5548 satiassatias
3304 5463 3434 5522 Vat-
3466 5465 3630 5543 3835.

1988 5533 2325 5597 ex‘l’audato
2354 5538 2564 5598 Veron.
2597 5544 2654 5598 et
2676 5555 2746 5597 ex
2772 5536 2987 5596 Homil.
3007 5533 3184 5594 l’auli
3213 5533 3371 5598 Diae.
