4096 6164
274 355 388 422 I37

1645 355 1919 428 suam
1949 339 2304 426 uixxvn.

3555 347 3678 419 438

275 497 392 558 tuis
421 495 688 572 superari
713 493 1016 556 charitatis
1044 493 1255 555 Christi
1287 495 1526 554 flamma
1554 512 1670 554 non
1706 495 1914 570 potuit,
1943 490 2003 562 Α
2031 498 2090 550 et
2118 492 2470 570 temporales
2500 492 2702 570 epulas
2733 490 2794 553 in
2823 492 3060 555 delicias
3090 500 3279 556 mutat
3307 499 3573 556 aeternas.

275 595 329 647 et
355 591 592 664 segnior
622 588 733 644 fuit
758 586 914 660 ignis
936 586 1037 660 qui
1070 587 1211 643 foris
1242 586 1392 644 ussit
1420 603 1596 660 quam
1629 585 1731 660 qui
1755 587 1915 642 intus

275 679 553 738 accendit.
591 679 666 750 (a)
693 676 950 744 Servisti,
982 681 1340 750 persecutor,
1366 675 1625 750 martyri,
1651 693 1785 732 cum
1808 693 1918 730 sae-

271 770 432 838 visti;
462 768 678 826 auxisti
712 767 992 840 palmam,
1025 767 1168 822 dum
1199 783 1445 837 aggeras
1477 783 1728 838 pomum.
1773 766 1916 821 Nam

270 859 407 933 quid
427 875 542 915 non
556 857 634 930 (b)
647 857 722 913 ad
738 855 971 913 victoris
987 854 1233 928 gloriam
1249 854 1551 927 ingenium
1573 860 1741 910 tuum
1765 871 1920 926 repe-

269 949 343 1006 rit
361 945 742 1020 (c)quandoin
755 945 1036 1002 honorem
1053 944 1413 1000 transierunt
1426 944 1497 999 tri
1509 943 1916 1016 umphi,etiam

267 1037 658 1094 instrumenta
686 1033 988 1108 supplicii?
1018 1033 1391 1090 Gaudeamus
1431 1033 1628 1106 igitur,
1661 1031 1918 1088 dilectis-

270 1125 647 1200 simi,gaudio
668 1122 1083 1197 spiritali,etde
1106 1120 1441 1178 felicissimo
1463 1121 1786 1193 inclytiviri
1803 1121 1918 1177 ﬁne

269 1215 590 1289 gloriemur
618 1215 679 1268 in
711 1212 979 1276 Domino,
1013 1211 1114 1284 qui
1145 1213 1234 1266 est
1263 1209 1554 1266 mirabilis
1585 1209 1644 1264 in
1696 1209 1916 1265 sanctis

270 1305 394 1362 suis
433 1305 546 1377 (Ps.
591 1319 760 1370 vau,
817 1301 930 1373 36),
965 1300 1023 1355 in
1053 1299 1271 1372 quibus
1303 1298 1471 1354 nobis
1497 1303 1554 1353 et
1579 1298 1916 1370 praesidium

269 1393 574 1451 constituit
621 1395 678 1447 et
719 1388 1050 1462 exemplum
1079 1405 1093 1455 ;
1129 1391 1302 1459 atque
1333 1387 1414 1442 ita
1445 1403 1548 1458 per
1579 1385 1915 1442 universum

267 1483 557 1538 mundum
589 1477 926 1535 clariﬁcavit
953 1475 1202 1548 gloriam
1235 1492 1428 1541 suam,
1462 1479 1528 1530 ut
1557 1492 1592 1530 a
1621 1475 1764 1531 solis
1785 1480 1915 1530 ortu

266 1587 452 1643 usque
483 1569 555 1625 ad
577 1583 871 1632 occasum,
895 1565 971 1637 (ά)
1001 1564 1363 1621 leviticorum
1391 1562 1685 1618 luminum
1718 1579 1916 1618 corus-

265 1664 429 1717 cante
443 1659 471 1714 f
469 1658 772 1730 ulgore,qu
781 1671 874 1710 am
891 1653 1205 1709 clariﬁcata
1215 1651 1918 1724 estJerosolymaStepha-

261 1753 488 1817 no,tam
503 1743 748 1802 illustris
763 1744 923 1798 ﬁeret
935 1739 1640 1811 RomaLaurentio.Cujus
1657 1740 1918 1796 oratione

2099 585 2234 642 CAP.
2267 585 2335 642 II.
2361 618 2428 628 -—-
2458 586 2524 642 In
2555 583 2746 642 locum
2768 586 2948 660 igitur
2969 588 3258 646 malarum
3283 589 3672 664 cupiditatum

2028 679 2364 732 sanctorum
2385 675 2809 732 desideriorum
2831 675 3189 734 incrementa
3201 679 3675 736 succedant.Cesc

2029 769 2117 821 set
2140 765 2440 837 iniquitas,
2470 766 2570 821 sed
2604 782 2717 822 non
2749 765 2823 820 sit
2855 765 3041 822 otiosa
3051 767 3304 838 justitia.
3326 769 3508 833 Quem
3532 766 3670 824 nul-

2027 855 2122 910 lus
2135 847 2788 928 patiturﬁopprimentem
2801 855 3034 922 ,senliat
3045 855 3260 928 aliquis
3272 857 3364 928 adj
3375 861 3668 914 uvantem.

2028 944 2240 1000 Parum
2271 948 2358 1000 est
2385 945 2540 999 enim
2564 961 2679 1000 non
2707 945 2936 1000 auferre
2955 943 3164 1013 aliena,
3187 944 3302 1000 nisi
3323 944 3594 1019 largiaris
3615 949 3673 1003 et

2027 1032 2281 1106 pr0pria.
2312 1033 2430 1089 Sub
2461 1031 2648 1090 oculis
2682 1033 2831 1105 justi
2874 1031 3092 1105 judicis
3123 1049 3350 1103 sumus,
3383 1034 3486 1106 qui
3515 1035 3674 1092 novit

2027 1126 2311 1195 quantam
2342 1121 2658 1196 unicuique
2688 1123 2833 1179 bene
2865 1123 3142 1195 operandi
3173 1121 3399 1180 dederit
3428 1123 3673 1180 faculta-

2025 1215 2162 1267 tem.
2215 1211 2340 1266 Non
2389 1209 2514 1266 vult
2546 1210 2732 1267 otiosa
2761 1228 2890 1268 esse
2922 1229 3166 1268 munera
3196 1229 3324 1281 sua,
3359 1211 3460 1284 qui
3490 1211 3674 1269 servis

2026 1299 2151 1356 suis
2163 1299 2248 1356 sic
2266 1317 2572 1356 mensuras
2587 1301 2964 1373 mysticorum
2979 1301 3283 1358 distribuit
3295 1299 3670 1370 talentorum,

2026 1392 2091 1444 ut
2121 1389 2406 1444 creditum
2433 1389 2533 1462 qui
2564 1388 2884 1446 liberaliter
2909 1393 3225 1464 erogasset,
3261 1394 3536 1462 augeret;
3573 1389 3674 1463 qui

2027 1476 2303 1533 steriliter
2338 1482 2646 1549 servasset,
2683 1477 2975 1535 amitteret
3007 1480 3213 1552 (Matth.
3246 1497 3378 1547 xxv,
3414 1481 3511 1548 28;
3541 1483 3667 1536 Luc.

2024 1583 2140 1632 XIX,
2171 1567 2283 1638 26).
2315 1567 2385 1622 Et
2415 1566 2568 1634 ideo,
2591 1566 2980 1634 dilectissimi,
3013 1568 3152 1642 quia
3181 1567 3415 1640 septimi
3446 1567 3670 1624 mensis

2019 1655 2314 1727 jejunium
2357 1655 2647 1712 celebrare
2678 1673 2784 1713 nos
2815 1657 3104 1726 convenit,
3138 1657 3510 1714 sanctitatem
3541 1673 3669 1714 ves-

2026 1748 2178 1800 tram
2205 1761 2514 1800 monemus
2548 1750 2611 1801 ut
2641 1750 2850 1818 quarta
2873 1749 2931 1802 et
2959 1749 3121 1803 sexta
3143 1746 3284 1803 feria
3297 1747 3668 1819 jejunemus;

258 1834 654 1912 etpatrocinio
665 1831 925 1904 adjuvari
944 1847 1050 1888 nos
1064 1831 1190 1886 sine
1204 1829 1529 1926 cessatione
1541 1829 1913 1926 conﬁdimus:
1949 1863 1994 1926 Β
2026 1834 2266 1890 sabbato
2283 1851 2418 1890 vero
2440 1835 2595 1906 apud
2619 1835 2856 1891 beatum
2877 1836 3104 1926 Petrum
3128 1835 3467 1926 Apostolum
3491 1836 3555 1908 (j)
3576 1851 3672 1908 pa.

256 1933 323 1984 ut
341 1927 500 1982 840
525 1923 668 1997 quia
685 1939 890 1988 omnes,
928 1921 1081 1976 sicut
1100 1918 1414 1992 Apostolus
1436 1919 1547 1974 ait:
1583 1919 1917 1991 Quicumque

255 2017 446 2072 volunt
476 2015 541 2068 in
580 2013 793 2069 Christo
818 2011 909 2082 pie
941 2011 1139 2076 vivere,
1171 2009 1598 2080 persecutionem
1623 2009 1918 2079 patiuntur

255 2107 328 2176 (II
349 2106 486 2160 Tim.
512 2119 598 2170 III,
626 2101 730 2171 12),
765 2100 1212 2156 corroboremur
1241 2097 1451 2170 spiritu
1477 2096 1547 2168 (e)
1589 2096 1913 2168 charitatis,

257 2200 316 2250 et
325 2195 398 2249 ad
413 2191 779 2264 superandas
792 2205 995 2244 omnes
1007 2186 1428 2256 tentationestn
1445 2184 1768 2240 constantis
1782 2185 1916 2242 ﬁdei

259 2279 700 2357 perseverantia
716 2277 1073 2335 muniamur.
1088 2275 1162 2347 (g)
1187 2275 1295 2332 Per
1311 2273 1623 2330 Dominum
1648 2277 1915 2330 nostrum

259 2371 463 2429 Jesum
485 2369 812 2433 Christum,
842 2365 1128 2423 viventem
1149 2367 1208 2420 et
1229 2367 1565 2434 regnantem
1592 2379 1725 2418 cum
1749 2361 1916 2418 Patre

265 2465 324 2518 et
350 2460 574 2533 Spiritu
606 2462 810 2514 sancto
843 2455 902 2511 in
935 2451 1148 2511 szecula
1181 2449 1548 2510 saeculorum.
1579 2452 1784 2506 Amen.

569 2572 816 2631 SERMO
855 2568 1112 2626 LXXXVI
1153 2568 1258 2640 [Αἱ.
1309 2565 1608 2640 LXXXIV}.

652 2664 728 2718 De
752 2661 967 2732 Jejunio
1011 2659 1230 2730 septimi
1254 2657 1457 2712 mensis
1487 2657 1528 2711 Ι.

277 2753 568 2810 Smopsxs.
601 2783 670 2792 —
693 2751 736 2807 Ι.
767 2749 965 2806 Indicit
975 2747 1255 2820 jejunium
1273 2762 1342 2800 ex
1369 2745 1707 2811 auctoritate,
1726 2745 1915 2820 suadet

343 2841 408 2880 ea:
433 2825 722 2888 charitate,
754 2831 812 2878 ut
830 2815 1036 2892 corpus
1053 2820 1348 2892 castigetur
1377 2826 1426 2871 et
1455 2831 1664 2892 pauper
1692 2815 1910 2892 adfare:

341 2900 444 2951 tur.
467 2927 537 2937 -—
569 2895 638 2950 II.
667 2895 877 2949 Parum
905 2889 1016 2948 esse
1033 2891 1178 2944 nulli
1215 2890 1435 2960 auferre
1460 2889 1767 2958 proprium,
1800 2889 1914 2943 nisi

343 2972 386 3023 et
413 2969 646 3040 pauperi
674 2970 832 3022 tuum
857 2963 1138 3034 targiaris.

345 3082 470 3139 CAP.
494 3083 623 3138 I.—
651 3077 1090 3137 Observantiam
1114 3075 1353 3148 quidem
1385 3073 1911 3142 vestram,dilectis-

289 3169 428 3238 simi,
461 3172 540 3227 ita
571 3169 844 3226 novimus
871 3161 1002 3222 esse
1030 3165 1318 3232 devotam,
1346 3166 1411 3218 ut
1437 3162 1666 3218 animas
1687 3166 1910 3218 vestras

291 3275 390 3316 non
412 3228 602 3316 solum
632 3255 933 3330 legitimis,
958 3255 1058 3310 sed
1091 3252 1269 3309 etiam
1304 3250 1647 3307 voluntariis
1665 3251 1912 3322 jejuniis
1941 3228 1984 3296 Ο

293 3348 564 3406 cxcolatis.
590 3347 1010 3403 Verumtamen
1043 3339 1373 3413 adjicienda
1402 3344 1491 3395 est
1534 3339 1668 3394 huic
1717 3341 1912 3397 studio

294 3438 449 3494 etiam
477 3441 686 3494 nostra:
719 3431 1135 3491 admonitionis
1165 3430 1241 3502 (h)
1273 3428 1614 3495 exhortatio,
1639 3435 1702 3483 ut
1731 3429 1779 3485 si
1811 3431 1912 3502 qui

295 3533 412 3583 sunt
430 3527 485 3583 in
507 3527 616 3584 hoc
635 3523 908 3582 exercitio
936 3519 1240 3586 tardiores,
1269 3518 1327 3572 in
1350 3517 1442 3572 his
1475 3517 1679 3573 saltem
1704 3518 1913 3574 diebus

294 3616 567 3672 communi
599 3611 968 3672 abstinentiae
1000 3625 1062 3664 se
1106 3607 1441 3664 obedienter
1471 3606 1816 3679 adjungant,
1853 3609 1910 3663 in

294 3706 484 3777 quibus
514 3721 620 3760 nos
665 3703 892 3774 oportet
919 3697 1380 3754 sacratissimam
1429 3695 1908 3752 consuetudinem

294 3795 546 3851 attentius
567 3791 883 3858 celebrare,
907 3792 972 3844 ut
1001 3802 1103 3858 per
1134 3784 1530 3840 humilitatem
1543 3783 1909 3854 jejuniicon-

289 3885 369 3939 tra
393 3899 586 3940 omnes
615 3881 817 3936 hostes
847 3881 1078 3932 nostros
1109 3872 1374 3928 divinum
1397 3888 1650 3928 meream
1662 3890 1729 3927 ur
1749 3873 1909 3928 auxi-

289 3969 436 4028 lium.
466 3973 578 4028 Res
606 3969 764 4025 enim
794 3971 884 4023 est
914 3962 1186 4038 praecipui
1207 3960 1420 4034 operis,
1445 3977 1621 4032 quam
1645 3964 1701 4016 et
1721 3979 1789 4018 ex
1809 3979 1910 4018 au-

289 4062 526 4117 ctoritate
583 4057 927 4120 indicimus,
985 4057 1054 4110 et
1091 4069 1161 4108 ex
1220 4050 1502 4106 charitate
1550 4050 1908 4108 suademus:

285 4155 346 4206 ut
368 4148 668 4224 paululum
698 4144 908 4204 edendi
957 4141 1222 4198 libertate
1263 4155 1618 4212 compressa,
1662 4140 1910 4212 castiga-

283 4238 413 4295 tioni
447 4241 509 4310 (ἢ
549 4250 859 4309 corporum
891 4235 950 4288 et
978 4245 1302 4304 pauperum
1335 4229 1678 4284 studeamus
1705 4227 1912 4284 alimo-

281 4328 399 4398 niae,
432 4329 581 4385 841
619 4341 766 4398 quos
797 4321 898 4394 qui
939 4320 1124 4376 reﬁcit
1174 4319 1432 4374 animam
1491 4333 1660 4373 suam
1703 4317 1909 4389 pascit,

279 4477 398 4516 cum
431 4454 1005 4534 discrepanshabet:
1042 4453 1114 4507 Tu
1151 4451 1353 4534 deficis.
1387 4450 1652 4505 Flammis
1678 4451 1790 4505 tuis
1817 4467 1908 4506 su-

267 4534 453 4606 perari
474 4527 715 4606 ﬂagitan
736 4528 939 4606 Christi
967 4540 1076 4580 non
1100 4527 1296 4606 potuit.

2027 1923 2168 1978 riter
2194 1923 2522 1996 vigilemus,
2542 1925 2712 1995 cujus
2731 1923 3192 1999 suifragantibus
3212 1925 3437 1982 meritis
3459 1926 3530 1982 ab
3553 1941 3673 1980 om-

2025 2011 2199 2068 nibus
2219 2011 2697 2070 tribulationibus
2721 2031 3052 2070 mereamur
3078 2013 3330 2071 absolvi:
3363 2014 3437 2086 (k)
3451 2031 3554 2087 per
3579 2015 3671 2070 Je-

2026 2116 2158 2155 sum
2176 2100 2471 2156 Christum
2487 2101 2800 2158 Dominum
2824 2108 3114 2174 nostrum,
3136 2103 3388 2176 quivivit
3399 2107 3456 2160 et
3467 2105 3674 2176 regnat

2025 2187 2085 2244 in
2117 2188 2328 2245 sarcula
2357 2190 2724 2246 smeulorum.
2753 2194 2957 2248 Amen.
3093 2185 3099 2187 ’

2311 2295 2554 2352 SERMO
2587 2297 2892 2353 LXXXVII.
2947 2297 3050 2372 [AL
3103 2298 3383 2371 LXXXV.]

2415 2389 2494 2441 De
2511 2387 2725 2458 Jejunio
2743 2388 2964 2459 septimi
2981 2389 3182 2443 mensis
3207 2389 3275 2444 II.

2025 2472 2322 2548 Svuorsm.
2356 2503 2425 2548 f-
2452 2473 2507 2548 I.
2526 2476 2746 2530 Diabolo
2763 2492 2862 2548 per
2879 2478 3274 2533 continentiam
3288 2493 3401 2534 esse
3424 2476 3671 2534 resisten-

2047 2583 2054 2587 -
2093 2543 2511 2619 dum,_qui}_'acti
2530 2548 2590 2600 in
2609 2543 2814 2619 primis
2828 2549 3148 2619 parentibus
3172 2549 3400 2604 seminis
3425 2550 3671 2619 fructum

2047 2672 2068 2684 ν
2089 2632 2190 2691 per
2218 2616 2527 2691 illecehram
2553 2616 2746 2673 edendi
2775 2616 3003 2689 requirit
3031 2621 3092 2674 in
3123 2620 3294 2676 nubis.
3328 2651 3398 2660 —
3426 2616 3497 2676 ΙΙ.
3517 2621 3666 2691 Jeju-

2093 2687 2247 2764 nium
2268 2691 2316 2742 et
2337 2687 2605 2764 atienéeet
2628 2687 2864 2764 propria:
2883 2692 3140 2762 cujusque
3166 2692 3340 2747 saluti
3366 2692 3422 2764 pl
3430 2687 3670 2746 urimum

2089 2757 2359 2830 prodesse.
2392 2790 2458 2799 —
2489 2759 2584 2815 IIl.
2619 2757 3065 2818 Etbu'ndantz'ores'
3079 2764 3192 2817 sint
3219 2757 3407 2818 eorum
3431 2763 3669 2818 eleemo-

2092 2846 2264 2904 synae,
2286 2832 2384 2902 qui
2399 2839 2673 2903 nequeunt
2690 2835 2964 2904 jejunare.
2991 2865 3058 2874 —
3092 2833 3183 2888 IV.
3215 2835 3448 2890 Divitias
3462 2835 3524 2888 in
3553 2836 3668 2890 tuto

2046 2912 2074 2934 ⁸
2091 2902 2349 2957 collocari
2377 2907 2427 2958 et
2459 2902 2668 2974 augeri,
2691 2902 2822 2960 cum
2847 2905 3180 2977 pauperibus
3209 2910 3524 2978 erogantur.

2092 2990 2225 3046 CAP.
2255 2990 2298 3044 Ι.
2321 3021 2391 3031 —-
2411 2991 2565 3048 Deus
2587 2991 2830 3048 humani
2851 2995 3082 3067 generis
3094 2995 3367 3058 conditor
3378 2999 3436 3053 et
3447 2996 3669 3054 redem-

2023 3081 2174 3150 ptor,
2203 3077 2303 3150 qui
2335 3096 2442 3135 nos
2471 3081 2543 3136 ad
2577 3082 3000 3151 promissiones
3029 3083 3159 3140 vitae
3189 3087 3415 3140 aeterna;
3446 3101 3548 3158 per
3577 3101 3666 3142 se-

2025 3166 2201 3222 mitas
2233 3167 2358 3222 vult
2386 3167 2688 3224 ambulare
2709 3171 2978 3240 justitiaa,
3001 3173 3065 3244 (ι)
3087 3172 3226 3244 quia
3243 3189 3362 3229 non
3385 3173 3668 3230 defutura:

2023 3259 2190 3310 erant
2204 3254 2553 3310 tentatioues
2576 3273 2703 3328 quae
2726 3259 2896 3314 nobis
2917 3259 2975 3314 in
2997 3259 3206 3316 itinere
3223 3260 3509 3317 virtutum
3529 3262 3670 3318 insi-

2023 3341 2203 3400 diosis
2232 3344 2681 3400 adversarentur
2711 3348 3076 3419 occursibus,
3109 3339 3452 3406 multis'nos
3473 3351 3668 3422 praesi-

2021 3431 2872 3505 diis,dilectissimi,(’m)quibus
2892 3435 3133 3508 laqueos
3146 3437 3363 3494 diaboli
3383 3439 3668 3497 obterere-

2023 3537 2177 3588 mus,
2199 3519 2502 3576 instruxit:
2541 3521 2694 3577 inter
2715 3539 2840 3594 quae
2863 3523 2972 3579 hoc
3003 3524 3240 3582 famulis
3262 3525 3386 3582 suis
3409 3527 3669 3585 saluber-

2022 3609 2238 3664 rimum
2297 3608 2564 3677 contulit,
2599 3613 2664 3664 ut
2721 3615 2924 3668 contra
2975 3628 3178 3668 omnes
3233 3613 3456 3670 inimici
3501 3615 3666 3674 dolos

2020 3695 2361 3752 fortitudine
2383 3713 2443 3751 se
2463 3697 2833 3754 continentia:
2855 3704 2912 3754 et
2927 3700 3200 3772 operibus
3218 3700 3450 3772 pietatis
3475 3719 3666 3760 arma-

2021 3789 2168 3843 rent.
2201 3784 2304 3840 Ille
2323 3785 2478 3840 enim
2501 3788 2656 3845 842
2687 3787 2785 3858 qui
2809 3787 2881 3844 ab
2904 3789 3068 3845 initio
3092 3789 3300 3860 primis
3326 3789 3668 3850 hominibus

2019 3874 2314 3944 interdicti
2337 3875 2448 3931 cibi
2472 3875 2718 3933 inseruit
2737 3878 3063 3950 appetitum
3077 3877 3230 3950 (Gen.
3251 3895 3334 3946 III,
3355 3879 3494 3952 5),et
3514 3880 3668 3939 male

2021 3962 2275 4019 credulis
2288 3979 2390 4034 per
2404 3963 2735 4021 illecebram
2749 3965 2958 4022 edendi
2979 3965 3243 4022 omnium
3257 3984 3438 4025 concu
3447 3969 3670 4042 piscen-

2019 4052 2236 4108 tiarum
2255 4052 2418 4108 virus
2439 4051 2671 4120 infudit,
2697 4055 2932 4110 easdem
2959 4055 3194 4112 fraudes
3216 4059 3530 4115 retractare
3551 4075 3667 4116 non

2021 4140 2257 4207 desinit,
2283 4146 2339 4197 et
2357 4141 2413 4196 in
2437 4146 2665 4209 natura,
2689 4161 2868 4215 quam
2889 4144 3001 4201 scit
3031 4145 3155 4200 suis
3182 4147 3508 4204 seminibus
3538 4164 3670 4206 esse

2019 4229 2641 4303 vitiatam,(n)sationis
2663 4251 2779 4288 suae
2805 4250 3044 4304 germen
3066 4233 3406 4306 inquirit,ut
3421 4237 3494 4292 ad
3515 4237 3670 4296 labe-

2022 4319 2294 4374 factanda
2315 4319 2667 4375 studiavirtu
2679 4321 2714 4375 ti
2723 4321 3133 4390 s,desiderium
3145 4322 3460 4395 voluptatis
3471 4340 3670 4382 accen-

2093 4450 2157 4521 (f)
2185 4449 2525 4576 Exemplum
2557 4451 2720 4508 Pauli
2749 4453 2931 4523 Diac.,
2954 4457 3255 4511 constantia
3274 4455 3407 4528 ﬁdei
3427 4460 3478 4512 et
3489 4471 3670 4529 perse-

2093 4538 2186 4576 ran
2213 4538 2286 4576 za.
3321 4569 3326 4572 .

2019 4538 2286 4578 veranua.

1040 4569 1666 4682 vsjfnt'aiii'cqnformior.
1680 4590 1804 4647 visa
1823 4596 1914 4682 est
1944 4599 1988 4662 Ι)
2342 4592 2469 4682 Vat.
2487 4594 2846 4682 Lpngoba'rd:
2859 4597 2985 4660 ,Per
3003 4612 3128 4682 eum
3143 4569 3463 4682 qui'viuitct
3478 4607 3672 4682 regnat

267 4661 383 4733 huic
397 4661 573 4732 lectio
593 4687 778 4744 quam
787 4661 1125 4744 invenimus
1147 4682 1261 4720 non
1287 4663 1478 4744 solum
1497 4661 1770 4744 inprima
1791 4664 1910 4744 edi-

262 4749 418 4804 tione
441 4751 498 4802 et
521 4733 666 4799 mss.
695 4740 918 4798 collect.
942 4739 997 4804 3,
1019 4753 1219 4793 verum
1253 4735 1427 4790 etiam
1457 4734 1513 4788 in
1547 4733 1778 4804 duobus
1810 4734 1911 4789 Le-

259 4803 508 4876 ctionar.
538 4814 671 4870 Vat.
699 4816 756 4869 et
771 4803 987 4867 Veron.
1006 4813 1064 4865 et
1083 4809 1144 4862 in
1171 4805 1485 4877 exemplari
1531 4803 1693 4878 Pauli
1724 4805 1911 4878 Diac.,

261 4875 418 4965 quod
440 4888 642 4965 solum
657 4898 1008 4965 pro-aggeras
1027 4880 1203 4965 habet
1227 4875 1734 4965 exaggerassUunus‘
1745 4875 1911 4965 Vat.,

258 4948 508 5032 augeres.
531 4948 878 5032 Vulgatis'ic
903 4970 915 5032 ς
948 4951 1162 5032 Swuisti
1177 4951 1488 5020 persecutor
1509 4948 1570 5000 in
1590 4955 1909 5018 martyrem,

254 5021 471 5092 sapisti
497 5033 550 5086 et
578 5021 793 5099 attigisti
817 5026 1081 5099 palmam,
1112 5021 1262 5099 ςὶκιηξ
1271 5034 1499 5099 aggeras
1522 5033 1766 5099 pernam.

327 5088 412 5187 (b)
445 5088 918 5187 Quespellus,'ad
937 5088 1194 5187 viderim.
1225 5088 1648 5187 Re‘vocavi‘mu‘s.
1663 5088 1912 5171 aliarum

259 5160 590 5232 editionum
613 5160 944 5236 lectionem,
975 5181 1102 5237 quae
1125 5167 1183 5219 et
1202 5160 1408 5218 melior
1427 5163 1616 5237 e_st,__et
1635 5160 1692 5237 in
1724 5177 1817 5215 om
1829 5160 1913 5215 ni-

259 5230 375 5304 bus
405 5241 630 5300 nostris
658 5257 803 5296 mss.
835 5230 1148 5299 invenitur,
1181 5249 1286 5288 nec
1309 5249 1423 5287 non
1445 5231 1504 5286 in
1532 5230 1628 5286 illo
1681 5232 1915 5286 inventa

255 5318 377 5374 fuit
405 5333 521 5374 auo
556 5330 704 5369 usus
735 5315 824 5366 est
854 5307 1068 5365 Paulus
1104 5305 1254 5360 Diae.

335 5372 817 5459 (c)ilomil.Pauii
852 5376 1248 5459 Diac.,quandp
1279 5377 1582 5459 commenta
1603 5372 1915 5459 tyrannidis

253 5445 460 5517 tuae'in
493 5457 755 5512 honorem
785 5445 1124 5509 transierunt
1147 5445 1420 5519 triumphi
1442 5446 1608 5500 etiam
1636 5446 1782 5500 inter
1808 5448 1916 5500 tor-

251 5527 829 5603 mmtempléeiim.
891 5595 902 5603 .
1380 5589 1393 5603 .
1507 5589 1516 5599 .

357 5601 414 5672 ἀ)
438 5589 618 5654 Ideni.
643 5594 852 5672 Homil.
864 5593 1144 5672 ἱιρυὶζίσοέῖ
1153 5589 1584 5672 umero,‘l_uinine
1602 5589 1916 5672 coruscante

249 5659 526 5746 {uigor-is,
551 5659 1071 5746 quam_ctariﬁca.ta.‘
1096 5661 1290 5746 Prima
1317 5659 1492 5716 editio
1523 5663 1578 5714 et
1608 5659 1736 5714 cod.
1769 5659 1910 5714 Bon.

251 5735 597 5820 'gtqriﬁgata,
633 5738 861 5820 reliqua
889 5740 954 5820 ut
977 5735 1035 5790 in
1056 5737 1238 5820 t‘ex‘tu.
1352 5819 1356 5820 ν

340 5805 424 5889 (e)'
445 5805 664 5871 Eadem
692 5805 871 5869 editio
903 5810 962 5866 et
989 5805 1115 5864 cod.
1147 5805 1312 5874 Bon.,
1344 5805 1608 5862 veritatis.

2021 4666 2080 4719 in
2120 4665 2324 4720 szecula
2371 4665 2716 4720 saeculorum.
2752 4666 2946 4722 Prima
2992 4665 3202 4724 editio:
3233 4671 3342 4725 Per
3372 4665 3669 4727 Dominum

2019 4737 2463 4813 nostrumJesum
2481 4735 2756 4813 Christum
2785 4739 2988 4813 Filium
3015 4743 3191 4807 tuum,
3220 4743 3320 4813 qui
3336 4744 3510 4798 tecum
3531 4743 3670 4799 vivit

2018 4814 2069 4862 et
2100 4809 2290 4884 regnat
2319 4807 2380 4860 in
2409 4809 2622 4884 unitate
2649 4808 2886 4880 Spiritus
2915 4813 3088 4866 sancti
3113 4827 3216 4884 per
3228 4807 3430 4870 'omnia
3457 4815 3670 4872 saecula

2019 4879 2361 4933 saeculorum.
2394 4879 2577 4933 Amen.

2091 4948 2762 5022 (h)_Lectionar.pVenet.
2797 4951 2854 5006 S.
2888 4951 3065 5009 Marci
3095 4953 3218 5022 454,
3251 4955 3506 5013 hortatio.

2092 5022 2157 5092 (ἱ)
2189 5018 2381 5092 Prima
2409 5019 2606 5089 editio,
2639 5025 2904 5092 corporis.

2111 5091 2159 5162 1)
2189 5091 2404 5162 Eiidem
2434 5092 2612 5148 editio
2643 5091 2878 5162 omittit,
2909 5097 3138 5162 pariter.
3567 5131 3579 5140 _

2115 5161 2169 5242 tr.)
2187 5161 2329 5242 liceo
2351 5161 2616 5242 clausula
2639 5180 2708 5220 ex
2736 5161 2872 5242 cod.
2896 5161 3112 5242 Veneto
3144 5167 3414 5242 apposita
3440 5168 3547 5242 est:

2116 5233 2167 5310 ι)Δ
2187 5231 2380 5310 Vul_g_.,
2411 5234 2478 5310 (te
2503 5237 2696 5310 futura
2725 5241 3042 5310 tentatione,
3073 5231 3201 5310 quzé
3220 5231 3441 5310 nobis...
3472 5236 3668 5293 adver-

2020 5306 2258 5378 saretur.
2282 5305 2472 5378 Magis
2502 5307 2724 5378 placuit
2755 5309 2945 5366 Lectio
2973 5305 3097 5366 cod:
3132 5308 3356 5365 Veneti.

2093 5373 2192 5445 (τη)
2221 5373 2478 5448 Editiiin
2494 5373 2708 5448 quibus.
2736 5379 3063 5436 Delevimus
3087 5382 3143 5434 in
3166 5377 3508 5435 auctoritate
3531 5395 3666 5436 nos-

2021 5448 2246 5500 trorum
2279 5446 2566 5504 codicum.

2093 5517 2177 5603 (a)
2206 5517 2375 5603 Vulg.
2409 5524 2541 5603 ante
2573 5521 2784 5603 Queen.
2809 5521 3054 5603 addunt,
3073 5524 3124 5603 et
3151 5523 3481 5603 corripiant.
3509 5520 3670 5603 linus

2022 5589 2152 5642 Vat.
2186 5589 2345 5655 cod,
2363 5606 2476 5647 esse
2507 5593 2790 5647 incitatam
2817 5596 2866 5647 et
2881 5594 3211 5662 corruptam.
3237 5589 3434 5648 Prima
3461 5592 3661 5662 editio,

2021 5673 2187 5733 quam
2207 5662 2433 5733 scitsuis
2453 5663 2752 5718 seminibus
2770 5663 3193 5730 incitatam,esse
3210 5665 3671 5733 vitiatam.Ques-

2022 5728 2340 5786 nellianam
2363 5731 2674 5790 lectionem
2696 5732 2888 5789 caeteri
2906 5728 3089 5791 nostri
3111 5736 3280 5794 codd.
3299 5728 3670 5796 conﬁrmant.
