4048 6168
250 369 345 431 us
1303 378 1323 401 ‘
1634 361 1899 428 SERMO
1939 361 2232 425 LXXXIX
2246 405 2261 422 .

248 519 343 578 pus
366 500 699 574 afﬁcere,et
728 519 888 560 nunc
920 498 1300 571 moderatius,
1334 517 1492 560 nunc
1522 516 1656 559 vero
1682 499 1884 559 distri-
1913 492 1970 563 Α
2000 499 2251 557 tationes
2272 514 2387 557 non
2410 494 2943 571 corruptibiles,sed
2960 500 3226 568 aeternas,

3530 354 3649 424 4416

3320 503 3487 576 piens
3512 519 3648 560 con-

250 594 377 650 otius
402 597 774 666 repugantcs
805 592 1040 666 spiritui
1079 592 1341 650 carnales
1386 592 1889 665 concupiscentiae
1993 591 2238 648 tinentia
2266 594 2443 664 petat,
2478 594 2533 645 et
2564 589 2624 645 in
2657 606 2917 646 amorem
2948 589 3028 663 (h)
3058 592 3188 664 ejus
3218 593 3354 650 boni
3379 600 3504 654 sine
3528 616 3645 671 quo

247 684 528 751 edomare,
581 683 945 756 quibusdam
994 687 1191 739 tamen
1244 683 1450 740 diebus
1498 684 1570 739 ab
1614 683 1888 739 omnibus

246 775 452 844 oportet
473 771 708 844 pariter
728 771 1006 828 celebrari
1038 771 1305 844 generale
1318 772 1635 845 jejunium,
1665 776 1719 827 et
1748 775 1888 826 tunc

246 859 1112 932 estefﬁcacior(a)sacratiorque
1126 861 1612 934 devotio,quando
1630 860 1688 915 in
1707 860 1892 933 operi-

245 950 345 1006 bus
360 948 805 1021 pietatistotius
838 949 1106 1005 Ecclesia
1143 968 1297 1005 unus
1320 951 1553 1006 animus
1568 952 1892 1005 ctunusest

248 1054 466 1095 sensus.
506 1037 753 1094 Publica
782 1038 938 1094 enim
969 1039 1328 1111 praferenda
1351 1043 1489 1096 suut
1520 1040 1770 1112 propriis
1797 1058 1809 1107 ;
1835 1043 1892 1094 et

250 1127 318 1183 ibi
340 1126 731 1199 intelligenda
752 1132 841 1183 est
870 1128 1164 1199 praecipua
1186 1127 1331 1183 ratio
1355 1127 1647 1194 utilitatis,
1682 1128 1781 1183 ubi
1807 1128 1890 1182 vi-

247 1215 380 1289 gilat
406 1232 558 1272 cura
588 1214 942 1272 communis.
977 1216 1052 1287 (b)
1084 1217 1303 1272 Teneat
1330 1216 1509 1287 igitur
1525 1215 1889 1289 diligentiam

247 1322 403 1361 suam
436 1305 824 1361 observantia
867 1304 1260 1378 singulorum,
1304 1309 1360 1360 et
1390 1310 1592 1361 contra
1620 1304 1889 1377 nequitiae

250 1396 391 1451 340
413 1392 707 1466 spiritalis
738 1393 1008 1462 insidias,
1042 1394 1348 1465 implorato
1364 1392 1568 1449 divina
1582 1394 1890 1466 protectio-

250 1483 332 1538 nis
360 1480 683 1554 auxilio,(c)
716 1480 973 1537 cmlestia
999 1481 1248 1554 quisque
1280 1498 1443 1537 arma
1460 1482 1752 1553 corripiat.
1779 1481 1891 1537 Sed

255 1570 680 1627 ecclesiasticus
698 1569 891 1637 miles,
905 1569 1133 1626 etiarnsi
1159 1570 1512 1643 specialibus
1530 1570 1744 1641 praliis
1766 1586 1894 1641 pos—

256 1661 323 1716 sit
349 1660 580 1716 fortiter
596 1658 1213 1728 facere,tutiustamen
1245 1662 1302 1716 et
1330 1658 1556 1715 felicius
1570 1658 1889 1727 dimicabit,

258 1750 299 1807 si
319 1753 521 1806 contra
546 1748 779 1804 hostem
805 1747 996 1821 palam
1020 1748 1077 1803 in
1104 1748 1224 1803 acie
1237 1748 1608 1805 steteritmbi
1634 1765 1747 1802 non
1768 1748 1893 1803 suis

258 1844 473 1896 tantum
503 1837 733 1893 viribus
756 1841 1048 1893 certamen
1066 1838 1348 1905 ineat,sed
1374 1837 1697 1894 subinvicti
1723 1836 1893 1909 Regis

261 1927 491 2001 imperio
504 1927 785 1982 fraternis
801 1926 1172 1982 consociatus
1186 1927 1522 1999 agminibus
1536 1925 1755 1981 bellum
1771 1926 1897 1980 uni-

258 2017 464 2073 versale
479 2014 989 2072 conﬁciat.Minori
1011 2015 1167 2071 enim
1184 2014 1521 2071 discrimine
1534 2014 1731 2088 plures
1750 2032 1892 2070 con-

264 2105 459 2179 ﬂigunt
478 2121 616 2160 cum
639 2103 811 2160 hoste
832 2120 1010 2176 quam
1025 2104 1238 2177 singuli
1258 2120 1392 2171 ;nec
1410 2103 1576 2160 facile
1589 2106 1752 2176 putet
1763 2102 1895 2158 vul-

265 2195 395 2262 neri,
417 2210 590 2267 quem
608 2193 879 2266 opposito
903 2197 1067 2249 scuto
1090 2192 1245 2263 fidei,
1270 2211 1384 2249 non
1399 2195 1768 2259 suatantum,
1792 2192 1893 2247 sed

269 2285 423 2339 etiam
452 2282 706 2339 aliorum
730 2280 1010 2338 fortitudo
1022 2282 1276 2338 defendit
1299 2299 1312 2337 :
1339 2286 1402 2337 ut
1421 2282 1517 2338 ubi
1534 2298 1652 2337 una
1673 2285 1760 2338 est
1777 2295 1897 2337 om-

274 2371 416 2427 nium
446 2389 647 2440 causa,
683 2371 762 2427 sit
791 2388 911 2426 una
925 2371 1182 2427 victoria.

333 2460 454 2515 CAP.
478 2460 653 2515 III.--
666 2459 815 2524 Quia
831 2458 1013 2533 igitur
1033 2460 1403 2517 adversarius
1420 2463 1617 2515 noster
1630 2456 1897 2515 insidiari

280 2548 424 2604 nobis
448 2548 681 2605 diversa
727 2547 1113 2604 tentationum
1141 2553 1263 2604 arte
1295 2566 1408 2604 non
1433 2548 1667 2613 desinit,
1691 2552 1747 2603 et
1776 2547 1897 2603 hac

280 2638 542 2709 est(d)una
569 2637 965 2693 versutiarum
996 2640 1123 2708 ejus
1172 2637 1436 2703 intentio,
1469 2642 1534 2692 ut
1565 2639 1897 2709 redemptos

282 2726 464 2782 Christi
504 2726 796 2799 sanguine
841 2744 875 2782 a
903 2727 1196 2783 mandatis
1231 2728 1327 2783 Dei
1357 2727 1545 2799 possit
1585 2727 1896 2794 abducere,

282 2816 415 2871 omni
440 2815 746 2889 diligentia
774 2817 1217 2889 praecavendum
1251 2820 1339 2872 est
1369 2821 1435 2871 ut
1464 2815 1643 2871 nullis
1674 2815 1897 2871 inimici

278 2902 462 2973 jaculis
479 2902 1020 2960 vulneremur.Tela
1032 2904 1190 2959 enim
1206 2904 1393 2976 ipsius
1413 2920 1525 2959 non
1543 2909 1680 2959 sunt
1692 2920 1899 2977 aspera

283 2991 509 3063 corporis
529 2990 828 3057 sensibus,
863 2992 960 3047 sed
993 2992 1242 3048 nimium
1263 2992 1442 3059 carni,
1479 2997 1543 3048 ut
1568 2992 1774 3047 anima
1796 3010 1897 3049 no-

284 3080 1123 3148 ceant,blandiuntur.Trahunt
1150 3080 1350 3137 oculos
1382 3082 1453 3137 ad
1485 3082 1675 3137 varias
1699 3082 1767 3155 (e)
1792 3099 1894 3137 cu-—

283 3168 552 3240 piditates,
583 3170 733 3226 utde
762 3170 970 3225 mundi
1012 3169 1447 3243 pulchritudine
1476 3171 1895 3243 autconcupis-

1997 679 2197 736 nullus
2223 684 2312 736 est
2337 680 2528 736 bonus
2551 678 3012 737 incontaminata
3031 681 3271 739 castitas
3292 684 3643 743 inardescat.

1996 769 2079 824 Ad
2098 770 2207 825 hoc
2228 767 2384 823 enim
2418 767 2588 823 nobis
2617 767 2833 824 tradita
2858 772 3000 825 sunt
3015 770 3285 828 exercitia
3307 773 3647 831 Christiana

1998 862 2082 927 ut,
2126 860 2381 914 resecata
2431 855 2592 913 omni
2638 855 2841 912 illicita
2870 856 3189 929 voluptate,
3220 859 3280 915 in
3314 867 3547 919 sanctas
3587 868 3644 920 et

1999 946 2292 1020 spiritales
2313 945 2554 1002 delicias
2567 948 2905 1000 astuemus.
2928 945 3082 1003 850
3101 948 3170 1003 Et
3200 965 3332 1006 cum
3358 968 3464 1006 nos
3479 969 3647 1025 opor-

1999 1040 2119 1093 teat
2142 1052 2374 1108 semper
2405 1035 2639 1091 studere
2659 1034 3002 1103 virtutibus,
3021 1035 3261 1108 quidam
3293 1042 3489 1096 tamen
3521 1041 3646 1099 dies

1999 1126 2128 1181 ideo
2163 1128 2301 1181 sunt
2331 1124 2401 1179 ad
2429 1123 2873 1197 castigationem
2905 1125 3238 1182 communis
3268 1127 3645 1186 observantia

2000 1212 2340 1279 consecrati,
2373 1217 2439 1268 ut
2469 1212 2664 1268 anima
2685 1229 2812 1284 qua
2841 1214 3090 1269 terrenis
3119 1214 3311 1272 adhuc
3337 1216 3646 1275 desideriis

1997 1302 2334 1375 implicatur
2348 1306 2405 1357 et
2435 1302 2592 1357 curis
2612 1300 2991 1358 saecularibus
3011 1302 3354 1376 impeditur,
3378 1322 3448 1362 ex
3469 1306 3649 1363 inter-

1997 1391 2148 1447 vallo
2182 1390 2387 1447 saltem
2418 1390 2491 1445 ad
2540 1390 2734 1446 divina
2764 1391 3049 1465 respiret;
3097 1397 3155 1449 et
3203 1393 3341 1465 quia
3370 1395 3558 1467 portio
3586 1397 3651 1469 (ἰ)

1999 1480 2284 1537 Dominici
2309 1479 2431 1553 agri
2457 1483 2564 1544 est,
2597 1479 2806 1552 dignos
2826 1479 3161 1537 caelestibus
3192 1482 3419 1539 horreis
3448 1485 3652 1541 afferat

2000 1569 2242 1626 fructus.
2267 1569 2350 1625 Ibi
2368 1569 2525 1625 enim
2549 1585 2683 1641 spes
2706 1573 2795 1625 est
2816 1569 3069 1626 metendi
3090 1570 3188 1626 ubi
3204 1571 3379 1628 fuerit
3401 1572 3647 1647 diligen-

2001 1658 2083 1715 tia
2105 1657 2453 1715 seminandi.

2072 1749 2203 1803 CAP.
2226 1748 2294 1802 V.
2321 1779 2387 1788 —
2404 1748 2521 1816 His,
2550 1747 2940 1815 dilectissimi,
2957 1749 3028 1804 ad
3046 1750 3371 1821 profectum
3384 1757 3651 1809 vestrum

2003 1855 2105 1911 pro
2137 1837 2420 1909 temporis
2450 1836 2754 1893 occasione
2785 1838 3131 1910 perstrictis,
3156 1840 3450 1911 jejunium
3482 1842 3649 1899 vobis

2005 1926 2239 1999 septimi
2263 1926 2485 1982 mensis
2506 1926 2844 1994 indicimus,
2874 1926 2935 1982 in
2967 1944 3082 1999 quo
3102 1944 3205 1984 vos
3226 1946 3343 1986 non
3361 1930 3554 1987 solum
3581 1933 3652 1989 de

2004 2016 2269 2071 ciborum
2293 2015 2665 2081 abstinentia,
2701 2016 2802 2072 sed
2825 2016 2999 2072 etiam
3023 2016 3094 2072 de
3117 2017 3354 2090 pietatis
3376 2019 3653 2094 operibus

2004 2120 2475 2160 commonemus:
2503 2106 2565 2159 ut
2597 2105 2752 2176 quod
2776 2105 2987 2162 vestris
3005 2106 3213 2163 usibus
3230 2107 3502 2181 religiosa
3522 2127 3652 2182 par—

2003 2193 2176 2248 citate
2189 2192 2537 2249 subtrahitis
2559 2192 2615 2247 in
2640 2191 2976 2250 alimoniam
2992 2211 3317 2266 pauperum
3333 2201 3391 2253 et
3408 2197 3466 2252 in
3489 2198 3650 2257 cibos

2005 2280 2286 2336 debilium
2300 2280 2665 2337 transferatis
2681 2300 2694 2349 ;
2708 2281 2984 2337 omnibus
2999 2282 3234 2355 quidem
3251 2284 3651 2357 indigentibus

2004 2368 2257 2441 generali
2290 2369 2693 2426 benevolentia
2713 2370 3108 2440 consulentes,
3138 2372 3239 2428 sed
3271 2373 3650 2439 maximeieo-

2005 2474 2137 2515 rum
2161 2474 2449 2514 memores
2481 2460 2578 2530 qui
2596 2463 2734 2514 sunt
2746 2460 2816 2515 de
2847 2460 3130 2516 membris
3152 2462 3413 2533 corporis
3434 2460 3647 2521 Christi

2005 2546 2241 2604 etnobis
2254 2547 2476 2602 unitate
2490 2547 2784 2604 catholicae
2805 2546 2936 2604 ﬁdei
2954 2547 3470 2621 copulantur.Plus
3491 2553 3648 2611 enim

2006 2637 2286 2693 debemus
2318 2637 2533 2693 nostris
2564 2654 2666 2710 pro
2685 2637 2974 2694 consortio
2995 2638 3213 2712 gratia,
3243 2655 3420 2712 quam
3444 2642 3652 2701 alienis

2007 2742 2110 2799 pro
2123 2725 2533 2781 communione
2549 2728 2789 2781 natura.

2075 2817 2204 2869 CAP.
2237 2813 2331 2869 VI.
2364 2846 2432 2853 —-
2468 2814 2740 2869 Abundet
2766 2831 2903 2887 ergo
2933 2814 2992 2871 in
3021 2815 3206 2885 vobis,
3243 2817 3641 2890 dilectissimi,

2005 2902 2337 2975 benignitas
2357 2901 2713 2970 Christiana;
2739 2906 2796 2958 et
2816 2902 2967 2960 sicut
2987 2907 3494 2965 recurrentiaanni
3510 2914 3654 2968 tem-

2007 3008 2149 3064 pora
2168 2991 2514 3047 desideratis
2540 2995 2605 3047 ut
2628 2990 2801 3065 plena
2824 2993 2942 3048 sint
2962 2993 3271 3064 fructibus,
3294 2996 3378 3054 ita
3399 3002 3456 3054 et
3476 3001 3653 3057 corda

2004 3085 2197 3136 vestra
2232 3080 2542 3154 pascendis
2576 3080 2693 3137 sint
2718 3081 2968 3138 fecunda
3015 3085 3395 3156 pauperibus.
3431 3089 3653 3154 Quibus

2007 3170 2213 3242 utique
2230 3169 2419 3241 potuit
2439 3169 2616 3237 Deus,
2649 3171 2820 3242 cujus
2842 3176 2981 3227 sunt
3012 3173 3229 3242 omnia,
3262 3178 3652 3235 necessariam

288 3259 458 3314 centia
478 3259 873 3315 accendantur
894 3258 1068 3326 faces,
1094 3264 1196 3314 aut
1213 3259 1280 3331 (Γ)
1303 3260 1788 3331 superstitionum
1821 3260 1901 3333 gi-
1928 3246 1971 3313 C
2007 3259 2268 3313 conferre
2292 3257 2772 3326 substantiam,et
2789 3258 2935 3316 tales
2949 3258 3032 3315 eis
3048 3261 3307 3317 tribuere
3318 3264 3649 3337 facultates,

288 3348 510 3418 gnantur
526 3347 967 3419 errores.(g)Per
980 3347 1295 3404 insidiosos
1315 3347 1490 3403 etiam
1515 3365 1691 3403 sonos
1710 3348 1898 3405 molli-

289 3433 384 3490 bus
394 3435 595 3492 ictibus
612 3435 1224 3509 pulsaturauditus,ut
1236 3436 1417 3491 animi
1432 3435 1698 3493 soliditas
1714 3435 1900 3493 illece-

289 3521 838 3581 brosamodulatione
850 3524 1193 3592 solvaturget
1204 3523 1378 3581 lethal
1388 3525 1508 3581 ium
1524 3526 1898 3581 consuetudi-

289 3626 350 3666 ne
363 3613 696 3669 snavitatum
712 3612 950 3669 incauta
964 3618 1022 3670 et
1043 3629 1247 3685 parum
1266 3613 1461 3670 sobria
1472 3615 1649 3670 corda
1661 3614 1895 3687 capian-

289 3701 483 3758 tur.Sed
502 3702 607 3759 hos
618 3701 851 3758 diabolo
874 3701 1378 3759 dolosinefficaces
1392 3707 1449 3758 et
1465 3702 1661 3759 irritos
1676 3703 1899 3759 faciunt

289 3786 464 3845 divina
475 3791 745 3864 prasidia
755 3790 979 3864 gratia,
1003 3794 1060 3846 et
1096 3790 1441 3865 evangelica
1463 3795 1749 3864 pracepta
1760 3792 1895 3848 doc-

291 3877 729 3944 trinaﬂuoniam
750 3881 851 3952 qui
865 3884 1215 3953 acceperunt
1226 3879 1511 3953 Spiritum
1529 3888 1823 3952 sanctum,
1840 3886 1897 3938 et

293 3966 524 4036 aquibus
539 3970 715 4025 timor
742 3969 976 4025 Domini
1012 3970 1210 4025 nonde
1225 3986 1405 4042 pana
1427 3970 1758 4036 formidine,
1792 3972 1891 4027 sed

290 4052 441 4110 deDei
471 4057 747 4114 charitate
779 4063 1099 4130 conceptus
1129 4062 1239 4125 est,
1264 4058 1443 4114 illaso
1475 4058 1607 4115 fidei
1632 4060 1778 4130 pede
1809 4060 1892 4116 la-

295 4155 445 4211 queos
474 4145 672 4202 talium
695 4147 1382 4219 conteruntcaptionum,
1415 4150 1480 4201 ut
1492 4151 1893 4204 creaturarum

299 4232 518 4289 omnium
532 4234 934 4307 pulchitudine
953 4235 1022 4290 ad
1036 4235 1281 4307 gloriam
1298 4239 1354 4291 et
1366 4235 1597 4291 laudem
1614 4237 1705 4291 sui
1724 4240 1893 4293 utan-

300 4319 892 4396 turauctoris,eumque
908 4323 1155 4397 diligant
1171 4339 1349 4397 super
1370 4340 1464 4379 om
1474 4324 1701 4397 nia,per
1716 4342 1891 4398 quem

303 4404 425 4464 facta
449 4416 575 4467 sunt
602 4413 802 4469 omnia
820 4415 995 4480 (Joan.
1020 4430 1061 4479 ι,
1093 4412 1169 4483 3).

354 4495 733 4557 ΟΑΡ.Ιν.-Ιη
772 4501 952 4573 hujus
991 4500 1460 4571 admirationem,
1498 4500 1887 4572 dilectissimi,

298 4585 514 4645 omnium
528 4590 790 4647 fidelium
813 4591 1015 4647 tendat
1045 4590 1267 4646 affectio
1295 4608 1308 4659 ;
1342 4590 1413 4646 de
1438 4590 1548 4647 hoc
1569 4590 1682 4647 sibi
1705 4590 1895 4647 delec-
1925 4610 1969 4676 ι)

350 4832 413 4976 $8
439 4835 517 4905 Al,
545 4840 907 4911 sanctiorque.
1770 4911 1781 4924 _
1818 4913 1828 4923 _

358 4966 363 4973 λ
440 4907 516 4964 Ita
534 4926 667 4966 cum
684 4907 995 4976 Quesnello
1017 4926 1129 4966 ms.
1152 4907 1428 4967 Venetus.
1452 4910 1676 4966 Catera
1693 4911 1828 4968 editi

358 4905 413 4976 [0)
440 4907 516 4964 Ita
534 4905 995 4991 cum_Quésnello
1017 4926 1129 4991 ms.
1152 4907 1428 4991 Venetus.
1452 4910 1676 4991 (latera
1693 4911 1892 4991 editio-

292 4987 376 5063 ξιςε
396 4995 513 5063 cum
541 4983 708 5039 codd.
743 4980 964 5039 collect.
1000 4980 1387 5053 posteriorum
1414 4997 1427 5038 :
1472 4982 1764 5040 Teneant...
1797 4986 1890 5041 ob-

286 5058 675 5243 κῗέπῦιιῇὲᾳῐί,
699 5124 955 5196 arripiat.
992 5122 1213 5179 Placuit
1233 5121 1401 5179 lectio
1424 5139 1533 5180 ms.
1556 5123 1779 5181 Veneti.

344 5190 359 5243 (
397 5194 410 5243 l
438 5192 493 5243 In
514 5212 701 5243 prima
718 5195 971 5243 editione
999 5195 1160 5243 deest
1186 5211 1317 5243 una.

344 5190 395 5258 (ἀ
438 5192 494 5249 In
535 5190 702 5252 Vrim’a
718 5190 971 5252 editione
999 5195 1160 5251 deest
1186 5211 1317 5249 una.

342 5194 410 5402 5%
431 5212 632 5351 Plagam
660 5266 867 5349 editio,
898 5268 1242 5346 tentationes.
1273 5335 1283 5346 ο

429 5335 725 5402 Respicere
746 5338 975 5393 Videtur
986 5355 1052 5393 su
1062 5340 1317 5402 perstitio

279 5406 1020 5489 astrorum'_pulchritudine
1060 5406 1363 5489 captauex
1410 5406 1587 5489 astris
1627 5406 1889 5489 fecerunt

279 5427 1020 5536 uimmmhpuicnrnumne
1067 5427 1246 5489 capta
1283 5427 1363 5489 _ex
1410 5427 1587 5463 aSLI'IS
1627 5427 1885 5465 iecerunt

274 5469 416 5561 ﬁcos,
442 5478 523 5535 vel
565 5480 1026 5561 “anichaprum,
1059 5496 1159 5561 qui
1192 5476 1299 5561 soli
1331 5477 1885 5561 ac_lunaﬂsppersti_-

272 5542 477 5623 tiosnmi
491 5552 711 5608 cultum
735 5553 959 5608 deferre
972 5542 1042 5607 ab
1056 5542 1181 5623 ipso
1197 5551 1384 5605 Leone
1396 5550 1609 5605 inventi
1627 5542 1887 5619 fuerunt,

268 5617 604 5693 uti_traditur
631 5640 810 5679 serm.
844 5625 934 5690 42,
968 5640 1015 5678 c.
1039 5617 1097 5690 5,
1124 5626 1181 5678 et
1208 5638 1297 5693 ep.
1334 5623 1421 5688 15,
1450 5623 1521 5693 ad
1552 5617 1883 5691 Turibium,

266 5697 309 5737 c.
343 5688 389 5742 4.
435 5692 571 5750 Vide
608 5695 787 5751 etiam
834 5688 1187 5766 peculiarem
1235 5688 1688 5765 supersitionem
1748 5688 1887 5767 erga

431 5264 632 5323 Eadem
660 5266 867 5332 editio,
898 5268 1242 5323 tentationes.

429 5335 736 5411 Respicereg
746 5338 975 5411 videtur
986 5335 1459 5409 superstitionem
1473 5337 1737 5411 gentium
1758 5355 1885 5410 qua

2011 3351 2077 3403 ut
2122 3346 2181 3401 in
2213 3345 2375 3402 nullo
2404 3346 2614 3402 vestris
2644 3345 3055 3419 largitionibus
3078 3348 3563 3422 indigerentgsed
3596 3360 3653 3412 et

2006 3434 2125 3490 illis
2150 3439 2207 3490 et
2230 3434 2395 3489 vobis
2427 3434 2613 3490 multa
2640 3435 2923 3491 virtutum
2955 3437 3199 3493 materia
3246 3438 3547 3510 defuisset,
3600 3443 3651 3500 si

2007 3540 2112 3579 nec
2131 3522 2262 3578 illos
2279 3523 2349 3578 ad
2373 3523 2662 3595 patientia
2677 3540 2950 3579 coronam
2976 3525 3172 3597 inopia
3200 3534 3509 3597 exerceret,
3545 3548 3649 3588 nec

2003 3627 2107 3667 vos
2124 3612 2195 3667 ad
2216 3610 2625 3667 misericordia
2638 3610 2886 3683 gloriam
2901 3611 3066 3683 copia
3081 3621 3438 3685 provocaret.
3473 3616 3648 3675 Mira-

2005 3699 2198 3756 biliter
2229 3704 2423 3756 autem
2454 3700 2818 3772 providentia
2845 3699 3040 3757 divina
3055 3701 3347 3774 disposuit
3369 3707 3434 3760 ut
3453 3712 3651 3763 essent

2005 3788 2064 3843 in
2097 3787 2356 3845 Ecclesia
2401 3792 2458 3845 et
2486 3788 2671 3845 sancti
2706 3805 2993 3861 pauperes
3032 3795 3089 3846 et
3118 3789 3325 3847 divites
3355 3793 3511 3863 boni,
3546 3796 3646 3869 qui

2002 3877 2249 3933 invicem
2269 3877 2378 3933 sibi
2403 3895 2472 3934 cx
2493 3877 2622 3949 ipsa
2644 3878 2978 3934 diversitate
3011 3879 3372 3952 prodessent,
3407 3898 3542 3940 cum
3574 3886 3647 3942 ad

2002 3970 2218 4022 aeterna
2233 3966 2311 4022 eti
2320 3970 2634 4039 ncorrupta
2650 3967 3283 4039 pramiapromerenda
3298 3970 3414 4027 Deo
3427 3973 3648 4046 gratias

2001 4056 2684 4128 agerentaccipientes,et
2707 4057 2816 4112 Deo
2830 4057 3050 4130 gratias
3064 4063 3300 4131 agerent
3312 4059 3645 4134 largientes:

2002 4144 2464 4216 quoniam,sicut
2492 4145 2777 4217 scriptum
2800 4150 2908 4216 est,
2925 4147 3327 4219 (j)etpaiienlia
3341 4167 3649 4223 pauperum

2004 4250 2111 4290 non
2138 4235 2349 4305 peribit
2379 4234 2439 4288 in
2464 4238 2734 4291 aternum
2769 4234 2881 4307 (Ps.
2916 4250 2992 4302 lx,
3018 4235 3129 4308 49),
3160 4240 3212 4292 et
3234 4236 3467 4294 hilarem
3495 4241 3649 4298 dato-

2001 4338 2119 4377 rem
2136 4322 2323 4393 diligit
2355 4323 2493 4377 Deus
2514 4322 2612 4394 (Il.
2631 4322 2751 4378 Cor.
2784 4340 2859 4390 1x,
2891 4322 3193 4394 7).Quarta
3213 4324 3393 4396 igitur
3412 4331 3468 4381 et
3491 4333 3651 4384 sexta

2002 4410 2147 4466 feria
2154 4411 2236 4482 jej
2246 4426 2496 4468 unemus
2512 4428 2525 4479 ;
2540 4411 2784 4467 sabbato
2804 4427 2935 4467 vero
2956 4412 3109 4483 apud
3124 4412 3533 4470 beatissimum
3548 4416 3649 4473 Pe-

2002 4503 2161 4556 trum
2186 4499 2517 4572 apostolum
2538 4498 2767 4572 vigilias
2789 4498 3170 4567 celebremus,
3205 4506 3506 4573 sperantes
3538 4521 3646 4562 nos

2000 4586 2083 4645 ita
2111 4586 2297 4661 ipsius
2327 4587 2689 4645 orationibus
2719 4587 3104 4659 adjuvandos,
3142 4593 3206 4645 ut
3235 4589 3390 4649 Deus
3422 4592 3650 4652 miseri-

2003 4836 2193 4913 solem
2205 4840 2596 4913 nascentema
2609 4836 2853 4913 paganis
2873 4837 3193 4913 derivatam
3210 4856 3388 4897 serm.
3409 4844 3500 4898 27.
3525 4861 3575 4911 c,
3592 4846 3643 4913 4,

2071 4907 2147 4980 (g)
2172 4909 2256 4964 Ita
2274 4925 2342 4964 ex
2365 4925 2476 4980 ms.
2508 4907 2950 4965 Veneto.Prima
2969 4908 3176 4967 editio:
3218 4914 3479 4971 Insiaz'oso
3498 4907 3647 4970 enini

1998 4979 2127 5036 sono
2139 4987 2193 5057 et
2213 4979 2468 5057 mollibus
2491 4981 2721 5057 (ictibus.
2744 4981 3190 5057 Subsequentes
3211 4984 3494 5041 editiones
3517 5002 3646 5057 qua

2000 5069 2034 5107 a
2064 5050 2256 5123 prima
2286 5067 2403 5123 non
2433 5050 2653 5107 habent
2672 5050 3000 5123 originem':
3024 5055 3288 5111 Insidioso
3315 5058 3484 5110 etiam
3514 5050 3644 5110 ,ξοηο

2000 5069 2034 5107 a
2064 5068 2256 5123 prima
2286 5068 2400 5106 non
2434 5068 2653 5107 nanent
2672 5069 2755 5108 ori

1996 5122 2256 5178 mollibus
2284 5121 2503 5177 ictibus.
2527 5068 2799 5189 Quesneﬁ

1996 5192 2252 5249 mollibus
2280 5194 2497 5248 ictibus.

2806 5141 2875 5180 us
2901 5143 2914 5182 :
2937 5126 3219 5182 Insidiosis
3238 5128 3406 5182 etiam
3423 5127 3571 5181 sonis
3591 5130 3645 5182 et

2070 5264 2574 5389 (h)Supplevimus
2592 5281 2791 5322 vocem
2817 5269 2931 5335 eius
2943 5266 3254 5323 exlaudato
3268 5282 3378 5320 ms.
3397 5264 3638 5324 Veneto.

2070 5337 2132 5389 (il
2156 5334 2243 5389 νυ
2274 5335 2415 5389 arati.
2446 5335 2627 5389 divini
2653 5340 2796 5389 nari.
2826 5338 3033 5389 Melius
3060 5353 3126 5389 ex
3148 5336 3273 5389 cod.
3298 5336 3516 5389 Veneto
3540 5339 3638 5389 Do-

2070 5334 2627 5420 (ilYulgatiudivirii
2653 5340 2796 5420 agri:
2826 5334 3033 5420 Melius
3060 5353 3126 5392 ex
3148 5336 3273 5391 cod.
3298 5336 3516 5392 Veneto
3538 5339 3642 5396 Do-

1995 5407 2215 5478 τηίηἰεὶἐ
2243 5407 2397 5478 quod
2422 5407 2596 5478 Leoni
2621 5407 2902 5465 usitatum
2925 5413 3032 5464 est.

2067 5479 2133 5550 (j)
2183 5476 2535 5551 Particulam
2564 5483 2634 5547 et,
2668 5497 2795 5551 qua
2826 5480 2885 5534 in
2909 5476 3210 5551 Riainaudo
3240 5480 3295 5551 et
3329 5478 3641 5551 Quesnello

1996 5548 2215 5618 deerat,
2249 5566 2317 5604 ex
2334 5549 2609 5606 omnibus
2628 5548 2842 5607 nostris
2864 5549 3094 5605 codd.et
3109 5548 3502 5608 anterioribus
3524 5552 3643 5609 edi-

1993 5620 2254 5696 tionibus
2287 5620 2702 5696 revocavimus.
2734 5621 2868 5677 Cod.
2902 5620 3130 5688 Venet.,
3180 5636 3285 5694 pro
3315 5638 3638 5696 pauperum,

1995 5691 2191 5760 habet,
2222 5693 2501 5763 pauperis.
