4096 6164
481 306 601 370 447

1601 302 1665 368 s.
1711 302 1990 366 LEONIS
2034 300 2284 370 mem
2330 303 2777 386 sessiones.

3716 318 3817 380 με

484 445 815 504 eordiarum
835 438 1046 514 jejunii
1070 436 1256 497 nostri
1276 436 1354 513 (α)
1384 435 1670 497 sacriﬁcio
1691 435 1957 512 placatus
1975 438 2073 496 85
2089 441 2123 496 Ι
2158 441 2214 511 Α
2241 438 2643 499 imbecillitate
2673 439 2926 515 propria,
2961 439 3265 516 possibilia
3291 442 3526 518 spondet
3551 462 3613 504 ex
3639 446 3818 510 virtute

483 534 754 592 exaudiat
780 549 883 604 per
910 531 1115 587 Jesum
1142 528 1439 587 Christum
1474 528 1789 586 Dominum
1837 533 2125 598 nostrum,

482 624 581 697 qui
615 621 754 679 vivit
784 625 989 695 regnat
1020 621 1078 676 in
1130 620 1346 677 saecula
1373 619 1745 675 saeculorum.
1778 620 1980 675 Amen.

833 755 1076 811 SERMO
1116 753 1205 809 xc
1251 755 1357 826 [Αι.
1402 754 1766 825 LXXXVIII].

858 846 935 899 De
960 845 1179 915 Jejunio
1206 843 1422 915 septimi
1450 838 1651 897 mensis
1688 845 1741 898 V.

476 958 775 1011 Svuorsrs.
794 984 858 993 —-
878 954 919 1006 Ι.
952 950 1350 1005 Paenitentiam
1379 965 1591 1017 semper
1619 964 1732 1003 esse
1759 950 2127 1003 necessariam

544 1034 768 1100 propter
781 1025 1067 1100 continuas
1081 1023 1137 1076 in
1146 1022 1299 1100 imici
1318 1020 1550 1100 insilias
1559 1024 1613 1100 et
1626 1021 2128 1100 concupiscentiam

440 1110 449 1120 ‘
544 1090 754 1154 carnis.
787 1128 856 1135 —
901 1095 968 1150 ll.
1004 1092 1199 1149 Omnia
1240 1092 1603 1162 impossibilia
1648 1107 1717 1145 eae
1748 1090 2127 1145 imbecillitate

548 1171 810 1231 humana,
834 1182 944 1223 esse
956 1164 1244 1236 possibilia
1266 1179 1336 1236 ea;
1358 1165 1555 1236 virtute
1577 1163 1785 1217 divina.
1816 1193 1887 1236 ς-
1924 1162 2016 1217 ΙΙΙ.
2052 1164 2125 1218 De

549 1258 733 1297 amore
753 1240 848 1295 Dei
862 1245 912 1294 et
932 1233 1140 1291 mundi.
1163 1264 1232 1274 -ο
1265 1233 1354 1288 IV.
1389 1235 1638 1289 Amorem
1668 1235 1767 1288 Dei
1809 1234 1963 1288 bonis
1997 1249 2120 1305 ope-

547 1314 702 1369 ribus
734 1310 962 1367 nutriri.
995 1311 1108 1363 Cur
1135 1308 1354 1377 septimi
1378 1307 1582 1360 mensis
1602 1307 1905 1377 jejunium.

548 1431 678 1486 CAP.
728 1429 768 1483 I.
820 1457 888 1468 -—-
936 1426 1262 1489 Sacratum,
1325 1421 1714 1487 dilectissimi,
1766 1421 1821 1473 in
1873 1419 2121 1490 septimo

477 1535 677 1577 mense
700 1515 1014 1590 jejunium,
1043 1513 1115 1568 ad
1147 1510 1479 1568 communis
1499 1508 1821 1564 devotionis
1844 1506 2122 1562 exercitia

473 1607 879 1683 praedicamus,
915 1603 1160 1658 fidenter
1188 1618 1288 1656 vos
1320 1599 1581 1671 paternis
1614 1597 2121 1653 cohortationibus

473 1697 804 1760 incitantes,
837 1698 902 1749 ut
931 1692 1086 1763 quod
1118 1690 1226 1745 fuit
1247 1687 1823 1762 (b)ante.]udaicurn,
1844 1688 2120 1756 vestra(c)

474 1786 574 1843 ﬁat
587 1782 955 1842 observantia
969 1778 1499 1835 Christianum.Est
1515 1775 1669 1831 enim
1688 1774 1847 1830 omni
1861 1779 2121 1847 tempore

472 1880 678 1949 aptum
727 1876 783 1928 et
828 1872 1206 1927 Testamento
1251 1867 1485 1939 utrique
1517 1865 1896 1930 conveniens,
1928 1868 1992 1918 ut
2022 1880 2124 1934 per

471 1961 914 2037 castigationem
931 1959 1009 2032 (d)
1027 1962 1083 2014 et
1110 1957 1324 2012 mentis
1355 1960 1410 2011 et
1441 1955 1705 2027 corporis
1724 1952 2125 2008 misericordia

473 2054 671 2112 divina
700 2053 1016 2124 quaeratur,
1071 2046 1212 2119 quia
1255 2043 1402 2100 nihil
1432 2047 1523 2100 est
1553 2043 1852 2098 efficacius
1886 2042 1954 2096 ad
1990 2058 2121 2096 exo-

473 2144 724 2201 randum
755 2144 937 2195 Deum
967 2154 1144 2211 quam
1176 2139 1241 2191 ut
1278 2135 1453 2190 homo
1502 2134 1627 2206 ipse
1675 2148 1738 2187 se
1786 2130 2031 2203 judicet,
2066 2134 2123 2185 et

472 2247 768 2297 NUMQUAM
779 2227 1009 2286 desinat
1023 2243 1057 2282 a
1076 2225 1244 2282 venia
1255 2221 1731 2297 postulanda,qui
1756 2237 1816 2277 se
1830 2221 1943 2289 scit
1956 2236 2122 2274 num-

472 2338 651 2396 quam
662 2335 789 2375 esse
809 2316 934 2373 sine
951 2314 1142 2388 culpa.
1159 2313 1343 2369 Habet
1365 2312 1521 2368 enim
1543 2311 1724 2366 hocin
1742 2310 1887 2381 se(e)
1912 2307 2119 2363 vitium

471 2411 733 2469 humana
764 2410 992 2474 natura,
1024 2420 1141 2460 non
1170 2420 1202 2458 a
1233 2404 1498 2458 Creatore
1523 2398 1898 2465 insitum,sed
1924 2415 1956 2453 a
1978 2414 2119 2469 prae-

470 2498 794 2557 varicatore
832 2498 1221 2560 contractum,
1251 2494 1308 2547 et
1337 2491 1397 2546 in
1423 2494 1689 2564 posteros
1717 2489 1781 2561 (f)
1803 2486 2118 2562 generandi

475 2587 605 2662 lege
628 2585 1017 2648 transfusum,
1070 2586 1135 2637 ut
1181 2581 1252 2636 de
1283 2578 1645 2651 corruptibili
1678 2592 1915 2648 corpore
1942 2574 2118 2631 etiam

474 2677 631 2750 quod
651 2674 908 2730 animam
930 2684 1304 2741 corrumpere
1323 2666 1511 2740 possit
1535 2666 1774 2722 oriatur.
1803 2665 1948 2720 Hinc
1971 2664 2117 2718 inte-

474 2766 595 2822 rior
621 2763 819 2829 homo,
844 2759 921 2831 (g)
942 2757 1177 2815 tametsi
1192 2758 1319 2829 jam
1333 2757 1393 2811 in
1410 2754 1638 2812 Christo
1660 2758 2037 2827 regeneratus
2061 2756 2120 2808 et

475 2848 769 2911 avinculis
790 2846 1146 2921 captivitatis
1160 2850 1251 2901 est
1265 2842 1765 2911 erutus,assiduos
1785 2840 1963 2897 habet
1983 2856 2117 2896 cum

475 2937 1046 3004 carneconﬂictus,et
1065 2937 1209 2992 dum
1230 2933 1463 2992 cohibet
1484 2932 1992 3005 concupiscentem
2015 2947 2115 3003 pa-

473 3030 618 3086 titur
634 3030 1035 3101 repugantem.
1070 3025 1132 3081 In
1152 3041 1268 3098 qua
1295 3021 1587 3079 discordia
1623 3039 1738 3078 non
1776 3019 1941 3077 facile
1967 3018 2118 3076 obti-

476 3125 647 3178 netur
665 3123 786 3175 tam
810 3114 1063 3190 perfecta
1080 3113 1322 3171 victoria
1347 3117 1412 3169 ut
1433 3113 1608 3169 etiam
1623 3112 1701 3186 (h)
1716 3111 1816 3166 illa
1839 3112 2118 3183 quiesunt

2238 531 2469 588 divina:
2504 531 2748 604 Angusta
2792 533 2946 587 enim
2996 535 3046 589 et
3075 535 3227 589 arcta
3262 536 3339 590 est
3362 536 3450 590 via
3476 551 3586 608 qua:
3613 536 3742 596 ducit
3765 540 3823 596 ad

2236 621 2405 675 vitam
2451 620 2655 692 (Matth.
2689 637 2791 689 xu,
2821 620 2932 692 44),
2967 624 3024 677 et
3049 637 3220 677 nemo
3243 621 3300 677 in
3320 639 3442 678 eam
3471 639 3725 696 gressum
3751 627 3823 682 in-

2239 710 2431 775 ferret,
2468 726 2637 765 nemo
2684 709 2998 782 vestigium
3049 715 3422 782 promoveret,
3454 713 3556 769 nisi
3587 714 3819 773 difﬁciles

2236 798 2433 853 aditus
2453 798 2576 870 ipse
2600 814 2661 854 se
2681 798 2945 854 Christus
2976 799 3129 854 viam
3160 799 3414 856 faciendo
3446 808 3704 859 reserarat
3728 820 3739 857 :
3767 809 3822 860 ut

2237 892 2436 944 auctor
2451 888 2676 944 itineris
2693 889 2791 942 ﬁat
2802 888 3162 960 possibilitas
3176 888 3820 962 ambulantis,quiaidem

2235 982 2291 1033 et
2312 977 2632 1032 introducit
2654 978 2725 1032 ad
2752 977 3009 1033 laborem
3033 982 3090 1034 et
3112 977 3375 1050 perducit
3398 979 3467 1033 ad
3489 980 3743 1050 requiem.
3774 983 3824 1037 In

2234 1085 2349 1139 quo
2382 1083 2518 1140 ergo
2549 1066 2717 1123 nobis
2750 1084 2885 1139 spes
2914 1073 3004 1123 est
3032 1073 3254 1123 internae
3289 1068 3429 1135 vitae,
3462 1068 3517 1123 in
3547 1069 3731 1125 eodem
3748 1074 3823 1125 est

2233 1158 2288 1208 et
2308 1153 2493 1208 forma
2514 1154 2822 1226 patientiae.
2848 1154 2909 1209 Si
2918 1155 3075 1211 enim
3091 1158 3469 1227 compatimur,
3502 1164 3549 1210 et
3569 1172 3823 1228 conregna-

2235 1243 2414 1298 bimus
2441 1242 2506 1315 (Il
2542 1244 2674 1297 Tim.
2710 1260 2768 1311 η,
2820 1246 2884 1298 12
2924 1261 2937 1311 ;
2989 1248 3140 1299 Rom.
3176 1261 3295 1312 VIII,
3326 1246 3445 1313 17):
3478 1246 3749 1316 quoniam,
3776 1251 3827 1301 ut

2234 1332 2540 1404 Apostolus
2571 1332 2675 1396 ait;
2728 1333 2824 1402 qui
2868 1349 2926 1388 se
2954 1332 3085 1388 dicit
3116 1335 3177 1388 in
3210 1333 3675 1399 Christosmanere,
3699 1334 3822 1390 debet

2231 1423 2367 1475 sicut
2398 1422 2495 1476 ille
2521 1421 2824 1476 ambulavit
2855 1426 2907 1476 et
2954 1422 3065 1493 ipse
3114 1423 3400 1477 ambulare
3429 1422 3470 1494 (Ι
3498 1424 3642 1478 Joan.
3690 1439 3740 1488 ιι,
3761 1424 3824 1491 6).

2230 1508 2459 1581 Alioqui
2490 1509 2643 1564 falszn
2668 1510 3047 1581 professionis
3070 1511 3323 1584 imagine
3353 1511 3591 1578 utimur,
3621 1510 3663 1566 si
3684 1512 3827 1581 cujus

2232 1600 2466 1656 nomine
2488 1599 2965 1673 gloriamur,ejus
2987 1600 3382 1657 institutanon
3400 1600 3825 1673 sequimurzqua

2231 1691 2433 1762 utique
2454 1689 2622 1746 nobis
2645 1707 2892 1745 onerosa
2913 1707 3028 1746 non
3052 1695 3269 1759 essent,
3302 1691 3441 1746 etab
3464 1689 3719 1746 omnibus
3743 1705 3828 1744 nos

2231 1777 2507 1852 periculis
2532 1777 2922 1848 liberarent,si
2946 1778 3093 1834 nihil
3116 1779 3274 1834 aliud
3300 1795 3474 1851 quam
3498 1777 3639 1849 quod
3662 1793 3828 1832 aman-

2233 1869 2372 1922 dum
2399 1868 2641 1939 jubetur
2666 1884 3020 1923 amaremus.

2303 1958 2438 2013 CAP.
2474 1956 2569 2010 ΙΙΙ.
2611 1989 2678 1996 -—
2711 1957 2834 2012 Duo
2865 1973 3120 2029 namque
3152 1974 3383 2014 amores
3413 1959 3550 2013 sunt
3569 1972 3632 2012 ex
3651 1954 3831 2027 quibus

2230 2063 2433 2101 omnes
2456 2045 2742 2117 prodeunt
2762 2044 3090 2101 voluntates
3102 2046 3200 2112 ,ita
3213 2047 3455 2102 diversae
3470 2043 3829 2118 qualitatibus,

2230 2134 2381 2192 sicut
2393 2134 2735 2211 dividuntur
2747 2135 3439 2191 auctoribus.Rationalis
3452 2134 3602 2191 enim
3615 2132 3830 2195 animus,

2229 2224 2328 2297 qui
2352 2224 2478 2280 sine
2504 2223 2815 2279 dilectione
2863 2241 2991 2280 esse
3020 2241 3136 2280 non
3167 2229 3384 2296 potest,
3418 2225 3492 2297 (k)
3540 2227 3635 2279 aut
3659 2220 3749 2277 Dei
3764 2222 3835 2275 est

2229 2318 2455 2370 amator
2476 2317 2576 2368 aut
2598 2312 2821 2369 mundi.
2854 2313 2913 2368 lu
2939 2312 3250 2369 dilectione
3273 2313 3378 2369 Dei
3400 2312 3559 2369 nulla
3578 2309 3759 2377 nimia,
3786 2308 3833 2362 in

2228 2402 2538 2459 dilectione
2558 2406 2752 2458 autem
2783 2402 2989 2457 mundi
3020 2406 3229 2457 cuncta
3262 2406 3405 2457 sunt
3427 2400 3610 2457 noxia.
3638 2398 3701 2454 Et
3724 2396 3833 2452 ideo

2228 2493 2459 2548 aeternis
2478 2491 2647 2548 bonis
2669 2490 3136 2564 inseparabiliter
3151 2490 3836 2559 inhaerendum,tempora-

2226 2580 2384 2636 libus
2404 2596 2535 2637 vero
2556 2582 2930 2636 transeunter
2957 2580 3242 2637 utendum
3269 2586 3362 2637 est
3384 2597 3397 2636 :
3424 2584 3489 2636 ut
3507 2575 3836 2653 peregrinan-

2224 2670 2385 2727 tibus
2408 2670 2576 2726 nobis
2596 2673 2652 2725 et
2672 2670 2742 2725 ad
2768 2668 3015 2741 patriam
3033 2670 3218 2725 redire
3233 2663 3837 2743 properantibugquid-

2226 2760 2367 2832 quid
2381 2760 2451 2815 de
2463 2757 2948 2832 prosperitatibus
2962 2758 3166 2814 mundi
3180 2759 3365 2830 hujus
3378 2750 3838 2824 occurrerit,viati-

2225 2865 2359 2904 cum
2374 2848 2451 2904 sit
2469 2847 2837 2916 itineris,non
2861 2846 3134 2903 illecebra
3154 2848 3508 2905 mansionis.
3523 2848 3649 2903 Ideo
3665 2845 3838 2901 beatus

2224 2934 2536 3008 Apostolus
2557 2934 2834 3008 praedicat
2864 2934 3063 2992 dicens
3089 2953 3102 2992 :
3138 2937 3367 3009 Tempus
3412 2936 3565 2993 breve
3590 2936 3662 2990 est
3690 2950 3702 2988 :
3729 2928 3837 2986 reli-

2224 3041 2393 3098 quum
2419 3028 2499 3081 est
2526 3028 2587 3080 ut
2607 3026 2702 3096 qui
2716 3024 2916 3079 habent
2935 3040 3152 3093 uxores,
3168 3033 3457 3097 tamquam
3486 3040 3596 3080 non
3622 3021 3838 3077 habentes

2223 3114 2365 3175 sint;
2385 3118 2436 3169 et
2460 3115 2556 3184 qui
2574 3114 2724 3183 ﬂent,
2755 3116 3036 3184 tamquam
3054 3130 3166 3169 non
3184 3115 3411 3183 ﬂentes;
3429 3123 3480 3171 et
3500 3114 3595 3186 qui
3614 3107 3835 3184 gaudent.

475 3187 879 3282 abrumpenda
909 3222 1023 3262 non
1050 3203 1299 3277 illigent,
1320 3206 1378 3259 et
1410 3219 1535 3275 quae
1557 3204 1697 3257 sunt
1715 3197 2119 3256 interﬁcienda
2147 3187 2190 3255 C
2228 3206 2511 3284 tamquam
2532 3216 2639 3257 non
2659 3202 2991 3273 gaudentes;
3021 3206 3076 3257 et
3094 3204 3193 3274 qui
3216 3208 3431 3276 emunt,
3460 3212 3728 3275 tamquam
3746 3211 3838 3251 non

474 3316 591 3356 non
619 3296 943 3354 vulnerent.
976 3292 1419 3361 Quantumlibet
1450 3290 1745 3363 sapienter
1773 3293 1831 3345 et
1882 3287 2117 3360 provide
2220 3290 2590 3363 possidentes;
2619 3292 2668 3345 et
2698 3292 2794 3361 qui
2822 3294 3056 3346 utuntur
3078 3290 3177 3347 hoc
3203 3293 3440 3360 munda,
3470 3299 3731 3361 tamquam
3749 3298 3838 3339 non

463 3388 649 3461 judex
665 3386 900 3443 animus
930 3383 996 3457 (i)
1015 3380 1401 3439 exterioribus
1423 3379 1695 3437 sensibus
1717 3375 1932 3451 praesit,
1966 3376 2120 3430 inter

476 3477 607 3551 ipsa
618 3480 813 3532 tamen
837 3489 1008 3530 curas
1029 3476 1204 3545 atque
1218 3486 1530 3527 mensuras
1552 3468 1814 3542 regendae
1839 3465 2031 3523 carnis
2062 3466 2121 3519 et

478 3550 719 3635 alendae,
771 3562 949 3621 nimis
998 3562 1049 3620 ei
1079 3577 1314 3634 semper
1340 3559 1535 3615 vicina
1571 3556 1814 3614 tentatio
1844 3559 1951 3611 est.
1980 3550 2119 3618 Quis

480 3657 638 3715 enim
668 3654 750 3712 ita
778 3669 841 3711 se
871 3657 973 3709 aut
1018 3669 1052 3706 a
1096 3649 1393 3722 voluptate
1433 3646 1691 3720 corporis
1721 3649 1825 3700 aut
1863 3662 1897 3698 a
1925 3642 2121 3699 dolore

480 3743 839 3817 sejungit,ut
859 3741 933 3796 ad
963 3740 1154 3810 ipsam
1186 3741 1441 3794 mentem
1477 3752 1591 3790 non
1624 3732 1930 3805 pertineat,
1964 3731 2120 3803 quod

475 3833 839 3891 extrinsecus
861 3832 963 3884 aut
984 3826 1286 3883 blanditur
1305 3829 1407 3880 aut
1426 3822 1684 3878 cruciat?
1701 3819 2020 3875 lndivisum
2034 3823 2124 3874 est

476 3916 1109 3996 gaudium,iudiscreta
1124 3912 1365 3968 tristitia
1389 3928 1401 3968 ε
1427 3909 1571 3967 nihil
1585 3911 1649 3981 (j)
1672 3909 1731 3964 in
1752 3907 1987 3964 homine
2008 3908 2121 3962 ira-

477 3995 694 4066 cundia
717 4022 832 4062 non
855 4002 1138 4071 accendit,
1164 4000 1308 4056 nihil
1331 3999 1534 4056 laetitia
1562 4015 1677 4053 non
1699 3996 1953 4063 resolvit,
1976 3995 2123 4051 nihil

479 4096 634 4153 852
683 4092 966 4165 aegritudo
1012 4107 1126 4146 non
1159 4089 1362 4144 afﬁcit.
1394 4089 1466 4144 Et
1511 4104 1639 4159 quae
1670 4085 1786 4142 illic
1817 4083 2124 4142 declinatio

479 4185 671 4258 potest
690 4198 819 4239 esse
838 4180 1078 4254 peccati,
1104 4177 1206 4234 ubi
1226 4194 1345 4233 una
1379 4175 1578 4249 passio
1607 4179 1764 4232 estet
1784 4174 2039 4247 regentis
2070 4177 2129 4230 et

479 4270 743 4330 subditi?
766 4269 970 4327 Merito
1003 4267 1289 4324 Dominus
1317 4268 1682 4339 protestatur
1711 4264 1865 4337 quod
1896 4264 2126 4336 spiritus

460 4360 703 4439 quidem
743 4361 1026 4434 promptus
1071 4365 1169 4425 est,
1232 4372 1361 4413 caro
1410 4346 1591 4411 autem
1640 4352 1869 4423 inﬁrma
1915 4352 2125 4422 (Matth.

478 4468 631 4521 xxvr,
666 4454 695 4506 4
710 4452 778 4519 ι).

2225 3383 2474 3434 utantur.
2496 3380 2747 3435 Praeterit
2774 3381 2924 3435 enim
2942 3380 3126 3450 ﬁgura
3144 3381 3314 3450 hujus
3344 3379 3542 3436 mundi
3560 3380 3608 3451 (Ι
3632 3378 3835 3435 Cor.vu,

2225 3468 2437 3540 29-31).
2489 3468 2602 3523 Sed
2630 3469 2787 3539 quod
2819 3469 2891 3523 de
2922 3469 3135 3541 specie,
3167 3470 3240 3524 de
3271 3470 3464 3544 copia,
3498 3470 3569 3524 de
3597 3465 3837 3523 varietate

2226 3555 2544 3624 blanditur,
2575 3574 2690 3613 non
2717 3556 2885 3613 facile
2913 3557 3265 3627 declinatur,
3300 3560 3418 3615 nisi
3452 3559 3511 3614 in
3544 3556 3641 3612 illa
3666 3548 3836 3609 visibi-

2229 3645 2373 3700 lium
2418 3645 2855 3719 pulchritudine
2896 3650 3132 3703 Creator
3168 3648 3374 3720 potius
3404 3665 3587 3720 quam
3613 3644 3846 3701 creatura

2229 3734 2529 3808 diligatur,
2563 3737 2662 3808 qui
2711 3754 2845 3791 cum
2891 3737 3032 3792 dicit
3071 3753 3085 3793 :
3120 3738 3341 3807 Diliges
3378 3738 3670 3794 Dominum
3707 3734 3852 3788 Deum

2229 3832 2385 3880 tuum
2413 3842 2483 3880 ea:
2501 3828 2609 3880 toto
2623 3825 2782 3880 corde
2801 3830 2914 3893 tuo,
2945 3829 2996 3882 et
3025 3843 3094 3882 ea:
3112 3834 3224 3883 tota
3237 3836 3430 3884 mente
3457 3830 3579 3893 tua,
3605 3832 3655 3881 et
3679 3839 3742 3879 ea:
3765 3819 3855 3875 tm

2230 3915 2427 3970 virtute
2472 3917 2570 3969 tua
2618 3914 2826 3983 (Matth.
2877 3932 3017 3981 xxn,
3057 3914 3172 3987 3'7),
3216 3915 3276 3970 in
3315 3915 3486 3973 nullo
3516 3931 3622 3971 nos
3660 3905 3853 3968 vultab

2232 4002 2448 4059 amoris
2470 4003 2563 4058 sui
2594 4002 2845 4059 vinculis
2865 4003 3133 4059 relaxari.
3167 4005 3237 4059 Et
3267 4021 3414 4063 cum
3445 4005 3585 4061 huic
3606 3999 3857 4076 praecepto

2232 4091 2481 4165 proximi
2503 4108 2736 4163 quoque
2758 4091 2996 4164 copulat
3017 4091 3170 4148 858
3202 4092 3584 4162 charitatem,
3618 4082 3858 4147 imitatio-

2232 4196 2370 4236 nem
2401 4179 2570 4236 nobis
2591 4197 2710 4235 sum
2732 4180 3010 4237 bonitatis
3031 4180 3238 4237 indicit
3267 4199 3281 4237 :
3320 4188 3392 4240 ut
3419 4182 3580 4256 quod
3601 4169 3861 4251 diligitdi-

2232 4268 2573 4342 ligamus,et
2594 4270 2751 4341 quod
2773 4273 3051 4341 operatur
3073 4286 3412 4343 operemur.
3436 4267 3711 4339 Quamvis
3727 4261 3858 4320 enim

2235 4359 2344 4413 Dei
2363 4357 2709 4426 agricultura
2737 4360 2931 4429 simus,
2962 4364 3016 4413 et
3036 4359 3137 4414 Dei
3152 4359 3452 4430 aediﬁcatio
3469 4361 3518 4434 (Ι
3550 4361 3669 4419 Cor.
3690 4371 3767 4423 iu,
3791 4348 3859 4421 9),

2233 4452 2285 4502 et
2312 4461 2485 4518 neque
2504 4448 2603 4517 qui
2624 4447 2840 4518 plantat
2864 4448 2935 4504 sit
2956 4446 3374 4520 aliquid,neque
3392 4452 3495 4523 qui
3519 4436 3865 4520 rigatﬁedqui

552 4540 688 4595 CAP.
706 4538 778 4594 ll.
802 4568 870 4579 --
889 4537 960 4593 Et
979 4552 1052 4592 ne
1072 4549 1259 4607 usque
1280 4533 1615 4621 adinertem
1633 4529 1918 4621 desidiam
1932 4530 2129 4621 despe-
2158 4555 2205 4621 Β
2235 4535 2630 4591 incrementum
2655 4534 2750 4591 dat
2777 4537 2915 4592 Deus
2946 4537 3130 4609 (Ibid,
3158 4537 3215 4610 7)
3246 4555 3262 4606 ;
3291 4536 3356 4593 1n
3386 4537 3668 4594 omnibus
3695 4536 3862 4589 tamen

483 4627 709 4683 Υαιίοηθ
749 4626 1057 4691 ducamur,
1089 4640 1216 4696 quae
1240 4618 1632 4695 imPOSSibilia
1653 4617 2028 4676 sunthomini
2060 4634 2129 4674 ex
2158 4617 2194 4621 ⁷
2236 4623 2416 4695 exigit
2435 4623 2621 4681 nostri
2644 4623 2952 4682 ministerii
2977 4626 3342 4695 servitutem,
3378 4630 3438 4683 et
3461 4643 3570 4683 nos
3592 4624 3865 4696 dispensa-

556 4788 637 4861 (a)
666 4786 752 4844 Ita
771 4802 907 4844 cum
928 4784 1146 4842 nostris
1162 4784 1330 4840 codd.
1358 4781 1676 4854 etvulgatis
1704 4782 1837 4835 ante
1857 4778 2125 4863 Quesnel.

485 4859 632 4916 lum.
648 4858 801 4916 apud
819 4873 993 4916 quem
1008 4855 1169 4912 nullo
1181 4859 1381 4910 nostro
1404 4870 1514 4909 ms.
1548 4852 1926 4916 sutl'ragante,
1957 4867 2128 4907 sacri-

485 4866 632 4925 Ium,
648 4866 801 4931 apud
819 4873 993 4931 quem
1008 4866 1169 4912 nullo
1181 4866 1381 4910 nostro
1404 4870 1514 4909 ms.
1548 4866 1926 4923 sun‘ragante,
1957 4867 2128 4907 sacri-

483 4932 674 5005 ﬁcium
687 4931 960 5006 placatus
975 4923 1585 5006 accipiatgglausulam
1606 4922 1891 5006 excodice
1911 4921 2129 5006 veneto

484 4996 903 5076 expressimus.
935 4999 1049 5068 AL,
1077 4996 1184 5055 Per
1215 4997 1491 5052 Christum
1528 4996 1825 5050 Dominum
1861 4997 2128 5049 nostrum.

485 5077 897 5219 Angréeptimi
916 5140 1137 5219 mensis
1151 5141 1231 5219 ej
1242 5139 1448 5194 unium
1461 5137 1614 5209 apud
1638 5136 1907 5191 Hebraeos
1921 5137 2129 5208 ageba-

484 5211 583 5289 tur
612 5211 749 5289 ipsd
770 5212 1118 5289 expiationis
1148 5211 1313 5289 die.__
1362 5234 1373 5245 ~

559 5276 1244 5360 (e).lta_cufn_Lectiop_ar.
1264 5280 1482 5360 Veneto
1506 5278 1803 5360 editiones.
1815 5276 2133 5360 anteriores

489 5349 793 5413 Bainaudo
816 5360 873 5412 et
891 5354 1219 5420 Quesnello,
1244 5352 1399 5425 apud
1433 5367 1602 5425 quos,
1633 5350 1722 5404 sit.
1748 5349 1881 5403 Mox
1900 5351 2135 5421 tempori

489 5437 864 5501 protempore
882 5427 952 5501 in
993 5443 1105 5482 ms.
1129 5426 1258 5501 Vat.
1283 5422 1510 5501 collect.
1542 5423 1597 5476 5.

562 5498 637 5568 (d)
682 5489 1034 5554 Addidimus
1059 5504 1110 5553 et
1139 5513 1207 5568 ex
1229 5494 1467 5568 laudato
1500 5509 1609 5547 ms.
1641 5489 1878 5568 Veneto;

661 5570 807 5625 Editi
831 5586 933 5641 pro
950 5567 1461 5641 uitiumhabebant
1479 5561 1826 5641 generaliter.
1852 5561 2134 5633 Emenda-

490 5632 710 5698 tio‘nem
742 5632 1137 5714 suppeditavit
1155 5637 1431 5695 laudatus
1450 5632 1576 5691 cod.
1600 5632 1876 5689 Venetus.

2310 4784 2377 4856 (ί)
2410 4783 2504 4840 Sic
2536 4800 2672 4856 cum
2703 4784 3016 4849 Quesnello
3048 4787 3202 4843 idem
3236 4803 3349 4844 ms.
3384 4787 3655 4845 Venetus
3682 4786 3737 4839 et
3759 4778 3867 4834 Vat.

2238 4855 2459 4926 collect.
2491 4856 2545 4911 5.
2568 4855 2681 4921 Al.,
2704 4857 2972 4926 generali.

2311 4926 2385 5009 (ρ)
2416 4925 2743 5009 Υμξειρηῐε
2764 4929 2978 5009 Queen.
3012 4930 3069 4983 et
3089 4926 3294 5009 plures
3313 4929 3517 5009 codd,
3539 4930 3810 5009 sintamep.

2311 4997 2387 5068 (h)
2404 4997 2754 5053 Addidimus
2776 5000 2877 5053 illa
2898 5016 2967 5055 ex
2986 4997 3107 5054 ms:
3121 4999 3360 5056 Veneto.
3388 5002 3526 5057 Mox
3541 4998 3765 5069 alligent
3784 5005 3871 5064 pro

2241 5069 2459 5137 illigent
2489 5069 2548 5140 in
2580 5070 2771 5140 prima
2791 5071 3061 5126 editione.

2315 5134 2378 5211 (i)
2407 5134 2601 5215 Vulg;
2623 5142 2738 5215 suis
2757 5143 3123 5198 exterioribus
3139 5145 3354 5215 praesit.
3382 5141 3758 5199 Praetulimus
3783 5134 3876 5191 lec-

2246 5210 2460 5266 tionem
2494 5210 2621 5266 cod.
2655 5212 2796 5267 Ven.

2281 5283 2375 5362 “(i)
2412 5282 2498 5362 Ita
2519 5281 2732 5362 melius
2753 5300 2821 5362 εξ
2842 5283 3033 5362 prima
3053 5285 3330 5362 editione,
3370 5286 3462 5362 uti
3486 5284 3665 5362 etiam
3681 5277 3875 5362 indica-

2241 5353 2325 5408 vit
2353 5353 2764 5424 corrigendum
2790 5353 3033 5412 Latinus
3057 5356 3339 5413 Latinius.
3372 5356 3494 5424 AL,
3521 5358 3584 5412 in
3606 5354 3877 5424 homine!!!-

2313 5424 2388 5496 (λε)
2420 5417 2628 5508 δεξιοῦ
2650 5424 2807 5508 tc§_iu
2841 5427 2992 5508 apud
3015 5427 3462 5508 Quesnellianos
3479 5417 3724 5508 celebri,
3746 5425 3800 5477 et
3817 5417 3879 5508 de

2242 5495 2531 5576 Quesnelli
2567 5496 2802 5576 postilla
2832 5495 3021 5553 eidem
3044 5500 3330 5576 apposita,
3352 5498 3530 5576 plura
3554 5498 3611 5551 in
3637 5497 3881 5551 observa-

2242 5568 2500 5623 tionibus
2532 5568 2603 5623 ad
2648 5568 2807 5624 hunc
2839 5568 3170 5629 sermonem
3202 5568 3453 5627 dicenda
3485 5573 3682 5625 erunt.
