4096 6164
264 282 371 390 an

1717 326 1982 391 SERMO
2024 328 2202 391 XCV.

3544 333 3671 400 463

328 478 460 530 esse,
478 467 546 542 _ut
567 462 702 542 Deus
725 461 995 542 videatur:
1026 496 1093 503 —-
1124 462 1208 542 Ιξς.
1241 463 1509 542 Quaenam
1537 465 1609 519 sit
1638 479 1765 519 vera
1790 479 1906 534 pax
1935 462 1988 529 Α
2018 462 2599 534 gentiatacultatum.
2620 464 2885 522 Dubitari
2907 470 3104 523 autem
3133 438 3249 523 non
3285 469 3475 540 potest
3509 469 3666 542 quod

327 550 443 605 qum
471 533 749 590 hominem
778 535 876 590 Dei
903 536 1084 606 ﬁlium
1109 535 1296 607 efﬁcit.

325 640 459 696 CAP.
485 644 529 694 Ι.
550 670 618 681 —-
633 640 1017 707 Prmdicante,
1037 640 1426 706 dilectissimi,
1456 641 1789 714 Domino(a)
1804 658 1903 696 no-

260 735 373 786 stro
391 730 533 785 Jesu
554 729 782 786 Christo
802 730 1183 803 Evangelium
1209 731 1395 804 regni,
1418 735 1474 786 et
1512 731 1775 787 diversos
1806 747 1906 802 per

254 822 433 875 totam
457 818 758 875 Galilieam
779 818 1367 892 curantelanguores,
1387 820 1447 874 in
1465 837 1700 876 omnem
1728 836 1788 875 se
1806 821 1906 892 Sy-

254 908 395 964 riam
415 908 707 964 virtutum
725 909 854 979 ejus
871 908 1025 965 fama
1044 909 1389 977 ditl'uderat;
1409 914 1464 964 et
1484 909 1682 965 multa:
1698 925 1766 964 ex
1781 908 1906 964 uni-

252 998 640 1054 versaJudaea
674 998 856 1053 turba:
878 998 951 1053 ad
986 997 1281 1054 cmlestem
1322 998 1616 1055 medicum
1650 998 1904 1053 conﬂue-

253 1087 409 1143 bant.
431 1086 581 1153 Quia
594 1085 751 1142 enim
767 1087 934 1143 tarda
956 1091 1043 1143 est
1060 1086 1334 1143 humanae
1358 1087 1700 1161 ignorantia:
1757 1086 1903 1143 fides

252 1174 313 1229 ad
332 1173 631 1230 credenda
651 1189 777 1245 quae
799 1190 916 1229 non
938 1173 1111 1241 videt,
1137 1176 1496 1248 etsperanda
1526 1193 1652 1247 quae
1695 1174 1898 1243 nescit,

250 1262 555 1332 oportebat
585 1260 782 1316 divina
796 1261 1123 1318 eruditione
1142 1263 1463 1319 ﬁrmandos
1484 1264 1779 1335 corporeis
1801 1264 1899 1318 he-

253 1349 467 1406 neﬁciis
485 1354 545 1405 et
562 1348 1213 1421 visibilibus;miraculis
1228 1351 1457 1408 incitari
1479 1370 1491 1408 :
1515 1358 1577 1408 ut
1590 1354 1762 1424 cujus
1778 1356 1899 1408 tam

248 1439 562 1512 benignam
577 1439 1025 1510 experiebantur
1040 1440 1541 1511 potentiam,367
1562 1458 1677 1496 non
1701 1441 1895 1496 ambi-

249 1532 444 1602 gerent
465 1526 786 1584 salutarem
806 1545 935 1585 esse
957 1529 1303 1586 doctrinam.
1318 1529 1392 1585 Ut
1411 1547 1546 1603 ergo
1581 1531 1896 1587 exteriores

249 1615 498 1672 medelas
512 1615 801 1672 Dominus
823 1617 892 1671 ad
921 1618 1176 1673 remedia
1215 1618 1491 1675 interiora
1532 1621 1892 1687 transferret,

242 1711 327 1760 est
345 1710 479 1778 post
492 1705 574 1777 (b)
587 1705 713 1761 sani
724 1711 873 1761 tates
890 1723 1134 1779 corporu
1147 1725 1200 1761 m
1214 1707 1544 1763 curationes
1558 1714 1897 1781 operaretur

244 1794 595 1861 animarum,
614 1800 956 1867 segregatus
973 1812 1004 1850 a
1025 1795 1552 1852 circumstantibus
1577 1797 1787 1864 turbis,
1803 1814 1891 1853 se-
1925 1831 1971 1897 B

241 1898 471 1939 cessum
487 1881 906 1938 vicinimontis
929 1883 1212 1950 ascendit,
1248 1884 1545 1941 advocatis
1589 1885 1890 1958 apostolis,

242 1988 385 2043 quos
400 1969 852 2027 sublimioribus
878 1972 1167 2027 institutis
1186 1973 1257 2028 ab
1280 1972 1433 2028 edito
1458 1974 1715 2046 mysticae
1737 1976 1892 2030 sedis

242 2060 553 2131 imbueret,
580 2075 648 2115 ex
666 2058 795 2131 ipsa
826 2060 935 2117 loci
958 2065 1132 2133 atque
1151 2063 1346 2134 operis
1368 2062 1651 2134 qualitate
1673 2063 1893 2135 signiti-

243 2166 379 2205 cans
393 2165 456 2205 se
473 2164 602 2204 esse
624 2148 723 2219 qui
742 2149 831 2205 ΜΟ
841 2166 941 2205 aen
957 2150 1253 2221 quondam
1268 2168 1376 2206 suo
1393 2152 1602 2207 fuisset
1616 2151 1893 2224 dignatus

244 2238 531 2311 alloquio:
553 2239 672 2294 illic
696 2237 932 2311 quidem
952 2237 1296 2295 terribiliore
1313 2240 1564 2310 justitia,
1581 2239 1675 2295 hic
1693 2244 1889 2297 autem

246 2327 554 2383 sacratiore
604 2326 939 2394 clementia,
977 2331 1042 2382 ut
1090 2326 1435 2400 impleretur
1474 2329 1629 2401 quod
1678 2330 1889 2396 fuerat,

249 2415 876 2488 (c)prophetaJeremia
898 2416 1146 2484 dicente,
1169 2417 1562 2489 promissum:
1603 2424 1734 2474 Ecce
1775 2418 1891 2474 dies

251 2506 483 2572 ueniunt,
516 2505 653 2560 dicit
673 2506 957 2573 Dominus,
986 2512 1039 2560 et
1074 2507 1458 2563 consummabo
1485 2523 1648 2578 super
1671 2508 1891 2563 domum

262 2594 407 2649 lsrael
426 2603 477 2650 et
488 2610 658 2666 super
675 2593 895 2649 domum
914 2594 1051 2649 Juda
1072 2598 1453 2650 testamentum
1485 2612 1703 2651 novum.
1767 2597 1890 2652 Post

264 2680 361 2736 dies
386 2683 521 2751 illos,
541 2682 675 2738 dicit
694 2683 978 2751 Dominus,
1001 2682 1139 2739 dabo
1164 2684 1301 2754 leges
1323 2700 1468 2738 meas
1488 2686 1545 2738 in
1573 2701 1736 2739 sensu
1755 2687 1891 2757 ipso-

268 2786 390 2839 rum,
406 2776 455 2826 et
483 2773 541 2827 in
565 2770 725 2827 corde
745 2774 984 2842 ipsorum
1011 2772 1245 2827 scribam
1265 2789 1356 2827 eas
1376 2773 1593 2843 {Jerem.
1620 2790 1770 2840 xxxi,
1790 2775 1849 2829 3|
1874 2792 1887 2841 ;

270 2859 536 2927 Hel/mnu,
560 2862 634 2928 8).
657 2859 765 2923 Qui
801 2876 937 2932 ergo
970 2859 1203 2916 locutus
1241 2861 1429 2916 fuerat
1470 2861 1618 2917 Mosi
1660 2862 1891 2918 locutus

269 2952 413 3003 estet
430 2948 729 3020 apostolis,
755 2954 812 3003 et
846 2948 904 3003 in
953 2947 1227 3005 cordibus
1270 2949 1695 3022 discipulorum
1728 2950 1891 3007 velox

269 3035 553 3091 scribentis
566 3035 742 3091 Verbi
764 3053 977 3093 manus
997 3036 1125 3093 novi
1148 3038 1503 3093 Testamenti
1519 3038 1893 3093 decretacon-

269 3123 419 3179 debat
441 3143 453 3193 ;
474 3123 634 3180 nulla
652 3129 718 3181 ut
734 3126 1027 3197 quondam
1047 3125 1263 3182 circum
1274 3126 1402 3182 fusa
1416 3126 1661 3182 nubium
1685 3127 1891 3183 crassi—

2018 550 2370 609 humilitatis
2386 552 2558 608 istius
2581 552 2801 609 bonum
2829 555 3060 612 facilius
3079 572 3364 629 pauperes
3382 572 3562 629 quam
3584 556 3670 614 di-

2015 640 2161 696 vites
2183 646 2575 712 assequantur
2590 660 2603 697 :
2620 643 2761 697 dum
2785 648 2843 699 et
2860 643 2979 699 illis
2998 644 3057 699 in
3074 645 3358 702 tenuitate
3379 645 3566 702 amica
3577 649 3668 703 est

2017 731 2429 797 mansuetudo,
2453 735 2510 785 et
2546 730 2677 787 istis
2712 730 2931 787 divitiis
2973 731 3280 790 familiaris
3318 733 3512 792 elatio.
3551 734 3662 793 Ve-

2016 822 2347 875 rumtamen
2366 823 2423 875 et
2442 818 2499 874 in
2524 819 2818 893 plerisque
2830 820 3109 878 divitibus
3129 821 3423 878 invenitur
3434 822 3529 879 hic
3542 823 3663 880 ani-

2015 924 2149 964 mus
2166 909 2266 980 qui
2279 910 2640 966 abundantia
2652 910 2922 967 sua308
2937 927 3051 966 non
3069 911 3140 966 ad
3154 914 3443 967 tumorem
3461 928 3658 986 super-

2012 996 2143 1062 biae,
2163 998 2265 1053 sed
2289 999 2360 1053 ad
2379 1015 2554 1070 opera
2573 998 3036 1071 benignitatis(c)
3072 1004 3289 1068 utatur,
3339 999 3517 1072 idque
3552 1017 3658 1074 pro

2011 1083 2191 1142 lucris
2204 1086 2476 1143 maximis
2490 1091 2756 1144 numeret
2769 1089 2922 1161 quod
2938 1088 3007 1161 (f)
3020 1088 3091 1145 ad
3105 1087 3476 1146 relevandam
3488 1089 3662 1148 mise-

2010 1173 2158 1229 riam
2183 1172 2357 1230 alieni
2379 1174 2596 1232 laboris
2632 1176 3001 1249 impenderit.
3027 1177 3201 1233 Omni
3244 1176 3444 1251 generi
3481 1181 3659 1251 atque

2008 1261 2199 1318 ordini
2222 1264 2526 1321 hominum
2564 1266 2737 1321 datur
2767 1266 2826 1321 in
2863 1265 2973 1322 hac
3014 1266 3230 1321 virtute
3258 1265 3653 1337 consortium,

2008 1350 2147 1423 quia
2159 1357 2547 1424 possuntesse
2567 1355 2864 1427 proposito
2883 1371 3074 1428 pares,
3101 1358 3158 1410 et
3179 1354 3437 1427 impares
3452 1371 3653 1425 censu;

2007 1457 2112 1495 nec
2130 1441 2372 1499 interest
2383 1448 2669 1514 quantum
2692 1444 2812 1499 sint
2842 1443 2902 1499 in
2926 1443 3203 1499 facultate
3222 1447 3457 1500 terrena
3480 1443 3655 1500 dissi-

2007 1528 2198 1596 miles,
2223 1530 2395 1601 quiin
2416 1531 2778 1603 spiritalibus
2789 1533 2960 1589 bonis
2984 1531 3365 1589 inveniuntur
3377 1531 3651 1605 aequales.

2006 1617 2181 1672 Beata
2218 1617 2397 1691 igitur
2430 1623 2763 1697 paupertas,
2806 1638 2934 1693 quae
2990 1637 3186 1677 rerum
3238 1620 3653 1693 temporalium

2004 1722 2200 1762 amore
2223 1723 2335 1761 non
2359 1707 2604 1779 capitur,
2629 1724 2734 1763 nec
2760 1709 2965 1765 mundi
2996 1708 3205 1782 opibus
3226 1708 3425 1782 augeri
3473 1725 3654 1783 appe-

2002 1793 2095 1860 tit,
2117 1794 2218 1849 sed
2242 1794 2575 1851 coelestibus
2592 1796 2760 1852 bonis
2781 1796 3061 1853 ditescere
3093 1796 3470 1869 concupiscit.

2072 1886 2203 1937 CAP.
2225 1884 2316 1939 ΙΙΙ.
2344 1916 2408 1924 -
2429 1885 2620 1956 Hujus
2644 1886 2813 1941 nobis
2856 1885 3245 1959 magnanimae
3290 1886 3650 1959 paupertatis

2002 1971 2331 2043 exemplum
2354 1973 2432 2045 (g)
2452 1973 2622 2045 primi
2642 1977 2775 2045 post
2792 1974 3104 2030 Dominum
3128 1972 3375 2047 apostoli
3396 1975 3655 2046 praebue-
3703 1971 3710 1977 ’

2003 2064 2161 2129 runt,
2197 2061 2295 2132 qui
2319 2062 2520 2117 omnia
2555 2079 2661 2117 sua
2698 2062 2826 2118 sine
2852 2063 3185 2119 dilferentia
3232 2061 3649 2136 relinquentes,

2003 2148 2074 2203 ad
2097 2164 2294 2205 vocem
2322 2149 2571 2206 caelestis
2607 2150 2897 2222 magistri,
2937 2168 2972 2207 a
3015 2155 3259 2224 captura
3303 2150 3554 2224 piscium
3590 2151 3651 2207 in

2002 2235 2321 2307 piscatores
2347 2237 2653 2293 hominum
2678 2238 2852 2294 alacri
2877 2239 3256 2295 conversione
3278 2239 3488 2295 mutati
3507 2245 3650 2296 sunt

2001 2323 2206 2395 (Matth.
2241 2342 2320 2393 1v,
2350 2326 2456 2398 19),
2483 2334 2535 2383 et
2555 2327 2771 2383 multos
2793 2328 2887 2384 sui
2909 2326 3131 2384 similes
3150 2326 3283 2383 ﬁdei
3305 2344 3427 2384 suae
3452 2326 3643 2384 imita-

1999 2413 2454 2483 tionet‘eccrunt,
2502 2417 2736 2487 quando
2755 2416 2832 2489 (h)
2870 2416 2986 2472 illis
3027 2414 3339 2488 primitivis
3377 2414 3648 2473 Ecclesiae

2000 2500 2137 2556 filiis
2149 2519 2334 2558 unum
2351 2519 2449 2559 cor
2460 2504 2726 2560 omnium
2740 2510 2797 2561 et
2810 2506 3009 2561 anima
3019 2511 3142 2561 erat
3154 2521 3271 2561 una
3287 2504 3646 2562 credentium

2000 2592 2134 2660 (Act.
2166 2609 2237 2657 IV,
2263 2591 2376 2663 32);
2415 2592 2516 2665 qui
2557 2593 2844 2667 universis
2879 2594 3004 2650 suis
3042 2595 3218 2650 rebus
3258 2593 3647 2666 possessioni-

1999 2680 2229 2753 hosque
2250 2682 2567 2747 distractis,
2621 2700 2723 2755 per
2761 2682 3199 2739 devotissimam
3240 2686 3643 2756 paupertatem

2002 2768 2170 2824 bonis
2193 2769 2535 2825 ditabantur
2555 2771 2807 2837 aeternis,
2830 2776 2885 2826 et
2905 2788 2972 2827 ex
3022 2770 3341 2843 apostolica
3366 2771 3643 2844 praedica-

1998 2857 2155 2913 tione
2175 2859 2505 2929 gaudebanl
2528 2858 2671 2914 nihil
2717 2860 2930 2916 habere
2968 2860 3039 2916 de
3074 2860 3318 2927 mundo,
3358 2864 3415 2916 et
3447 2860 3645 2916 omnia

2001 2945 2063 3017 (i)
2079 2945 2377 3018 possidere
2389 2963 2521 3002 cum
2536 2947 2784 3004 Christo.
2807 2948 2949 3004 Hinc
2961 2947 3168 3004 beatus
3185 2948 3390 3004 Petrus
3410 2951 3642 3019 aposto-

1999 3032 2112 3101 lus,
2138 3049 2271 3089 cum
2287 3036 2609 3091 ascendens
2632 3036 2688 3091 in
2707 3036 2993 3109 templum
3010 3053 3043 3093 a
3057 3036 3267 3093 claudo
3279 3035 3647 3109 eleemosyna

2002 3127 2355 3194 posceretur.
2407 3125 2724 3196 Argentum,
2765 3123 2981 3197 inquit,
3029 3129 3081 3182 et
3119 3142 3322 3181 aurum
3377 3141 3489 3182 non
3568 3128 3648 3182 est

268 3212 465 3281 tudine,
490 3231 681 3286 neque
700 3195 803 3286 per
822 3213 1112 3271 terribiles
1135 3232 1309 3271 sonos
1328 3220 1503 3287 atque
1522 3214 1777 3287 fulgores
1795 3233 1892 3288 po-
1920 3195 1963 3262 (ἶ
2002 3211 2068 3284 (j)
2100 3211 2259 3280 mihi,
2280 3212 2420 3284 quod
2436 3216 2617 3267 autem
2645 3195 2955 3280 trabem—hoc
2983 3214 3085 3270 tibi
3142 3213 3208 3270 do
3238 3231 3258 3269 :
3304 3215 3369 3268 In
3421 3215 3649 3270 nomine

268 3300 387 3371 pulo
405 3303 473 3358 ab
497 3319 738 3359 accessu
776 3303 993 3359 montis
1030 3304 1365 3371 absterrito,
1410 3302 1510 3360 sed
1543 3309 1776 3377 patente
1817 3305 1888 3360 ad

268 3405 418 3446 aures
444 3391 956 3447 circumstantium
997 3390 1423 3462 tranquillitate
1472 3390 1783 3464 colloquii:
1829 3396 1893 3448 ut

268 3493 360 3548 per
376 3479 564 3551 gratiae
581 3479 882 3535 lenitatem
908 3484 1302 3536 removeretur
1323 3479 1469 3552 legis
1505 3481 1812 3553 asperitas,
1836 3486 1893 3537 et

265 3566 480 3636 spiritus
502 3567 842 3640 adoptionis
875 3569 1130 3624 auferret
1162 3568 1535 3624 formidinem
1572 3569 1889 3626 servitutis.

328 3659 441 3712 (Ζιρ.
464 3656 530 3713 ΙΙ.
557 3688 624 3698 -
651 3655 852 3720 Qualis
872 3656 1054 3729 igitur
1076 3657 1339 3714 doctrina
1363 3657 1441 3713 sit
1466 3657 1677 3713 Christi
1715 3675 1892 3713 sacra:

267 3742 431 3815 ipsius
451 3745 750 3802 sententiae
788 3749 1225 3817 protestantur:
1263 3751 1325 3801 ut
1360 3744 1458 3817 qui
1500 3746 1571 3801 ad
1620 3749 1893 3802 aeternam

268 3833 663 3889 beatitudinem
688 3834 989 3907 pervenire
1007 3834 1358 3901 desiderant,
1378 3834 1597 3906 gradus
1630 3832 1895 3890 felicissi-

270 3934 364 3974 ma:
383 3922 738 3978 ascensionis
765 3929 1107 3994 agnoscant.
1154 3922 1328 3987 Beati,
1379 3922 1591 3994 inquit,
1631 3939 1898 3994 pauperes

274 4010 471 4078 spiritu,
490 4015 755 4083 quoniam
778 4012 1021 4082 ipsorum
1044 4018 1123 4066 est
1150 4025 1380 4078 regnum
1412 4011 1674 4067 cwlorum
1690 4012 1896 4083 (Matth.

276 4098 499 4171 v,3).(d)
524 4100 599 4155 De
629 4099 848 4172 quibus
895 4099 1252 4170 pauperibus
1293 4099 1521 4155 Veritas
1563 4098 1903 4172 loqueretur

278 4183 403 4242 forte
419 4195 565 4244 esset
585 4186 955 4260 ambiguum,
977 4188 1025 4243 si
1042 4186 1266 4254 dicens,
1295 4189 1450 4244 Beati
1486 4205 1772 4261 pauperes,
1814 4190 1900 4244 ni-

278 4269 350 4326 hil
370 4274 593 4332 adderet
613 4275 1084 4348 deintelligenda
1126 4293 1450 4348 pauperum
1496 4276 1809 4349 qualitate;
1846 4281 1905 4332 et

272 4362 493 4421 suﬁcere
505 4365 797 4421 videretur
809 4365 879 4420 ad
898 4366 1239 4437 promerend
1253 4382 1348 4420 um
1364 4382 1609 4438 regnum
1624 4365 1902 4421 caelorum

270 4465 335 4505 ea
353 4452 468 4508 sola
486 4453 686 4527 inopia
715 4470 893 4526 quam
926 4453 1097 4509 multi
1123 4455 1232 4509 sub
1253 4454 1413 4527 gravi
1437 4458 1494 4509 et
1511 4455 1661 4509 dura
1700 4471 1870 4510 neces
1888 4486 1904 4497 -

260 4540 426 4596 sitate
445 4542 770 4615 patiuntur.
791 4542 903 4598 Sed
947 4559 1082 4598 cum
1125 4542 1286 4607 dicit,
1310 4544 1462 4598 Beati
1488 4559 1752 4614 pauperes
1792 4545 1907 4616 spi-
1938 4563 1985 4628 D

257 4632 387 4698 ritu,
412 4632 665 4687 ostendit
690 4632 774 4688 eis
793 4648 1040 4704 regnum
1059 4630 1333 4688 ccelorum
1351 4631 1729 4687 tribuendum
1762 4649 1910 4704 quos

252 4718 564 4776 humilitas
585 4721 963 4777 commendat
979 4721 1313 4777 animorum
1332 4721 1523 4793 magis
1539 4737 1714 4792 quam
1760 4720 1910 4777 indi-

324 4863 405 4931 (a)
428 4861 568 4919 Tria
584 4862 949 4920 Lectionaria
971 4864 1269 4931 omittunt,
1291 4866 1490 4919 nostra.

323 4936 405 5004 (ὁ)
428 4933 553 4989 Ι)υο
570 4934 938 4990 Lectionaria
957 4934 1085 4990 Vat.
1112 4936 1249 4991 1272
1281 4939 1339 4990 et
1374 4932 1721 4999 Padiliron.,
1759 4937 1912 4990 sani-

242 5009 443 5062 tatem.

320 5077 402 5159 te)
426 5076 566 5159 Tria
581 5093 724 5159 mss.
762 5076 1137 5159 Lectonaria:
1191 5077 1477 5159 Prophetm
1498 5077 1757 5159 [eremiw
1782 5093 1911 5159 pro:

241 5147 487 5203 misum
506 5147 771 5203 dicentis:
796 5149 929 5205 Ecce
977 5149 1092 5203 dies
1119 5147 1368 5214 veniunt,
1395 5148 1528 5202 dicit
1549 5147 1834 5211 Dominus,
1861 5155 1913 5203 et

241 5219 551 5291 disponam
568 5218 791 5291 domum
820 5220 1009 5275 Israel.
1046 5219 1169 5291 Duo
1191 5236 1258 5273 ex
1280 5218 1374 5273 his
1404 5223 1678 5289 praeterea
1720 5218 1918 5275 delent

242 5290 702 5361 voces,etsuper
730 5290 949 5346 domum
988 5290 1127 5347 Iuda
1174 5293 1554 5345 testamentum
1594 5305 1813 5347 novum.
1850 5306 1917 5345 ac

239 5361 389 5417 dein
420 5360 664 5433 habent,
679 5362 740 5417 in
760 5378 919 5418 sensu
941 5378 1147 5418 eorum.
1171 5361 1375 5417 Postea
1394 5378 1497 5433 pro
1519 5361 1917 5433 discipulorum
1966 5420 1977 5425 _

241 5439 379 5489 tres
398 5432 573 5504 codd.
595 5431 752 5504 Vat.,
778 5434 1168 5504 apostolorum.

324 5504 408 5574 (ά)
440 5502 755 5576 Exemplar
773 5501 936 5576 Pauli
951 5503 1211 5576 Diaconi,
1234 5503 1308 5576 De
1327 5501 1522 5576 quibus
1556 5503 1822 5576 Dominus
1838 5504 1916 5559 lo-

241 5578 542 5651 queretur.
562 5574 698 5651 qod.
721 5574 1419 5651 Padiliron._habet_itcm,
1442 5574 1723 5651 Dominus.

329 5645 407 5724 (e)
426 5645 600 5721 Apud
622 5647 897 5705 eumdem
919 5646 1166 5707 Paulum
1192 5646 1377 5717 Diac.,
1407 5648 1658 5716 utantur,
1675 5648 1734 5702 et
1760 5645 1916 5718 dein,

1996 3304 2132 3358 Jesu
2163 3300 2363 3355 Christi
2389 3302 2667 3357 Nazareni
2729 3317 2893 3371 surge
2921 3305 2972 3357 et
3000 3302 3223 3357 ambula
3260 3301 3393 3374 (Act.
3445 3317 3530 3367 In,
3568 3304 3647 3372 6).

2001 3388 2148 3455 Quid
2172 3388 2279 3443 hac
2298 3387 2628 3445 humilitate
2647 3388 3001 3445 sublimius?
3020 3389 3159 3462 quid
3179 3388 3287 3445 hac
3307 3393 3650 3462 paupertate

2000 3476 2350 3548 locupletius
2374 3478 2401 3532 ?
2418 3478 2541 3532 Non
2566 3478 2743 3533 habet
2764 3477 3034 3550 praesidia
3054 3477 3336 3551 pecuniis,
3354 3478 3455 3535 sed
3471 3477 3649 3536 habet

2001 3567 2156 3621 dona
2176 3570 2420 3621 naturae.
2444 3566 2625 3629 Quem
2647 3565 2899 3622 debilem
2929 3566 3113 3622 edidit
3128 3570 3317 3621 mater
3345 3583 3414 3623 ex
3455 3570 3642 3636 utero,

2004 3672 2215 3711 sanum
2241 3653 2373 3710 fecit
2394 3655 2598 3710 Petrus
2620 3671 2689 3710 ex
2712 3655 2886 3712 verbo
2908 3659 2990 3723 ;et
3007 3654 3106 3727 qui
3126 3654 3443 3727 imaginem
3465 3658 3647 3712 Caesa-

2005 3745 2086 3801 ris
2110 3744 2167 3799 in
2184 3760 2420 3799 nummo
2440 3761 2553 3799 non
2567 3744 2745 3808 dedit,
2763 3742 3082 3816 imaginem
3094 3742 3306 3799 Christi
3322 3743 3382 3799 in
3404 3742 3645 3800 homine

2006 3833 2358 3889 reformavit.
2383 3832 2572 3904 Hujus
2593 3836 2789 3889 autem
2812 3822 3069 3889 thesauri
3091 3831 3302 3904 opibus
3318 3848 3433 3888 non
3454 3831 3648 3890 solum

2009 3921 2105 3977 ille
2130 3921 2469 3992 adjutusest
2492 3922 2583 3976 cui
2602 3938 2842 3994 gressus
2868 3924 2957 3978 est
3007 3918 3292 3990 redditus,
3334 3922 3436 3978 sed
3471 3920 3648 3978 etiam

2009 4010 2269 4083 quinque
2287 4008 2472 4065 millia
2492 4009 2771 4080 virorum,
2798 4010 2899 4083 qui
2916 4014 3057 4066 tunc
3078 4010 3151 4066 ad
3190 4009 3652 4067 exhortationem

2009 4098 2267 4171 Apostoli
2290 4099 2361 4165 ob
2382 4098 2647 4170 ejusdem
2671 4099 2990 4156 curationis
3024 4098 3374 4156 miraculum
3396 4099 3654 4157 credide-

2012 4192 2151 4244 runt
2172 4188 2304 4259 (Act.
2331 4204 2407 4257 iv,
2432 4188 2504 4259 4).
2530 4191 2597 4242 Et
2616 4187 2714 4243 ille
2727 4205 2947 4261 pauper
2963 4186 3064 4260 qui
3087 4204 3203 4244 non
3225 4187 3481 4245 habebat
3498 4188 3655 4261 quod

2012 4277 2228 4349 petenti
2249 4276 2435 4343 daret,
2447 4280 2670 4331 tantam
2688 4276 2847 4332 dedit
2864 4276 3072 4332 divinae
3084 4276 3281 4348 gratiae
3302 4275 3656 4349 largitatem,

2014 4370 2079 4422 ut
2099 4364 2597 4437 quemadmodum
2620 4382 2803 4420 unum
2828 4364 3127 4420 hominem
3158 4365 3578 4435 redintegrarat
3597 4364 3658 4419 in

2014 4453 2281 4527 pedibus,
2307 4452 2390 4509 sic
2412 4457 2497 4508 tot
2523 4453 2706 4508 millia
2727 4452 3087 4509 credentium
3111 4456 3345 4509 sanaret
3370 4452 3431 4507 in
3468 4452 3663 4508 cordi-

2016 4544 2148 4610 bus,
2173 4543 2500 4613 faceretque
2523 4558 2622 4598 eos
2643 4542 2700 4596 in
2724 4540 2952 4597 Christo
2975 4541 3215 4610 alacres,
3258 4557 3407 4614 quos
3445 4541 3507 4597 in
3556 4541 3662 4601 Ju-

2018 4630 2183 4687 daica
2204 4628 2447 4703 perﬁdia
2474 4630 2774 4686 invenerat
2792 4628 3205 4687 claudicantes.

2090 4725 2223 4776 CAP.
2245 4719 2335 4775 IV.
2359 4750 2426 4761 —
2451 4719 2585 4775 Post
2606 4717 3073 4791 praidicationem
3097 4718 3278 4792 hujus
3314 4720 3667 4780 felicissima:

2020 4868 2326 4925 numerent,
2352 4877 2418 4915 ac
2449 4862 2669 4932 postea,
2702 4859 3098 4932 impenderent.

2114 4934 2161 5005 Γ)
2187 4932 2430 5005 Ibidem,
2448 4930 2920 5005 adradirnendam.

2117 5001 2169 5076 θ)
2194 5004 2285 5057 Sic
2305 5020 2374 5058 ex
2394 5020 2504 5076 ms.
2531 5001 2868 5076 Padiliron.,
2894 5003 3087 5076 tribus
3102 5004 3232 5076 Vat.
3256 5009 3314 5062 et
3349 5023 3465 5062 uno
3501 5010 3669 5076 Bon.,

2025 5072 2132 5131 nec
2152 5072 2260 5130 non
2285 5091 2351 5127 ex
2373 5074 2563 5146 prima
2578 5072 2831 5129 editione
2864 5078 2922 5130 et
2944 5075 3158 5132 Homil.
3174 5076 3339 5134 Pauli
3357 5077 3517 5134 Diac.
3555 5074 3671 5146 AL,

2115 5163 2283 5201 mum.

2293 5232 2405 5301 ma‘
2402 5214 2597 5301 editio,
2613 5215 2726 5270 illis
2752 5217 3024 5301 primitiis
3034 5235 3055 5279 ;
3068 5217 3285 5301 Paulus
3302 5217 3476 5283 Diac.,
3561 5214 3675 5271 illis

2022 5286 2348 5361 primitivis.
2366 5286 3061 5361 Retinuimuslectionem
3073 5287 3393 5361 vulgatam,
3413 5287 3513 5343 sed
3527 5286 3678 5361 inse-

2028 5358 2259 5417 ruimns
2279 5374 2478 5430 vocem
2508 5358 2818 5430 ﬁliiquua;
2842 5358 3302 5427 desiderabatur,
3326 5358 3676 5416 auctoritate

2030 5430 2257 5502 antiqui
2275 5426 2618 5502 Lectionarii
2642 5426 2910 5502 Yatic'ani
2929 5431 3089 5502 1272.

2127 5499 2500 5574 i)_Exemplar
2528 5499 2895 5574 PauliiDiacn
2920 5500 3131 5556 habere.

2193 5504 2500 5574 Exemplar
2528 5504 2688 5555 Pauli
2711 5504 2895 5581 Diac_.,
2920 5504 3131 5556 habere.
3391 5569 3404 5584 .
3438 5570 3449 5584 .

2034 5570 3225 5704 ίάεέίιζέἒξξιξῖξξὲῗίιὲθόἲὲέ.⁸“ω⁰⁵³³⁸
3267 5568 3584 5635 Ρ³ἀ¹¹¹⁹⁰¹¹ο
3627 5575 3687 5635 °‘

2030 5660 2189 5704 luem
2220 5660 2517 5723 exemplar
2542 5660 2706 5701 rauu
2727 5660 2885 5705 mac.
