4096 6164
466 269 584 330 463
645 313 650 318 .
1583 265 1648 324 S.
1695 265 1975 326 LEONIS
2021 264 2127 324 ΜΛ

2249 264 2264 324 l
2313 261 2754 325 SERMONES.
3698 264 3797 324 464

465 399 846 473 paupertatis,
887 398 1040 452 869
1063 397 1288 452 addidit
1319 396 1624 465 Dominus,
1657 397 1856 453 dicens
1873 399 1948 469 (a)
1963 399 2117 453 Beati
2143 401 2199 465 Α
2228 397 2696 452 immortalitatem
2729 395 2774 465 (Ι
2794 399 2917 451 Cor.
2950 410 3043 463 xv,
3073 392 3197 463 53):
3230 395 3291 446 ut
3311 390 3611 462 periculum
3640 401 3797 450 verta-

467 490 564 560 qui
586 489 791 557 lugent,
815 485 1092 558 quoniam,
1124 486 1232 558 ipsi
1246 485 1674 542 consolabuntur
1703 485 1925 558 (Matth.
1956 503 2012 552 v,
2033 483 2109 557 5).
2221 489 2320 541 tur
2349 485 2406 540 in
2439 483 2768 557 przemium,
2795 487 2853 540 et
2881 481 3038 555 quod
3061 478 3170 536 fuit
3199 480 3351 536 oneri
3380 480 3454 535 sit
3477 479 3680 536 honori.

469 577 691 632 Luctus
719 574 834 641 hic,
867 571 1256 643 dilectissimi,
1290 573 1381 629 cui
1418 573 1737 630 consolatio
1755 579 2115 648 aiternapro-
2295 575 2427 630 CAP.
2459 575 2553 629 Vl.
2588 606 2656 613 —
2688 573 2821 631 Post
2844 572 2964 627 hzec
3011 569 3175 626 addit
3226 569 3494 624 Dominus
3545 573 3599 625 et
3644 570 3800 628 dicit:

463 663 862 731 mittitur,non
883 666 1116 719 estcum
1137 661 1340 717 mundi
1355 661 1534 733 hujus
1550 663 1624 734 (b)
1639 662 2115 719 afflictionecom-
2223 665 2380 718 Beati
2407 663 2504 734 qui
2530 663 2780 718 esuriant
2798 664 2846 718 et
2867 661 3064 715 sitiunt
3072 658 3368 731 justitiam,
3389 659 3627 730 quoniam
3639 659 3806 730 ipsisa-

463 749 692 820 munis;
727 767 834 808 nec
864 749 1102 807 beatum
1119 751 1838 823 quemquamfaciuntista
1860 751 2118 808 lamenta
2222 752 2556 808 turabuntur
2583 751 2789 822 (Matth.
2824 767 2878 818 v,
2910 749 2988 820 6).
3028 745 3184 802 Nihil
3217 745 3334 802 hzec
3371 745 3594 802 esuritio
3637 762 3807 820 corpo-

465 857 594 912 quae
621 839 798 896 totius
828 839 1322 912 humanigeneris
1338 839 1734 910 deploratione
1766 841 2112 896 funduntur.
2227 857 2413 910 reum,
2440 839 2583 894 nihil
2609 824 2827 912 expetit
2859 837 2991 894 silis
3022 837 3135 893 ista
3150 839 3437 891 terrenum
3461 853 3474 905 ;
3496 835 3808 906 sedjustitie

465 929 596 986 Alia
625 929 771 984 ratio
801 933 890 984 est
919 932 1257 984 sanctorum
1279 928 1629 998 gemituum,
1664 928 1780 985 alia
1808 929 2114 986 boetarum
2226 929 2376 984 bono
2399 927 2694 984 desiderat
2717 925 2991 995 saturari,
3023 930 3080 981 et
3111 925 3170 980 in
3202 923 3458 980 omnium
3498 922 3810 980 occultorum

471 1033 652 1074 causa
680 1016 1091 1089 lacrymarum.
1124 1016 1428 1072 RELIGIOSA
1459 1017 1698 1073 tristitia
1726 1023 1829 1074 aut
1859 1019 2116 1076 alienum
2226 1016 2561 1072 introducta
2589 1020 2901 1081 secretum,
2925 1015 3051 1088 ipso
3098 1013 3342 1069 Domino
3395 1016 3547 1084 optat
3595 1010 3809 1084 impleri.

473 1109 776 1180 peccatum
797 1103 958 1178 luget
977 1110 1077 1160 aut
1093 1105 1389 1178 proprium
1409 1123 1421 1172 ;
1445 1123 1548 1161 nec
1569 1107 1639 1162 de
1666 1106 1772 1163 hoc
1787 1107 1942 1163 dolet
1963 1108 2118 1180 quod
2230 1107 2386 1162 Felix
2416 1123 2582 1162 mens
2601 1123 2726 1178 qua:
2741 1104 2896 1160 hunc
2921 1101 3503 1176 concupiscitcibum,
3517 1105 3570 1156 et
3587 1101 3651 1156 ad
3667 1099 3814 1156 talem

474 1193 670 1249 divina
692 1191 928 1265 justitia
940 1193 1152 1266 agitur,
1171 1193 1271 1248 sed
1289 1193 1360 1248 de
1381 1208 1447 1248 eo
1471 1199 1673 1248 moeret
1692 1195 1846 1266 quod
1861 1195 2122 1250 humana

475 1281 791 1354 iniquitate
823 1279 1208 1336 committitur
1254 1281 1351 1336 ubi
1383 1282 1570 1355 magis
1609 1281 1976 1356 plangendus
2034 1288 2122 1339 est

476 1369 696 1426 faciens
715 1369 975 1442 maligna
987 1386 1163 1442 quam
1180 1371 1428 1442 patiens,
1443 1371 1883 1442 quiainjustum
1898 1371 2123 1428 malitia

473 1475 584 1514 sua
612 1458 898 1530 demergit
927 1460 998 1513 ad
1029 1460 1526 1531 pmnam,justum
1569 1467 1761 1515 autem
1816 1461 2124 1516 tolerantia

475 1547 637 1602 ducit
666 1547 735 1602 ad
771 1547 1039 1619 gloriam.

547 1637 680 1691 CAP.
711 1636 774 1692 V.
809 1667 876 1676 ——
898 1635 1114 1692 Deinde
1138 1636 1218 1692 ait
1244 1637 1527 1692 Dominus
1553 1655 1565 1692 :
1601 1640 1754 1694 Beati
1782 1642 1960 1704 mites,
1993 1656 2120 1711 quo-

477 1725 632 1781 niam
663 1726 772 1797 ipsi
798 1725 1109 1781 haereditate
1134 1725 1480 1796 possidebunt
1515 1729 1716 1781 terram
1746 1728 1928 1784 Matth.
1965 1747 2017 1794 ν,
2047 1731 2121 1799 li).

483 1813 728 1870 Mitibus
761 1820 937 1886 atque
953 1813 1296 1881 mansuetis,
1321 1814 1646 1870 humilibus
1669 1833 1732 1870 ac
1752 1818 2053 1884 modestis,
2073 1821 2130 1873 et

483 1904 554 1958 ad
588 1902 854 1959 omnium
879 1903 1229 1974 injuriarnm
1247 1902 1613 1960 tolerantiam
1645 1907 1985 1978 praeparatis
2001 1924 2129 1980 pos-

484 1991 732 2048 sidenda
761 1995 916 2046 terra
947 1991 1329 2064 promittitur.
1358 1992 1470 2048 Nec
1488 2011 1663 2065 parva
1683 1995 2026 2052 aestimanda
2041 2001 2131 2053 est

483 2079 605 2136 haec
625 2083 726 2136 aut
750 2078 879 2135 vilis
909 2078 1236 2146 haereditas,
1271 2083 1571 2152 tamquam
1591 2099 1623 2136 a
1643 2082 1861 2138 cmlesti
1901 2082 2128 2139 habita-

482 2167 640 2222 tione
669 2165 924 2222 discreta
953 2165 1052 2234 sit,
1093 2181 1227 2222 cum
1261 2182 1505 2239 regnum
1537 2167 1815 2224 caelorum
1867 2188 1983 2230 non
2031 2171 2153 2227 alii

484 2253 890 2327 intelligantur
917 2254 1154 2311 intrare.
1184 2255 1360 2310 Terra
1390 2273 1525 2329 ergo
1542 2259 1834 2329 promissa
1867 2260 2130 2331 mitibus,

484 2343 612 2400 etin
625 2343 1057 2416 possessionem
1072 2344 1264 2400 danda
1277 2346 1621 2414 mansuetis,
1643 2364 1776 2402 caro
1793 2353 2130 2404 sanctorum

485 2435 734 2506 est,qua2
758 2434 832 2490 ob
862 2433 1215 2490 humilitatis
1239 2435 1678 2492 meritumfelici
1711 2439 2132 2495 resurrectione

488 2523 812 2579 mutabitur
826 2522 1360 2580 etimmortalitatis
1371 2523 1555 2597 gloria
1570 2526 1868 2596 vestietur,
1893 2527 1951 2581 in
1971 2527 2132 2582 nullo

483 2612 608 2684 jam
639 2612 871 2685 spiritui
899 2611 1097 2668 futura
1128 2613 1439 2680 contraria,
1473 2619 1680 2669 etcum
1697 2614 1991 2670 voluntate
2009 2615 2132 2670 ani-

493 2701 572 2754 mi
587 2701 850 2772 perfecta:
866 2700 1109 2756 unitatis
1129 2699 1330 2756 habitu
1341 2718 1400 2754 ra
1413 2718 1784 2757 consensum.
1801 2703 1884 2758 Tu
1896 2720 1964 2757 nc
1976 2703 2132 2758 enim

491 2776 740 2842 exterior
774 2787 1526 2844 homointeriorishominis
1557 2789 1664 2844 erit
1678 2791 1877 2862 quieta
1905 2797 1962 2846 et
1999 2792 2136 2848 inte-

2229 1199 2437 1252 aestuat
2466 1200 2666 1267 potum
2695 1212 2708 1262 ;
2740 1210 2914 1265 quem
2937 1192 3142 1264 utique
3175 1207 3292 1246 non
3321 1193 3612 1262 expeteret,
3630 1188 3674 1243 si
3695 1188 3814 1244 nihil

2231 1283 2301 1340 de
2327 1285 2455 1356 ejus
2471 1283 2755 1340 suavitate
2770 1285 3084 1355 gustasset.
3105 1281 3176 1352 (e)
3199 1277 3452 1336 Audiens
3469 1277 3818 1333 autemdicen-

2231 1377 2349 1428 tem
2380 1372 2488 1428 sibi
2523 1370 2929 1444 propheticum
2951 1369 3226 1441 spiritum
3255 1384 3268 1422 :
3313 1366 3519 1422 Gustate
3565 1370 3612 1420 et
3657 1365 3816 1431 videte,

2231 1463 2490 1534 quoniam
2507 1462 2690 1516 suavis
2729 1468 2806 1515 est
2842 1460 3104 1514 Dominus
3153 1458 3266 1528 (Ps.
3315 1473 3504 1523 xxxui,
3533 1455 3584 1524 9)
3637 1455 3821 1525 accepit

2233 1551 2550 1623 quamdam
2576 1565 2840 1620 supernae
2873 1545 3198 1602 dulcedinis
3221 1547 3290 1618 (Γ)
3309 1544 3640 1618 portionem,
3685 1548 3734 1598 et
3775 1543 3821 1596 in

2235 1657 2491 1696 amorem
2511 1639 2852 1696 castissima
2876 1635 3187 1708 voluptatis
3201 1633 3432 1701 exarsit,
3451 1637 3511 1687 ut
3530 1631 3822 1704 spretisom-

2236 1730 2411 1784 nibus
2435 1725 2872 1800 temporalibus,
2889 1725 2958 1781 ad
2975 1725 3259 1799 edendam
3275 1717 3828 1792 bibendamquejusti-

2237 1817 2376 1873 tiam
2411 1823 2528 1872 toto
2547 1816 2958 1872 accenderetur
2978 1814 3211 1879 aifectu,
3230 1818 3290 1867 et
3312 1811 3468 1866 illius
3514 1807 3672 1882 primi
3691 1824 3823 1862 man-

2237 1906 2356 1962 dati
2388 1905 2845 1978 apprehenderet
2875 1904 3177 1958 veritatem
3211 1899 3699 1967 dicentiszbiliges
3746 1899 3829 1952 Do-

2237 1998 2449 2051 minum
2479 1997 2644 2051 Deum
2671 2002 2827 2049 tuum
2854 2009 2924 2048 ea:
2953 1997 3060 2047 toto
3090 1989 3248 2048 corde
3277 1994 3389 2056 tuo,
3411 1997 3463 2044 e:
3479 2005 3547 2043 ea:
3561 1990 3660 2042 tota
3686 1991 3832 2040 mente

2237 2089 2351 2152 tua,
2384 2092 2434 2140 et
2463 2101 2532 2139 ac
2562 2087 2670 2138 tota
2703 2084 2898 2137 virtute
2921 2091 3012 2136 tua
3036 2081 3210 2148 (Deut.
3241 2097 3324 2148 vx,
3379 2080 3455 2141 5;
3503 2075 3673 2130 Matth.
3719 2090 3832 2139 xxii,

2236 2175 2340 2242 37;
2368 2174 2530 2228 Marc.
2563 2190 2662 2238 xv,
2695 2173 2794 2239 30;
2827 2172 2955 2226 Luc.
2986 2187 3042 2238 χ,
3075 2171 3166 2241 27)
3193 2167 3512 2240 :quoniam
3532 2164 3667 2221 nihil
3704 2162 3834 2218 aliud

2239 2267 2330 2318 est
2358 2261 2598 2333 diligam
2631 2265 2810 2316 Deum
2832 2277 3008 2332 quam
3041 2275 3238 2317 amare
3264 2256 3580 2329 justitiam.
3620 2251 3838 2324 Denique

2241 2353 2392 2408 sicut
2408 2353 2484 2421 (ῃ)
2499 2349 2582 2404 illi
2602 2349 2894 2404 dilectioni
2912 2349 3030 2408 Dei.
3059 2347 3306 2420 proximi
3331 2362 3471 2401 cura
3487 2340 3841 2414 subjungitur,

2241 2441 2323 2495 ita
2353 2446 2410 2494 et
2439 2439 2575 2494 huic
2597 2437 2882 2494 desiderio
2892 2436 3137 2508 justitizs
3155 2436 3351 2492 virtus
3383 2430 3762 2490 misericordia:
3779 2444 3849 2483 co-

2241 2527 2498 2600 pulatur,
2536 2531 2591 2582 et
2621 2525 2834 2581 dicitur
2859 2542 2872 2580 :

2313 2617 2446 2671 ΟΛΡ.
2461 2615 2582 2670 Vll.
2606 2647 2671 2656 —
2697 2614 2778 2686 (Ιι)
2798 2615 2952 2669 Beati
2967 2613 3370 2680 miserieortlcs,
3385 2612 3635 2684 quoniam
3647 2611 3846 2681 ipsorum

2240 2705 2592 2760 miserebitur
2621 2705 2758 2758 Deus
2785 2703 2987 2774 (Matth.
3020 2719 3076 2771 v,
3097 2704 3173 2770 7).
3205 2704 3497 2774 Agnosce,
3541 2697 3847 2762 Christiane,

2246 2798 2362 2849 tua:
2377 2791 2676 2865 sapientia:
2695 2790 3063 2864 dignitatem,
3088 2796 3144 2846 et
3165 2789 3438 2862 qualium
3449 2786 3847 2861 disciplinarum

493 2879 715 2930 merata
745 2874 1074 2947 possessio;
1113 2880 1252 2931 tunc
1285 2894 1451 2932 mens
1473 2877 1718 2935 videndo
1758 2880 1874 2936 Deo
1914 2880 2136 2938 intenta
2243 2881 2468 2938 artibus
2499 2881 2569 2936 ad
2587 2898 2711 2952 qua:
2725 2878 2965 2952 praemia
2994 2880 3214 2936 voceris
3250 2877 3533 2951 intellige.
3578 2873 3851 2932 Misericor-

492 2962 1035 3036 nullis(e)corporeae
1055 2964 1152 3018 inﬁ
1163 2963 1441 3020 rmitatisi
1451 2967 1778 3038 mpedietur
1791 2968 2131 3038 obstaculis,

2243 2972 2376 3026 dem
2409 2975 2464 3026 te
2496 2968 2862 3035 misccordia,
2889 2969 3122 3040 justum
3153 2967 3356 3024 vultte
3386 2984 3514 3024 esse
3534 2963 3766 3039 justitia,
3799 2963 3851 3015 ut

497 3063 605 3108 nec
626 3053 754 3124 jam
791 3051 901 3107 dici
937 3069 1171 3109 necesse
1201 3053 1346 3131 erit:
1373 3055 1575 3128 Corp-us
1604 3057 1744 3128 quod
1763 3061 2137 3131 corrumpitur
2243 3061 2302 3114 in
2319 3061 2666 3130 creatura(i)
2699 3075 2807 3113 sua
2836 3059 3072 3112 Greater
3098 3062 3406 3130 appareat,
3441 3063 3498 3113 et
3540 3055 3596 3110 in
3653 3047 3851 3124 speculo

488 3145 750 3214 aggravet
779 3143 1045 3210 animam,
1077 3150 1128 3198 et
1154 3129 1370 3199 terrena
1393 3129 1994 3218 inhabitatiodeprimit
2008 3165 2129 3203 sen-
2163 3142 2206 3208 C
2243 3148 2434 3204 cordis
2465 3129 2706 3202 humani
2735 3163 2836 3219 per
2861 3146 3044 3201 lineas
3086 3129 3442 3201 imitationis
3483 3157 3740 3216 expressa
3772 3135 3850 3194 Dei

487 3247 609 3286 sum
627 3223 804 3286 multa
829 3232 1318 3304 cogitantem(Sap.
1343 3249 1421 3302 1x,
1448 3234 1534 3305 t5)
1561 3251 1573 3290 :
1600 3235 1878 3307 quoniam
1909 3237 2134 3292 habita-

485 3319 593 3375 tori
621 3336 728 3376 suo
759 3336 874 3375 non
907 3315 1290 3376 reluctabitur
1311 3324 1486 3392 terra,
1517 3339 1621 3378 nec
1680 3325 2134 3382 immoderatum

485 3407 706 3482 aliquid
739 3415 939 3466 contra
959 3409 1272 3483 imperium
1295 3410 1384 3466 sui
1419 3412 1656 3468 rectoris
1673 3413 1928 3470 audebit.
1949 3414 2134 3471 Possi-

486 3498 710 3554 debunt
738 3497 892 3554 enim
906 3497 1067 3554 illam
1085 3499 1255 3555 mites
1275 3501 1580 3572 310pace
1597 3506 1969 3580 perpetua,let
1985 3502 2133 3558 nihil

491 3600 771 3660 umquam
789 3587 860 3643 de
883 3603 1084 3644 eorum
1094 3589 1229 3660 jure
1270 3588 1590 3656 minuetur,
1621 3607 1746 3646 cum
1775 3593 2134 3663 corruptibile

487 3675 586 3732 hoc
622 3675 864 3732 induerit
896 3677 1462 3750 ineorruptionem,(rl)
1473 3681 1524 3732 et
1543 3680 1772 3734 mortale
1782 3678 1879 3734 hoc
1891 3680 2133 3737 induerit

559 3800 637 3871 (a)
652 3800 930 3856 [neodem
943 3799 1277 3856 PauliDiae.
1294 3799 1557 3872 exemplo
1570 3816 1820 3872 sequens
1835 3803 2130 3860 beatitudo

486 3870 712 3926 mitium
740 3887 875 3944 cum
898 3876 1017 3944 toto
1038 3871 1227 3944 capite
1241 3872 1512 3944 sequenti
1545 3870 1637 3944 hic
1655 3870 1946 3944 ponitur:
1977 3878 2133 3932 Beati

486 3944 651 4014 mites
659 3986 670 4004 ,
684 3944 792 3996 etc.
813 3941 1352 4014 Deindesubjicitur
1365 3941 1661 3997 beatitudo
1673 3941 1983 4012 lugentium
1995 3963 2128 4002 cum

492 4016 609 4067 toto
641 4011 748 4065 hoc
779 4011 968 4082 capite
1000 4011 1081 4066 sic
1108 4011 1270 4068 :Post
1289 4013 1400 4066 haec
1421 4014 1683 4068 Dominus
1725 4011 1824 4082 ait,
1848 4020 1899 4070 et
1955 4017 2088 4073 dieit
2109 4037 2128 4074 :

487 4082 646 4160 Beati
669 4083 768 4160 qui
785 4083 1553 4160 lugent,_etc._Posteacaput
1574 4091 1800 4160 sextum
1825 4091 2127 4160 prosequi-

486 4157 585 4229 tur
609 4152 718 4229 hoc
737 4151 942 4229 initio:
971 4151 1175 4229 Deinde
1219 4151 1480 4229 Dominus
1509 4157 1608 4229 ait
1623 4174 1642 4209 .'
1684 4151 1848 4229 Beati
1885 4161 1980 4229 qui
2007 4151 2126 4215 esu-

485 4225 662 4302 riunt,
695 4224 1098 4302 etc.“lta_ergo_
1111 4227 1408 4302 beatitudo
1438 4227 1658 4282 mitium
1678 4227 1736 4283 in
1765 4224 2006 4302 antiquo
2031 4249 2127 4288 co-

485 4295 631 4362 dice,
663 4311 777 4366 quo
809 4295 1354 4353 Paulus—Diaconus
1415 4314 1555 4352 usus
1613 4304 1720 4365 est,
1780 4295 2126 4359 beatitudini

486 4368 787 4444 lugentium
819 4369 1294 4444 praeponebatur:
1321 4369 1402 4424 uti
1429 4371 1628 4424 eodem
1657 4372 1893 4444 quidem
1925 4374 2128 4431 ordine

485 4437 730 4518 hmanas
765 4437 1157 4518 beatitudines
1189 4445 1246 4518 et
1274 4437 1756 4518 recensentnr'in
1816 4445 2126 4518 Evangelio

482 4509 831 4594 Vulgato,_et
858 4511 1190 4594 ebullila‘rio,
1213 4511 1540 4594 Augustino
1570 4512 1814 4594 aliisque
1861 4509 2130 4594 Patribus
2162 4512 2206 4576 D

482 4581 867 4654 explicantur.
891 4581 1044 4654 Nihil
1074 4588 1269 4639 tamen
1301 4581 1736 4640 immutandum
1765 4587 2128 4654 censuimus,

484 4651 604 4706 non
634 4651 826 4724 solum
859 4653 998 4724 quia
1026 4655 1291 4710 ordinem
1322 4654 1380 4709 in
1414 4659 1572 4710 textu
1603 4656 1823 4712 editum
1853 4651 2129 4716 exhibent

484 4737 690 4803 omnes
721 4721 1127 4803 collectionum
1158 4726 1384 4803 codices
1416 4743 1564 4803 quos
1585 4727 1872 4803 ﬁdimus,
1922 4747 2124 4785 verum

483 4793 658 4868 etiam
682 4793 821 4864 quia
845 4794 938 4868 hic
967 4795 1122 4868 idem
1155 4797 1294 4853 ordo
1307 4793 1642 4852 servaturin
1665 4793 2054 4868 Graeco’textn,
2071 4808 2128 4857 et

481 4865 800 4940 abauctore
813 4865 984 4940 etiam
1001 4867 1463 4940 antiquoOperisg
1479 4869 1767 4940 Impertiin
1788 4865 2120 4928 Matthmnm

480 4934 750 5017 homil.l9
779 4935 1092 5017 adhibetur
1112 4934 1390 5017 {unde-in
1415 4934 1648 5017 aliquot
1667 4943 1843 5017 et_iam
1904 4945 2126 5017 Latinis

479 5005 909 5078 exemplaribus
939 5009 1010 5063 ab
1025 5009 1226 5065 eodem
1258 5005 1532 5065 inventus
1549 5011 1674 5067 fuit.
1710 5013 2012 5070 Enimvero
2031 5016 2124 5074 hic

477 5078 618 5156 ordo
630 5077 2123 5156 exhibeturinduobusvetustissimisEﬁvangeliorum

477 5149 664 5229 libris,
690 5149 1006 5229 Veronensi
1037 5158 1094 5207 et
1117 5153 1413 5229 Brixiano,
1433 5171 1581 5229 quos
1612 5155 1672 5210 Ρ.
1703 5149 1918 5229 Joseph
1951 5159 2122 5216 Blan-

477 5220 708 5308 chinius
740 5222 1248 5308 npvissimeedidit
1269 5224 1325 5278 in
1353 5220 1523 5308 opere
1556 5220 2120 5302 inscripto;Evange-

479 5291 615 5368 lium
646 5293 1077 5368 quadruplex,t.
1117 5293 1158 5362 Ι,
1194 5311 1324 5368 pag.

549 5364 623 5433 (li)
653 5364 824 5438 Editi,
845 5365 1142 5437 aﬁectione.
1159 5364 1506 5438 Quosnellus
1521 5366 1576 5421 in
1596 5367 1856 5438 margine
1870 5373 2117 5429 notavit:

474 5432 674 5515 forte,
693 5432 1012 5515 afﬂictione,
1047 5437 1200 5509 quod
1232 5437 1571 5493 auctoritate
1585 5432 1934 5510 exemplaris
1956 5442 2122 5500 Pauli

472 5506 626 5558 Diac.
660 5506 1038 5563 inseruimus.

547 5574 615 5653 (ς)
651 5575 803 5653 [deni
836 5577 1195 5653 BauliUDiac.
1243 5577 1558 5652 exemplar,
1610 5596 1884 5653 corporeae
1935 5589 2115 5644 molis.

471 5644 679 5706 Pelates
699 5647 826 5708 cod.
860 5648 1198 5719 Padiliron.,
1228 5644 1725 5725 contra'imperiun'z
1743 5655 1835 5712 sui
1859 5659 2116 5718 auctoris.

2243 3239 2437 3310 imago
2469 3236 2853 3308 resplendeat.
2870 3237 3086 3291 Secura
3116 3241 3204 3292 est
3231 3225 3855 3307 operantiuniﬁdes,ad-

2242 3333 2414 3384 erunt
2444 3327 2550 3382 tibi
2582 3324 2871 3381 desideria
2901 3330 3022 3392 tua,
3059 3328 3115 3380 et
3145 3325 3216 3379 iis
3241 3341 3374 3396 qua
3397 3339 3562 3380 amas
3595 3321 3712 3378 sine
3761 3317 3852 3370 line

2242 3415 2501 3485 potieris.
2537 3417 2603 3471 Et
2632 3413 2908 3486 quoniam
2941 3415 3093 3472 an
3140 3412 3245 3468 tibi
3305 3431 3412 3485 per
3464 3411 3856 3480 eleemosynam

2242 3505 2441 3562 omnia
2453 3504 2675 3560 munda
2695 3509 2855 3570 sunt,
2877 3503 2950 3558 ad
2971 3518 3099 3557 eam
3123 3503 3440 3575 (j)quoque
3453 3497 3855 3558 beatitudinem,

2241 3613 2368 3666 quae
2401 3597 2822 3665 consequenter
2849 3596 2940 3648 est
2967 3591 3277 3664 promissa,
3313 3589 3636 3664 pervenies,
3663 3585 3857 3642 dicente

2242 3683 2520 3740 Domino:

2310 3807 2388 3879 (ιί)
2411 3807 2472 3862 In
2495 3806 2696 3862 eodem
2714 3801 2998 3876 exemplo,
3013 3805 3066 3857 et
3088 3803 3316 3858 mortale
3346 3805 3638 3875 sumpserit
3666 3801 3857 3855 immor-

2241 3879 2526 3934 talitatem.

2310 3951 2380 4020 (ε)
2397 3947 2673 4020 Audienda
2697 3955 2870 4020 autem
2893 3946 3156 4020 dicentem
3185 3947 3293 4020 sibi
3315 3940 3859 4020 prophetiaespiritum

2239 4013 2390 4092 apud
2409 4091 2416 4092 ί
2436 4019 2708 4076 eumdem
2735 4018 2977 4072 Paulum
3009 4017 3164 4072 Diue.
3196 4013 3363 4085 Item,
3395 4013 3667 4074 audiendo
3693 4013 3746 4067 in
3768 4022 3858 4064 ms.

2240 4091 2552 4148 Padiliron.

2308 4163 2665 4235 (f)Mss.Vat.
2698 4166 2817 4216 tres
2847 4160 3106 4230 etprima
3125 4157 3325 4235 editio,
3346 4161 3644 4235 potionem.
3671 4149 3854 4235 Moxin

2236 4231 2436 4306 eadem
2471 4234 2743 4306 editione,
2765 4246 3040 4302 supernae,
3058 4247 3160 4306 pro
3180 4233 3533 4287 castissimae.
3559 4231 3689 4306 Post
3707 4236 3865 4306 pauca

2237 4307 2363 4363 cod.
2395 4303 2730 4368 Padiliron.,
2761 4301 2948 4358 extet-0
2969 4301 3126 4357 corde
3155 4311 3264 4368 tuo,
3321 4311 3374 4358 et
3421 4317 3494 4357 ea:
3545 4304 3656 4356 tota
3700 4301 3863 4350 animo

2238 4383 2352 4444 tua,
2385 4380 2435 4431 et
2463 4393 2533 4431 ea:
2557 4385 2666 4431 tota
2684 4383 2860 4429 mente
2889 4382 3002 4440 tua,
3031 4377 3084 4428 et
3121 4389 3191 4427 ea:
3244 4377 3356 4428 tota
3414 4374 3692 4428 voluntate
3741 4371 3863 4423 tua:

2237 4450 2660 4524 ιιιιοηίςυηνοιςτς
2948 4515 3014 4524 -.
3665 4513 3702 4524 ..
3779 4509 3787 4518 .

2308 4521 2384 4591 (g)
2409 4520 2491 4573 Ita
2505 4513 2509 4514 ί
2521 4518 2652 4591 meli
2665 4533 2738 4591 us
2751 4531 2822 4591 ex
2835 4515 3066 4591 nostris
3069 4531 3401 4591 ιῃεβηρμω-
3412 4515 3509 4591 illi
3516 4513 3787 4591 dileetignt
3797 4519 3864 4560 re-

2239 4581 2529 4664 spiindeat
2546 4590 2676 4664 huic
2705 4587 2992 4664 desiderio.
3021 4586 3203 4664 Editi,
3225 4587 3346 4664 illic
3363 4581 3867 4664 dilgctioniaprima

2238 4653 2436 4718 tamen
2467 4661 2665 4725 editio,
2693 4676 2820 4730 qua.
2853 4659 2971 4730 illic
3001 4657 3282 4730 dilectioni
3311 4659 3572 4730 praefert,
3606 4653 3867 4730 cohaeren-

2236 4734 2354 4789 tius
2373 4733 2504 4788 dein
2530 4718 2840 4798 habetﬂtic
2869 4729 3158 4795 desiderio,
3203 4718 3358 4784 sicut
3413 4718 3597 4785 etiam
3651 4725 3709 4780 in
3753 4718 3862 4777 cod.

2235 4804 2546 4860 Padiliron.

2307 4878 2384 4947 (Ιι)
2398 4875 2560 4945 Apud
2591 4871 2828 4947 Paulum
2853 4872 3002 4927 Diae.
3030 4887 3042 4924 :
3061 4872 3215 4926 Beati
3225 4864 3866 4947 miserieordesquoniam

2236 4938 2341 5013 ipsi
2366 4938 2797 5000 Misericordia»:
2831 4951 3240 5013 consequentur.
3278 4943 3523 5013 Agnosce
3566 4938 3868 5012 dignitatem

2279 4965 2340 5002 IS].
2370 4959 2797 5000 Misericordia»:
2831 4959 2987 4998 eonse
3025 4959 3240 4997 nentur.
3278 4959 3523 5013 agnosce
3566 4959 3866 5012 azgnuawm

2279 5019 2574 5091 ltrisliana?
2597 5016 2923 5091 sapientiae,
3043 5014 3229 5091 quales
3258 5013 3866 5091 disciplinarummartes,

2234 5089 2303 5144 ad
2332 5080 2700 5162 quaeprtemi'u
2720 5080 3209 5162 eoeerésinte'llige.
3261 5084 3346 5162 In_
3379 5080 3500 5162 ms.
3536 5080 3864 5139 Padiliron.:

2232 5157 2837 5232 Agnosee'dignitatem,
2871 5157 3199 5232 Christiane,
3211 5157 3542 5232 sapientiae.
3662 5221 3694 5232 Α
3713 5221 3723 5232 ο

2305 5234 2367 5304 (i)
2388 5221 2756 5306 Vocabulum
2781 5221 2882 5306 sua
2912 5221 3867 5306 aQu_esnelloomissu_tn,.utiiugu-

2233 5292 2363 5359 stro'
2386 5300 2701 5357 Padiliron.
2725 5300 2905 5366 deest,
2941 5298 3307 5354 restituimus
3329 5314 3396 5353 ex
3417 5292 3652 5353 caeteris
3681 5292 3868 5348 editio-

2233 5375 2408 5430 nibus
2443 5371 2773 5442 nostrisque
2805 5370 2970 5426 codd.
3005 5375 3063 5442 et
3079 5368 3290 5442 Homil.
3324 5367 3688 5442 PauIiDiac.

2303 5448 2369 5519 (j)
2396 5435 2746 5519 Particula‘m
2768 5457 3005 5519 quoque,
3028 5441 3084 5496 in
3111 5439 3407 5519 Quosnelli
3443 5438 3591 5494 edit.
3654 5435 3870 5519 praete?-

2231 5511 2498 5584 mi’ssam,
2532 5531 2601 5572 ex
2628 5511 2838 5570 iisdem
2867 5511 3041 5570 editis
3070 5517 3128 5570 et
3158 5511 3436 5569 omnibus
3471 5525 3622 5566 mss.
3655 5516 3870 5564 revoca-

2227 5606 2442 5646 vumus.
