4096 6164
286 262 406 325 469
820 306 823 309 ‹
1765 258 1903 322 PM

2089 256 2212 322 διο.
3573 242 3706 327 ne

357 418 388 448 α
420 393 617 454 Primo
645 390 771 454 loco
829 392 1070 470 ponitur
1116 408 1306 453 sermo
1339 392 1397 450 in
1456 389 1646 450 Natali
1676 391 1735 450 S.
1797 391 2079 451 Vincentii
2138 388 2429 465 martyris,
2464 403 2638 463 quem
2700 388 2771 445 ad
2832 388 3222 464 Lugdunense
3255 379 3688 444 Leetionarium

291 502 401 543 ms.
435 486 497 541 in
528 485 880 543 bibliotheca
909 486 1189 542 Thuanea
1219 488 1606 551 asservatum,
1640 487 1698 539 et
1727 483 1798 539 ad
1831 481 2305 554 Corbeiense,qui
2340 497 2495 535 nunc
2518 482 2607 535 est
2642 478 2920 535 Asceterii
2951 479 3004 535 S.
3018 477 3291 536 Germani
3323 492 3357 532 a
3386 474 3690 543 Pratis,re-

290 574 488 649 legi.S.
512 576 840 648 Augustino
857 575 1136 631 tribuitur
1160 575 1212 629 in
1237 575 1400 629 Corb.
1429 573 1659 628 Nullius
1683 572 1937 628 auctoris
1967 588 2178 628 nomen
2212 570 2388 626 habet
2414 569 2684 642 Lugdun.
2719 569 2926 623 Leonis
2957 585 3084 625 esse
3112 568 3402 641 pleraque
3433 564 3688 636 Operum

285 666 407 735 ejus
428 663 715 720 editiones
735 663 1158 720 testantur.Scd
1186 680 1287 718 nec
1315 663 1487 717 Leoni
1514 679 1616 717 nec
1634 662 1960 734 Augustino
1987 658 2114 716 esse
2137 660 2518 715 tribuendum
2541 657 2625 713 vel
2649 656 2773 729 ipse
2795 657 2982 730 stylus
3002 653 3556 713 demoustrat.Certe
3582 664 3689 705 nec

281 752 591 811 Africanus
620 769 728 810 nec
750 753 925 809 Italus
946 751 1288 818 fuitauctor,
1316 752 1414 822 qui
1448 750 1641 822 potius
1674 751 1998 823 Hispanum
2031 767 2092 804 se
2120 750 2465 821 prodit,tum
2488 748 2546 803 in
2572 747 2699 819 ipso
2722 745 3010 802 sermonis
3048 745 3234 811 initio,
3268 749 3395 799 tum
3438 739 3689 796 maxime

282 840 373 897 his
401 841 601 897 verbis
631 841 840 914 capitis
872 841 891 896 l
921 858 933 896 :
969 843 1119 896 Hune
1148 857 1277 911 ergo
1299 841 1536 911 amplius
1560 841 1790 911 propria
1822 843 2327 911 venerentur,quem
2347 840 2516 893 etiam
2541 838 2828 908 peregrina
2852 836 3131 890 mirantur
3145 850 3240 896 :ex
3262 832 3476 906 quibus
3499 825 3688 884 mani-

284 928 501 984 festum
533 933 624 985 est
655 929 773 984 illic
804 928 1107 984 laudatum
1141 928 1321 984 fuisse
1351 928 1460 983 hoc
1481 945 1749 984 sermone
1774 927 2143 983 Vincentium
2167 925 2606 999 martyrem,ubi
2628 941 2875 998 agonem
2899 924 3205 997 sanguinis
3228 922 3509 980 eﬂ'usione
3529 932 3686 974 eom-

281 1018 556 1091 pleverat.
589 1018 825 1075 Accedit
857 1018 992 1074 huic
1050 1022 1394 1091 argumento
1427 1018 1672 1072 alterum
1731 1035 1797 1074 ex
1831 1016 2215 1073 Ecclesiarum
2275 1016 2666 1087 Romanisque
2721 1015 2778 1069 in
2828 1014 3035 1086 primis
3085 1010 3523 1075 consuetudine,
3558 1019 3719 1080 quas.

279 1106 653 1180 propriorum
687 1107 937 1179 regionis
969 1124 1089 1163 sua
1121 1110 1443 1179 martyrum
1476 1104 1817 1163 memoriam
1851 1122 2047 1161 annua
2076 1104 2446 1161 solemnitate
2495 1104 2756 1159 venerari
2818 1107 3126 1171 contentas,
3170 1108 3474 1158 extraneos
3506 1093 3687 1153 simili

278 1193 593 1251 festivitate
623 1210 657 1249 a
681 1193 804 1249 suis
836 1193 1206 1249 honorandos
1240 1194 1663 1264 relinquebant.
1698 1194 1763 1247 Et
1797 1210 1990 1248 revera
2021 1192 2068 1248 si
2118 1192 2501 1257 Maehabzeos,
2536 1191 2635 1263 qui
2691 1195 2853 1247 extra
2893 1192 3160 1247 ordinem
3214 1192 3373 1256 sunt,
3406 1185 3682 1259 excipias.

275 1282 505 1338 nullum
537 1282 796 1337 laudavit
827 1282 1103 1338 concione
1134 1281 1366 1354 publica
1390 1282 1499 1337 Leo
1524 1281 1857 1343 noster,nisi
1890 1298 2064 1353 quem
2096 1281 2229 1337 sinu
2255 1298 2360 1335 suo
2382 1281 2600 1335 foverat
2620 1281 2881 1336 Romana
2904 1279 3179 1347 Ecclesia;
3218 1280 3316 1335 sed
3356 1293 3460 1333 nec
3494 1276 3720 1353 ipsum_

274 1375 766 1443 protomartyrem
798 1370 1181 1443 Stephanum,
1216 1374 1299 1425 tot
1321 1370 1453 1426 licet
1480 1370 1817 1425 nominibus
1844 1371 2126 1426 universae
2151 1369 2360 1425 Christi
2386 1368 2649 1424 Ecclesiae
2671 1368 3260 1424 venerandum.Alius
3284 1367 3466 1441 igitur
3486 1370 3692 1441 auctor

274 1460 589 1516 sermonis.
620 1466 676 1514 S.
713 1460 1040 1515 Leandrum
1073 1458 1478 1531 Hispalensem
1502 1460 1839 1531 episcopum
1863 1477 1977 1515 non
2014 1460 2141 1515 sine
2163 1458 2451 1531 probabili
2508 1458 2729 1514 ratione
2773 1456 3108 1529 conjeceris.
3146 1458 3352 1514 Prima:
3380 1456 3690 1526 utriusque

277 1548 534 1604 nominis
566 1547 803 1621 syllabae
837 1547 1161 1604 similitudo
1190 1549 1439 1603 Leonem
1472 1565 1575 1619 pro
1610 1549 1864 1604 Leandro
1893 1549 2261 1622 supponendi
2293 1549 2657 1604 occasionem
2693 1548 2938 1603 fortasse
2991 1546 3256 1619 praebuit,
3304 1548 3447 1602 dum
3470 1544 3596 1601 sola
3625 1542 3687 1597 in

278 1655 385 1694 ms.
418 1638 623 1692 codice
656 1636 959 1705 remansit,
990 1636 1211 1692 caeteris
1241 1636 1509 1709 apicibus
1540 1634 1832 1693 vetustate
1858 1638 2064 1694 exesis.

346 1750 375 1776 «
408 1725 559 1781 Huic
593 1725 848 1781 sermoni
882 1725 1027 1781 alios
1057 1725 1204 1781 duos
1235 1725 1873 1796 subjecimus,alterum
1907 1729 1976 1783 de
2006 1727 2316 1783 Nativitate
2354 1725 2855 1794 Domini,alterum
2888 1726 2959 1781 de
2988 1723 3688 1794 Ascensione,utrumque

277 1832 344 1872 ex
372 1814 576 1875 codice
604 1813 1312 1870 Corbeiensibibliothecze
1344 1815 1401 1870 S.
1438 1814 1709 1870 Germani
1744 1834 1777 1871 a
1808 1817 2233 1873 Pratis.Leonis
2266 1833 2477 1871 nomen
2512 1815 2569 1869 in
2604 1815 2791 1870 fronte
2821 1814 3067 1881 habent;
3094 1814 3300 1870 Leonis
3331 1817 3528 1869 tamen
3559 1828 3688 1867 esse

278 1905 636 1979 persuadere
668 1904 809 1959 mihi
846 1921 959 1959 non
987 1903 1169 1976 potui.
1204 1903 1261 1957 S.
1304 1902 1586 1975 Fulgentii
1618 1903 1836 1976 stylum
1868 1905 2056 1977 magis
2089 1905 2232 1960 mihi
2267 1904 2505 1977 sapiunt
2553 1919 2728 1975 quam
2778 1902 3023 1969 Leonis;
3060 1917 3235 1973 quem
3269 1902 3328 1956 in
3362 1901 3537 1973 primi
3574 1916 3690 1955 ser-

278 1994 473 2051 monis
503 1992 740 2049 exordio
764 1993 1022 2048 imitalus
1053 1997 1143 2049 est
1174 1996 1410 2059 auctor;
1435 1992 1493 2046 in
1526 1994 1714 2065 primo
1746 1994 1902 2049 enim
1936 1994 2004 2049 de
2036 1994 2346 2049 Nativitate
2377 2009 2645 2048 sermone
2676 1992 2895 2048 similia
2931 1991 3209 2065 leguntur
3238 1991 3392 2064 apud
3419 1996 3684 2047 Leonem.

345 2106 373 2132 (ι
404 2082 670 2154 Denique
704 2097 805 2135 nec
837 2081 909 2136 ab
942 2080 1194 2136 editione
1227 2085 1425 2136 nostra
1458 2081 1769 2151 rejecimus
1799 2081 2100 2155 geminum
2126 2142 2133 2147 _
2160 2086 2467 2137 centonem
2524 2098 2591 2136 ex
2624 2081 2831 2136 Leonis
2862 2080 3045 2136 nostri
3078 2079 3314 2151 scriptis
3345 2086 3682 2138 consutum.

284 2171 515 2227 Primus
540 2174 630 2226 est
657 2186 849 2225 sermo
871 2169 973 2241 qui
995 2170 1288 2225 secundus
1310 2173 1479 2225 antea
1501 2176 1625 2226 erat
1642 2188 1702 2225 1n
1725 2171 1914 2226 Natali
1937 2170 2333 2243 apostolorum
2362 2169 2510 2223 Petri
2530 2172 2585 2222 et
2608 2168 2869 2233 Pauli,de
2889 2185 3004 2240 quo
3026 2168 3157 2224 vide
3171 2169 3459 2224 monitum
3474 2186 3692 2226 sermo-

288 2260 346 2316 ni
377 2260 564 2333 primo
586 2258 647 2313 in
669 2258 872 2314 eodem
901 2259 1046 2314 festo
1069 2258 1584 2329 subjectum.z\1ter
1606 2265 1694 2315 est
1727 2265 1993 2317 tractatus
2024 2260 2078 2315 S.
2114 2261 2306 2314 Leonis
2345 2260 2477 2328 PP.,
2514 2262 2575 2311 ut
2595 2258 2705 2312 fert
2737 2257 2961 2323 titulus,
2992 2257 3253 2314 adversus
3280 2274 3494 2314 errores
3522 2261 3690 2333 Euty-

292 2348 451 2404 chetis
478 2356 528 2403 et
548 2349 790 2402 aliorum
821 2346 1239 2413 hereticorum;
1275 2364 1449 2419 quem
1482 2365 1550 2402 ex
1578 2352 1803 2405 vetusto
1835 2350 2030 2405 codice
2082 2365 2192 2403 ms.
2224 2346 2590 2403 bibliotheca:
2633 2346 2921 2401 Vaticanis
2980 2347 3339 2419 descriptum
3400 2346 3564 2403 aiunt
3593 2348 3693 2421 qui

296 2437 459 2509 primi
490 2436 660 2491 illum
692 2436 750 2491 S.
782 2436 990 2491 Leonis
1021 2435 1308 2508 Operibus
1340 2437 1656 2494 inseruere.
1694 2440 1770 2493 Ex
1801 2456 1916 2512 quo
1949 2438 2199 2512 quisque
2245 2454 2477 2510 pannus
2526 2435 2650 2491 loco
2693 2438 3036 2507 assumptus
3068 2435 3165 2501 sit,
3199 2435 3365 2492 facile
3395 2436 3576 2493 lector
3605 2456 3693 2494 co-

301 2528 525 2597 gnoscet
554 2541 625 2579 ex
656 2523 731 2578 iis
758 2541 886 2596 quae
918 2525 986 2578 ad
1023 2523 1349 2595 marginem
1385 2526 1813 2582 annotavimus.
1848 2547 1873 2578 ι»

366 2620 413 2669 3.
443 2614 734 2669 Hactenus
764 2611 1143 2675 Quesnellus:
1174 2612 1273 2684 qui
1308 2612 1527 2683 optime
1560 2615 1798 2686 quidem
1837 2617 1906 2671 de
1933 2615 2118 2670 tribus
2150 2614 2355 2685 primis
2387 2612 2779 2677 sermonibus,
2814 2613 2884 2667 de
2911 2610 3116 2682 quinto
3146 2611 3322 2667 etiam
3357 2630 3471 2668 non
3505 2614 3694 2670 omni-

309 2718 374 2758 no
410 2702 571 2758 male.
604 2704 678 2756 At
707 2701 778 2756 de
809 2717 1076 2757 sermone
1103 2703 1159 2755 in
1194 2703 1378 2756 Natali
1404 2704 1456 2756 S.
1494 2706 1645 2759 Petri
1673 2706 2024 2777 upostoli,qui
2049 2704 2255 2776 incipit
2288 2704 2633 2760 Emsultemm
2657 2705 2717 2757 in.
2748 2702 2995 2768 Domino,
3029 2701 3299 2756 assentiri
3335 2719 3451 2758 non
3488 2720 3695 2775 possu-

311 2808 465 2847 mus:
499 2792 656 2846 hunc
688 2790 843 2846 enim
868 2790 1190 2864 genuinum
1224 2791 1428 2846 Leonis
1452 2792 1629 2847 fetum
1655 2810 1783 2849 esse
1806 2793 2181 2866 probavimus
2203 2792 2262 2847 in
2296 2792 2695 2848 admonitione
2726 2789 3030 2862 praemissa
3053 2790 3311 2846 sermoni
3342 2792 3540 2863 83,ubi
3562 2810 3697 2851 eum

308 2878 927 2937 eollocavimus.Potius
950 2879 1099 2935 inter
1128 2880 1457 2952 apocrypha
1483 2882 1692 2936 referre
1724 2882 1968 2937 debebat
1997 2898 2324 2937 sermonem
2350 2884 2410 2936 in
2437 2881 2774 2937 (.‘alhedraS.
2795 2881 3146 2951 Petri,quem
3172 2878 3266 2935 ille
3296 2881 3380 2935 uti
3399 2881 3693 2939 sincerum

311 2969 455 3025 dedit
482 2985 654 3024 serm.
687 2969 891 3033 96,nos
922 2973 1117 3023 autem
1150 2969 1327 3024 veluti
1353 2974 1508 3024 certo
1542 2971 1982 3042 supposititium
2016 2971 2073 3026 in
2107 2972 2215 3026 hac
2247 2971 2566 3043 appendicc
2619 2970 2965 3025 recudemus
2997 2986 3172 3024 serm.
3209 2970 3295 3038 14,
3332 2971 3402 3026 de
3435 2988 3551 3043 quo
3583 2964 3731 3027 ibi-‘

313 3057 434 3112 dem
464 3055 646 3129 plura.
678 3055 872 3111 Alium
903 3052 1133 3128 quoque
1160 3072 1492 3111 sermonem
1523 3057 1590 3111 de
1614 3058 1955 3123 Marhabreis,
1989 3059 2089 3130 qui
2144 3059 2202 3113 in
2255 3058 2532 3114 omnibus
2582 3058 2941 3113 editionibus
2974 3057 3180 3113 Leonis
3212 3057 3358 3113 citra
3388 3058 3700 3119 dubitatio-

315 3161 438 3199 nem
465 3145 732 3211 habctur,
766 3144 1113 3216 Augustino,
1143 3160 1257 3198 non
1291 3149 1486 3200 autem
1520 3146 1692 3200 Leoni
1746 3147 2203 3219 adjudicandum
2253 3148 2489 3203 invictis
2537 3146 2901 3219 argumentis
2949 3146 3309 3219 detegemus.
3344 3146 3475 3205 Haec
3505 3152 3698 3222 quoad

318 3247 593 3288 sermones
624 3232 683 3286 in
722 3232 927 3287 Leonis
954 3230 1308 3287 editionibus
1339 3232 1622 3289 hactenus
1651 3234 1937 3307 vulgatos.

377 3322 421 3375 4.
451 3320 649 3375 Plures
679 3335 815 3374 vero
835 3319 980 3374 alios
1006 3335 1308 3375 sermones
1332 3326 1529 3381 nostro
1551 3325 1785 3378 Auctori
1811 3325 2041 3380 effictos
2087 3324 2145 3378 in
2194 3341 2337 3379 mss.
2374 3322 2754 3378 Lectionariis
2785 3326 2843 3375 et
2872 3320 3315 3378 collectionibus
3346 3324 3699 3385 deteximus.

316 3408 444 3465 Tres
469 3426 534 3465 ex
561 3408 655 3463 his
687 3407 745 3462 in
773 3412 1034 3462 veterum
1066 3408 1513 3465 PP.Latinorum
1538 3411 1840 3482 opusculis
1870 3417 2013 3468 tom.
2050 3414 2121 3477 ll,
2147 3418 2293 3483 part.
2322 3430 2356 3478 ι,
2393 3411 2708 3466 novissime
2737 3409 2919 3466 edidit
2945 3409 3014 3463 V.
3047 3414 3104 3464 Ο.
3141 3411 3199 3465 Ρ.
3233 3411 3415 3468 abbas
3443 3412 3702 3475 Joannes

314 3495 741 3571 Chrysostomus
768 3495 1255 3565 Trombellius,ex
1282 3497 1499 3569 quibus
1530 3499 1677 3554 duos
1703 3502 2257 3567 subdititios,unum
2284 3501 2605 3571 genuinum
2627 3499 3066 3570 putat.Eosdem
3095 3516 3201 3554 nos
3223 3516 3703 3577 quoque-repere-

316 3591 577 3654 ramus,et
605 3586 750 3642 alios
782 3585 1001 3657 plures,
1022 3586 1092 3640 de
1122 3586 1336 3657 quibus
1369 3604 1501 3642 mox
1532 3588 1796 3644 dicemus
1823 3608 1835 3658 ;
1870 3591 1968 3645 sed
2003 3607 2073 3645 ne
2108 3607 2290 3644 unum
2318 3589 2556 3660 quidem
2583 3604 2713 3643 vere
2750 3586 3071 3642 Leoninum
3104 3587 3609 3659 arbitramur.Qua
3641 3595 3702 3650 in

321 3691 376 3731 re
393 3676 693 3732 utinterim
715 3674 1062 3731 omittamus
1084 3674 1298 3729 indicia
1316 3677 1579 3747 quaedam
1596 3677 1915 3748 peculiaria
1940 3678 2064 3734 suis
2098 3677 2241 3733 locis
2265 3677 2537 3743 notanda,
2574 3692 2698 3748 qua:
2732 3673 3048 3730 nonnullos
3069 3692 3139 3730 ex
3167 3678 3539 3737 sermonibus
3572 3700 3706 3739 mox

322 3765 665 3822 recensendis
696 3782 731 3819 a
762 3764 947 3820 Leone
979 3762 1597 3838 abjudicant,aliisque
1628 3784 1781 3822 nunc
1813 3768 1989 3823 certis
2022 3784 2175 3822 nunc
2234 3766 2468 3822 incertis
2516 3764 2856 3821 auctoribus
2909 3763 3254 3821 tribuendos
3290 3766 3600 3840 eVincunt;
3631 3770 3704 3837 ad

322 3852 740 3926 distiuguendos
768 3857 1024 3920 caeteros,
1050 3852 1151 3925 qui
1184 3852 1408 3909 nullam
1441 3854 1792 3925 peculiarem
1825 3855 2114 3926 ejusmodi
2147 3859 2345 3910 notam
2380 3854 2710 3926 przeferunt,
2736 3852 2795 3907 hi
2828 3853 2943 3908 duo
2974 3852 3341 3910 characteres
3374 3858 3696 3917 sufficient.

326 3940 527 3998 Primus
555 3945 760 4015 aperta
788 3941 922 4013 styli
950 3957 1016 3997 ac
1042 3940 1300 4015 syntaxis
1331 3942 1769 4007 dissimilitudo,
1805 3961 1932 4016 qun
1983 3944 2299 4000 Leoninam
2350 3941 2643 3998 scribendi
2698 3941 2981 3996 rationem
3022 3941 3372 4000 callentibus
3402 3944 3461 4001 in
3494 3934 3698 4004 oculos

329 4032 500 4088 statim
527 4034 800 4089 incurret.
829 4031 1135 4087 Secundus
1164 4030 1424 4087 formulae
1451 4032 1510 4087 in
1544 4032 1910 4106 appellandis
1939 4033 2306 4089 auditoribus
2339 4034 2632 4103 usurpatae
2661 4032 2884 4102 fratres,
2917 4034 3021 4086 aut
3039 4030 3150 4100 ﬁlii
3176 4032 3512 4103 charissimi,
3527 4039 3586 4093 et
3615 4036 3709 4094 his

332 4118 545 4190 similes,
566 4138 694 4193 quas
727 4137 760 4175 a
782 4121 970 4175 Leone
1000 4117 1371 4175 alienissima
1402 4125 1577 4175 sunt:
1614 4121 1706 4176 hic
1724 4121 1879 4177 enim
1915 4121 2036 4177 solo
2073 4121 2377 4192 adjectivo,
2410 4120 2775 4186 dilectissimi,
2805 4123 3143 4176 constanter
3170 4121 3375 4189 utitur,
3407 4128 3473 4179 ut
3501 4142 3712 4183 omnes

332 4223 598 4265 sermones
627 4211 758 4281 ejus
786 4207 1184 4264 evolventibus
1215 4207 1410 4279 palam
1444 4208 1558 4264 ﬁet.
1591 4209 1952 4266 Alterutrum
1984 4210 2127 4267 satis
2157 4214 2282 4266 est:
2318 4208 2501 4265 multo
2552 4209 2740 4282 magis
2782 4209 2831 4264 si
2876 4212 3194 4282 utrumque
3242 4211 3299 4267 in
3335 4215 3710 4272 sermonibus

326 4294 544 4368 jamjam
574 4296 978 4354 memorandis
1001 4294 1286 4352 invenias.

390 4386 436 4439 5.
466 4385 575 4443 Hac
605 4387 662 4441 in
691 4385 1013 4459 appendiee
1043 4384 1082 4438 ii
1115 4401 1413 4441 sermones
1444 4386 1750 4442 omittendi
1783 4404 1896 4443 non
1923 4387 2161 4443 fuerunt
2191 4386 2290 4457 qui
2320 4386 2379 4441 in
2411 4385 2704 4451 Qucsnelli
2737 4386 2993 4442 editione
3022 4386 3306 4459 prodiere.
3341 4389 3446 4454 Qui
3480 4406 3613 4446 vero
3647 4391 3704 4447 in

333 4469 423 4527 hac
449 4475 691 4531 editione
726 4475 989 4530 nondum
1024 4474 1259 4529 fuerunt
1288 4474 1491 4531 inserti
1521 4476 1576 4531 in
1614 4476 1760 4532 duas
1791 4477 2009 4533 classes
2035 4475 2433 4547 distinguendi
2458 4481 2614 4531 sunt.
2650 4477 2762 4531 Alii
2816 4476 2972 4531 enim
3004 4475 3156 4532 inter
3184 4475 3433 4532 aliorum
3464 4479 3704 4537 Patrum

332 4558 494 4630 Opera
523 4564 805 4636 prodiere,
838 4562 935 4618 alii
968 4579 1100 4617 vero
1134 4579 1374 4634 prorsus
1402 4564 1600 4620 inediti
1635 4571 1790 4620 sunt.
1826 4566 2023 4630 Quoad
2056 4564 2186 4621 illos
2215 4564 2315 4636 qui
2346 4565 2404 4619 in
2438 4565 2568 4620 aliis
2612 4565 2881 4635 Patribus
2920 4564 3137 4638 vulgati
3164 4565 3544 4623 inveniuntur
3565 4571 3706 4642 (uno

332 4663 486 4705 serm.
515 4654 568 4720 8,
598 4653 671 4708 ob
704 4651 1058 4724 peculiarem
1094 4650 1378 4707 rationem
1409 4651 1467 4707 in
1500 4654 1898 4710 admonitione
1930 4653 2327 4722 indicandam,
2363 4656 2647 4725 excepto),
2681 4653 2826 4709 satis
2856 4654 2966 4709 erit
3011 4670 3214 4711 eorum
3261 4656 3593 4731 catalogum
3625 4658 3720 4715 hic

330 4736 580 4809 inserere,
613 4747 670 4796 et
700 4740 985 4797 editiones
1018 4738 1076 4794 in
1107 4740 1321 4813 quibus
1354 4745 1620 4813 prostant
1648 4742 1921 4799 indicare.
1956 4745 2105 4799 Sunt
2132 4748 2330 4799 autem
2363 4758 2664 4798 sermones
2696 4746 3045 4813 sequentes:

1821 4849 1891 4886 DE
1927 4848 2209 4887 ADVENTU.

391 4918 430 4973 Ι.
461 4918 711 4975 Sanctam
749 4926 803 4973 et
829 4917 1264 4983 desiderabilem,
1296 4919 1592 4988 gloriosam
1625 4936 1688 4975 ac
1716 4922 2055 4991 singularem
2100 4920 2522 4983 solemnitatem,
2569 4921 2702 4986 etc.,
2737 4917 2820 4972 uti
2852 4935 3025 4975 serm.
3062 4919 3168 4975 116
3219 4924 3467 4995 append.
3501 4929 3727 4980 Sermo-

324 5023 459 5062 num
490 5006 547 5063 S.
580 5007 893 5081 Augustini
919 5010 1060 5062 tom.
1096 5009 1144 5058 V
1174 5006 1503 5061 novissimae
1535 5008 1830 5063 editionis.
1866 5007 2038 5063 Leoni
2087 5012 2284 5063 autem
2326 5005 2666 5061 inscribitur
2697 5007 2753 5061 in
2788 5025 2929 5066 mss.
2961 5011 3017 5066 S.
3053 5011 3204 5067 Petri
3264 5012 3388 5078 106,
3418 5013 3632 5067 Veneto
3663 5014 3721 5066 S.

320 5096 493 5151 Marci
519 5098 644 5163 153,
673 5095 1015 5151 Tridentino
1047 5111 1113 5148 ac
1144 5094 1376 5150 duobus
1405 5095 1859 5153 Veronensibus.
1896 5098 2008 5152 Sed
2038 5102 2092 5151 S.
2125 5095 2439 5151 Caesarium
2474 5094 2688 5151 habere
2740 5103 3039 5155 auctorem
3094 5100 3197 5155 PP.
3233 5100 3483 5156 Maurini
3517 5100 3576 5154 in
3608 5099 3728 5156 lau-

317 5183 454 5240 data
481 5184 803 5256 appendice
825 5183 1230 5239 observarunt.

1796 5291 1869 5330 DE
1912 5291 2258 5331 NATIVITATE.

380 5365 458 5416 II.
489 5361 777 5433 Cupientes
805 5361 1022 5434 aliquid
1048 5361 1114 5416 de
1144 5360 1308 5432 hujus
1327 5360 1439 5416 diei
1467 5362 1833 5433 solemnitate,
1867 5367 1976 5420 etc.
2010 5364 2177 5421 Certo
2211 5361 2420 5418 Leonis
2479 5363 2733 5420 sermoni
2776 5366 3089 5436 subjicitur
3116 5366 3176 5419 in
3210 5379 3322 5419 ms.
3356 5360 3735 5422 Vallicellano

309 5454 547 5517 26,cum
579 5450 897 5523 epigraphe
934 5450 1079 5507 Unde
1103 5466 1288 5521 supra,
1319 5467 1446 5521 qua:
1473 5450 1653 5521 hujus
1684 5457 1740 5507 et
1773 5453 2080 5508 anterioris
2112 5451 2402 5508 sermonis
2433 5454 2708 5509 eumdem
2755 5459 3048 5509 auctorem
3103 5468 3231 5508 esse
3262 5451 3322 5507 in
3356 5453 3737 5511 Lectionariis
3769 5471 3775 5475 ’

311 5538 631 5614 signiﬁcat.
666 5539 768 5594 Est
792 5555 983 5595 sermo
1016 5539 1072 5595 S.
1111 5536 1394 5611 Fulgentii
1425 5556 1481 5611 p.
1510 5540 1622 5598 525
1649 5540 1922 5597 editionis
1958 5540 2300 5598 Parisiensis
2333 5538 2493 5596 167i.
3714 5560 3719 5563 ·
