4096 6164
468 240 618 307 ιη
970 241 1373 306 APPENDIX
1417 242 1522 304 AD
1564 240 1875 304 PRIMAM
1917 240 2237 311 PARTEM
2277 241 2609 337 OPERU‘M
2657 243 2723 306 S.
2768 243 3052 307 LEONIS
3096 243 3363 308 MAGNI.
3703 257 3839 317 172-.

541 374 641 434 III.
670 375 936 434 Dominus
965 381 1017 430 et
1044 374 1300 431 Salvator
1328 381 1528 442 noster,
1556 377 1670 431 etc.
1713 372 1921 430 Leonis
1953 372 2188 430 nomine
2238 376 2598 446 praenotatur
2627 375 2685 430 in
2719 392 2828 435 ms.
2888 375 3165 435 Patavine
3208 377 3650 441 ‘Eremitanomm
3705 387 3803 443 11.2.

471 463 710 538 Legitur
736 467 934 523 autem
964 463 1026 518 in
1056 478 1188 534 app.
1223 462 1539 536 Augustini
1571 479 1744 519 serm.
1785 463 1901 528 141,
1934 465 1993 518 et
2020 463 2078 519 S.
2103 462 2349 520 Cassario
2380 462 2679 520 tribuitur.
3314 524 3317 527 η

537 552 634 608 ιν.
657 553 980 620 Justissime,
1010 554 1238 623 fratres,
1266 554 1581 623 festivitatis
1605 553 1901 623 praesentis
1929 551 2060 620 diei,
2093 555 2203 608 etc.
2236 551 2593 609 Recensetur
2639 553 2793 609 inter
2851 553 3060 610 Leonis
3121 555 3424 613 Sermones
3475 556 3530 614 in
3560 575 3660 616 ms.
3687 562 3817 619 Casi.

465 641 634 700 nensi
662 639 886 698 collect.
915 640 971 709 1,
999 641 1102 697 sed
1133 644 1224 698 est
1251 641 1311 697 S.
1346 640 1580 696 Maximi
1613 640 2016 708 Taurinensis,
2049 644 2108 697 et
2131 644 2355 713 prostat
2383 640 2535 699 inter
2564 642 2831 714 ejusdem
2864 642 3054 715 Opera
3082 642 3241 700 hom.
3274 646 3311 700 2
3341 644 3409 701 de
3424 644 3721 705 Nativitate.

534 728 603 787 V.
633 729 987 789 Nativitawm
1013 730 1237 786 Domini
1287 731 1462 786 nostri
1504 732 1634 786 Jesu
1693 728 1898 786 Christi
1952 728 2254 787 secundum
2300 746 2541 797 carnem,
2574 734 2707 797 etc.,
2763 729 2937 787 Leoni
2988 748 3291 805 perperam
3342 735 3617 807 ascriptus
3641 736 3695 793 in
3720 755 3817 797 ms.

462 816 748 877 Vallicell.
777 820 870 877 26.
901 817 1138 892 Legitur
1161 818 1223 875 in
1253 819 1503 892 append.
1536 818 1851 892 Augustini
1882 835 2057 875 serm.
2095 819 2215 876 125.

532 907 633 966 VI.
661 909 932 966 Nativitas
957 909 1180 965 Domini
1208 910 1385 965 nostri
1404 909 1530 965 Jesu
1555 908 1786 972 Christi—
1800 911 1971 963 totum
1997 907 2284 975 mundum,
2313 911 2420 964 etc.
2457 908 2519 964 In
2565 909 2769 965 eodem
2817 908 3100 968 Vallicell.
3131 912 3203 967 26
3251 911 3451 969 Leonis
3473 927 3670 971 nomen
3694 914 3819 971 falso

462 997 715 1071 praefert.
746 997 952 1056 Editus
974 1000 1066 1055 est
1092 996 1154 1054 in
1183 1013 1317 1071 app.
1346 996 1660 1071 Augustini
1691 1012 1865 1055 serm.
1901 997 2025 1052 125.
3343 997 3355 1003 “

1953 1120 2024 1159 DE
2061 1119 2387 1160 EPIPHANIA.

534 1208 659 1267 VII.
691 1210 757 1266 In
786 1208 905 1279 hac,
936 1208 1301 1278 dilectissimi,
1334 1211 1659 1267 celebritate.
1694 1212 1796 1267 Est
1825 1210 1983 1267 hom.
2020 1212 2045 1266 1
2078 1211 2138 1266 S.
2178 1209 2412 1267 Maximi
2468 1211 2540 1268 de
2589 1212 2953 1285 Epiphania;
2987 1229 3290 1287 perperam
3348 1220 3538 1273 autem
3580 1215 3822 1274 tribuitur

472 1299 533 1357 S.
566 1298 745 1356 Leoni
775 1297 836 1355 in
866 1315 1008 1357 mss.
1042 1299 1172 1355 Vat.
1204 1300 1370 1355 1267.
3096 1286 3109 1287 ί
3828 1286 3845 1294 ιι

537 1387 690 1445 VIII.
721 1388 979 1461 Plerique
1006 1389 1067 1444 in
1097 1389 1198 1445 hac
1225 1393 1416 1445 sancta
1462 1389 1792 1462 Epiphania,
1826 1392 1932 1445 etc.
1988 1390 2045 1446 S.
2098 1387 2273 1446 Leoni
2336 1390 2650 1446 ascribitur
2697 1390 2759 1447 in
2807 1407 2919 1447 ms.
2969 1390 3187 1448 Veneto
3248 1393 3367 1449 153.
3415 1393 3605 1450 Exstat
3631 1397 3754 1450 tom.
3782 1396 3821 1450 Il

348 1490 351 1493 ‘
463 1477 759 1536 Ambrosii
778 1477 1117 1536 novissimae
1149 1477 1445 1547 editionis,
1477 1478 1538 1534 in
1570 1478 1888 1551 appendice
1928 1494 2105 1534 serm.
2138 1480 2207 1534 10
2234 1479 2307 1534 de
2338 1479 2666 1553 Epiphania
2691 1483 2749 1537 3.

1895 1603 1967 1641 DE
2004 1602 2454 1650 QUADRAGESIML.

536 1689 627 1751 IX.
660 1691 951 1763 Con/licius
973 1693 1072 1749 iste
1100 1691 1394 1760 mirabilis,
1426 1695 1557 1760 etc.,
1592 1691 1738 1748 falso
1769 1692 1828 1749 S.
1859 1691 2035 1750 Leoni
2061 1692 2381 1766 inscriptus
2408 1693 2471 1751 in
2494 1710 2640 1752 mss.
2680 1695 2962 1753 Vallicell.
2991 1714 3052 1767 ιι,
3086 1699 3144 1753 et
3200 1696 3468 1754 Patavine
3511 1696 3567 1753 S.
3617 1695 3817 1752 Antonii

469 1781 593 1850 408,
626 1798 763 1839 cum
794 1780 872 1839 sit
898 1781 1058 1839 hom.
1090 1783 1126 1835 2
1154 1781 1227 1838 de
1259 1780 1573 1854 Quadrag,
1598 1780 1784 1837 sancti
1812 1781 2071 1838 Maximi.

534 1869 601 1928 X.
634 1873 776 1940 Rogo
805 1886 893 1929 vos
920 1873 974 1927 et
1000 1868 1279 1938 admoneo,
1308 1872 1508 1942 fratres
1537 1871 1870 1938 charissimi,
1904 1871 2112 1929 Leonis
2143 1871 2380 1929 nomine
2400 1871 2460 1927 in
2483 1873 2611 1929 cod.
2647 1873 3021 1947 Bergomensi
3044 1875 3102 1931 S.
3136 1873 3447 1932 Alexandri
3471 1874 3528 1931 in
3555 1872 3824 1931 Columna.

464 1959 569 2018 Est
597 1959 851 2029 Caesarii,
882 1963 941 2017 et
972 1958 1189 2033 legitur
1218 1959 1275 2015 in
1308 1976 1442 2032 app.
1476 1959 1785 2032 Augustini
1816 1960 2004 2017 Serm.
2039 1961 2166 2017 142.

537 2049 626 2108 XI.
656 2049 868 2123 Jejunii
898 2052 1162 2122 tempora,
1190 2048 1491 2105 secundum
1517 2048 1851 2121 Scripturas,
1882 2054 2015 2117 etc.,
2046 2049 2200 2106 inter
2229 2051 2539 2108 Sermones
2568 2053 2625 2109 S.
2660 2050 2871 2109 Leonis
2901 2055 3236 2110 recensetur
3257 2053 3319 2110 in
3352 2068 3489 2109 mss.
3518 2050 3829 2110 collectioni-

463 2138 579 2196 bus
610 2139 638 2195 1
672 2141 730 2196 et
755 2140 811 2205 2,
843 2140 903 2194 at
928 2137 989 2193 in
1017 2136 1394 2194 Lectionariis
1425 2137 1679 2194 basilicae
1709 2138 1767 2194 S.
1806 2139 1953 2194 Petri
1986 2140 2088 2195 105
2119 2143 2176 2196 et
2203 2139 2329 2209 107,
2357 2139 2485 2196 sine
2534 2139 2653 2197 ullo
2683 2142 2940 2199 auctoris
2991 2142 3254 2199 nomine.
3287 2142 3600 2216 Excerptus
3649 2140 3747 2197 fuit
3769 2156 3825 2197 ex

464 2226 615 2287 libro
646 2227 837 2303 primo
863 2225 1373 2286 deecclesiasticis
1398 2226 1605 2284 ofﬁciis
1635 2228 1692 2285 S.
1726 2228 1930 2285 Isidori
1970 2228 2334 2303 Hispalensis
2364 2246 2490 2303 cap.
2524 2231 2617 2298 37,
2649 2231 2740 2301 38,
2775 2230 2843 2286 39
2870 2234 2928 2287 et
2960 2232 3046 2286 40.

534 2314 653 2377 XII.
685 2318 791 2377 Hos
817 2321 1026 2376 sanctae
1054 2316 1497 2389 Quadragesimae
1522 2316 1657 2387 dies,
1689 2320 1822 2385 etc.,
1854 2319 1912 2374 in
1945 2336 2078 2392 app.
2126 2318 2439 2393 Augustini
2472 2336 2654 2376 serm.
2717 2321 2841 2388 145,
2875 2319 3086 2377 Leonis
3145 2320 3389 2378 nomine
3445 2319 3506 2376 in
3534 2334 3637 2376 ms.
3660 2321 3827 2374 Ῥείαν.

469 2407 706 2468 Eremit.
738 2406 862 2465 112.

538 2498 688 2555 XIII.
710 2497 914 2554 Mirum
940 2511 1047 2552 non
1076 2511 1185 2551 esse
1211 2495 1365 2552 debet
1389 2512 1425 2551 a
1454 2499 1565 2552 Deo
1593 2498 1801 2567 factum
1829 2496 2183 2566 miraculum,
2214 2501 2320 2553 etc.
2358 2502 2419 2552 In
2480 2497 2749 2572 Evangel.
2777 2498 3022 2555 Joannis
3054 2516 3123 2556 v:
3150 2501 3286 2557 Erat
3318 2500 3434 2557 dies
3460 2502 3622 2573 festus
3647 2495 3825 2554 Iudico-

464 2604 612 2657 rum,
645 2586 803 2660 quod
831 2585 1045 2660 legitur
1074 2584 1219 2641 feria
1244 2585 1280 2640 6
1310 2588 1562 2657 quatuor
1590 2587 1920 2658 temporum
1947 2586 2415 2660 Quadragesimae
2448 2587 2656 2645 Leonis
2689 2587 2924 2645 nomine
2955 2589 3248 2662 profertur
3279 2589 3341 2647 in
3371 2589 3496 2646 cod.
3528 2584 3692 2644 Basil.
3719 2583 3824 2639 Vat.

466 2677 528 2736 Β.
556 2674 712 2735 Petri
742 2674 864 2732 106.
898 2673 998 2733 Est
1025 2677 1221 2731 autem
1252 2674 1534 2730 tractatus
1564 2675 1632 2729 17
1661 2674 1718 2730 S.
1745 2673 2066 2747 Augustini
2097 2675 2157 2730 in
2185 2675 2493 2733 Joannem.

802 2846 804 2849 τ
1450 2796 1458 2800 ·
1797 2796 1867 2836 nn
1904 2796 2241 2838 TBADITIONE
2279 2799 2544 2839 srmsom.

533 2869 676 2929 XIV.
708 2868 846 2926 Cum
868 2867 1015 2942 apud
1040 2869 1231 2925 Patres
1258 2871 1491 2936 nostros,
1522 2868 1664 2925 sicut
1692 2867 1829 2925 liber
1853 2868 2107 2925 Iudicum
2135 2872 2321 2943 refert,
2354 2875 2485 2939 etc.,
2541 2889 2733 2929 sermo
2763 2877 2817 2927 S.
2873 2872 3080 2929 Leonis
3137 2872 3197 2930 in
3244 2890 3359 2931 ms.
3407 2869 3761 2930 Vallicellano
3784 2869 3826 2921 2.

466 2961 573 3019 Est
599 2962 797 3019 autem
825 2958 884 3016 S.
914 2956 1150 3015 Maximi
1182 2956 1385 3013 homil.
1421 2959 1449 3014 1
1483 2956 1553 3013 de
1584 2956 1854 3014 Diversis.

539 3047 654 3106 XV.
687 3049 753 3106 In
779 3046 1101 3105 hodiernum
1128 3047 1437 3104 convivium
1463 3048 1563 3120 qui
1589 3047 1821 3102 solemni
1845 3049 2176 3122 frequentia,
2207 3057 2316 3106 etc.
2350 3050 2524 3108 Leoni
2551 3051 2833 3109 tribuitur
2861 3052 2920 3108 in
2950 3068 3064 3108 ms.
3096 3041 3384 3110 Patavino
3412 3046 3708 3108 S.Antonii
3728 3045 3830 3102 408.

470 3136 772 3199 Invenitur
797 3138 995 3195 autem
1024 3135 1177 3193 inter
1202 3134 1601 3209 Chrysostomi
1630 3134 1819 3209 Opera
1841 3140 1982 3194 tom.
2018 3137 2096 3194 III
2125 3138 2398 3195 editionis
2427 3139 2760 3197 Nivellianaa
2805 3157 2937 3214 pag.
2967 3142 3095 3209 7A3,
3128 3142 3229 3198 sed
3264 3144 3362 3198 est
3388 3138 3588 3197 incerti
3616 3132 3834 3194 auctoris

472 3224 685 3285 Latini.

1814 3330 1887 3370 DE
1921 3330 2108 3371 (ἶΒοοΕ
2144 3332 2213 3371 ΕΤ
2250 3332 2523 3373 LATRONE.

541 3402 687 3461 XVI.
712 3407 783 3465 Et
812 3400 1029 3475 quando
1057 3401 1123 3459 de
1146 3415 1302 3459 cruce
1327 3409 1516 3459 nostra
1537 3404 1801 3475 processit
1828 3406 2025 3472 oratio,
2059 3407 2195 3469 etc.,
2223 3403 2284 3460 in
2309 3421 2419 3462 ms.
2454 3405 2758 3462 Casinensi
2807 3410 3147 3463 Sermonem
3178 3406 3238 3463 S.
3275 3397 3843 3483 Leonis'collectionis

471 3499 519 3552 1.
553 3492 762 3553 Incerti
785 3490 1019 3565 antiqui
1050 3490 1242 3549 Latini
1263 3490 1517 3550 auctoris
1547 3496 1637 3549 est
1663 3491 1817 3550 inter
1844 3491 2240 3567 Chrysostomi
2271 3493 2459 3567 Opera
2486 3497 2629 3551 tom.
2666 3494 2744 3551 III
2793 3493 3069 3551 editionis
3118 3492 3481 3552 Basileensis
3506 3487 3862 3562 Harvagiane‘

465 3581 1071 3657 an.1639.,pag.56‘7.
1222 3574 1223 3577 “
1290 3584 1292 3586 ’
3859 3579 3862 3583 '

1994 3687 2066 3726 DE
2103 3686 2336 3728 PASCHA.

526 3762 707 3821 XVII.
737 3761 953 3821 Retinet
975 3761 1236 3817 sanctitas
1263 3766 1461 3828 vestra,
1494 3762 1628 3827 etc.,
1661 3759 1719 3816 in
1751 3774 1896 3816 mss.
1928 3759 2187 3817 Basilicas
2218 3760 2346 3817 Vat.
2376 3759 2483 3818 106
2511 3764 2571 3818 et
2613 3760 2955 3819 Tridentino
2981 3779 2996 3832 ;
3029 3759 3243 3835 legitur
3279 3765 3484 3819 autem
3515 3759 3574 3816 in
3602 3754 3831 3830 app.-Au-

459 3851 800 3926 gustiniana
824 3863 1098 3908 sermone
1120 3848 1242 3904 162.

1922 3953 1994 3993 DE
2028 3953 2397 3995 ASCINSIONB.

450 4036 453 4039 '
529 4026 724 4085 XVIII.
757 4027 973 4083 Fratres
1017 4024 1349 4092 chorissimi,
1380 4025 1725 4082 Ascensionis
1743 4025 2047 4085 Dominicae
2094 4027 2367 4100 inclytum
2421 4031 2474 4084 et
2530 4027 2713 4100 regale
2744 4028 3095 4100 mysterium,
3127 4030 3262 4098 etc.,
3293 4026 3509 4086 Leonis
3549 4020 3765 4081 nomine
3781 4016 3829 4073 in

463 4114 753 4175 Vallicell.
784 4115 852 4184 A,
881 4116 938 4183 7,
967 4116 1027 4171 et
1054 4112 1209 4169 inter
1229 4111 1439 4170 Leonis
1468 4113 1781 4170 Sermones
1809 4113 1870 4170 in
1900 4114 2095 4172 Casin.
2128 4115 2352 4173 collect.
2386 4117 2437 4171 1.
2473 4116 2730 4172 Habetur
2758 4116 2817 4171 in
2848 4132 2985 4188 app.
3025 4115 3344 4189 Augustini
3374 4106 3767 4174 sermone179.

526 4203 666 4263 XIX.
702 4201 1034 4273 Gloriﬁca‘tio
1063 4202 1283 4257 Domini
1303 4203 1478 4258 nostri
1503 4206 1637 4260 Iesu
1667 4203 1872 4260 Christi
1898 4206 2229 4278 resurgendo
2255 4210 2311 4262 et
2339 4205 2675 4262 ascendendo
2721 4206 2988 4278 completa
3014 4214 3112 4273 est,
3145 4209 3282 4273 etc.,
3329 4218 3633 4278 perperam
3660 4200 3830 4255 nostro

457 4293 689 4353 Auctori
718 4291 998 4350 tribuitur
1026 4291 1085 4348 in
1118 4308 1231 4347 ms.
1262 4290 1542 4348 Vallicell.
1574 4294 1642 4358 A,
1673 4292 1727 4361 9,
1761 4298 1819 4350 et
1847 4311 1977 4361 xxv,
2010 4310 2116 4351 nec
2148 4310 2262 4350 non
2296 4294 2354 4349 in
2385 4293 2666 4365 Chigiano
2694 4293 2751 4359 5,
2782 4309 2917 4350 cum
2945 4293 3025 4347 sit
3071 4308 3264 4349 sermo
3292 4293 3405 4349 268
3432 4293 3493 4348 S.
3524 4281 3824 4362 Augustini-

525 4383 638 4442 XX.
669 4382 943 4441 Hodierna
965 4381 1053 4438 die
1080 4382 1457 4439 Ascensionem
1483 4383 1541 4438 in
1573 4383 1767 4438 calum
1795 4383 2147 4450 celebramus,
2177 4386 2289 4438 etc.
2343 4380 2589 4438 Nomine
2648 4381 2857 4438 Leonis
2915 4382 3271 4461 prenotatur
3316 4380 3381 4437 in
3412 4394 3558 4437 mss.
3585 4370 3826 4434 Patavine

453 4474 514 4531 S.
532 4472 788 4531 Justints
818 4474 876 4529 et
906 4471 965 4528 in
994 4469 1255 4527 Vallicel.
1288 4471 1355 4541 A,
1382 4472 1435 4524 7.
1468 4470 1673 4528 Editus
1703 4475 1794 4527 est
1822 4489 1857 4527 a
1876 4471 2159 4529 Maurinis
2188 4488 2257 4527 ex
2303 4471 2705 4527 vetustissimo
2752 4470 2951 4527 codice
2990 4468 3353 4543 Remigiano,
3383 4474 3561 4542 atque
3602 4463 3826 4520 tributus

451 4562 511 4620 S.
540 4560 873 4636 Augustino
902 4559 962 4616 in
994 4559 1109 4615 Iino
1137 4559 1508 4626 Sermonum,
1542 4575 1719 4616 serm.
1751 4561 1876 4615 395.

520 4650 658 4708 XXI.
688 4650 909 4717 Omnia,
937 4648 1273 4717 charissimi,
1304 4661 1431 4720 quae
1459 4648 1719 4704 Dominus
1741 4650 1893 4705 Iesus
1921 4647 2166 4704 Christus
2196 4650 2257 4704 in
2284 4650 2381 4705 hoc
2408 4647 2631 4715 mundo,
2658 4650 2768 4704 etc.
2804 4651 2867 4704 In
2893 4662 3036 4704 mss.
3064 4645 3467 4704 Vallicellanis
3492 4646 3561 4712 ‘A,
3589 4642 3695 4698 9st
3714 4650 3821 4701 XXV,

450 4744 625 4812 atque
654 4739 713 4794 in
744 4736 1026 4811 Cbigiano
1055 4737 1110 4804 5,
1134 4735 1346 4809 legitur
1375 4737 1607 4809 praeﬁxo
1640 4737 1847 4793 Leonis
1878 4735 2133 4792 nomine.
2167 4737 2266 4793 Est
2288 4741 2487 4794 autem
2509 4736 2569 4793 in
2601 4753 2736 4810 app.
2769 4735 3078 4810 Augustini
3109 4752 3285 4793 serm.
3317 4737 3445 4794 176.

519 4826 944 4884 XXII.Salvator
963 4829 1164 4895 noster,
1195 4825 1554 4891 dilectissimi,
1588 4826 1831 4882 ascendit
1861 4827 1919 4881 in
1948 4825 2166 4896 caelum,
2196 4830 2304 4882 etc.
2336 4826 2545 4884 Leonis
2576 4827 2716 4883 item
2746 4826 2984 4882 nomine
3019 4824 3080 4880 in
3109 4824 3321 4883 iisdem
3344 4824 3538 4882 tribus
3569 4818 3748 4885 codd.,
3772 4812 3820 4868 in

445 4932 585 4991 app.
613 4931 751 4973 vero
775 4912 1091 4989 Augustini
1125 4929 1303 4971 serm.
1338 4914 1463 4970 177.

1910 5019 1980 5058 DE
2021 5019 2389 5060 PENTECOSTE.

513 5093 714 5152 XXIII.
745 5095 1086 5151 Discessurus
1114 5108 1144 5148 e
1170 5092 1372 5148 mundo
1400 5093 1528 5160 isto,
1557 5096 1609 5148 et
1637 5108 1963 5148 ascensurus
1994 5093 2056 5147 in
2083 5094 2278 5148 caelum
2305 5094 2587 5161 Dominus,
2621 5096 2754 5160 etc.,
2787 5096 2877 5149 est
2906 5105 3098 5147 sermo
3128 5088 3188 5146 in
3222 5105 3357 5163 app.
3387 5091 3540 5163 Aug.
3566 5086 3692 5143 484.
3713 5080 3820 5137 Νοιι

443 5181 638 5240 solum
670 5182 732 5239 in
759 5198 901 5239 mss.
932 5180 1260 5238 Fossatensi
1293 5183 1350 5236 et
1379 5180 1757 5237 Germanensi
1790 5181 1941 5254 apud
1976 5180 2295 5251 Maurinos,
2329 5182 2428 5237 sed
2458 5181 2638 5237 etiam
2694 5182 2752 5236 in
2779 5181 2904 5236 cod.
2936 5179 3155 5235 Veneto
3210 5180 3336 5248 154,
3396 5179 3455 5235 S.
3492 5173 3665 5234 Leoni
3694 5167 3822 5226 falso

439 5271 764 5339 tribuitur;
797 5270 1014 5345 legitur
1042 5273 1236 5326 autem
1266 5270 1393 5325 sine
1423 5269 1542 5325 ullo
1572 5269 1824 5325 auctoris
1853 5269 2090 5326 nomine
2116 5268 2179 5324 in
2209 5268 2592 5325 Lectionariis
2622 5268 2941 5325 Veronensi
2973 5284 3041 5323 ac
3068 5265 3350 5324 Vallicell.
3384 5267 3455 5335 A,
3484 5264 3590 5351 9.“
3666 5344 3701 5351 __
3782 5340 3792 5351 .

504 5360 698 5417 XXIV.
730 5344 1045 5417 Postiitlam
1071 5359 1412 5429 singularem
1441 5360 1821 5431 insignemque
1848 5360 2159 5432 victoriam,
2187 5363 2322 5425 etc.,
2355 5362 2445 5414 est
2467 5374 2659 5415 sermo
2698 5360 2794 5414 I82
2825 5373 2960 5430 app.
2989 5355 3324 5429 Augustini.
3349 5354 3414 5412 In
3446 5344 3823 5437 Vallicellanif
3882 5356 3887 5359 ’

433 5463 566 5516 xxv,
598 5452 657 5504 et
681 5449 748 5516 A,
774 5448 831 5517 9,
862 5446 1024 5504 nullo
1054 5446 1291 5503 nomine
1321 5448 1678 5518 pranotatur
1704 5464 1718 5502 :
1752 5447 1855 5504 sed
1885 5446 1944 5503 in
1968 5447 2272 5521 Chigiano,
2303 5446 2363 5503 in
2396 5447 2669 5505 Patavine
2700 5447 2760 5504 S.
2790 5444 3036 5503 Justinus
3068 5447 3128 5500 et
3157 5443 3217 5500 in
3264 5444 3484 5501 Veneto
3514 5438 3636 5507 154,
3664 5434 3818 5490 L60ni

435 5551 742 5609 perperam
773 5535 1102 5594 ascribitur.
