4096 6164
285 201 391 264 ηεξ
1746 201 2191 267 ΡΗᾸΞΡΛΤΙΟ.
3552 211 3675 274 474

345 335 491 392 XXV.
522 336 784 409 Perpetui
821 337 1073 393 muneris
1115 335 1334 408 refulsit
1363 334 1522 393 hodie
1548 340 1952 403 ornamentum,
2005 341 2138 405 etc.,
2173 330 2383 393 Leonis
2427 335 2663 393 nomine
2692 337 2751 394 in
2782 340 3260 412 mss.‘Patavino,
3294 341 3672 418 Bergomensi

285 426 336 483 S.
362 424 665 481 Alexandri
690 442 758 481 ac
785 424 1026 496 Veneto,
1049 424 1270 498 absque
1300 425 1558 483 auctoris
1588 427 1824 483 nomine
1854 426 1915 483 in
1941 422 2227 482 Vallicell.
2259 442 2388 482 xxv.
2413 425 2650 499 Legitur
2702 431 2898 484 autem
2945 427 3006 485 in
3067 431 3317 503 append.
3356 433 3671 507 Augustini

286 531 441 571 sem.
476 515 597 570 186.

344 603 520 660 XXVI.
554 603 847 660 Sanctitati
874 612 1089 672 vestrae,
1120 604 1453 672 charissimi,
1486 608 1736 661 votorum
1773 606 1900 677 jam
1925 612 2056 661 nota
2083 604 2237 660 debet
2270 619 2384 659 esse
2440 604 2734 676 festivitas,
2783 608 2918 669 etc.,
2948 608 3037 661 est
3066 622 3257 665 sermo
3292 611 3397 667 185
3425 610 3485 669 in
3533 628 3667 685 app.

283 692 1024 767 Augustiniana,cujuslege
1035 694 1499 751 observationem
1516 695 1902 767 praeﬁxamJn
1924 693 2146 749 Veneto
2171 696 2365 749 autem
2382 693 2621 749 cod.154
2641 708 2708 749 ac
2729 692 2789 749 in
2800 692 3084 751 Vallioell.
3107 712 3219 754 xxv
3231 699 3438 757 Leonis
3462 717 3670 758 nomen

281 782 411 838 falso
438 782 708 855 praefert;
740 783 802 837 in
827 781 1104 839 Vallioell.
1137 800 1272 840 vero
1301 787 1371 851 A,
1402 784 1456 849 9,
1488 784 1710 856 absque
1741 782 1863 839 ullo
1894 782 2151 839 auctoris
2180 780 2439 839 nomine.

1543 916 1614 954 DE
1650 915 1882 954 JEJUNIO
1922 915 2115 954 DECIMI
2160 914 2392 954 MENSIS.

342 1014 597 1071 XXXVII.
628 1016 883 1085 Legimus
912 1018 971 1072 S.
1003 1015 1219 1088 Moysen
1240 1014 1443 1088 populo
1472 1016 1572 1071 Dei
1594 1022 1869 1087 praecepta
1898 1014 2136 1082 dantem,
2175 1017 2307 1085 etc.,
2332 1016 2423 1069 est
2452 1030 2606 1070 serm
2628 1013 2734 1070 285
2762 1012 2916 1072 inter
2941 1017 3268 1091 Augustino
3299 1018 3438 1076 olim
3489 1022 3674 1079 tribu-

282 1106 397 1171 tos;
429 1107 484 1161 et
516 1102 711 1176 reipsa
739 1103 797 1158 in
831 1120 941 1159 ms.
976 1104 1100 1159 Bas.
1128 1103 1312 1160 Vatia.
1346 1104 1471 1171 170,
1492 1103 1645 1160 inter
1669 1102 1954 1176 opuscula
1975 1103 2156 1175 hujus
2181 1101 2365 1159 sancti
2390 1106 2727 1160 recensetur
2756 1103 2864 1161 hac
2890 1104 3302 1179 inscriptione:
3334 1114 3476 1166 Item
3494 1112 3559 1168 de
3572 1113 3679 1184 fide

280 1192 532 1249 catholica
559 1193 614 1249 S.
647 1195 957 1263 Augustini.
980 1188 1190 1250 Leonis
1218 1194 1454 1249 nomine
1486 1192 1736 1249 habetur
1769 1193 1827 1247 in
1862 1210 1971 1249 ms.
2006 1190 2291 1247 Vallicell.
2324 1208 2385 1247 ιι.

1615 1324 1690 1366 Dl
1727 1325 2021 1365 CATHEDRA
2050 1324 2100 1364 S.
2136 1324 2321 1364 PETRI.

340 1425 576 1482 XXVIII.
609 1428 885 1483 Institutio
914 1427 1278 1487 solemnitatis
1306 1425 1583 1483 hodierna
1606 1442 1641 1481 α
1671 1425 1979 1482 senioribus
2006 1427 2234 1491 nostris,
2268 1426 2403 1492 etc.,
2438 1440 2523 1479 ac.

338 1515 519 1571 XXIX.
554 1515 810 1585 Quamvis
842 1516 1158 1572 solemnitas
1185 1517 1496 1588 festivitatis
1530 1514 1821 1582 hodierne,
1855 1518 1991 1584 etc.,
2026 1517 2166 1570 sunt
2198 1529 2497 1570 sermones
2522 1513 2627 1568 190
2654 1515 2712 1569 et
2733 1513 2829 1569 191
2856 1516 3197 1587 appendicis
3215 1518 3674 1591 Augustinianm,

276 1604 341 1660 ad
370 1620 517 1677 quos
544 1602 673 1677 lege
702 1603 921 1660 ibidem
952 1604 1152 1659 doctas
1180 1602 1689 1660 Benedictinorum
1713 1603 2166 1659 observationes.
2198 1601 2367 1658 Leoni
2396 1600 2774 1659 ascribuntur
2804 1602 2864 1659 in
2885 1602 3165 1662 Vallicell.
3194 1623 3325 1664 xxv:
3346 1626 3413 1666 ae
3433 1610 3494 1667 in
3517 1612 3677 1685 regio

275 1692 614 1749 Taurinensi
644 1693 772 1747 218.

1368 1807 1429 1844 IN
1467 1806 1930 1846 ANNUNTIATIONE
1968 1806 2022 1844 Β.
2063 1805 2319 1845 VIRGINIS
2357 1804 2573 1844 ΜΛΗῙΕ.

334 1907 495 1964 ΧΧΧ.
537 1907 834 1978 l’irginalis
855 1906 1014 1963 hodie
1030 1907 1347 1963 solemnitas
1369 1907 1619 1977 linguam
1642 1908 1905 1973 nostram,
1925 1908 2147 1979 fratres.
2171 1905 2241 1961 ad
2252 1906 2590 1978 praeconium
2607 1914 2774 1962 υοοαιο
2800 1907 2859 1962 Ῐη
2883 1907 3243 1966 Ῑιθθίίοῐιεινίο
3257 1910 3681 1974 Ρδάῖιίτοοθῐιεί

270 1999 325 2054 S.
355 1996 535 2055 Leoni
564 2013 724 2070 papae
752 1995 1053 2052 tribuitur.
1081 1997 1183 2051 Est
1210 2000 1408 2053 autem
1431 2000 1596 2051 vetus
1622 1993 2043 2067 interpretatio,
2065 1995 2168 2051 sed
2192 1994 2660 2066 corruptissima,
2688 1994 2932 2052 celebris
2950 1996 3202 2054 bomilias
3226 2000 3284 2055 S.
3309 2002 3516 2072 Procli,
3540 2008 3681 2063 tunc

268 2086 549 2160 Cyziceni,
582 2090 787 2159 postea
829 2102 967 2142 vero
997 2083 1622 2157 Constantinopolitani
1673 2082 1953 2157 episcopi,
2003 2086 2065 2140 in
2097 2084 2319 2140 laudem
2346 2085 2619 2156 Deiparc'e,
2652 2101 2782 2156 qua)
2815 2085 3009 2143 Graece
3038 2090 3097 2142 et
3126 2088 3329 2145 Latine
3360 2093 3684 2167 praeﬂgitur

269 2176 409 2231 actis
437 2173 669 2231 concilii
692 2173 972 2247 Ephesini
994 2177 1136 2231 tom.
1171 2173 1247 2229 IlI
1272 2172 1506 2228 Venetae
1535 2172 1807 2229 editionis
1834 2189 1967 2245 pag.
2000 2174 2128 2241 577,
2163 2189 2267 2228 nec
2300 2189 2414 2228 non
2447 2171 2603 2229 inter
2626 2172 2917 2230 orationes
2945 2178 3002 2230 et
3022 2174 3298 2232 bomilias
3328 2178 3432 2235 PP.
3456 2183 3678 2239 Θεωρο-

268 2280 393 2320 rum
409 2263 593 2321 editas
607 2281 644 2320 a
662 2262 1009 2320 Combeﬁsio
1031 2277 1159 2335 pag.
1187 2263 1315 2329 301,
1338 2262 1543 2319 Latine
1564 2266 1760 2318 autem
1782 2261 1841 2317 in
1864 2261 2219 2319 bibliotheca
2240 2260 2685 2318 Concionatoria
2705 2262 2972 2333 ejusdem
2993 2267 3134 2321 tom.
3159 2265 3254 2334 VI,
3279 2269 3681 2341 pag.355.Haac

276 2352 467 2410 eadem
487 2353 735 2426 antiqua
751 2352 938 2410 versio
962 2353 1021 2408 8.
1055 2350 1255 2407 Proelo
1288 2350 1593 2425 inscripta,
1621 2367 1690 2407 ex
1709 2350 1836 2406 cod.
1859 2350 1987 2407 Vat.
2015 2351 2157 2407 2836
2188 2351 2255 2423 (Ι.
2287 2350 2449 2422 3836)
2472 2350 2627 2407 edita
2658 2350 2766 2407 fuit
2784 2368 2819 2407 a
2840 2351 2900 2408 P.
2930 2351 3233 2411 Vincentio
3257 2354 3522 2414 Ricardio
3543 2375 3678 2434 pag.

281 2441 376 2497 673
398 2441 670 2499 editionis
700 2440 974 2497 Romanas
1005 2458 1100 2496 an.
1133 2439 1276 2497 4630
1296 2438 1847 2512 omnium'Operum
1876 2439 2143 2512 ejusdem
2178 2438 2237 2495 S.
2271 2436 2475 2495 Procli.

1474 2572 1534 2610 IN
1573 2572 1773 2611 NATALI
1802 2572 1854 2611 8.
1893 2571 2132 2612 JOANNIS
2162 2571 2463 2610 BAPTISTE.

349 2672 532 2730 XXXI.
566 2673 753 2741 Hodie,
777 2673 1121 2728 dilectissimi
1136 2673 1358 2742 fratres,
1383 2671 1479 2742 qui
1497 2671 1718 2725 Domini
1734 2671 2102 2743 prwcucurrit
2121 2670 2433 2738 adventum,
2457 2673 2565 2726 etc.
2590 2668 2764 2726 Leoni
2789 2670 3201 2728 inscribiturin
3225 2688 3369 2731 mss.
3391 2662 3691 2736 Vallicell.

291 2763 353 2832 A,
377 2764 430 2829 9,
462 2768 516 2820 et
542 2780 674 2819 xxv.
707 2761 1021 2834 Reperitur
1049 2761 1107 2816 in
1140 2777 1274 2833 app.
1305 2758 1621 2834 Augustini
1653 2775 1922 2816 sermone
1955 2760 2075 2815 198.
2842 2832 2859 2837 ἢ

352 2852 556 2910 XXXII.
588 2853 720 2909 Post
750 2852 909 2907 illum
938 2867 1092 2906 sacro
1111 2853 1358 2905 sanctum
1375 2850 1596 2905 Domini
1614 2849 1854 2905 natalem
1872 2850 2037 2919 diem,
2058 2854 2165 2905 etc.
2190 2849 2292 2905 Est
2316 2864 2493 2905 serm.
2521 2848 2624 2904 196
2644 2866 2775 2923 app.
2800 2849 3133 2924 Augustini,
3157 2854 3215 2907 et
3239 2850 3385 2909 falso
3407 2853 3688 2914 tribuitur

288 2939 448 2997 leoni
470 2942 528 2997 in
548 2957 661 2997 ms.
696 2939 876 3015 Regio
906 2937 1253 2995 Taurinensi
1272 2938 1401 2993 768.

1517 3053 1573 3091 IN
1608 3052 1807 3091 NATALI
1839 3051 1921 3092 SS.
1954 3052 2115 3093 PETRI
2145 3052 2213 3092 ET
2242 3052 2431 3092 PAULI.

348 3156 578 3214 XXXIII.
609 3154 905 3228 Apostolici
932 3154 1140 3211 natalis
1168 3152 1393 3225 gaudio,
1424 3154 1629 3224 fratres
1659 3152 1997 3219 charissimi,
2029 3156 2165 3221 etc.,
2198 3168 2285 3208 ac.

348 3245 576 3302 XXXIV.
606 3244 1061 3301 Beatissimorum
1087 3242 1462 3316 apostolorum
1486 3241 1691 3313 passio,
1722 3257 1962 3313 quorum
1989 3240 2149 3297 hodie
2178 3241 2423 3297 natalem
2452 3242 2768 3299 solemniter
2794 3241 3150 3311 celebramus,
3183 3246 3316 3313 etc.,
3339 3261 3444 3302 nec
3475 3264 3611 3304 non.

345 3333 550 3393 XXXV.
582 3335 1039 3391 Beatissimorum
1068 3332 1434 3405 apostolorum
1465 3332 1619 3387 Petri
1641 3338 1693 3387 et
1722 3331 1893 3387 Pauli
1909 3330 2335 3404 inseparabilem
2362 3329 2544 3400 ﬁdem,
2568 3332 2678 3387 etc.
2713 3330 2779 3387 Hi
2810 3334 2928 3386 tres
2959 3346 3262 3390 sermones
3293 3332 3446 3391 inter
3471 3334 3602 3393 illos
3623 3337 3683 3396 S.

279 3421 484 3480 Leonis
512 3422 881 3495 reperiuntur
909 3422 968 3478 in
1001 3438 1145 3479 mss.
1171 3418 1613 3479 collectionibus
1636 3420 1660 3474 1
1688 3423 1746 3474 et
1762 3422 1819 3487 2,
1843 3423 1901 3475 et
1919 3418 2037 3474 duo
2058 3418 2342 3490 postremi
2370 3418 2608 3473 nomine
2628 3418 2834 3475 Leonis
2855 3420 3327 3491 praenotanturin
3351 3424 3478 3481 cod.
3502 3423 3688 3480 Valli-

276 3510 518 3570 cell.vn.
544 3492 844 3587 Leguntnr
870 3526 1005 3569 vero
1034 3510 1187 3567 inter
1204 3508 1393 3582 Opera
1419 3511 1476 3565 Β.
1511 3506 1749 3565 Maximi
1784 3505 2168 3587 Taurinensis
2198 3506 2359 3563 hom.
2382 3509 2437 3574 2,
2479 3506 2514 3560 3
2544 3508 2601 3562 et
2625 3506 2677 3573 4,
2708 3506 2783 3562 De
2812 3508 2994 3563 natali
3021 3506 3114 3564 SS.
3142 3510 3513 3581 aposton
3525 3514 3690 3570 ‘Petri
3806 3492 3811 3495 ⁷

276 3603 329 3655 el
358 3601 543 3661 Pauli.

1694 3709 1766 3749 DE
1793 3708 2006 3751 SANCTO
2050 3708 2254 3750 PAULO.

352 3812 580 3871 XXXVI.
610 3814 807 3872 Filioli
831 3815 961 3882 mei,
994 3812 1179 3868 audite
1204 3826 1326 3879 nos,
1355 3812 1407 3866 et
1439 3809 1668 3865 liberate
1694 3824 1806 3875 vos,
1839 3810 1951 3863 etc.
1987 3806 2195 3864 Leonis
2224 3806 2463 3863 nomine
2491 3806 2548 3862 in
2580 3809 2808 3864 vetusto
2839 3824 2952 3864 ms.
2987 3808 3342 3879 Corbeiensi,
3373 3829 3442 3869 ae
3462 3814 3521 3871 in
3553 3815 3683 3872 cod.

277 3899 658 3961 Eremitarum
689 3902 968 3960 Patavino
996 3904 1033 3956 2
1062 3904 1120 3957 et
1150 3900 1208 3954 in
1238 3896 1560 3954 Veronensi
1588 3900 1644 3951 S.
1680 3894 1859 3952 Firmi
1887 3895 2144 3967 Majoris.
2178 3893 2323 3951 Vide
2354 3894 2735 3968 appendicem
2762 3898 2938 3970 Aug.,
2973 3898 3074 3955 ubi
3102 3898 3318 3973 legitur
3345 3918 3522 3960 εει-ω.
3556 3905 3685 3964 204.

1623 4010 1696 4049 DE
1732 4009 1948 4049 SANGPO
1974 4008 2326 4049 ‘LAUBEN'PIO.

354 4095 603 4155 XXXVII.
632 4098 898 4155 Sanctum
926 4098 1025 4161 est,
1051 4095 1275 4166 fratres,
1308 4108 1373 4147 ac
1398 4094 1507 4148 Deo
1532 4092 1824 4164 placitum,
1859 4098 1982 4159 etc.,
2016 4094 2093 4147 et.

353 4185 627 4243 XXXVIII.
661 4186 813 4243 Sicut
834 4187 1059 4259 patrum
1090 4187 1421 4245 nostrorum,
1460 4184 1662 4253 fratres
1690 4181 2026 4248 charissimi,
2048 4195 2159 4237 non
2190 4182 2399 4235 incerta
2429 4181 2700 4236 relatione
2726 4181 3042 4249 didicimus,
3074 4187 3181 4239 etc.
3216 4184 3283 4240 Hi
3314 4186 3430 4243 duo
3461 4202 3655 4244 sermo

276 4287 387 4328 nes
415 4292 707 4350 perperam
741 4273 920 4332 Leoni
952 4272 1330 4330 ascribuntur
1359 4270 1421 4325 in
1452 4286 1596 4326 mss.
1631 4269 1852 4327 collect.
1889 4272 1913 4324 1
1950 4274 2006 4325 et
2024 4271 2082 4338 2,
2106 4284 2237 4324 cum
2266 4268 2384 4325 sint
2404 4269 2605 4325 bomil.
2630 4269 2653 4325 l
2685 4274 2741 4326 et
2760 4273 2796 4326 2
2816 4271 2874 4327 S.
2896 4268 3227 4329 Maximi'in
3246 4275 3432 4330 Natali
3456 4274 3511 4330 S.
3534 4277 3684 4332 Lau-

277 4364 466 4418 rentii.

1708 4472 1780 4511 DE
1817 4473 1868 4511 S.
1910 4472 2221 4514 STEPHANO.

603 4564 815 4622 Fratres
845 4557 1182 4627 charissimi,
1204 4555 1595 4615 celebravimus
1615 4553 1862 4610 hesterno
1890 4553 1979 4610 die
2006 4553 2267 4626 natalem,
2291 4571 2393 4627 quo
2424 4570 2523 4611 rex
2549 4558 2881 4627 martyrum,
2914 4559 3021 4613 etc.
3056 4556 3266 4616 Leonis
3297 4574 3679 4637 nomenprae-

276 4645 389 4707 fert
417 4651 477 4708 in
502 4650 622 4709 Vat.
659 4652 818 4720 1267,
845 4647 997 4722 stylo
1029 4648 1411 4720 repugnante.
1444 4642 1682 4716 Legitur
1710 4641 1768 4698 in
1796 4641 2115 4716 appendice
2143 4642 2451 4717 Augustini
2487 4660 2661 4699 serm.
2693 4643 2817 4699 215.

1025 4778 1100 4818 ΒΕ
1132 4775 1411 4830 ABSALON,
1452 4773 1681 4822 QUANDO
1721 4772 2209 4821 PERSEOUEBATUR
2246 4774 2415 4815 DAVID
2454 4775 2642 4816 PATREI

1288 4775 1411 4830 ωδ,
1452 4773 1681 4822 QUANDO
1721 4772 2209 4821 PERSEOUEBATUR
2246 4774 2415 4815 DAVID
2454 4775 2678 4816 ΡΑΤΒΣΠ
2722 4775 2905 4816 SUUM.

346 4877 457 4936 XL.
488 4881 727 4939 Perdidit
755 4881 992 4938 Absalon
1018 4876 1465 4934 sceleratissimus
1482 4880 1717 4930 mentem
1735 4889 1912 4938 suam,
1941 4872 2184 4945 perdidit
2196 4888 2435 4940 sensum,
2455 4875 2646 4930 amisit
2670 4874 2984 4943 consilium,
3006 4878 3114 4932 etc.
3147 4879 3302 4933 Inter
3322 4878 3527 4938 leonis
3548 4880 3679 4936 Ser-

276 4970 553 5028 mones'in
582 4988 728 5030 mss.
756 4968 979 5026 collect.
1007 4970 1044 5021 2
1069 4969 1129 5022 et
1157 4965 1217 5020 in
1248 4960 1550 5019 nonnullis
1577 4960 1801 5018 collect.
1834 4963 1869 5018 3
1898 4964 1956 5018 et
1984 4962 2239 5018 4.‘Hunc
2270 4977 2603 5018 sermonem
2633 4979 2702 5019 ex
2730 4961 2825 5019 his
2853 4963 3155 5022 codicibus
3176 4966 3359 5023 edidit
3382 4967 3678 5022 Gerardus

275 5055 529 5130 Vossius,
550 5061 898 5135 prmpositus
910 5053 1296 5129 Tungrensis,
1318 5052 1473 5109 inter
1488 5051 1830 5108 Miscellanea
1848 5058 2160 5107 sanctorum
2182 5051 2392 5122 aliquot
2413 5055 2645 5107 Patrum
2665 5051 2976 5109 Graecorum
2994 5061 3048 5109 et
3061 5055 3401 5121 Latinorum,
3414 5053 3679 5124 subjecta

277 5147 504 5206 editioni
536 5149 903 5225 Moguntina?
916 5145 1170 5219 Oper-um
1184 5147 1243 5199 S.
1260 5139 1961 5215 GregoriiThaumatui-gi
1984 5154 2080 5195 an.
2106 5139 2265 5207 1604,
2290 5155 2423 5212 pag.
2446 5140 2692 5196 234.8ed
2710 5141 2930 5199 incerto
2942 5144 3167 5200 auctori
3180 5143 3383 5199 Latino
3400 5140 3676 5197 eumdem

276 5251 589 5297 sermonem
611 5237 1026 5297 ascribendum
1058 5233 1306 5301 censuit,
1341 5228 1677 5300 notavitque
1702 5245 1837 5285 eum
1870 5227 2057 5302 reperi
2088 5228 2147 5284 in
2193 5227 2549 5284 editionibus
2582 5229 2808 5287 Latinis
2835 5231 2897 5287 S.
2937 5231 3029 5288 Jo.
3053 5228 3470 5304 Chrysostomi,
3495 5228 3582 5284 uti
3613 5229 3675 5286 in

275 5322 581 5387 Nivelliana
607 5334 750 5385 tom.
786 5328 827 5397 I,
859 5341 993 5400 pag.
1017 5324 1143 5380 556.

1713 5432 1785 5471 DE
1816 5428 2208 5472 MARmIBUS.

336 5523 464 5583 XLI.
498 5526 965 5597 Quotiescumque,
986 5522 1187 5593 fratres
1208 5515 1539 5582 charissimi,
1563 5517 1873 5570 sanctorum
1893 5522 2171 5586 malyrum
2190 5513 2424 5570 solemni
2429 5516 2568 5571 tates
2596 5514 2955 5582 celebramus,
2984 5517 3092 5570 etc.
3126 5511 3333 5572 Leonis
3353 5513 3593 5574 nomine
3612 5515 3672 5574 in
