4096 6164
489 244 608 307 475
1009 238 1406 307 APPENDIX
1446 238 1552 323 AD
1596 236 1902 301 PRIMAM
1942 236 2266 303 PARTEM
2310 238 2637 304 OPERUM
2674 241 2739 304 S.
2770 238 3051 305 LEONIS
3096 240 3356 309 MAGNI.
3710 255 3808 317 Δῖϐ

490 383 715 458 aliquot
743 378 1099 439 editionibus
1128 373 1389 448 antiquis
1405 371 1598 429 editus
1627 371 1755 440 fuit,
1781 388 1886 428 nec
1919 389 2034 429 non
2057 371 2116 429 in
2147 371 2491 431 Homiliario
2515 373 2676 431 Pauli
2700 375 2934 433 Diaconi
2969 374 3237 434 editionis
3257 376 3577 440 Basileensis
3592 400 3656 441 an
3679 384 3806 444 1496.

488 474 874 531 Lovanienses
906 468 965 524 in
996 464 1247 522 editione
1277 460 1689 534 Antuerpiensi
1711 478 1782 517 an
1808 462 1946 517 1583
1967 464 2023 519 et
2051 462 2390 521 Rainaudus
2420 465 2639 521 incerto
2663 466 2885 521 auctori
2908 465 3252 536 tribuerunt,
3275 472 3328 524 et
3346 468 3592 528 similiter
3606 472 3810 532 Vossius

485 560 846 639 Tungrsnsis
875 556 1146 614 eumdem
1169 571 1236 610 ex
1260 568 1402 608 mss.
1428 550 1883 607 emendatiorem
1911 552 2194 607 recudens
2218 552 2275 607 in
2298 554 2654 609 Miscellaneis
2671 553 2845 626 paulo
2866 558 3000 611 ante
3021 554 3289 621 laudatis,
3313 575 3346 612 a
3369 559 3542 616 Leone
3560 561 3810 632 abjudica-

479 657 580 712 vit.
604 651 838 725 Legitur
867 650 1060 702 autem
1081 640 1390 716 Augustini
1416 640 1651 696 nomine
1673 640 1730 694 in
1754 639 2013 695 Romano
2036 640 2348 709 Breviario,
2381 642 2514 698 etin
2534 643 2851 715 appendice
2874 643 3139 714 ejusdem
3162 645 3403 702 doctoris
3424 664 3582 704 serm.
3603 652 3711 718 224,
3733 652 3812 705 ubi

478 744 730 801 editores
758 738 927 795 illum
961 736 1019 791 S.
1049 732 1295 789 Caesarie
1319 728 1728 785 ascribendum
1756 728 2113 784 existimant.

544 837 599 891 6.
623 833 932 887 Sermones
963 821 1284 894 descriptos
1308 819 1362 873 in
1389 818 1706 890 appendice
1725 817 2080 875 collectionis
2102 820 2395 889 secundae,
2420 821 2492 876 de
2511 822 2728 894 quibus
2746 822 2803 877 in
2827 822 3165 894 prmfations
3186 825 3540 881 sermonibus
3557 828 3820 898 praemissa

477 941 643 982 num.
669 923 755 988 19,
780 918 889 975 etsi
907 916 965 970 in
986 916 1208 986 partem
1233 908 1545 964 maximam
1564 907 1695 963 aliis
1718 907 2101 979 scriptoribus
2119 907 2411 965 tribuendi
2437 909 2588 965 inter
2608 928 2811 966 eorum
2837 928 3010 983 opera
3031 911 3170 966 editi
3192 912 3516 980 fuerint,hic
3536 918 3709 971 tamen
3727 934 3821 973 non

477 1010 902 1072 recensuimus,
924 1021 989 1060 eo
1020 1000 1176 1074 quod
1207 1015 1274 1053 ex
1297 1015 1405 1054 ms.
1443 996 1693 1052 basilicae
1716 997 1774 1052 S.
1801 996 1950 1051 Petri
1971 998 2077 1051 210

2203 997 2361 1053 sdem
2385 997 2745 1054 collectionis
2766 1000 3016 1072 separati
3040 1016 3072 1054 a
3098 1000 3302 1055 Leonis
3321 1002 3672 1059 Sermonibus
3693 1004 3820 1060 inve-

477 1102 735 1165 niantur,
757 1099 890 1170 post
912 1091 1214 1161 interjeeta
1231 1086 1496 1159 quaedam
1518 1084 1785 1157 Cypriani
1806 1084 2103 1156 Opuscula
2128 1085 2375 1158 subjecti
2398 1086 2524 1143 sine
2542 1087 2658 1143 ullo
2681 1088 2933 1143 auctoris
2957 1087 3218 1156 nomine;
3246 1090 3393 1145 unde
3414 1090 3579 1146 Leoni
3599 1091 3818 1149 attributi

476 1191 591 1249 dici
622 1186 939 1260 nequeunt.
973 1178 1188 1235 Eadem
1221 1175 1291 1229 de
1322 1174 1497 1229 causa
1530 1173 1587 1228 in
1618 1172 1727 1227 hac
1760 1172 1908 1228 serie
1931 1191 2045 1228 non
2065 1172 2477 1231 collocavimus
2507 1177 2898 1248 fragmentum
2923 1177 3212 1232 sermonis
3231 1177 3294 1232 de
3315 1178 3538 1234 Abrahae
3554 1179 3702 1248 ﬁlios
3730 1196 3816 1235 ms.

396 1312 397 1315 η
473 1276 837 1335 bibliotheca:
867 1264 1247 1326 Bononiensis
1278 1264 1337 1319 S.
1372 1261 1686 1318 Salvatoris
1719 1279 1752 1317 a
1785 1262 1842 1317 P.
1879 1263 2086 1319 abbate
2120 1263 2474 1320 Trombellio
2508 1265 2729 1319 editum
2762 1270 2902 1320 tom.
2943 1265 2988 1320 Il
3017 1266 3291 1320 Anecdot.
3328 1270 3471 1337 part.
3504 1283 3541 1333 ι,
3575 1282 3691 1338 pag.
3715 1268 3818 1321 252.

474 1369 621 1424 Cum
651 1364 807 1421 enim
841 1359 1019 1416 codex
1039 1352 1292 1410 auctoris
1325 1352 1559 1406 nomine
1581 1354 1758 1416 caret,
1782 1356 1910 1406 tum
1937 1368 2070 1407 vero
2093 1351 2217 1423 ipse
2238 1352 2425 1408 editor
2446 1371 2514 1409 ex
2534 1353 2786 1426 simplici
2811 1354 3232 1425 conjectatione
3253 1371 3397 1427 vaga
3416 1359 3471 1409 et
3491 1354 3690 1409 incerta
3708 1353 3820 1409 illud

472 1456 561 1512 vel
594 1453 789 1518 Leoni,
818 1448 905 1505 vel
940 1444 1187 1503 Maximo
1215 1439 1584 1507 Taurinensi,
1614 1438 1699 1494 vel
1739 1440 1903 1495 Petro
1934 1439 2288 1513 Chrysologo
2321 1440 2497 1496 tribui
2532 1458 2703 1514 posse
2732 1440 3102 1497 existimavit.

540 1548 596 1600 7.
628 1538 857 1613 Reliqui
879 1541 1018 1593 sunt
1038 1548 1335 1590 sermones
1354 1530 1524 1585 Leoni
1551 1528 1605 1584 in
1632 1528 1854 1601 aliquot
1878 1529 2174 1584 codicibus
2196 1528 2456 1602 ascripti,
2478 1530 2577 1601 qui
2596 1530 2756 1586 nulla
2776 1530 2834 1584 in
2852 1530 3106 1585 editione
3123 1530 3356 1586 Patrum
3374 1531 3823 1603 prodierunt.l]os,

472 1650 606 1691 cum
638 1631 798 1688 editu
821 1625 979 1699 digni
1006 1623 1110 1678 visi
1144 1624 1302 1688 sunt,
1329 1620 1386 1673 in
1408 1618 1673 1688 subjecta
1695 1619 2013 1689 appendice
2039 1618 2316 1673 invenies.
2341 1617 2449 1682 Qui
2471 1619 2748 1691 peculiari
2774 1619 2972 1690 aliqua
2993 1618 3215 1676 ratione
3240 1637 3275 1674 a
3297 1620 3481 1675 Leone
3500 1620 3826 1691 abjudicandi

472 1724 726 1782 fuerunt,
751 1712 1210 1781 admonitionem
1234 1707 1534 1780 praeferunt
1558 1707 1611 1759 in
1638 1723 1754 1777 qua
1774 1711 2089 1777 opportuna

2209 1708 2570 1763 servationes
2593 1708 2941 1764 inserentur.
2958 1707 3154 1771 Quoad
3177 1713 3418 1764 caeteros
3436 1725 3583 1776 vero,
3605 1708 3693 1780 qui
3710 1707 3826 1762 nihil

469 1809 758 1885 peculiare
791 1803 1023 1869 habent,
1046 1815 1179 1854 cum
1206 1795 1381 1852 Leoni
1409 1811 1509 1851 eos
1538 1794 1751 1850 ascribi
1783 1810 1898 1849 non
1932 1810 2103 1866 posse
2134 1796 2249 1850 duo
2280 1795 2642 1852 characteres
2678 1814 2837 1852 num.
2872 1798 2905 1851 3
2936 1797 3216 1869 propositi
3269 1796 3413 1853 satis
3453 1798 3826 1862 demonstrent,

469 1883 728 1957 codicem
759 1913 826 1954 ex
850 1908 965 1967 quo
998 1906 1096 1945 eos
1126 1885 1336 1942 Leonis
1370 1884 1604 1940 nomine
1637 1883 1949 1955 inscriptos
1982 1884 2266 1952 eruimus,
2302 1884 2359 1938 in
2396 1885 2659 1957 ipsorum
2691 1887 2877 1942 fronte
2905 1885 3162 1942 indicare
3192 1886 3467 1942 sufﬁciet.

538 1992 591 2045 8.
624 1989 826 2059 Neque
855 1981 1070 2037 idcirco
1101 1976 1393 2033 credimus
1425 1990 1629 2030 omnes
1651 1989 1950 2028 sermones
1973 1972 2071 2043 qui
2109 1973 2281 2027 Leoni
2311 1972 2368 2026 in
2402 1989 2543 2028 mss.
2571 1972 2909 2028 tribuuntur
2937 1991 2970 2028 a
2990 1974 3157 2029 nobis
3176 1973 3447 2029 inventos
3471 1973 3654 2030 fuisse.
3676 1974 3828 2029 Immo

467 2095 602 2136 cum
624 2077 684 2132 in
707 2072 982 2132 omnibus
1000 2070 1116 2124 fere
1132 2062 1507 2122 Lectionariis
1523 2061 1886 2118 diversarum
1906 2060 2294 2116 Ecclesiarum
2314 2059 2477 2116 libris
2492 2079 2637 2133 quos
2655 2061 3013 2118 contulimus
3033 2062 3288 2135 aliquem
3310 2079 3521 2118 novum
3543 2079 3831 2119 sermonem

466 2167 788 2226 Leoninum
821 2160 977 2218 nacti
1008 2158 1216 2224 simus,
1247 2150 1764 2222 nihilambigimus
1789 2149 1931 2223 quin
1963 2148 2094 2205 aliis
2117 2148 2262 2205 alios
2282 2149 2573 2221 ejusmodi
2595 2150 2820 2205 codices
2843 2150 3243 2207 evolventibus
3264 2151 3411 2207 alios
3433 2168 3715 2207 sermones
3730 2152 3833 2222 ejus

465 2255 689 2314 nomini
719 2250 990 2310 similiter
1017 2245 1326 2317 ascriptos,
1360 2241 1416 2296 id
1442 2244 1532 2296 est
1558 2238 1981 2312 supposititios,
2018 2238 2270 2311 reperire
2305 2238 2623 2311 continget.

533 2349 588 2401 9.
621 2343 740 2399 lIac
772 2344 964 2397 autem
989 2316 1289 2391 occasione
1311 2331 1458 2385 duas
1471 2346 1537 2383 su
1549 2328 1942 2400 ppositionum
1968 2327 2388 2400 frequentiores
2410 2316 2684 2400 origines,
2702 2330 2849 2399 quas
2872 2328 2930 2383 in
2955 2329 3835 2400 expendendismultisLectiona-

463 2433 567 2491 riis
598 2430 944 2491 deteximus,
968 2423 1063 2479 hic
1089 2425 1367 2478 annotare
1400 2435 1513 2472 non
1546 2416 1753 2472 inutile
1786 2432 1890 2472 nec
1918 2415 2217 2488 ingratum
2240 2415 2553 2471 lectoribus
2576 2417 2767 2472 fuerit.
2793 2416 2936 2471 Cum
2960 2419 3017 2472 in
3035 2416 3248 2473 iisdem
3267 2418 3571 2475 codicibus
3588 2416 3836 2473 describe-

464 2528 670 2580 rentur
685 2531 983 2576 sermones
1005 2511 1101 2585 qui
1122 2512 1272 2565 inter
1292 2506 1488 2562 divina
1504 2506 1695 2561 officia
1712 2522 1812 2577 pro
1832 2505 2112 2560 festorum
2129 2508 2231 2560 aut
2248 2503 2523 2559 feriarum
2548 2504 2769 2559 ratione
2790 2503 3016 2578 legendi
3041 2511 3207 2561 erant
3229 2507 3278 2563 si
3299 2507 3499 2579 plures
3514 2507 3585 2562 ad
3606 2505 3835 2561 eamdem

465 2610 896 2668 solemnitatem
919 2600 1274 2676 pertinentes
1294 2595 1567 2652 eumdem
1585 2594 1878 2649 habebant
1905 2597 2220 2660 auctorem,
2254 2593 2443 2666 primo
2465 2593 2720 2649 sermoni
2742 2597 2974 2649 tantum
2994 2596 3255 2652 auctoris
3278 2612 3494 2653 nomen
3516 2611 3660 2668 sepe
3679 2594 3837 2667 praeli-

462 2700 740 2772 gebatur;
770 2690 992 2749 caeteris
1010 2704 1163 2756 vero,
1189 2686 1289 2758 qui
1312 2683 1650 2741 continuata
1666 2682 1816 2738 serie
1837 2683 2364 2754 consequebantur,
2390 2687 2710 2754 praenotata
2732 2682 3005 2755 leguntur
3029 2684 3150 2739 haec
3171 2686 3375 2753 verba,
3394 2686 3560 2757 Cujus
3580 2701 3750 2755 supra,
3768 2681 3839 2736 vel

464 2770 611 2845 Unde
637 2801 826 2856 supra,
861 2779 1078 2853 quibus
1108 2776 1399 2831 indicatur
1428 2772 1582 2828 idem
1614 2775 1815 2827 auctor
1844 2771 2142 2844 sequentis
2171 2772 2460 2828 sermonis
2492 2789 2558 2828 ac
2589 2772 2987 2844 prmcedentis.
3024 2772 3387 2830 Posteriores
3420 2779 3615 2830 autem
3646 2770 3835 2828 librarii

460 2876 561 2948 qui
590 2869 875 2946 ejusmodi
910 2866 1138 2926 codices
1162 2861 1650 2931 transcribebant,
1678 2859 1908 2933 aliquos
1928 2859 2245 2917 identidem
2279 2876 2578 2916 sermones
2603 2860 2690 2916 vel
2717 2862 3089 2933 praeteribant
3110 2861 3195 2917 vel
3221 2863 3525 2918 addebant
3540 2880 3605 2918 ex
3622 2861 3742 2917 aliis
3760 2861 3840 2915 Le-

457 2960 850 3029 ctionariis,ut
866 2957 1077 3028 cuique
1092 2951 1567 3009 videbatur.Hinc
1589 2954 1784 3005 autem
1801 2949 2177 3022 contingebat
2193 2966 2309 3005 non
2329 2965 2456 3006 raro
2481 2954 2543 3005 ut
2559 2949 2809 3027 alicujus
2827 2950 3082 3007 auctoris
3104 2968 3446 3008 sermonem
3467 2953 3772 3008 inserentes
3785 2964 3841 3002 ex

457 3049 813 3110 Lectionario
837 3047 894 3102 in
928 3061 1042 3118 quo
1073 3046 1196 3099 erat
1225 3039 1526 3112 inscriptio
1558 3039 1724 3112 Cujus
1757 3055 1942 3111 supra,
1967 3038 2052 3095 vel
2087 3039 2234 3096 Unde
2260 3056 2447 3110 supra,
2484 3039 2636 3095 hanc
2665 3040 2930 3096 eamdem
2962 3040 3416 3112 inscriptionem
3449 3041 3843 3098 inconsiderate

458 3142 793 3205 retinerent,
818 3136 952 3192 licet
982 3133 1131 3190 alius
1163 3130 1419 3187 auctoris
1441 3129 1696 3185 sermoni
1719 3128 1803 3184 vel
1827 3129 2210 3184 Sermonibus
2231 3128 2644 3200 subjiceretur;
2678 3135 2735 3185 et
2760 3129 2840 3184 ita
2855 3128 3097 3185 lectores
3119 3129 3282 3187 hunc
3301 3149 3411 3203 pro
3434 3146 3697 3188 sermone
3715 3128 3844 3199 ejus-

456 3233 588 3288 dem
628 3225 929 3300 scriptoris
955 3222 1301 3294 acciperent.
1341 3223 1427 3274 Ita
1452 3219 1510 3273 in
1542 3235 1654 3274 ms.
1689 3218 2049 3274 Lectionario
2077 3218 2352 3274 Patavine
2384 3217 2622 3274 Patrum
2654 3218 3141 3275 Conventualium
3168 3220 3227 3275 S.
3264 3220 3534 3288 Antonii,
3565 3224 3696 3294 post
3723 3218 3847 3273 duos

454 3333 756 3377 sermones
773 3317 832 3373 S.
856 3310 1091 3371 Maximi
1112 3311 1182 3366 de
1199 3307 1519 3381 Epiphania
1543 3307 1895 3363 describitur
1915 3323 2106 3363 sermo
2128 3306 2443 3379 incipiens:
2468 3308 2797 3364 Hodiernum
2814 3310 3180 3379 festivitatem,
3205 3310 3581 3376 dilectissimi,
3603 3307 3846 3381 apparitio

452 3408 692 3471 Domini,
725 3410 860 3471 etc.,
892 3418 1026 3458 cum
1052 3399 1222 3455 titulo
1243 3398 1408 3469 Cujus
1436 3412 1645 3468 supra;
1674 3412 1743 3451 ex
1764 3411 1876 3467 quo
1895 3393 2063 3450 titulo
2086 3395 2143 3450 S.
2169 3394 2420 3451 Maximo
2444 3396 2793 3452 tribuendus
2815 3395 3063 3463 videtur,
3090 3413 3225 3451 cum
3250 3402 3459 3454 tamen
3483 3414 3600 3453 non
3620 3397 3678 3453 S.
3698 3391 3848 3451 Maxi-

453 3513 640 3567 mum,
663 3493 760 3551 sed
785 3493 843 3548 S.
865 3492 1112 3547 Leonem
1135 3487 1348 3543 habeat
1368 3489 1687 3552 auctorem,
1711 3488 1769 3538 et
1790 3483 1866 3538 sit
1887 3485 2135 3566 sermo‘5
2155 3484 2225 3538 de
2246 3484 2447 3539 eadem
2474 3484 2862 3551 solemnitate,
2883 3485 2941 3540 in
2960 3488 3159 3541 nostra
3180 3491 3386 3541 autem
3411 3486 3667 3543 editione
3682 3497 3847 3539 sermo

450 3587 541 3642 35.
571 3586 689 3641 Hac
711 3582 857 3639 forte
886 3580 957 3635 de
986 3594 1167 3635 causa
1186 3576 1334 3631 duos
1364 3590 1665 3630 sermones
1689 3572 1874 3645 ipsius
1898 3571 2106 3627 Leonis
2126 3572 2197 3626 38
2212 3576 2269 3627 et
2287 3573 2356 3627 43
2371 3572 2698 3645 Augustino
2726 3573 2960 3628 fuerunt
2980 3572 3271 3642 attributi,
3300 3578 3361 3630 et
3377 3574 3439 3630 in
3458 3574 3640 3645 hujus
3660 3586 3849 3645 appen-

368 3726 373 3727 ,
448 3673 866 3747 dicelcguntur
881 3684 1056 3731 serm.
1086 3665 1205 3720 133.
1230 3668 1287 3719 et
1314 3663 1431 3730 148,
1458 3678 1563 3717 nec
1586 3659 1935 3716 absimiliter
1953 3676 2148 3716 sermo
2168 3661 2434 3732 ejusdem
2456 3660 2748 3732 pontificis
2773 3662 2859 3728 40,
2883 3660 2986 3732 qui
3008 3660 3119 3716 sub
3138 3661 3361 3718 Leonis
3384 3662 3632 3735 quidem
3645 3658 3854 3716 nomine

449 3744 751 3836 legebatur
766 3777 801 3815 a
816 3753 1118 3813 monachis
1132 3750 1601 3820 Corbeiensibus,
1624 3748 2094 3817 Divionensibus,
2111 3748 2595 3822 Sandionysianis
2613 3754 2671 3804 et
2691 3748 3274 3821 Compendiensibus,
3308 3750 3558 3807 nomine
3574 3751 3635 3806 S.
3648 3744 3857 3805 Maximi

450 3835 882 3907 inscribebatur
912 3842 1069 3916 apud
1091 3839 1525 3909 Cluniacenses,
1560 3840 1706 3893 teste
1724 3835 1990 3893 Ulderico
2012 3837 2167 3909 apud
2189 3837 2249 3893 P.
2276 3838 2534 3894 Martene
2555 3838 2625 3893 de
2647 3836 2910 3910 antiquis
2931 3837 3370 3895 monachorum
3401 3839 3640 3896 Ritibus
3659 3838 3756 3893 lib.
3786 3852 3854 3901 ru,

447 3954 576 4009 cap.
610 3938 699 4005 11,
732 3948 895 3990 num.
932 3935 986 3986 2.

520 4025 607 4079 10.
640 4021 768 4078 Alia
795 4020 973 4078 etiam
1004 4015 1428 4091 suppositionis
1457 4014 1642 4088 origo,
1677 4014 1815 4072 licet
1844 4014 2043 4073 minus
2068 4015 2365 4088 frequens,
2384 4014 2576 4070 afferri
2608 4018 2820 4087 potest.
2852 4015 3321 4088 Nonnumquam
3344 4016 3583 4074 librarii
3615 4015 3737 4073 sine
3764 4009 3866 4068 ulla

445 4110 700 4168 auctoris
729 4107 1022 4165 mentione
1043 4120 1344 4163 sermones
1363 4101 1613 4175 alicujus
1636 4102 1805 4159 nobis
1831 4103 2011 4176 ignoti
2044 4101 2346 4175 scriptoris
2377 4102 2436 4157 in
2460 4102 2837 4159 Lectionariis
2856 4102 3171 4171 inseruere,
3195 4106 3305 4176 qui
3331 4111 3549 4179 postea
3570 4101 3746 4160 habiti
3768 4101 3867 4155 fus-

447 4202 586 4254 runt
600 4197 728 4269 ejus
754 4193 1010 4251 auctoris
1027 4191 1116 4248 cui
1138 4191 1527 4265 praecedentes
1546 4207 1846 4246 sermones
1873 4190 1931 4247 in
1951 4189 2158 4247 iisdem
2176 4190 2478 4246 codicibus
2501 4189 2991 4248 inscribebantur.
3016 4192 3104 4249 Ita
3123 4194 3271 4250 duos
3297 4212 3621 4252 sermones
3642 4203 3866 4266 quorum

445 4288 593 4346 alter
625 4304 655 4344 e
684 4288 743 4343 S.
768 4285 975 4341 Isidori
996 4281 1357 4355 Hispalensis
1379 4279 1665 4353 Operibus
1690 4284 1996 4352 excerptus
2027 4279 2158 4346 fuit,
2181 4278 2356 4352 paulo
2388 4283 2523 4335 ante
2546 4286 2909 4337 memoratus
2933 4299 3096 4337 num.
3125 4283 3212 4351 11,
3241 4283 3408 4340 alter
3439 4300 3579 4341 vero
3602 4282 3700 4356 qui
3717 4294 3863 4336 exor-

442 4377 621 4444 ditur,
661 4374 1015 4432 Dilectissimi
1050 4372 1226 4441 nobis,
1258 4370 1391 4441 ﬁdes
1420 4377 1608 4426 nostra
1635 4385 1735 4425 nos
1762 4369 2033 4439 admonet,
2066 4372 2123 4424 et
2148 4369 2205 4423 in
2230 4368 2338 4424 hac
2371 4368 2693 4441 appendice
2724 4371 2930 4426 edetur
2960 4387 3125 4428 num.
3158 4372 3210 4440 4,
3247 4372 3390 4430 sine
3412 4373 3605 4430 ullius
3634 4364 3867 4429 auctoris

443 4467 680 4523 nomine
702 4463 950 4536 subjecti
982 4460 1353 4518 sermonibus
1384 4463 1439 4513 S.
1475 4458 1684 4515 Leonis
1714 4459 1785 4513 de
1820 4458 2249 4528 Quadragesima
2280 4457 2338 4511 in
2367 4457 2740 4513 Lectionariis
2765 4457 3019 4514 basilica
3040 4464 3096 4514 S.
3132 4459 3285 4515 Petri
3315 4463 3432 4517 105
3461 4467 3523 4518 et
3556 4463 3681 4528 107,
3711 4451 3864 4513 veluti

444 4553 685 4612 Leonini
716 4554 1094 4610 recensentur
1112 4549 1172 4604 in
1195 4565 1339 4605 mss.
1365 4546 1588 4604 collect.
1615 4547 1639 4602 1
1659 4550 1716 4602 et
1733 4550 1787 4615 2,
1813 4563 1939 4618 qua:
1960 4563 2029 4601 ex
2051 4546 2258 4603 iisdem
2283 4545 2371 4602 vel
2395 4545 2690 4602 similibus
2710 4546 3089 4603 Lectionariis
3111 4547 3409 4621 originem
3441 4544 3867 4617 ducuntﬂujus

441 4641 673 4716 generis
704 4641 885 4697 fuisse
913 4640 1187 4695 videntur
1214 4636 1299 4693 illi
1332 4651 1633 4692 sermones
1665 4634 1764 4707 qui
1795 4634 1853 4690 in
1884 4634 2131 4691 diversis
2160 4634 2538 4690 Lectionariis
2564 4634 2731 4690 libris
2762 4635 2893 4691 aliis
2926 4640 3103 4709 atque
3131 4636 3264 4709 aliis
3285 4638 3680 4707 tribuuntur,
3709 4647 3867 4704 exsr-

441 4730 501 4786 S.
535 4729 877 4803 Augustino,
909 4728 968 4784 S.
1000 4726 1210 4783 Joanni
1242 4725 1675 4798 Chrysostomo,
1708 4723 1767 4779 S.
1803 4722 1997 4789 Leoni,
2030 4728 2167 4792 etc.,
2192 4723 2429 4795 hincque
2461 4724 2592 4795 ipsa
2611 4726 2919 4780 auctorum
2938 4724 3154 4796 quibus
3175 4725 3618 4797 adjudicantur
3637 4723 3868 4786 varietas

439 4817 645 4875 incerti
678 4822 735 4873 et
762 4816 946 4890 ignoti
977 4814 1234 4871 auctoris
1256 4812 1544 4869 indicium
1574 4816 1683 4868 est.

514 4907 601 4962 11.
635 4904 799 4969 Quod
825 4904 875 4960 si
904 4902 997 4959 his
1021 4901 1217 4958 causis
1245 4900 1420 4955 aliam
1446 4897 1711 4970 adjicias,
1744 4914 1923 4970 quam
1952 4899 2058 4955 PP.
2094 4899 2345 4957 Maurini
2377 4899 2435 4954 in
2468 4900 2777 4955 Ambrosio
2810 4904 3165 4973 proponunt,
3199 4898 3628 4959 celebritatem
3661 4897 3866 4957 scilicet

439 4993 717 5061 auctoris,
742 5010 859 5066 qua
888 4992 1222 5065 ignotorum
1252 4988 1339 5044 vel
1370 4986 1663 5044 inferioris
1695 5004 1926 5059 quoque
1959 4992 2106 5044 notae
2139 4989 2491 5061 scriptorum
2522 4988 2960 5047 lucubrationes
2991 4990 3417 5047 commendare
3460 4992 3717 5064 placuit,
3749 5001 3868 5043 cum

438 5082 651 5140 Leonis
673 5096 887 5138 nomen
913 5077 1359 5135 celeberrimum
1389 5080 1567 5143 esset,
1600 5075 1722 5131 hmc
1745 5093 1977 5147 quoque
2006 5075 2484 5133 ascribendorum
2509 5076 2622 5150 ipsi
2647 5094 2987 5134 sermonum
3010 5094 3188 5134 causa
3213 5096 3332 5135 non
3357 5081 3585 5136 defuit.
3612 5083 3737 5147 Quo
3755 5087 3873 5132 vero

440 5171 643 5244 plures
664 5168 914 5240 alicujus
935 5166 1124 5223 sancti
1156 5182 1456 5222 sermones
1477 5166 1551 5219 ob
1569 5163 1966 5220 celebritatem
1988 5165 2037 5234 ej
2052 5183 2119 5221 us
2142 5165 2518 5223 Lectionariis
2540 5168 2778 5222 fuerunt
2799 5167 3026 5234 inserti,
3046 5183 3112 5222 eo
3136 5167 3336 5239 plures
3364 5168 3565 5227 alieni
3589 5179 3881 5227 sermones

440 5258 630 5315 eidem
659 5257 926 5314 attributi
961 5254 1490 5328 deprehendentun,
1522 5256 1588 5307 ut
1607 5252 1668 5307 in
1689 5254 2018 5324 Augustino
2034 5254 2229 5311 videre
2244 5259 2352 5323 est,
2373 5255 2542 5326 cujus
2573 5272 2874 5312 sermones
2889 5255 2950 5311 in
2975 5255 3342 5312 Lectionaria
3360 5259 3613 5331 passim
3638 5251 3876 5313 inducti,

438 5345 839 5402 incredibilem
870 5344 1210 5401 ascitiorum
1231 5342 1479 5415 copiam,
1505 5357 1632 5412 quas
1654 5341 2047 5413 genuinorum
2070 5360 2381 5401 numerum
2410 5344 2525 5400 fere
2547 5352 2828 5417 coasquat,
2854 5350 3216 5418 receperunt.
3244 5345 3400 5401 Cum
3428 5348 3649 5421 itaque
3672 5347 3733 5403 S.
3760 5344 3889 5400 Leo-

441 5434 534 5490 nis
564 5450 864 5491 sermones
886 5434 944 5488 in
977 5430 1357 5489 Lectionariis
1387 5430 1722 5501 frequentes
1751 5435 2076 5502 occurrant,
2106 5433 2303 5505 plures
2334 5433 2523 5489 eidem
2556 5433 2891 5507 suppositos
2912 5432 3169 5491 nancisci
3193 5451 3306 5490 non
3328 5435 3601 5493 difﬁcile
3624 5435 3758 5492 fuit.
3781 5426 3881 5487 Sed

441 5522 531 5581 eia
551 5524 679 5597 jam
707 5523 867 5599 ipsos
899 5539 1198 5582 sermones
1229 5522 1291 5579 in
1322 5519 1431 5579 hac
1461 5518 1780 5594 appendice
1809 5520 2066 5578 edendos
2086 5522 2494 5595 subjiciamus.
