4096 6164
447 182 558 244 561

448 335 572 374 ram
595 315 952 390 praavalente
970 330 1081 390 esse
1110 329 1217 368 non
1245 313 1437 390 possit,
1457 311 1673 390 idcirco
1704 316 1796 390 aut
1828 310 2092 390 Dei-ama-
2120 314 2170 379 Α

447 400 531 446 tor
547 382 645 453 est,
666 391 760 443 aut
786 382 998 446 mundi;
1019 389 1075 441 et
1095 382 1299 440 omnes
1319 383 1645 438 voluntates
1669 382 1909 453 proinde
1926 382 2091 436 home

445 461 533 518 vel
563 458 751 521 malai.
774 458 1100 513 itadiversae
1122 460 1249 510 sunt
1270 454 1646 521 qualitatibus.
1675 454 1813 509 sicut
1844 453 2095 507 dividun-

445 535 537 586 tur
566 529 896 584 auctoribus.
932 527 1033 582 Hic
1055 527 1262 582 obvius
1306 528 1612 580 verborum
1645 540 1855 580 sensus
1889 530 1977 579 est
2023 525 2094 579 de

450 600 724 657 omnibus
746 598 1146 654 voluntatibus
1162 614 1229 651 ex
1242 612 1439 651 amore
1454 595 1910 669 praedominante
1926 594 2092 669 bonis

441 671 529 728 vel
560 670 753 726 malis.
776 670 916 735 Quis
938 685 1202 741 ergonon
1224 669 1416 723 videat
1441 667 1617 741 quam
1636 682 1947 741 perperam
1964 667 2091 741 ejus

439 743 615 798 verba
667 741 975 797 trahantur
1007 737 1096 794 "ad
1129 756 1335 795 omnes
1363 743 1420 794 et
1453 737 1723 810 singulos
1753 737 2091 810 ’voluntatis

442 819 628 880 actus,
644 829 711 868 ac
733 811 780 868 si
802 813 914 867 Leo
934 810 1198 867 docuerit
1219 814 1383 866 actus
1415 807 1620 866 omnes
1650 814 1709 865 et
1732 807 1998 880 singulos
2022 826 2091 864 ex

442 885 724 942 alterutro
746 883 844 937 illo
867 898 1063 939 amore
1128 881 1425 944 r0dire,ita
1443 885 1507 935 ut
1536 880 1893 952 quicumque
1924 885 2090 936 actus

444 975 559 1008 non
592 960 731 1008 sunt
755 971 822 1008 ex
851 970 1050 1008 amore
1079 899 1201 1008 Bei.
1236 952 1356 1008 sint
1388 969 1458 1007 ex
1512 968 1710 1007 amore
1767 951 1998 1008 mundi.
2032 955 2090 1006 et

444 975 559 1013 non
592 960 731 1011 sunt
755 971 822 1009 ex
851 970 1050 1009 amore
1079 951 1201 1019 Dei,
1236 952 1356 1008 sint
1388 969 1458 1007 ex
1512 951 1710 1007 amore
1767 951 1998 1015 mundi,
2032 955 2092 1006 et

442 1028 571 1100 ideo
600 1024 854 1100 peccata,
882 1029 947 1079 ut
978 1023 1271 1100 Quesnelli
1303 1023 1540 1100 postilla
1568 1022 1832 1100 insinuat
1856 1041 1868 1090 ;
1894 1026 1950 1077 et
1981 1022 2090 1078 hac

443 1094 666 1157 ratione
695 1094 1279 1169 peccataaccusauda
1291 1094 1487 1169 sintea
1509 1094 1637 1166 ipsa
1656 1094 1938 1169 virtutum
1953 1111 2087 1169 ope-

442 1186 527 1236 ra,
550 1186 676 1240 quae
695 1165 767 1223 Β.
788 1167 1044 1240 pontifex
1075 1167 1132 1221 in
1151 1165 1571 1240 peccatoribus
1600 1165 1686 1240 vel
1719 1165 1896 1221 etiam
1925 1165 1980 1240 in
2007 1165 2089 1220 in-

442 1236 713 1295 fidelibus
731 1236 844 1294 non
868 1238 1043 1306 mala,
1068 1236 1345 1295 sed—bona
1365 1253 1492 1292 esse
1524 1238 1824 1309 professus
1853 1236 1980 1291 est?

440 1345 473 1420 §
504 1346 599 1403 III.
633 1345 759 1402 Atia
789 1346 1068 1413 Quesnelti
1083 1344 1400 1420 postittain
1428 1343 1677 1399 eumdem
1695 1358 1999 1399 sermonem
2016 1342 2089 1397 90

1076 1415 1424 1487 expenditur.

508 1524 562 1578 9.
597 1523 713 1579 Hoc
748 1524 973 1579 .eodem
1027 1539 1316 1588 sermone,
1347 1538 1474 1592 cap.
1509 1522 1562 1589 3,
1597 1519 1654 1574 Β.
1686 1521 1797 1577 Leo
1829 1520 2033 1575 scribit
2067 1538 2080 1575 :

440 1595 599 1667 Quod,
619 1596 684 1650 de
705 1598 898 1667 specie,
931 1594 994 1649 de
1049 1596 1227 1667 copia,
1255 1594 1320 1648 (te
1350 1595 1612 1667 varietate
1641 1594 2084 1667 (creaturarum)

441 1663 1061 1745 δια-ηᾴίιμνζ-ῃοη[ηεαδ
1089 1663 1544 1745 declinaturmisi
1576 1665 1633 1719 in
1653 1663 1755 1745 illa
1778 1663 2084 1745 visioilium
2115 1681 2161 1745 Β

435 1738 849 1809 pulchritudine
881 1733 1101 1809 Creator
1127 1737 1309 1809 potius
1328 1752 1496 1809 quam
1515 1742 1767 1790 creatura
1790 1733 2079 1809 diligatur.

440 1804 782 1872 Quesnellus
804 1809 861 1862 in
897 1808 1018 1862 haec
1032 1804 1286 1863 verbaad
1314 1804 1649 1878 marginem
1664 1804 1883 1878 notavit
1898 1823 1910 1862 :
1926 1805 2083 1878 satus

437 1881 535 1934 Dei
563 1896 718 1935 amor
745 1896 780 1936 α
806 1887 1079 1935 creaturae
1098 1894 1286 1933 amore
1313 1874 1565 1932 retrahit.
1585 1876 1868 1941 Viden,ex
1909 1874 2088 1930 colla-

438 1950 599 2031 tione
614 1951 810 2031 minus
831 1957 1052 2031 rectum
1082 1948 1499 2031 interpretem?
1520 1950 1637 2031 Non
1657 1947 1829 2017 facile
1844 1947 2084 2002 declina-

1263 177 1676 258 PltIEFATLD
1722 176 1799 238 IN
1844 173 2273 243 EPISTULAS
2432 177 2712 240 LEUNIS
2754 176 3032 239 MAGNI.
3678 183 3777 248 533

2204 309 2515 385 uouDeum
2533 309 2737 385 potius
2741 324 2921 380 quam
2946 312 3242 385 creaturas
3256 310 3513 385 diligunt,
3526 331 3629 370 non
3642 316 3778 374 facile

2204 380 2501 455 declinant
2533 380 2566 436 a
2598 380 2748 437 503
2780 381 3066 455 perversis
3122 380 3390 455 ipsarum
3430 382 3704 455 illecebris,
3736 396 3781 445 et

2202 453 2477 507 facillime
2509 457 2768 524 peccant.
2802 453 2932 507 Haec
2964 456 3086 508 tota
3145 453 3345 508 Leonis
3396 458 3660 513 sententia
3692 453 3779 516 est.

2201 524 2353 596 Num
2378 524 2625 596 verobie
2646 524 2744 578 Dei
2763 535 2949 589 amor,
2972 524 3097 579 sine
3120 525 3270 596 quod
3297 525 3365 580 ab
3377 526 3644 596 ejusmodi
3657 530 3784 585 blan-

2202 595 2362 650 ditiis
2389 599 2445 650 et
2466 594 2664 669 illicito
2688 600 3089 669 creaturarum
3112 594 3305 669 amore
3340 594 3443 651 non
3467 599 3613 669 facile
3639 600 3783 656 decli-

2200 671 2393 731 natur,
2424 667 2571 721 solus
2602 666 2674 721 ab
2707 666 2814 737 hoc
2855 666 3164 722 interdicto
3187 668 3391 723 affectu
3412 666 3668 737 retrahat,
3690 689 3784 728 non

2202 737 2336 803 Leo,
2362 737 2463 792 sed
2479 736 2824 801 Quesnellus
2847 737 3128 805 afﬁrmat;
3145 753 3278 793 cum
3300 743 3486 795 tamen
3506 736 3705 796 certum
3724 744 3785 800 sit

2199 808 2524 884 homines};
2544 808 2796 881 peccatis
2818 808 3030 884 retrabi
3054 808 3210 881 (licet
3230 825 3338 884 rion
3358 809 3437 864 ita
3457 812 3624 884 facile)
3640 813 3786 870 etiam

2200 880 2426 955 timore,
2451 878 2895 955 illo'przesertim
2920 878 3197 955 gehennae
3224 882 3429 936 timore
3451 878 3617 954 atque
3632 901 3790 955 pinna-

2198 967 2353 1024 rum,
2373 950 2632 1007 dolorem
2663 952 2734 1006 de
2766 950 3019 1023 peccatis
3044 951 3361 1024 ingerente,
3391 950 3552 1024 quem
3572 950 3659 1009 Dei
3672 956 3787 1012 dono

2197 1031 2252 1105 et
2263 1023 2521 1105 ‘Spiritus
2540 1024 2718 1077 sancti
2736 1024 2979 1105 impulsu
2996 1023 3365 1105 conceptum,
3391 1023 3499 1105 non
3521 1024 3793 1105 solamen-

2198 1092 2397 1168 hibere
2444 1110 2687 1149 manum
2746 1092 2822 1168 ab
2854 1110 3030 1168 opere
3060 1092 3280 1168 illicito,
3314 1096 3413 1150 sed
3443 1095 3789 1168 ipsamietiam

2194 1165 2809 1241 voluntatempecgamii
2836 1165 3143 1241 excludere,
3158 1166 3305 1241 satis
3322 1165 3512 1241 aperte
3541 1167 3788 1241 colligitur

2196 1252 2263 1310 ex
2284 1236 2623 1310 Tridentina
2641 1236 2793 1310 50.1
2817 1237 3036 1310 synodo
3059 1254 3204 1294 sese.
3230 1238 3320 1306 44,
3338 1236 3464 1310 cap.
3486 1240 3534 1294 4.
3566 1236 3791 1295 Ηὶοἶιθηθ

2194 1306 2756 1389 timorgehennaaju
2778 1306 3087 1389 quamnon
3110 1313 3231 1389 tam
3255 1306 3427 1389 opere
3441 1324 3603 1389 quam
3618 1310 3787 1366 aﬂ'ectu

2194 1394 2369 1452 pravo
2390 1378 2734 1452 incurritur,
2747 1378 2822 1452 ad
2845 1379 3275 1452 excludendum
3296 1378 3509 1452 etopus
3528 1385 3583 1436 et
3595 1397 3788 1436 omnem

2194 1450 2401 1504 all‘ectu
2412 1450 2757 1524 mpeccandi
2780 1450 2881 1516 (uti
2894 1451 2973 1524 ad
2999 1451 3108 1505 elfu
3118 1452 3390 1523 giendam
3404 1450 3704 1524 gehennam
3719 1469 3791 1508 ne-

2194 1536 2354 1575 cesse
2380 1520 2497 1593 est)’
2514 1538 2614 1592 per
2643 1536 2705 1593 se
2736 1520 3033 1593 impellere
3086 1520 3151 1577 ac
3184 1520 3435 1578 movere'
3455 1523 3628 1579 debet.
3655 1522 3787 1585 Quod

2196 1592 2555 1666 monendum
2605 1592 2733 1657 fuit,
2768 1592 2851 1666 ne
2887 1594 3030 1666 forte
3063 1594 3345 1666 subrepat
3398 1593 3542 1649 inter
3589 1599 3787 1651 ceteras

2194 1662 2601 1725 Quesnelliana
2624 1664 2939 1736 propositio
2959 1665 3049 1729 61,
3066 1662 3413 1720 damnatam
3430 1665 3791 1721 constitutione

2195 1736 2553 1805 Unigcnitus:
2581 1736 2758 1790 Timor
2776 1752 2887 1791 non
2906 1738 3021 1791 nisi
3038 1752 3269 1791 numam
3291 1737 3513 1805 cohibet,
3536 1753 3619 1793 cor
3643 1740 3791 1792 autem

2196 1806 2409 1879 tamdiu
2433 1810 2651 1879 peccato
2680 1806 2974 1879 addicitur,
2996 1807 3257 1879 quamdiu
3292 1810 3361 1863 ab
3400 1824 3575 1864 amore
3593 1810 3795 1879 justiti}?

2194 1892 2307 1932 non
2334 1877 2574 1932 ducitur.
2591 1877 2701 1932 Sed
2734 1877 2842 1933 hac
2864 1879 2933 1933 de
2964 1877 3025 1933 re
3047 1884 3319 1934 nostrum
3350 1896 3463 1935 non
3484 1884 3569 1935 est
3587 1877 3793 1934 bocloco

2194 1947 2521 2016 disserere;
2549 1947 2731 2003 solam
2765 1950 2923 2004 enim
2956 1950 3163 2005 Leonis
3198 1950 3546 2006 sententiam
3575 1968 3606 2005 a
3649 1953 3794 2016 Ques-

438 2028 552 2095 tur,
585 2016 777 2093 inquit
805 2022 937 2095 _Leo
972 2038 984 2075 :
1023 2020 1121 2092 qui
1153 2016 1308 2095 enim
1334 2016 1857 2095 Lingereaturarum
1888 2035 2087 2095 amore
2195 2019 2329 2095 nelli
2356 2019 2834 2092 interpretatione
2867 2020 3115 2076 alienam
3148 2022 3454 2079 ostendere
3483 2022 3794 2095 propositum

439 2089 682 2161 sistunt,
710 2098 769 2148 et
802 2092 858 2148 in
890 2089 1091 2148 earum
1123 2090 1576 2163 pulchritudine,
1611 2089 2085 2162 cepia,varietate
2196 2090 2325 2145 fuit.

1907 2377 2393 2480 SANCTI

518 2602 561 2803 ί
767 2618 2116 2929 LEOle
2347 2606 3527 2847 MAGNI-

1046 3145 1833 3325 OPERUM
1954 3165 3221 3325 GENUINORUM

1714 3432 2028 3526 PARS
2095 3432 2588 3527 ALTERA

1980 3616 2293 3657 CONTINENS

1528 3754 1655 3862 .3.
1747 3754 2085 3820 PATRIS
2161 3755 2707 3821 EPISTOLAS.

1845 4048 2427 4136 PBZEFATIO

1178 4197 1267 4259 De
1296 4216 1434 4260 mss.
1469 4196 1786 4266 codicibus,
1823 4198 1935 4278 qui
1959 4199 2020 4258 in
2049 4197 2423 4260 emendandis
2454 4197 2715 4281 epistolis
2742 4199 2883 4258 usui
2904 4199 3096 4277 fuere.

1928 4339 2326 4353 w

990 4459 1020 4515 δ
1051 4457 1091 4505 1.
1123 4430 1399 4506 Distinctio
1428 4455 1799 4507 collectionum
1828 4456 2314 4521 manuscriptarum
2343 4470 2462 4519 qua;
2491 4456 2683 4505 Leonis
2714 4456 2961 4520 epistolas
2990 4456 3286 4506 continent.

512 4572 566 4629 4.
592 4572 731 4628 Tria
759 4570 1176 4643 distinguenda
1205 4576 1346 4628 sunt
1376 4587 1591 4644 genera
1620 4570 1886 4627 codicum
1917 4571 1973 4626 in
1999 4573 2219 4643 quibus
2252 4572 2461 4628 Leonis
2491 4570 2748 4643 epistola:
2779 4572 3168 4628 continentur.
3202 4570 3469 4627 Primum
3497 4583 3673 4645 genus
3698 4563 3809 4619 sunt

440 4658 808 4717 collectiones
820 4657 1122 4732 generales
1134 4675 1427 4715 canonum
1449 4664 1507 4714 et
1521 4658 2008 4715 constitutionum
2032 4660 2427 4715 Romanorum
2451 4659 2894 4732 pontificum,in
2919 4659 3136 4731 quibus
3158 4657 3624 4732 aliquotintegrae
3637 4647 3808 4710 Leonis

440 4744 695 4820 epistolae
716 4746 1018 4820 descripta!
1043 4748 1221 4803 fuere.
1245 4747 1505 4802 Alterum
1529 4752 1668 4802 sunt
1686 4747 2055 4804 collectiones
2079 4748 2461 4821 particulares
2480 4765 2583 4804 seu
2608 4748 3000 4820 quarumdam
3018 4747 3435 4815 Ecclesiarum,
3454 4763 3555 4804 seu
3580 4737 3809 4817 epistola-

441 4851 572 4891 rum
605 4834 789 4891 solius
820 4833 1050 4905 Leonis,
1066 4851 1192 4906 quae
1213 4852 1282 4889 ex
1307 4834 1571 4904 vetustis,
1590 4834 1676 4888 vel
1708 4835 1882 4891 etiam
1915 4836 2204 4908 prinuevis
2234 4836 2663 4910 exemplaribus
2692 4836 2831 4892 olim
2865 4840 3199 4909 compactae,
3233 4834 3697 4909 antiquissimam
3723 4822 3810 4882 ori-

440 4925 634 4998 ginem
659 4924 1056 4997 praasel‘erunt.
1076 4921 1338 4979 Tertium
1367 4925 1505 4977 sunt
1529 4921 1896 4980 collectiones
1915 4924 2296 4997 particulares
2320 4925 2706 4998 epistolarum
2735 4926 2793 4980 S.
2815 4925 3041 4994 Leonis,
3057 4925 3157 4981 sed
3207 4924 3582 4993 recentiores,
3600 4935 3714 4993 quae
3740 4912 3809 4969 ni-

442 5014 657 5069 mirum
688 5029 757 5069 ex
787 5012 959 5086 primi
983 5011 1211 5084 generis
1243 5009 1684 5067 collectionibus
1714 5011 1774 5067 in
1800 5016 2025 5085 partem
2056 5014 2374 5070 maximam
2406 5014 2724 5087 proﬂuunt.

506 5104 560 5157 2.
586 5103 750 5159 Sicut
770 5101 935 5158 nulla
954 5104 1144 5157 exstat
1167 5099 1343 5156 Leoni
1365 5116 1554 5157 coaava
1575 5106 1678 5158 aut
1704 5116 1925 5174 suppar
1948 5102 2213 5159 omnium
2245 5104 2376 5175 ejus
2396 5119 2735 5159 sermonum
2756 5100 3038 5175 collectio,
3064 5107 3127 5158 ut
3158 5104 3216 5158 in
3248 5101 3583 5176 praefatione
3611 5097 3679 5181 ad
3703 5096 3811 5149 Sc!"

438 5208 643 5249 mones
665 5190 1209 5256 animadvertimus,
1231 5189 1315 5245 ita
1334 5188 1559 5245 nullam
1592 5206 1821 5261 quoque
1842 5207 2115 5258 coaevam,
2138 5196 2241 5248 aut
2255 5209 2568 5265 supparem
2593 5190 2859 5247 omnium
2880 5190 3261 5264 epistolarum
3291 5193 3419 5264 ejus
3441 5185 3808 5249 collectionem

442 5280 653 5337 factam
678 5280 878 5348 fuisse,
896 5276 1065 5334 nobis
1083 5275 1481 5334 certissimum
1504 5281 1612 5333 est.
1631 5276 1776 5332 Hinc
1795 5277 1851 5332 in
1873 5278 2189 5337 editionem
2212 5280 2419 5337 Leonis
2446 5280 2675 5336 nullum
2697 5278 2955 5352 codicem
2987 5280 3247 5337 invenire
3276 5284 3379 5337 aut
3405 5290 3642 5352 sperare
3675 5270 3809 5330 licet.

440 5367 539 5439 qui
563 5383 767 5424 omnes
788 5368 917 5437 ejus
938 5364 1219 5437 epistolas
1241 5365 1537 5437 praeferat;
1560 5380 1749 5435 neque
1760 5365 1921 5422 enim
1936 5366 2075 5423 olim
2094 5384 2299 5425 omnes
2320 5368 2555 5441 perinde
2579 5370 2817 5424 luerunt
2837 5367 2895 5422 in
2928 5384 3114 5424 unum
3154 5384 3383 5442 corpus,
3400 5371 3505 5422 aut
3524 5362 3806 5435 regestum.

442 5455 527 5510 uti
557 5460 787 5521 vocant,
810 5455 1163 5524 collectae,ut
1195 5455 1252 5509 S.
1276 5453 1535 5525 Gregorii
1558 5453 1751 5526 Magni
1778 5454 2041 5527 epistolis
2063 5458 2271 5514 evenit.
2296 5458 2465 5513 Initio
2500 5454 2734 5530 quidem
2765 5472 2969 5512 omnes
3003 5455 3315 5514 collocatas
3344 5454 3527 5511 fuisse
3557 5454 3614 5507 et
3635 5447 3804 5537 casto.-

441 5543 592 5599 ditas
614 5559 792 5615 quam
816 5542 1267 5616 diligentissime
1286 5541 1346 5597 in
1367 5543 1589 5598 scriniis
1602 5558 1703 5596 seu
1729 5542 1948 5600 archiva
1960 5546 2117 5603 sedis
2134 5546 2463 5620 apostolicae
2482 5546 2634 5602 inter
2654 5548 2890 5601 caeteras
2916 5546 3360 5603 constitutiones
3390 5542 3633 5599 aliorum
3650 5533 3791 5608 ponti

442 5612 651 5697 ticum,
673 5634 902 5686 vetuste.
928 5612 1306 5686 vconsuetudo
1358 5622 1631 5687 Romanis
1657 5628 1927 5689 Ecclesiae
1948 5612 2189 5705 suadet,
2210 5637 2280 5692 de
2313 5652 2429 5708 qua
2457 5634 2568 5706 legi
2593 5637 2786 5707 potest
2811 5635 2868 5690 P.
2901 5632 3279 5691 Coustantius
3308 5634 3364 5689 in
3396 5625 3730 5708 praefatione
3743 5612 3808 5708 ad

442 5717 733 5795 Epistolas
760 5718 1156 5777 Romanorum
1177 5718 1516 5794 pontificum
1542 5736 1601 5779 n.
1625 5720 1694 5779 44
1716 5725 1772 5781 et
1787 5737 1951 5798 seqq.
1966 5723 2273 5788 Enimvero
2296 5706 2497 5783 auctor
2516 5706 2873 5782 Pontiﬁcalis
2894 5722 3162 5796 Romani,
3188 5715 3595 5800 quiAnastaaii
3619 5706 3808 5771 Biblio-
