4096 6164
289 320 401 378 ιεςδςς
1078 286 1527 379 ιίηιλῑιτΑτῐῡ
1556 317 1647 378 ‘lN
1691 316 1906 377 EPIS't

2081 319 2117 374 Β
2167 316 2229 377 S.
2278 317 2554 380 LEONIS
2599 320 2869 382 MAGNI.
3576 320 3692 381 554

299 450 523 507 thecarii
557 448 799 506 nomine
833 448 1124 524 appellari
1149 450 1314 519 solet,
1349 450 1623 507 etLeonis
1637 449 1815 506 vitam
1846 448 2283 522 scripsitscrius
2315 449 2659 531 εωςυιρνιιι,
2693 452 2895 510 haecde
2911 454 3175 528 ejusdem
3198 452 3463 528 epistolis
3484 454 3692 513 tradit:

288 532 433 597 'Idem
462 539 838 610 beatissimus,
862 541 968 596 Leo
997 541 1468 612 archiepiscopus
1486 542 1701 596 multas
1726 541 1995 612 epistolas
2005 540 2144 609 ﬁdei
2167 540 2346 607 misit,
2366 556 2488 613 qua"
2506 542 2668 597 hodie
2684 545 2915 600 archiva
2934 545 3201 602 Ecclesiae
3218 546 3694 602 Romana’recon-

299 630 421 689 dita
431 634 710 687 tenentur.
727 630 834 685 Hic
846 630 1100 701 ﬁrmavit
1111 630 1572 702 frequentersuis
1590 630 1848 698 epistolis
1868 629 2143 700 synodum
2157 631 2808 691 ChalcedononsemQAd
2824 634 3182 690 Martianum
3200 635 3514 706 Augustum
3528 634 3693 691 misit

284 720 656 788 'cpz'stolasxn,
670 719 751 774 ad
763 722 1002 776 Leonem
1023 719 1061 772 A
1072 725 1337 788 ugustum
1348 718 1634 787 epistolas
1648 719 1867 785 xm,'acl
1889 720 2235 774 Flavianum
2254 720 2574 791 epis-capiam
2589 720 2853 788 epistolas
2873 739 2952 789 Ix,
2970 724 3044 777 ad
3055 723 3352 792 episcopos
3362 740 3472 796 per
3487 723 3694 783 Orien-

294 814 395 864 tem
418 808 698 878 epistulas
714 823 872 875 xviu,
896 823 1009 879 per
1030 823 1176 879 quas
1189 806 1369 880 ﬁdem
1391 808 1595 878 synodi
1602 809 1939 879 conﬁrmavi
1945 807 2166 865 t.Vides
2193 808 2492 863 archivum
2510 808 2894 880 apostolicum
2907 809 3015 866 hoc
3039 826 3272 883 quoque
3288 815 3546 885 tempore
3560 811 3695 868 alle-

290 897 419 971 gari,
439 897 498 952 in
520 914 637 969 quo
659 896 866 952 Leonis
897 896 1152 968 epistolis
1173 897 1559 951 servabantur
1581 912 1596 965 ;
1620 900 1677 952 et
1694 895 1833 951 licet
1857 900 2253 951 memorentur
2274 896 2408 953 solis
2432 896 2688 968 epistolae
2711 914 2813 970 pro
2837 896 3121 955 catholica
3141 898 3253 954 fide
3270 903 3470 955 contra
3514 901 3689 974 Euty-

286 986 540 1042 chianam
562 986 833 1041 haeresim
860 985 1113 1058 scriptae,
1147 985 1345 1057 plures
1371 988 1567 1040 tamen
1594 1000 1772 1056 quam
1796 1000 1924 1056 qum
1952 984 2023 1039 ad
2048 1000 2155 1039 nos
2171 989 2576 1056 pervenerunt,
2601 985 2660 1041 in
2682 1003 2747 1043 eo
2770 985 3002 1043 archivo
3026 993 3151 1042 tum
3176 988 3467 1045 exstitisse
3483 1005 3691 1062 cogno-

285 1076 524 1145 scimus;
548 1091 738 1147 neque
760 1074 914 1129 enim
938 1074 1194 1147 epistolae
1217 1091 1342 1146 quae
1366 1078 1603 1129 exstant
1632 1074 1702 1128 ad
1728 1074 1977 1129 Leonem
2011 1076 2340 1146 Augustum
2366 1081 2505 1130 sunt
2530 1091 2655 1139 xm,
2692 1076 2764 1131 ad
2786 1075 3124 1133 Flavianum
3156 1094 3234 1133 ιχ.

346 1169 393 1220 3.
422 1165 494 1218 At
523 1180 658 1219 cum
681 1161 1049 1219 collectiones
1072 1160 1371 1235 generales
1392 1179 1682 1216 canonum
1713 1165 1770 1216 et
1791 1160 2174 1233 epistolarum
2198 1162 2593 1218 Romanorum
2618 1163 2961 1235 pontificum
2985 1181 3019 1220 a
3062 1164 3305 1237 privatis
3350 1162 3687 1219 hominibus

285 1252 405 1309 olim
424 1269 551 1308 com
561 1252 760 1323 positae
782 1250 842 1306 in
866 1250 1158 1324 privatum
1181 1267 1378 1315 nsum,
1401 1250 1484 1305 ita
1510 1250 1817 1322 propagari
1841 1254 1899 1306 et
1921 1250 2183 1306 obtinere
2204 1256 2524 1323 cmperunt,
2550 1257 2615 1307 ut
2634 1252 2811 1308 iidem
2834 1253 3077 1309 Romani
3100 1254 3392 1310 antistites
3412 1252 3689 1325 epistolas

284 1342 643 1399 decessorum
666 1339 880 1411 saepius
903 1356 1018 1395 non
1043 1356 1111 1395 ex
1133 1338 1469 1410 apostolicis
1488 1338 1740 1407 scriniis,
1766 1338 1865 1393 sed
1890 1355 1959 1394 ex
1980 1338 2054 1394 iis
2076 1338 2516 1395 collectionibus
2540 1345 3025 1410 sumerent;tunc
3038 1342 3257 1398 factum
3279 1346 3369 1399 est
3387 1332 3693 1398 utearum-

280 1432 399 1488 dem
412 1428 800 1504 epistolarum
822 1427 1184 1501 autographa
1201 1427 1575 1500 exemplaria,
1590 1443 1719 1499 quae
1741 1431 1905 1482 erant
1928 1427 1985 1482 in
2010 1427 2325 1500 apostolico
2344 1428 2596 1496 archivo,
2623 1430 2843 1484 sensim
2867 1430 3149 1503 neglecta,
3172 1436 3503 1505 temporum
3523 1430 3690 1487 vicis-

279 1519 630 1576 situdinibus
649 1517 1071 1586 interciderint,
1096 1534 1161 1573 ac
1181 1522 1489 1590 propterea
1514 1515 1767 1587 antiqua:
1790 1515 1915 1571 ista;
1956 1516 2255 1593 generales
2279 1514 2653 1573 collectiones
2675 1518 2793 1573 sint
2838 1519 3186 1575 vetustiores
3229 1537 3295 1576 ac
3337 1518 3684 1575 celebriores

277 1610 455 1666 fontes
474 1626 542 1663 ex
564 1609 784 1680 quibus
804 1606 1205 1679 antiquiorum
1228 1605 1571 1679 pontificum
1607 1604 2054 1662 constitutiones
2075 1606 2432 1679 accepimus,
2458 1607 2600 1663 adeo
2622 1611 2689 1663 ut
2709 1624 2825 1664 non
2849 1608 2975 1664 alim
2998 1610 3389 1682 quorumdam
3402 1609 3689 1665 Romano-

277 1715 399 1755 rum
424 1697 754 1757 antistitum
781 1696 1037 1768 epistolae
1061 1696 1132 1751 ad
1148 1712 1256 1752 nos
1278 1695 1666 1768 pervenerint,
1701 1694 1815 1749 nisi
1837 1712 1965 1767 quas
1989 1695 2277 1764 ejusmodi
2303 1693 2745 1752 collectionibus
2788 1702 3139 1754 conservata:
3178 1699 3433 1755 fuerunt.
3474 1698 3554 1754 De
3592 1696 3687 1753 his

269 1786 724 1853 collectionibus,
747 1790 803 1841 et
823 1786 895 1841 de
920 1800 1065 1841 mss.
1086 1784 1405 1851 codicibus,
1428 1784 1529 1857 qui
1550 1800 1650 1839 eas
1662 1782 2344 1857 complectuntur,fusius
2367 1786 2661 1857 agendum
2684 1785 2794 1841 erit
2814 1785 2873 1842 in
2908 1789 3156 1843 tractatu
3179 1803 3355 1859 quem
3370 1791 3528 1844 tomo
3567 1790 3688 1843 ter-

270 1876 349 1932 tio
369 1875 659 1932 insertum
690 1874 961 1947 reperies.

335 1966 387 2020 4.
423 1964 593 2020 Nunc
616 1964 688 2019 de
708 1962 851 2019 solis
873 1961 1138 2036 epistolis
1165 1961 1375 2019 Leonis
1398 1961 1609 2028 acturi,
1634 1977 1702 2016 ea
1722 1963 1953 2016 tantum
1978 1961 2259 2018 debemus
2276 1963 2599 2035 expendere
2648 1980 2775 2036 qua:
2796 1962 2856 2018 in
2895 1961 3106 2020 iisdem
3140 1963 3577 2021 collectionibus
3615 1963 3689 2019 ad

268 2052 800 2126 easdemjepistolas
814 2052 1108 2125 pertinent
1131 2068 1144 2107 :
1171 2052 1226 2107 id
1246 2050 1477 2107 interim
1495 2054 1939 2124 prmmonentes,
1953 2051 2107 2123 quod
2122 2067 2190 2107 ex
2206 2051 2375 2107 dictis
2388 2069 2490 2124 seq
2500 2052 2677 2118 uitur,
2700 2052 2809 2110 has
2820 2056 3079 2111 vetustas
3089 2053 3391 2126 generales
3403 2053 3688 2115 collectio-

270 2159 368 2198 nes
396 2142 709 2198 habendas
738 2157 867 2197 esse
882 2140 1056 2196 veluti
1081 2140 1428 2213 originarios
1447 2140 1657 2206 fontes,
1691 2139 1759 2195 ad
1790 2156 1936 2211 quos
1954 2139 2333 2212 epistolarum
2374 2140 2550 2196 editio
2593 2142 2915 2198 revocanda
2963 2141 3091 2199 erit.
3126 2146 3282 2200 Inter
3327 2143 3517 2200 fontes
3552 2158 3685 2203 vero

271 2232 388 2304 pari
410 2230 635 2287 ratione
681 2229 1026 2303 originarios
1049 2230 1349 2285 censendze
1372 2234 1503 2283 sunt
1529 2228 1701 2283 etiam
1733 2227 2025 2283 nonnullm
2047 2228 2297 2300 antiquae
2315 2227 2683 2285 collectiones
2710 2229 3094 2302 particulares
3135 2231 3255 2288 sive
3294 2232 3685 2304 quarumdam

272 2319 679 2385 Ecclesiarum,
696 2320 784 2375 siv
800 2337 830 2375 e
853 2318 1236 2392 epistolarum
1260 2319 1622 2390 Leonis,qu¢e
1656 2335 1787 2372 cum
1808 2336 1876 2374 ex
1894 2316 2150 2373 laudatis
2173 2317 2541 2389 generalibus
2560 2317 3001 2375 collectidnibus
3018 2324 3264 2392 sumptae
3290 2336 3404 2377 non
3445 2319 3680 2387 fuerint,

270 2428 332 2465 ex
348 2409 633 2482 primaevis
656 2407 864 2465 Leonis
886 2406 1317 2480 exemplaribus
1349 2406 1632 2480 prodiere.
2008 2428 2013 2433 -

334 2502 386 2554 5.
409 2498 791 2555 Collectiones
813 2504 1031 2557 autem.
1057 2516 1181 2570 qum
1214 2498 1300 2554 ita
1322 2496 1475 2553 solas
1500 2496 1704 2552 Leonis
1723 2493 1999 2567 epistolas
2022 2496 2315 2563 exhibent,
2360 2501 2422 2551 ut
2457 2495 2775 2551 maximam
2817 2495 3022 2552 saltem
3062 2496 3309 2552 istarum
3345 2500 3571 2569 partem
3614 2513 3684 2556 ex

276 2590 750 2645 antecedentibus
773 2587 1212 2644 collectionibus
1238 2587 1530 2642 evidenter
1552 2585 1931 2658 sumpserint,
1960 2585 2308 2657 posteriores
2349 2588 2690 2653 noscuntur,
2724 2588 2779 2641 et
2828 2591 3070 2641 eatenus
3096 2585 3424 2658 originarite
3449 2586 3561 2643 dici
3582 2603 3681 2643 ne-

274 2677 817 2755 queunt,.nec,tales
840 2682 901 2732 ut
926 2676 1388 2749 antiquioribus,
1414 2692 1482 2731 ex
1499 2675 1714 2747 quibus
1737 2673 2004 2730 derivataz
2032 2676 2288 2742 fuerunt,
2324 2674 2689 2746 procl'crcndm
2706 2673 2842 2729 sint.
2880 2674 3242 2731 Utiletamen
3281 2674 3393 2730 fuit
3435 2674 3684 2731 istarum

277 2768 491 2823 codices
511 2766 732 2839 pariter
747 2767 1029 2833 conferre;
1050 2782 1176 2837 qua:
1197 2763 1351 2820 enim
1378 2766 1766 2838 provenerunt
1788 2762 2369 2819 exemendatioribus
2393 2762 2811 2836 manuscriptis
2843 2764 3220 2836 antiquarum
3256 2763 3685 2833 collectionum,

275 2854 538 2912 lectiones
556 2854 825 2912 meliores
852 2853 1357 2910 etemendationes
1381 2871 1495 2909 non
1515 2852 1973 2909 contemnendas
1993 2853 2308 2909 identidem
2333 2853 2649 2925 praebuere.
2672 2853 2946 2919 Quaedam
2968 2853 3144 2909 etiam
3183 2870 3253 2910 ex
3280 2852 3373 2910 his
3410 2853 3686 2927 epistolas

282 2944 588 3011 continent,
607 2960 735 3017 quae
753 2960 888 2999 cum
910 2944 967 2997 in
988 2942 1243 3015 antiquis
1267 2943 1418 2999 notis
1436 2940 1876 2997 collectionibus
1900 2957 2014 2995 non
2040 2940 2429 3007 inveniantur,
2451 2945 2699 3013 sumptae
2737 2942 2895 2997 fuere
2916 2958 2984 2998 ex
3027 2941 3157 2998 aliis
3202 2942 3463 3015 antiquis
3510 2942 3685 3000 colle-

280 3032 751 3106 ctionibusplane
774 3032 986 3106 ignotis
1009 3050 1022 3087 :
1046 3033 1199 3088 unde
1223 3032 1278 3086 in
1302 3031 1410 3087 hac
1429 3036 1595 3102 parte
1616 3047 1720 3102 pro
1745 3029 2078 3102 originariis
2100 3030 2298 3085 haberi
2318 3031 2548 3087 debent.
2575 3030 2702 3086 Hmc
2723 3031 3012 3104 generalis
3026 3029 3437 3088 collectionum
3459 3032 3679 3088 distin-

284 3123 392 3177 ctio
418 3123 817 3196 prazmittenda
848 3122 975 3190 fuit,
1009 3127 1075 3178 ut
1096 3137 1211 3177 non
1237 3137 1440 3177 omnes
1463 3137 1590 3193 quae
1610 3136 1740 3174 mox
1764 3119 2179 3175 iudicabuntur
2201 3120 2739 3191 zequemstin‘icntur
2763 3139 2776 3189 ;
2800 3125 2857 3176 et
2893 3138 3019 3193 quas
3042 3120 3372 3193 originariaa
3417 3125 3474 3178 et
3528 3121 3679 3179 anti-

283 3228 423 3282 quas,
445 3229 566 3284 qua:
579 3229 710 3269 vero
735 3210 1082 3267 recentiores
1107 3215 1163 3265 et
1182 3208 1514 3283 profectitiaa
1533 3213 1690 3273 sunt,
1716 3208 2144 3273 discernantur,
2169 3209 2321 3280 quod
2352 3209 2422 3263 ad
2465 3226 2668 3264 eorum
2709 3227 2884 3265 usum
2938 3209 2997 3265 in
3047 3208 3372 3267 recolendis
3412 3210 3678 3283 epistolis

284 3300 426 3355 recte
445 3300 891 3368 instituendum,
921 3304 977 3355 et
999 3299 1069 3355 ad
1093 3297 1205 3354 alia
1226 3298 1431 3364 multa,
1455 3316 1583 3371 quae
1597 3297 1721 3353 suis
1760 3296 1903 3353 locis
1942 3297 2296 3369 aperientur,
2320 3297 2539 3354 utiliter
2557 3298 2979 3371 cognoscenda,
3002 3298 3256 3354 maxime
3278 3299 3680 3356 necessarium

284 3391 489 3460 experti
512 3406 742 3447 sumus.

354 3478 405 3532 6.
429 3477 803 3535 Collectiones
829 3482 1025 3533 autem
1046 3476 1460 3548 manuscripts!
1484 3474 1863 3548 epistularum
1888 3475 1946 3529 Β.
1983 3474 2186 3529 Leonis
2214 3474 2382 3529 nobis
2406 3474 2597 3529 adhuc
2614 3475 2857 3547 cognita:
2898 3478 3033 3530 sunt
3071 3480 3321 3546 quatuor
3358 3478 3414 3531 et
3454 3474 3683 3549 viginti.

288 3565 369 3619 Ex
388 3566 471 3621 bis
490 3584 587 3623 xm
631 3569 699 3622 ad
729 3567 1097 3622 collectiones
1125 3566 1397 3637 antiquas
1422 3562 2081 3637 generalesreferuntur,
2124 3563 2319 3623 sexad
2351 3562 2613 3634 antiquis
2653 3561 3053 3634 particulares,
3090 3562 3351 3635 quinque
3386 3581 3518 3620 vero
3552 3570 3689 3621 sunt

292 3653 645 3711 collectiones
668 3657 1019 3711 recentiores
1044 3655 1309 3725 ejusdem
1344 3652 1636 3724 pontiﬁcis
1659 3652 2526 3724 peculiares.Quemadmodum
2560 3667 2691 3707 vero
2710 3651 2795 3706 has
2837 3651 3089 3724 singulae
3130 3651 3283 3707 inter
3317 3668 3379 3707 se
3415 3653 3687 3724 epistola-

290 3758 416 3798 rum
440 3762 697 3814 numero,
722 3745 947 3815 ordine,
968 3743 1216 3815 aliisque
1239 3743 1675 3799 characteribus
1698 3738 2396 3812 discrepantesdiversam
2420 3739 2703 3812 originem
2731 3741 3004 3812 produnt,
3031 3740 3111 3797 ita
3150 3758 3353 3796 omnes
3399 3742 3690 3816 cujusque

289 3830 638 3889 collectionis
662 3832 893 3888 codices
911 3832 1055 3888 adeo
1083 3831 1428 3904 plerumque
1451 3831 1595 3902 ipsis
1616 3828 1963 3885 lectionibus
1991 3833 2344 3901 congruunt,
2365 3832 2429 3883 ut
2450 3829 2629 3901 (quod
2677 3828 2736 3883 in
2773 3827 3108 3901 praefatione
3141 3830 3211 3885 ad
3262 3831 3573 3887 Sermones
3619 3833 3693 3889 de

295 3919 491 3976 iisdem
513 3921 882 3977 sermonibus
900 3919 1261 3988 monuimus)
1286 3935 1782 3992 supervacaneum
1802 3918 2145 3991 plerumque
2162 3916 2246 3988 sit
2253 3918 2448 3990 plures
2462 3917 2785 3985 consulere,
2811 3919 3211 3992 majoremque
3225 3918 3537 3976 utilitatem
3556 3922 3698 3978 refe-

297 4012 388 4063 rat
401 4010 487 4082 qni
509 4011 653 4066 duos
677 4015 779 4065 aut
796 4012 915 4065 tres
937 4009 1301 4065 diverSarum
1325 4008 1734 4064 collectionum
1759 4024 1901 4063 mss.
1918 4006 2124 4073 libros,
2157 4023 2332 4077 quam
2358 4006 2455 4078 qui
2475 4005 2797 4078 permultos
2821 4006 2998 4063 unius
3020 4006 3379 4064 collectionis
3399 4009 3694 4067 evolverit.

240 4132 248 4141 .
298 4094 453 4152 Nune
472 4099 537 4154 de
555 4098 807 4172 singulis
826 4097 1165 4170 peculiaria,
1190 4098 1381 4169 quoad
1408 4097 1611 4153 Leonis
1633 4096 1943 4169 epistolas;
1971 4113 2106 4151 nam
2130 4100 2334 4150 caetera
2355 4112 2481 4167 quae
2504 4095 2575 4150 ad
2599 4094 2965 4168 generalium
2991 4096 3401 4154 collectionum
3422 4097 3695 4156 intimam

298 4187 670 4258 cognitionem
687 4192 975 4260 spectant,
1000 4187 1056 4241 in
1081 4190 1331 4242 tractatu
1350 4202 1526 4258 quem
1548 4190 1706 4242 tomo
1728 4185 1894 4242 tertio
1916 4185 2246 4240 inseremus
2268 4185 2610 4257 exponenda
2632 4184 3015 4241 remittimus.

1138 4305 1163 4362 §
1194 4301 1253 4353 ll.
1285 4302 1358 4352 De
1388 4314 1487 4351 ms.
1508 4302 1759 4351 Vaticano
1788 4300 2003 4364 Reginis
2036 4300 2235 4350 Suecise
2266 4299 2594 4350 collectionis
2625 4300 2829 4364 prima.

369 4410 420 4464 7.
437 4410 617 4467 Prima
638 4408 932 4485 generalis
953 4407 1216 4466 collectio
1234 4407 1521 4476 omnium,
1543 4412 1609 4464 ut
1628 4407 1945 4475 credimus,
1966 4406 2401 4479 antiquissima,
2426 4410 2482 4462 et
2504 4407 2788 4464 hactenus
2811 4406 3029 4480 ignota,
3055 4408 3351 4465 invenitur
3392 4409 3453 4465 in
3497 4410 3694 4466 codice

306 4493 560 4556 Vaticano
589 4499 816 4571 Regina
833 4498 1053 4554 Suecite
1076 4499 1235 4568 1997,
1259 4497 1397 4553 Octo
1418 4497 1622 4554 Leonis
1643 4496 1921 4570 epistolas
1943 4496 2176 4553 exhibet
2202 4512 2214 4552 :
2256 4495 2299 4563 Ι,
2336 4496 2574 4552 Rustico
2604 4497 2662 4552 in
2707 4501 2906 4553 nostra
2941 4497 3193 4553 editione
3223 4498 3395 4570 epist.
3438 4499 3577 4567 167;
3621 4499 3693 4568 II,

307 4583 571 4660 episcopis
587 4587 950 4644 Mauritaniae
976 4587 1148 4661 epist.
1173 4589 1277 4654 12;
1302 4586 1398 4654 Ill,
1434 4585 1888 4660 Flaviano;epist.

2082 4585 2151 4641 V.
2203 4584 2471 4641 Turribio
2510 4585 2682 4656 epist.
2710 4587 2815 4655 15;
2861 4586 2928 4656 V,
2970 4585 3183 4643 Siculis
3221 4586 3392 4660 epist.
3444 4588 3552 4657 16;
3598 4587 3695 4659 VI,

308 4669 501 4733 Nicclm
520 4676 689 4750 epist.
716 4676 817 4733 159
835 4695 849 4745 ;
868 4675 992 4747 VII,
1017 4674 1373 4747 Aquileiensi
1395 4675 1666 4748 episcopo
1697 4675 1867 4748 epist.
1890 4674 1912 4731 ~l
1948 4693 1962 4743 ;
1985 4674 2134 4743 VIII,
2155 4673 2413 4747 Septimo
2435 4673 2606 4747 epist.
2628 4676 2683 4729 2.
2705 4701 2707 4703 ι

1572 4790 1706 4853 §llI.
1738 4792 1811 4840 De
1841 4789 2143 4840 collectione
2173 4787 2428 4840 secunda.

374 4895 423 4948 8.
445 4895 578 4953 Huic
598 4895 923 4953 collectioni
945 4896 1224 4951 Vaticano
1245 4894 1455 4967 Regiis,
1480 4894 1538 4950 in
1562 4913 1677 4967 qua
1699 4895 2012 4969 Catalogus
2036 4896 2431 4951 Romanorum
2456 4896 2802 4968 pontificum
2825 4895 3039 4953 desinit
3059 4896 3118 4953 in
3150 4898 3484 4968 Hormisda,
3515 4900 3701 4971 subji-

310 4982 483 5041 cimus
504 4986 674 5042 aliam
695 5004 821 5059 quae
844 4985 1171 5058 catalogum
1193 4985 1425 5057 praefert
1455 4985 1512 5039 in
1534 4982 1743 5058 Vigilio
1768 4985 2151 5051 desinentem,
2176 4989 2232 5040 et
2253 4985 2583 5040 continetur
2600 4986 2660 5040 in
2684 5003 2795 5043 ms.
2820 4986 3157 5043 Corbeiensi
3175 4988 3514 5045 venerandae
3549 4988 3701 5043 anti-

313 5071 529 5142 quitatis
549 5076 606 5130 in
628 5074 983 5132 bibliotheca
1008 5075 1065 5129 S.
1092 5072 1363 5127 Germani
1388 5090 1419 5126 a
1443 5072 1627 5127 Pratis
1654 5073 1755 5127 PP.
1785 5074 2287 5129 Benedictinorum
2312 5073 2754 5142 Parisiensium,
2778 5077 2932 5131 unde
2963 5076 3325 5133 Corbeiensis
3367 5075 3626 5132 collectio
3666 5092 3702 5131 a

312 5158 626 5221 Constantio
650 5163 1000 5237 appellatur.
1022 5162 1176 5219 Licet
1196 5160 1427 5217 nullum
1450 5160 1627 5233 hujus
1653 5161 2008 5217 collectionis
2031 5161 2288 5217 codicem
2316 5159 2468 5215 nacti
2483 5160 2691 5227 simus,
2717 5180 2852 5219 cum
2877 5168 3074 5220 tamen
3097 5163 3443 5230 Quesnellus
3464 5179 3532 5219 ea
3554 5179 3702 5221 usus

309 5248 398 5318 sit,
417 5255 469 5307 et
486 5258 872 5310 memoratum
897 5251 1156 5308 codicem
1182 5249 1417 5317 indicet,
1443 5249 1670 5321 quoties
1694 5250 1810 5306 sive
1826 5250 1880 5305 in
1909 5250 2293 5316 variantibus,
2318 5248 2438 5305 sive
2464 5250 2519 5304 in
2543 5250 2695 5305 notis
2716 5252 3121 5308 Corbeiensem
3146 5270 3254 5308 ms.
3280 5251 3501 5317 laudat,
3524 5254 3590 5305 ut
3627 5268 3698 5307 ex

302 5337 504 5399 Notitia
521 5342 1061 5415 manuscriptorum
1085 5340 1158 5395 ab
1180 5339 1383 5395 eodem
1404 5338 1698 5411 descripta
1730 5339 2109 5395 manifestum
2136 5341 2242 5403 est,
2267 5339 2453 5393 omitti
2488 5357 2522 5394 a
2550 5339 2719 5395 nobis
2761 5358 2876 5396 non
2919 5346 3163 5413 poterat,
3202 5356 3336 5396 cum
3374 5338 3699 5411 praesertim

299 5428 462 5486 etiam
482 5447 592 5487 nos
613 5448 683 5487 ex
699 5428 1010 5497 Quesnello
1031 5445 1159 5485 eam
1178 5426 1498 5482 identidem
1522 5427 1905 5483 memoraturi
1926 5428 2133 5483 simus.
2157 5425 2356 5481 Plures
2378 5426 2586 5484 Leonis
2614 5428 2871 5500 epistolae
2911 5428 2972 5483 in
3014 5446 3081 5484 ea
3114 5428 3408 5501 leguntur.
3452 5426 3597 5483 Cum
3630 5432 3698 5484 P.

298 5514 685 5587 Constantius,
705 5519 802 5591 qui
826 5518 897 5574 de
924 5522 1043 5573 tam
1059 5514 1277 5588 insigni
1295 5513 1633 5571 collectione
1651 5515 1919 5588 pluribus
1942 5517 2062 5590 agit
2085 5516 2142 5570 in
2166 5515 2504 5589 prmfatione
2527 5517 2597 5571 ad
2620 5516 2906 5591 Epistolas
2920 5517 3316 5572 Romanorum
3331 5514 3705 5586 Pontiﬁcum,

294 5612 451 5664 num.
471 5607 563 5677 61,
589 5605 935 5665 distinctum
969 5604 1312 5664 earumdem
1334 5602 1718 5678 epistolarum
1741 5606 2073 5683 catalogum
2095 5621 2211 5663 non
2230 5604 2504 5681 praebeat,
2525 5608 2791 5664 exactum
2810 5621 3123 5663 numerum
3145 5608 3201 5663 et
3224 5603 3490 5664 ordinem
3525 5621 3714 5681 agno-

614 5734 880 5797 Pnson.
925 5732 1080 5801 ων.
3311 5731 3386 5801 18
