4048 6168
468 236 593 303 555
1292 225 1705 289 PRIEFATIO
1749 223 1829 288 IN
1875 219 2301 285 EPISTULAS
2348 220 2414 281 S.
2460 212 2739 280 LEOXIS
2784 209 3058 278 MAGNI.
3716 208 3821 276 536

471 384 633 426 scere
653 363 1044 439 nequivimus.
1068 360 1149 417 Ex
1168 359 1242 417 iis
1262 363 1479 427 tamen,
1500 376 1627 431 quze
1649 361 1774 414 tum
1798 355 1871 413 ab
1893 356 2097 412 eodem
2119 350 2455 410 Constantio
2478 353 2604 407 tum
2630 367 2663 405 a
2683 346 2989 414 Quesnello
3032 334 3604 413 indicantur,certum
3623 345 3683 403 Iit
3700 347 3754 402 in
3771 364 3826 404 eo

472 476 584 516 ms.
608 432 890 514 contineri
911 449 1188 524 epistolas
1210 453 1543 523 sequentes,
1568 465 1715 521 quas
1732 447 2037 504 deficiente
2058 443 2260 499 ordine
2282 441 2522 509 codicis,
2534 442 2703 512 juxta
2722 437 2996 494 editionis
3018 438 3229 492 nostrze
3255 434 3462 491 seriem
3494 432 3787 508 allegemus
3818 455 3831 493 :

469 547 512 616 Ι,
535 541 845 616 Campanis
866 523 1038 614 epist.
1065 540 1097 595 4
1126 557 1139 609 ;
1167 539 1236 609 ΙΙ,
1264 537 1424 595 Italis
1443 537 1613 609 epist.
1639 538 1712 605 7;
1740 535 1840 601 III,
1862 532 2293 588 Viennensibus
2315 530 2484 602 epist.
2533 530 2635 596 10;
2679 527 2770 596 IV,
2814 525 3122 616 Anastasio
3163 524 3347 616 epist.
3374 525 3467 591 14;
3504 523 3569 616 V,
3601 524 3833 616 'Ijurribio

467 612 636 707 epist.
662 612 730 688 15
753 648 767 700 ;
788 612 1167 698 VI,I"laviani
1190 629 1265 684 ad
1288 628 1539 683 Leonem
1561 624 1730 699 epist.
1753 626 1862 692 22;
1890 622 2016 690 VII,
2041 620 2310 676 Flaviano
2329 620 2501 691 epist.
2548 618 2656 686 28;
2697 613 3221 707 VIIIL'I‘heodosio
3260 612 3561 707 epist._29;
3602 612 3687 678 IX,
3726 614 3837 670 Pul-

463 700 671 779 cherize
692 719 866 794 epist.
893 717 953 775 31
986 735 1001 788 ;
1025 717 1094 784 X,
1116 716 1352 775 Juliano
1375 716 1545 788 epist.
1568 716 1639 771 35
1663 732 1676 783 ;
1697 714 1788 780 XI,
1810 708 2476 781 Constantinopolitanis
2499 707 2669 779 epist.
2695 706 2764 760 59
2792 726 2806 776 ;
2829 704 2947 794 XII,
2964 702 3256 794 Rayennio
3275 707 3331 758 et
3354 700 3531 794 gallis
3549 703 3707 794 epist.
3731 705 3839 771 103;

464 811 611 881 XIII,
632 792 898 867 Jusenali
924 807 1096 880 epist.
1123 806 1229 862 139
1251 824 1265 874 ;
1287 804 1431 875 XIV,
1454 803 1628 860 Leoni
1654 804 1915 874 Augusto
1939 799 2109 872 epist.
2142 800 2264 853 165.
2288 794 2637 864 Quesnellus
2664 798 2799 850 nota
2819 793 3012 867 prima
3042 792 3101 848 in
3145 792 3429 881 epist.AX,
3469 792 3537 847 ad
3574 793 3843 866 episcopos

472 879 800 974 prouincite,
817 879 1170 953 Viennensis
1190 895 1538 950 Thuaneum
1567 891 1826 947 codicem
1848 889 2085 961 allegat,
2110 887 2215 960 qui
2236 886 2415 957 hujus
2440 883 2799 941 collectionis
2818 900 2945 940 esse
2965 882 3211 937 videtur.
3237 886 3316 936 De
3333 879 3440 937 hoc
3461 881 3612 937 enim
3647 883 3844 954 inquit;

475 970 588 1062 Qui
626 986 958 1044 Corbeienst
992 986 1078 1042 ita
1105 983 1321 1041 similis
1334 990 1603 1051 est,utca:
1631 997 1697 1037 eo
1727 979 2146 1048 transcriptum
2158 992 2290 1032 eum
2303 976 2657 1031 existimem.
2677 973 3024 1029 Thuaneum
3047 971 3305 1044 primum
3327 970 3387 1025 in
3408 970 3849 1043 postillisetnotis

479 1059 775 1152 appellare
806 1074 980 1145 solet,
1001 1079 1058 1131 et
1078 1092 1196 1131 una
1225 1090 1359 1130 cum
1381 1070 1715 1128 Corbeiensi
1750 1067 2069 1124 identidem
2090 1066 2249 1133 citat,
2274 1064 2429 1136 quod
2445 1062 2668 1120 similes
2690 1061 2966 1118 lectiones
2988 1059 3219 1131 utrique
3241 1060 3570 1132 praeferant.

1707 1189 1731 1245 §
1757 1184 1840 1235 IV.
1874 1184 1944 1233 De
1973 1196 2102 1232 mss.
2131 1181 2303 1231 tertia;
2333 1178 2685 1230 collectionis.

546 1282 601 1339 9.
620 1280 813 1339 Tertio
832 1278 960 1336 loco
981 1278 1156 1335 aliam
1173 1278 1456 1351 ignotam,
1481 1273 2013 1332 atvetustissimam
2033 1275 2091 1328 et
2106 1274 2477 1344 praestantem
2492 1267 2890 1325 collectionem
2916 1265 3212 1339 ponimus,
3237 1281 3371 1337 quas
3388 1265 3640 1322 exstatin
3660 1268 3853 1326 duobus

480 1369 847 1445 perantiquis
876 1366 1176 1423 codicibus
1196 1366 1511 1423 Barberino
1541 1366 1682 1420 2888
1697 1368 1755 1420 et
1774 1363 2058 1419 Vaticano
2094 1362 2254 1417 1342.
2282 1360 2392 1415 Sex
2415 1362 2471 1415 et
2493 1359 2694 1414 decem
2709 1355 2933 1445 Leonis
2961 1354 3238 1445 epistolas
3265 1354 3669 1445 complectitur
3687 1358 3853 1414 ordine

479 1439 778 1532 sequenti:
805 1460 849 1521 Ι,
872 1455 1178 1512 Anastasio
1200 1454 1585 1527 epist.1li;II,
1612 1451 1847 1509 Rustico
1874 1449 2048 1524 epist.
2084 1450 2186 1504 167
2212 1453 2345 1517 ;III,
2397 1447 2612 1503 Siculis
2655 1439 2826 1518 epist,
2878 1446 2979 1515 16;
3002 1444 3092 1514 ιν,
3128 1442 3490 1516 Aquileiensi
3529 1446 3764 1518 epist.1;
3798 1448 3852 1513 V,

478 1547 699 1605 Mauris
718 1543 1369 1619 epist.12;VI,Nicetze
1392 1542 1562 1615 epist.
1595 1539 2177 1609 159;VII,Dioscoro
2196 1537 2460 1609 epist.9;
2497 1536 2644 1600 VIII,
2688 1532 2957 1591 Juvenali
3001 1533 3171 1606 epist.
3222 1534 3369 1602 139;
3427 1532 3514 1600 IX,
3563 1534 3720 1591 Leoni
3761 1538 3852 1591 Au-

478 1642 651 1710 gusto
668 1634 838 1708 epist.
870 1635 1005 1701 1115;
1034 1632 1101 1698 X,
1125 1633 1374 1689 Maximo
1398 1632 1570 1704 epist.
1596 1632 1698 1687 119
1722 1649 1735 1699 ;
1760 1630 1851 1698 XI,
1878 1628 2153 1685 Flaviano
2194 1627 2347 1699 epist
2375 1626 2483 1693 23;
2534 1628 2659 1690 XII,
2700 1622 2951 1679 Flaviani
2992 1623 3064 1678 ad
3104 1622 3359 1679 Leonem
3400 1622 3569 1695 epist.
3606 1626 3704 1690 22;
3732 1623 3852 1689 XIII,

477 1724 783 1799 Eutycheti
803 1721 974 1795 epist.
997 1720 1274 1789 20;XIV,
1298 1719 1578 1777 Flaviano
1601 1720 1773 1793 epist.
1797 1720 1867 1774 28
1892 1736 1905 1785 ;
1929 1718 2046 1784 XV,
2082 1717 2255 1772 Leoni
2280 1718 2539 1788 Augusto
2583 1714 2754 1787 epist.
2803 1713 2947 1781 165;
2985 1712 3122 1779 XVI,
3172 1710 3445 1768 Anatolio
3492 1711 3852 1768 Constantino-

480 1814 741 1888 politano
764 1810 933 1884 epist.
958 1809 1047 1864 80.

1643 1910 1667 1965 §
1690 1906 1826 1955 \'.De
1852 1903 2125 1954 codicibus
2154 1902 2479 1953 collectionis
2516 1906 2739 1966 quartas.

557 2018 646 2074 10.
670 2016 886 2082 Quarta
906 2012 1165 2071 collectio
1187 2016 1275 2069 est
1294 2011 1354 2069 in
1379 2013 1619 2085 antiquo
1644 2012 1840 2068 codice
1854 2011 2092 2085 capituli
2108 2010 2406 2079 Lucensis,
2422 2011 2592 2082 cujus
2614 2007 3063 2081 descriptionem
3088 2007 3594 2064 accuratissimam
3615 2009 3850 2065 debemus

490 2108 550 2164 P.
571 2105 787 2165 Joanni
811 2103 1113 2161 Dominico
1137 2103 1325 2160 Mansi
1348 2103 1405 2157 in
1429 2102 1713 2175 opusculo
1735 2103 1803 2159 de
1826 2102 2453 2159 celebricodicesazculo
2478 2100 2670 2175 Caroli
2692 2099 3135 2171 Magniscrz'plo,
3157 2099 3318 2169 quod
3333 2098 3551 2154 editum
3575 2097 3717 2172 leges
3736 2103 3847 2154 tom.

487 2196 627 2253 XLV
648 2191 1082 2268 Opusculorum
1104 2194 1165 2249 P.
1189 2192 1488 2265 Calogera.
1517 2193 1728 2249 Eadem
1753 2191 2012 2249 collectio
2032 2196 2223 2249 exstat
2243 2206 2475 2263 quoque
2498 2190 2554 2245 in
2581 2206 2691 2245 ms.
2735 2189 2930 2245 codice
2971 2187 3107 2243 olim
3148 2187 3483 2244 Colbertino
3521 2188 3640 2255 784,
3677 2188 3763 2261 qui
3795 2188 3848 2242 ab

485 2283 777 2343 Antelmio
798 2286 854 2340 et
876 2282 1050 2355 Pagio
1071 2281 1322 2338 maxime
1342 2281 1808 2348 commendatur,
1833 2298 1936 2337 nec
1962 2298 2072 2336 non
2094 2299 2129 2337 a
2148 2281 2210 2337 P.
2245 2280 2604 2345 Constantio,
2628 2277 2728 2351 qui
2754 2278 2903 2333 hanc
2938 2276 3341 2334 collectionem
3367 2276 3619 2334 Italicam
3641 2276 3851 2351 agnovit,

485 2374 794 2445 fusiusque
814 2370 1089 2428 describit
1106 2370 1167 2426 in
1189 2369 1405 2443 saepius
1425 2370 1664 2426 laudata
1694 2371 1915 2443 praefat.
1939 2388 1999 2425 n.
2022 2372 2112 2425 89.
2137 2372 2397 2436 Quatuor
2417 2372 2645 2424 tantum
2670 2368 2876 2423 Leonis
2893 2364 3171 2439 epistolas
3192 2367 3467 2440 praebuit,
3509 2384 3738 2440 quarum
3773 2383 3851 2421 va-

488 2465 709 2521 riantes
730 2478 799 2519 ex
818 2458 1066 2517 Lucensi
1087 2458 1283 2516 codice
1305 2463 1667 2515 memoratus
1686 2460 1747 2516 P.
1773 2459 1959 2515 Mansi
1985 2460 2055 2514 ad
2080 2475 2187 2515 nos
2216 2457 2655 2532 perhumaniter
2674 2456 2854 2512 misit.
2879 2453 3147 2528 Epistolze
3171 2460 3374 2512 autem
3412 2456 3523 2512 hoc
3564 2456 3746 2512 ordine
3776 2454 3852 2510 de-

487 2551 866 2610 scribuntur:
892 2552 935 2617 I,
959 2546 1197 2603 Rustico
1218 2545 1386 2619 epist.
1413 2549 1516 2603 167
1541 2564 1552 2601 :
1580 2547 1647 2614 II,
1671 2547 1887 2603 Mauris
1909 2547 2080 2620 epist.
2107 2548 2212 2616 12;
2243 2548 2346 2614 III,
2368 2542 2723 2618 Aquileiensi
2744 2544 2915 2617 epist.
2941 2545 2967 2598 1
2996 2562 3010 2613 ;
3036 2542 3128 2613 1V,
3153 2544 3423 2617 Septimo
3443 2544 3606 2617 epist.
3626 2548 3676 2600 2.

1208 2662 1240 2726 §
1267 2663 1350 2715 VI.
1381 2663 1454 2711 De
1482 2662 1792 2713 collectione
1823 2664 2033 2727 quinta,
2069 2661 2463 2724 Quesnelliana,
2496 2660 2841 2725 ejusdemque
2874 2658 3165 2710 codicibus.

559 2759 643 2813 11.
666 2752 940 2819 Quintam
963 2750 1369 2808 collectionem
1396 2749 1868 2816 Quesnellianam
1887 2768 2165 2807 vocamus
2185 2768 2205 2813 ;
2228 2755 2319 2807 est
2338 2750 2495 2806 enim
2516 2749 2617 2805 illa
2637 2766 2815 2822 quam
2837 2746 3182 2814 Quesnellus
3221 2750 3410 2806 edidit
3445 2767 3575 2807 cum
3611 2748 3758 2805 titulo
3789 2749 3844 2803 ab

481 2846 686 2902 eodem
708 2857 1013 2917 perperam
1036 2840 1267 2914 praeﬁxo
1292 2858 1305 2895 :
1330 2841 1521 2898 Codex
1535 2849 1891 2897 canonumet
1917 2842 2396 2897 constitutionum
2416 2839 2683 2896 Ecclesia:
2698 2843 2988 2894 Romanae.
3012 2838 3171 2893 Hanc
3193 2838 3591 2896 collectionem
3610 2838 3849 2894 claudunt

483 2932 692 2992 Leonis
720 2930 976 3005 epistolae
1008 2931 1137 2986 duae
1159 2946 1337 3002 supra
1358 2929 1599 3002 triginta
1619 2929 1727 2985 hoc
1748 2928 1950 2985 ordine
1976 2948 1988 2985 :
2014 2929 2056 2985 Ι.
2082 2930 2255 2984 Leoni
2281 2934 2543 3002 Augusto
2566 2928 2736 3001 epist.
2764 2932 2974 2982 nostras
3016 2926 3295 2984 editionis
3342 2929 3449 2985 165
3472 2946 3484 2997 ;
3525 2932 3595 2999 II,
3631 2924 3852 2984 Juvenali

484 3020 1008 3095 Hierosolymitano
1028 3018 1197 3092 epist.
1224 3019 1326 3075 139
1353 3036 1366 3087 ;
1391 3018 1467 3074 IlI
1494 3017 1762 3075 Flaviano
1784 3017 2431 3091 Constantinopolitano
2453 3018 2622 3090 epist.
2646 3020 2716 3074 28
2740 3035 2752 3085 ;
2786 3016 2878 3084 IV,
2905 3015 3206 3072 Theodoro
3229 3016 3401 3087 Foroj
3412 3016 3609 3074 uliensi
3631 3017 3684 3072 in
3704 3014 3849 3071 Gallia

490 3113 763 3187 episcopo
784 3109 954 3183 epist.
981 3109 1083 3164 108
1105 3125 1119 3176 ;
1142 3107 1211 3177 V,
1234 3107 1456 3162 Turbio
1479 3107 1607 3179 (sic)
1630 3107 1687 3163 id
1709 3112 1798 3164 est
1814 3107 2084 3163 Turribio
2106 3107 2464 3164 Asturicensi
2505 3107 2674 3180 epist.
2702 3107 2769 3161 16
2795 3124 2807 3173 ;
2831 3105 2924 3171 VI,
2948 3104 3182 3161 Rustico
3204 3105 3548 3163 Narbonens
3568 3105 3718 3178 epist.
3739 3104 3818 3159 167
3837 3119 3848 3168 ;

489 3202 617 3268 VII,
637 3197 943 3256 Anastasio
965 3194 1469 3252 Thessalonicensi
1490 3195 1656 3267 epist.
1684 3198 1767 3251 1-1:
1792 3196 1942 3263 VIII,
1958 3197 2172 3253 Nicetas
2192 3196 2545 3268 Aquileiensi
2568 3196 2737 3268 epist.
2764 3196 2894 3263 159;
2923 3194 3013 3260 IX,
3035 3194 3324 3251 Januario
3345 3194 3687 3268 Aquileiensi
3712 3191 3847 3265 epist.

492 3292 563 3349 18
589 3309 603 3360 ;
627 3289 691 3358 Χ,
714 3285 1002 3361 episcopis
1023 3284 1567 3358 Campaniw,Piceni
1591 3290 1647 3341 et
1664 3286 1885 3342 Tuscim
1906 3286 2075 3358 epist.
2100 3287 2133 3341 4
2158 3304 2171 3353 ;
2193 3286 2285 3354 XI,
2310 3285 2598 3357 episcopis
2621 3283 2798 3339 Italiae
2837 3282 3005 3355 epist.
3046 3285 3081 3336 7
3104 3301 3116 3351 ;
3159 3283 3279 3351 XII,
3338 3284 3621 3357 episcopis
3656 3279 3847 3338 Siculis.

495 3380 668 3453 epist.
694 3378 797 3445 16;
821 3376 970 3440 XIII,
992 3373 1307 3430 Pulcheriie
1327 3375 1601 3446 Augusta:
1622 3374 1792 3445 epist.
1815 3375 1875 3431 3|
1908 3392 1922 3443 ;
1961 3375 2107 3441 XIV,
2150 3372 2808 3446 Constantinopolitanis
2845 3372 3014 3445 epist.
3054 3373 3123 3427 59
3151 3389 3165 3439 ;
3209 3372 3334 3442 XV,
3376 3372 3683 3429 Palaestinis
3711 3368 3845 3441 epist.

494 3470 597 3526 124
621 3484 635 3536 ;
658 3465 802 3534 XVI,
822 3462 1469 3537 Aquileiensiepiscopo
1491 3463 1661 3535 epist.
1694 3467 1711 3517 I
1745 3481 1758 3532 ;
1781 3463 1951 3529 XVII,
1971 3464 2229 3536 Septimo
2250 3462 2534 3518 Altinensi
2553 3462 2826 3534 episcopo
2858 3461 3027 3533 epist.
3052 3464 3086 3514 2
3110 3479 3122 3529 ;
3148 3461 3353 3529 XVIII,
3409 3460 3681 3535 episcopis
3712 3458 3843 3513 Mau-

493 3555 719 3614 ritanite
748 3554 922 3627 epist.
939 3554 1006 3609 12
1029 3571 1041 3622 ;
1066 3552 1211 3607 XIX.
1244 3552 1464 3625 synodo
1486 3550 1786 3623 Ephesinze
1809 3552 1978 3624 epist.
2001 3552 2070 3606 33
2100 3553 2255 3620 :XX,
2280 3551 2604 3608 Theodosio
2625 3552 2887 3622 Augusto
2909 3549 3079 3622 epist.
3118 3551 3187 3604 44
3213 3567 3225 3617 ;
3250 3551 3392 3619 XXI,
3435 3547 3724 3605 Pulcherize
3756 3546 3845 3599 Au-

491 3650 679 3720 gusta;
698 3643 869 3717 epist.
892 3643 993 3710 115;
1017 3641 1180 3706 XXII,
1201 3641 1433 3696 Juliano
1456 3640 1659 3695 Coensi
1683 3640 1952 3711 episcOpo
1975 3639 2126 3712 epist
2145 3641 2254 3709 25;
2286 3640 2484 3707 XXIII,
2504 3638 2827 3695 Theodosio
2865 3639 3127 3711 Augusto
3181 3639 3338 3712 epist
3377 3642 3446 3696 29
3472 3659 3484 3705 ;
3522 3635 3696 3700 XXIV,
3731 3632 3846 3690 Mar-

490 3734 939 3803 cianoAugusto
960 3729 1131 3800 epist.
1176 3729 1315 3795 1Ο4;
1356 3726 1517 3792 XXV,
1559 3725 1823 3781 Anatolio
1866 3727 2503 3800 Constantinopolitano
2546 3727 2718 3800 epist.
2764 3728 2899 3794 106;
2951 3727 3140 3794 XXVI,
3183 3730 3409 3800 synodo
3449 3725 3844 3791 Chalcedonensi

489 3816 1063 3895 epist.114;XXVII,
1086 3814 1353 3870 Anatolio
1390 3812 2035 3885 Constantinopolitano
2070 3816 2241 3889 epist.
2296 3818 2433 3884 Ias;
2476 3816 2723 3882 XXVIII,
2768 3816 2941 3871 Leoni
2972 3819 3235 3888 Augusto
3289 3818 3467 3890 epist.
3520 3817 3652 3880 162;
3689 3805 3843 3875 XXIX,

485 3907 752 3966 Anatolio
773 3906 942 3977 epist.
974 3902 1501 3970 163;XXX,eidcm
1529 3902 1697 3973 epist.
1736 3902 1876 3969 135;
1926 3904 2105 3959 XXXI
2145 3906 2364 3977 synodo
2405 3905 2859 3961 Chalcedonensi
2904 3903 3073 3977 epist.
3113 3910 3218 3971 93;
3262 3906 3482 3974 ΧΧΧιΙ,
3520 3905 3656 3960 Doro
3702 3899 3838 3955 Bene-

483 3999 731 4052 ventano
760 3993 929 4065 epist.
960 3993 1043 4046 19.
1072 3994 1190 4046 Has
1220 3991 1553 4063 prmcedunt
1573 3990 1629 4044 in
1655 3989 1924 4063 pluribus
1948 3992 2248 4049 codicibus
2286 3998 2405 4049 tres
2425 3993 2546 4049 alia:
2589 3993 2835 4049 aliorum
2883 3986 3139 4066 epistolas
3178 3995 3248 4048 ad
3278 3995 3547 4057 Leonem,
3585 4005 3696 4062 qua:
3724 3986 3841 4040 inter

484 4082 772 4141 Leoninas
792 4081 1038 4136 edentur
1059 4097 1073 4148 ;
1097 4080 1139 4146 Ι,
1162 4078 1397 4135 Eusebii
1430 4085 1483 4134 et
1508 4080 1711 4149 synodi
1733 4079 2255 4137 Mediolanensisin
2280 4086 2477 4137 nostra
2500 4081 2754 4137 editione
2783 4082 2953 4153 epist.
3000 4084 3067 4137 97
3093 4099 3107 4148 ;
3162 4086 3212 4136 II
3256 4082 3491 4139 Ravenii
3530 4079 3839 4143 aliorumque

484 4173 888 4245 episcoporum
909 4167 1106 4226 Gallia:
1126 4167 1297 4240 epist.
1318 4168 1426 4236 99;
1449 4168 1541 4235 III,
1566 4169 1802 4225 tandem
1826 4169 2053 4237 Ceretii,
2076 4171 2313 4237 Salonii,
2337 4175 2393 4227 et
2416 4171 2623 4227 Verani
2645 4171 3048 4242 eriscoporum
3081 4171 3379 4229 Gallorum
3401 4171 3564 4244 epist.
3585 4182 3595 4209 θ
3615 4166 3665 4220 8.

412 4314 422 4324 ,
560 4261 648 4316 12.
672 4258 908 4331 Aliquot
928 4259 1107 4331 hujus
1120 4256 1477 4314 collectionis
1495 4258 1723 4314 codices
1738 4258 1902 4315 valde
1923 4264 2269 4331 priestantes
2286 4259 2429 4317 satis
2448 4260 2677 4332 cognoti
2694 4259 2750 4314 in
2775 4260 3088 4316 Gallicanis
3110 4260 3477 4318 bibliothecis
3497 4251 3833 4314 inveniuntur.

489 4348 838 4414 Quesnellus
868 4348 1002 4405 licet
1027 4348 1085 4403 in
1108 4348 1333 4404 edenda
1354 4347 1462 4403 hac
1494 4345 1831 4404 collectione
1853 4365 1997 4405 usus
2018 4350 2091 4404 sit
2113 4367 2222 4405 ms.
2242 4349 2576 4415 Oxoniensi,
2614 4347 2798 4405 multo
2817 4349 3117 4404 recentiori
3142 4353 3198 4405 et
3216 4368 3333 4406 non
3356 4363 3556 4423 parum
3585 4338 3832 4399 mendoso,

483 4438 544 4493 in
565 4437 948 4495 emendandis
969 4442 1162 4495 tamen
1181 4435 1448 4493 Leoninis
1462 4435 1723 4508 epistolis
1736 4437 2109 4509 potissimum
2124 4438 2393 4494 adhibuit
2408 4438 2552 4494 alios
2565 4440 2713 4494 duos
2726 4437 2988 4510 insignes
3010 4439 3059 4509 ej
3070 4439 3275 4494 usdcm
3296 4433 3637 4495 collectionis
3653 4424 3833 4510 codices

481 4525 811 4583 Gallicanos
838 4525 1116 4582 nimirum
1137 4526 1481 4582 Thuaneum
1504 4529 1705 4597 postea
1728 4508 2129 4583 Colbertinum
2151 4530 2276 4596 932,
2302 4528 2400 4600 qui
2427 4527 2744 4583 novissime
2772 4527 2831 4582 in
2851 4508 3283 4583 bibliothecam
3325 4527 3557 4600 Regiam
3594 4508 3832 4600 transilit.

480 4619 538 4670 et
552 4614 1119 4687 Trecopithaeanum,
1142 4615 1239 4686 qui
1266 4616 1324 4671 in
1348 4614 1620 4671 Trecensi
1645 4614 1995 4671 bibliotheca
2006 4616 2114 4672 PP.
2129 4598 2373 4672 Oratorii
2388 4616 2734 4672 custoditur.
2752 4616 2894 4671 Hinc
2913 4633 2980 4671 ex
2996 4616 3287 4681 Quesnelli
3303 4598 3831 4691 notationibushlljlfs

481 4702 841 4759 collectionis
863 4702 1139 4759 lectiones
1160 4702 1349 4777 colligi
1376 4704 1520 4759 satis
1551 4707 1675 4758 tute
1698 4702 2050 4775 potuissent.
2083 4703 2153 4759 Ut
2188 4708 2383 4760 autem
2429 4722 2497 4760 ex
2532 4721 2676 4761 novo
2720 4704 2915 4777 aliquo
2959 4709 3015 4761 et
3049 4704 3265 4778 insigni
3309 4705 3485 4778 hujus
3530 4689 3831 4778 collectionis

477 4791 877 4862 manuscripto
898 4791 1118 4863 aliquid
1143 4776 1499 4863 praecipuum
1531 4791 1667 4846 huic
1698 4791 1936 4846 editioni
1962 4794 2418 4860 accederet,cum
2450 4793 2679 4849 nullum
2701 4776 2999 4865 exemplar
3019 4776 3213 4849 Remis
3255 4800 3356 4851 aut
3379 4776 3512 4850 alibi
3535 4789 3585 4843 in
3608 4776 3750 4838 Italia
3766 4786 3830 4827 re-

478 4878 672 4952 perire
693 4879 941 4948 licuerit,
968 4880 1025 4935 in
1045 4880 1417 4936 Germaniam
1438 4879 1800 4952 diligentiam
1843 4883 2270 4953 protendentes,
2310 4883 2641 4937 invenimus
2683 4864 3152 4939 vetustissimum
3194 4884 3487 4957 exemplar
3521 4864 3826 4933 bibliotheca?

476 4969 746 5025 Caesareae
763 4968 1229 5024 Vindebonensis
1251 4969 1338 5035 39,
1363 4969 1605 5039 ejusque
1628 4968 2139 5040 diligentissimam
2172 4970 2542 5027 collationem
2577 4970 2798 5042 aliquot
2821 4971 2964 5026 locis
2983 4972 3367 5028 emendandis
3380 4969 3573 5026 utilem
3596 4962 3826 5034 ρποοιιτδ·

473 5058 589 5112 vim
600 5057 858 5113 us.Alius
876 5056 1038 5127 eiusd
1050 5073 1140 5111 em
1162 5059 1429 5111 Caesareae
1449 5054 1810 5111 bibliothecae
1824 5058 2003 5113 codex
2022 5059 2428 5130 antiquus,sed
2448 5059 2789 5131 przecedenti
2809 5059 3113 5131 aliquanto
3126 5054 3678 5128 recentior,signatus
3693 5048 3822 5131 nun}:

473 5147 563 5212 42,
578 5147 730 5203 hanc
747 5122 1013 5203 eamdem
1027 5144 1424 5200 collectionem
1450 5143 1745 5199 nonnullis
1770 5144 2006 5201 insertis
2026 5122 2697 5204 additamentisexhibet
2727 5162 2740 5201 :
2767 5122 2986 5203 nam-in
3012 5149 3199 5205 Leone
3222 5149 3366 5206 alias
3387 5122 3641 5221 epistolas
3658 5122 3823 5200 vigillli

478 5234 787 5289 addititias
811 5231 1024 5304 recepit
1046 5248 1113 5286 ex
1144 5231 1481 5288 collectione
1505 5230 1836 5303 Ilispanica,
1879 5250 1982 5289 seu
2024 5235 2367 5308 Isidoriana,
2404 5235 2475 5291 de
2520 5237 2736 5307 quibus
2773 5241 2976 5307 postea
3015 5254 3177 5293 num.
3219 5239 3285 5294 17
3326 5244 3380 5294 et
3413 5235 3471 5291 21
3513 5228 3613 5285 erit
3649 5222 3819 5308 ξβτωξ·

473 5321 818 5379 Thuaneum
852 5337 1084 5395 quoque
1114 5320 1373 5377 codicem
1396 5318 1615 5391 aliquot
1632 5318 2032 5377 additamenta
2053 5294 2369 5397 recepissei
2377 5342 2479 5397 pse
2499 5294 2844 5389 Q‘ucsnellhs
2870 5324 2929 5379 in
2948 5325 3283 5397 przefatione
3304 5317 3547 5400 generali
3578 5294 3819 5366 indicavit,

467 5407 729 5480 inquam
764 5412 964 5467 confer
998 5413 1260 5467 nostram
1289 5413 1487 5465 annot.
1511 5412 1561 5464 9.
1596 5407 1732 5481 (Col.
1758 5411 1846 5478 41,
1879 5426 1936 5465 n.
1972 5412 2051 5484 a.)
3705 5477 3716 5484 ,
3784 5467 3793 5480 .

540 5477 627 5558 18.
651 5499 979 5578 Antequam
1002 5500 1073 5559 ad
1094 5499 1209 5559 alia
1235 5477 2247 5576 progredimur,animadvertcndum
2273 5502 2365 5560 hic
2390 5506 2477 5561 est
2496 5506 2749 5577 quatuor
2778 5518 2847 5558 ex
2878 5503 3217 5562 memoratis
3240 5503 3493 5583 quinque
3524 5477 3820 5552 collectioni?
