4096 6164
260 275 263 278 ⁴
289 297 371 357 551
1032 256 1448 360 ΡῆιΕρΑτιό
1494 295 1571 358 IN
1620 295 1877 359 EPISTC

2020 296 2048 357 ς
2095 296 2161 358 s.
2207 293 2487 359 LEONIS
2532 294 2808 359 MAGNI.
3505 248 3637 363 558-

290 429 496 501 bus,quze
515 427 833 501 praeferunt
864 429 1073 486 Leonis
1104 428 1414 503 epistolam
1447 430 1549 485 167
1580 430 1650 485 ad
1672 429 2145 496 Rusticum,eam
2159 427 2486 486 describere
2502 444 2637 484 cum
2660 428 3148 501 Inquisitionibus
3169 431 3356 504 ipsius
3380 433 3627 502 Rustici,

288 537 379 593 qua
401 519 456 576 ad
482 517 656 591 probe
686 516 1098 592 intelligendas
1129 520 1186 575 S.
1209 520 1504 592 pontiﬁcis
1536 519 1948 591 responsiones
1979 518 2319 576 necessariae
2353 522 2511 575 sunt.
2546 518 2691 574 Hinc
2718 522 2913 575 autem
2943 519 3004 575 in
3034 520 3347 578 editionem
3368 526 3632 581 nostram

284 610 349 666 his
368 607 698 665 collectiones
728 613 1052 665 noscuntur
1084 610 1452 682 praeferendas
1474 609 1799 666 collectioni
1816 609 2097 683 Dionysii,
2112 608 2216 682 qui
2248 625 2382 664 cum
2402 625 2471 664 ex
2500 626 2608 664 sua
2630 608 2902 664 methodo
2925 609 3411 680 Inquisitionibus
3428 611 3634 670 titulos

285 697 610 776 supposuerit,
624 713 755 754 eam
777 697 1086 770 epistolam
1109 714 1213 755 nee
1235 698 1476 755 omnino
1489 698 1777 771 integram
1801 714 1905 754 nec
1923 698 2100 754 talem
2118 696 2502 770 ediditqualis
2518 698 2751 753 aLeone
2765 713 2901 752 cum
2917 697 3402 770 Inquisitionibus
3415 702 3637 776 scripta

283 773 496 844 fuitilinc
520 786 699 843 etiam
721 786 1097 860 agnoscimus
1126 787 1337 844 harum
1364 786 1775 844 collectionum
1807 787 2091 859 originem
2121 804 2156 844 a
2175 786 2452 859 Dyonisio
2483 786 2601 860 peti
2627 802 2742 843 non
2777 788 3078 859 posse,sed
3110 788 3182 844 ab
3201 773 3635 863 exemplaribus

282 875 657 949 antiquioribus
689 879 864 948 atque
891 876 1157 932 sinceris.
3454 908 3459 911 -
3499 877 3505 882 ’

674 1028 679 1033 ι
790 1046 797 1049 ,
857 995 881 1053 §
913 994 1024 1043 VII.
1054 994 1127 1043 De
1160 993 1471 1044 collectione
1503 996 1655 1043 sexta
1682 993 1920 1056 Dionysii
1949 991 2157 1056 Exigui,
2181 993 2233 1041 et
2260 990 2325 1041 de
2366 990 2674 1042 collectione
2703 991 2991 1042 Cresconii.

331 1099 396 1155 14.
414 1098 571 1155 Sexta
600 1097 861 1154 collectio
891 1104 978 1153 est
1010 1099 1383 1171 Dionysiana.
1419 1100 1481 1155 In
1513 1099 1623 1155 hac
1647 1098 1753 1163 (uti
1784 1116 1818 1156 a
1847 1098 2121 1172 Dionysio
2152 1099 2372 1171 Exiguo
2402 1098 2510 1154 sub
2543 1098 2865 1154 Hormisdaa
2888 1084 3154 1172 tempora
3175 1099 3486 1158 lucubrata
3501 1103 3631 1177 fuit)

276 1191 447 1260 septem
466 1190 695 1243 tantum
720 1186 929 1242 Leonis
947 1187 1203 1259 epistolae
1228 1193 1622 1255 recensentur,
1656 1188 1935 1243 nimirum
1972 1204 1984 1243 :
2022 1186 2063 1253 Ι,
2098 1186 2408 1259 Campanis
2439 1185 2688 1258 epistola
2717 1191 2928 1242 nostrae
2969 1188 3245 1245 editionis
3273 1191 3305 1244 4
3333 1190 3436 1258 :II,
3472 1191 3635 1249 Italis

270 1275 466 1350 epistola
488 1278 525 1330 7
549 1294 563 1343 ;
585 1276 681 1341 ΙΙΙ,
707 1275 919 1331 Siculis
940 1277 1110 1348 epist.
1138 1278 1241 1344 16;
1267 1278 1359 1343 IV,
1385 1276 1665 1333 Januario
1696 1276 2050 1349 Aquileiensi
2084 1276 2252 1348 epist.
2278 1276 2345 1331 l8
2372 1294 2383 1341 ;
2412 1276 2481 1339 V,
2503 1276 2746 1332 Rustico
2766 1275 3129 1334 Narbonensi
3160 1278 3332 1351 epist.
3374 1281 3504 1349 167;
3535 1280 3633 1351 VI,

263 1365 523 1421 Anastasio
540 1363 1049 1421 Thessalonicensi
1076 1366 1245 1437 epist.
1265 1365 1332 1421 14
1356 1384 1368 1433 ;
1388 1365 1509 1433 VII,
1536 1365 1745 1420 Nicetze
1774 1364 2126 1436 Aquileiensi
2159 1364 2330 1437 epist.
2380 1365 2500 1419 159.
2525 1363 2652 1420 Alia
2684 1364 2892 1421 Leonis
2933 1364 3178 1438 epistola
3225 1368 3297 1422 ad
3330 1368 3634 1442 episcopos

260 1455 602 1526 Mauros,que
634 1453 696 1510 in
728 1452 981 1527 vulgatis
1011 1454 1268 1526 Dionysii
1301 1454 1534 1527 legitur,
1568 1448 1993 1527 posterioribus
2026 1453 2450 1509 additamentis
2481 1454 2793 1509 tribuenda
2822 1459 3006 1525 est,ut
3027 1454 3267 1512 suolcco
3282 1457 3632 1516 videbimus.

255 1541 771 1615 Hujuscollectionis
792 1558 934 1599 mss.
951 1541 1085 1597 libri
1108 1541 1210 1615 qui
1234 1542 1650 1598 additamentis
1671 1542 1909 1598 insertis
1922 1545 2177 1607 careant,
2195 1542 2337 1597 adeo
2361 1540 2474 1597 rari
2498 1545 2737 1610 sunt,ut
2762 1542 2876 1598 duo
2898 1547 3129 1599 tantum
3151 1543 3434 1601 hactenus
3452 1547 3638 1602 nomi-

254 1631 787 1705 nentur,Vaticanus
817 1635 877 1687 et
908 1631 1125 1704 Regius
1154 1631 1695 1688 Parisiensianter
1724 1632 1832 1687 hos
1858 1631 2113 1687 maxime
2145 1632 2593 1687 commendatur
2613 1631 2933 1688 Vaticanus
2953 1634 3115 1701 5845,
3130 1649 3306 1705 quem
3329 1633 3639 1709 diligenter

254 1719 597 1777 contulimus.

309 1812 384 1866 15.
408 1815 542 1866 Cum
566 1825 702 1865 vero
728 1826 887 1882 purae
910 1808 1276 1882 Dionysianas
1308 1808 1729 1881 manuscriptis
1751 1826 1896 1865 usus
1919 1808 1996 1864 sit
2015 1807 2360 1865 Cresconius
2380 1808 2708 1880 Africanus,
2733 1809 2832 1883 qui
2863 1813 3047 1866 totam
3069 1809 3329 1884 Dionysii
3352 1811 3636 1873 collectio-

88 1890 91 1951 l
241 1915 357 1955 nem
374 1898 429 1954 in
448 1902 633 1954 certos
650 1897 852 1954 titulos
872 1897 1250 1954 distributam
1273 1915 1379 1954 suo
1393 1897 1551 1971 operi
1576 1897 2077 1967 inseruit,codices
2099 1897 2469 1955 Cresconiani
2483 1916 2585 1971 pro
2599 1899 2763 1972 puris
2775 1899 3147 1972 Dionysianis
3171 1900 3373 1957 haberi
3387 1909 3631 1975 queunt.

246 1988 423 2044 Plures
451 1987 643 2043 Romae
672 1986 931 2042 vidimus
962 1985 1248 2042 Vallicell.
1280 1986 1482 2054 XVIII,
1514 1987 1646 2044 Vat.
1673 1987 1830 2054 1347,
1854 1987 1986 2043 Vat.
2015 1987 2247 2059 Regina:
2288 1987 2416 2055 849,
2439 1987 2570 2044 Vat.
2611 1987 2795 2045 Palat.
2821 1989 2947 2045 579.
2972 1990 3080 2046 Sed
3109 1990 3400 2064 praecipue
3426 1998 3632 2050 contu-

240 2075 394 2132 limus
418 2092 529 2131 ms.
560 2074 801 2148 capituli
829 2074 1184 2132 Veronensis
1214 2076 1306 2144 60,
1342 2068 1628 2149 qui‘liber
1657 2075 1869 2133 saeculo
1899 2076 2027 2133 VIII
2057 2076 2390 2132 charactere
2415 2077 2722 2150 papiraceo
2754 2077 3007 2150 scriptus
3037 2079 3166 2134 fuit.

1180 2196 1203 2252 §
1234 2193 1365 2242 VIII.
1402 2193 1473 2243 De
1503 2207 1634 2242 mss.
1673 2192 2004 2244 collectionis
2035 2193 2273 2258 septimae
2304 2191 2640 2244 Hadrianeze.

298 2300 372 2355 16.
389 2298 596 2355 Eadem
622 2298 881 2371 Dionysii
913 2296 1169 2354 collectio
1196 2314 1331 2354 cum
1362 2298 1588 2370 aliquot
1617 2298 2040 2357 additamentis
2071 2315 2177 2355 suo
2200 2297 2324 2354 loco
2355 2297 2593 2354 insertis
2615 2302 2925 2372 septimam
2948 2299 3346 2357 collectionem
3368 2319 3403 2358 a
3423 2303 3634 2378 Diony-

239 2387 379 2445 siana
396 2403 766 2460 nequaquam
799 2386 1208 2460 disjugendam
1230 2387 1551 2445 constituit.
1580 2387 2244 2461 Dionysio-Hadrianea,
2270 2404 2372 2443 seu
2399 2386 2724 2444 Hadrianea
2743 2391 3000 2456 vocatur,
3022 2405 3137 2444 non
3161 2390 3317 2461 quod
3333 2389 3455 2447 haec
3477 2393 3642 2449 addi-

238 2480 466 2533 tamenta
495 2476 606 2532 sub
629 2474 922 2532 Hadriano
944 2476 967 2531 Ι
992 2476 1263 2549 Dionysio
1287 2477 1659 2546 accesserint,
1685 2484 1787 2533 aut
1820 2477 2033 2533 fuerint
2067 2477 2305 2546 inserta,
2334 2477 2433 2532 sed
2456 2476 2611 2549 quod
2638 2476 2731 2531 hic
2764 2476 3021 2549 pontifex
3050 2477 3203 2533 hanc
3233 2477 3635 2539 collectionem

240 2566 301 2620 ad
326 2582 507 2639 regem
528 2563 802 2621 Carolum
832 2564 1076 2621 miserit.
1101 2564 1369 2637 Plerique
1391 2582 1535 2622 mss.
1555 2565 1809 2635 codices,
1827 2566 1927 2637 qui
1951 2565 2287 2638 Dionysiani
2313 2565 2484 2639 vulgo
2507 2565 2849 2632 creduntur,
2873 2565 3055 2622 immo
3075 2565 3252 2622 etiam
3284 2568 3449 2635 editi,
3482 2569 3635 2628 hanc

234 2652 911 2728 Dionysio-Hadrianum
955 2653 1364 2717 collectionem
1397 2656 1734 2727 praeferunt.
1769 2654 1981 2710 Multos
2013 2671 2156 2711 mss.
2194 2655 2386 2711 Romae
2416 2654 2873 2719 observavimus,
2905 2655 3058 2710 inter
3086 2670 3234 2726 quos
3263 2659 3632 2715 memorandi

232 2742 572 2816 antiquiores
607 2741 812 2814 scripti
853 2759 1008 2798 nono
1029 2742 1117 2799 vel
1160 2743 1385 2799 decimo
1411 2741 1623 2800 saeculo
1641 2747 1774 2801 Vat.
1796 2744 1956 2807 4969,
1989 2743 2117 2799 Vat.
2152 2743 2334 2799 Palat.
2366 2744 2492 2808 578,
2515 2743 2643 2799 Vat.
2668 2742 2901 2817 Regina:
2926 2744 3058 2799 1021
3095 2748 3152 2799 et
3183 2745 3342 2813 1047,
3374 2762 3483 2802 nec
3512 2763 3629 2803 non

229 2829 345 2887 Vat.
369 2832 526 2898 1337,
560 2830 717 2904 quia
739 2831 1166 2888 correctoribus
1188 2832 1465 2888 Romanis
1494 2832 1553 2887 in
1584 2831 1837 2888 editione
1862 2830 2123 2887 Gratiani
2161 2832 2341 2887 Codex
2373 2833 2667 2887 Canonum
2691 2830 3039 2904 appellatur,
3075 2847 3141 2887 ac
3170 2832 3317 2890 duos
3346 2833 3628 2892 Vallicell.

222 2921 280 2974 Α.
303 2920 359 2976 S.
385 2925 444 2975 et
465 2919 662 2976 XVIII.
682 2919 842 2975 Inter
878 2920 1277 2976 additamenta
1310 2937 1443 2976 vero
1464 2919 1644 2991 hujus
1669 2919 2029 2975 collectionis
2052 2923 2273 2991 septem
2296 2919 2504 2975 Leonis
2529 2920 2793 2992 epistolis
2815 2936 2848 2975 a
2866 2919 3140 2993 Dionysio
3161 2920 3472 2994 descriptis
3503 2941 3623 2980 una

217 3011 436 3065 tantum
460 3008 724 3077 accessit,
752 3008 1033 3064 nimirum
1054 3009 1301 3081 epistola
1334 3009 1418 3075 12,
1453 3010 1527 3064 ad
1557 3009 1862 3082 episcopos
1902 3007 2285 3064 Mauritaniae.
2313 3008 2470 3064 Inter
2500 3008 2786 3065 editiones
2817 3026 2948 3065 vero
2981 3009 3339 3067 mentionem
3372 3011 3623 3069 facimus

213 3094 552 3154 Parisiensis
575 3115 669 3153 an.
694 3098 851 3165 1661,
868 3095 1049 3153 Voelli
1070 3102 1127 3151 et
1144 3095 1394 3162 Justelli,
1415 3114 1594 3167 quam
1615 3097 1934 3152 identidem
1956 3096 2362 3169 allegabimus.
2382 3097 2541 3152 Licet
2561 3098 2718 3152 enim
2740 3096 2799 3151 hi
2826 3114 3036 3169 puram
3062 3098 3316 3171 Dionysii
3341 3100 3625 3158 collectio-

218 3201 366 3254 nem,
388 3185 810 3243 additamentis
837 3185 1143 3259 separatis,
1167 3185 1334 3241 edere
1365 3185 1678 3242 consilium
1704 3186 1983 3257 ceperint,
2004 3202 2139 3241 cum
2162 3190 2357 3240 tamen
2378 3184 2607 3239 nullum
2631 3185 3048 3257 Dionysianum
3075 3188 3331 3244 codicem
3355 3189 3626 3260 inspexe-

208 3273 337 3343 rint,
371 3293 493 3333 non
524 3275 723 3332 omnia
753 3274 1155 3331 additamenta
1186 3275 1508 3347 praesertim
1542 3274 1602 3329 in
1634 3276 1825 3331 Leone
1857 3274 2246 3331 internoscere
2278 3290 2344 3330 ac
2376 3290 2648 3346 separare
2668 3277 3003 3347 potuerunt.

1518 3393 1542 3449 §
1573 3391 1654 3439 IX.
1682 3391 1750 3439 De
1785 3389 2097 3439 cellentione
2127 3392 2326 3438 octava.

276 3495 369 3551 17.
394 3496 610 3554 Omnia
632 3513 767 3552 vero
788 3495 909 3551 haec
931 3495 1330 3551 additamenta
1351 3511 1384 3550 a
1417 3512 1559 3567 puro
1591 3495 1865 3568 Dionysio
1888 3496 2168 3567 sejuncta,
2193 3499 2249 3550 et
2271 3498 2398 3566 post
2421 3494 2765 3566 Dionysium
2788 3494 3081 3568 descripta
3104 3496 3434 3554 invenimus
3451 3499 3509 3555 in
3530 3518 3629 3556 su-

205 3598 310 3654 pra
332 3584 577 3643 laudato
605 3587 847 3657 antiquo
871 3601 981 3640 ms.
1016 3584 1145 3639 Vat.
1169 3585 1330 3640 5845.
1351 3584 1452 3639 His
1472 3601 1641 3655 porro
1666 3583 1790 3639 alia:
1817 3583 2143 3638 additiones
2177 3578 2358 3638 meite
2392 3583 2643 3654 majores
2677 3583 2733 3637 in
2767 3582 2970 3639 eodem
2993 3584 3186 3639 codice
3211 3585 3629 3657 subjiciuntur,

206 3688 354 3742 quas
375 3674 660 3732 Hadriani
684 3674 1011 3730 collectioni
1037 3674 1335 3744 subjectas
1358 3672 1855 3745 deprehendimus
1880 3672 1934 3726 in
1960 3672 2258 3727 codicibus
2278 3670 2654 3727 Vallicellane
2686 3673 2750 3726 A.
2786 3672 2845 3725 L.
2878 3670 3007 3727 Vat.
3046 3672 3201 3734 1333,
3222 3689 3285 3728 ac
3310 3674 3368 3729 in
3392 3692 3506 3732 uno
3527 3677 3634 3732 Ca-

208 3762 380 3831 pituli
439 3763 853 3822 Vercellensis.
888 3763 984 3819 Hie
1018 3763 1348 3818 additiones
1378 3761 1553 3817 veluti
1598 3761 2073 3834 supplementum
2106 3760 2471 3834 Dionysianae
2502 3759 2590 3815 vel
2620 3759 2958 3816 Hadrianeae
2989 3759 3400 3818 collectionum
3434 3764 3636 3822 haberi

207 3857 439 3921 queunt
464 3870 479 3907 :
506 3871 573 3909 ea
599 3852 761 3909 enim
783 3852 1158 3913 documenta,
1181 3868 1307 3924 qua:
1328 3850 1388 3907 in
1425 3851 1698 3923 Dionysio
1722 3851 1980 3916 deerant,
2005 3855 2209 3906 auctor
2230 3850 2516 3922 posterior
2544 3867 2611 3904 ex
2642 3848 2772 3905 aliis
2803 3849 3063 3905 fontibus
3088 3849 3390 3924 colligens,
3424 3853 3637 3928 Diony-

209 3940 291 3993 sio
315 3942 560 4012 adjecit.
594 3944 739 3998 Cum
760 3958 893 3997 vero
933 3940 1019 3996 hae
1054 3940 1381 3996 additiones
1405 3957 1728 4012 numquam
1762 3939 1978 3995 fuerint
2012 3940 2239 3995 inserta:
2262 3938 2521 4011 Dionysii
2545 3942 2645 3993 aut
2666 3937 2942 3993 Hadriani
2966 3937 3427 4011 collectionibus,
3459 3943 3640 4000 veluti
3712 3967 3718 3971 ’

207 4035 490 4100 separata
513 4031 781 4104 quaedam
807 4029 1213 4100 collectiojure
1237 4026 1570 4094 censentur,
1592 4046 1765 4100 quam
1785 4032 2043 4084 octavam
2059 4028 2456 4083 collectionem
2476 4026 2838 4083 vocabimus.
2856 4028 2919 4082 In
2941 4026 3034 4082 his
3051 4027 3452 4089 additionibus
3473 4034 3642 4106 quin-

204 4116 403 4172 decim
419 4119 634 4174 Leonis
659 4116 918 4190 epistolze
942 4118 1362 4190 proteruntur:
1391 4118 1432 4182 Ι,
1455 4117 1527 4171 ad
1554 4117 1892 4172 Dioscorum
1916 4116 2162 4189 epistola
2182 4120 2394 4171 nostra:
2417 4115 2690 4172 editionis
2711 4116 2746 4169 9
2765 4134 2778 4184 ;
2800 4117 2868 4182 II,
2889 4117 2962 4172 ad
2983 4117 3323 4174 Turribium
3346 4119 3515 4193 epist.
3552 4123 3640 4192 15;

205 4199 302 4271 ΙΙΙ,
341 4207 422 4262 ad
454 4205 893 4279 Aquileiensem
925 4204 1097 4277 epist.
1130 4208 1144 4260 l
1177 4204 1304 4271 ;IV,
1340 4204 1411 4261 ad
1446 4204 1777 4277 Septimum
1810 4204 1987 4260 Altini
2026 4205 2366 4277 episcopum
2389 4205 2560 4277 epist.
2583 4208 2619 4259 2
2647 4223 2661 4273 ;
2686 4204 2754 4259 V.
2788 4204 2860 4260 ad
2892 4206 3261 4263 Tbeodorum
3292 4208 3638 4281 epist.108;

206 4288 303 4359 VI,
332 4296 415 4351 ad
435 4296 663 4352 Siculos
685 4294 854 4368 epist.
880 4295 944 4349 17
972 4293 1209 4362 ;VlI,ad
1234 4292 1531 4366 Eutychen
1564 4293 1736 4365 epist.
1760 4296 1831 4348 20
1853 4312 1867 4362 ;
1888 4294 2035 4363 VIII,
2061 4294 2134 4350 ad
2170 4294 2511 4351 Flavianum
2533 4294 2701 4367 epist.
2729 4295 2800 4350 23
2824 4312 2838 4363 ;
2869 4294 2959 4363 IX,
2985 4294 3241 4352 Flaviani
3273 4297 3344 4352 ad
3380 4297 3640 4355 Leonem

194 4382 391 4453 epist.
413 4386 489 4438 2?.
516 4384 612 4453 ;X,
631 4383 702 4440 ad
728 4382 1068 4439 Flavianum
1108 4382 1278 4454 epist.
1302 4383 1372 4436 28
1397 4399 1411 4449 ;
1434 4381 1527 4447 XI,
1560 4382 1631 4437 ad
1658 4382 1998 4439 Juvenalem
2024 4382 2195 4456 epist.
2222 4382 2358 4450 139;
2387 4384 2511 4450 XII,
2545 4384 2616 4439 ad
2651 4382 2971 4439 Maximum
3003 4384 3171 4455 epist.
3206 4384 3346 4452 179;
3382 4384 3527 4454 XIII,
3570 4386 3644 4443 ad

182 4468 564 4529 Anatolium
585 4472 757 4546 epist.
790 4472 900 4540 80;
931 4471 1073 4539 XIV,
1107 4471 1178 4526 ad
1213 4472 1460 4527 Leonem
1485 4472 1816 4543 Augustum
1847 4471 2016 4543 epist.
2039 4473 2177 4540 145;
2210 4471 2327 4539 XV,
2363 4473 2433 4528 ad
2465 4472 2736 4528 eumdem
2767 4471 3177 4543 imperatorem
3208 4471 3379 4544 epist.
3411 4473 3533 4528 165.

1400 4591 1424 4648 §
1453 4588 1518 4636 X.
1544 4588 1619 4637 De
1653 4587 1964 4637 collectione
1986 4600 2130 4637 nona
2157 4588 2458 4652 Hispanica.

282 4693 383 4748 18.
409 4693 745 4767 Hispanicae
766 4692 1116 4761 collectioni,
1141 4710 1269 4766 quae
1290 4697 1422 4750 ante
1444 4692 1852 4750 Constantium
1892 4710 2009 4771 non
2034 4692 2177 4749 satis
2200 4698 2323 4749 erat
2343 4695 2595 4767 cognita,
2621 4709 2841 4749 nonum
2869 4692 3064 4749 locum
3083 4692 3424 4752 tribuimus.
3459 4694 3650 4769 Hujus

140 4786 434 4839 antor
453 4784 738 4857 epistolas
758 4801 793 4839 a
815 4782 1091 4856 Dionysio
1116 4782 1387 4839 recitatas
1405 4798 1539 4838 cum
1554 4782 1759 4839 iisdem
1781 4781 1968 4838 titulis
1991 4782 2332 4855 sumpsit.In
2359 4801 2474 4839 una
2490 4782 2735 4855 epistola
2756 4783 2825 4838 ad
2846 4782 3151 4838 Rusticum
3167 4783 3393 4840 addidit
3412 4784 3652 4841 titulum

122 4872 266 4923 ϐξ
291 4878 508 4945 caput,
543 4873 645 4946 qui
676 4873 736 4928 in
757 4872 1028 4945 Dionysio
1060 4873 1293 4941 desunt,
1319 4876 1383 4928 ut
1405 4889 1510 4928 suo
1533 4871 1657 4928 loco
1683 4870 1931 4927 dicetur.
1952 4872 2165 4927 Praeter
2185 4877 2406 4945 septem
2434 4872 2639 4929 Leonis
2663 4872 2940 4944 epistolas
2967 4875 3235 4944 sumptas
3256 4890 3287 4929 e
3317 4873 3655 4930 collectione

108 4950 231 5000 θ’·
258 4957 749 5034 ionysii,adjecit
771 4960 918 5018 alias
940 4961 1181 5034 triginta
1202 4961 1430 5028 Leonis,
1456 4965 1513 5016 et
1534 4978 1713 5016 uuam
1737 4959 1886 5016 Petri
1904 4960 2237 5034 Chrysologi
2272 4962 2343 5017 ad
2371 4962 2687 5033 Eutychen,
2718 4965 2893 5034 atque
2923 4960 3095 5018 aliam
3117 4960 3373 5018 Flaviani
3406 4963 3476 5017 ad
3509 4962 3657 5017 Leo-

120 5052 393 5113 ται-ιεω,
418 5070 548 5124 qua:
569 5052 628 5107 in
661 5052 977 5108 editionem
1016 5051 1341 5107 inserendas
1363 5055 1551 5105 erunt.
1583 5051 1783 5122 Itaque
1824 5067 2027 5105 omnes
2050 5049 2304 5122 epistolae
2329 5048 2506 5105 simul
2530 5054 2669 5106 sunt
2696 5050 2788 5117 39,
2819 5050 2928 5107 hac
2960 5050 3107 5107 serie
3129 5050 3425 5123 dispositae
3459 5067 3473 5104 :
3506 5054 3547 5116 Ι,
3580 5048 3655 5104 ad

167 5126 537 5213 Eutychen
559 5139 810 5213 epistola
837 5143 1048 5196 nostrae
1093 5138 1363 5196 editionis
1384 5140 1490 5208 20;
1518 5140 1585 5207 ΙΙ,
1609 5140 1682 5195 ad
1706 5138 2044 5194 Flavianum
2076 5138 2244 5211 epist.
2268 5138 2379 5203 23;
2412 5138 2508 5207 III,
2544 5138 2798 5195 Flaviani
2831 5140 2902 5195 ad
2936 5140 3184 5195 Leonem
3214 5139 3385 5211 epist.
3416 5138 3488 5191 22
3514 5154 3527 5203 ;
3562 5134 3658 5207 IV,

224 5207 451 5306 Ῐτθοηὶε
469 5230 546 5285 ad
564 5207 907 5284 Flavianum
930 5227 1099 5300 epist.
1122 5229 1225 5295 28;
1250 5226 1317 5296 V,
1343 5227 1494 5283 Petri
1518 5226 1871 5282 Ravennatis
1913 5227 1985 5283 ad
2029 5207 2329 5299 Eutychen
2357 5226 2525 5299 epist.
2557 5228 2663 5295 25;
2688 5228 2783 5296 VI,
2813 5228 3022 5283 Leonis
3053 5228 3123 5283 ad
3156 5207 3443 5299 synodum
3469 5222 3660 5295 Ephe-

215 5312 435 5391 ξιιιειιιι
464 5318 623 5391 epist
649 5316 720 5373 33
743 5335 756 5385 ;
780 5315 909 5383 VII,
933 5316 1003 5372 ad
1043 5314 1438 5372 Theodosium
1477 5314 1647 5387 epist.
1673 5316 1738 5370 44
1765 5333 1778 5382 ;
1804 5315 1955 5383 VIII,
1980 5316 2052 5370 ad
2077 5315 2442 5371 Pulcheriam
2473 5317 2644 5388 epist.
2685 5318 2784 5384 ~15;
2820 5317 2916 5383 IX,
2946 5317 3017 5371 ad
3049 5315 3313 5371 eamdem
3345 5311 3515 5384 epist.
3548 5312 3619 5366 60
3646 5329 3659 5380 ;

207 5381 286 5478 ξς
312 5399 397 5454 ad
431 5381 755 5462 Martinum
779 5411 833 5460 et
864 5381 1145 5459 Faustum
1167 5406 1339 5477 epist.
1366 5404 1429 5459 61
1461 5381 1591 5471 ;XI,
1620 5404 1692 5459 ad
1715 5381 2110 5459 Theodosium
2154 5381 2681 5478 Augustumepist.
2707 5381 2781 5459 69
2797 5421 2810 5470 ;
2842 5381 2964 5471 XII,
2988 5404 3059 5459 ad
3093 5381 3458 5457 Pulcheriam
3490 5399 3663 5471 epist.

198 5469 327 5565 70}
358 5484 531 5561 XIII,
557 5494 631 5551 ad
664 5493 971 5558 Faustum,
1003 5469 1319 5548 Martinum
1353 5496 1411 5548 et
1430 5469 1669 5549 caeteros
1716 5491 1886 5565 epist.
1918 5494 1983 5548 71
2010 5510 2023 5561 ;
2055 5492 2200 5557 XIV,
2234 5469 2306 5547 ad
2339 5469 2706 5549 Pulcheriam
2736 5469 2905 5564 epist.
2938 5469 3043 5558 79;
3078 5489 3197 5555 XV,
3232 5488 3304 5544 ad
3330 5469 3667 5549 Anatolium

184 5557 411 5639 θΡίθῐ.
446 5557 554 5656 8οξ
582 5580 728 5656 XVI,
753 5580 829 5642 ad
872 5557 1226 5642 Martianum
1264 5581 1434 5657 epist.
1462 5584 1567 5657 82;
1600 5557 1773 5655 XVII,
1807 5582 1880 5644 ad
1928 5557 2201 5645 eumdem
2231 5580 2646 5659 imperatorem
2685 5557 2854 5658 epist.
2880 5580 2949 5638 83
2975 5595 2989 5639 :
3012 5578 3188 5650 XVII,
3218 5578 3289 5641 ad
3323 5578 3666 5646 Anatolium
