4048 6168
441 380 445 384 ~
542 346 661 407 559
1354 339 1771 402 PII/EFA'I‘IO
1814 337 1892 398 ΙΝ
1936 336 2369 398 EPISTOLAS
2417 335 2481 397 S.
2527 334 2812 398 LEONIS
2854 330 3129 397 MAGNI.
3764 341 3855 405 560

541 479 714 552 epist.
738 476 809 534 85
831 494 845 546 ;
866 475 1010 546 XIX,
1035 477 1108 533 ad
1130 474 1490 533 Marcianum
1522 471 1690 547 epist.
1719 472 1822 540 90;
1856 470 1968 541 XX,
1989 471 2062 527 ad
2084 470 2376 543 synodum
2405 468 2937 526 Chalcedonensem
2975 468 3145 541 epist.
3171 468 3266 539 93;
3289 468 3418 539 XXI,
3448 470 3514 527 ad
3557 470 3856 531 Marcianum

538 569 711 641 epist.
741 568 845 626 104
868 584 883 636 ;
904 558 1076 637 XXII,
1100 568 1173 624 ad
1188 565 1526 622 Anatolium
1559 562 1731 637 epist.
1767 563 1902 630 105;
1928 561 2121 628 XXIII,
2148 561 2221 616 ad
2243 560 2603 616 Marcianum
2631 559 2802 632 epist.
2828 559 2932 615 115
2956 577 2969 628 ;
3004 559 3194 627 XXIV,
3219 560 3289 614 ad
3307 561 3559 616 eumdem
3580 563 3731 634 epist.
3756 563 3855 634 430;

538 654 787 734 XXV,ad
809 656 1082 717 eumdem
1101 654 1274 728 epist.
1298 654 1425 722 I34;
1445 651 1641 720 XXVI,
1664 651 1737 708 ad
1761 651 2014 707 Leonem
2036 650 2445 721 imperatorem
2465 648 2619 720 epist
2639 649 2761 704 165.
2783 647 3001 703 XXVII.
3036 647 3110 703 ad
3130 647 3457 704 Turribium
3491 650 3857 708 Asturicensem

542 744 713 819 epist.
739 745 824 814 I5;
848 744 1091 811 XXVIII,
1110 743 1183 799 ad
1220 742 1396 799 Italos
1440 741 1611 815 epist.
1633 743 1706 810 7;
1730 740 1915 807 XXIX,
1941 738 2013 795 ad
2063 738 2290 795 Siculos
2327 738 2500 810 epist,
2526 737 2613 806 16;
2651 735 2809 803 XXX,
2834 737 2905 792 ad
2935 735 3240 809 episcopos
3268 752 3370 810 per
3395 737 3757 811 Campaniam,
3779 744 3860 795 etc.

540 834 712 908 epist.
735 835 802 903 4;
842 833 1025 901 XXXI,
1049 832 1121 889 ad
1150 831 1500 889 Januarium
1539 829 1710 903 epist.
1742 829 1843 897 18;
1882 828 2098 896 XXXII,
2140 828 2212 883 ad
2254 827 2560 883 Rusticum
2599 825 2771 898 epist.
2830 827 2925 883 167
2949 844 2963 894 ;
2987 825 3229 893 XXXIII,
3264 827 3333 881 ad
3381 826 3694 883 Anatasiam
3730 828 3862 900 epist.

543 923 604 979 1H
637 939 651 991 ;
682 918 919 993 XXXIV,
942 921 1016 977 ad
1063 920 1323 977 Nicetam
1372 920 1543 993 epist.
1575 918 1712 986 159;
1742 917 2049 985 XXXV,ad
2087 915 2389 972 Africanos
2427 915 2599 988 epist.
2636 915 2740 983 42;
2774 913 3010 983 XXXVI,
3049 915 3120 971 ad
3170 914 3528 972 Theodorum
3571 917 3720 988 epist.
3761 919 3865 985 108;

542 1010 816 1079 XXXVII,
840 1010 913 1066 ad
961 1009 1213 1067 Leonem
1255 1009 1379 1082 (seu
1417 1006 1697 1079 Neonem)
1722 1007 2116 1062 Ravennatem
2149 1003 2322 1077 epist.
2358 1004 2461 1059 166
2485 1022 2499 1072 ;
2524 1003 2821 1070 XXXVIII,
2842 1003 2913 1059 ad
2934 1003 3272 1060 Dioscorum
3304 1002 3467 1075 epist.
3487 1004 3554 1072 9;
3583 1005 3787 1074 XXXIX,
3812 1007 3865 1061 ad

543 1100 869 1172 Campanos
890 1097 1064 1170 epist.
1104 1097 1231 1153 I68.

621 1168 1080 1243 19:Monen_dum
1108 1185 1220 1241 hoc
1244 1183 1371 1241 loco
1402 1187 1513 1251 est,
1539 1183 1600 1239 in
1623 1181 1812 1239 indice
1845 1168 2209 1239 decretorum
2242 1182 2640 1238 Romanorum
2664 1182 3009 1254 pontificum
3031 1181 3169 1238 huic
3200 1181 3513 1239 collectioni
3534 1183 3754 1254 praeﬁxo,
3771 1188 3868 1239 tum

540 1275 599 1333 in
633 1274 934 1333 codicibus
962 1291 1111 1347 quos
1130 1273 1406 1342 vidimus,
1431 1277 1558 1329 tum
1580 1274 1735 1346 apud
1760 1271 2164 1329 Constantium
2187 1276 2304 1327 tres
2324 1271 2531 1327 Leonis
2552 1270 2837 1344 epistolas
2858 1272 2930 1327 ad
2955 1272 3316 1327 Marcianum
3337 1272 3550 1327 censeri
3571 1289 3714 1327 num.
3732 1275 3871 1340 51,52

543 1371 601 1423 et
625 1367 717 1433 53,
739 1382 809 1424 ex
837 1364 1052 1438 quibus
1069 1363 1460 1436 quadraginta
1487 1361 1643 1417 tituli
1676 1362 1745 1417 ad
1776 1362 2023 1417 Leonem
2052 1359 2365 1432 pertinent.
2399 1361 2469 1414 At
2492 1360 2549 1415 in
2584 1359 2710 1432 ipso
2738 1358 3095 1416 collectionis
3125 1376 3365 1432 corpore
3393 1359 3450 1415 in
3472 1359 3717 1417 omnibus
3743 1378 3869 1430 mss,

537 1454 721 1511 immo
775 1453 951 1510 etiam
1000 1453 1156 1526 apud
1212 1452 1525 1520 Isidorum,
1556 1451 1657 1525 qui
1692 1455 1873 1507 totam
1927 1450 2303 1523 Hispanicum
2337 1448 2741 1506 collectionem
2792 1449 3132 1521 descripsit,
3169 1450 3298 1505 duae
3329 1452 3551 1506 tantum
3577 1448 3796 1522 epistola
3819 1451 3873 1506 ad

543 1542 905 1600 Marcianum
945 1559 1011 1599 eo
1063 1541 1187 1599 loco
1246 1540 1661 1609 inveniuntur;
1694 1557 1760 1596 ac
1807 1544 2114 1613 propterea
2168 1555 2373 1596 omnes
2429 1543 2569 1594 sunt
2616 1542 2848 1595 tantum
2890 1540 2983 1595 39.
3037 1538 3301 1595 Notabile
3357 1544 3447 1597 est
3500 1539 3660 1595 etiam
3708 1540 3873 1612 episto-

539 1632 657 1689 lam
690 1632 759 1689 -l2
788 1624 858 1688 ad
889 1632 1192 1704 episcOpes
1249 1630 1574 1697 Africanos,
1607 1648 1708 1686 seu
1770 1630 2025 1694 Mauros,
2079 1629 2136 1684 in
2170 1628 2277 1683 hac
2335 1627 2673 1683 collectione
2726 1627 2985 1683 exhiberi
3049 1629 3413 1684 decurtatam
3461 1645 3525 1684 ac
3551 1628 3874 1684 diversamab

548 1738 614 1777 ea
646 1738 773 1794 quae
804 1721 866 1776 in
897 1719 1237 1776 collectione
1268 1719 1520 1791 septima
1548 1717 1873 1774 Iladrianea
1898 1718 2129 1790 legitur.
2167 1718 2229 1773 Id
2257 1721 2451 1773 autem
2484 1717 2860 1773 manifestum
2896 1717 3033 1773 facit
3058 1718 3329 1791 Hispana
3352 1716 3683 1774 collectionis
3706 1718 3876 1774 auctori

548 1827 763 1883 purum
790 1809 1049 1881 Dionysii
1092 1809 1353 1865 codicem
1377 1808 1580 1875 fuisse,
1604 1808 1663 1863 in
1706 1825 1821 1879 quo
1858 1808 1977 1864 haec
2003 1806 2251 1880 epistola
2275 1808 2507 1875 deerat;
2536 1805 2680 1862 alias
2710 1806 2861 1863 hanc
2894 1825 3007 1862 non
3041 1807 3239 1864 minus
3272 1824 3451 1880 quam
3469 1811 3684 1864 caeteras
3707 1811 3878 1879 septem

548 1899 754 1955 Leonis
813 1897 1088 1970 epistolas
1119 1914 1185 1955 ex
1217 1914 1322 1954 suo
1352 1896 1704 1969 Dionysiano
1739 1897 1933 1952 codice
1965 1896 2379 1969 descripsisset
2408 1896 2463 1950 in
2500 1897 2764 1952 eamdem
2789 1896 3071 1953 rationem
3104 1913 3220 1968 qua
3249 1896 3519 1970 Dionysio
3548 1896 3602 1952 in
3621 1895 3881 1952 Hadrianea

550 1986 748 2045 addita
772 1986 901 2043 fuit.

619 2078 711 2132 20.
742 2076 873 2132 Haec
932 2074 1191 2131 collectio
1249 2079 1381 2149 post
1441 2073 1853 2147 Dionysianam
1895 2074 2195 2131 meliorem
2227 2073 2492 2130 ordinem
2523 2074 2772 2147 praefert.
2798 2073 2961 2130 Sicut
2992 2078 3185 2130 autem
3218 2076 3351 2146 ejus
3383 2080 3578 2132 auctor
3605 2074 3880 2147 Dionysium

551 2168 789 2224 secutus
808 2164 1012 2222 titulos
1034 2163 1292 2238 Dionysii
1325 2164 1567 2221 retinuit
1595 2164 1655 2219 in
1688 2163 1949 2237 epistolis
1980 2181 2127 2234 quas
2157 2181 2226 2220 ex
2250 2162 2380 2236 ipso
2413 2163 2684 2236 sumpsit,
2704 2162 2784 2218 ita
2807 2163 2861 2217 in
2886 2162 3016 2219 aliis
3038 2180 3185 2234 quas
3216 2164 3431 2235 adjecit
3451 2164 3642 2220 eadem
3669 2161 3881 2218 methodo

547 2254 751 2311 titulos
782 2255 910 2328 ipse
939 2254 1203 2327 praeﬁxit,
1240 2270 1388 2326 quos
1445 2254 1570 2310 suis
1625 2254 1685 2308 in
1728 2252 1869 2309 locis
1917 2253 2211 2309 dabimus.
2246 2252 2482 2309 Codices
2514 2252 2692 2323 hujus
2725 2251 3084 2308 collectionis
3114 2251 3284 2308 valde
3317 2251 3432 2308 rari
3460 2257 3609 2309 sunt.
3639 2252 3739 2307 Nos
3774 2251 3882 2305 duos

553 2342 862 2419 diligenter
915 2342 1155 2401 collatos
1212 2341 1620 2415 allegabimus.
1667 2341 2017 2398 Vaticanum
2076 2341 2205 2397 4341
2272 2346 2329 2398 et
2380 2345 2664 2398 Caesarem
2717 2340 3227 2397 Vindebonensem
3289 2343 3377 2410 41,
3411 2341 3545 2397 olim
3593 2340 3885 2407 28l,omnes

555 2432 753 2491 saeculi
810 2431 1040 2489 circiter
1092 2449 1169 2499 ix,
1190 2448 1445 2504 quorum
1502 2432 1728 2504 primus
1759 2447 1789 2487 e
1812 2430 2148 2501 Gallicanis,
2178 2434 2325 2487 alter
2373 2447 2507 2488 vero
2541 2447 2609 2487 ex
2639 2429 2971 2502 Hispanicis
2998 2431 3345 2504 purioribus
3374 2429 3640 2504 exemplis
3665 2428 3887 2501 originem

554 2521 742 2591 duxit,
775 2522 846 2578 de
871 2537 987 2593 quo
1018 2520 1189 2594 plura
1218 2521 1278 2576 in
1310 2515 1563 2577 tractatu
1592 2522 1664 2577 de
1696 2520 1954 2593 antiquis
1983 2519 2436 2576 Collectionibus
2467 2524 2524 2575 et
2555 2518 2983 2576 Collectoribus
3015 2536 3315 2576 canonum
3344 2524 3500 2576 temo
3528 2517 3680 2575 tertio
3718 2521 3889 2590 agetur.

554 2610 660 2669 Hie
680 2625 821 2666 vero
852 2625 1208 2682 praemonere
1228 2610 1481 2666 maxime
1507 2609 1750 2665 interest
1780 2609 2039 2665 codicem
2067 2607 2576 2664 Vindebonensem
2604 2624 2719 2664 non
2754 2608 2960 2680 paucis
2987 2608 3043 2663 in
3065 2608 3209 2665 locis
3230 2625 3510 2665 erreneas
3525 2606 3769 2664 lectiones
3787 2621 3890 2678 pra:-

558 2700 726 2769 ferre,
752 2715 880 2772 quae
902 2699 972 2754 in
999 2698 1282 2756 Vaticano
1312 2699 1632 2755 emendata;
1665 2698 1808 2753 satis
1841 2703 2044 2769 aptum
2075 2714 2316 2753 sensum
2347 2695 2695 2770 plerumque
2725 2698 3002 2754 referunt.
3024 2699 3106 2753 Ex
3136 2697 3454 2755 collatione
3480 2702 3660 2754 autem
3686 2695 3891 2752 codicum

558 2787 808 2844 aliarum
830 2802 957 2858 qua:
998 2786 1337 2859 primaevam
1380 2786 1587 2843 Leonis
1618 2786 1927 2843 lectionem
1946 2786 2308 2842 concorditer
2323 2786 2616 2853 exhibent,
2642 2787 3137 2858 deprehendimus
3168 2788 3240 2843 ad
3271 2787 3433 2845 hanc
3463 2787 3659 2860 saepius
3685 2784 3893 2842 accedere

559 2876 757 2949 ipsum
787 2890 1044 2932 errorem
1073 2892 1187 2935 ms.
1218 2875 1706 2943 Vindebonensis,
1738 2875 2061 2948 plurimum
2092 2892 2226 2932 vero
2257 2876 2460 2932 abesse
2485 2874 2646 2930 illam
2670 2892 2777 2933 ms.
2806 2876 3089 2949 Vaticani,
3112 2877 3193 2933 ita
3214 2880 3281 2934 ut
3320 2876 3616 2934 arbitraria
3636 2873 3893 2933 emendatio

562 2963 875 3020 manifesta
903 2962 1023 3019 ﬁat.
1045 2962 1193 3018 Hinc
1214 2962 1398 3035 liquet
1420 2963 1677 3036 primum
1699 2963 2030 3020 studiosum
2052 2962 2358 3019 librarium
2391 2963 2493 3035 qui
2524 2962 2675 3019 hanc
2705 2963 3105 3021 collectionem
3135 2965 3454 3038 exscripsit
3475 2983 3542 3021 cx
3560 2964 3735 3021 codice
3748 2962 3895 3032 aliquo

564 3052 902 3125 Hispanico,
926 3053 1027 3109 sed
1061 3052 1360 3119 mendoso,
1385 3051 1572 3108 multa
1591 3051 1859 3109 libertate
1879 3052 1939 3108 in
1968 3052 2330 3126 corrigendis
2360 3051 2658 3109 erroribus
2680 3070 2855 3109 usum
2881 3054 3081 3124 fuisse,
3107 3055 3260 3110 unde
3289 3054 3394 3112 his
3442 3052 3894 3116 emendationibus,

566 3141 701 3198 licet
755 3140 1044 3214 optimum
1101 3156 1343 3199 sensum
1393 3141 1725 3214 praeferant,
1749 3159 1866 3198 non
1923 3141 2177 3198 multum
2237 3142 2538 3198 ﬁdendum
2589 3142 2714 3198 fuit.
2748 3143 2828 3198 Ex
2884 3144 3081 3200 codice
3111 3148 3316 3199 autem
3375 3144 3606 3217 perinde
3646 3140 3892 3199 emendato

560 3230 961 3303 profiscuntur
989 3246 1058 3288 ea
1082 3228 1440 3303 exemplaria
1475 3229 1828 3287 collectionis
1858 3230 2183 3303 Hispanicae
2229 3248 2356 3304 quae
2379 3230 2677 3288 Gallicana
2697 3231 3087 3304 appellamus,
3115 3231 3200 3288 uti
3230 3238 3330 3289 est
3360 3234 3536 3290 codex
3558 3231 3678 3289 Vat.
3714 3230 3834 3296 1341,
3858 3233 3898 3281 et

562 3318 662 3375 alii
694 3318 937 3387 similes,
961 3335 1110 3392 quos
1139 3317 1199 3375 in
1221 3318 1455 3376 laudato
1476 3323 1727 3377 tractatu
1758 3318 2322 3393 allegabimus.Cum
2354 3337 2526 3393 porro
2556 3337 2625 3376 ex
2653 3319 2949 3376 Gallicano
2980 3320 3243 3394 exemplo
3266 3321 3622 3379 collectionis
3643 3316 3896 3391 Hispanice

558 3408 769 3465 Leonis
824 3408 1101 3482 epistolas
1152 3408 1474 3481 sumpserit
1530 3412 1733 3465 auctor
1789 3407 2149 3465 collectionis
2198 3425 2325 3481 quae
2358 3409 2685 3465 Isidoriana
2712 3414 2972 3479 vocatur,
3007 3427 3077 3466 ex
3106 3410 3341 3467 Isidoro
3372 3415 3563 3468 autem
3591 3405 3901 3470 derivaverim

561 3497 796 3554 easdem
827 3496 1106 3570 epistolas
1134 3501 1401 3557 auctores
1431 3496 1681 3553 aliarum
1714 3498 2101 3571 posteriorum
2133 3496 2564 3566 eollectionum,
2598 3498 2684 3552 uti
2726 3497 2999 3571 deinceps
3035 3498 3399 3569 notabimus,
3434 3500 3566 3555 hinc
3609 3498 3663 3553 in
3689 3495 3900 3553 omnibus

561 3586 796 3643 easdem
815 3585 932 3643 fere
961 3584 1242 3643 lectiones
1272 3584 1604 3643 invenimus
1636 3602 1703 3642 ac
1735 3584 1794 3640 in
1824 3585 1955 3640 Vat.
1988 3584 2151 3658 Hisp.
2187 3585 2346 3642 4341.
2381 3586 2460 3641 Ex
2481 3586 2591 3641 hac
2620 3590 2815 3642 autem
2849 3588 3359 3646 animadversione
3394 3588 3556 3646 facile
3585 3591 3663 3645 est
3691 3584 3901 3656 colligere

560 3692 740 3748 quam
770 3674 1000 3730 minimi
1032 3674 1329 3731 faciendas
1360 3691 1489 3731 esse
1518 3675 1793 3730 lectiones
1823 3674 2033 3730 horum
2065 3675 2329 3730 omnium
2362 3674 2653 3743 codicum,
2678 3694 2807 3748 quae
2838 3693 2971 3732 cum
3005 3678 3252 3733 lectione
3281 3678 3555 3738 Vaticani
3580 3678 3726 3748 Hisp.
3745 3686 3899 3729 conve-

560 3763 1254 3840 niunt,aVindebonensi
1279 3766 1474 3819 autem
1497 3762 1872 3819 dissentiunt.
1901 3764 2013 3818 I-lac
2043 3763 2115 3818 de
2146 3780 2324 3819 causa
2356 3781 2469 3819 non
2501 3764 2707 3821 inutile
2740 3766 2849 3821 fuit
2878 3765 3149 3839 pluribus
3178 3765 3238 3822 in
3271 3766 3420 3824 locis
3447 3767 3705 3823 lectiones
3723 3758 3901 3819 mendo-

559 3869 658 3909 sas
687 3850 1152 3907 Vindebonensis
1177 3850 1340 3923 Hisp.
1364 3840 1423 3906 in
1446 3851 1923 3907 annotationibus
1956 3852 2303 3921 describere,
2335 3855 2392 3908 et
2431 3853 2715 3922 Vaticani,
2749 3855 3037 3911 variantes
3071 3861 3378 3924 annotare,
3415 3861 3480 3913 ut
3525 3855 3727 3911 scilicet
3749 3866 3897 3908 emen-

560 3940 826 3997 dationes
855 3939 1136 4011 pateﬁant
1159 3954 1288 4011 quae
1320 3956 1389 3995 ex
1415 3938 1544 4012 ipso
1577 3939 1832 4013 genuino
1863 3943 2023 3996 textu
2046 3940 2365 3997 arbitrariae
2389 3948 2836 4015 cognoscentur.
2861 3944 2998 4000 Aliae
3033 3944 3327 4003 utilitates
3359 3946 3537 4018 hujus
3565 3940 3830 4016 diligentia
3852 3952 3901 3991 ex

565 4031 887 4086 memorate
918 4030 1168 4084 tractatu
1199 4027 1502 4100 patebunt.

1675 4148 1700 4204 §
1726 4144 1808 4193 XI.
1833 4145 1904 4193 De
1934 4142 2246 4194 collectione
2266 4144 2492 4208 decima,
2516 4146 2829 4197 Isidoriana.

636 4249 726 4305 21.
752 4247 958 4305 Isidori
981 4247 1318 4304 Mercatoris
1339 4247 1600 4306 collectio
1620 4254 1752 4323 pust
1767 4250 2163 4324 Hispanicam,
2183 4252 2373 4324 quoad
2398 4252 2604 4310 Leonis
2626 4254 2933 4327 epistolas,
2961 4254 3238 4311 distincte
3261 4272 3382 4312 non
3401 4260 3551 4313 esset
3572 4244 3907 4310 memoranda;

567 4354 754 4413 purus
773 4336 932 4394 enim
951 4334 1160 4393 Isidori
1181 4336 1613 4394 codex-easdem
1634 4356 1739 4396 nec
1761 4339 1979 4413 plures,
2005 4358 2108 4397 nec
2128 4342 2432 4414 pauciores
2448 4343 2656 4398 Leonis
2681 4342 2959 4415 epistolas
3008 4343 3283 4411 continet,
3321 4363 3457 4417 quas
3488 4343 3711 4417 quidem
3736 4338 3787 4394 in
3810 4346 3909 4391 eum

566 4446 635 4487 ex
657 4427 971 4500 Hispanica
989 4424 1349 4496 collectione,
1372 4426 1497 4485 sine
1527 4427 1648 4486 ulla
1679 4430 1910 4487 fictione
1931 4429 2019 4486 vel
2042 4430 2358 4500 additione,
2387 4432 2623 4488 fuerunt
2642 4432 2944 4499 traductae,
2967 4438 3032 4488 ut
3050 4437 3210 4506 patet
3229 4450 3299 4490 ex
3330 4434 3528 4491 codice
3557 4431 3801 4490 Vaticano
3815 4421 3906 4485 630,

567 4516 765 4574 saeculi
794 4515 1026 4572 circiter
1047 4532 1121 4583 IX,
1145 4531 1321 4588 quem
1355 4522 1621 4574 accurate
1646 4518 2026 4589 contulimus,
2051 4525 2108 4576 et
2128 4536 2197 4576 ex
2217 4520 2497 4578 Vaticano
2519 4522 2615 4578 63I
2633 4564 2647 4589 ,
2668 4523 2862 4578 seculi
2904 4522 3133 4579 circiter
3176 4540 3297 4579 xm.
3332 4522 3535 4580 Caeteri
3564 4521 3783 4583 codices,
3809 4508 3911 4584 quia

567 4605 684 4662 alia
713 4605 1111 4662 additamenta
1130 4605 1188 4661 in
1213 4607 1399 4663 Leone
1421 4607 1843 4680 recipiunt,etsi
1868 4608 1927 4664 in
1949 4608 2171 4666 caeteris
2192 4609 2488 4683 plerisque
2514 4611 2820 4667 Isidoriani
2844 4610 2979 4679 sint,
3005 4611 3064 4666 in
3096 4611 3308 4668 Leonis
3338 4617 3538 4668 tamen
3561 4605 3790 4683 epistolis
3830 4614 3908 4672 ΡΨ

565 4712 697 4749 rum
722 4692 1011 4749 Isidorum
1038 4711 1151 4750 non
1177 4695 1455 4768 referunt,
1470 4701 1535 4752 ut
1557 4713 1690 4753 mox
1709 4698 2055 4765 videbimus;
2092 4698 2245 4754 unde
2267 4715 2371 4770 pro
2395 4699 2718 4756 Isidoriana
2739 4717 2886 4773 pura
2906 4716 3211 4773 perperam
3234 4699 3486 4757 habetur
3510 4694 3907 4773 collectie,quam_

564 4780 846 4839 Merlinus
862 4782 1060 4840 edidit.
1086 4784 1590 4857 Deprehendimus
1622 4792 1900 4859 prazterea
1927 4788 2162 4843 easdem
2195 4787 2311 4842 fere
2342 4786 2620 4843 lectiones
2652 4771 2785 4843 cum
2810 4771 3029 4843 iisdem
3044 4787 3393 4860 plerumque
3418 4787 3700 4844 erroribus
3719 4771 3907 4836 inveniri

563 4871 623 4926 in
643 4870 771 4927 Vat.
799 4872 924 4928 1341
979 4871 1337 4930 collectionis
1365 4875 1704 4946 Hispanicae,
1730 4891 1795 4930 ac
1820 4875 1879 4931 in
1911 4874 2040 4929 Vat.
2064 4876 2169 4931 630
2191 4877 2322 4949 puri
2348 4876 2574 4944 Isidori,
2609 4877 2689 4932 ita
2720 4881 2786 4932 ut
2814 4876 2960 4932 alter
2990 4876 3063 4932 ab
3114 4876 3294 4933 altero
3325 4878 3593 4935 videatur
3620 4867 3907 4949 διεσύρωῶ

558 4960 703 5017 adeo
725 4962 909 5016 ambas
934 4960 1303 5019 collectiones
1323 4962 1383 5017 in
1406 4964 1593 5020 Leone
1617 4962 2015 5021 consentiunt.
2041 4947 2407 5021 Cumﬁtamen
2432 4966 2742 5038 Hispanica
2762 4983 2970 5038 parum
2996 4971 3133 5023 nota
3163 4967 3256 5035 sit,
3294 4967 3616 5024 Isidoriana
3655 4964 3821 5018 autem
3848 4947 3907 5006 uti

558 5048 750 5106 notior
778 5049 942 5106 citari
976 5050 1178 5118 soleat,
1198 5054 1256 5106 et
1286 5050 1509 5123 aliquot
1538 5053 1894 5109 collectionis
1947 5054 2280 5109 lsiderianm
2315 5056 2531 5110 codicis
2563 5055 2906 5120 Quesnellus
2951 5056 3182 5130 alleget,
3213 5056 3391 5114 etiam
3426 5074 3460 5113 a
3489 5054 3653 5111 nobis
3682 5042 3905 5105 ἀίειὶηοῐθ

559 5139 669 5196 erit
698 5139 1068 5213 appellanda,
1102 5144 1168 5195 ut
1196 5145 1503 5214 prepterea
1525 5141 1762 5199 decimae
1794 5143 2150 5199 collectionis
2181 5143 2420 5199 nomine
2449 5161 2579 5200 eam
2610 5144 2703 5201 hic
2726 5145 3034 5218 designare
3066 5146 3469 5205 necessarium
3500 5145 3598 5200 sit.

1776 5261 1801 5317 §
1832 5257 1938 5307 XII.
1971 5259 2043 5329 De
2072 5257 2380 5309 collectione
2411 5257 2719 5310 undecima.

633 5363 723 5416 22.
747 5360 1022 5427 Quaedam
1052 5376 1185 5416 vero
1206 5359 1572 5418 collectiones
1603 5379 1730 5434 quae
1757 5378 1826 5418 ex
1847 5363 2173 5420 Isidoriana
2211 5370 2583 5437 promanant,
2609 5366 2667 5420 in
2699 5366 2889 5423 Leone
2920 5369 3210 5441 quasdam
3241 5367 3519 5443 epistolas
3547 5360 3786 5437 praebent
3810 5366 3906 5443 (Illa

563 5465 700 5505 cum
724 5450 784 5506 in
807 5450 1026 5518 Isidoro
1045 5449 1179 5506 etin
1209 5448 1523 5521 Hispanica
1541 5449 1754 5519 desint,
1780 5450 1957 5508 aliam
1983 5453 2270 5526 originem
2292 5454 2631 5524 ostendunt,
2664 5472 2730 5512 ac
2759 5461 3065 5530 prepterea
3093 5474 3198 5530 pro
3229 5440 3660 5514 collectionibus
3688 5448 3753 5505 ab
3772 5440 3909 5530 Isido-

563 5538 733 5592 riana
753 5537 996 5596 diversis
1037 5538 1227 5612 quoad
1262 5539 1510 5594 Leonem
1533 5540 1821 5596 reccnseri
1844 5547 2085 5613 queunt.
2109 5543 2423 5601 Undecima
2443 5544 2642 5619 itaque
2664 5526 2927 5603 collectio
2961 5551 3051 5603 est
3080 5526 3142 5603 in
3175 5548 3404 5605 duobus
3434 5560 3579 5601 mss.
3610 5526 3910 5619 Isidoriauisi

563 5622 846 5684 nimirum
868 5627 932 5683 in
962 5626 1243 5689 Vaticano
1265 5627 1648 5688 Ottoboniano
1668 5630 1759 5702 93,
1780 5631 1978 5690 saeculi
2008 5649 2084 5705 1x,
2106 5631 2193 5691 vel
2216 5650 2271 5704 κ,
2294 5634 2394 5712 qui
2425 5636 2533 5693 etsi
2565 5636 2624 5693 in
2658 5636 2771 5695 {ine
2802 5635 3050 5697 mutilus
3075 5655 3190 5697 non
3220 5648 3422 5700 omnes
3453 5630 3661 5691 Leonis
3687 5618 3910 5704 epistolas
