4096 6164
251 352 336 421 561
1031 348 1449 416 PREFATIO
1492 348 1573 413 IN
1614 345 1868 413 EPISTI

1993 347 2043 411 .S
2089 346 2155 411 S.
2193 342 2472 410 LEONIS
2515 340 2790 408 MAGNI.
3492 341 3610 404 562

249 491 388 565 huius
413 484 771 547 collectionis
799 486 1068 561 preprias
1080 484 1369 556 exhibeat,
1384 486 1679 559 integrum
1695 488 1893 543 tamen
1907 498 2221 541 numerum
2234 480 2579 555 collegimus
2607 496 2678 537 ex
2706 479 2817 536 alio
2836 496 2948 538 ms.
2974 479 3103 537 Vat.
3122 480 3284 548 3791,
3308 477 3604 550 saeuiixx.

248 582 419 640 Praeter
445 577 727 654 epistolas
755 594 928 634 xxxxx
960 593 1091 650 qua:
1118 593 1190 633 ex
1207 574 1545 633 collectione
1574 573 1781 631 Isidori
1802 572 2236 639 describuntur,
2255 574 2479 628 mutato
2493 569 2926 643 aliquantulum
2944 570 3166 639 ordine,
3192 569 3318 626 aliae
3336 570 3537 625 decem
3553 567 3612 623 et

247 675 349 728 octo
373 668 618 744 epistolae
629 666 1012 739 adjiciuntur,
1030 667 1184 722 unde
1196 682 1401 722 omnes
1429 683 1495 721 su
1504 663 1832 737 ntepistolze
1864 681 1995 730 LVII,
2014 680 2130 735 quo
2148 678 2393 718 numero
2410 660 2965 734 comprehendimus
2977 661 3283 734 epistolam
3300 663 3378 743 28⁴
3393 660 3465 717 ad
3479 658 3607 714 Fla-

243 760 462 827 vianum,
495 774 624 830 quae
653 773 725 812 ex
752 756 982 812 duobus
1011 756 1275 811 fontibus
1306 754 1366 810 in
1398 754 1507 810 hac
1519 752 1854 811 collectione
1872 753 1961 809 bis
1983 751 2280 808 recitatur.
2312 750 2653 806 lsidorianis
2677 748 3115 822 praemittuntur
3134 748 3391 821 epistolae
3410 764 3610 805 xvxse-

240 852 464 922 quentes:
496 847 541 913 I,
575 846 651 902 ad
677 845 1105 913 Theodoretum
1135 844 1306 916 epist.
1342 844 1466 912 1‘20;
1498 844 1566 910 II,
1598 842 1833 898 Eusebii
1863 846 1920 897 et
1949 841 2159 915 synodi
2188 838 2639 896 Mediolanensis
2660 839 2734 895 ad
2768 839 3020 897 Leonem
3051 838 3224 910 epist.
3258 839 3350 907 97;
3378 838 3476 906 ΙΙΙ,
3504 838 3613 893 Ra-

238 937 400 993 vennii
423 939 480 991 et
504 933 755 990 aliorum
786 933 1192 1006 episcoporum
1225 930 1422 989 Galliae
1455 932 1527 988 ad
1558 936 1809 988 Leonem
1840 929 2010 1003 epist.
2041 930 2133 999 99;
2168 929 2259 998 IV,
2295 928 2503 985 Leonis
2534 929 2607 984 ad
2653 926 2996 984 Juvenalem
3041 927 3208 999 epist.
3263 928 3385 996 139;
3436 927 3507 994 V,
3539 930 3610 984 ad

238 1024 547 1083 Flavianum
574 1021 1283 1094 Constantinopolitanum
1304 1020 1826 1094 epist.28,sumpta
1837 1036 1907 1076 ex
1918 1018 2164 1076 lectione
2194 1033 2373 1090 quam
2390 1016 2449 1073 in
2468 1016 2821 1073 Homiliariis
2838 1016 3268 1089 antiquissimis
3289 1017 3611 1089 reperimus

233 1119 281 1171 et
303 1111 595 1171 dissimilis
624 1111 853 1168 lectioni
885 1111 1238 1175 Isidorianzs,
1272 1128 1391 1183 qua
1418 1110 1539 1167 haec
1569 1109 1816 1182 epistola
1840 1109 1992 1165 inter
2020 1107 2343 1165 Isidoriana
2370 1107 2585 1164 iterum
2612 1111 2966 1176 recensetur;
2998 1108 3097 1176 VI,
3141 1108 3213 1163 ad
3246 1104 3610 1163 Pulcheriam

229 1203 373 1277 epist.
403 1201 493 1270 3|;
529 1200 645 1267 VII,
678 1200 751 1256 ad
781 1199 1000 1257 clerum
1033 1197 2200 1272 Constantinopolitanumepist.59;VIII,
2233 1197 2307 1253 ad
2339 1196 2677 1252 Palaestinos
2706 1197 2879 1270 epist.
2916 1196 3040 1264 124;
3074 1196 3164 1266 IX,
3190 1197 3264 1253 ad
3284 1195 3615 1269 Aquileien-

231 1310 339 1351 sem
365 1292 532 1366 epist.
570 1292 619 1360 1;
651 1291 715 1359 X,
749 1291 821 1346 ad
848 1289 1156 1367 Julianum
1184 1288 1356 1362 epist.
1389 1291 1480 1357 35;
1513 1290 1603 1353 XI,
1639 1290 1711 1345 ad
1740 1288 2134 1345 Theodosium
2164 1286 2334 1360 epist.
2366 1286 2459 1355 29;
2489 1285 2607 1353 XII,
2641 1286 2713 1341 ad
2750 1286 3039 1358 synodum
3078 1284 3613 1342 Chalcedonensem

226 1376 509 1455 lepisL114;
538 1379 684 1446 XIII,
714 1380 788 1435 ad
818 1377 1156 1435 Anatolium
1187 1379 1358 1451 epist.
1393 1378 1515 1445 155,
1549 1378 1697 1447 XIV,
1731 1378 1803 1434 ad
1835 1378 2085 1434 Leonem
2116 1379 2446 1449 Augustum
2472 1374 2642 1448 epist.
2679 1376 2801 1441 162;
2829 1374 2949 1443 XV,
2974 1373 3045 1430 ad
3070 1373 3407 1430 Anatolium
3438 1374 3613 1446 epist.

228 1471 339 1539 163;
363 1470 504 1536 XVI,
536 1469 609 1525 ad
641 1468 915 1524 eumdem
947 1467 1118 1539 epist.
1153 1467 1276 1523 135.
1313 1467 1723 1538 Subjiciuntur
1752 1467 2009 1539 epistolae
2046 1466 2116 1521 39
2146 1463 2418 1522 editionis
2450 1464 2678 1530 Isidori,
2710 1463 2863 1520 inter
2891 1480 3039 1536 quas
3067 1462 3348 1519 inseritur
3366 1463 3614 1537 epistola

221 1558 376 1617 nobis
409 1559 495 1623 19,
528 1557 602 1613 ad
631 1556 851 1613 Dorum
880 1556 1370 1623 Beneventanum,
1405 1572 1534 1627 quae
1564 1555 1622 1610 in
1658 1555 1891 1611 Isodoro
1907 1553 2519 1611 desideratur.Notatu
2535 1569 2670 1609 vero
2682 1553 2929 1625 dignum
2941 1557 3031 1609 est
3051 1553 3359 1625 epistolam
3384 1554 3454 1609 ad
3468 1551 3614 1611 Afri-

218 1665 387 1707 canos
415 1648 667 1714 Mauros,
701 1663 828 1718 quae
858 1646 1013 1701 inter
1042 1645 1394 1701 lsidorianas
1427 1648 1790 1712 numeratur,
1812 1645 1906 1700 hic
1933 1661 2048 1700 non
2078 1642 2325 1717 proferri
2342 1641 2674 1699 exeditione
2706 1641 2912 1698 Isidori
2943 1643 3267 1714 decurtata,
3292 1644 3393 1700 sed
3417 1660 3486 1700 ex
3504 1647 3615 1701 Ha-

214 1740 464 1804 drianea,
496 1753 560 1792 ac
590 1740 793 1808 postea
820 1736 1010 1791 eidem
1041 1733 1200 1790 velut
1230 1733 1679 1806 appendiculam
1713 1732 1925 1806 subjici
1958 1732 2243 1805 quidquid
2274 1731 2335 1787 in
2369 1731 2590 1787 Isidoro
2624 1735 2903 1803 praeterea
2922 1730 3155 1804 legitur:
3188 1748 3316 1804 quae
3341 1731 3613 1791 editionis

214 1828 353 1883 ratio
380 1826 439 1881 in
471 1824 821 1898 posteriores
847 1823 1070 1895 aliquot
1099 1822 1466 1879 collectiones
1494 1839 1565 1878 ex
1593 1823 1721 1889 hoc,
1747 1827 1812 1878 ut
1837 1823 2084 1896 videtur,
2106 1823 2261 1879 fonte
2282 1821 2560 1877 manavit.
2578 1821 2837 1876 Tandem
2859 1820 3151 1893 profertur
3171 1820 3417 1893 epistola
3435 1822 3613 1878 Leoni

208 1915 266 1971 in
295 1914 404 1971 hac
429 1912 772 1970 collectione
801 1912 1080 1986 primum,
1114 1911 1269 1984 quod
1300 1910 1579 1977 sciamus,
1612 1912 1914 1980 attributa,
1936 1912 2009 1967 ad
2036 1910 2341 1984 episcopos
2361 1910 2682 1967 Germaniae
2715 1914 2772 1965 et
2800 1909 3020 1967 Gallias:
3053 1910 3209 1966 unde
3238 1912 3409 1967 vetus
3434 1910 3617 1982 hujus

205 2002 627 2077 suppositionis
656 2001 817 2075 origo
848 2000 1239 2074 cognoscitur;
1273 2018 1399 2073 quae
1430 2017 1565 2057 cum
1596 2001 1656 2056 in
1688 2018 1833 2074 puro
1866 2000 2086 2057 Isidoro
2134 2001 2305 2073 desit,
2364 2016 2494 2056 eam
2527 2000 2602 2055 ab
2634 1998 2854 2056 Isidoro
2907 1999 3219 2057 conﬁctam
3270 1997 3611 2057 Blondellus

209 2092 425 2166 aliique
452 2089 725 2148 nonnulli
757 2106 1064 2166 perperam
1093 2090 1408 2147 credidere.

271 2183 362 2239 23.
398 2181 591 2252 Hujus
622 2184 816 2237 autem
842 2178 1201 2236 collectionis
1227 2179 1640 2251 antiquitatem
1670 2194 1788 2235 non
1820 2177 2014 2235 solum
2045 2178 2256 2252 probat
2277 2178 2543 2235 cod.Vat.
2568 2178 2759 2234 Ottob.
2782 2177 2874 2247 93,
2908 2178 3125 2246 saeculi,
3159 2179 3246 2235 uti
3276 2176 3621 2247 diximus,rx

205 2274 309 2325 aut
333 2287 394 2339 x,
428 2268 532 2325 sed
565 2267 751 2324 multo
783 2267 971 2342 magis
1001 2267 1371 2336 Hincmarus,
1406 2267 1507 2341 qui
1536 2268 1749 2340 Opusc.
1767 2268 1811 2339 Ι,
1839 2284 1889 2324 c.
1921 2270 1975 2337 5,
2010 2284 2147 2341 pag.
2170 2267 2261 2332 23,
2294 2266 2799 2323 edit.Parisiensis
2818 2267 2988 2323 Joan.
3012 2267 3290 2336 Cordesii,
3310 2266 3619 2340 epistolam

206 2359 280 2415 ad
313 2358 559 2415 Mauros
580 2357 927 2430 compendio
958 2358 1485 2430 memorans,prius
1518 2357 1805 2430 Lupicini,
1836 2357 1971 2414 dein
2001 2356 2231 2427 Donati,
2244 2359 2371 2413 tum
2392 2355 2630 2412 Maximi
2643 2372 2710 2411 ac
2735 2355 2975 2412 tandem
3003 2355 3216 2429 Aggari
3247 2360 3306 2412 et
3324 2356 3619 2414 Tiberiani

202 2466 416 2506 causas
448 2449 508 2504 in
540 2464 611 2504 ea
637 2446 959 2520 descriptas
990 2448 1185 2503 refert.
1220 2447 1321 2503 Hic
1353 2454 1492 2503 ordo
1525 2464 1662 2507 cum
1694 2447 1754 2503 in
1786 2447 1950 2504 nulla
1979 2446 2096 2503 alia
2127 2446 2456 2519 antiquiore
2485 2443 2822 2501 collectione
2870 2443 3221 2511 inveniatur,
3269 2444 3621 2504 Hincmarus

204 2537 313 2595 hac
342 2536 689 2595 collectione
721 2536 1035 2592 undecima
1064 2553 1210 2597 usus
1242 2536 1423 2592 fuisse
1453 2537 1702 2603 videtur,
1729 2553 1796 2592 ac
1825 2539 2133 2609 propterea
2162 2534 2459 2592 Hincmari
2491 2537 2659 2590 aetate
2682 2534 2808 2606 jam
2839 2532 3191 2591 invaluerat.

270 2627 479 2685 24..Αά
513 2626 667 2681 hanc
691 2624 1090 2682 collectionem
1112 2626 1403 2683 referendi
1429 2625 1832 2682 videnturduo
1863 2625 1961 2681 alii
1996 2623 2311 2693 mss.lihri,
2330 2622 2431 2696 qui
2444 2624 2516 2679 ad
2531 2621 2821 2679 Isidorum
2847 2621 3098 2680 nihilum
3111 2622 3422 2697 pertinent,
3443 2625 3627 2682 nimi.

208 2731 342 2770 rum
376 2713 760 2770 Barberimus
788 2715 880 2783 57,
914 2730 948 2769 a
977 2713 1285 2779 Quesnello
1301 2719 1660 2773 memoratus
1690 2715 1751 2770 in
1767 2714 1985 2770 Notitia
2003 2730 2115 2769 ms.
2149 2713 2416 2770 secunda:
2437 2711 2677 2769 editioni
2700 2712 2955 2784 praefixa,
2981 2716 3037 2769 et
3063 2713 3193 2770 Vat.
3226 2712 3386 2771 4902.
3412 2715 3623 2774 Barba-

198 2802 370 2858 rinus
404 2802 574 2858 enim
605 2800 863 2874 scriptus
895 2802 1108 2858 saeculo
1140 2802 1369 2858 circiter
1396 2820 1494 2871 xu,
1522 2803 1656 2859 licet
1686 2804 1744 2858 in
1802 2803 1917 2858 fine
1948 2802 2217 2870 mutilus,
2248 2819 2314 2858 eo
2345 2806 2542 2858 tamen
2574 2800 2778 2858 ordine
2835 2801 3070 2873 prafert
3098 2802 3308 2860 Leonis
3346 2803 3626 2877 epistolas

198 2892 409 2966 viginti
440 2896 585 2958 tres,
617 2890 680 2947 in
710 2890 927 2963 quibus
955 2890 1173 2962 deﬁcit,
1206 2899 1271 2948 ut
1301 2909 1370 2947 ex
1398 2891 1740 2948 collectione
1773 2892 2087 2948 undecima
2117 2894 2364 2964 sumptae
2394 2894 2733 2949 noscantur.
2765 2890 3085 2949 Vaticanus
3115 2908 3250 2950 vero
3280 2892 3413 2950 4901
3458 2897 3626 2957 aetate

217 2982 412 3040 multo
442 2980 703 3049 inferior,
739 2985 798 3037 at
821 2980 1067 3053 plenior,
1095 2997 1164 3037 ex
1193 2980 1373 3037 simili
1404 2980 1561 3037 fonte
1590 2981 1873 3037 dimanat.

884 3078 1058 3137 gxm.
1077 3079 1150 3128 De
1179 3078 1498 3128 collectione
1531 3078 1847 3128 duodecima
1868 3093 1899 3127 a
1926 3078 2147 3129 Merlino
2178 3077 2336 3128 edita.
2358 3079 2487 3128 Item
2516 3077 2582 3128 de
2610 3077 2974 3129 Sichardiane.

271 3163 367 3217 25.
400 3158 811 3232 Locupletiora
822 3162 961 3214 sunt
973 3158 1377 3214 additamenta
1390 3159 1610 3214 Isidoro
1620 3159 1893 3230 subjecta
1906 3159 1964 3214 in
1993 3175 2105 3215 ms.
2119 3159 2399 3215 Vaticano
2413 3159 2434 3214 1
2446 3159 2703 3231 340,quae
2716 3162 2983 3233 separato
3025 3161 3325 3228 volumine
3339 3163 3637 3239 descripta

201 3248 550 3306 invenimus
579 3247 641 3303 in
673 3246 802 3303 cod.
835 3246 1052 3303 Veneto
1087 3247 1145 3303 S.
1174 3247 1349 3303 Marci
1380 3247 1402 3303 '1
1414 3247 1504 3301 69.
1538 3247 1670 3303 Haec
1700 3246 2119 3316 additamenta,
2152 3265 2279 3320 quae
2302 3265 2405 3321 pro
2424 3247 2762 3305 collectione
2784 3249 3132 3307 duodecima
3152 3252 3356 3311 haberi
3380 3260 3627 3326 queunt,

204 3338 561 3410 perveniunt
588 3352 779 3408 usque
810 3334 882 3390 ad
899 3334 1209 3391 concilium
1225 3335 1439 3391 Remen
1450 3352 1510 3391 se
1543 3352 1637 3391 an.
1660 3336 1818 3391 1148.
1834 3335 1996 3393 Unde
2007 3336 2334 3393 collectoris
2356 3340 2585 3392 aetatem
2600 3337 2891 3408 conjicere
2902 3337 3058 3407 licet,
3080 3341 3145 3396 et-
3156 3339 3425 3400 fortassis
3450 3343 3631 3400 etiam

202 3423 659 3494 nationem;alia
686 3424 845 3480 enim
878 3423 1177 3480 Gallicana
1208 3427 1590 3479 monumenta
1603 3423 1695 3479 his
1713 3425 2132 3481 additamentis
2162 3424 2584 3498 comprehensa
2603 3425 2924 3499 praesertim
2946 3425 3007 3482 in
3040 3427 3230 3485 Leone
3257 3428 3628 3489 collectorem

206 3513 449 3572 Gallum
480 3513 761 3587 produnt.
794 3511 1066 3585 Epistolm
1099 3512 1327 3580 Leonis,
1360 3512 1449 3569 vel
1479 3513 1551 3568 ad
1579 3513 1830 3569 Leonem
1846 3513 2098 3586 scriptae,
2123 3517 2264 3569 sunt
2292 3528 2498 3585 novem
2512 3517 2569 3568 et
2584 3512 2923 3589 nonaginta;
2957 3530 3026 3570 ac
3045 3519 3354 3587 propterea
3367 3518 3489 3576 hac
3509 3518 3628 3577 col-

208 3600 389 3660 lectio
417 3603 491 3671 (si
514 3600 807 3658 decimam
837 3605 1103 3656 octavam
1135 3600 1411 3673 excipias)
1444 3600 1841 3658 estditissima
1869 3602 2157 3671 omnium;
2184 3618 2252 3658 ex
2264 3618 2380 3673 qua
2401 3601 2639 3674 quidem
2669 3618 2785 3658 non
2817 3602 3009 3660 solum
3030 3604 3232 3676 plures
3247 3605 3503 3679 epistolas
3523 3625 3628 3665 an-

218 3695 314 3747 tea
324 3691 537 3764 ignota
548 3689 808 3763 primum
822 3689 1245 3761 prodiere,quas
1259 3693 1462 3762 postea
1489 3689 1551 3746 in
1565 3690 1884 3747 rarissimis
1896 3696 2128 3748 tantum
2141 3690 2436 3748 codicibus
2449 3691 2695 3747 inventae
2719 3693 2987 3764 sunt,sed
3007 3691 3232 3766 aliquot
3247 3694 3425 3757 etiam
3436 3696 3630 3755 adhuc

217 3784 541 3852 supersunt
570 3795 701 3851 quae
731 3777 792 3832 in
825 3776 986 3833 nullo
1014 3776 1166 3833 alius
1195 3776 1554 3835 collectionis
1581 3779 1778 3837 codice
1798 3780 2040 3854 reperiri
2058 3784 2315 3853 potuere.
2335 3780 2480 3837 Hinc
2509 3783 2705 3836 autem
2721 3780 2934 3837 eximia
2959 3780 3280 3841 eollcctoris
3309 3784 3631 3860 diligentia,

221 3870 281 3922 et
311 3867 489 3939 hujus
515 3866 878 3923 collectionis
910 3865 1072 3939 origo
1106 3867 1178 3921 ab
1195 3866 1326 3923 aliis
1343 3866 1786 3924 collectionibus
1802 3869 2031 3925 diversa
2047 3868 2573 3942 cognoscitur.Haec
2590 3868 2849 3925 collectio
2871 3871 3131 3927 continet
3167 3872 3447 3947 epistolas
3466 3893 3638 3933 xxxix

228 3954 589 4013 collectionis
617 3958 688 4012 10
705 3955 939 4028 Isidori(
946 3955 1095 4012 inter
1107 3972 1255 4028 quas
1269 3960 1358 4012 est
1381 3956 1627 4029 epistola
1645 3958 1947 4014 decurtata
1958 3959 2029 4013 ad
2043 3958 2348 4031 episcopos
2369 3959 2757 4027 Africanos)et
2770 3958 2917 4017 alias
2939 3960 3218 4034 epistolas
3227 3980 3322 4023 XVI
3334 3965 3567 4023 additas
3578 3967 3638 4022 in

231 4041 564 4101 collectione
596 4037 985 4113 antecedenti,
1018 4044 1239 4102 omissa
1272 4062 1389 4100 una
1420 4045 1668 4117 epistola
1695 4046 1765 4101 97
1792 4047 2028 4103 Eusebii
2059 4047 2532 4115 Mediolanensis,
2565 4065 2631 4104 ac
2663 4048 2791 4105 sine
2820 4049 3167 4122 repetitione
3195 4052 3453 4126 epistola
3473 4055 3552 4113 28
3567 4057 3642 4113 ad

236 4129 593 4207 Fjavianum.
624 4134 762 4197 Quae
795 4137 992 4189 autem
1022 4134 1093 4190 de
1122 4150 1270 4189 novo
1315 4133 1695 4205 adjiciuntur,
1728 4140 1868 4191 sunt
1911 4136 2170 4209 epistolae
2200 4156 2350 4207 κων,
2403 4155 2653 4211 quarum
2701 4138 3036 4211 catalogum
3067 4140 3165 4197 hic
3210 4143 3641 4216 appendimus:

243 4216 291 4283 I,
322 4219 639 4278 Theodosio
671 4222 843 4293 epist.
876 4223 968 4290 24;
1003 4222 1078 4290 II,
1109 4220 1306 4279 Galliae
1340 4222 1629 4295 episcopis
1659 4222 1829 4297 epist,
1865 4225 1989 4294 10'2;
2022 4225 2117 4295 III,
2151 4227 2442 4283 Marciano
2473 4227 2642 4301 epist.
2679 4228 2802 4297 121;
2834 4226 2929 4297 IV,
2964 4228 3274 4286 Eudochiaa
3305 4230 3645 4304 (legendum

252 4306 485 4379 Juliano)
504 4308 676 4381 epist.
702 4310 825 4377 122;
860 4308 930 4375 V,
964 4309 1225 4383 Septimo
1256 4310 1436 4365 Altini
1465 4312 1737 4384 episeopo
1758 4313 1928 4385 epist.
1959 4317 2013 4379 2;
2046 4314 2142 4382 VI,
2174 4314 2602 4371 Viennensibus
2631 4316 2800 4388 epist.
2835 4316 2924 4386 10;
2955 4315 3076 4385 VII,
3128 4317 3425 4375 Ravennio
3472 4320 3646 4392 epist.

255 4393 342 4461 41;
372 4394 510 4466 VIII,
539 4395 856 4453 Pulcherim
888 4396 1057 4470 epist.
1086 4398 1176 4466 95;
1210 4402 1307 4465 IX,
1337 4399 1627 4455 Marciano
1659 4401 1829 4472 epist.
1861 4402 1948 4469 94;
1982 4401 2046 4468 X,
2080 4401 2395 4458 Pulcherize
2427 4404 2595 4474 epist.
2653 4405 2771 4471 112;
2822 4403 2912 4471 XI,
2962 4402 3197 4461 Juliano
3228 4405 3434 4463 ϐοθηεὶ
3475 4406 3644 4480 epist.

262 4482 382 4551 113;
408 4484 517 4553 XII,
548 4484 843 4542 Marciano
873 4485 1045 4558 epist.
1080 4488 1201 4542 111:
1236 4487 1380 4553 XIII,
1410 4487 1725 4543 Pulcheriae
1778 4489 1948 4560 epist.
2012 4492 2131 4558 112;
2164 4490 2306 4558 XIV,
2354 4491 2590 4549 Juliano
2621 4491 2789 4564 epist,
2825 4492 2948 4560 118;
2998 4493 3116 4561 XV,
3167 4494 3437 4551 Eudoxiaa
3470 4495 3643 4568 epist.

266 4569 385 4639 123;
406 4572 545 4641 XVI,
574 4572 811 4630 Juliano
844 4575 1013 4647 epist.
1050 4575 1173 4643 125;
1206 4574 1376 4642 XVII,
1410 4574 1598 4631 eidem
1623 4574 1857 4632 Juliano
1886 4578 2057 4650 epist.
2094 4580 2218 4646 127;
2251 4578 2453 4649 XVIII,
2505 4579 2730 4647 Ceretii,
2766 4579 3008 4647 Salonii,
3068 4584 3126 4637 et
3149 4581 3359 4638 Verani
3408 4584 3653 4644 ad.Leo-

264 4673 397 4715 nem
417 4661 579 4749 epist.
611 4662 701 4730 68;
733 4662 872 4731 XIX,
909 4662 1138 4731 Leonis,
1172 4663 1431 4732 Victorii,
1461 4668 1519 4721 et
1547 4664 1849 4721 Eustachii
1880 4666 2170 4740 episcopis
2202 4673 2259 4723 et
2277 4668 2796 4742 presbyterisinfra
2824 4668 3058 4725 tertiam
3079 4669 3457 4743 provinciam,
3479 4671 3539 4730 in
3558 4691 3657 4749 ap-

266 4748 493 4839 pendice
519 4751 764 4821 edenda;
797 4750 906 4818 XX,
940 4752 1148 4809 Leonis
1178 4770 1340 4827 papae
1373 4754 1690 4822 Ravennio,
1724 4758 1781 4810 et
1811 4754 1942 4811 aliis
1974 4756 2171 4812 Galliae
2203 4757 2493 4829 episcopis
2523 4756 2693 4830 epist.
2727 4758 2848 4827 103;
2882 4758 3030 4827 XXI,
3083 4759 3266 4817 Gallis
3295 4766 3355 4818 et
3380 4748 3657 4839 Hispanis

268 4835 429 4909 epist.
458 4839 578 4908 138;
611 4838 783 4907 XXII,
817 4840 1143 4898 Theodosio
1172 4841 1341 4914 epist.
1371 4844 1464 4911 64;
1494 4842 1686 4912 XXIII,
1718 4842 1955 4901 Juliano
2004 4846 2174 4918 epist.
2205 4847 2296 4913 34;
2330 4846 2533 4911 XXIV,
2598 4845 2867 4903 Flaviano
2918 4846 3089 4920 epist.
3120 4850 3211 4920 36;
3255 4849 3419 4921 XXV,
3474 4835 3658 4912 'I‘heo-

271 4921 428 5014 [ἱρείρ
455 4926 618 4999 epist.
649 4928 742 4995 37;
773 4927 952 4999 XXVI,
986 4927 1261 4986 Flaviano
1294 4929 1464 5003 epist.
1498 4930 1590 4999 38;
1620 4931 1848 5001 XXVII,
1887 4932 2077 4989 eidem
2129 4933 2300 5006 epist.
2332 4934 2423 5003 39;
2484 4934 2716 5004 XXVIII,
2778 4934 3441 5012 Constantinopolitanis
3488 4941 3659 5014 epist.

268 5007 359 5099 59;
386 5013 564 5085 XXIX,
594 5015 905 5074 Anastasio
937 5016 1109 5090 epist.
1144 5017 1232 5086 47;
1266 5017 1423 5085 XXX,
1453 5018 1728 5075 Flaviano
1758 5019 1930 5092 epist.
1964 5022 2052 5091 49;
2097 5022 2283 5090 XXXI,
2332 5021 2568 5078 Juliano
2619 5023 2789 5095 epist.
2824 5024 2914 5093 48;
2965 5007 3184 5099 XXXII,
3238 5007 3661 5085 archimandri-

266 5097 350 5156 tis
374 5101 1025 5178 Constantinopolitanis
1055 5105 1225 5178 epist.
1258 5106 1319 5162 51
1355 5124 1369 5175 ;
1403 5106 1944 5176 XXXIII,Marciano
1974 5110 2144 5182 epist.
2176 5111 2283 5178 74;
2317 5109 2552 5177 XXXIV,
2604 5110 2795 5167 eidem
2825 5111 2995 5185 epist.
3028 5115 3121 5185 78;
3165 5097 3386 5185 XXXV,
3428 5115 3665 5173 Juliano

272 5187 431 5277 Epist.
460 5193 547 5262 8|;
578 5193 814 5250 XXXVI.
848 5193 1164 5250 Pulcheriae
1194 5194 1361 5266 epist.
1392 5196 1494 5263 45;
1527 5196 1788 5260 XXXVII,
1819 5199 2086 5254 Anatolio
2117 5199 2288 5271 epist.
2321 5200 2391 5254 86
2422 5217 2435 5267 ;
2468 5199 2762 5269 XXXVIII,
2797 5201 3092 5259 Marciano
3124 5203 3277 5277 epist
3297 5206 3367 5259 89
3390 5220 3403 5272 ;
3429 5202 3665 5272 XXXIX,

258 5270 576 5368 Sulcheriae
606 5280 778 5355 epist.
813 5282 951 5351 116;
982 5282 1091 5352 XL,
1126 5282 1376 5338 Maximo
1409 5283 1580 5356 epist.
1613 5283 1758 5353 119;
1790 5285 1930 5357 XLI,
1987 5270 2183 5349 Leoni.
2206 5290 2472 5360 Augusto
2504 5288 2677 5362 epist.
2713 5291 2852 5359 146;
2888 5290 3056 5360 XLII,
3091 5270 3283 5349 eidem
3313 5270 3483 5364 epist.
3518 5291 3622 5352 148

244 5358 454 5437 JILIII,
482 5371 671 5430 eidem
702 5370 874 5445 epist.
908 5372 1049 5443 156;
1082 5372 1281 5441 XLIV,
1315 5371 1632 5429 Pulcheriae
1664 5374 1838 5447 epist.
1870 5376 1959 5431 38.

343 5459 425 5514 26.
452 5460 749 5535 Pleraeque
777 5477 846 5517 ex
873 5460 966 5519 his
995 5461 1258 5535 epistolis
1288 5462 1347 5517 in
1370 5461 1672 5534 nullajam
1690 5464 1981 5537 descripta
2002 5464 2338 5522 collectione
2356 5465 2753 5524 inveniuntur.
2774 5468 2936 5534 Quod
2968 5467 3016 5523 si
3040 5466 3332 5523 nonnullae
3354 5472 3557 5541 postea
3577 5469 3673 5526 in-

220 5548 444 5615 Venta
473 5551 718 5607 fuerunt
742 5550 802 5605 in
833 5550 1189 5622 quibusdam
1221 5550 1370 5607 raris
1383 5551 1704 5621 codicibus,
1725 5552 1850 5609 aliae
1867 5554 2073 5610 veroin
2101 5555 2890 5628 manuscriptiscollectionis
2910 5557 3000 5624 24,
3035 5573 3104 5612 ex
3132 5573 3250 5629 qua
3269 5560 3673 5633 auctorprofc-

226 5635 417 5709 misse
440 5640 690 5699 videtur.
722 5638 983 5712 quinque
1010 5645 1206 5699 tamen
1236 5640 1443 5699 Leonis
1473 5640 1753 5715 epistolas
1779 5642 1837 5701 in
1872 5642 2038 5701 nulla
2069 5643 2182 5702 alia
2212 5643 2551 5702 collectione
2585 5645 2777 5702 adhuc
2806 5643 3098 5703 exhibitas
3144 5663 3214 5705 ex
3256 5647 3453 5724 aliquo
3479 5648 3677 5725 ignoto
