4096 6164
440 298 566 375 363
1270 295 1686 361 PR/EFA'I‘IO
1728 295 1809 358 IN
1852 293 2057 358 EPIS’]

2180 292 2279 357 ,AS
2327 292 2391 356 S.
2425 290 2708 355 LEONIS
2752 285 3025 354 MAGNI.
3695 292 3797 354 5M

448 436 645 494 codice
674 430 947 507 sumpsit,
973 429 1255 489 nimirum
1287 431 1457 505 epist.
1492 432 1581 500 39,
1615 431 1687 487 ad
1721 429 2168 496 Flavianum,”
2197 426 2679 496 adAnastasium,
2697 428 2767 483 48
2779 427 2851 482 ad
2875 425 3287 495 Julianum,74
3306 423 3374 483 ad
3395 423 3802 496 Marcianum,et

450 528 554 582 138
582 525 653 580 ad
685 521 880 579 Gallos
908 526 963 578 et
994 521 1302 595 Hispanos.
1338 522 1619 576 Praeterea
1647 537 1779 575 cum
1798 519 1892 575 hic
1905 518 2178 575 collector
2198 532 2582 589 qumcumque
2614 516 2821 571 Leonis
2844 516 3080 571 nomine
3104 515 3380 587 inscripta
3403 515 3523 572 suis
3544 516 3599 571 in
3615 516 3801 573 codici~

447 614 561 671 bus
590 611 965 685 reperit,buic
977 610 1303 667 collectioni
1335 610 1943 682 adjecerit,perperam
1961 606 2527 680 inseruitepistolam
2540 605 3032 674 Leonis,Victorii,
3061 608 3118 661 et
3133 604 3417 662 Eustochii
3445 606 3513 661 ad
3536 604 3804 677 episcopos

447 705 504 758 et
532 701 901 774 presbyteros
927 700 1081 755 intra
1108 698 1342 755 tertiam
1375 698 1729 771 provinciam
1763 698 2135 767 constitutos,
2171 713 2286 752 non
2318 696 2825 753 adnimadvertens
2856 695 3107 751 Leonem
3144 693 3321 750 istum
3351 709 3475 750 esse
3504 694 3805 767 episcopum

446 791 888 859 Bituricensem,
920 789 1077 844 unde
1106 789 1227 844 haec
1257 788 1502 860 epistola
1532 789 1589 843 in
1621 787 2002 860 appendicem
2032 786 2346 859 rejicietur.

517 883 605 936 27.
637 880 799 935 Hanc
827 877 1224 935 collectionem
1256 876 1512 950 vulgavit
1543 876 1845 947 Merlinus,
1867 875 2082 947 quippe
2113 873 2214 946 qui
2235 873 2625 931 Isidorianum
2657 872 2917 929 codicem
2946 871 3204 928 similem
3236 871 3506 928 Vaticano
3529 872 3661 929 1340
3678 873 3810 945 typis

445 970 624 1026 dedit.
658 968 860 1025 Solum
886 967 948 1023 in
978 965 1239 1039 epistolis
1271 966 1645 1038 Leonisapud
1676 965 1870 1038 ipsum
1886 962 2537 1035 numeranturepistolze
2552 962 2794 1030 xcvu;in
2810 962 2918 1017 hac
2949 961 3107 1017 enim
3138 960 3289 1018 serie
3318 961 3515 1017 omisit
3532 962 3809 1034 epistolam

444 1059 519 1115 25
561 1056 712 1113 Petri
743 1056 1095 1113 Ravennatis
1127 1056 1198 1110 ad
1229 1054 1547 1125 Eutychen,
1582 1058 1639 1110 et
1668 1052 1974 1125 epistolam
2005 1054 2075 1108 68
2104 1052 2328 1119 Ceretii,
2358 1051 2577 1109 Salonii
2605 1056 2662 1107 et
2690 1052 2894 1107 Verani
2925 1051 2998 1106 ad
3030 1052 3310 1119 Leonem,
3335 1050 3618 1123 quzeinter
3631 1052 3812 1108 Leoni-

445 1164 554 1204 nas
585 1146 644 1201 in
674 1147 853 1219 hujus
882 1144 1237 1201 collectionis
1267 1144 1568 1200 codicibus
1600 1144 1957 1199 inseruntur.
1987 1143 2269 1198 Praeterea
2299 1141 2681 1215 epistolarum
2712 1140 2999 1211 ordinem,
3033 1141 3134 1213 qui
3156 1140 3217 1195 in
3250 1157 3394 1196 mss.
3424 1140 3819 1214 exemplaribus

444 1236 674 1304 visitur,
708 1235 921 1291 alicubi
948 1234 1298 1291 immutavit.
1333 1233 1558 1290 Merlini
1586 1232 1917 1305 exemplum
1933 1231 2223 1302 collaturi,
2247 1232 2337 1287 usi
2371 1248 2580 1287 sumus
2596 1231 2988 1302 ejuseditione
3011 1229 3343 1287 Coloniensi
3363 1248 3456 1286 an.
3480 1231 3631 1287 1530.
3648 1231 3811 1288 Codex

445 1324 826 1391 Isidorianus,
860 1340 1035 1397 quem
1066 1322 1411 1391 Quesnellus
1462 1323 1780 1379 identidem
1803 1322 1960 1389 citat,
1994 1325 2051 1376 et
2069 1320 2540 1377 Herovallianum
2560 1323 2747 1388 vocat,
2779 1337 2849 1375 ex
2870 1319 3140 1392 pluribus
3157 1318 3395 1375 indiciis
3418 1321 3489 1376 ad
3511 1320 3651 1376 hanc
3668 1320 3814 1377 colle-

452 1415 703 1472 ctionem
732 1412 1003 1485 pertinet.
1034 1411 1444 1468 Collectionem
1476 1429 1593 1468 non
1623 1410 1805 1466 multo
1837 1410 2186 1466 dissimilem
2202 1411 2462 1467 exhiberi
2493 1410 2552 1465 in
2567 1409 2761 1466 codice
2787 1408 3059 1465 Remensi
3091 1409 3149 1465 S.
3188 1408 3462 1482 Remigii,
3496 1426 3659 1482 quem
3685 1410 3814 1467 idem

455 1502 803 1572 Quesnellus
829 1519 978 1575 saepe
1008 1500 1230 1570 laudat,
1264 1518 1398 1557 cum
1429 1517 1497 1557 ex
1524 1499 1725 1555 multis
1771 1498 2131 1555 variantibus
2189 1498 2539 1572 colligimus,
2599 1503 2727 1553 tum
2758 1514 2827 1553 ex
2856 1497 3182 1553 Constantii
3214 1498 3548 1569 praefatione
3576 1498 3630 1553 in
3657 1500 3814 1572 Epist.

462 1593 629 1657 Rom.
662 1595 824 1666 pont.
856 1608 916 1646 n.
951 1591 1072 1659 463,
1102 1590 1203 1646 ubi
1234 1590 1507 1645 eumdem
1536 1588 1948 1661 Remigianum
1982 1588 2240 1644 codicem
2266 1592 2323 1643 et
2353 1586 2741 1643 Isidorianum
2773 1601 2922 1656 esse,
2955 1590 3013 1642 et
3040 1585 3312 1659 pluribus
3362 1587 3564 1643 Leonis
3590 1587 3817 1661 epistolis

461 1685 701 1738 auctum
730 1684 998 1749 testatur.

530 1772 620 1827 28.
642 1771 767 1827 Huc
796 1769 1011 1842 pariter
1032 1767 1285 1823 revocari
1316 1770 1506 1840 potest
1532 1768 1710 1824 codex
1738 1766 2121 1832 Isidorianus,
2154 1781 2222 1820 ex
2254 1780 2369 1837 quo
2398 1763 2655 1820 Joannes
2685 1762 3007 1819 Sichardus
3057 1762 3462 1820 Romanorum
3513 1764 3814 1838 pontiﬁcum

459 1859 739 1934 epistolas
769 1858 969 1914 edidit.
987 1857 1276 1929 Pleraeque
1292 1856 1651 1913 anteriorum
1675 1856 2017 1928 pontificum
2037 1852 2670 1926 supposititie,suntex
2695 1851 2902 1908 Isidori
2930 1851 3188 1921 officina;
3220 1853 3424 1910 Leonis
3445 1870 3571 1910 vero
3593 1854 3816 1927 epistolas

464 1946 912 2021 quinquaginta,
927 1962 1054 2017 quas
1071 1944 1384 2000 editionem
1415 1944 1970 2017 claudunt,quasque
1998 1942 2566 2016 prastereainsertam
2591 1939 3199 2014 habentepistolam22
3220 1941 3477 1998 Flaviani
3501 1943 3569 1998 ad
3586 1944 3819 2012 Leonem,

464 2052 669 2093 omnes
699 2038 838 2092 sunt
867 2034 1123 2101 sincerzc,
1154 2038 1211 2089 et
1239 2034 1301 2089 in
1332 2033 1687 2088 collectionis
1720 2034 1786 2088 12
1817 2031 2116 2088 codicibus
2145 2030 2534 2087 continentur.
2557 2032 2635 2086 Ex
2663 2030 2890 2086 diverso
2922 2034 3119 2087 tamen
3152 2030 3358 2088 ordine
3390 2048 3455 2087 ac
3477 2048 3703 2090 numero
3720 2033 3818 2105 epi-

456 2125 767 2193 stolarum,
796 2122 1061 2179 Sichardi
1089 2122 1347 2178 codicem
1376 2122 1557 2177 fuisse
1588 2139 1623 2177 a
1651 2121 1867 2179 nostris
1897 2122 2194 2178 diversum
2226 2119 2426 2193 liquet.
2462 2120 2758 2176 Lectiones
2786 2136 2942 2189 vero,
2973 2124 3032 2175 et
3062 2120 3390 2192 praesertim
3412 2138 3652 2194 pannus,
3674 2138 3820 2194 quem

454 2213 721 2271 Sichardi
751 2212 930 2267 codex
958 2211 1189 2283 przefert
1216 2211 1276 2266 in
1305 2210 1472 2283 epist.
1506 2210 1560 2278 I,
1594 2212 1665 2266 ad
1695 2210 2125 2283 Aquileiensem
2157 2210 2520 2283 episcopum,
2552 2209 2780 2265 diverso
2812 2209 2937 2265 loco
2968 2214 3225 2278 assutus,
3261 2227 3331 2266 ac
3354 2210 3413 2266 in
3439 2210 3686 2283 praesenti
3725 2211 3820 2267 col-

457 2302 725 2371 lectione,
760 2317 893 2357 cum
924 2304 1058 2372 post
1086 2316 1155 2355 ea
1181 2300 1357 2355 verba
1387 2300 1754 2372 subjiciatur,
1781 2305 1913 2373 post
1936 2317 2063 2372 quae
2094 2298 2581 2371 insertuslegitur
2608 2298 2668 2353 in
2688 2315 2831 2354 mss.
2850 2297 3171 2367 collect.24,
3199 2302 3268 2353 ut
3286 2302 3485 2354 annot.
3508 2300 3576 2354 25
3593 2298 3659 2355 ad
3679 2298 3822 2371 epist.

458 2396 488 2452 1
523 2391 959 2457 annotabimus,
994 2390 1066 2444 ab
1097 2389 1300 2445 eodem
1330 2388 1487 2445 fonte
1515 2406 1585 2445 ex
1613 2406 1728 2462 quo
1760 2389 2020 2446 collectio
2051 2389 2120 2443 24
2149 2389 2408 2461 profecta
2438 2391 2548 2456 est,
2581 2392 2877 2444 auctorem
2907 2387 3157 2459 exempli
3188 2387 3556 2444 Sichardiani
3605 2388 3825 2444 ebibisse

456 2483 737 2540 insinuat.
771 2478 1114 2544 Quesnellus
1141 2479 1285 2534 dum
1313 2477 1663 2534 Sichardum
1693 2476 1924 2550 allegat,
1959 2492 2105 2532 usus
2137 2480 2226 2531 est
2251 2474 2503 2531 editione
2549 2474 2868 2531 Parisiensi
2915 2492 3009 2530 an.
3047 2476 3198 2541 1568,
3251 2493 3383 2548 quae
3431 2476 3504 2532 ad
3534 2476 3824 2533 Victorinos

457 2572 685 2649 chices
712 2568 857 2625 forte
888 2566 1265 2637 Isidorianos,
1295 2582 1413 2622 non
1441 2569 1638 2623 autem
1668 2565 2046 2623 Siehardiano
2104 2563 2326 2620 similes
2373 2564 2682 2620 emendata
2731 2564 2860 2619 fuit.
2892 2564 3010 2621 Nos
3039 2564 3428 2622 adhibuimus
3482 2566 3815 2622 vetustiorem

461 2659 775 2737 editionem
806 2655 1196 2712 Basileensem
1228 2672 1321 2710 an.
1344 2655 1504 2722 4536,
1538 2671 1668 2726 quas
1698 2671 1915 2727 purum
1945 2653 2211 2710 Sichardi
2243 2653 2502 2709 codicem
2528 2653 2784 2710 exhibet.

1642 2768 1671 2831 §
1699 2768 1826 2818 XIV.
1858 2770 1931 2818 De
1962 2767 2277 2819 collectione
2306 2767 2515 2817 decima
2543 2766 2717 2817 tertia.

533 2877 626 2933 29.
659 2876 916 2933 Tertiam
947 2876 1231 2933 decimam
1260 2874 1659 2932 collectionem
1692 2873 2058 2948 appellamus
2076 2884 2202 2947 quae
2225 2877 2413 2930 exstat
2444 2874 2503 2929 in
2518 2872 3078 2946 manuscriptolibro
3103 2873 3438 2932 Florentino
3460 2876 3517 2932 S.
3543 2875 3704 2933 Marci
3726 2875 3826 2941 I82,

473 2963 669 3022 saaculi
697 2982 797 3020 x11.
830 2963 996 3021 Solas
1025 2964 1259 3020 exhibet
1286 2963 1563 3037 epistolas
1595 2963 1992 3019 Romanorum
2023 2963 2391 3037 pontificum.
2424 2963 2503 3017 Ex
2533 2962 2880 3035 apocryphis
2912 2967 3128 3033 autem,
3164 2981 3318 3036 quas
3339 2982 3456 3021 una
3476 2982 3603 3022 cum
3623 2962 3830 3021 sinceris

473 3052 736 3127 epistolis
766 3052 985 3125 profert
1014 3069 1202 3125 usque
1232 3052 1303 3108 ad
1336 3053 1572 3125 Systum
1605 3052 1701 3118 III,
1727 3052 1935 3107 Leonis
1965 3053 2473 3125 przedecessorem,
2496 3051 2856 3108 Isidorianus
2878 3053 3232 3125 agnoscitur.
3271 3056 3339 3109 In
3370 3056 3557 3112 Leone
3585 3059 3759 3112 autem
3777 3052 3832 3107 ab

476 3140 817 3198 Isidoria-nis
849 3141 1147 3197 codicibus
1159 3140 1425 3197 omnium
1444 3140 1694 3196 maxime
1710 3140 2153 3214 discrepat.Non
2174 3140 2364 3197 solum
2379 3141 2535 3197 enim
2551 3140 2930 3213 epistolarum
2945 3140 3149 3197 ordine
3176 3144 3232 3197 et
3245 3142 3537 3215 qualitate
3549 3143 3616 3199 ab
3632 3142 3837 3208 Isidoro,

474 3229 658 3286 immo
687 3234 745 3286 et
774 3248 809 3287 a
838 3246 1210 3303 quacumque
1238 3229 1699 3286 aliacollectione
1715 3230 1978 3286 diversus
2008 3234 2116 3286 est:
2151 3230 2250 3285 sed
2265 3229 2646 3303 epistolarum
2680 3231 2747 3285 12
2776 3230 2848 3285 ad
2878 3228 3179 3286 Africanos
3208 3230 3579 3289 Mauritaniae
3598 3226 3839 3304 integram

472 3324 529 3377 et
546 3322 740 3376 exacte
761 3319 1112 3392 descriptam
1136 3319 1232 3375 hic
1261 3336 1417 3375 unus
1435 3319 1613 3375 codex
1633 3318 2043 3391 exbibet:quod
2078 3317 2430 3391 peculiarem
2463 3321 2519 3373 et
2549 3316 3093 3390 prmstantissimam
3122 3318 3300 3390 hujus
3338 3320 3679 3378 collectionis
3697 3317 3838 3391 origi-

474 3425 609 3466 nem
639 3400 815 3482 plane
841 3409 1224 3464 demonstrat.
1255 3409 1399 3465 Tres
1429 3412 1485 3464 et
1515 3407 1723 3481 viginti
1752 3409 2010 3480 integras
2033 3406 2311 3479 epistolas
2340 3407 2694 3474 continet,at
2723 3406 3010 3480 vigesima
3035 3412 3245 3480 quarta
3274 3410 3403 3467 fine
3423 3417 3592 3468 caret:
3613 3417 3694 3468 est
3712 3409 3838 3466 enim

472 3498 653 3554 codex
682 3496 948 3566 mutilus;
982 3497 1137 3553 unde
1163 3502 1305 3569 quot
1333 3496 1457 3552 alia;
1488 3495 1820 3569 epistolzein
1844 3496 1953 3552 hac
1984 3495 2324 3552 collectione
2345 3496 2957 3568 fuerint,ignoramus.
2986 3495 3375 3570 Singularum
3399 3500 3636 3557 indicem
3650 3500 3842 3555 damas:

471 3584 839 3659 I,-episcopis
868 3601 971 3658 per
1000 3585 1305 3641 universas
1336 3585 1669 3658 provincias
1701 3584 2035 3641 constitutis
2069 3583 2314 3657 epistola
2346 3588 2555 3640 nostrae
2589 3583 2860 3640 editionis
2883 3586 2935 3653 4;
2969 3585 3039 3653 II,
3065 3585 3227 3642 Italis
3256 3588 3439 3660 epist.
3471 3591 3525 3657 7;
3557 3588 3646 3658 III,
3668 3582 3844 3645 Siculis

473 3675 643 3748 epist.
672 3677 760 3742 16;
797 3674 892 3740 IV,
922 3674 1200 3730 Januario
1231 3674 1590 3746 Aquileiensi
1617 3674 1787 3746 epist.
1822 3676 1908 3742 18;
1942 3673 2012 3739 V,
2048 3674 2287 3729 Rustico
2320 3672 2492 3745 epist.
2534 3675 2651 3742 167;
2684 3673 2780 3741 VI,
2811 3674 3117 3731 Anastasio
3159 3674 3337 3747 epist.
3394 3678 3481 3747 I4;
3509 3678 3621 3744 VII,
3669 3676 3844 3732 Nicetes

474 3764 644 3837 epist.
679 3763 803 3831 150;
832 3762 977 3829 VIII,
1011 3763 1232 3819 Mauris
1264 3762 1510 3835 epist.l2
1536 3780 1549 3830 ;
1581 3763 1673 3829 IX,
1697 3761 2020 3818 Palaestinis
2051 3763 2220 3835 epist.
2259 3764 2360 3816 124
2386 3781 2398 3830 ;
2427 3762 2492 3829 Χ,
2526 3762 3191 3835 Constantinopolitanis
3223 3764 3410 3837 epist.
3442 3767 3548 3834 59;
3578 3765 3663 3832 XI,
3691 3761 3845 3837 Ephe-

469 3853 614 3911 sinse
643 3853 863 3926 synodo
894 3851 1064 3924 epist.
1099 3852 1186 3919 33;
1221 3852 1340 3919 XII,
1369 3851 1694 3908 Theodosio
1727 3851 1896 3923 epist.
1931 3852 2018 3920 Ill;
2052 3852 2200 3919 XIII,
2256 3850 2572 3906 Pulcheriae
2605 3850 2756 3924 epist
2778 3852 2865 3920 45;
2898 3852 3035 3921 XIV,
3069 3851 3405 3911 Theodosio
3451 3855 3613 3929 epist.
3642 3854 3722 3922 29;
3751 3850 3842 3915 XV,

466 3942 701 4000 Juliano
729 3940 901 4014 epist.
931 3941 1020 4008 35;
1056 3940 1200 4007 XVI,
1231 3940 1548 3997 Pulcheriaa
1581 3940 1753 4013 epist.
1788 3938 1877 4007 3|;
1913 3940 2196 4003 XVII,.....
2224 3938 2582 4011 Aquileiensi
2628 3941 2797 4012 epist.
2840 3947 2858 3995 ι
2893 3958 2905 4004 ;
2940 3939 3130 4008 XVIII,
3163 3941 3429 4013 Septimo
3459 3943 3697 4016 epist.2;
3724 3939 3843 4003 XIX,

470 4028 740 4084 Anatalio
770 4028 941 4101 epist.
976 4027 1099 4095 463;
1136 4027 1248 4095 XX,
1282 4028 1470 4084 eidem
1493 4027 1663 4100 epist.
1700 4029 1821 4093 135;
1848 4027 1985 4095 XXI,
2021 4028 2476 4083 Chalcedonensi
2511 4029 2732 4100 synodo
2783 4026 2954 4101 epist.
3003 4029 3093 4097 95;
3123 4021 3127 4025 ’
3156 4028 3318 4096 XXII,
3388 4032 3535 4088 Doro
3582 4030 3735 4103 epist.
3771 4027 3847 4114 l9,

467 4116 661 4186 XXIII,
696 4116 967 4173 Flaviano
999 4116 1169 4188 epist.
1201 4117 1291 4183 28;
1325 4116 1506 4182 XXIV,
1540 4116 1833 4171 Marciano
1863 4133 2170 4190 perperam
2202 4116 2569 4186 inscribitur;
2605 4117 2923 4189 subjicitur
2956 4117 3112 4172 enim
3145 4117 3399 4190 epistola
3420 4122 3539 4190 165;
3578 4120 3733 4193 cujus
3756 4114 3845 4172 ini-

463 4206 620 4264 tium
649 4206 973 4261 Promisisse
999 4220 1107 4270 me,
1140 4219 1266 4274 quas
1301 4204 1370 4258 ad
1404 4204 1652 4260 Leonem
1684 4206 2013 4277 Augustum
2040 4205 2258 4260 tradita
2288 4203 2421 4259 fuit.
2458 4204 2598 4260 Octo
2632 4205 2857 4278 priores
2887 4205 3145 4277 epistolae
3190 4205 3501 4266 Hadriana:
3539 4203 3849 4266 collectionis

469 4294 738 4353 ordinem
767 4293 1104 4364 praeferunt:
1138 4294 1198 4346 at
1222 4295 1423 4347 octava
1452 4293 1525 4347 ad
1545 4293 1849 4366 episcopos
1880 4293 2243 4351 Mauritaniae
2261 4293 2577 4350 editionem
2610 4295 2996 4352 Hadrianeam
3027 4311 3142 4351 non
3160 4296 3457 4369 sequitur,
3487 4298 3633 4355 sicut
3647 4311 3740 4353 nec
3757 4290 3847 4350 Isi-

468 4383 801 4448 dorianam,
833 4382 900 4435 ut
935 4377 1109 4450 paulo
1140 4382 1273 4434 ante
1304 4380 1666 4437 monuimus.

1488 4495 1639 4558 §XV.
1673 4496 1743 4547 Dc
1774 4483 2086 4548 collectione
2115 4497 2324 4548 decima
2353 4501 2563 4562 quarta,
2597 4496 2869 4548 Avellana.

537 4604 627 4658 30.
729 4597 1170 4689 collectionibus
1197 4578 1568 4674 generalibus
1597 4604 1921 4660 transimus
1946 4603 2018 4659 ad
2040 4604 2383 4676 peculiares,
2402 4607 2460 4660 et
2487 4603 2746 4676 primum
2777 4604 2849 4659 ad
2880 4620 2978 4661 eas
2999 4622 3126 4677 quae
3156 4606 3475 4677 peculiaria
3500 4602 3847 4689 quarumdam

468 4688 861 4747 Ecclesiarum
899 4688 1252 4745 documenta
1281 4691 1603 4749 continent.
1637 4692 1909 4749 Romanae
1939 4690 2206 4749 Ecclesia:
2238 4693 2533 4766 praecipua
2561 4698 2649 4748 est
2680 4691 2941 4748 collectio
2963 4694 3191 4751 decima
3220 4700 3452 4768 quarta,
3475 4687 3647 4768 quam
3667 4687 3849 4748 Avella-

468 4795 608 4836 nam
636 4793 935 4846 vocamus;
972 4782 1174 4834 auctor
1200 4779 1356 4835 enim
1390 4780 1492 4853 qui
1523 4782 1632 4837 sub
1666 4781 1857 4853 Vigilii
1887 4785 2153 4854 tempora
2182 4781 2398 4849 Romae,
2423 4787 2489 4838 ut
2516 4781 2766 4849 videtur,
2793 4781 3009 4851 floruit,
3033 4782 3221 4839 multa
3244 4784 3639 4841 Romanorum
3659 4774 3849 4855 pontiﬁ-

465 4885 602 4926 cum
631 4871 688 4925 et
719 4867 992 4924 Romanis
1023 4867 1289 4924 Ecclesiae
1320 4868 1596 4941 specialia
1627 4869 1878 4942 collegit,
1910 4887 2039 4942 quae
2068 4871 2127 4926 in
2160 4870 2384 4928 caeteris
2417 4869 2863 4926 collectionibus
2886 4870 2976 4926 vel
3009 4872 3250 4929 omnino
3275 4873 3509 4939 desunt,
3532 4871 3618 4928 vel
3650 4869 3848 4925 diversa

463 4956 717 5015 editione
746 4956 1029 5028 prodiere.
1060 4956 1395 5013 Avellanam
1424 4974 1558 5014 vero
1585 4957 2032 5030 appellavimus,
2050 4977 2115 5015 eo
2134 4960 2286 5031 quod
2313 4958 2726 5015 celeberrimus
2759 4962 2815 5014 et
2834 4959 3289 5031 antiquissimus
3319 4962 3502 5034 hujus
3525 4950 3842 5016 collectionis

466 5048 645 5106 codex
667 5044 984 5103 Vaticanus
1004 5046 1133 5101 4951
1175 5046 1455 5117 pertinuit
1478 5047 1550 5102 ad
1570 5047 1987 5103 monasterium
2007 5054 2061 5104 S.
2088 5050 2286 5104 Crucis
2320 5049 2518 5105 Fontis
2538 5048 2822 5103 Avellanae
2856 5048 2913 5103 in
2946 5049 3205 5106 Umbria.
3240 5050 3367 5107 Alia
3398 5054 3594 5106 tamen
3614 5043 3842 5119 ejusdem

462 5134 822 5192 collectionis
851 5132 1206 5206 exemplaria
1237 5134 1587 5190 invenimus:
1623 5136 1816 5191 Romae
1848 5136 1962 5191 tria
1996 5137 2269 5194 Vaticana
2297 5138 2459 5205 3785,
2490 5138 2631 5192 3787
2662 5140 2720 5192 et
2747 5138 2907 5203 4903,
2941 5155 3129 5194 unum
3162 5139 3594 5205 Corsinianum,
3617 5141 3673 5192 et
3710 5125 3844 5187 ἃῙὶιιά

462 5221 826 5280 bibliothecae
857 5220 1163 5294 Angelicae;
1195 5221 1447 5278 Venetiis
1478 5226 1674 5277 autem
1706 5224 1820 5278 duo
1850 5223 1909 5278 S.
1938 5224 2117 5280 Marci
2146 5225 2240 5281 I7!
2279 5230 2336 5281 et
2367 5225 2491 5280 I72.
2526 5225 2682 5281 Inter
2712 5225 2833 5280 haec
2866 5223 3208 5283 Vaticanum
3247 5227 3546 5300 exemplar
3573 5225 3727 5290 3787,
3756 5233 3842 5274 333-

467 5312 583 5368 culi
610 5329 710 5379 xu,
742 5313 800 5366 et
830 5310 1041 5367 Veneta
1072 5310 1186 5366 duo
1217 5310 1287 5364 ab
1310 5308 1582 5365 Avellano
1615 5325 1987 5382 nequaquam
2013 5314 2284 5384 pendent.
2321 5313 2450 5369 Haec
2478 5312 2760 5381 collectio,
2796 5313 2855 5368 in
2887 5332 3066 5386 quam
3089 5321 3208 5372 tam
3240 5314 3557 5389 peculiaria
3597 5313 3841 5369 Romana?

469 5398 740 5454 Ecclesiae
775 5401 1155 5453 monumenta
1186 5414 1301 5452 non
1333 5396 1449 5451 nisi
1479 5414 1545 5452 ex
1577 5397 1811 5454 scriniis
1829 5400 2425 5470 apostolicisderivari
2450 5406 2787 5474 potuerunt,
2822 5402 3083 5475 quinque
3102 5408 3333 5460 tantum
3366 5401 3574 5460 Leonis
3602 5392 3846 5472 epistolas

474 5487 645 5542 nobis
678 5486 925 5557 praebuit
947 5503 981 5541 a
1010 5487 1178 5543 Surio
1210 5486 1468 5559 primum
1494 5486 1786 5559 vulgatas,
1819 5504 1965 5560 quas
1995 5490 2053 5545 in
2087 5492 2218 5549 aliis
2249 5492 2549 5548 codicibus
2566 5494 2667 5546 aut
2695 5489 3136 5549 collectionibus
3166 5494 3385 5550 frustra
3413 5488 3695 5563 requiras.
3720 5480 3847 5541 Sunt

479 5577 694 5629 autem:
730 5574 771 5642 Ι,
807 5574 983 5631 Leoni
1014 5578 1276 5650 Augusto
1306 5576 1476 5650 epist.
1503 5574 1628 5645 469;
1664 5576 1735 5647 II,
1769 5577 2066 5637 Gennadio
2097 5579 2738 5654 Constantinopolitano
2767 5580 2939 5653 epist.
2985 5581 3108 5651 I70;
3145 5583 3242 5652 III,
3294 5580 3599 5639 Timotheo
3631 5574 3846 5632 Alexan-
