4096 6164
302 303 423 371 ω
1145 299 1558 364 BREFATIO
1600 298 1675 363 1N
1721 297 2148 363 EPISTOLAS
2194 299 2261 363 S.
2306 297 2588 362 LEONIS
2630 298 2905 367 MAGNL‘
3589 306 3737 369 suo:

302 435 579 514 epistolae,
614 452 742 510 quae
773 433 967 493 Grmce
996 434 1254 505 redditis,
1282 452 1318 492 a
1346 435 1539 492 Graaco
1553 432 2191 509 collectorecompilataa
2214 433 2471 501 fuerunt,
2498 431 2561 490 in
2583 432 2805 492 Latinis
2834 435 3100 509 ejusdem
3133 435 3491 505 collectionis
3506 459 3707 505 exem-

304 526 566 603 plaribus
590 542 709 583 non
728 526 1237 599 interpretationes
1258 542 1327 582 ex
1344 525 1566 597 Graeco,
1590 526 1691 581 sed
1714 525 1911 599 ipsum
1935 528 2074 580 sunt
2089 522 2371 599 originale
2393 524 2689 580 Latinum.
2716 525 2777 581 Id
2798 527 3177 592 manifestum
3197 532 3259 588 ﬁt
3280 549 3394 590 non
3431 535 3624 595 solum
3641 555 3711 595 ex

301 614 527 693 syntaxi
542 615 774 682 Leonis,
797 632 925 688 qua:
947 615 1007 670 in
1037 614 1331 687 plerisque
1348 614 1570 670 Latinis
1592 614 1772 686 hujus
1794 613 2150 670 collectionis
2171 613 2431 687 epistolis
2452 612 2746 681 elucescit,
2771 614 2874 670 sed
2898 614 3083 673 multo
3102 621 3292 693 magis
3313 623 3476 682 exiis
3496 625 3707 684 litteris

302 722 554 781 quarum
575 704 931 777 exemplaria
960 704 1177 760 Latinae
1201 704 1404 776 utique
1430 702 1696 776 originis,
1727 707 1999 760 contenta
2020 703 2080 758 in
2104 703 2234 758 aliis
2256 702 2479 759 Latinis
2510 702 2969 770 collectionibus,
2989 709 3163 785 atque
3184 710 3503 782 codicibus,
3531 717 3633 787 qui
3677 733 3713 773 a

301 797 495 852 Graeco
519 811 637 851 non
660 795 971 867 prodeunt,
998 793 1202 849 eadem
1225 794 1399 849 verba
1420 795 1679 849 referunt
1701 810 1825 865 qua
1849 792 2125 865 leguntur
2146 792 2204 848 in
2229 791 2451 848 Latinis
2471 791 2770 847 codicibus
2806 791 3164 851 collectionis
3204 798 3707 874 Chalcedonensis,

300 889 365 941 ut
379 882 602 957 patebit
618 882 1052 940 conferentibus
1078 882 1399 955 praesertim
1417 882 1692 955 epistolas
1717 884 1806 951 23,
1830 882 1919 951 28,
1939 881 2032 950 29,
2057 881 2145 947 30,
2178 881 2267 948 32,
2291 881 2363 936 50
2383 885 2440 936 et
2457 881 2517 935 5|
2535 923 2548 935 .
2572 880 2834 953 Idipsum
2877 880 3118 939 miriﬁce
3156 888 3461 949 confirmat
3502 894 3710 952 Leonis

302 971 548 1047 epistola
565 973 658 1043 35,
679 972 752 1029 ad
775 971 1096 1028 Julianum.
1122 972 1252 1027 Haec
1273 972 1428 1028 enim
1450 971 1750 1027 codicibus
1768 970 1992 1026 Latinis
2014 969 2374 1025 collectionis
2414 969 2900 1026 Chalcedonensis
2941 987 3056 1027 non
3094 974 3335 1044 perinde
3377 980 3588 1039 mutila
3624 990 3715 1043 est

302 1060 491 1118 tribus
513 1060 577 1116 in
598 1060 764 1128 locis,
788 1065 853 1117 ut
873 1061 932 1117 in
955 1061 1229 1116 omnibus
1249 1078 1391 1117 mss.
1415 1060 1629 1117 Grmcis
1644 1059 1974 1126 invenitur;
2004 1076 2069 1115 ac
2111 1063 2387 1131 prieterea
2429 1062 2587 1114 caret
2619 1059 2973 1131 quibusdam
3001 1061 3443 1137 additamensis,
3485 1080 3613 1141 quas
3651 1074 3711 1133 in

304 1149 423 1207 solo
446 1150 647 1207 Graeco
666 1154 824 1206 textu
844 1149 1121 1223 leguntur
1145 1167 1158 1206 :
1178 1151 1333 1206 unde
1356 1151 1416 1206 in
1440 1150 1584 1222 ipsis
1608 1149 1828 1205 Latinis
1852 1166 1996 1205 mss.
2021 1149 2285 1220 ejusdem
2305 1147 2684 1215 collectionis,
2712 1166 2825 1203 non
2848 1166 2915 1205 ex
2956 1149 3150 1207 Graeco
3190 1153 3433 1222 reddita,
3491 1160 3592 1215 sed
3647 1178 3717 1219 ex

301 1238 567 1313 originali
588 1239 796 1296 Latino
816 1242 1054 1311 sumpta
1072 1240 1465 1312 cognoscitur.
1490 1238 1634 1294 Hinc
1654 1238 1842 1294 Latini
1856 1237 2145 1312 praecipue
2161 1237 2387 1293 codices
2404 1237 2585 1309 hujus
2597 1236 2953 1295 collectionis
2964 1239 3204 1297 editioni
3220 1248 3431 1302 nostrae
3455 1249 3711 1307 maximo

301 1326 433 1387 usui
452 1331 648 1384 erunt.

370 1417 455 1472 36.
474 1419 621 1471 Cum
636 1432 773 1472 vero
797 1416 1037 1473 Latinus
1058 1417 1345 1489 interpres
1367 1417 1425 1472 in
1438 1416 1739 1473 nonnullis
1751 1415 2017 1489 epistolis
2039 1432 2141 1488 pro
2165 1414 2362 1471 Latino
2385 1414 2658 1489 originali
2678 1419 2860 1483 textu,
2887 1433 3061 1489 quem
3087 1422 3342 1492 reperire
3364 1441 3479 1482 non
3501 1430 3714 1500 potuit,

293 1505 832 1578 interpretationem
855 1522 922 1562 ex
944 1507 1137 1567 Graeco
1158 1507 1284 1564 suis
1315 1506 1961 1575 codicibusinseruerit,
1984 1505 2492 1578 interpretationes
2511 1505 2895 1585 epistolarum
2917 1506 2988 1563 ab
3012 1508 3401 1581 originalibus
3430 1514 3540 1574 hoc
3559 1518 3712 1579 indi-

299 1593 1220 1668 ciofacillimediscernentur(de
1249 1595 1391 1652 solis
1412 1594 1678 1668 epistolis
1700 1612 1828 1667 qum
1865 1597 1934 1650 ab
1981 1595 2321 1651 auctoribus
2368 1595 2561 1650 Latine
2609 1596 2836 1668 scriptas
2872 1596 3109 1653 fuerunt
3156 1616 3348 1658 sermo
3391 1606 3523 1678 est).
3575 1608 3714 1673 Qum

298 1682 637 1740 chronicam
659 1683 1017 1740 notationem
1041 1684 1101 1740 in
1118 1684 1339 1741 Latinis
1358 1701 1501 1741 mss.
1528 1685 1863 1757 praeferunt,
1897 1688 2144 1756 sumptae
2172 1683 2410 1739 fuerunt
2431 1700 2501 1739 ex
2530 1682 2746 1738 Latinis
2766 1684 3151 1757 originalibus
3171 1691 3476 1765 exemplis,
3502 1693 3561 1752 in
3585 1698 3717 1770 qui-

301 1774 410 1830 bus
432 1771 712 1829 chronica
732 1772 951 1829 notatio
978 1775 1339 1847 signabatur.
1375 1777 1508 1841 Quze
1532 1790 1662 1830 vero
1680 1774 1787 1830 hac
1824 1773 2121 1829 notatione
2162 1776 2381 1837 carent,
2420 1772 3098 1845 interpretationes'sunt
3123 1792 3193 1833 ex
3234 1779 3451 1851 Graaco,
3496 1785 3556 1842 in
3602 1804 3719 1860 quo

295 1861 605 1918 chronicas
624 1862 952 1919 notationes
972 1864 1203 1919 Graccus
1220 1864 1505 1936 interpres
1527 1862 1743 1920 omisit.
1765 1862 1881 1919 Hac
1900 1879 1971 1918 ex
1986 1861 2491 1951 animadversione
2514 1878 2660 1918 nova
2693 1863 3057 1920 confirmatio
3097 1868 3338 1938 accedit,
3377 1888 3493 1945 qua
3531 1876 3721 1951 magis

297 1952 609 2024 magisque
631 1953 1067 2024 comprobatur,
1086 1952 1241 2023 quod
1266 1952 1439 2025 paulo
1467 1956 1600 2008 ante
1622 1952 1962 2017 statuimus,
1990 1949 2269 2023 epistolas
2292 1949 2542 2018 Latinas,
2567 1952 3115 2023 quarumehronica
3149 1958 3368 2014 notatio
3412 1977 3481 2019 ex
3523 1949 3719 2022 Gm'co

301 2039 459 2097 sumi
482 2056 602 2095 non
622 2039 900 2113 potuit,in
924 2041 1152 2098 codices
1194 2042 1430 2097 Latinos
1466 2039 1697 2097 concilii
1735 2038 2225 2096 Chalcedonensis
2251 2055 2320 2095 ex
2358 2039 2579 2095 Latinis
2617 2040 3049 2112 exemplaribus
3087 2045 3381 2116 ejusmodi
3421 2053 3725 2112 notatione

300 2129 769 2202 haudquaquam
791 2130 1126 2186 carentibus
1140 2130 1321 2187 fuisse
1333 2128 1772 2185 traductas.Hic
1789 2132 1986 2184 autem
2001 2126 2393 2184 omittendum
2418 2144 2533 2183 non
2551 2131 2659 2198 est,
2681 2128 2889 2184 Leonis
2903 2131 3210 2203 epistolam
3226 2136 3315 2203 93,
3336 2138 3408 2195 ad
3429 2143 3725 2212 synodum

301 2219 625 2285 Nicanam,
649 2234 777 2290 qua:
798 2217 859 2275 in
882 2218 1077 2275 Graeco
1103 2224 1239 2276 ante
1258 2223 1424 2293 gesta
1453 2218 1825 2285 describitur,
1850 2217 2002 2273 diem
2022 2220 2079 2273 et
2101 2233 2363 2272 mensem
2385 2217 2675 2273 exhibere.
2697 2218 2808 2274 Sed
2849 2218 2970 2275 hac
2990 2221 3239 2293 epistola
3273 2224 3334 2280 in
3376 2227 3595 2286 Latinis
3633 2246 3727 2287 co-

300 2305 535 2363 dicibus
555 2304 1042 2363 Chalcedonensis
1071 2305 1430 2364 collectionis
1449 2307 1631 2375 deest,
1656 2323 1761 2363 nec
1786 2305 1894 2361 fuit
1913 2305 1974 2360 in
1992 2305 2233 2378 antiqua
2251 2305 2448 2360 Greca
2468 2304 2824 2375 collectione,
2849 2305 2995 2364 alias
3016 2326 3050 2364 a
3070 2310 3271 2368 Latino
3310 2313 3625 2388 interprete
3663 2318 3724 2376 in

300 2394 537 2453 Latinis
554 2394 985 2468 exemplaribus
1011 2412 1124 2452 non
1150 2395 1355 2453 fuisset
1379 2396 1619 2452 omissa.
1645 2395 1789 2451 Hinc
1812 2398 2009 2450 autem
2033 2411 2160 2466 quae
2184 2393 2354 2450 hodie
2375 2393 2589 2467 legitur
2610 2393 2668 2450 in
2707 2411 2849 2451 mss.
2874 2395 3109 2466 Gracia,
3153 2402 3457 2472 posteriori
3497 2406 3727 2465 addita-

301 2488 505 2542 mento
526 2484 840 2541 tribuenda
859 2488 965 2545 est.
991 2486 1216 2542 Etsane
1232 2484 1415 2542 veluti
1435 2482 1706 2540 addititia
1727 2484 1786 2538 in
1811 2500 1955 2539 mss.
1980 2483 2194 2539 Graecis
2214 2482 2451 2539 Venetis
2474 2487 2771 2556 postremo
2795 2484 2920 2542 loco
2944 2476 3199 2558 ponitur”
3215 2495 3347 2548 ante
3367 2496 3550 2565 gesta,
3593 2511 3727 2554 cum

303 2591 341 2631 a
359 2576 561 2629 Graaco
579 2570 886 2629 collectore
907 2572 1038 2629 aliis
1060 2574 1416 2647 quibusdam
1440 2572 1842 2629 monumentis
1864 2589 1969 2629 suo
1993 2589 2153 2629 more
2175 2572 2487 2645 praeposita
2507 2572 2733 2629 fuisset.

376 2663 468 2719 37.
492 2662 659 2719 Nunc
680 2664 1043 2719 memorandi
1070 2668 1209 2720 sunt
1239 2664 1467 2720 codices
1488 2663 1703 2737 quibus
1727 2666 1980 2719 utemur.
2008 2667 2085 2718 De
2110 2661 2254 2718 solis
2278 2661 2501 2717 Latinis
2522 2662 2618 2719 hic
2640 2662 2952 2719 dicendum
2974 2668 3085 2736 est,
3109 2682 3241 2722 cum
3278 2668 3571 2744 plerisque
3607 2675 3729 2748 epi-

304 2751 470 2808 stolae
491 2751 566 2807 ad
587 2751 741 2808 hanc
762 2750 1159 2809 collectionem
1181 2752 1474 2826 exigenda:
1496 2752 1696 2807 Latine
1718 2751 1967 2824 scriptae,
1992 2755 2048 2806 et
2069 2767 2135 2807 ex
2161 2750 2431 2824 originali
2456 2752 2679 2820 Latino,
2713 2756 2778 2807 ut
2798 2753 3193 2825 probavimus,
3216 2763 3467 2831 sumptze
3488 2761 3728 2819 fuerint.

308 2841 391 2896 De
414 2840 629 2897 Graecis
648 2857 783 2896 vero
804 2841 1104 2898 codicibus
1125 2841 1440 2913 separatim
1461 2858 1704 2915 agemus
1726 2846 1951 2914 postea.
1976 2841 2101 2898 Duo
2144 2858 2286 2897 mss.
2313 2840 2668 2914 exemplaria
2707 2841 2989 2899 Thuanea
3028 2844 3374 2910 Quesnellus
3412 2849 3731 2923 aliquando

317 2930 613 2986 adhibuit.
636 2930 755 2986 Nos
775 2935 969 2987 autem
994 2948 1110 2987 non
1132 2930 1322 2987 solum
1346 2931 1698 3003 profecimus
1720 2947 1788 2988 ex
1811 2931 2000 2987 tribus
2023 2930 2328 2987 codicibus
2349 2930 2701 2999 Corbeiensi,
2730 2931 3079 3001 Divionensi,
3121 2940 3178 2990 et
3199 2935 3545 3008 Colbertina,
3585 2957 3733 3014 quo-

315 3035 450 3074 rum
471 3018 766 3075 variantes
784 3018 1471 3092 ediditdiligentissimus
1485 3019 1754 3075 Baluzius
1776 3019 1835 3075 in
1858 3019 2196 3076 recensione
2210 3019 2387 3075 totius
2408 3018 2895 3076 Chalcedonensis
2917 3021 3276 3081 collectionis
3296 3043 3309 3094 ;
3333 3043 3535 3087 verum
3556 3029 3732 3091 etiam

316 3110 571 3179 quatuor
588 3105 736 3162 alios
767 3110 962 3163 exacte
983 3106 1361 3176 contulimus,
1380 3106 1727 3179 Chigianum
1752 3108 1877 3175 (183,
1914 3107 2045 3162 Vat.
2087 3107 2246 3174 4323,
2272 3107 2451 3163 alium
2490 3106 2620 3162 Vat.
2661 3108 2823 3174 4166,
2866 3113 2921 3164 et
2958 3126 3143 3165 unum
3181 3115 3733 3184 praestantissimum

315 3194 556 3268 capituli
576 3194 935 3252 Veronensis
952 3197 1043 3265 57,
1067 3195 1167 3267 qui
1190 3195 1396 3268 majori
1420 3196 1610 3252 forma
1624 3196 1683 3252 in
1706 3196 2061 3270 quadratum
2094 3200 2388 3269 vergente,
2433 3198 2489 3251 et
2529 3194 2821 3268 scriptura
2859 3196 2918 3252 in
2954 3199 3101 3255 duas
3139 3199 3444 3258 columnas
3481 3203 3736 3263 discreta

310 3288 604 3352 exaratus,
629 3285 702 3341 ad
723 3284 1042 3358 septimum
1061 3284 1287 3340 circiter
1307 3283 1589 3341 saeculum
1610 3285 1879 3358 pertinet.
1903 3286 2101 3358 Neque
2122 3284 2483 3340 omittendus
2505 3286 2595 3339 est
2614 3301 2774 3357 aeque
2796 3285 3076 3357 antiquus
3096 3287 3415 3346 Vaticanus
3440 3291 3604 3364 i322,
3626 3294 3729 3366 qui

312 3372 463 3429 inter
480 3378 649 3448 gesta
666 3372 1160 3431 Chalcedonensia
1179 3373 1489 3448 epistolam
1509 3375 1601 3442 28,
1625 3376 1697 3431 ad
1720 3375 2084 3441 Flavianum,
2107 3378 2163 3430 et
2185 3372 2527 3429 relationem
2563 3373 2770 3446 synodi
2792 3374 2863 3429 ad
2885 3378 2941 3430 S.
2968 3380 3210 3433 Leonem
3234 3393 3302 3434 ex
3336 3379 3579 3452 antiqua
3615 3399 3738 3443 ver-

318 3459 496 3531 sione,
519 3467 735 3519 etcum
757 3462 1164 3536 episcoporum
1186 3463 1721 3538 subscriptionibus
1742 3463 1994 3520 exhibet.

1471 3611 1497 3667 §
1524 3606 1650 3657 XIX.
1685 3607 1756 3658 De
1787 3606 2095 3657 collectione
2127 3604 2341 3655 decima
2368 3609 2573 3656 octava.

383 3730 472 3786 38.
498 3730 668 3788 Nunc
689 3732 759 3787 de
781 3730 1038 3805 antiquis
1059 3731 1456 3805 peculiaribus
1478 3730 1860 3806 epistolarum
1880 3731 1938 3787 S.
1963 3729 2171 3786 Leonis
2193 3728 2655 3786 collectionibus.
2683 3730 2748 3785 In
2768 3734 2996 3788 vetusto
3017 3733 3287 3809 Catalogo
3309 3739 3733 3814 manuscripto-

321 3834 446 3876 rum
468 3820 837 3879 bibliothecae
858 3821 1545 3890 monasteriiBobiensis,
1569 3838 1744 3894 quem
1767 3838 1835 3876 ex
1854 3819 2242 3876 Ambrosiano
2282 3819 2478 3875 codice
2517 3818 2811 3890 sazculilx,
2850 3820 2939 3877 vel
2978 3840 3033 3891 x,
3084 3823 3343 3898 vulgavit
3379 3828 3733 3892 Muratorius

313 3910 451 3964 tom.
474 3909 575 3965 III.
601 3909 885 3983 Antiquit.
912 3910 1093 3968 Italic.
1138 3911 1283 3967 diss.
1306 3912 1396 3978 ΔΘ,
1424 3928 1555 3985 pag.
1580 3911 1707 3977 8l9,
1730 3911 1853 3966 hac
1877 3910 2155 3982 leguntur
2184 3925 2197 3964 :
2221 3912 2365 3964 Item
2386 3909 2460 3966 de
2473 3909 2789 3967 canonibus
2832 3911 2984 3967 inter
3024 3914 3604 3985 majorcselminore:
3626 3926 3732 3979 lia-

316 3997 519 4054 bentur
547 3999 679 4054 libri
696 4015 982 4056 canonum
1012 4018 1103 4069 xv,
1119 4010 1176 4056 et
1206 4001 1339 4057 libri
1364 4002 1745 4070 epistolarum
1763 4000 1962 4057 Leonis
1980 4014 2042 4055 ιι.
2067 3999 2197 4054 Haec
2220 3998 2422 4071 procul
2447 3998 2626 4055 dubio
2648 3999 2959 4071 peculiaris
2977 4006 3104 4058 erat
3124 4004 3506 4077 epistolarum
3531 4010 3732 4068 Leonis

318 4086 596 4155 collectio,
630 4090 797 4162 cujus
819 4089 933 4145 duo
956 4090 1224 4163 exempla
1243 4090 1494 4146 duorum
1517 4089 1802 4147 librorum
1829 4088 2064 4145 nomine
2087 4088 2400 4143 indicatur.
2423 4088 2479 4143 Si
2503 4084 2806 4162 catalogus
2827 4090 3082 4161 pertinet
3110 4094 3183 4149 ad
3227 4096 3507 4154 saeculum
3530 4117 3605 4170 Ix,
3643 4101 3735 4159 vel

316 4193 369 4244 x,
392 4177 462 4233 de
482 4181 773 4235 vetustate
795 4177 1059 4251 ipsarum
1082 4178 1492 4235 collectionum
1517 4197 1619 4236 seu
1641 4179 1909 4237 codicum
1932 4178 2031 4250 qui
2063 4178 2121 4232 in
2144 4194 2210 4234 eo
2249 4176 2585 4245 laudantur,
2627 4178 2762 4250 quis
2799 4179 3074 4237 dubitet?
3111 4182 3475 4243 Desiderium
3517 4188 3731 4246 Montis

314 4264 501 4322 Casini
521 4266 817 4337 abbatem,
841 4266 941 4341 qui
965 4272 1168 4340 postea
1191 4268 1299 4325 fuit
1318 4268 1515 4325 Victor
1534 4286 1686 4343 papa
1706 4270 1806 4337 III,
1841 4268 1992 4324 inter
2027 4271 2264 4323 caeteros
2286 4266 2514 4322 codices
2535 4282 2683 4337 quos
2723 4268 3087 4326 bibliothecae
3127 4272 3424 4330 Casinensi
3466 4278 3726 4349 acquisi-

312 4353 409 4422 vit,
434 4359 644 4427 praater
660 4355 878 4413 librum
901 4374 1241 4414 sermonum
1263 4358 1322 4414 S.
1350 4358 1556 4414 Leonis
1576 4373 1949 4431 comparasse
1981 4356 2157 4412 etiam
2180 4353 2580 4412 collectionem
2604 4355 3008 4428 epistolarum,
3031 4359 3142 4416 Leo
3182 4360 3507 4420 Hostiensis
3544 4367 3732 4424 tradit

310 4441 413 4513 lib.
437 4460 520 4511 ιιι,
542 4460 593 4499 c.
615 4446 706 4512 63,
732 4445 997 4502 uhihanc
1018 4447 1334 4517 registrum
1368 4447 1563 4503 Leonis
1592 4463 1759 4518 papae
1779 4445 2054 4521 appellat.
2081 4445 2252 4501 Liber
2272 4461 2611 4503 sermonum
2632 4445 2693 4502 in
2723 4446 3167 4507 eahibliotheca
3188 4450 3380 4507 adhuc
3422 4458 3725 4526 servatur;

307 4532 377 4587 21
397 4533 710 4604 νεαίειναηι
727 4534 1113 4606 epistolarum
1133 4535 1361 4592 defecit.
1386 4536 1498 4593 Sed
1511 4536 1632 4592 hinc
1649 4536 2026 4609 epistolarum
2052 4533 2313 4591 collectio
2329 4532 2666 4591 recentioris
2680 4534 2805 4601 aavi,
2822 4534 3043 4599 scilicet
3055 4536 3249 4593 saeculi
3263 4555 3339 4607 x1,
3362 4541 3730 4612 probabilius

306 4619 437 4690 fuit,
461 4622 616 4679 sicut
637 4628 696 4681 et
715 4623 1117 4682 collectionem
1153 4641 1513 4695 sermonum,
1538 4642 1667 4698 qua:
1688 4628 1973 4699 superest,
1996 4622 2374 4682 recentiorem
2396 4640 2542 4692 esse,
2568 4623 2626 4679 in
2649 4623 2986 4696 praefatione
3026 4625 3098 4682 ad
3120 4643 3420 4687 sermones
3458 4631 3726 4697 animad-

302 4710 617 4769 vertimus.

372 4799 467 4856 39.
500 4801 605 4858 Hic
627 4806 825 4859 autem
847 4819 982 4860 cum
1013 4804 1083 4860 de
1114 4804 1378 4878 antiquis
1397 4804 1840 4863 collectionibus
1870 4818 2061 4861 sermo
2084 4802 2179 4872 sit,
2202 4801 2263 4859 in
2285 4817 2433 4875 quas
2453 4800 2594 4859 olim
2616 4817 2685 4858 ex
2706 4799 2955 4860 archivis
2976 4803 3193 4875 omnia,
3216 4805 3304 4863 vel
3346 4807 3555 4867 saltem
3597 4810 3725 4884 plu-

298 4887 458 4946 rima
475 4889 639 4947 fuere
659 4890 936 4959 derivata,
960 4892 1139 4949 codex
1158 4892 1539 4962 Grimanitus,
1566 4911 1680 4967 quo
1701 4892 2050 4961 Quesnellus
2063 4907 2233 4949 suam
2256 4890 2574 4947 editionem
2596 4890 2849 4948 maxime
2868 4890 3201 4964 illustravit,
3226 4912 3354 4953 sese
3368 4898 3627 4971 primum
3649 4901 3731 4957 of-

294 4978 432 5037 fert.
456 4979 605 5037 Cum
626 4980 695 5037 de
716 4981 825 5040 hac
845 4981 1065 5056 insigni
1085 4981 1441 5054 collectione,
1465 4984 1557 5039 cui
1582 4984 1873 5041 decimum
1897 4986 2162 5040 octavum
2186 4980 2378 5037 locum
2400 4979 2738 5051 tribuimus,
2764 4980 2949 5043 multa
2972 4983 3320 5050 Quesnellus
3340 4987 3644 5043 tradiderit
3664 4987 3724 5043 in

294 5067 561 5144 generali
578 5066 936 5142 praefatione,
958 5088 1136 5145 quam
1158 5076 1367 5128 nostrae
1389 5072 1529 5128 item
1547 5072 1803 5145 generali
1825 5071 2209 5142 subjecimus,
2241 5085 2307 5125 eo
2330 5067 2605 5125 lectorem
2646 5068 3043 5139 remittimus;
3090 5090 3276 5147 neque
3319 5073 3477 5131 enim
3515 5073 3722 5129 eadem

291 5161 561 5235 repetere
579 5175 728 5232 opus
745 5163 858 5218 est.
881 5160 1084 5218 Solum
1106 5160 1464 5219 advertimus
1485 5162 1546 5216 P.
1571 5162 1998 5227 Constantium,
2022 5160 2079 5215 in
2103 5157 2438 5230 praefatione
2460 5157 2531 5213 ad
2555 5156 2737 5229 Epist.
2765 5158 2932 5215 Rom.
2956 5162 3165 5234 pontif.
3218 5181 3275 5219 n.
3322 5162 3453 5230 466,
3493 5159 3722 5234 opinari

285 5246 452 5307 hunc
469 5249 733 5307 codicem
755 5254 892 5307 ante
911 5267 1097 5308 annos
1116 5252 1221 5305 700
1241 5250 1424 5308 fuisse
1443 5251 1827 5325 descriptum,
1852 5252 1910 5308 id
1931 5255 2020 5307 est
2038 5267 2073 5304 x
2093 5246 2323 5304 circiter
2344 5244 2555 5303 saeculo
2581 5264 2594 5315 ;
2620 5246 2813 5320 ipsam
2836 5252 3033 5307 autem
3056 5250 3460 5308 collectionem
3502 5249 3725 5307 deriva-

284 5339 415 5395 tam
434 5341 605 5411 putat
623 5356 695 5396 ex
710 5339 949 5399 archivo
968 5339 1231 5411 Ecclesiae
1256 5340 1529 5398 Romanae
1555 5359 1568 5409 ;
1594 5342 1737 5399 adeo
1758 5342 1915 5398 enim
1938 5338 2154 5396 multas
2175 5335 2498 5410 peculiares
2526 5333 2807 5410 epistolas
2839 5339 3094 5409 exhibet,
3120 5358 3271 5413 quas
3291 5339 3429 5397 alibi
3452 5337 3719 5412 potuisse

288 5426 541 5499 reperiri
566 5428 807 5487 difficile
825 5435 933 5487 est.
960 5432 1112 5487 Inter
1132 5429 1409 5503 epistolas
1430 5430 1652 5487 scilicet
1672 5431 1771 5487 407
1796 5429 2022 5501 Leonis,
2046 5444 2177 5501 quae
2196 5427 2256 5483 in
2276 5444 2342 5483 eo
2365 5426 2562 5483 codice
2600 5428 2994 5496 continentur,
3017 5429 3272 5501 epistolae
3315 5444 3493 5486 xxvm
3549 5434 3723 5491 antea

291 5514 527 5572 inedita;
556 5517 768 5577 exinde
789 5521 1132 5594 prodierunt
1153 5518 1436 5575 nimirum
1458 5536 1577 5577 una
1593 5521 1664 5577 ad
1691 5520 2054 5585 Flavianum,
2078 5516 2250 5590 epist.
2271 5519 2341 5572 27
2367 5534 2380 5585 ;
2405 5532 2524 5572 una
2543 5516 2615 5571 ad
2639 5517 2940 5586 Faustum,
2981 5517 3151 5589 epist.
3191 5519 3300 5586 75;
3339 5522 3468 5576 octo
3507 5519 3577 5577 ad
3616 5520 3720 5578 Ju-

292 5600 550 5677 lianum,
585 5607 759 5681 epist.
782 5610 873 5679 86,
895 5614 983 5677 92,
1009 5611 1129 5677 117,
1156 5608 1428 5680 13Ι,Ι40,
1452 5609 1574 5679 iii,
1620 5611 1722 5667 147
1767 5615 1821 5668 et
1861 5612 1909 5667 1ε

2100 5623 2162 5665 1a
2199 5606 2270 5663 ad
2310 5604 2913 5678 Paschasinum,epist
2947 5604 3056 5674 88;
3099 5610 3349 5679 quatuor
3395 5609 3467 5667 ad
3506 5610 3717 5669 Anato.
