4096 6164
451 321 567 389 87i
1271 316 1689 384 PREFA’I‘IO
1732 318 1811 383 IN
1853 318 2279 387 EPISTOLAS
2331 316 2398 388 δ’.
2442 323 2719 390 LEONIS
2764 323 3037 392 MAGNI.
3711 337 3811 402 512

450 458 813 534 lium,‘epist.
838 455 925 527 9|,
944 455 969 514 4
981 456 1070 524 43,
1088 454 1192 517 4ιι6
1214 457 1271 512 et
1293 454 1396 510 157
1426 473 1439 513 :
1475 460 1726 528 quatuor
1747 456 1819 513 ad
1859 455 2067 513 Marcia

2182 475 2242 525 n,
2284 458 2455 532 epist.
2507 462 2625 530 126,
2667 460 2791 532 428,
2834 464 2938 518 137
2977 466 3034 520 et
3074 463 3213 535 142;
3265 480 3374 523 una
3411 466 3479 524 ad
3510 468 3799 531 Proterinm

446 548 921 616 Alexandrinum,
943 544 1113 619 epist.
1144 545 1243 600 129
1265 563 1279 614 ;
1302 562 1421 601 una
1441 545 1514 601 ad
1539 545 1792 615 Aetium,
1814 544 1982 619 epist.
2007 546 2111 603 453
2134 564 2148 616 ;
2174 564 2291 604 una
2311 549 2382 604 ad
2422 548 2703 606 Basilium
2742 550 3173 609 Antiochenum
3217 552 3385 627 epist.
3422 555 3554 625 149;
3591 574 3700 615 una
3741 563 3803 619 ad

446 641 794 698 Euxitheum
815 634 1415 702 Thessalonicensem,
1440 635 1611 708 epist.
1637 637 1738 692 150
1762 653 1774 703 ;
1799 639 1915 691 tres
1939 638 2008 692 ad
2033 637 2348 710 Egyptios,
2372 639 2540 711 epist.
2565 639 2687 703 454,
2735 639 2839 696 458
2859 644 2917 697 et
2963 641 3103 709 46ος
3148 658 3265 698 una
3300 642 3370 699 ad
3408 644 3632 703 clericos
3669 652 3801 706 Con-

444 725 1013 800 stantinopolitanos,
1036 725 1207 798 epist.
1232 725 1327 780 161
1357 742 1369 792 ;
1396 728 1451 781 et
1473 741 1591 779 una
1612 725 1682 780 ad
1706 726 1949 780 Leonem
1978 728 2328 799 Augustum,
2355 727 2523 799 epist.
2557 729 2673 784 164.

511 819 601 876 40.
643 818 770 876 Non
827 832 1031 872 omnes
1084 818 1281 870 tamen
1336 813 1516 879 hujus
1573 813 1929 870 collectionis
1985 831 2054 870 ex
2108 816 2369 872 Romano
2428 822 2528 872 aut
2583 835 2650 874 ex
2689 818 2801 874 alio
2842 820 3045 892 quovis
3084 820 3313 877 archivo
3353 822 3655 896 desumptae
3698 826 3797 883 dici

440 911 684 984 queunt.
707 907 853 962 Nam
874 921 1010 961 cum
1041 903 1296 976 epistolae
1318 904 1389 958 ad
1413 903 1716 958 Rusticum
1740 902 1893 958 tituli
1915 904 2252 976 Dionysiani
2275 907 2489 978 praefixi
2526 906 2813 978 legantur,
2838 908 3036 981 aliqua
3071 909 3434 966 collectorem
3469 916 3524 968 et
3560 913 3800 987 Dionysio

438 997 766 1071 sumpsisse
795 994 994 1068 negari
1018 1010 1133 1049 non
1148 996 1355 1065 potest.
1377 991 1505 1046 Alia
1521 991 1793 1048 similiter
1813 992 2070 1049 derivare
2083 994 2267 1065 potuit
2282 1012 2349 1050 ex
2363 995 2493 1051 aliis
2506 995 2946 1053 collectionibus
2964 998 3413 1072 antiquioribus,
3427 1016 3490 1056 ac
3512 1003 3802 1073 praesertim

436 1106 505 1145 ex
525 1088 594 1144 47
615 1083 1091 1150 Chalcedonensi,
1116 1099 1184 1138 ex
1206 1099 1322 1154 qua
1343 1098 1482 1137 sane
1499 1081 1625 1136 sola
1644 1081 1878 1138 haurire
1898 1082 2083 1154 potuit
2107 1083 2412 1157 epistolam
2436 1086 2524 1152 43,
2545 1086 2616 1141 ad
2633 1086 3025 1143 Theodosium
3054 1107 3066 1155 ;
3090 1077 3225 1143 nam
3252 1090 3530 1162 praecipue
3566 1092 3805 1163 quaedam

435 1179 565 1251 ejus
584 1175 883 1242 lectiones,
905 1171 1116 1228 lacuna
1147 1176 1205 1226 et
1238 1171 1450 1227 menda
1481 1188 1514 1226 a
1546 1172 1740 1226 Graeco
1762 1175 1918 1226 textu
1963 1171 2228 1241 ejusdem
2263 1173 2624 1230 collectionis
2653 1175 2925 1247 pendent,
2960 1177 3114 1231 utin
3135 1176 3525 1234 admonitione
3567 1181 3805 1236 eamdem

433 1264 741 1339 epistolam
761 1261 951 1319 fusius
972 1260 1370 1317 ostendemus.
1390 1259 1675 1314 Fortassis
1697 1259 1869 1315 etiam
1896 1260 2116 1332 aliquid
2138 1262 2429 1332 posterius
2451 1280 2484 1318 a
2504 1264 2781 1336 quopiam
2806 1280 3163 1322 amanuense
3185 1266 3447 1323 additum
3470 1266 3598 1336 fuit;
3621 1271 3673 1324 et
3692 1286 3801 1341 pro-

432 1354 686 1413 habilius
708 1351 944 1425 quidem
967 1347 1273 1422 posteriori
1296 1347 1690 1404 additamento
1711 1349 2089 1406 tribuendum
2111 1350 2339 1406 videtur
2366 1352 2540 1408 unica
2561 1352 2895 1426 Symmachi
2926 1353 3194 1427 epistola,
3237 1373 3364 1427 quae
3404 1356 3463 1411 in
3502 1356 3611 1412 ﬁne
3647 1357 3803 1429 hujus

436 1445 653 1503 codicis
672 1442 906 1517 legitur.

505 1536 592 1591 41.
616 1532 818 1590 Solum
850 1526 1108 1603 epistolae
1131 1528 1203 1585 ad
1219 1526 1644 1599 Eutychianam
1673 1526 1942 1583 haeresim
1962 1528 2340 1600 pertinentes,
2367 1547 2493 1602 quae
2522 1530 2580 1586 in
2629 1530 2739 1586 hac
2778 1530 3115 1588 collectione
3145 1531 3344 1605 plures
3379 1548 3550 1606 quam
3586 1532 3728 1603 alibi,
3762 1539 3809 1591 et

429 1623 765 1691 rarissimae,
788 1619 1173 1685 inveniantur,
1202 1616 1251 1672 si
1276 1633 1389 1671 non
1408 1615 1644 1672 fuerunt
1666 1617 1855 1687 petita:
1875 1634 1944 1672 ex
1964 1616 2091 1690 ipso
2112 1619 2371 1674 Romano
2394 1620 2644 1687 archivo,
2669 1622 2727 1675 in
2751 1637 2867 1692 quo
2889 1621 3164 1694 epistolas
3182 1621 3253 1677 de
3296 1621 3408 1677 ﬁde
3450 1637 3553 1679 suo
3591 1638 3816 1695 quoque.

426 1720 688 1787 tempore
708 1710 891 1767 fuisse
912 1705 1565 1772 custoditas,auctorem
1589 1705 1944 1762 Pontiﬁcalis
1969 1707 2213 1763 Romani
2228 1712 2505 1764 testatum
2525 1708 2779 1765 vidimus
2794 1728 2956 1765 num.
2970 1714 3028 1776 2,
3046 1727 3115 1767 ex
3135 1710 3334 1784 aliqua
3355 1714 3506 1767 certe
3523 1711 3806 1768 vetustiore

427 1801 783 1865 collectione,
808 1815 936 1870 qua
959 1812 1027 1852 ex
1049 1795 1254 1850 eodem
1274 1793 1507 1849 archivo
1530 1798 1766 1866 sumpta
1789 1793 1916 1863 fuit,
1937 1794 2220 1867 originem
2242 1797 2317 1851 du
2328 1813 2451 1853 cere
2472 1797 2761 1853 videntur.
2782 1798 3140 1872 Simplicius,
3163 1798 3222 1853 in
3245 1797 3494 1871 epistola
3512 1800 3543 1854 4
3566 1799 3633 1855 ad
3652 1799 3808 1854 Zeno-

430 1890 565 1948 nem
584 1891 936 1961 Augustum,
956 1882 1161 1940 scribit
1182 1898 1245 1937 se
1263 1881 1337 1936 ad
1356 1880 1631 1936 Acacium
1657 1880 1891 1937 misisse
1909 1884 2253 1954 exemplaria
2284 1886 2603 1940 litterarum
2625 1886 2834 1942 Leonis
2856 1887 2926 1942 de
2950 1887 3062 1943 ﬁde
3087 1905 3101 1956 ;
3124 1890 3184 1941 at
3205 1887 3363 1943 solas
3393 1892 3666 1943 memorat
3698 1886 3807 1960 epi-

429 1979 610 2038 stolas
632 1978 703 2033 ad
726 1973 1108 2037 Marcianum,
1124 1971 1373 2027 Leonem
1393 1974 1748 2042 Augustum,
1776 1975 1833 2025 et
1856 1972 2143 2043 synodum
2166 1972 2721 2030 Chalcedonensem.
2737 1975 3065 2032 Pleniorem
3077 1992 3209 2032 vero
3227 1976 3494 2047 ejusdem
3512 1974 3809 2050 argumenti

428 2065 827 2127 collectionem
846 2060 1098 2135 Vigilius
1118 2077 1270 2133 papa
1290 2058 1361 2115 ad
1385 2058 1769 2115 Justitianum
1791 2060 1986 2127 misit;
2013 2078 2147 2116 nam
2175 2061 2345 2134 epist.
2373 2065 2403 2118 4
2422 2064 2493 2119 ad
2527 2065 2799 2120 eumdem
2821 2064 2903 2121 ait
2928 2082 2940 2120 ;
2996 2067 3059 2122 Ut
3104 2073 3302 2120 cuncta
3308 2067 3566 2137 pietatem
3608 2067 3808 2120 vestram

429 2158 727 2230 informant
879 2151 1049 2208 beatas
1078 2148 1471 2205 recordationis
1502 2149 1913 2219 praedecessoris
1947 2153 2127 2206 nostri
2150 2167 2312 2223 papae
2343 2154 2553 2219 Leonis,
2599 2171 2715 2224 quae
2744 2154 2969 2211 diversis
2995 2155 3065 2209 ad
3123 2137 3402 2211 Orientem
3445 2158 3572 2211 sunt
3623 2154 3805 2211 directa

423 2245 752 2319 temporibus
780 2243 1092 2305 constituta,
1125 2246 1329 2310 quanta
1357 2236 1421 2292 de
1437 2238 1699 2308 plurimis
1731 2240 1791 2292 in
1820 2242 2083 2310 praesenti
2116 2244 2424 2296 necessaria
2455 2242 2752 2310 credimus,
2786 2243 3272 2315 superadjecimus,
3334 2250 3574 2315 rogantes
3603 2284 3616 2298 .
3640 2283 3652 2297 .
3680 2283 3693 2297 .
3720 2284 3731 2297 .
3760 2246 3810 2296 ut

422 2335 683 2392 universa
710 2334 884 2403 tegere
906 2331 1083 2401 pietas
1112 2330 1291 2383 vestra
1318 2325 1591 2397 dignetur,
1617 2343 1688 2382 ne
1709 2327 1921 2399 aliquid
1948 2330 2183 2400 supersit
2216 2330 2357 2399 quod
2376 2333 2605 2385 minime
2634 2332 2928 2403 relegatur.
2947 2330 3219 2404 Aliquam
3240 2335 3401 2388 certe
3424 2329 3697 2403 ejusmodi
3716 2328 3811 2386 col-

421 2423 730 2497 lectionem
750 2417 1131 2493 epistolarum
1161 2415 1367 2472 Leonis
1389 2416 1460 2471 de
1481 2415 1594 2471 ﬁde
1605 2420 1806 2472 contra
1826 2417 2215 2490 Eutychianos
2227 2418 2367 2474 olim
2388 2421 2541 2490 apud
2559 2420 2793 2476 Latinos
2816 2421 3119 2494 vulgatam
3144 2419 3331 2477 fuisse
3354 2421 3595 2494 probare
3611 2418 3811 2475 videtur

427 2512 670 2585 antiqua
688 2505 1066 2583 professionis
1088 2505 1359 2573 formula,
1388 2521 1515 2577 quae
1536 2504 1753 2578 legitur
1770 2506 1945 2562 etiam
1970 2511 2112 2562 tom.
2146 2507 2191 2562 X
2229 2507 2618 2564 Conciliorum
2656 2525 2788 2581 pag.
2833 2510 2971 2565 1388
3018 2508 3173 2565 edit.‘
3208 2508 3470 2578 Venetae,
3513 2509 3604 2565 his
3647 2506 3809 2563 verbis

428 2615 737 2675 expressa:
760 2596 863 2654 Sed
881 2600 933 2652 et
962 2594 1246 2667 epistolam
1274 2593 1446 2650 beatae
1475 2594 1865 2650 recordationis
1895 2595 2088 2651 Leonis
2119 2598 2425 2668 apostolicae
2454 2597 2593 2654 sedis
2616 2599 2881 2654 antistitis
2913 2598 2982 2653 ad
3011 2599 3347 2654 Flavianum
3365 2596 3812 2668 Constantinopoli-

426 2699 620 2749 εαηανη
647 2689 952 2760 episcopum
978 2683 1185 2749 datam,
1201 2691 1254 2738 et
1274 2698 1457 2738 omnes
1484 2684 1601 2754 ejus
1630 2684 1986 2754 epistolas,de
2011 2685 2142 2755 ﬁdei
2168 2687 2432 2757 ﬁrmitate
2439 2688 2785 2761 perscriptas,
2805 2704 2907 2759 per
2935 2690 3143 2755 omnia,
3176 2695 3228 2744 et
3261 2691 3321 2743 in
3354 2686 3813 2745 omnibusinviota—

428 2781 614 2838 biliter
640 2776 932 2843 custodire,
955 2781 1008 2829 et
1028 2772 1198 2828 libere
1214 2787 1426 2843 semper
1448 2772 1756 2844 praedicare
1779 2773 2059 2845 proﬁteor.
2082 2775 2242 2831 Hanc
2263 2792 2392 2831 vero
2416 2775 2814 2832 collectionem
2836 2776 3053 2850 Vigilii,
3077 2793 3255 2848 quam
3299 2778 3362 2834 in
3409 2778 3537 2834 cod.
3567 2775 3810 2848 Ratispo-

429 2869 597 2927 nensi
618 2865 786 2925 nobis
807 2865 1207 2922 conservatam
1231 2878 1474 2918 numero
1497 2862 1763 2933 sequenti
1780 2862 1922 2918 satis
1947 2863 2322 2934 probabiliter
2334 2866 2733 2935 ostendemus,
2758 2866 3105 2922 Grimanicze
3126 2866 3493 2924 collectionis
3513 2870 3808 2924 auctornon

424 2957 697 3017 adhibuit
728 2974 742 3027 ;
766 2969 954 3027 neque
976 2951 1132 3010 enim
1152 2965 1357 3007 omnes
1380 2967 1506 3024 quae
1529 2951 1589 3006 in
1611 2968 1678 3007 ea
1701 2951 2071 3008 continentur
2091 2952 2367 3027 epistolas
2383 2954 2714 3028 descripsit,
2739 2973 2804 3012 ac
2825 2960 3131 3029 propterea
3155 2972 3221 3012 ex
3244 2955 3378 3014 aliis
3400 2955 3649 3031 ingnotis
3660 2954 3808 3010 fonti-

424 3049 540 3106 bus
560 3044 763 3104 ebibit.

534 3202 559 3260 §
588 3196 689 3248 XX.
712 3197 785 3246 De
814 3192 1251 3259 praestantissima
1281 3191 1587 3242 collectione
1617 3191 1823 3242 decima
1851 3204 2017 3254 nona,
2044 3193 2439 3259 Ratisponensi,
2476 3194 2630 3259 cujus
2662 3198 2861 3271 auctor
2894 3194 3105 3247 videtur
3131 3194 3299 3247 fuisse
3330 3196 3549 3263 Vigilius
3575 3208 3718 3261 papa.
3822 3194 3827 3199 “

492 3311 993 3387 42.Αῐιιίεμιὶοι·θω
1013 3325 1146 3365 vero
1164 3306 1515 3377 Grimanica,
1530 3312 1586 3365 et
1598 3308 2099 3381 aliquanto,etiam
2120 3310 2578 3382 praestantiorem
2591 3312 2884 3369 credimus
2897 3312 3299 3370 collectionem
3322 3313 3453 3370 Rati
3463 3326 3809 3387 sponensem,

423 3421 603 3479 quam
624 3400 953 3459 invenimus
974 3399 1035 3454 in
1057 3398 1255 3454 codice
1277 3397 1638 3454 bibliothecae
1659 3398 1719 3454 S.
1744 3398 2116 3454 Emmerami.
2141 3401 2197 3455 Is
2219 3399 2374 3455 enim
2398 3401 2597 3469 codex,
2624 3402 2724 3473 qui
2749 3401 2895 3457 nulli
2929 3402 3212 3458 hactenus
3246 3401 3498 3458 editioni
3536 3400 3662 3457 usui
3697 3397 3811 3465 fuit,

421 3512 540 3553 non
562 3492 754 3550 solum
774 3488 1037 3547 exhibuit
1055 3488 1258 3545 decem
1278 3491 1335 3544 et
1354 3503 1455 3543 sex
1474 3486 1750 3560 epistolas
1785 3487 1925 3544 olim
1963 3486 2236 3557 ineditas,
2277 3493 2591 3562 antequam
2631 3506 2699 3547 ex
2737 3508 2848 3547 ms.
2889 3491 3222 3549 Grimanico
3265 3492 3592 3565 prodirent,
3611 3505 3672 3547 ac
3706 3492 3815 3544 octo

423 3601 549 3660 qua
572 3581 764 3639 solum
794 3579 1070 3654 leguntur
1089 3577 1150 3633 in
1172 3594 1317 3634 mss.
1340 3575 1698 3633 collectionis
1722 3577 1807 3645 12,
1827 3581 1885 3633 et
1904 3594 2082 3633 unam
2105 3595 2230 3651 quae
2246 3582 2433 3635 exstat
2453 3580 2513 3635 in
2527 3579 3170 3637 rarissimacollection.
3195 3582 3283 3650 16,
3299 3587 3485 3655 atque
3505 3579 3813 3649 aliam,quaa

421 3676 483 3731 in
506 3672 631 3730 sola
650 3669 972 3728 collection.
994 3669 1083 3736 23,
1098 3684 1301 3725 verum
1322 3667 1498 3722 etiam
1519 3670 1637 3723 tres
1659 3665 1802 3721 alias
1822 3665 2105 3723 hactenus
2124 3667 2453 3740 incognitas
2475 3668 2644 3725 nobis
2665 3669 3056 3743 suppeditavit
3075 3669 3148 3726 ad
3180 3671 3609 3743 Eutychianam
3646 3667 3813 3723 histo-

421 3763 570 3821 riam
591 3759 1003 3817 illustrandam
1026 3755 1277 3811 maxime
1299 3755 1492 3824 utiles,
1519 3754 1797 3810 nimirum
1819 3755 1967 3811 duas
1988 3757 2059 3811 ad
2080 3756 2381 3812 Julianum
2406 3758 2575 3830 epist.
2603 3759 2706 3813 109
2726 3763 2783 3814 et
2804 3759 2922 3827 11ι4,
2938 3758 3187 3827 ηθῐᾶιίαω
3209 3758 3276 3814 ad
3305 3758 3641 3816 Anatolium
3662 3754 3808 3828 epist.

420 3853 546 3911 454.
580 3851 860 3907 Praeterea
879 3846 976 3901 hic
997 3845 1175 3900 codex
1194 3842 1556 3899 emendatior
1575 3842 1904 3899 estmulto:
1947 3845 2102 3900 unde
2123 3844 2301 3918 hujus
2340 3845 2607 3918 praesidio
2646 3847 2935 3918 quasdam
2974 3845 3251 3903 lectiones
3291 3850 3425 3904 tute
3463 3847 3803 3908 conﬁrmare,

421 3940 593 4014 plura
611 3940 809 3994 autem
829 3934 955 3990 loca
974 3936 1110 3988 ante
1132 3933 1447 4004 depravata
1478 3931 1764 4004 corrigere
1793 3934 1852 3986 et
1890 3934 2196 3989 restituere
2227 3931 2411 3990 licuit.
2438 3922 2613 3991 Solas‘
2651 3933 2929 4006 epistolas
2968 3935 3041 3992 ad
3088 3934 3520 4009 Eutychianam
3559 3931 3803 3991 haeresim

422 4026 781 4103 pertinentes
801 4022 923 4078 haec
946 4020 1208 4078 collectio
1231 4018 1657 4092 complectitur,
1680 4036 1797 4075 non
1818 4022 2013 4076 tamen
2037 4038 2241 4078 omnes
2276 4024 2518 4091 ;desunt
2533 4022 2690 4079 enim
2712 4023 2920 4097 aliqua:
2941 4024 3208 4096 ejusdem
3230 4024 3587 4098 argumenti,
3611 4038 3726 4095 qua
3754 4018 3805 4073 in

421 4115 554 4174 aliis
583 4111 938 4187 quibusdam
964 4108 1355 4183 peculiaribus
1377 4108 1815 4166 collectionibus
1834 4112 2240 4168 tantummodo
2263 4112 2653 4184 reperiuntur.
2688 4113 2833 4168 Hinc
2855 4116 3051 4169 autem
3091 4114 3391 4185 ejusmodi
3430 4113 3805 4171 collectionem

422 4201 631 4263 Leonis
651 4217 768 4257 avo
789 4214 1104 4272 supparem
1123 4198 1281 4254 haud
1301 4214 1431 4254 esse
1462 4195 1793 4270 colligimus
1817 4216 1830 4266 ;
1855 4198 1904 4254 si
1925 4198 2082 4254 enim
2105 4200 2214 4255 sub
2237 4200 2447 4257 Leonis
2466 4204 2694 4258 aetatem
2718 4206 3025 4274 compacta
3047 4201 3271 4269 fuisset,
3308 4219 3523 4261 omnes
3543 4202 3601 4257 in
3623 4216 3686 4256 ea
3702 4195 3808 4269 epi-

420 4292 581 4352 stolae
594 4292 667 4348 ad
688 4288 1078 4363 Eutychianos
1102 4288 1455 4361 pertinentes
1475 4286 1730 4343 collectae
1747 4287 2095 4360 legerentur.
2122 4290 2290 4346 Forte
2315 4289 2437 4346 haec
2459 4289 2665 4346 estilla
2693 4290 2952 4347 collectio
2975 4307 3154 4363 quam
3184 4290 3478 4364 Vigilium
3499 4288 3807 4364 pontiﬁcem

420 4384 494 4442 ad
512 4380 913 4440 Justinianum
938 4377 1170 4433 misisse
1190 4376 1447 4432 vidimus
1470 4392 1713 4431 numero
1736 4376 2098 4448 praecedenti.
2125 4377 2394 4450 Pelagius
2415 4376 2572 4434 enim
2597 4379 2890 4434 secundus
2912 4378 2973 4433 in
3005 4378 3177 4451 epist.
3217 4380 3271 4449 3,
3313 4381 3392 4436 ad
3431 4379 3613 4437 Eliam
3652 4371 3809 4446 Aqui-

419 4470 721 4536 leiensem,
742 4466 940 4539 cap.3,
968 4470 1007 4522 t.
1032 4464 1105 4521 VI
1127 4463 1372 4531 Concil.,
1404 4463 1680 4520 editionis
1701 4463 1847 4521 Ven.
1891 4480 2021 4537 pag.
2061 4465 2191 4533 261,
2213 4464 2387 4533 hanc,
2431 4469 2496 4521 ut
2531 4465 2778 4533 videtur,
2812 4464 3013 4539 Vigilii
3051 4467 3497 4539 praedecessoris
3535 4466 3624 4523 cui
3658 4460 3808 4519 colle-

420 4561 674 4618 ctionem
696 4555 1036 4626 respiciens,
1060 4553 1301 4611 scribit:
1326 4555 1365 4609 A
1395 4553 1683 4609 dilectione
1713 4555 1888 4622 igitur
1917 4562 2094 4610 vestra
2108 4556 2356 4625 primum
2387 4556 2758 4611 testimonium
2791 4558 2981 4612 sancti
3003 4556 3422 4628 praedecessoris
3458 4556 3631 4613 nostri
3644 4547 3811 4619 Leonis

375 4636 383 4647 ’
415 4650 664 4722 ponitur,
687 4644 825 4718 quod
850 4646 911 4698 in
925 4645 1042 4715 ejus
1061 4644 1289 4716 epistola
1308 4659 1518 4699 ULTIMA
1538 4644 1866 4699 continetur.
1891 4643 2195 4699 Estautem
2218 4644 2619 4700 testimonium
2640 4660 2705 4700 ex
2726 4644 2895 4716 epist.
2922 4645 3048 4714 162,
3063 4661 3189 4717 quae
3226 4661 3364 4701 cum
3387 4639 3809 4714 ultimaquidem

418 4738 496 4795 sit
515 4737 574 4791 in
596 4750 708 4791 ms.
733 4732 1166 4804 Ratisponensi,
1191 4732 1284 4788 hic
1303 4732 1483 4788 codex
1500 4730 1697 4805 Vigilii
1716 4730 2118 4788 collectionem
2139 4733 2434 4789 continere
2452 4733 2606 4788 credi
2629 4736 2835 4806 potest.
2858 4732 2923 4788 In
2945 4732 3055 4789 hac
3109 4751 3251 4790 sane
3296 4752 3419 4791 non
3465 4748 3683 4798 omnes,
3723 4723 3810 4783 sed

423 4823 650 4898 aliquot
672 4826 904 4879 tantum
925 4820 1247 4895 praecipuas
1260 4820 1469 4877 Leonis
1493 4819 1769 4894 epistolas
1797 4820 1862 4876 de
1879 4820 2144 4891 plurimis
2172 4838 2238 4877 ac
2258 4821 2665 4878 Eutichianam
2687 4820 2956 4878 haeresim
3006 4821 3437 4894 pertinentibus
3486 4818 3727 4894 Vigilius
3760 4826 3837 4874 se.

423 4913 726 4987 collegisse
744 4914 993 4968 testatur
1015 4911 1168 4983 quod
1195 4909 1522 4966 collectioni
1547 4908 1955 4982 Ratisponensi
1980 4909 2231 4965 maxime
2253 4910 2538 4984 congruit.
2565 4908 2728 4965 Solas
2751 4926 2921 4983 porro
2940 4910 3221 4983 epistolas
3244 4911 3456 4984 Leonis
3493 4904 3813 4980 compilator

421 5001 674 5077 collegit,
694 5017 812 5057 non
838 5015 974 5056 vero
997 4999 1247 5056 aliorum
1269 5000 1340 5055 ad
1363 4998 1637 5055 Leonem.
1676 4997 1953 5054 Ordinem
1993 4997 2472 5073 chronologicum
2515 5002 2752 5056 secutus
2793 5002 2904 5071 est,
2944 5015 3045 5056 sex
3084 4997 3356 5072 epistolis
3394 4996 3668 5071 exceptis,
3702 5004 3812 5063 qua?

421 5098 584 5151 extra
604 5088 906 5164 proprium
930 5088 1121 5144 locum
1136 5086 1427 5144 collocatae
1449 5087 1745 5160 leguntur.
1761 5085 2032 5159 Epistolm
2057 5104 2182 5160 quae
2197 5087 2254 5142 in
2272 5088 2382 5144 hac
2402 5087 2739 5145 collectione
2760 5088 3193 5158 describuntur,
3218 5089 3501 5146 suntdus
3531 5090 3587 5144 et
3607 5084 3814 5164 septua-

421 5162 917 5255 ginta,_ita'tamen
941 5181 1003 5232 ut
1020 5177 1256 5232 num.7l
1272 5219 1285 5244 ,
1309 5176 1435 5232 loco
1455 5175 1733 5248 epistolae,
1755 5175 2162 5232 describantur
2173 5179 2509 5251 exemplaria
2523 5179 2979 5245 testimoniorum,
2995 5194 3097 5234 seu
3118 5177 3220 5234 illa
3238 5179 3480 5234 Patrum
3503 5162 3816 5255 testimonia

423 5246 551 5342 quae
582 5246 979 5340 subjiciuntur
997 5265 1253 5338 epistolae
1282 5270 1339 5323 S.
1367 5246 1650 5323 Leonisin
1673 5266 1871 5319 nostra
1886 5263 2139 5321 editione
2162 5267 2283 5334 165,
2308 5246 2380 5323 ad
2412 5268 2662 5323 Leonem
2710 5268 3063 5339 Augustum.
3118 5266 3337 5324 Ultima
3371 5281 3545 5338 porro
3590 5246 3817 5333 epistola

425 5355 631 5413 mutila
649 5359 756 5423 est,
791 5370 857 5411 eo
878 5355 1035 5427 quod
1050 5355 1229 5411 codex
1248 5358 1545 5426 postrema
1570 5352 1783 5425 pagina
1819 5357 2029 5408 careat.
2074 5355 2498 5429 Antiquitatem
2520 5355 2699 5428 hujus
2721 5355 2939 5412 codicis
2961 5357 3157 5429 prodit
3178 5354 3401 5413 notatio
3444 5369 3573 5427 quae
3622 5345 3818 5421 legitur

425 5445 487 5501 in
509 5445 701 5517 prima
720 5444 934 5517 pagina
953 5444 1048 5502 his
1066 5443 1259 5500 verbis
1288 5460 1302 5499 :
1327 5446 1499 5499 Istum
1520 5443 1728 5498 librum
1756 5440 1905 5498 dedit
1932 5442 2080 5512 Luog
2117 5445 2188 5500 ad
2238 5445 2499 5503 Sanctum
2537 5446 2943 5501 Emmeramum
2974 5461 3079 5518 pro
3108 5447 3307 5503 Tutone
3343 5443 3607 5516 episcopo,
3646 5444 3695 5493 εἰ
3732 5444 3817 5505 Pr”

430 5532 665 5589 remedio
686 5534 894 5591 animm
908 5549 1044 5590 suae.
1066 5534 1169 5591 Hic
1190 5537 1386 5590 autem
1406 5534 1555 5589 Tuto
1577 5530 1989 5604 Ratisponensi
2007 5533 2274 5591 Ecclesiae
2297 5535 2529 5609 praefuit
2551 5535 2623 5591 ab
2646 5551 2740 5591 an.
2775 5534 2874 5591 891
2914 5552 3101 5609 usque
3120 5536 3192 5593 ad
3229 5552 3323 5591 an.
3360 5532 3487 5587 930.
3530 5523 3819 5585 Character

429 5620 589 5689 noni,
612 5620 701 5677 vel
722 5620 933 5677 decimi
957 5622 1175 5692 saeculi,
1203 5621 1417 5680 similis
1436 5625 1526 5679 est
1548 5619 1635 5677 illi
1656 5621 1826 5693 cujus
1855 5622 2148 5694 specimen
2178 5624 2442 5682 exhibuit
2460 5624 2521 5681 P.
2546 5623 2921 5697 Mabillonius
2938 5625 3009 5682 de
3046 5624 3127 5682 Re
3166 5617 3553 5698 Diplomatica
3586 5614 3684 5673 tab
3736 5610 3817 5665 57-
