4096 6164
337 355 455 419 573
1156 354 1574 419 PREFA'I‘IO
1617 352 1698 417 IN
1740 350 2168 417 EPISTOLAS
2213 351 2277 415 S.
2325 350 2605 417 LEONIS
2647 351 2923 418 MAGNI.
3626 358 3743 421 5‘74

406 489 495 546 £3.
528 487 611 546 Ne
640 487 907 546 omnium
939 489 1318 564 epistolarum
1349 488 1637 564 prolixum
1672 487 2004 562 catalogum
2030 487 2259 557 demus,
2285 484 2430 544 satis
2461 485 2574 543 erit
2594 486 2665 543 ad
2688 488 3158 562 cognoscendum
3181 491 3237 548 et
3256 488 3741 567 distinguendum

334 579 598 638 ordinem
621 577 801 652 hujus
841 579 1199 638 collectionis
1241 580 1463 654 priores
1496 582 1829 653 quatuor,et
1858 582 2114 652 quatuor
2134 581 2463 651 postremas
2475 575 3022 650 epistolasindicare
3045 598 3058 635 :
3082 580 3126 650 Ι,
3146 581 3356 638 Leonis
3378 583 3451 638 ad
3474 583 3740 639 Theodo-

333 669 490 726 sium
512 669 679 741 epist.
704 669 774 724 24
798 687 813 737 ;
840 668 988 737 Il,ad
1010 668 1351 726 Flavianum
1377 669 1545 742 epist.
1570 670 1678 736 23;
1708 668 1782 723 ΙΙΙ
1814 669 1884 723 ad
1920 667 2314 724 Theodosium
2346 667 2516 739 epist.
2540 666 2647 734 29;
2674 665 2769 737 IV,
2801 667 2874 722 ad
2898 667 3259 725 Pulcheriam
3282 671 3450 744 epist.
3485 673 3573 728 30.
3623 672 3742 728 No-

332 758 508 816 tabile
527 762 616 814 est
634 763 770 832 post
786 758 1093 832 epistolam
1106 759 1285 832 hujus
1306 758 1666 828 collectionis
1686 759 1755 813 36
1776 758 1847 813 ad
1875 756 2265 826 Pulcheriam,
2299 772 2426 828 quae
2458 755 2519 809 in
2554 759 2753 811 nostra
2782 755 3035 813 editione
3067 761 3156 813 est
3187 760 3433 830 epistola
3468 763 3558 830 96,
3591 762 3744 818 hanc

336 847 690 922 peculiarem
712 848 1067 905 notationem
1092 849 1304 923 apponi
1332 867 1345 905 :
1374 849 1693 919 Explicz'unt
1713 847 1961 919 epistola:
1980 846 2317 903 sancttssimz'
2334 861 2486 916 papa:
2507 847 2847 918 Lconz's,quae
2867 854 3050 903 sancto
3070 847 3500 907 Chalcedonensi
3517 853 3744 908 concilio

337 941 461 993 sunt
486 938 801 1009 praemissae
818 954 839 999 ,'
859 941 918 993 et
945 937 1101 1007 dein,
1135 954 1171 993 a
1199 937 1387 1009 capite
1411 938 1718 1008 :Incipiunt
1737 952 1855 1008 qum
1872 938 1993 1008 post
2010 942 2154 1007 gesta
2173 934 2476 991 subsecutae
2495 941 2664 996 sunt;
2687 939 2741 989 et
2763 934 3079 1005 subjicitur
3097 937 3268 1009 epist.
3292 938 3382 1005 37,
3416 940 3587 997 nobis
3623 941 3741 1005 104,

338 1027 408 1082 ad
439 1025 827 1094 Marcianum,
860 1030 991 1099 post
1022 1024 1335 1081 concilium
1367 1025 1601 1096 scripta.
1626 1025 1790 1079 Nunc
1812 1027 2064 1097 quatuor
2092 1026 2419 1096 postremas
2439 1021 2745 1079 innuimus
2769 1040 2782 1080 :
2810 1023 2994 1093 LXIX,
3021 1025 3093 1080 ad
3125 1026 3378 1083 Leonem
3406 1030 3735 1102 Augustum

339 1115 621 1188 epist.164
647 1133 662 1184 ;
688 1115 844 1184 LXX,
864 1116 936 1171 ad
955 1115 1227 1171 eumdem
1244 1114 1412 1186 epist.
1447 1116 1545 1170 165
1567 1132 1581 1182 ;
1607 1113 1795 1182 LXXl,
1814 1114 2216 1185 exemplarium
2234 1113 2692 1198 testimoniorum,
2717 1128 2844 1184 qua
2867 1114 3228 1171 antecedenti
3255 1116 3512 1189 epistolas
3534 1120 3745 1191 subjici

345 1203 533 1261 solent
559 1221 572 1272 ;
594 1203 812 1272 LXXII,
845 1204 917 1259 ad
940 1203 1215 1289 eumdem
1236 1203 1487 1259 Leonem
1509 1201 1680 1274 epist.
1705 1203 1828 1257 162.
1852 1202 2041 1272 Hujus
2058 1199 2529 1273 praestantissimi
2543 1200 2762 1257 codicis
2773 1205 2829 1257 et
2845 1202 3203 1260 collectionis
3219 1206 3549 1279 exemplum
3570 1224 3748 1281 quam

342 1293 784 1351 accuratissime
802 1293 1247 1365 transcriptum,
1280 1292 1497 1364 quibus
1521 1291 1861 1359 debeamus,
1891 1290 1952 1346 in
1982 1290 2238 1365 generali
2268 1290 2607 1363 praefatione
2637 1294 2802 1363 grato
2826 1292 3022 1348 animo
3044 1294 3241 1350 testati
3267 1312 3666 1365 sumus,num.
3692 1299 3746 1353 6.

1600 1406 1769 1467 §XXI.
1806 1408 1877 1456 De
1906 1404 2213 1456 collectione
2241 1405 2511 1456 vicesima.

415 1518 503 1574 44.
527 1516 690 1573 Hanc
719 1512 1050 1573 invenimus
1071 1515 1131 1571 in
1156 1516 1417 1572 Romano
1441 1532 1551 1571 ms.
1575 1517 1681 1570 237
1718 1515 1775 1571 S.
1809 1514 2011 1570 Crucis
2051 1514 2110 1568 in
2151 1512 2477 1570 Jerusalem
2500 1512 3035 1584 saeculicirciterxr,
3069 1515 3378 1588 quitamen
3410 1518 3558 1577 liber
3585 1520 3752 1579 initio

346 1609 405 1663 et
425 1606 537 1661 fine
557 1609 715 1662 caret
738 1623 752 1675 ;
778 1622 845 1661 ac
865 1609 1172 1678 prOpterea
1184 1604 1338 1660 solas
1348 1603 1582 1660 exhibet
1594 1601 1873 1675 epistolas
1889 1618 2324 1674 xxvn,quarum
2346 1600 2537 1674 prima
2557 1605 2614 1656 et
2634 1601 2845 1658 ultima
2861 1601 3081 1660 mutila
3103 1606 3420 1663 sunt.0rdo
3434 1612 3755 1680 postrema-

345 1711 478 1751 rum
496 1694 771 1750 undecim
790 1694 1176 1766 epistolarum
1197 1692 1257 1748 in
1278 1692 1410 1749 aliis
1448 1691 1892 1748 collectionibus
1912 1692 2185 1764 frequens
2206 1696 2311 1747 est.
2345 1692 2418 1746 At
2440 1690 2732 1746 sexdecim
2756 1691 2977 1762 priores
3000 1692 3257 1765 epistolae
3281 1695 3363 1751 ita
3384 1697 3455 1752 ab
3478 1699 3753 1757 omnibus

346 1783 790 1841 collectionibus
811 1782 1107 1839 diversum
1130 1781 1393 1838 ordinem
1418 1782 1822 1855 praeferunt,ut
1840 1781 1947 1836 hac
1969 1781 2037 1836 de
2060 1797 2237 1835 causa
2253 1779 2592 1835 distinctam
2617 1772 3015 1837 collectionem
3036 1780 3175 1837 huic
3188 1783 3368 1839 codici
3386 1785 3753 1845 tribuendam

346 1872 700 1946 putarimus.
721 1872 892 1927 Initio
922 1872 1101 1936 enim,
1134 1888 1220 1927 ex.
1240 1887 1350 1943 gr.,
1381 1875 1511 1943 post
1532 1869 1838 1942 epistolam
1868 1874 2076 1925 nostrae
2097 1868 2374 1926 editionis
2400 1869 2470 1923 28
2492 1869 2564 1924 ad
2586 1867 2945 1939 Flavianum,
2979 1870 3218 1943 subjicit
3244 1873 3555 1944 epistolam
3577 1877 3650 1933 35
3681 1878 3753 1935 ad

343 1961 676 2028 Julianum,
692 1965 820 2017 tum
841 1961 1010 2033 epist.
1033 1961 1094 2016 31
1117 1961 1187 2017 ad
1216 1958 1603 2026 Pulcheriam,
1627 1959 1796 2031 epist.
1823 1959 1893 2014 59
1918 1959 1990 2015 ad
2012 1957 2707 2039 Constantinopolitanos,
2729 1958 2898 2031 epist.
2926 1961 3028 2015 124
3048 1960 3121 2016 ad
3145 1951 3506 2031 Palaestinos,
3529 1967 3696 2039 epist.
3727 1968 3753 2022 1

344 2049 864 2123 aquuileiensem
878 2050 1240 2123 episcopum,
1259 2049 1429 2121 epist.
1454 2048 1557 2103 463
1579 2048 1652 2104 ad
1673 2046 2031 2113 Anatolium,
2055 2048 2223 2119 epist.
2251 2046 2354 2103 165
2374 2047 2446 2102 ad
2473 2048 2732 2103 Leonem
2754 2049 3361 2124 Augustum,etc.,qui
3383 2057 3760 2125 perturbatus

346 2139 563 2195 ordoin
577 2138 688 2195 hac
702 2155 823 2194 una
833 2136 1786 2195 collectioneinvenitur.Czeterum
1803 2136 1860 2191 in
1874 2135 2138 2208 epistolis
2151 2152 2278 2206 quae
2294 2139 2642 2206 surpersunt
2655 2134 2816 2190 nulla
2831 2140 3056 2208 estqua
3070 2136 3129 2192 in
3143 2136 3480 2197 collectione
3492 2144 3759 2216 sequenti

342 2245 462 2284 non
491 2227 739 2301 legatur.
769 2227 870 2283 Hic
900 2228 1080 2284 codex
1109 2225 1414 2299 epistolam
1448 2228 1515 2281 12
1543 2226 1615 2281 ad
1638 2226 1871 2281 Mauros
1893 2242 2026 2280 cum
2059 2223 2445 2296 appendicula
2468 2222 2718 2279 exhibet.
2752 2224 2908 2279 Inter
2940 2225 3227 2282 Leoninas
3249 2228 3420 2284 refert
3443 2232 3763 2304 suppositi-

339 2318 488 2373 tiain
519 2317 592 2373 ad
614 2316 1061 2373 Germaniarum
1081 2320 1138 2372 et
1158 2314 1479 2372 Galliarum
1496 2316 1894 2387 episcopos,ac
1916 2313 2136 2369 litteras
2152 2313 2221 2367 ad
2246 2317 2460 2367 Dorum
2482 2312 2953 2373 Beneventanum
2980 2314 3245 2371 Theodoro
3276 2313 3562 2374 inscribit.
3587 2320 3762 2378 Plura

348 2406 424 2463 de
449 2406 565 2462 hac
593 2404 932 2462 collectione
953 2406 1142 2461 dicere
1173 2421 1321 2477 opus
1352 2421 1468 2460 non
1499 2410 1605 2460 est.

1482 2524 1507 2579 §
1545 2520 1697 2569 XXII.
1719 2519 1793 2568 De
1822 2518 2135 2568 collectione
2180 2517 2438 2569 vicesima
2455 2517 2646 2581 prima.

423 2630 511 2685 45.
544 2627 676 2685 Haec
702 2627 966 2685 collectio
995 2627 1057 2684 in
1087 2645 1243 2685 mss.
1266 2627 1625 2700 frequentior
1666 2627 1901 2683 easdem
1944 2624 2222 2699 epistolas
2253 2642 2341 2681 va
2376 2623 2857 2696 exbibet,quasin
2871 2623 3209 2683 collectione
3236 2628 3293 2683 11
3312 2631 3716 2692 recensuimus
3742 2653 3756 2705 ;

350 2718 457 2775 sed
486 2714 691 2772 ordine
721 2721 780 2773 et
798 2715 1144 2773 lectionibus
1166 2717 1247 2773 ita
1276 2715 1614 2785 diversis,ut
1643 2716 1933 2771 diversam
1966 2714 2250 2788 originem
2280 2714 2526 2787 prodere
2553 2712 2836 2769 videatur.
2870 2713 3167 2786 Incipitab
3190 2715 3438 2788 epistola
3461 2720 3669 2779 Leonis
3690 2723 3759 2779 ad

349 2805 850 2879 Eutychen,nobis
871 2805 1039 2878 epist.
1072 2806 1161 2874 20,
1196 2809 1254 2861 et
1283 2804 1498 2862 desinit
1520 2805 1579 2860 in
1611 2804 1857 2877 epistola
1876 2804 1946 2859 ad
1970 2804 2273 2876 episcopos
2294 2801 2645 2875 Campaniae,
2688 2802 2858 2858 nobis
2890 2802 3058 2875 epist.
3092 2804 3217 2861 168.
3242 2806 3548 2865 Vetustius
3578 2810 3761 2883 hujus

355 2893 723 2952 collectionis
750 2894 1230 2966 exemplar,quod
1251 2894 1625 2963 vidimus,est
1647 2910 1753 2950 ms.
1794 2892 2267 2949 170bibliotbecae
2287 2892 2519 2947 Venetae
2540 2891 2600 2947 S.
2633 2890 2811 2947 Marci
2846 2892 3041 2947 seaculi
3070 2892 3299 2950 circiter
3325 2912 3427 2952 κη.
3453 2897 3620 2956 Solas
3642 2901 3764 2975 epi-

352 2984 535 3043 stolas
563 2983 845 3054 continet,
876 3001 991 3041 non
1024 2985 1224 3041 minus
1254 3001 1432 3059 quam
1466 2986 1583 3041 duo
1612 2983 1709 3040 alii
1740 2984 1967 3039 codices
1987 2981 2140 3038 Vatt.
2159 2982 2267 3037 542
2285 2985 2342 3037 et
2361 2978 2690 3048 543,saeculi
2714 2996 2831 3035 x1x.
2865 2980 3155 3053 Epistolas
3184 3000 3316 3040 vero
3340 3002 3456 3042 una
3485 3003 3619 3044 cum
3643 3006 3764 3047 ser-

351 3074 633 3132 monibus
662 3073 1020 3130 collectionis
1050 3075 1083 3128 4
1104 3073 1381 3130 exhibent
1401 3091 1546 3130 mss.
1571 3073 1703 3129 libri
1722 3073 1876 3129 Vatt.
1898 3072 2006 3128 546
2025 3075 2082 3126 et
2099 3072 2225 3139 547,
2247 3069 2377 3125 Vat.
2403 3069 2604 3126 Urbin.
2628 3071 2720 3141 65,
2743 3087 2899 3127 unus
2920 3070 3205 3144 Angelicae
3232 3073 3464 3132 Patrum
3486 3077 3765 3152 Augusti-

354 3164 668 3219 nianorum
705 3162 902 3218 Romae
928 3163 984 3230 5,
1009 3163 1096 3232 10,
1128 3162 1244 3219 duo
1265 3162 1579 3219 Florentini
1608 3161 1850 3218 Medicei
1888 3163 1950 3215 11
1988 3164 2045 3216 et
2068 3163 2161 3225 23,
2183 3157 2380 3231 pluteo
2401 3160 2491 3225 21,
2514 3162 2572 3214 et
2596 3175 2751 3214 unus
2772 3158 3097 3216 Fesulanus
3117 3154 3785 3226 canonicorumLatera-~

356 3251 634 3311 nensium
656 3248 925 3323 signatus
946 3266 1110 3306 num.
1131 3252 1187 3317 7,
1220 3250 1415 3323 pluteo
1430 3252 1486 3306 3.
1520 3250 1650 3306 Haec
1670 3249 1873 3305 eadem
1901 3247 2163 3304 collectio
2191 3264 2309 3304 una
2340 3263 2475 3302 cum
2507 3247 2877 3303 sermonibus
2901 3246 3115 3320 legitur
3134 3250 3310 3306 etiam
3332 3251 3392 3306 in
3415 3254 3614 3310 codice
3632 3257 3763 3313 Vat.

354 3341 480 3405 541,
514 3339 618 3413 qui
647 3339 882 3396 Nicolao
903 3339 952 3394 V
972 3339 1224 3396 traditus
1245 3339 1354 3395 fuit
1382 3357 1475 3395 an.
1504 3341 1660 3394 1452.
1696 3338 1798 3394 Hic
1828 3341 2023 3393 autem
2053 3337 2232 3393 codex
2262 3340 2392 3408 post
2437 3335 2718 3408 epistolas
2764 3352 2852 3391 ιιι
2884 3335 3065 3408 huius
3096 3335 3456 3397 collectionis
3496 3345 3767 3416 proprias

357 3428 717 3485 additionem
738 3429 915 3484 habet
943 3428 1192 3484 aliarum
1226 3428 1534 3485 duodecim
1555 3427 1957 3500 epistolarum,
1991 3442 2242 3497 quarum
2266 3423 2537 3480 undecim
2561 3424 2621 3479 in
2654 3423 2992 3480 collectione
3011 3426 3082 3480 24
3103 3426 3491 3484 continentur.
3525 3432 3598 3486 At
3626 3448 3764 3490 cum

356 3517 452 3573 hic
476 3518 660 3573 codex
688 3534 892 3573 omnes
916 3517 1203 3573 Leoninas
1214 3517 1495 3590 epistolas
1506 3515 1861 3573 collectionis
1875 3516 1944 3572 24
1967 3531 2083 3570 non
2106 3515 2400 3581 referat,et
2419 3513 2770 3569 duodecima
2795 3529 2897 3568 seu
2913 3513 3124 3568 ultima
3148 3515 3220 3570 ad
3236 3515 3556 3575 Maximum
3568 3520 3769 3577 Antio-

361 3605 615 3661 chenum
629 3605 689 3662 in
708 3604 819 3661 hac
833 3603 1114 3661 vicesima
1132 3610 1342 3678 quarta
1353 3606 1523 3671 desit,
1555 3606 1686 3676 ejus
1709 3602 2026 3660 additionis
2039 3606 2243 3658 auctor
2259 3618 2326 3658 ex
2338 3601 2451 3657 alio
2467 3602 2625 3657 fonte
2653 3600 2925 3658 hausisse
2944 3600 3191 3657 videtur.
3221 3606 3366 3659 Cum
3388 3621 3520 3661 vero
3551 3606 3765 3666 harum

361 3694 672 3751 duodecim
700 3693 1080 3767 epistolarum
1108 3694 1401 3752 variantes
1431 3695 1549 3751 fere
1568 3694 1919 3751 concordent
1942 3709 2077 3748 cum
2111 3708 2255 3748 mss.
2289 3690 2648 3747 collectionis
2682 3693 2765 3757 12,
2797 3688 2903 3746 has
2936 3707 3006 3747 ex
3035 3691 3240 3747 eodem
3273 3692 3427 3750 fonte
3457 3693 3767 3771 utriusque

361 3783 699 3849 collectores
728 3782 997 3840 hausisse
1028 3782 1303 3840 credibile
1333 3787 1443 3839 est.
2336 3790 2345 3801 ‘
3690 3806 3703 3813 -

425 3874 513 3928 46.
547 3872 635 3928 Ad
666 3872 817 3928 hanc
839 3870 1237 3931 collectionem
1259 3871 1456 3928 referri
1478 3874 1732 3944 possunt
1753 3872 1870 3927 duo
1904 3886 2047 3926 mss.
2069 3868 2202 3925 libri
2233 3869 2362 3925 Vat.
2397 3861 2538 3925 3137
2565 3872 2622 3925 et
2650 3868 2779 3924 Vat.
2814 3868 3241 3926 Ottoboniauus
3261 3871 3387 3939 332,
3412 3872 3511 3946 qui
3534 3875 3771 3932 easdem

361 3977 446 4016 va
466 3959 750 4033 epistolas
771 3959 1430 4033 complectuntur.Licet
1452 3961 1608 4017 enim
1628 3959 1902 4016 undecim
1927 3958 2184 4032 epistola:
2197 3960 2500 4015 abstractae
2515 3958 2674 4014 aﬁne
2685 3957 2867 4030 hujus
2888 3958 3335 4029 collectionis,in
3360 3961 3452 4017 his
3473 3962 3772 4022 codicibus

357 4048 590 4106 insertae
611 4048 883 4122 legantur
913 4053 1046 4121 post
1064 4049 1370 4123 epistolam
1416 4051 1507 4119 26,
1540 4066 1606 4105 ac
1625 4049 1759 4105 dein
1779 4052 2213 4122 prosequantur
2242 4051 2460 4103 cznterae
2489 4046 2748 4119 epistolae
2776 4063 2811 4103 a
2838 4049 2910 4102 27
2939 4047 3013 4103 ad
3045 4049 3133 4115 45,
3168 4065 3302 4106 cum
3332 4054 3532 4109 tamen
3565 4060 3771 4111 omnes

354 4138 605 4208 invicem
631 4138 905 4196 eumdem
927 4138 1191 4195 ordinem
1214 4142 1442 4196 servent
1456 4138 1556 4211 qui
1577 4138 1639 4194 in
1658 4138 1770 4194 hac
1798 4137 2137 4194 collectione
2166 4135 2645 4209 deprehenditur,
2677 4140 2733 4191 et
2764 4136 2822 4192 in
2847 4136 3056 4194 iisdem
3101 4136 3452 4197 lectionibus
3484 4141 3601 4199 fere
3632 4160 3771 4201 con-

359 4228 616 4294 veniant,
650 4226 771 4284 haec
791 4227 1040 4285 mutatio
1060 4228 1283 4285 ordinis
1303 4227 1555 4300 alicujus
1576 4228 1801 4284 librarii
1824 4226 2066 4283 arbitrio
2088 4226 2283 4299 potius
2313 4242 2491 4298 quam
2520 4225 2761 4282 diversa:
2791 4225 3003 4299 origini
3034 4227 3350 4284 tribuenda
3377 4230 3624 4287 videtur.

1468 4344 1687 4404 §XXIII.
1719 4344 1793 4393 De
1831 4342 2144 4393 collectione
2170 4341 2427 4391 vicesima
2455 4341 2712 4391 secunda.

426 4451 515 4506 47.
550 4448 745 4507 Codex
771 4448 1027 4507 Venetus
1053 4451 1111 4507 S.
1146 4450 1323 4507 Marci
1354 4449 1445 4517 79,
1479 4455 1688 4524 praeter
1734 4467 2034 4507 sermones
2083 4448 2439 4506 collectionis
2488 4449 2521 4504 4
2569 4448 2910 4506 distinctam
2956 4449 3340 4522 epistolarum
3370 4450 3769 4512 collectionem

356 4539 589 4610 praebet.
605 4538 867 4595 Duarum
880 4538 1288 4596 collectionum
1308 4541 1372 4593 17
1383 4541 1513 4595 et21
1533 4538 1813 4612 epistolas
1825 4540 2104 4607 continet,
2128 4537 2238 4593 hoc
2260 4538 2462 4594 ordine
2488 4556 2501 4607 ;
2526 4537 2784 4610 primum
2805 4537 3025 4610 priores
3048 4536 3220 4611 epist.
3254 4555 3383 4593 xxvx
3406 4538 3768 4600 collectionis

348 4627 648 4693 2l,eadem
697 4626 882 4694 serie;
935 4626 1067 4683 dein
1099 4627 1441 4684 inseruntur
1470 4626 1729 4699 epistolae
1761 4644 1963 4683 omnes
1993 4625 2450 4683 Chalcedonensi
2482 4625 2839 4682 collectionis
2890 4627 2976 4693 17,
3028 4626 3232 4682 eodem
3264 4627 3481 4699 pariter
3530 4630 3763 4701 ordine,

355 4714 585 4771 duabus
616 4714 1119 4785 tantumomissis,
1135 4732 1261 4788 que
1283 4716 1434 4772 inter
1456 4716 1851 4789 precedentes
1863 4716 2308 4789 xxvndescriptae
2324 4717 2570 4772 fuerant.
2588 4715 2849 4771 Tandem
2874 4714 3271 4786 subjiciuntur
3284 4720 3497 4773 caeteras
3510 4719 3769 4792 epistola).

354 4802 709 4860 collectionis
754 4806 847 4875 21,
878 4803 980 4860 sed
1026 4803 1217 4859 tribus
1247 4803 1505 4869 omissis,
1538 4806 1597 4860 et
1626 4804 1833 4860 ordine
1853 4820 1970 4860 non
1993 4804 2292 4860 modicum
2322 4804 2656 4872 immutato,
2687 4802 3038 4861 lectionibus
3060 4804 3386 4863 identidem
3408 4806 3576 4866 valde
3597 4807 3772 4868 dissi-

357 4891 617 4960 milibus,
645 4908 773 4964 quae
805 4890 983 4949 aliam
1015 4890 1299 4964 originem
1331 4892 1812 4949 manifestissime
1835 4894 2173 4949 ostendunt.
2206 4891 2476 4963 Epistolm
2501 4891 2733 4948 omissae
2764 4897 2904 4949 sunt
2933 4893 3167 4951 Eusebii
3214 4896 3665 4956 Mediolanensis
3694 4899 3766 4955 ad

358 4979 808 5049 Leonem,nobis
828 4979 1001 5053 epist.
1022 4978 1092 5033 97
1113 4998 1130 5046 ;
1154 4979 1389 5037 Ravenii
1418 4981 1490 5037 ad
1521 4982 1797 5038 eumdem
1827 4981 1997 5053 epist.
2029 4981 2121 5050 99,
2152 4984 2211 5038 et
2240 4980 2445 5036 Leonis
2476 4981 2548 5036 ad
2582 4980 2888 5056 episcopos
2905 4981 3237 5057 Campanis:
3260 4985 3431 5057 epist.
3467 4989 3586 5044 168.

1483 5095 1514 5158 §
1540 5095 1715 5146 XXIV.
1754 5097 1825 5146 De
1856 5095 2164 5147 collectione
2194 5094 2452 5145 vicesima
2471 5095 2647 5145 tertia.

425 5201 512 5258 48.
542 5199 887 5258 Peculiariis
917 5204 1008 5258 est
1037 5200 1297 5258 collectio
1319 5218 1445 5275 quae
1467 5207 1653 5259 exstat
1672 5204 1732 5258 in
1764 5205 1891 5258 cod.
1926 5203 2053 5259 Vat.
2088 5203 2357 5259 Ottobon.
2392 5202 2498 5257 297
2518 5202 2713 5258 saeculi
2735 5204 3013 5261 xn.Initio
3036 5204 3469 5279 praebetLeonis
3483 5202 3763 5278 epistolas

361 5288 694 5360 quindecim
715 5294 887 5348 antea
907 5291 1224 5348 recensitas
1254 5291 1312 5347 in
1337 5291 1670 5349 collectione
1690 5297 1744 5362 8,
1778 5309 2030 5365 quarum
2053 5292 2280 5348 decima
2301 5291 2505 5364 quinta
2518 5292 2864 5366 estepistola
2888 5295 3010 5364 165,
3045 5296 3116 5352 ad
3136 5296 3386 5351 Leonem
3410 5294 3759 5366 Augustum.

361 5375 493 5434 Post
511 5376 666 5433 hanc
686 5392 820 5435 vero
842 5379 1236 5451 epistolam,et
1257 5384 1391 5436 ante
1411 5380 1748 5438 testimonia
1762 5382 2000 5438 Patrum
2022 5382 2207 5439 eidem
2222 5381 2508 5453 subjecta,
2540 5380 2884 5439 inseruntur
2901 5384 3160 5456 epistolae
3183 5381 3500 5439 Innocentii
3516 5382 3536 5436 Ι
3550 5383 3619 5437 ad
3650 5383 3763 5440 De-

360 5466 638 5531 centium,
672 5466 951 5524 Bonifacii
976 5468 999 5523 Ι
1027 5469 1099 5524 ad
1132 5468 1453 5524 Honorium
1484 5471 1836 5543 Augustum,
1871 5471 2171 5543 responsio
2203 5468 2459 5539 Honorii,
2489 5474 2546 5525 et
2566 5470 2857 5528 leestini
2880 5472 3127 5544 epistola
3158 5472 3228 5527 ad
3248 5469 3583 5526 Venerium.
3610 5470 3761 5528 Tum

360 5551 757 5625 subjiciuntur
775 5556 1114 5612 testimonia
1133 5555 1392 5628 Patrum,
1408 5573 1536 5628 quae
1558 5559 1848 5629 pertinent
1864 5559 1935 5615 ad
1955 5559 2253 5616 laudatam
2276 5558 2448 5629 epist.
2476 5558 2598 5615 165.
2622 5558 2760 5614 Dein
2780 5563 3110 5623 sequuntur
3129 5557 3383 5631 epistolas
3423 5572 3510 5614 va
3533 5556 3758 5617 collect.

359 5643 446 5713 21,
478 5642 555 5701 iis
578 5644 837 5717 exceptis
861 5661 988 5718 quae
1012 5645 1164 5703 inter
1186 5646 1409 5718 priores
1440 5646 1715 5720 epistolas
1744 5649 2150 5724 xvﬁdescriptte
2172 5648 2418 5716 fuerant,
2452 5650 2509 5705 et
2554 5647 2755 5705 ordine
2776 5648 2988 5705 alicubi
3020 5648 3349 5708 immutate.
3373 5648 3632 5708 Tandem
3656 5652 3764 5711 ad-
