4096 6164
418 293 538 358 5'15
1233 292 1648 358 PREFATIO
1687 293 1766 356 ΙΝ
1810 292 2236 358 EPISTOLAS
2283 295 2349 358 S.
2394 297 2670 361 LEONIS
2717 296 2988 362 MAGNI.
3649 310 3747 374 5'16

419 433 643 498 duntur
658 433 715 489 in
737 432 850 488 fine
862 434 1111 503 quatuor
1132 444 1378 502 perrarea
1391 427 1646 502 epistolae
1673 445 1685 486 :
1710 429 1782 488 ad
1793 429 1824 486 J
1832 429 2098 486 ulianum
2111 429 2278 504 epist.
2305 430 2432 500 107,
2455 433 2526 488 ad
2547 432 3221 507 Constantinopolitanos
3251 435 3414 510 epist.
3442 438 3526 509 50,
3555 440 3621 498 ad
3639 443 3746 502 Fla-

415 523 653 580 vianum
675 522 841 593 epist.
875 520 962 587 49,
997 536 1062 576 ae
1091 521 1160 577 ad
1187 520 1503 576 Martinam
1523 523 1584 576 et
1612 520 1888 576 Faustum
1923 520 2092 592 epist.
2124 521 2214 577 51.
2249 521 2542 578 Gerardus
2563 521 2808 580 Vossius
2832 523 3174 596 praepositus
3213 525 3550 600 Tungrensis
3569 547 3632 586 ex
3657 550 3755 591 ms.

413 613 562 668 libro
583 612 759 682 hujus
780 609 1156 679 collectionis,
1190 609 1288 682 qui
1307 615 1429 666 erat
1450 609 1764 665 cardinalis
1784 609 1995 678 Sirlcti,
2030 610 2175 665 duas
2194 610 2469 682 epistolas
2488 615 2629 666 tunc
2653 611 2902 668 ineditas
2922 613 3199 687 vulgavit,
3235 615 3464 673 alteram
3478 620 3542 674 ad
3556 621 3753 678 Siculos

414 702 471 756 in
499 705 700 757 nostra
719 700 972 756 editione
995 700 1160 772 epist.
1193 701 1247 768 7,
1281 698 1520 756 alteram
1544 701 1614 755 ad
1639 699 1942 756 Julianum
1966 717 2054 771 ep.
2085 701 2204 767 107,
2233 707 2294 754 ut
2330 700 2670 756 viderelicet
2692 701 2748 756 in
2765 703 3081 775 appendice
3104 706 3507 777 opusculorum
3529 711 3761 781 subjecta

409 789 647 846 editioni
670 789 1022 861 Moguntina:
1046 806 1139 845 an.
1169 790 1304 844 1604
1325 789 1576 862 Operum
1599 793 1654 843 S.
1687 789 1946 862 Gregorii
1979 789 2426 861 'l‘haumaturgi.

1527 909 1551 964 §
1581 905 1726 955 XXV.
1760 905 1831 954 De
1871 905 2177 954 collectione
2203 905 2455 955 vicesima
2486 909 2690 968 quarta.

481 1005 569 1060 49.
602 1005 972 1062 Postremum
1007 1003 1201 1059 locum
1223 1004 1434 1058 damus
1469 1002 1794 1058 collectioni
1824 1002 2204 1074 epistolarum
2228 1019 2374 1074 quas
2403 1005 2725 1075 reperimus
2739 1022 2854 1060 una
2870 1022 3006 1060 cum
3021 1006 3386 1063 sermonibus
3403 1007 3694 1065 collectioni
3713 1013 3759 1068 5.

411 1094 473 1150 In
497 1096 604 1152 hac
625 1093 1027 1168 suntepistolae
1043 1111 1187 1160 LXXI,
1221 1093 1497 1149 nimirum
1522 1093 1878 1165 mvepistolze
1893 1092 2249 1148 collectionis
2265 1096 2326 1148 21
2357 1093 2617 1164 (omissis
2634 1095 2864 1150 duabus
2885 1096 3030 1150 Petri
3046 1097 3378 1171 Chrysologi
3394 1098 3460 1152 ad
3481 1099 3760 1171 Eutychen,

405 1191 463 1242 et
487 1186 716 1243 Eusebii
747 1183 1198 1241 Mediolanensis
1228 1183 1297 1238 ad
1324 1184 1614 1249 Leonem),
1647 1187 1703 1238 et
1727 1182 1849 1237 alia:
1872 1181 2113 1254 insuper
2135 1182 2551 1253 rarteepistolze
2572 1201 2687 1238 xvn
2709 1201 2836 1256 qua:
2862 1185 2917 1238 in
2952 1184 3293 1262 collectiope
3323 1189 3381 1240 l2
3408 1187 3760 1259 reperiuntur,

405 1277 688 1332 nimirum
718 1273 974 1347 epistolae
1024 1278 1233 1328 nostra;
1282 1271 1553 1328 editionis
1572 1275 1626 1334 2,
1653 1273 1738 1336 10,
1762 1275 1851 1338 21,
1886 1273 1972 1339 41,
2005 1272 2022 1323 ξ

2146 1271 2374 1336 155,102,
2426 1271 2706 1338 105,111,
2741 1273 3154 1340 112,113,118,
3212 1278 3332 1338 1‘21,
3385 1277 3642 1343 122,123,
3678 1279 3763 1332 125

405 1371 461 1422 et
493 1367 609 1420 127.
632 1363 898 1437 Epistolas
921 1380 1010 1418 LIV
1031 1362 1183 1417 credi
1207 1366 1444 1434 possent
1475 1365 1722 1432 sumpta:
1745 1378 1812 1416 ex
1834 1359 2170 1415 collectione
2196 1361 2264 1414 24
2295 1359 2380 1414 vel
2420 1364 2436 1412 1
2461 1367 2502 1414 1.
2530 1363 2600 1414 At
2632 1378 2701 1415 ne
2725 1360 2781 1415 id
2806 1362 3136 1430 credamus,
3171 1363 3597 1434 el'ticitepistola
3622 1367 3676 1419 12
3702 1365 3761 1419 ad

405 1455 659 1524 Mauros,
693 1473 818 1528 quae
849 1454 984 1510 licet
1001 1453 1153 1508 inter
1175 1469 1261 1507 LIV
1291 1455 1616 1516 censeatur,
1653 1451 1710 1506 in
1731 1451 1835 1506 hic
1857 1455 2050 1505 tamen
2075 1448 2410 1504 collectione
2431 1454 2520 1504 cst
2537 1449 2855 1517 decurtata,
2889 1452 2946 1504 in
2971 1450 3412 1508 collectionibus
3430 1456 3612 1508 autem
3629 1455 3680 1508 11
3712 1457 3760 1508 et

399 1547 463 1602 21
491 1543 886 1619 appendiculae
907 1541 1262 1596 additionem
1286 1538 1825 1612 przefert.Similiter
1850 1538 2103 1611 epistolae
2118 1555 2232 1594 xvu
2252 1538 2362 1592 dici
2392 1543 2692 1609 nequeunt
2716 1543 2965 1611 sumptae
2989 1555 3057 1596 ex
3089 1539 3424 1596 collectione
3456 1544 3541 1612 12,
3570 1541 3763 1614 quippe

403 1632 451 1690 si
483 1650 551 1689 ex
580 1635 687 1689 hac
717 1632 987 1688 collector
1009 1629 1367 1702 profecisset,
1401 1645 1514 1682 non
1542 1627 1645 1682 has
1668 1627 1824 1683 solas
1846 1645 1958 1682 xvn
1982 1625 2278 1699 epistolas,
2316 1626 2414 1681 sed
2437 1626 2581 1681 alias
2603 1626 2821 1698 pariter
2842 1627 3048 1683 exinde
3068 1628 3489 1700 exscripsisset.
3524 1629 3614 1684 His
3635 1629 3764 1684 adde

399 1722 863 1778 observationem
894 1735 1071 1790 quam
1104 1717 1368 1784 fecimus,
1404 1733 1536 1771 cum
1570 1716 1636 1770 de
1660 1716 1921 1770 Sichardi
1943 1714 2296 1780 collectione,
2332 1731 2494 1768 num.
2522 1714 2795 1781 28,locuti
2817 1731 3046 1772 sumus.
3066 1716 3348 1772 Praeterea
3371 1717 3508 1773 ordo
3528 1718 3767 1774 omnium

397 1813 610 1870 harum
642 1808 1022 1883 epistolarum
1062 1822 1186 1860 Lxx1
1209 1805 1472 1859 diversus
1494 1805 1565 1859 ab
1588 1804 1788 1859 ordine
1814 1805 2117 1874 utriusque
2140 1802 2493 1858 collectionis
2529 1805 2594 1858 1'2
2623 1821 2689 1858 ac
2719 1809 2806 1868 21,
2843 1809 2899 1860 et
2939 1805 3214 1862 lectiones
3237 1806 3378 1862 item
3402 1807 3766 1880 discrepantes

397 1902 579 1958 alium
601 1902 868 1973 ignotum
891 1898 1107 1950 fontem
1129 1894 1534 1949 demonstrant
1555 1910 1568 1948 :
1590 1895 1739 1948 unde
1757 1895 1812 1947 in
1828 1893 2190 1947 conferendis
2205 1892 2558 1963 quibusdam
2573 1893 2835 1965 epistolis
2849 1893 2998 1950 hanc
3017 1895 3420 1951 collectionem
3437 1895 3608 1952 veluti
3622 1896 3769 1970 origi-

397 1991 529 2056 nale
575 2007 609 2046 a
655 1987 878 2044 caeteris
899 1985 1192 2040 diversum
1215 1982 1430 2054 experti
1459 1999 1666 2038 smnus
1693 2000 1704 2050 ;
1730 1983 1871 2036 adeo
1897 1986 1958 2036 ut
1983 1982 2038 2035 in
2064 1981 2271 2036 iisdem
2298 1999 2409 2036 non
2434 1981 2652 2037 derivet
2688 2001 2721 2038 a
2742 1982 3080 2040 collectione
3115 1984 3452 2058 Hispanica,
3477 2003 3510 2042 a
3539 2003 3645 2059 qua
3673 1985 3767 2041 illae

393 2081 452 2136 in
483 2083 718 2135 caeteras
747 2073 1096 2147 posteriores
1123 2070 1493 2127 collectiones
1526 2070 1924 2126 dimanarunt.
1977 2069 2163 2140 Hujus
2189 2069 2545 2126 collectionis
2577 2076 2716 2127 sunt
2745 2072 2977 2128 codices
2995 2073 3317 2129 Vaticanus
3339 2076 3441 2130 514
3465 2074 3652 2130 saeculi
3677 2091 3767 2142 xu,

390 2169 524 2225 Vat.
547 2166 763 2240 Regius
785 2165 885 2220 139
911 2161 1105 2217 saeculi
1127 2178 1246 2228 xm,
1269 2161 1530 2215 Cresenas
1561 2161 1796 2215 Patrum
1821 2160 2110 2215 Minorum
2133 2159 2616 2214 Conventualium
2647 2161 2704 2215 S.
2741 2161 3056 2229 Francisci,
3110 2166 3166 2218 et
3189 2163 3612 2220 Laurentianus
3658 2163 3767 2218 Flo-

391 2258 658 2317 rentinus
681 2257 766 2324 14,
792 2253 988 2327 pluteo
1008 2255 1096 2318 21,
1123 2249 1222 2323 qui
1244 2250 1392 2305 duas
1417 2254 1691 2321 praeterea
1711 2248 1988 2321 epistolas
2011 2249 2190 2313 addit,
2225 2248 2491 2303 videlicet
2525 2249 2624 2303 119
2655 2254 2711 2305 et
2734 2249 2855 2304 145.
2882 2251 3232 2315 Quesncllus
3288 2253 3469 2308 trium
3501 2269 3634 2310 mss.
3675 2251 3768 2308 hu-

383 2350 485 2422 jus
511 2343 866 2404 collectionis
884 2341 1149 2397 notitiam
1165 2337 2205 2409 habuit,Victorini,Regniacensis,et
2226 2337 2284 2392 S.
2317 2337 2551 2392 Martini
2567 2337 3113 2408 Antissiodoreusis,
3141 2346 3203 2396 ut
3227 2346 3391 2414 patet
3413 2359 3480 2398 ex
3501 2341 3768 2398 Admonit.

390 2437 449 2494 in
471 2438 636 2510 epist.
655 2438 874 2503 13,n.2;
899 2429 1093 2488 atsolo
1114 2428 1410 2484 Victorino
1424 2428 1887 2500 ms.plerumque
1899 2444 2044 2482 usus
2067 2431 2174 2482 est.
2199 2427 2261 2481 In
2284 2426 2478 2482 codice
2501 2427 2784 2483 Fesulauo
2803 2428 2888 2492 10,
2916 2429 3113 2501 pluteo
3130 2431 3186 2497 3,
3205 2431 3401 2487 solum
3414 2431 3658 2504 epistola:
3677 2446 3771 2486 xxv

389 2527 568 2598 hujus
588 2521 942 2582 collectionis
965 2518 1268 2590 descriptae
1291 2519 1547 2583 fuerunt,
1583 2535 1831 2590 quarum
1855 2517 2141 2589 pleraeque
2157 2519 2296 2570 sunt
2311 2533 2378 2570 ex
2392 2533 2504 2571 xvu
2525 2515 2828 2585 indicatis;
2851 2517 3097 2589 epistola
3117 2524 3318 2575 autem
3359 2521 3432 2576 ad
3451 2524 3670 2576 Mauros
3697 2523 3772 2575 est

387 2617 699 2673 decurtata)
720 2609 1015 2669 editionis.
1048 2608 1341 2664 Hactenus
1370 2605 1440 2662 de
1471 2606 1930 2662 collectionibus.
1965 2605 2162 2676 Neque
2193 2610 2389 2661 tamen
2424 2604 2719 2660 credimus
2751 2605 2900 2661 alias
2944 2624 3058 2662 non
3093 2623 3267 2680 posse
3296 2607 3574 2682 reperiri;
3595 2612 3772 2664 auctor

389 2704 546 2762 enim
575 2699 928 2760 collectionis
952 2699 1019 2754 12
1037 2697 1298 2769 quinque
1318 2695 1646 2768 singulares
1665 2694 1944 2768 epistolas
1963 2711 1994 2750 e
2015 2693 2457 2750 collectionibus
2479 2694 2670 2750 adhuc
2717 2693 3032 2768 incognitis
3060 2697 3263 2769 procul
3299 2699 3479 2755 dubio
3500 2695 3768 2759 derivavit,

393 2799 458 2852 ut
485 2791 778 2868 superius,
810 2805 974 2845 num.
1007 2787 1101 2855 26,
1134 2785 1595 2842 observavimus.

916 2931 1134 2995 §XXVL
1165 2929 1237 2978 De
1259 2926 1579 2992 quibusdam
1592 2926 1864 2977 codicibus
1893 2926 1985 2991 qui
2017 2930 2209 2989 praeter
2237 2925 2485 2977 laudatas
2514 2926 2858 2978 collectiones
2881 2927 2999 2977 usui
3026 2927 3264 2980 fuerunt.

447 3054 545 3111 50.
578 3051 744 3108 Nunc
775 3048 845 3104 de
879 3045 950 3102 iis
979 3043 1278 3101 codicibus
1308 3041 1557 3098 breviter
1577 3042 1910 3108 dicendurm,
1946 3043 2046 3114 qui
2077 3041 2212 3098 licet
2239 3041 2608 3098 collectiones
2637 3041 3017 3116 epistolarum
3047 3060 3162 3099 non
3181 3044 3323 3115 sint,
3349 3045 3578 3118 aliquas
3597 3049 3772 3101 tamen

390 3141 599 3201 Leonis
629 3137 908 3212 epistolas
937 3134 1252 3208 przebuere.
1287 3134 1428 3188 Tres
1458 3131 1840 3188 vetustissimi
1875 3131 2036 3186 mille
2066 3131 2298 3187 circiter
2329 3149 2618 3187 annorum
2651 3148 2795 3188 mss.
2828 3131 2962 3188 libri
2989 3132 3048 3187 in
3064 3133 3274 3205 primis
3298 3132 3771 3192 commemorandi

389 3236 547 3290 sunt.
576 3225 926 3286 Veronensis
955 3225 1010 3289 8,
1042 3226 1174 3295 post
1188 3221 1462 3294 epistolas
1483 3219 1809 3277 Catholicae
1841 3220 1973 3276 novi
2007 3220 2386 3287 Testamenti,
2422 3220 2582 3275 dedit
2612 3219 2920 3292 epistolam
2947 3222 3017 3276 28
3050 3221 3264 3278 Leonis
3298 3225 3371 3280 ad
3424 3223 3771 3280 Flavianum.

388 3321 549 3378 Alter
566 3315 920 3375 Veronensis
939 3313 1286 3380 58,duarum
1318 3311 1674 3384 synodorum
1705 3309 2006 3382 Ephesinze
2038 3314 2096 3364 et
2124 3307 2611 3365 Chalcedonensis
2641 3309 2804 3365 varia
2827 3309 3180 3366 documenta
3209 3312 3772 3386 complectens,eam-

389 3411 523 3466 dem
553 3405 858 3480 epistolam
891 3403 962 3459 ad
988 3401 1413 3467 Flavianum,et
1440 3399 1614 3456 aliam
1640 3400 1711 3456 ad
1735 3399 2042 3456 Rusticum
2064 3398 2667 3466 Narbonensem,cum
2693 3399 3180 3471 Inquisitionibus
3204 3401 3478 3472 praebuit.
3502 3400 3659 3458 Alius
3677 3398 3774 3454 Ve-

387 3496 676 3563 ronensis,
701 3510 855 3550 nunc
887 3491 1198 3548 Vaticanus
1231 3492 1388 3558 1322,
1421 3493 1554 3546 ante
1597 3493 1763 3562 gesta
1792 3487 2306 3555 Chalcedonensis,
2341 3487 2604 3559 quinque
2636 3487 2841 3543 Leonis
2872 3487 3151 3560 epistolas
3181 3490 3476 3559 exhibuit,
3512 3489 3774 3546 nimirum

385 3587 555 3661 epist.
587 3587 676 3653 87,
708 3585 800 3650 89,
829 3583 920 3649 93,
953 3581 1021 3635 94
1053 3583 1110 3636 et
1142 3580 1262 3635 114.
1289 3579 1353 3635 In
1385 3595 1496 3634 ms.
1520 3577 1651 3633 Vat.
1686 3577 1918 3650 Reginae
1945 3577 2052 3632 293
2080 3575 2274 3632 saeculi
2309 3593 2408 3641 xu,
2443 3579 2575 3648 post
2610 3575 2791 3632 libros
2834 3580 2916 3632 De
2950 3577 3232 3634 Vocatione
3261 3581 3515 3635 omnium
3544 3579 3777 3651 gentium

347 3659 354 3667 “
387 3659 800 3734 describuntur
820 3674 1073 3744 quatuor
1087 3668 1342 3741 epistola:
1360 3672 1415 3722 S.
1438 3667 1644 3722 Leonis
1669 3668 1854 3732 31,35,
1879 3667 1976 3720 139
1991 3669 2048 3720 et
2068 3665 2174 3719 165
2199 3664 2464 3721 Similem
2486 3663 2746 3721 codicem
2763 3665 3005 3721 Thuane
3019 3683 3117 3722 um
3145 3667 3503 3730 Quesncllus
3523 3666 3782 3724 habuisse

382 3768 632 3831 videtur,
665 3766 730 3817 ut
759 3777 827 3816 ex
861 3776 1003 3814 mss.
1035 3759 1164 3828 ejus
1197 3757 1405 3812 notitia
1441 3755 1636 3826 colligi
1671 3759 1879 3826 potest.
1907 3757 1967 3809 In
2000 3771 2110 3810 ms.
2135 3753 2510 3810 Vallicellano
2534 3755 2600 3808 18
2632 3754 2828 3810 saeculi
2861 3772 2938 3823 x1,
2972 3755 3074 3827 qui
3101 3757 3285 3812 codex
3314 3758 3483 3814 varia
3511 3753 3777 3830 opuscula

382 3855 658 3918 continet,
691 3847 974 3921 opusculo
1000 3847 1072 3900 73
1094 3846 1435 3900 inseruntur
1453 3844 1579 3898 duae
1607 3843 1812 3899 Leonis
1836 3842 2112 3915 epistolze,
2148 3843 2429 3898 nimirum
2454 3843 2542 3898 tit.
2580 3844 2688 3898 398
2711 3843 2882 3915 epist.
2914 3845 3032 3912 106,
3065 3849 3123 3900 et
3140 3844 3228 3921 tit.
3258 3847 3370 3902 399
3400 3847 3574 3919 epist.
3606 3846 3692 3900 93.
3726 3844 3778 3898 In

381 3917 661 4000 Vaticano
699 3917 830 3993 1343
851 3934 1047 3991 seculi
1067 3952 1122 4002 x,
1147 3933 1246 4006 qui
1279 3932 1391 3988 fuit
1416 3932 1682 3988 Ecclesiae
1711 3932 2058 3999 Ticinensis,
2091 3936 2146 3987 et
2171 3931 2545 3989 Miscellanea
2569 3933 2932 4006 Dionysianw
2949 3937 3006 3989 et
3031 3917 3369 3991 Isid-oriente
3393 3917 3782 3993 collectionum
3813 3970 3822 3978 -

385 4031 636 4097 exhibet,
655 4029 907 4100 quatuor
927 4022 1135 4080 Leonis
1149 4021 1405 4094 epistolae
1420 4022 1827 4094 przeferuntur,
1843 4039 1970 4093 quze
1985 4037 2054 4076 ex
2073 4020 2474 4077 additionibus
2497 4021 2889 4094 Dionysianis,
2927 4039 3030 4079 seu
3050 4040 3117 4078 ex
3136 4023 3489 4082 collectione
3509 4028 3542 4081 8
3557 4025 3784 4096 sumptae

384 4121 676 4184 videntur,
707 4113 988 4170 nimirum
1036 4111 1291 4183 epistolis
1335 4113 1391 4182 9,
1423 4117 1503 4180 17,
1527 4114 1597 4167 20
1619 4117 1674 4166 et
1701 4113 1816 4167 108.
1846 4111 2034 4167 Codex
2057 4111 2186 4167 Vat.
2223 4111 2361 4164 1347
2383 4110 2578 4166 szeculi
2607 4128 2664 4176 x,
2689 4116 2746 4167 et
2767 4111 2992 4168 similes
3033 4112 3158 4168 Vat.
3195 4114 3385 4171 Palat.
3410 4115 3540 4183 579,
3574 4131 3638 4170 ac
3664 4111 3783 4166 Vat.

389 4207 621 4281 Regina:
637 4205 948 4271 819,unam
980 4199 1287 4273 epistolam
1310 4199 1372 4256 14
1407 4201 1479 4256 ad
1498 4199 1874 4255 Anastasium
1899 4200 2212 4270 praebuere.
2247 4198 2620 4255 Barberimus
2639 4201 2817 4256 codex
2836 4203 2926 4269 77,
2948 4200 3087 4274 quia
3109 4203 3428 4267 Quesncllo
3445 4205 3789 4261 memoratur

386 4298 445 4354 in
477 4295 734 4353 secunda
754 4291 1023 4357 editione,
1058 4289 1242 4346 solam
1265 4287 1793 4361 obtulitcpistolam
1817 4289 1880 4342 12
1899 4287 1972 4343 ad
1991 4288 2297 4360 episcopos
2319 4287 2680 4344 Mauritania;
2695 4290 3078 4346 decurtatam.
3096 4292 3450 4365 Exemplum
3469 4294 3667 4365 prima;
3681 4287 3784 4346 edi-

382 4387 562 4444 tionis
590 4398 926 4441 sermonum
961 4381 1018 4436 S.
1055 4379 1284 4451 Leonis,
1317 4396 1496 4452 quam
1526 4377 1781 4451 vulgavit
1809 4378 2067 4433 Joannes
2099 4376 2358 4432 Andreas
2380 4377 2688 4449 episcopus
2710 4377 3046 4448 Aleriensis,
3067 4384 3276 4451 praeter
3293 4381 3612 4454 epistolam
3632 4380 3698 4435 28
3723 4377 3785 4432 ad

385 4475 746 4540 Flavianum,
770 4475 1022 4544 quatuor
1052 4468 1196 4524 alias
1218 4468 1591 4525 sermonibus
1612 4467 1908 4537 subjectas
1927 4465 2215 4540 praestitit,
2245 4464 2510 4522 videlicet
2537 4467 2709 4538 epist.
2742 4469 2830 4535 80,
2865 4467 2990 4534 119,
3026 4467 3129 4523 145
3157 4471 3214 4524 et
3240 4470 3365 4526 165.
3401 4469 3605 4526 Caeteri
3639 4467 3788 4538 ejus-

384 4567 518 4623 dem
549 4562 778 4637 generis
808 4577 949 4616 mss.
982 4558 1136 4623 libri,
1173 4557 1272 4630 qui
1307 4557 1699 4630 peculiaribus
1729 4554 1992 4628 epistolis
2016 4549 2355 4610 Paschasini
2377 4559 2434 4609 et
2461 4554 2702 4610 Proterii
2721 4556 2791 4611 ad
2816 4555 3066 4612 Leonem
3090 4559 3488 4620 emendandis
3511 4557 3790 4631 profuere,

387 4652 666 4711 suisloeis
687 4649 1103 4706 iudicabuntur
1125 4664 1137 4702 :
1163 4647 1314 4705 sicut
1334 4646 1605 4704 etiamilli
1637 4647 1737 4718 qui
1757 4647 1829 4701 ad
1877 4643 2190 4701 nonnullas
2214 4642 2370 4717 leges
2394 4643 2529 4700 huic
2541 4644 3136 4704 editioniinserendas
3149 4646 3378 4719 aliquid
3403 4646 3788 4705 contulerunt.

1591 4763 1832 4824 §XXVIL
1863 4761 1935 4811 De
1966 4760 2348 4825 mauuscriptis
2375 4760 2587 4811 Grascis.

453 4876 545 4931 51.
577 4843 864 4946 Epistolas
896 4870 1105 4926 Leonis
1134 4868 1588 4926 Chalcedonensi
1619 4866 1949 4924 collectioni
1982 4869 2048 4923 17
2079 4865 2432 4940 praemissas,
2468 4883 2603 4924 mox
2633 4868 2824 4924 Grece
2856 4868 3112 4926 redditas
3141 4872 3197 4924 et
3226 4868 3588 4942 eompilatas
3618 4864 3787 4923 fuisse

387 4965 540 5021 inter
576 4979 670 5018 an.
705 4961 807 5016 453
856 4964 914 5016 et
944 4962 1047 5015 455
1070 4958 1445 5031 probavimus
1476 4974 1641 5014 num.
1672 4958 1760 5012 34.
1798 4957 1955 5014 Idem
1987 4957 2238 5013 subinde
2267 4957 2487 5014 factum
2519 4957 2699 5013 fuisse
2729 4957 2800 5014 de
2830 4958 3054 5014 caeteris
3083 4958 3352 5029 ejusdem
3385 4957 3628 5026 litteris,
3654 4968 3792 5028 quas

387 5054 590 5112 eadem
612 5067 789 5125 super
820 5067 878 5105 re
903 5049 959 5104 in
981 5048 1274 5104 Orientem
1299 5047 1918 5113 transmisit,dubitar_e
1940 5064 2055 5104 non
2084 5046 2254 5103 licet:
2283 5047 2438 5102 unde
2469 5045 2846 5110 celeberrima
2867 5047 3019 5104 inter
3039 5048 3264 5103 Graecos
3294 5045 3389 5103 vel
3423 5046 3571 5103 olim
3585 5041 3795 5103 exstitit

387 5143 557 5216 epist.
593 5143 714 5210 175,
739 5139 810 5194 ad
835 5141 1080 5194 Leone-.11
1116 5139 1651 5210 Augustum,cujus
1670 5138 1865 5192 Graeca
1884 5135 2067 5192 versio
2082 5135 2347 5192 omnium
2361 5135 2806 5192 accuratissima
2851 5140 2958 5192 est.
3002 5135 3266 5192 Diximus
3280 5133 3794 5212 accuratissima!!!

389 5232 674 5299 omnium,
698 5245 763 5285 eo
794 5226 950 5300 quod
977 5229 1192 5282 caeteras
1223 5225 1727 5297 interpretationes
1751 5225 1956 5280 Graecae
1971 5224 2230 5281 obscurae
2252 5230 2308 5280 et
2330 5224 2635 5297 implicatze
2658 5224 3415 5298 plerumqueinveniantur.
3435 5227 3640 5299 Neque
3655 5223 3712 5279 id
3728 5219 3794 5276 ab

389 5336 455 5376 eo
486 5320 725 5392 antiquo
757 5323 1017 5390 tempore
1049 5315 1308 5371 alienum
1340 5315 1628 5370 credatur.
1660 5313 1820 5369 Sicut
1849 5312 2005 5369 enim
2027 5314 2136 5370 hac
2158 5319 2325 5370 astate
2346 5315 2502 5388 apud
2529 5314 2762 5372 Latinos
2793 5315 2905 5372 rari
2937 5320 3103 5372 erant
3134 5315 3514 5388 quiGrzecam
3540 5313 3798 5387 linguam

394 5410 572 5480 probe
603 5407 958 5474 callerent,et
986 5409 1247 5462 exactam
1263 5403 1586 5460 versionem
1619 5419 1648 5459 e
1669 5406 1862 5458 Greeco
1888 5404 2195 5460 redderent
2223 5421 2236 5472 ;
2262 5403 2342 5460 ita
2365 5404 2518 5476 apud
2563 5404 2791 5461 Graecos
2833 5405 2948 5461 rari
2971 5405 3073 5478 qui
3118 5405 3372 5478 perfecte
3393 5407 3665 5460 tenerent
3697 5399 3799 5454 lin-

393 5513 570 5568 guam
603 5496 1342 5566 Latinam,accuratamque
1369 5491 1901 5564 interpretationem
1924 5509 1991 5549 ex
2013 5493 2212 5549 Latino
2228 5493 2632 5566 producerent.
2658 5495 2856 5561 Quoad
2881 5493 3116 5552 Latinos
3139 5493 3279 5552 satis
3299 5492 3527 5548 indicio
3541 5496 3632 5548 est
3663 5485 3800 5544 illud

396 5583 688 5642 Caelestini
718 5583 885 5654 epist.
927 5585 988 5639 13
1014 5585 1082 5640 ad
1111 5582 1460 5650 Nestorium,
1487 5598 1650 5638 num.
1673 5586 1730 5652 2,
1762 5582 1860 5638 ubi
1882 5583 2071 5640 serius
2092 5585 2160 5640 ad
2196 5584 2323 5655 ejus
2345 5582 2622 5656 epistolas
2653 5599 2715 5641 se
2746 5583 3119 5657 respondisse
3141 5585 3401 5641 affirmat
3435 5583 3550 5639 hac
3591 5596 3712 5638 una
3739 5576 3805 5631 de
