4096 6164
421 225 536 287 379
1234 214 1653 278 ramulo
1698 213 1776 275 IN
1820 210 2251 276 EPISTOLAS
2298 214 2362 275 s.
2410 213 2689 277 LEONIS
2735 212 3008 276 MAGNI.
3677 189 3776 281 sse

421 356 618 431 aliquo
648 354 843 413 codice
872 349 1150 408 recoleret
1179 352 1235 405 et
1257 348 1615 405 emendaret.
1649 347 1765 403 Nos
1791 364 1925 402 vero
1958 345 2018 401 in
2042 363 2185 401 mss.
2217 341 2433 401 Graecis
2461 345 2822 402 bibliothecae
2844 346 3069 403 Venetas
3095 347 3154 402 S.
3185 343 3385 414 Marci,
3408 361 3563 419 opem
3583 347 3771 410 ferente

420 448 493 503 cl.
524 464 579 501 ν.
611 441 860 500 Antonio
890 441 1125 496 Zanetto
1156 438 1420 510 ejusdem
1453 436 1815 493 bibliothecae
1849 436 2109 502 custode,
2143 434 2426 508 epistolas
2460 454 2493 491 a
2522 436 2800 492 Romanis
2846 435 3033 491 editas
3056 434 3309 508 relegere
3352 435 3631 509 potuimus
3649 454 3774 512 cum

419 534 648 590 duobus
675 529 887 586 Graecis
914 527 1347 601 exemplaribus
1375 526 1651 597 ejusdem
1675 524 1937 580 collectio
1950 524 2042 579 nis
2088 525 2195 580 555
2244 523 2441 581 saeculi
2471 542 2528 580 x1
2575 524 2662 580 vel
2691 540 2792 595 xu,
2822 528 2880 581 et
2911 526 3016 580 164
3062 524 3255 581 saeculi
3300 525 3639 595 recentiorie,
3667 514 3777 599 quae

416 620 659 679 alterius
687 617 931 691 originis
961 622 1016 674 et
1030 616 1288 674 melioris
1302 621 1449 673 notae
1464 618 1603 672 sunt
1616 631 1793 687 quam
1808 631 1935 686 quas
1963 614 2108 670 Rom
2120 612 2249 670 anis
2267 613 2589 671 editoribus
2603 614 2736 671 usui
2752 614 2930 671 fuere.
2942 615 3002 670 In
3017 631 3158 670 mss.
3192 630 3323 671 vero
3345 614 3529 671 Graeco
3542 615 3780 688 ejusdem

413 708 774 767 bibliothecae
804 707 1090 778 465,quod
1121 703 1407 761 nonnulla
1429 703 1686 760 continet
1698 703 1961 780 ejusdem
1990 701 2348 759 collectionis
2363 703 2737 771 documenta,
2762 720 2939 759 unam
2954 703 3108 760 nacti
3132 720 3339 760 sumus
3359 719 3425 759 ex
3443 720 3537 760 sex
3547 704 3781 777 epistolis

414 817 449 854 a
476 792 1327 869 Coteleriovulgatis,nimirurn
1357 792 1614 849 Flaviani
1640 792 2032 864 epist.26,una
2060 791 2688 865 cuminterpretatione
2701 791 2957 865 epistolae
2978 795 3047 848 28
3070 792 3274 848 Leonis
3297 792 3365 848 ad
3387 793 3660 849 eumdem.
3679 793 3778 850 Has

412 887 560 943 duas
590 884 867 960 epistolas
881 883 1097 956 pariter
1109 883 1433 956 reperimus
1447 883 1504 939 in
1527 882 1769 954 antiquo
1786 881 2165 937 me.Romano
2182 880 2248 936 19
2268 881 2504 937 Patrum
2537 881 2986 951 Basilianorum,
3011 886 3213 938 etcum
3234 880 3495 953 utrisque
3508 881 3779 940 codicibus

399 974 617 1031 ambas
647 971 1026 1029 contulimus.
1060 971 1278 1027 Horum
1309 973 1506 1026 autem
1538 969 1806 1025 codicum
1838 968 2102 1025 subsidio
2116 968 2285 1041 plura
2302 969 2482 1026 Grieci
2505 968 3330 1039 textuslocasanarelicuit,in
3351 986 3463 1042 quo
3485 968 3777 1042 plurimum

410 1081 519 1120 nos
548 1064 756 1119 debere
785 1061 1036 1117 fatemur
1065 1059 1219 1115 Patri
1246 1058 1477 1115 Juliano
1511 1058 1773 1115 Ferrario
1794 1057 2261 1131 congregationis
2284 1058 2535 1115 Oratorii
2558 1058 2909 1116 Veronensis
2937 1060 3299 1133 presbytero,
3325 1059 3424 1131 qui
3446 1058 3589 1114 inter
3601 1064 3783 1116 caetera

411 1152 741 1208 litterarum
772 1155 947 1223 atque
976 1149 1335 1222 optimarum
1366 1146 1817 1219 disciplinarum
1850 1151 2195 1203 ornamenta
2223 1146 2503 1219 peculiari
2528 1147 2734 1216 Graece
2765 1147 2978 1221 lingua:
2995 1148 3205 1220 peritia
3233 1147 3430 1222 fulget.
3455 1138 3815 1205 Prastereaex'

409 1242 641 1297 duobus
673 1239 924 1296 laudatis
958 1255 1099 1294 mss.
1131 1237 1369 1292 Venetis
1402 1236 1506 1291 164
1544 1238 1599 1291 et
1628 1237 1755 1303 555,
1798 1237 2085 1292 ineditam
2118 1236 2405 1293 actionem
2434 1237 2661 1294 concilii
2692 1237 3179 1294 Chalcedonensis
3210 1237 3269 1293 in
3296 1236 3607 1310 appendice
3648 1237 3784 1310 epis-

409 1331 664 1388 tolarum
698 1328 1084 1400 proferemus,
1118 1325 1178 1381 in
1211 1342 1331 1398 qua
1366 1324 1575 1381 Leonis
1607 1324 1852 1396 epistola
1879 1325 1951 1381 93
1977 1326 2050 1381 ad
2078 1326 2365 1398 synodum
2396 1325 2685 1382 lecta'fuit
2716 1327 2814 1400 (α).

473 1422 564 1477 54.
596 1419 790 1475 Unum
820 1417 914 1472 hic
944 1415 1305 1472 monendum
1335 1417 1623 1487 superest,
1687 1413 2005 1470 nonnullas
2067 1415 2296 1471 Graecae
2326 1414 2605 1471 lectiones
2664 1416 2869 1472 affixas
2925 1415 3179 1490 margini
3220 1414 3496 1473 editionis
3542 1414 3785 1471 Romana

405 1508 817 1574 Conciliorum,
850 1509 908 1562 et
935 1504 1141 1561 exinde
1174 1504 1233 1558 in
1266 1502 1411 1559 alias
1442 1501 1722 1558 editiones
1753 1504 2074 1569 traductas,
2104 1508 2163 1560 et
2194 1521 2228 1559 a
2247 1503 2555 1568 Quesnello
2579 1503 2760 1560 etiam
2785 1504 3088 1577 appositas
3116 1504 3331 1561 Graecis
3360 1502 3635 1577 epistolis,
3656 1520 3784 1576 quas

406 1598 616 1656 Leonis
645 1594 884 1652 editioni
912 1591 1181 1661 inseruit,
1216 1608 1330 1647 non
1357 1607 1485 1647 esse
1512 1592 1803 1647 variantes
1834 1596 2105 1664 sumptas
2126 1610 2195 1648 ex
2219 1592 2414 1665 aliquo
2454 1594 2656 1649 Graeco
2689 1593 2903 1650 codice.
2936 1595 3038 1650 sed
3068 1594 3140 1650 ab
3170 1593 3320 1667 ipsis
3351 1593 3656 1650 editoribus
3687 1592 3785 1648 Ro-

400 1688 594 1746 manis
621 1685 833 1759 partim
863 1699 933 1739 ex
964 1682 1165 1737 Latino
1193 1683 1376 1747 textu,
1409 1697 1444 1735 a
1473 1697 1588 1753 quo
1615 1681 1983 1753 discrepabat
2012 1680 2208 1737 Greece
2236 1681 2445 1750 versio,
2480 1682 2695 1754 partim
2728 1699 2859 1739 vero
2887 1699 2956 1739 ex
2985 1682 3243 1755 ingenio,
3286 1682 3393 1739 ubi
3430 1681 3677 1739 difﬁcilis
3695 1685 3784 1738 aut

401 1780 710 1848 corruptus
741 1776 933 1830 textus
961 1770 1287 1837 videbatur,
1320 1769 1501 1826 fuisse
1532 1772 1884 1841 compactae.
1918 1769 2065 1826 Hinc
2098 1774 2300 1827 autem
2337 1769 2630 1845 intelliges
2657 1771 2797 1845 quid
2831 1772 2948 1828 sint
2979 1771 3088 1829 illa:
3119 1771 3403 1829 lectiones
3429 1771 3627 1829 Graeca
3659 1787 3784 1844 quas

405 1882 476 1923 ex
502 1863 822 1923 editoribus
855 1858 1133 1918 Romanis
1164 1858 1479 1932 aliquando
1510 1857 1931 1932 allegabimus.

1586 1996 1611 2053 θ
1636 1990 1863 2043 XXVIII.
1899 1992 2191 2043 Peculiaria
2208 1992 2371 2057 hujus
2397 1993 2662 2044 editionis.

473 2116 563 2171 55.
597 2113 678 2169 Ex
708 2109 1046 2167 recensione
1077 2111 1162 2165 tot
1192 2106 1691 2177 collectionum,ac
1724 2111 1808 2163 tot
1837 2108 2013 2165 etiam
2050 2109 2435 2182 peculiarium
2465 2114 2521 2167 el;
2551 2110 3176 2183 praestantissimorum
3208 2111 3500 2177 codicum,
3532 2112 3782 2184 quantum

408 2201 734 2275 adjumenti
759 2197 1143 2256 habuerimus
1172 2198 1244 2253 ad
1277 2197 1682 2270 perfectiorem
1714 2214 1891 2270 quam
1923 2203 2096 2255 antea
2122 2199 2499 2272 epistolarum
2532 2203 2587 2254 S.
2622 2200 2828 2256 Lconis
2860 2200 3172 2257 editionem
3195 2201 3543 2272 parandam,
3563 2199 3783 2272 quisque

401 2290 706 2364 intelliget;
742 2287 960 2344 nemini
993 2287 1151 2342 enim
1183 2286 1467 2342 hactenus
1499 2286 1698 2359 plures
1729 2292 1786 2343 et
1815 2288 2162 2344 vetustiores
2194 2292 2296 2344 aut
2328 2288 2651 2361 peculiares
2676 2289 2856 2346 nostri
2890 2289 3116 2345 codices
3150 2290 3286 2345 usui
3312 2290 3487 2346 fuere.
3511 2287 3777 2354 Quibusin

403 2377 840 2438 collectionibus
871 2374 1087 2448 quaevis
1116 2373 1364 2447 epistola
1393 2375 1744 2443 inveniatur,
1779 2376 1945 2432 initio
1977 2377 2371 2433 indicabimus
2390 2377 2497 2434 hac
2527 2377 2615 2434 vel
2649 2377 2828 2433 simili
2866 2379 3137 2435 formuia:
3155 2380 3353 2435 Exstat
3381 2380 3438 2434 in
3470 2376 3780 2441 maneat“,

401 2472 457 2539 2,
490 2470 543 2538 3,
579 2471 686 2525 etc.
720 2463 1157 2538 Dionysianam,
1191 2464 1607 2531 Hadrianeam,
1643 2464 2037 2539 llispanicam,
2062 2470 2120 2521 et
2148 2466 2555 2535 Isidorianam,
2582 2468 2740 2539 quod
2774 2468 3029 2524 notiores
3060 2468 3200 2537 sint,
3223 2485 3297 2525 ex
3325 2468 3554 2543 proprio
3575 2465 3781 2523 nomine

390 2572 675 2631 expresse
705 2551 1110 2611 citabimuszin
1142 2567 1258 2623 quo
1274 2552 1704 2609 observandum
1733 2556 1822 2608 est
1852 2554 1961 2609 sub
1994 2553 2358 2627 Dionysiana:
2377 2553 2461 2609 vel
2484 2554 2823 2611 Hadrianeae
2841 2555 3610 2630 nominesubintclligendos
3628 2553 3779 2610 etiam

387 2647 635 2705 codices
665 2642 1026 2700 collectionis
1053 2640 1174 2709 8,in
1199 2639 1746 2712 quibusHadrianea
1759 2641 2018 2698 collectio
2041 2641 2794 2714 miditionibusDionysianis
2820 2643 3276 2714 prmmittitur;et
3289 2641 3782 2700 nominecollectio-

405 2736 498 2793 nis
511 2732 841 2792 Ieidorianae
864 2729 1276 2803 comprehendi
1293 2728 1856 2785 mss.collectionum
1874 2730 1893 2785 Ι
1908 2731 1932 2784 1
1948 2735 2022 2797 ,et

2173 2731 2645 2787 uaalsidorianam
2671 2732 3160 2804 repetunt;solum
3175 2732 3336 2789 enim
3349 2733 3436 2788 hae
3450 2729 3781 2789 collectiones

406 2823 681 2882 distincte
711 2823 882 2876 erunt
913 2817 1293 2892 appellandae,
1324 2835 1460 2874 cum
1476 2834 1668 2874 sermo
1682 2819 1793 2874 erit
1828 2818 1896 2875 de
1914 2818 2182 2891 epistolis
2198 2837 2325 2892 qua:
2357 2820 2430 2875 ad
2451 2821 2832 2876 lladrianeam
2851 2821 2941 2877 vel
2955 2821 3343 2879 Isidorianam
3361 2839 3474 2878 non
3501 2820 3781 2893 pertinent,

404 2919 461 2971 et
487 2931 556 2970 ex
588 2911 700 2968 alio
734 2911 888 2966 fonte
909 2908 1120 2964 iisdem
1133 2906 1576 2963 collectionibus
1601 2923 1915 2964 accessere.
1931 2908 2148 2963 Eadem
2166 2908 2272 2963 rati
2281 2926 2388 2964 one
2403 2908 2516 2965 Isid
2525 2909 2607 2964 ori
2627 2908 2890 2965 collectio
2908 2909 3269 2966 nominanda
3290 2928 3406 2967 non
3430 2911 3628 2977 fuerat,
3646 2922 3780 2971 cum,

407 3001 597 3079 quoad
629 2996 906 3071 epistolas
936 2997 1164 3063 Leonis,
1198 3013 1314 3051 non
1347 2996 1424 3051 sit
1449 2995 1559 3052 nisi
1576 2996 1842 3069 repetitio
1858 2996 2216 3053 collectionis
2231 2997 2576 3070 Hispanicae.
2596 2998 2708 3054 Sed
2722 3016 2826 3054 cur
2846 2998 3230 3055 nihilominus
3256 2999 3334 3054 ab
3346 2999 3521 3071 hujus
3542 2994 3780 3053 citatione

408 3107 526 3148 non
557 3087 732 3144 fuerit
760 3084 1196 3154 abstinendum,
1230 3085 1452 3140 dictum
1483 3089 1573 3141 est
1601 3102 1767 3141 num.
1802 3086 1890 3140 21.

474 3181 564 3237 56.
599 3174 945 3245 Quesnellus
972 3174 1315 3248 plerumque
1342 3174 1542 3230 omisit
1571 3174 1848 3247 antiquos
1882 3172 2267 3247 epistolarum
2292 3174 2514 3245 titulos,
2547 3175 2646 3248 qui
2679 3176 2739 3231 in
2764 3175 3062 3233 codicibus
3093 3176 3494 3245 inveniuntur,
3536 3178 3599 3232 ut
3625 3188 3782 3229 novas

405 3282 686 3344 synopsee
715 3283 748 3320 a
776 3281 837 3321 se
867 3266 1219 3336 compactae,
1259 3279 1408 3335 quas
1441 3262 1693 3335 aptiores
1706 3262 2460 3337 credidit,pr&ﬁgeret.Nos
2484 3281 2618 3320 vero
2633 3264 3014 3336 retentis,vel,
3043 3265 3307 3339 ubiopus
3328 3265 3464 3334 erit,
3487 3259 3780 3321 emendatis

403 3357 591 3415 titulis
624 3352 937 3422 Quesnelli,
972 3369 1177 3408 omnes
1234 3351 1509 3424 antiquos
1562 3357 1831 3408 accurate
1878 3369 2275 3425 proponemus
2306 3353 2365 3409 in
2397 3354 2897 3424 annotationibus,
2947 3354 3231 3411 nimirum
3281 3354 3425 3412 illos
3457 3354 3553 3427 qui
3582 3349 3779 3409 suntin

402 3445 842 3506 collectionibus
873 3442 1246 3515 Dionysiana,
1273 3441 1586 3514 Hispanica
1615 3459 1716 3498 seu
1751 3441 1980 3508 Isidori,
2019 3458 2083 3497 ac
2112 3441 2172 3497 in
2204 3443 2410 3515 quinta
2441 3442 2867 3507 Queenelliana.

470 3539 560 3593 57.
594 3534 746 3592 Ordo
776 3530 1156 3605 epistolarum
1187 3530 1516 3586 necessario
1548 3530 1892 3586 mutabitur.
1928 3530 2120 3586 Primo
2139 3532 2292 3587 enim
2315 3549 2425 3588 non
2447 3548 2765 3603 paucarum
2788 3531 3169 3604 epistolarum
3200 3531 3484 3589 chronica
3506 3527 3706 3587 notatio
3724 3541 3783 3582 ex

400 3624 619 3683 nostris
650 3621 949 3680 codicibus
980 3620 1322 3693 corrigenda
1351 3618 1479 3674 erit.
1511 3618 1669 3673 Alias
1701 3618 1875 3674 etiam
1893 3618 2170 3691 epistolas
2202 3619 3029 3695 qugecbronicienetiscarent,
3060 3637 3173 3675 non
3196 3618 3432 3678 levibus
3453 3614 3783 3693 argumentis

401 3717 461 3772 in
492 3714 652 3772 aliud
682 3715 916 3782 tempus
948 3709 1345 3778 traducemue,
1380 3724 1447 3762 ac
1478 3707 1684 3762 exinde
1715 3707 1894 3762 series
1926 3708 2055 3779 ipsa
2084 3707 2253 3764 aliter
2280 3709 2392 3764 erit
2421 3710 2765 3766 ordinanda.
2791 3709 3008 3766 Deinde
3032 3727 3150 3765 una
3180 3710 3435 3782 epistola
3455 3727 3487 3766 a
3506 3703 3782 3774 Quesnello

401 3807 633 3876 recepta
663 3801 1051 3872 expungetur,
1084 3796 1207 3852 alias
1237 3813 1371 3852 vero
1404 3794 1633 3851 inedita
1656 3796 1948 3852 accedent.
1962 3796 2219 3851 Tandem
2242 3796 2461 3870 optime
2490 3797 2833 3870 illequidem
2859 3797 3015 3853 inter
3032 3798 3239 3854 Leonis
3253 3798 3536 3871 epistolas
3555 3793 3786 3868 vulgavit

401 3891 546 3949 aliae
577 3889 828 3946 aliorum
860 3884 1086 3940 litteras
1118 3884 1190 3939 ad
1223 3884 1475 3939 Leonem
1507 3882 1774 3954 scriptas,
1808 3883 1897 3939 vel
1930 3884 2003 3939 ad
2035 3901 2168 3939 eum
2202 3885 2578 3957 pertinentes;
2613 3891 2673 3941 at
2701 3903 2799 3942 eas
2826 3886 2954 3942 sine
2987 3885 3104 3942 ullo
3136 3903 3388 3943 numero
3411 3905 3524 3961 quo
3560 3883 3711 3942 citari
3737 3882 3785 3935 et

398 3977 645 4036 inveniri
675 3974 843 4031 facile
874 3964 1128 4046 possint,
1160 3972 1428 4028 inseruit.
1461 3972 1580 4028 Nos
1611 3977 2000 4046 praeterquam
2034 3974 2188 4046 quod
2220 3975 2505 4031 addemus
2537 3974 2703 4031 allias
2736 3974 3072 4043 nonnullae,
3105 3976 3655 4048 probatissimorum
3680 3969 3782 4026 edi-

397 4074 593 4125 torum
625 4062 958 4135 exemplum
990 4062 1194 4129 secuti,
1226 4060 1478 4134 singulis
1511 4079 1686 4118 suum
1736 4080 2051 4120 numerum
2086 4065 2477 4138 praefigemus,
2529 4065 2684 4136 quod
2726 4081 3109 4121 numerorum
3141 4064 3415 4122 ordinem
3444 4083 3478 4121 a
3507 4056 3782 4131 Quesnello

401 4154 773 4230 propositum
807 4149 993 4207 multo
1026 4150 1216 4222 magis
1247 4149 1561 4206 subvertet.

465 4247 557 4302 58.
585 4243 731 4319 (lum
757 4242 816 4297 in
846 4241 1211 4297 emendando
1241 4243 1400 4296 textu
1432 4239 1875 4307 Qucenellianas
1904 4241 2194 4298 variantes
2224 4259 2326 4299 seu
2359 4242 2609 4315 margini
2631 4259 2733 4298 seu
2768 4243 2825 4298 in
2849 4243 3001 4299 notis
3033 4242 3371 4316 designatas
3403 4259 3517 4299 non
3542 4237 3777 4312 neglige-

402 4353 559 4401 mus,
580 4337 709 4390 tum
738 4348 871 4388 vero
903 4333 1070 4386 notas
1098 4333 1154 4385 et
1185 4328 1620 4387 observationes
1650 4330 1913 4402 ejusdem
1930 4331 2197 4399 fusiores,
2223 4348 2370 4404 quas
2390 4330 2586 4403 ipsein
2606 4333 2932 4388 secundum
2956 4336 3183 4387 tomum
3206 4336 3340 4405 post
3368 4327 3786 4388 dissertationes

404 4425 626 4498 rejecit,
656 4423 715 4478 in
746 4420 1003 4478 secundo
1034 4418 1252 4492 pariter
1281 4423 1439 4475 tomo
1472 4419 2061 4492 hujuseditionis'per
2076 4438 2180 4478 nos
2211 4420 2669 4489 identidem,seu
2688 4420 3149 4489 illustratas,seu
3164 4421 3507 4479 emendatas
3530 4414 3783 4474 invenies.

399 4512 691 4586 Epistolas
718 4509 917 4565 Leoois
949 4507 1195 4580 excipiet
1218 4507 1528 4579 appendix,
1562 4507 1621 4562 in
1654 4523 1772 4579 qua
1792 4513 2001 4580 przeter
2017 4509 2422 4581 supposititias
2444 4508 2557 4565 alia
2587 4511 2859 4582 quaedam
2878 4511 3231 4567 documenta
3262 4511 3334 4567 ad
3360 4508 3568 4567 Leonis
3588 4507 3788 4562 litteras

403 4597 777 4675 pertinentia,
809 4601 866 4653 et
896 4597 1048 4651 inter
1077 4596 1199 4651 haec
1230 4594 1515 4652 nonnulla
1545 4596 1767 4651 inedita
1798 4597 2184 4668 proferentur.

471 4689 562 4745 59.
595 4684 893 4758 Syllabum
925 4684 1191 4740 codicum
1222 4684 1587 4757 singularum
1622 4683 2029 4741 collectionum
2061 4702 2208 4757 quos
2240 4685 2298 4741 in
2346 4686 2732 4743 emendandis
2789 4686 3052 4759 epistolis
3111 4687 3516 4754 adhibuimus,
3571 4681 3661 4738 hic
3690 4689 3788 4734 non

404 4776 738 4841 atteximus,
775 4773 913 4846 quia
941 4790 1075 4829 cum
1104 4773 1374 4846 superius
1405 4791 1510 4829 suo
1544 4774 1667 4829 loco
1699 4790 1797 4830 eos
1839 4774 2114 4830 distincte
2147 4775 2596 4845 nominarimus,
2617 4775 2757 4831 acin
2785 4775 3532 4849 plerisquecollectionibus
3552 4759 3790 4828 unicivel

402 4865 572 4941 pauci
604 4865 740 4929 sint,
778 4862 941 4918 facile
974 4863 1082 4918 erit
1107 4862 1364 4918 invenire
1396 4862 1529 4935 quis
1561 4862 1636 4917 sit
1658 4862 1753 4918 ille
1785 4864 1961 4919 codex
1979 4880 2153 4931 quem
2185 4882 2253 4920 ex
2280 4864 2482 4936 quavis
2496 4863 2832 4921 collectione
2862 4865 3167 4937 allegaturi
3199 4862 3644 4922 eumue.Solum
3663 4866 3783 4912 cum

402 4956 460 5011 in
492 4953 827 5012 collectione
854 4952 918 5007 21
956 4950 1127 5024 plura
1155 4968 1298 5006 mss.
1322 4950 1677 5022 exemplaria
1706 4952 1861 5007 nacti
1894 4952 2103 5018 simus,
2138 4953 2497 5008 monendum
2530 4957 2619 5008 est
2648 4953 2762 5009 duo
2794 4954 3168 5025 potissimum
3200 4954 3336 5010 usui
3389 4953 3593 5015 fuisse,
3643 4944 3781 4998 Vatia

402 5046 507 5101 543
536 5048 593 5100 et
619 5043 748 5114 546,
779 5058 907 5113 quas
939 5040 1115 5095 citata
1144 5038 1455 5112 intelliges,
1488 5056 1622 5094 cum
1654 5058 1797 5096 mss.
1821 5040 1977 5096 Vatt.
2012 5041 2341 5098 collationis
2370 5046 2433 5097 21
2489 5041 2743 5115 allegata
2786 5043 3056 5114 reperies.
3110 5043 3169 5098 Si
3199 5043 3299 5116 qui
3334 5045 3531 5100 autem
3580 5031 3786 5093 codices

407 5137 684 5206 praeterea
710 5129 1043 5186 conferendi
1078 5128 1184 5184 visi
1216 5131 1356 5184 sunt
1384 5127 1442 5183 in
1475 5127 1832 5200 quibusdam
1864 5127 2234 5198 lectionibus,
2268 5147 2368 5187 eos
2400 5131 2633 5203 proprio
2671 5132 2906 5187 nomine
2934 5132 3329 5188 laudabimus.

481 5277 556 5348 ζα)
579 5279 642 5329 In
673 5273 937 5329 addendz's
962 5269 1281 5348 adnealcem
1306 5269 1449 5348 _tomi
1470 5269 1761 5348 II‘positis,
1791 5271 2554 5348 Rom-anieditoresinsuper
2578 5272 2763 5348 in_ho_c
2785 5259 3784 5348 locolegenda‘sequentiainselzlyﬂtj

481 5289 642 5342 (a)1n
673 5289 937 5329 aaaenuzs
962 5289 1033 5327 an
1066 5289 1281 5327 calcem
1306 5289 1449 5325 tomi
1470 5289 1517 5324 ιι
1534 5289 1761 5340 posms,
1791 5289 2445 5328 nomaniemtoresmsu
2492 5289 2554 5327 er
2578 5290 2637 5328 1n
2656 5289 2763 5329 noc
2787 5289 3169 5348 locelegenua
3195 5289 3495 5347 sequentia
3517 5289 3784 5341 mserum.

412 5368 440 5396 «
475 5344 620 5400 Cum
651 5361 786 5416 vero
817 5347 949 5416 post
977 5343 1207 5416 editum
1235 5342 1491 5416 primum
1522 5344 1748 5416 tomum
1779 5341 2097 5416 prodiisset
2119 5344 2380 5400 Romana
2412 5289 2588 5400 egitio
2619 5344 2679 5399 P.
2712 5345 2865 5400 Petri
2895 5347 3130 5402 Thomas
3158 5343 3410 5416 Caeciari
3459 5339 3556 5397 alii
3577 5333 3786 5416 codices

413 5415 679 5487 Vaticani
710 5407 897 5487 Grzéci
921 5430 1069 5487 quos
1100 5412 1213 5487 ipsi
1236 5407 1409 5468 licuit
1440 5412 1720 5487 conferre,
1756 5407 1928 5471 u'tiles
1955 5415 2126 5487 nobis
2157 5416 2413 5481 fuerunt,
2446 5419 2575 5483 tum
2607 5419 2671 5471 ut
2696 5416 2983 5476 nonnulla
3009 5416 3137 5477 loca
3167 5414 3632 5477 emendaremus,
3671 5407 3789 5460 tum

416 5490 482 5548 ut
509 5486 624 5546 tria
652 5485 850 5547 Greca
878 5481 1210 5566 fragmenta
1237 5487 1409 5544 antea
1439 5481 1662 5555 inedita
1680 5483 1740 5543 in
1766 5485 2217 5561 appendiculam
2248 5487 2621 5546 referrentur.
2658 5508 2687 5543 ››
2754 5518 2758 5521 Α
