4138 6168
475 349 480 356 ·
515 321 637 386 595

1640 333 1702 397 s.
1748 333 2027 402 LEONIS
2072 333 2325 440 MAGNI
2368 333 2799 425 EPISTOLﬁE.

3748 346 3850 409 598

519 462 916 532 discreverint,
951 458 1095 520 nihil
1126 461 1238 524 sibi
1287 483 1525 525 sensum
1583 486 1822 527 suorum
1874 471 2166 530 aestiment
2191 478 2247 546 Α
2276 475 2728 545 est,magnaque
2749 468 3052 544 diligentia
3071 469 3648 550 providendum,(j)ne
3664 493 3750 550 per
3766 479 3856 538 hu-

517 559 590 628 (a)
615 573 742 612 esse
773 572 887 612 non
920 555 1168 612 salvum.

583 647 718 701 CAP.
745 647 842 701 III.
859 677 927 687 —
943 645 1207 719 Cumque
1223 663 1428 702 omnes
1449 649 1817 706 deﬁnitiones
1833 669 1971 708 suas
1993 655 2067 727 (1))
2091 653 2163 709 ad

510 735 864 809 subrependi
884 732 1248 804 facilitatem,
1265 736 1596 808 improbare
1616 756 1676 794 se
1697 739 1976 796 simulent
1991 747 2167 814 atque

511 824 960 897 deponere,'_hoc
991 824 1100 880 sibi
1135 827 1256 880 tota
1284 829 1407 882 arte
1438 825 1695 897 fallendi,
1720 831 1787 894 (c)
1809 829 1920 886 nisi
1955 829 2167 886 intelli-

513 917 746 988 gantur,
769 913 1087 986 excipiunt,
1111 917 1176 968 ut
1223 915 1411 985 gratia
1459 917 1555 971 Dei
1605 919 1930 973 secundum
1963 920 2170 976 merita

515 1002 642 1058 dari
663 1002 1072 1074 accipientium
1087 1003 1620 1070 sentiatur(d).0ua3
1640 1007 1842 1079 utique
1860 1008 1969 1062 nisi
1988 1009 2188 1080 gratis

521 1093 711 1160 detur,
735 1107 851 1146 non
883 1095 971 1146 est
997 1091 1202 1163 gratia,
1229 1093 1329 1148 sed
1360 1109 1582 1149 merces
1605 1096 2026 1168 retributioque
2050 1115 2168 1154 me-

521 1181 789 1247 ritorum,
805 1179 1034 1236 dicente
1051 1181 1217 1236 beato
1234 1182 1533 1254 Apostolo:
1553 1184 1702 1242 592
1726 1192 1794 1255 (e)
1815 1186 2014 1242 Gratiae
2033 1189 2172 1242 salvi

522 1273 657 1344 facti
685 1271 813 1326 estis
839 1287 936 1342 per
958 1270 1142 1341 ﬁdem,
1172 1279 1223 1326 et
1252 1273 1350 1326 hoc
1396 1289 1505 1327 non
1556 1290 1625 1327 ex
1671 1274 1836 1342 vobis,
1870 1277 1930 1346 (fi
1956 1276 2047 1332 sed
2077 1278 2175 1331 Dei

523 1361 728 1417 donum
755 1364 852 1426 est,
885 1376 992 1414 non
1024 1376 1093 1414 ar
1123 1361 1392 1431 operibus,
1426 1377 1496 1414 ne
1530 1361 1676 1434 forte
1705 1366 1824 1434 quis
1853 1365 2169 1420 extollatur.

524 1451 698 1522 Ipsius
726 1451 876 1504 enim
917 1466 1102 1504 sumus
1146 1450 1482 1520 ﬁgmentum,
1513 1455 1688 1506 creati
1717 1454 1774 1507 in
1806 1453 2020 1510 Christo
2047 1457 2174 1510 Jesa

526 1541 588 1594 in
618 1538 868 1610 operibus
893 1539 1068 1602 bonis,
1087 1553 1212 1610 quae
1230 1541 1558 1611 praeparavit
1589 1542 1728 1597 Deus
1759 1544 1896 1598 utin
1920 1543 2034 1598 illis
2056 1561 2172 1598 um-

525 1627 773 1684 bulemus
793 1628 1006 1698 (Ephcs.
1043 1629 1294 1698 11,8-10).
1325 1632 1394 1698 (g)
1426 1629 1629 1684 Omnis
1661 1629 1856 1703 itaque
1887 1632 2174 1686 bonorum

525 1733 767 1789 operum
786 1715 1244 1783 donatio,divina
1255 1719 1598 1788 praeparatio
1619 1719 1871 1791 estzquia
1883 1737 1997 1775 non
2013 1721 2177 1792 prius

525 1805 845 1878 quisquam
887 1803 1253 1876 justiticatur
1296 1805 1532 1874 virtute,
1580 1825 1758 1878 quam
1807 1808 2015 1880 gratia,
2051 1825 2177 1880 qum

526 1893 843 1966 unicuique
872 1892 1228 1964 principium
1248 1893 1494 1964 justitize
1525 1899 1583 1950 et
1613 1895 1899 1951 bonorum
1935 1897 2063 1952 fons
2092 1900 2178 1952 at-

525 1999 640 2054 que
670 1982 831 2054 origo
863 1982 1204 2036 meritorum
1235 1986 1344 2037 est.
1379 1981 1490 2038 Sed
1526 1984 1598 2037 ab
1625 1983 1754 2040 istis
1785 1985 1912 2040 ideo
1946 2003 2047 2058 per
2077 2003 2177 2040 na-

525 2070 778 2126 turalem
812 2069 1164 2126 industriam
1197 2069 1412 2126 dicitur
1441 2072 1764 2142 przeveniri,
1792 2077 1856 2127 ut
1887 2091 2012 2145 qua:
2045 2077 2179 2130 ante

503 2147 775 2231 gratiam
809 2155 1042 2228 proprio
1062 2158 1139 2217 (li)
1169 2155 1325 2212 clara
1366 2157 1442 2212 sit
1471 2159 1685 2227 studio,
1711 2159 1870 2216 nullo
1912 2161 2178 2217 videatur

526 2247 746 2321 peccati
778 2244 1078 2318 originalis
1107 2245 1344 2302 vulnere
1380 2247 1668 2317 sauciata;
1718 2249 2050 2322 falsumque
2103 2251 2179 2307 sit

525 2336 682 2408 quod
717 2334 938 2392 Veritas
969 2333 1084 2389 ait:
1113 2336 1382 2403 Quoniam
1401 2337 1573 2392 Filius
1593 2337 1832 2393 hominis
1862 2341 2009 2394 venit
2033 2355 2177 2411 quec-

527 2441 646 2481 rere
673 2428 725 2480 et
753 2425 968 2479 salvere
996 2423 1136 2494 quod
1161 2426 1406 2496 perierat
1435 2427 1496 2499 (i)
1527 2427 1674 2497 (Luc.
1705 2444 1780 2490 IX,
1809 2429 1912 2500 10).

599 2513 732 2570 CAP.
756 2514 850 2570 IV.
887 2513 992 2586 [ΑΙ.
1014 2511 1082 2566 ν.
1107 2543 1174 2552 -ο
1205 2513 1539 2568 Cavendum
1570 2530 1706 2587 ergo
1738 2514 2031 2570 dilectioni
2065 2521 2174 2571 tuae

526 2747 750 2804 collect.
775 2748 832 2815 5,
856 2747 927 2818 de
951 2745 1165 2818 quibus
1199 2743 1294 2818 ille
1324 2744 1446 2815 agit
1476 2749 1595 2818 not.
1619 2746 1670 2811 4,
1692 2744 2044 2818 pleriqueet
2073 2763 2173 2818 ρο-

524 2821 706 2874 tiores
733 2817 917 2872 nostri
949 2815 1118 2872 c'odd.
1151 2817 1500 2886 confirmant
1527 2815 1652 2870 Vat.
1691 2815 1830 2886 Reg.
1863 2815 2091 2873 collect:
2124 2818 2172 2884 1,

523 2890 654 2945 Vat.
691 2888 915 2944 collect.
947 2889 1002 2951 3,
1037 2887 1316 2942 Lucensis
1363 2885 1584 2940 collect.
1619 2888 1670 2952 4,
1703 2885 2028 2944 Vindebon.
2057 2887 2174 2943 col-

522 2960 655 3030 lect.
670 2961 726 3026 5,
739 2963 796 3014 et
819 2962 938 3014 tres
957 2957 1181 3013 collect.
1197 2960 1249 3030 8.
1264 2957 1398 3030 Tria
1415 2956 1769 3029 exemplaria
1786 2960 2174 3014 recentiorum

525 3027 936 3088 collectionum
961 3030 1022 3084 11
1047 3034 1104 3084 et
1121 3030 1186 3084 21
1213 3027 1466 3099 habent:
1490 3027 1599 3099 qua
1613 3029 1683 3084 ad
1713 3037 2025 3086 nostrarum
2043 3031 2173 3086 soli-

526 3103 749 3158 ditatem
777 3101 1150 3156 disereverint.
1183 3098 1330 3154 Edit.
1367 3098 1510 3154 ante
1543 3101 1754 3164 Quesn.
1790 3118 1924 3156 cum
1954 3101 2177 3157 Sichar-

527 3175 624 3241 do,
646 3191 764 3245 qua,
783 3189 839 3228 se
867 3189 901 3245 a
931 3171 1320 3245 damnatorum
1344 3173 1594 3245 societate
1619 3173 1994 3228 discreverim.
2019 3173 2177 3245 Hanc

528 3241 724 3302 autem
755 3243 1062 3300 lectionem
1089 3241 1422 3297 invenimus
1451 3242 1509 3296 in
1535 3260 1645 3297 ms.
1673 3247 1802 3298 Vat.
1825 3245 1930 3298 544
1952 3243 2175 3300 collect.

2267 561 2530 632 jusmodi
2562 561 2832 616 homines
2861 561 3146 616 exstincta
3180 561 3398 618 dudum
3420 564 3672 621 scandala
3699 571 3858 626 susci-

2272 653 2488 715 tentur,
2507 655 2563 705 et
2593 651 2663 706 de
2684 650 2875 706 exciso
2897 651 3035 704 olim
3060 650 3330 723 dogmate
3352 650 3571 723 aliquod
3594 653 3646 709 in
3671 658 3862 726 provin-

2275 739 2362 794 cia
2392 743 2493 793 tua
2523 739 2788 809 ejusdem
2813 738 2950 794 mali
2977 754 3214 811 germen
3248 738 3481 806 oriatur,
3511 743 3653 813 quod
3674 760 3776 799 non
3794 763 3865 801 so-

2275 826 2399 882 lum
2431 825 2490 882 in
2524 828 2820 883 radicibus
2851 829 2978 884 suis
2999 833 3243 896 crescat,
3268 829 3368 884 sed
3392 829 3551 884 etiam
3577 836 3766 887 sanctae
3783 837 3866 889 Ec-

2278 913 2466 970 clesia:
2499 913 2758 971 sobolem
2783 915 2860 988 (Is)
2880 931 3100 970 veneno
3129 913 3220 971 sui
3245 915 3360 970 oris
3383 915 3604 971 inliciat.
3630 918 3763 975 ωε
3781 923 3867 987 Qui

2277 1006 2570 1058 correctos
2620 1019 2684 1058 se
2728 1003 2907 1058 videri
2939 1001 3163 1067 volunt,
3187 1002 3259 1057 ab
3307 1001 3462 1056 omni
3502 1003 3796 1074 suspicione
3821 1023 3870 1062 se

2279 1096 2558 1163 purgent;
2578 1097 2635 1146 et
2649 1091 2969 1147 obediendo
2988 1091 3178 1158 nobis,
3195 1091 3436 1163 probent
3451 1107 3509 1146 se
3524 1107 3641 1147 esse
3656 1097 3866 1151 nostros.

2281 1182 2539 1245 Quorum
2564 1181 2610 1236 si
2639 1179 2954 1253 quisquam
2995 1179 3334 1234 salubribus
3376 1180 3660 1252 praeceptis
3679 1182 3870 1237 satisfa-

2281 1285 2408 1324 cere
2435 1269 2786 1336 detrectarit,
2813 1269 2934 1324 sive
2965 1267 3062 1324 ille
3088 1268 3354 1335 clericus,
3375 1267 3491 1324 sive
3521 1268 3591 1324 sit
3618 1267 3796 1335 laicus,
3815 1271 3872 1326 ab

2282 1356 2548 1412 Ecclesia:
2601 1357 2877 1412 societate
2926 1356 3198 1428 pellatur,
3241 1373 3312 1412 ne
3338 1357 3402 1426 (ι)
3428 1357 3667 1428 perditor
3707 1359 3874 1414 anime

2282 1462 2424 1514 suae,
2458 1445 2632 1500 saluti
2663 1445 2976 1500 insidietur
3003 1444 3224 1500 alienm.

2356 1533 2488 1588 CAP.
2515 1533 2564 1586 V
2586 1534 2689 1606 (At.
2713 1533 2828 1606 VI].
2853 1563 2920 1575 —
2947 1532 3112 1588 Illam
3144 1550 3379 1606 quoque
3409 1537 3624 1606 partem
3652 1532 3878 1590 ecclesia-

2285 1623 2444 1678 sticae
2475 1623 2819 1694 disciplinas,
2845 1640 2964 1695 qua
2982 1623 3080 1695 (οη)
3111 1621 3251 1678 olim
3279 1640 3315 1679 a
3343 1623 3554 1679 sanctis
3583 1621 3816 1679 Patribus
3837 1627 3883 1679 et

2286 1729 2320 1766 a
2354 1712 2521 1766 nobis
2551 1729 2704 1784 saepe
2729 1713 3028 1766 decretum
3050 1715 3158 1779 est,
3181 1715 3248 1767 ut
3279 1728 3386 1768 nec
3415 1711 3475 1766 in
3509 1711 3886 1784 presbyteratus

2287 1800 2468 1872 gradu
2481 1800 2690 1871 ,(n)nec
2705 1799 2764 1854 in
2777 1799 3122 1856 diaconatus
3135 1800 3544 1869 ordine,necin
3558 1799 3885 1871 subsequenti

2286 1889 2478 1946 ofﬁcio
2500 1887 2846 1945 clericorum
2864 1890 2936 1945 ab
2955 1887 3210 1946 Ecclesia
3230 1889 3306 1946 ad
3323 1888 3637 1946 Ecclesiam
3657 1887 3887 1960 cuiquam

2286 1977 2536 2034 transire
2559 1978 2636 2033 sit
2655 1977 3024 2050 liberum,(o)
3047 1982 3112 2034 ut
3144 1978 3202 2033 in
3224 1977 3523 2052 integrum
3556 1994 3782 2048 revoces,
3807 1976 3888 2032 ad-

2287 2086 2596 2125 monemus
2622 2085 2635 2122 :
2661 2071 2726 2124 ut
2751 2068 3164 2140 unusquisque
3196 2085 3314 2124 non
3346 2067 3656 2123 ambitione
3681 2065 3888 2130 illectus,

2286 2176 2405 2214 nun
2427 2158 2745 2231 cupiditate
2767 2157 3065 2225 seductus,
3091 2173 3202 2213 non
3227 2157 3604 2230 persuasione
3626 2154 3888 2210 hominum

2285 2249 2759 2320 depravatus,(p)
2791 2245 2892 2301 ubi
2941 2245 3248 2302 ordinatus
3301 2250 3411 2314 est,
3459 2241 3894 2318 perseveretzita

2286 2341 2352 2392 ut
2381 2336 2430 2392 si
2463 2335 2596 2408 quis
2646 2351 2754 2390 sua
2802 2351 3093 2406 quaerens,
3128 2351 3244 2390 non
3278 2352 3409 2406 quae
3437 2335 3575 2392 Jesu
3606 2330 3813 2398 Christi,
3839 2329 3895 2386 ad

2287 2425 2513 2498 plebem
2539 2426 2617 2496 (q)
2647 2429 2704 2480 et
2733 2423 3051 2480 Ecclesium
3095 2439 3266 2480 suam
3303 2423 3495 2480 redire
3525 2420 3828 2494 neglexerit,
3851 2423 3898 2473 et

2287 2515 2358 2570 ab
2409 2513 2646 2569 honoris
2697 2511 3019 2586 privilegio,
3049 2518 3104 2568 et
3151 2529 3185 2568 a
3233 2511 3670 2568 communionis
3707 2506 3900 2564 vinculo

2284 2743 2400 2800 illis
2431 2743 2656 2800 collect.
2679 2746 2749 2818 24
2777 2743 2932 2818 inter
2961 2760 3108 2817 quos
3138 2744 3600 2818 est‘Victorin‘us
3624 2741 3695 2818 ab
3731 2739 3898 2818 eodem

2285 2820 2664 2882 memoratus,
2690 2816 2788 2871 ubi
2816 2832 2950 2870 cum
2978 2807 3376 2872 anterioribus
3399 2813 3744 2872 editionibus
3763 2814 3811 2882 et
3832 2807 3900 2862 εί.

2285 2881 2747 2963 chardolegitur
2771 2905 2782 2942 :
2810 2888 2998 2963 Omnis
3026 2887 3214 2963 itaque
3247 2889 3520 2944 bonorum
3548 2901 3757 2963 operum
3777 2881 3903 2963 devo-

2286 2961 2380 3024 tio,
2405 2958 2614 3013 divinu’
2623 2960 2958 3030 praeparatio
2977 2962 3087 3019 est;
3110 2958 3206 3014 nec
3219 2975 3460 3031 praprza
3481 2961 3758 3030 quisquam
3763 2958 3900 3024 justi-

2283 3031 2480 3099 ﬁcutur
2512 3031 2728 3101 virtute,
2756 3031 3019 3101 quoniam
3045 3032 3230 3099 gratia
3260 3032 3586 3101 unicuique,
3617 3032 3721 3101 etc.

2356 3101 2431 3182 (tt)
2456 3099 2634 3182 Vulg.
2663 3093 2795 3156 ante
2825 3093 3198 3182 Quesn.:cum
3211 3118 3354 3182 “uno
3389 3093 3502 3182 ms.
3526 3093 3675 3182 Vat.,
3697 3093 3900 3182 detegit:

2357 3167 2423 3242 (ἱ)
2453 3173 2556 3227 llic
2582 3167 2654 3226 in
2685 3171 2960 3228 omnibus
3001 3172 3175 3227 editis
3205 3171 3528 3238 Quesnello
3559 3167 3905 3242 anterioribus

2287 3240 2695 3298 inserebantur
2726 3243 2894 3315 plura’
2922 3259 2990 3315 ex
3019 3244 3332 3315 Augustini
3359 3240 3820 3315 Encbiridiotere
3837 3250 3908 3291 cx-

665 3315 723 3371 ui
744 3315 936 3387 solum
967 3313 1188 3387 omittit
1217 3330 1342 3384 qua.
1365 3313 1693 3387 Antelmius
1713 3315 1959 3387 epistola
1989 3316 2179 3387 prima
2209 3317 2251 3382 C
2290 3320 2506 3387 cerpta,
2535 3331 2661 3386 qua:
2691 3311 3079 3387 conﬁciebant
3099 3311 3277 3386 caput
3297 3317 3353 3387 4.
3379 3316 3463 3370 Ea
3482 3311 3909 3387 Quesnellusex-

527 3333 596 3372 764
665 3333 723 3371 ιιι
744 3333 936 3371 sonum
967 3333 1186 3370 οωιιιιι
1217 3333 1342 3384 qua.
1365 3333 1693 3369 Ληιθιωιυε
1713 3333 1959 3386 episwla
1989 3333 2178 3387 prima

527 3333 744 3444 Gaﬂice
774 3386 992 3457 scripta
1021 3389 1078 3441 et
1108 3386 1369 3456 subjecta
1399 3384 1525 3457 eius
1555 3385 2068 3442 dissertationibus
2101 3393 2178 3442 Ue

533 3459 686 3531 veris
708 3458 984 3531 cperibus
1005 3458 1106 3531 SS.
1135 3457 1342 3531 Leonis
1361 3459 1418 3512 et
1435 3457 1722 3531 Prosperi,
1749 3475 1908 3531 num.
1929 3460 2018 3524 26,
2039 3459 2182 3531 Que-

535 3530 720 3587 snello
737 3527 1096 3592 succensuit,
1109 3528 1264 3600 quod
1284 3527 1435 3600 hanc
1451 3527 1738 3600 editdrum
1757 3527 2062 3600 lectionem
2079 3529 2182 3585 im-

534 3602 845 3658 mutaverit
862 3617 932 3657 ex
950 3598 1394 3671 suoru‘meodd.
1408 3598 1543 3663 ﬁde,
1557 3616 1703 3671 quos
1727 3599 1923 3655 minus
1937 3605 2180 3671 exactos

531 3673 849 3730 contendit.
883 3674 955 3727 At
987 3687 1099 3727 non
1133 3669 1240 3726 soli
1273 3669 1502 3724 codices
1535 3669 1902 3734 a‘Quesncllo
1933 3670 2177 3738 laudati,

529 3746 629 3800 sed
663 3745 838 3800 etiam
883 3742 1257 3812 nostri,quos
1302 3741 2092 3812 indicavimus,diversarum
2123 3748 2179 3798 et

529 3814 1078 3887 antiquissimarum
1119 3810 1528 3887 collectionum
1576 3810 1706 3887 libri
1759 3814 2178 3887 manuscriptis

528 3881 706 3942 unius
737 3883 1093 3941 collectionis
1115 3881 1450 3952 posterioris
1477 3881 1812 3952 prreferendi
1846 3889 2028 3938 erant.
2061 3881 2176 3940 Nec

527 3973 738 4028 sensus
769 3955 1054 4028 obscurus
1074 3957 1182 4028 est,
1211 3953 1258 4008 si
1282 3953 1591 4028 verborum
1612 3952 1699 4007 vis
1719 3957 1872 4028 recte
1893 3954 2178 4028 intelliga-

525 4031 642 4080 tur.
665 4027 850 4080 Immo
871 4025 1099 4079 diversa
1121 4023 1253 4080 licet
1275 4022 1366 4077 via
1387 4025 1558 4076 verba
1579 4022 1634 4076 in
1659 4024 1926 4080 eamdem
1951 4022 2176 4082 sentcn-

527 4096 669 4152 tiam
718 4095 1003 4175 recidunt.
1051 4093 1424 4175 significatur
1470 4094 1624 4148 enim
1676 4094 2172 4175 us_i_ta_hzeretico-

525 4184 658 4248 rum
688 4165 966 4250 versutia,
997 4166 1092 4250 qui
1129 4165 1186 4220 in
1217 4181 1587 4247 quacumque
1622 4165 1906 4236 particula
1935 4168 2173 4250 dogma-

526 4239 604 4294 tis
633 4236 968 4312 exsecrandi
1001 4235 1181 4312 alium
1211 4235 1545 4312 quempiam
1579 4235 1818 4312 sensum
1849 4235 2174 4312 excogitare

527 4310 788 4375 student,
806 4326 921 4380 quo
943 4327 975 4363 a
997 4308 1288 4380 soliditate
1309 4308 1648 4380 dogmatum
1679 4308 2171 4379 damnandorum,

524 4381 582 4436 id
615 4385 722 4449 est,
751 4398 785 4436 a
814 4379 934 4435 tota
963 4397 1159 4434 massa
1179 4379 1646 4434 damnandorum
1674 4395 1956 4436 sensuum
1989 4383 2172 4437 desci-

523 4469 683 4526 scere
704 4469 770 4508 ac
791 4450 1460 4526 discreparevideantur.
1475 4451 1924 4526 Damnandorum
1945 4471 2174 4526 quoque

522 4523 693 4579 lectio
724 4540 858 4579 cum
891 4521 1369 4578 antecedentibus
1402 4521 1668 4592 dogmatis
1696 4521 2020 4579 exsecrandi
2051 4521 2172 4580 uia-

521 4595 613 4666 gis
644 4594 1119 4666 coilizeret,iquam
1149 4594 1554 4666 damnatorum.

590 4669 668 4732 (a)
702 4665 765 4718 In
796 4663 1026 4719 duobus
1059 4682 1202 4720 mss.
1232 4665 1362 4718 Vat.
1396 4663 1617 4719 collect.
1639 4664 1730 4726 21,
1755 4681 1865 4720 non
1893 4667 2119 4722 salvari.
2202 4680 2244 4743 θ
2281 4664 2567 4720 simorum
2592 4664 3012 4790 exemplarium
3040 4666 3168 4721 Vat.
3203 4667 3284 4722 Re

590 4735 662 4790 (bl
685 4735 829 4790 Vide
852 4739 1018 4790 not.5
1042 4734 1538 4790 Ouesnelli.cuius
1555 4735 2020 4790 emendationem
2045 4755 2168 4790 nro-
2277 4737 2380 4790 sis.
2406 4753 2510 4790 nec
2542 4753 2654 4790 non
2691 4737 2770 4790 Va
2796 4736 2966 4790 licell.
3017 4741 3074 4790 et
3122 4737 3284 4790 Verct

590 4735 662 4806 (b)
685 4735 829 4791 Vide
852 4739 970 4791 not.
991 4740 1018 4788 5
1042 4734 1353 4802 Quesnelli,
1369 4736 1538 4806 cujus
1555 4735 2020 4806 emendationem
2045 4755 2168 4806 pro-

518 4804 661 4861 bant
695 4806 1121 4864 Drzestantiores
1148 4807 1331 4861 nostri
1358 4804 1605 4860 codices.
1626 4804 1740 4858 Soli
1775 4823 1915 4862 mss.
1943 4804 2164 4864 collect.

517 4877 580 4932 21
607 4877 825 4933 habent
843 4878 913 4933 ad
933 4879 1308 4948 subrepentem
1326 4877 2014 4948 facilitatcm._Anteriores
2037 4897 2168 4936 vero

517 4948 803 5004 editiones
823 4953 878 5004 et
900 4946 1218 5005 Sichardus
1238 4946 1374 5002 cum
1400 4947 1568 5003 codd.
1594 4946 1819 5002 collect.
1842 4949 1931 5016 24,
1956 4950 2025 5005 ad
2046 4959 2166 5006 tan-

513 5022 628 5092 tam
654 5021 1015 5092 facilitatem;
1047 5018 1424 5092 qui‘codices
1477 5035 1612 5092 mox
1670 5035 1971 5092 perperam
2031 5039 2165 5076 cum

515 5089 1126 5157 edit.Lovaniensum,
1159 5089 1258 5145 hoc
1287 5090 1367 5144 ibi
1409 5091 1522 5143 tota
1545 5093 1694 5156 arte;
1726 5090 1850 5144 alia}
1881 5107 2014 5147 vero
2045 5096 2164 5148 edi-

515 5163 705 5218 tiones
738 5161 924 5218 multo
958 5163 1124 5234 pejus
1155 5162 1252 5234 hoc
1279 5161 1384 5234 tibi
1411 5165 1522 5234 tota
1550 5169 1685 5216 arte.

587 5234 654 5306 (e)
689 5233 826 5290 Cod.
853 5232 1156 5306 Lucensis,
1182 5233 1295 5287 nisi
1323 5232 1701 5301 intelligatur;
1724 5236 1932 5304 etpost
1956 5250 2160 5305 pauca,

514 5305 624 5358 nisi
638 5304 823 5372 gratis
853 5304 1035 5360 datur.

581 5375 658 5448 (ά)
688 5378 742 5448 1,
780 5377 963 5448 qu._1,
990 5374 1180 5448 Gratia
1208 5375 1408 5448 sinon,

581 5446 652 5514 (c)
685 5442 824 5502 Mss.
857 5446 986 5501 Vat.
1011 5444 1234 5501 collect.
1258 5446 1348 5512 21,
1374 5448 1430 5497 et
1459 5443 1610 5498 alius
1641 5442 1844 5500 collect
1869 5447 1952 5514 11,
1982 5449 2162 5504 Gratis

513 5517 655 5569 salvi
680 5519 816 5585 farti
839 5520 986 5572 estis.

581 5590 647 5657 (ζ’)
676 5587 1012 5656 Adjccimus
1041 5587 1132 5640 sed
1164 5603 1229 5657 rx
1257 5588 1513 5657 quatuor
1531 5585 1970 5657 antiquissimis
1993 5590 2158 5645 codd.

507 5655 731 5710 collect.
764 5655 818 5723 ll,
843 5657 877 5711 3
905 5665 960 5713 et
995 5660 1022 5712 4
1054 5675 1119 5712 ac
1167 5655 1424 5721 Vallicel,
1457 5655 1770 5724 collect—8,
1807 5675 1908 5712 nec
1948 5676 2060 5714 non
2094 5678 2160 5715 ex

515 5726 821 5795 Sichardo;
856 5730 993 5785 editi
1027 5735 1158 5784 ante
1191 5731 1429 5794 Quesn.,
1463 5729 1558 5782 Dei
1583 5731 1726 5782 enim
1760 5728 1960 5784 donum
1990 5735 2080 5785 est.

583 5799 658 5872 (α)
689 5800 832 5854 Cum
881 5801 1063 5872 codd._
1085 5818 1118 5855 a
1149 5805 1364 5872 Queen.
1417 5797 1688 5864 laudatis,
1726 5806 1841 5856 not.
1876 5803 1930 5872 6,
1962 5800 2021 5857 in
2054 5802 2157 5858 hac

505 5869 753 5949 lectione
804 5870 1180 5927 consentiunt
1216 5871 1391 5926 etiam
1421 5887 1624 5928 omnes
1669 5873 1875 5941 nostri,
1907 5869 2156 5947 exceptis

2291 3377 2502 3457 pudxit
2515 3377 2870 3457 auctoritate
2906 3401 3148 3440 suorum
3168 3377 3740 3457 -codicum,'quibus
3764 3377 3910 3457 βιξααξ

2290 3448 2473 3512 nostri
2506 3455 2724 3524 favent;
2756 3461 2813 3530 et
2849 3455 2916 3530 in
2967 3460 3190 3530 netam_
3211 3458 3346 3528 ejus
3377 3459 3414 3510 '7
3442 3448 3660 3530 réjécit,
3685 3453 3776 3510 ubi
3823 3448 3912 3530 legi

2288 3527 2936 3600 poteruntitomobujus
2953 3527 3520 3600 editionis'Secundo
3546 3530 3737 3600 (primo
3761 3528 3912 3600 αωεπι

2288 3603 2530 3668 ηοδενίε).
2555 3599 2892 3655 Invenimus
2920 3604 3114 3654 autem
3137 3599 3346 3656 eadem
3381 3599 3575 3656 verba
3593 3599 3797 3654 inserta
3813 3599 3914 3668 tan;

2288 3662 2591 3725 tummodo
2641 3669 2700 3742 in
2751 3686 2894 3742 mss.
2939 3670 3328 3742 posteriorum
3383 3671 3614 3727 collect.
3656 3672 3715 3742 t2
3756 3669 3808 3742 et
3841 3662 3916 3742 2b

2289 3758 2507 3814 necnon
2542 3741 2697 3814 apud
2756 3737 3299 3814 Sichardumshoc
3352 3747 3558 3798 tamen
3613 3737 3914 3814 discrimine

2287 3815 2441 3884 quod
2473 3813 2532 3868 in
2579 3806 2719 3869 mss.
2757 3812 2978 3884 collect.
3015 3813 3100 3880 12,
3129 3813 3196 3884 15
3228 3831 3494 3884 pannus
3534 3812 3788 3884 assuitur
3808 3806 3920 3884 pes!-

2287 3831 2441 3884 quou
2473 3831 2532 3868 1n
2579 3831 2719 3869 mss.
2757 3831 2978 3868 ceuceu.
3015 3831 3196 3880 12,15
3289 3831 3494 3870 annus
3534 3831 3788 3869 assunur
3813 3831 3918 3878 pum

2285 3885 2459 3955 verba
2487 3885 2627 3955 quod
2651 3885 2920 3955 perierat;
2964 3883 3022 3938 in
3055 3831 3363 3940 codicigus
3394 3891 3599 3941 autem
3633 3873 3918 3955 colle_ct._?$

2285 3954 2437 4010 etin
2481 3950 2740 4026 exemplo
2799 3955 3063 4010 Sichardi
3123 3961 3257 4026 post
3317 3957 3502 4012 verba
3552 3950 3919 4026 antecedentia

2285 4027 2578 4093 originalis
2606 4015 2850 4098 ‘v‘ruluere
2875 4015 3142 4094 sauciata:
3177 4029 3582 4098 sequentibus
3640 4037 3814 4096 usque
3865 4015 3924 4071 ad

2286 4099 2461 4151 tinem
2493 4095 2698 4168 capitis
2732 4097 2988 4168 omissis.

2356 4169 2428 4239 (j)
2459 4165 2596 4222 Cod.
2623 4167 2864 4222 Vercell.
2889 4167 3109 4224 collect.
3138 4168 3193 4232 8,
3216 4185 3286 4224 ne
3309 4169 3589 4225 scandala
3609 4165 3925 4239 suscitentur2

2285 4237 2649 4311 intermediis
2689 4239 2927 4311 vocibus
2969 4239 3409 4311 praetermissis.
3448 4242 3516 4296 In
3549 4239 3678 4294 cod.
3713 4237 3927 4291 Lucensi

2284 4311 2457 4364 verba
2485 4326 2580 4380 per
2609 4310 2916 4381 hujusmodi
2939 4310 3184 4381 homines
3215 4312 3664 4381 desiderantur.

2351 4381 2428 4450 (lg)
2460 4371 2806 4446 Quesndllus
2829 4397 2963 4435 cum
2991 4380 3120 4436 aliis
3149 4383 3289 4438 edit.
3328 4389 3392 4439 et
3428 4379 3734 4440 nonnullis
3760 4371 3930 4450 codd"

2284 4447 2490 4526 veneno
2507 4454 2596 4526 sui
2618 4451 2820 4526 odoris.
2845 4453 2951 4507 Ms.
2975 4454 3306 4526 Cantabrig.
3323 4455 3416 4526 ab
3441 4447 3930 4526 eodemglaudatus

2282 4528 2337 4578 et
2357 4523 2532 4595 editio
2557 4522 2929 4595 Canisiicum
2953 4523 3169 4595 nostris
3190 4522 3364 4580 codd.
3388 4525 3626 4582 collect.
3651 4522 3739 4586 21,
3763 4528 3928 4595 veneni

2280 4597 2370 4669 sui
2383 4594 2560 4650 odore.
2583 4593 2952 4669 Praetulimus
2971 4593 3278 4669 lectionem
3297 4597 3582 4669 quinque
3597 4591 3934 4669 praetentis-

3334 4663 3348 4721 .
3375 4663 3518 4724 Vat.
3547 4663 3710 4733 1342,
3734 4663 3930 4733 Lucen-

2277 4737 2380 4801 sis,
2406 4753 2510 4791 nec
2542 4753 2654 4791 non
2691 4731 2966 4792 Vallicell.
3017 4741 3074 4793 et
3122 4731 3549 4794 Vercellensis.
3599 4731 3776 4793 Paulo
3821 4731 3935 4786 ante

2277 4809 2432 4864 idem
2469 4807 2708 4863 Vercell.
2743 4807 2917 4864 habet
2953 4811 3198 4864 sanctam
3225 4811 3492 4866 Ecclesia:
3519 4809 3778 4866 sobolem.

2345 4880 2412 4948 (ι)
2441 4879 2584 4933 Tres
2615 4895 2758 4933 mss.
2788 4879 3017 4935 codices
3041 4880 3254 4944 Quesn.
3281 4897 3354 4936 ac
3389 4882 3653 4938 totidem
3685 4871 3858 4948 nostri
3883 4870 3936 4948 cf

2277 4937 2454 5024 editio
2485 4949 2700 5024 Canisii
2729 4937 3436 5024 perditioneiHadrianus
3471 4953 3520 5019 Ι,
3554 4949 3732 5024 epist.
3761 4946 3846 5012 97,
3873 4937 3934 4996 ad

2275 5021 2576 5096 episcopos
2609 5021 3171 5096 llispan.,proditor.
3259 5095 3272 5096 γ
3593 5021 3672 5096 ___-
3791 5085 3827 5096 ..

2342 5096 2437 5160 (ιιι)
2474 5087 2578 5146 Ms.
2613 5087 2741 5146 Vat.
2773 5087 2934 5156 5845',
2965 5102 3015 5148 et
3057 5094 3210 5149 olim.
3245 5095 3528 5159 Quatuor
3571 5091 3675 5149 alii
3708 5087 3934 5160 codices.

2272 5178 2397 5234 quxe
2426 5163 2554 5216 olim
2603 5162 2816 5218 decreta
2867 5166 2958 5218 est.
2993 5163 3203 5220 Confer
3273 5181 3364 5220 una
3421 5165 3486 5220 in
3548 5163 3716 5220 hunc
3765 5159 3935 5216 locum

2272 5233 2709 5290 observavimus
2755 5234 2812 5289 in
2859 5235 3163 5291 praemissa
3193 5181 3644 5291 admonitione.
3668 5247 3828 5289 num.
3857 5227 3934 5280 25-

2272 5249 2709 5290 onservavrmus
2755 5251 2812 5289 1n
2858 5251 3163 5302 praemissa
3193 5249 3644 5302 admonitione,
3668 5249 3828 5289 num.
3857 5249 3934 5280 ZO-

2274 5251 2709 5290 onservavnmus
2755 5251 2812 5289 1n
2858 5251 3163 5306 praemissa
3193 5251 3536 5292 admonitio

2274 5303 2440 5370 Vide,
2473 5303 2519 5359 si
2553 5303 2735 5372 lubet,
2769 5305 2948 5362 etiam
2979 5307 3270 5372 Quesnelli
3303 5311 3440 5362 not.
3476 5311 3536 5362 8.

2343 5377 2422 5447 (n)
2452 5377 2592 5430 Tres
2622 5369 2790 5447 codd.
2825 5381 2982 5446 Vat.,
3002 5369 3103 5434 nec
3133 5395 3193 5433 tn
3221 5378 3589 5442 diaconatus,
3611 5392 3715 5432 nec
3743 5377 3803 5429 in
3825 5369 3936 5447 sub-

2267 5442 2514 5518 sequenti
2543 5446 2733 5519 ordine
2779 5442 3120 5506 clerico’rum.
3156 5451 3430 5516 Quatuor
3462 5449 3568 5505 alii
3595 5463 3731 5519 pro
3778 5442 3936 5518 οῙΙῖτξο

2268 5517 2592 5573 clericorum
2623 5517 2839 5575 habent
2867 5521 3058 5576 ordine
3094 5523 3451 5576 clericorum.
3487 5517 3640 5576 Cod:
3675 5517 3937 5574 Lucensis

2270 5589 2491 5664 omittit
2519 5591 2704 5664 ηδε-ξπ
2733 5593 3081 5664 subsequenti
3115 5594 3311 5664 ofﬁcio.

2342 5665 2415 5748 3'02
2446 5661 2580 5748 Cod.
2619 5661 2744 5748 Vat.
2778 5661 2997 5748 collect.
3032 5665 3142 5748 1ίᾷ
3145 5661 3314 5748 delet.

2341 5728 2418 5801 u’p)
2452 5731 2510 5785 In
2549 5747 2656 5785 ms.
2691 5733 2818 5788 Vat.
2857 5733 3078 5790 collect.
3105 5728 3200 5800 ⁷21,
3236 5732 3314 5791 ibi
3345 5733 3453 5788 ubi
3485 5731 3786 5788 ordinatus
3817 5728 3904 5801 est.

2337 5798 2415 5878 (lli
2447 5803 2580 5878 (ἐρᾷ.
2621 5803 2740 5858 Vat.
2771 5805 3007 5878 Regius,
3051 5815 3100 5862 ct
3143 5798 3212 5862 ad
3241 5804 3587 5860 Ecclesium.
3624 5798 3934 5860 Sichardus

2269 5872 2421 5930 delet
2448 5873 2658 5946 plebem
2690 5879 2761 5930 ct.
