4062 6172
675 260 792 322 615

1797 258 1863 320 S.
1908 257 2189 321 LEONIS
2233 255 2483 321 MAGNI
2529 255 2961 323 EPISTOLZE.

748 394 1359 468 apostolicumreferre.
1384 424 1450 468 -τ
1475 394 1572 448 VI.
1604 392 1794 468 Causa?
1820 394 2095 464 graviores
2116 393 2199 446 vel
2230 410 2326 464 ίῳ·
2357 393 2410 462 Α
2442 392 2812 465 baptismatis
2844 397 2931 448 est
2962 396 3291 460 renovatus,
3325 390 3599 464 acceperit,
3628 410 3740 450 cum
3775 393 3808 450 i1

738 464 1065 539 pellationes
1096 464 1311 535 Illyrici
1335 464 1452 519 sedi
1475 465 1788 537 apostolica:
1817 469 2188 520 reservantur.

677 572 1084 641 Dilectissimis
1116 572 1396 627 fratribus
1420 571 1709 643 episcopis
1734 569 2197 642 metropolitanis
2232 587 2332 642 per

747 643 1040 717 Illyricum
1072 643 1410 699 constitutis
1445 643 1580 697 Leo.

744 751 880 807 CAP.
906 749 1259 806 I.—0mnis
1303 747 1625 804 admonitio
1676 740 2183 820 salutaris,'quam
2216 747 2328 802 Do-

678 839 841 896 mino
874 838 1170 894 credimus
1203 837 1496 908 aspirante
1526 836 1880 910 contingere,
1910 837 1970 891 in
2002 836 2328 892 mercedem

671 927 905 1001 proﬁcit
928 926 1222 982 monentis
1251 928 1307 981 et
1334 925 1575 994 moniti;
1600 930 1657 980 et
1677 925 1804 981 ideo
1826 942 1932 980 nos
1954 925 2063 981 hoc
2084 924 2331 980 libenter

672 1015 1304 1090 arripimus,quoniam
1337 1013 1569 1087 placere
1611 1014 1725 1070 Dco
1753 1018 1952 1069 nostro
1982 1031 2097 1069 non
2134 1012 2327 1069 solum

670 1104 911 1171 nostris,
928 1104 1027 1160 sed
1053 1103 1317 1159 omnium
1344 1103 1589 1157 fratrum
1614 1098 2212 1174 consacerdotumque
2233 1119 2329 1157 no-

671 1199 927 1251 strorum
970 1192 1200 1248 actibus
1235 1190 1605 1246 festinamus.
1637 1192 1700 1246 In
1741 1194 2001 1247 nostram
2033 1190 2188 1246 enim
2238 1208 2329 1246 re-

671 1281 853 1340 currit
882 1281 1157 1355 gratiam,
1193 1279 1240 1335 si
1283 1278 1553 1334 Ecclesiaa
1602 1278 1686 1334 sic
1734 1284 2010 1352 regantur
2037 1284 2103 1334 ut
2131 1278 2328 1335 nullus

671 1369 1056 1444 querimoniis
1089 1368 1286 1424 aditus
1340 1372 1645 1423 reseretur.
1675 1368 1763 1424 Sit
1794 1369 1988 1439 itaque
2033 1368 2326 1423 dilectioni

668 1464 896 1531 vestrae,
920 1460 1126 1513 fratres
1160 1456 1722 1523 charissimi,dulcis
1770 1462 1827 1513 et
1866 1459 2131 1527 jucunda
2177 1475 2325 1530 pra:-

669 1549 882 1622 ceptio,
916 1564 1092 1619 quam
1142 1548 1213 1602 de
1261 1546 1418 1602 sedis
1451 1546 1778 1617 apostolica:
1811 1546 2173 1614 auctoritate,
2207 1565 2326 1603 ser-

666 1642 800 1694 vata
828 1635 1129 1694 charitatis
1178 1635 1383 1708 gratia,
1419 1652 1657 1691 manare
1687 1635 1972 1703 noscatis;
2008 1653 2113 1691 nec
2161 1636 2327 1691 vobis

669 1727 888 1799 aliquid
910 1725 1066 1797 juris
1099 1722 1681 1805 credatis_imminui,
1710 1725 1759 1780 si
1790 1730 1908 1780 tam
1944 1725 2326 1803 praesentibus

668 1814 846 1889 quam
881 1814 1096 1870 futuris
1144 1813 1320 1869 rebus
1366 1813 1631 1879 videatis,
1666 1830 1738 1868 ne
1768 1812 1989 1869 illicitis
2039 1830 2322 1886 praesum-

669 1904 973 1977 ptionibus
996 1906 1287 1959 reseratur
1309 1902 1524 1969 aditus,
1548 1902 1873 1975 praecaveri.
1895 1902 2145 1959 CAUTIUS
2167 1904 2323 1958 enim

669 1991 1178 2065 usurpationibus,
1248 1995 1561 2062 antequam
1640 1995 1956 2057 tententur,
2019 1992 2322 2058 obsistere,

671 2098 848 2155 quam
882 2097 1011 2152 qua:
1042 2083 1324 2150 usurpata
1354 2078 1571 2134 fuerint
1598 2079 1913 2135 vindicare.

743 2171 879 2225 CAP.
914 2168 983 2224 ll.
1011 2200 1077 2207 —
1104 2168 1171 2223 Et
1200 2168 1337 2239 quia
1367 2184 1471 2240 per
1500 2184 1704 2224 omnes
1732 2167 2021 2225 Ecclesias
2051 2186 2192 2225 cura
2221 2186 2323 2225 no-

673 2264 797 2315 stra
829 2257 1207 2321 distenditur,
1239 2256 1501 2329 exigente
1530 2257 1638 2312 hoc
1669 2275 1702 2313 a
1733 2257 1901 2313 nobis
1930 2259 2196 2327 Domino,
2223 2259 2322 2331 qui

675 2345 1009 2420 apostolicae
1037 2344 1341 2418 dignitatis
1365 2345 1704 2401 beatissimo
1735 2346 1996 2418 apostolo
2018 2348 2182 2403 Petro
2214 2348 2328 2420 pri-

670 2440 895 2494 matum
921 2436 996 2507 (α)
1027 2433 1160 2490 ﬁdei
1194 2451 1315 2489 suae
1347 2434 1815 2491 remuneratione
1847 2435 2159 2505 commisit,
2191 2436 2322 2492 uni-

668 2524 952 2583 versalem
980 2521 1294 2578 Ecclesium
1329 2521 1387 2576 in
1418 2523 1779 2578 fundamenti
1805 2523 1880 2595 (b)
1906 2524 2093 2596 ipsius
2124 2524 2321 2580 solidi-

670 2619 789 2671 tate
822 2612 1207 2678 constituens,
1250 2611 1656 2667 necessitatem
1687 2611 2098 2670 sollicitudinis
2147 2630 2321 2684 quam

671 2703 981 2766 habemus,
1007 2718 1141 2754 cum
1173 2699 1267 2754 his
1298 2699 1395 2771 qui
1424 2700 1592 2755 nobis
1623 2700 1848 2773 collegii
1880 2701 2160 2757 charitate
2181 2705 2323 2775 jun-

672 2790 749 2847 cti
783 2793 924 2844 sunt
953 2789 1270 2843 sociamus.
1296 2788 1487 2843 Vicem
1536 2788 1734 2860 itaque
1784 2795 2040 2845 nostram
2075 2790 2235 2846 fratri
2269 2797 2325 2847 et

672 2878 1014 2949 coepiscopo
1063 2878 1261 2931 nostro
1314 2877 1642 2944 Anastasio,
1687 2879 1867 2933 secuti
1918 2896 2119 2935 eorum
2169 2881 2322 2937 618

671 2964 1029 3037 exemplum,
1056 2980 1305 3037 quorum
1330 2965 1499 3019 nobis
1526 2966 1848 3021 recordatio
1868 2971 1956 3023 est
1975 2969 2321 3037 veneranda,

675 3054 1104 3121 commisimus,
1130 3058 1186 3109 et
1216 3058 1280 3108 ut
1311 3051 1385 3108 sit
1431 3053 1489 3108 in
1540 3055 1814 3127 speculis,
1839 3073 1911 3112 ne
1958 3056 2097 3129 quid
2153 3057 2320 3114 illici-

2440 481 2677 537 tismate
2722 486 2957 553 peccata
3005 479 3329 548 deleantur,
3366 497 3469 535 non
3500 498 3713 537 uxorum
3751 501 3808 536 nu

2438 572 2772 644 abrogetur.
2806 570 2960 624 Adeo
3003 574 3197 624 autem
3246 569 3304 624 in
3355 570 3738 633 excusationem
3784 589 3805 625 s

2437 660 2748 716 obtendere
2779 677 2892 714 non
2942 658 3171 731 poterit,
3221 663 3286 712 ut
3327 675 3515 714 eorum
3560 676 3615 715 se
3654 665 3808 731 patre!

2436 765 2591 813 rum,
2616 765 2762 820 quos
2788 753 2919 804 ante
2955 746 3316 819 baptismum
3357 747 3669 819 susceperit,
3698 764 3808 819 negt

2436 836 2641 910 possit.
2662 837 2860 908 Neque
2889 836 3044 892 enim
3078 852 3221 891 uxor
3250 852 3376 907 quae
3406 852 3471 891 ex
3498 835 3629 908 legis
3654 853 3808 907 praece

2436 926 2607 992 citur,
2639 924 2793 981 inter
2822 930 3060 998 peccata
3088 942 3215 997 quae
3247 924 3562 981 abluuntur
3588 924 3808 997 baptism

2436 1014 2570 1070 terit
2600 1014 2918 1070 numerari.

2506 1107 2638 1160 CAP.
2672 1105 2766 1163 IV.
2791 1136 2858 1145 —
2878 1104 2961 1158 Ad
2987 1103 3275 1175 synodum
3303 1103 3644 1176 quicumque
3667 1101 3808 1157 fuerit

2433 1198 2530 1248 tus
2561 1198 2846 1261 occurrat,
2881 1208 2985 1246 nec
3025 1191 3458 1264 congregationi
3487 1208 3546 1246 se
3582 1191 3808 1263 deneget,

2435 1283 2508 1336 ad
2539 1282 2724 1337 Deum
2752 1280 3109 1353 pertinentes
3136 1297 3343 1336 causas
3366 1280 3582 1336 noverit
3595 1296 3715 1335 esse
3731 1283 3808 1333 tra

2436 1373 2642 1441 (εγω...
2667 1369 2961 1441 Quidquid
2993 1386 3326 1439 causarum,
3351 1374 3415 1425 ut
3443 1367 3668 1433 assolet,
3688 1367 3808 1423 inte:

2434 1461 2697 1516 cerdotes
2720 1457 2993 1527 evenerit,
3017 1458 3145 1530 ejus
3172 1458 3263 1513 cui
3292 1458 3473 1513 vicem
3506 1461 3751 1513 nostram
3772 1474 3808 1511 Ct

2435 1565 2571 1604 mus
2591 1547 2845 1604 examini
2868 1552 3193 1603 reservetur
3217 1563 3230 1604 :
3258 1552 3320 1601 ut
3340 1546 3436 1602 illo
3453 1547 3561 1602 sub
3582 1545 3676 1602 Dei
3697 1544 3808 1600 timt

2434 1637 2560 1693 sule
2581 1637 2772 1693 omnis
2790 1635 3147 1707 ambiguitas
3166 1636 3423 1691 ﬁniatur.
3445 1634 3594 1690 Nihil
3616 1634 3671 1689 in
3692 1636 3808 1705 ejus

2434 1732 2639 1793 stram,
2672 1729 2873 1781 contra
2904 1724 3023 1780 haec
3054 1741 3184 1795 qua:
3215 1723 3652 1789 constituimus,
3692 1740 3808 1795 prae:

2432 1816 2732 1888 injuriam.
2758 1815 2899 1885 Ejus
2930 1814 3098 1869 nobis
3132 1812 3431 1883 relatione,
3458 1814 3507 1868 si
3537 1812 3667 1885 quis
3697 1812 3764 1867 ad
3793 1829 3808 1866 ι

2431 1906 2681 1961 rendum
2704 1904 2897 1970 fuerit,
2922 1903 3276 1959 innotescat:
3293 1902 3376 1958 ita
3391 1903 3551 1959 enim
3567 1919 3669 1958 vos
3682 1901 3751 1957 ad
3772 1901 3807 1955 il

2433 1996 2617 2050 tincre
2636 1993 2928 2060 volumus,
2956 1997 3019 2046 ut
3049 1993 3120 2047 ad
3152 2008 3253 2047 vos
3297 1992 3728 2064 provinciarum
3755 2006 3808 2045 ve

2433 2083 2725 2157 pertinent
2752 2082 3102 2137 sacerdotes.
3130 2080 3238 2144 Qui
3270 2096 3409 2153 ergo
3432 2082 3572 2152 jure
3602 2079 3713 2135 sibi
3759 2079 3808 2133 dt

2434 2173 2699 2245 cupiunt,
2724 2169 3053 2242 apostolicae
3097 2169 3255 2226 sedis
3293 2168 3641 2225 auctoritate
3683 2183 3808 2223 conc

2433 2279 2601 2318 suam
2637 2258 3066 2316 contumaciam
3098 2257 3451 2314 imminuere
3482 2275 3600 2313 non
3628 2257 3808 2311 nitant

2502 2355 2636 2405 CAP.
2670 2353 2829 2404 V.—
2882 2347 2955 2403 Ut
2999 2365 3133 2403 vero
3180 2352 3385 2404 vestras
3437 2345 3743 2403 dilectioni
3788 2362 3808 2417 ι

2433 2458 2551 2496 suae
2584 2438 2872 2494 ordinatio
2904 2436 3265 2510 permittitur
3306 2437 3712 2503 sacerdotum,
3742 2434 3808 2488 ita

2432 2535 2490 2585 et
2520 2528 2929 2599 coepiscopum
2980 2529 3244 2582 nostrum
3288 2524 3678 2581 Anastasium
3710 2523 3779 2578 de

2433 2619 2506 2673 do
2537 2616 2797 2671 antistite
2826 2613 3099 2670 volumus
3142 2612 3491 2669 consulatis.
3525 2613 3637 2669 Cui
3667 2617 3808 2667 metr

2433 2704 2687 2779 episcopi
2719 2702 3214 2759 consecrationem
3247 2702 3577 2758 statuimus
3610 2718 3802 2757 reserv

2435 2794 2780 2866 inquisitore
2811 2797 2985 2864 atque
3016 2792 3275 2859 custode,
3301 2808 3434 2847 cum
3478 2796 3685 2847 certus
3702 2789 3808 2845 lice

2433 2885 2543 2939 dus
2598 2881 2940 2953 imponitur,
2975 2882 3127 2936 619
3187 2878 3610 2935 ecclesiesticm
3671 2876 3808 2933 disci

2434 2972 2708 3028 omnibus
2748 2970 2889 3026 ordo
2938 2974 3217 3025 servetur.
3251 2968 3451 3040 Ipsum
3494 2984 3637 3023 vero
3661 2967 3737 3039 (ί)
3786 2981 3808 3021 s

2434 3060 2675 3117 deﬁnita
2713 3075 3003 3115 canonum
3053 3057 3160 3113 hoc
3207 3061 3402 3113 vestra
3447 3056 3708 3112 dilectio
3770 3055 3808 3126 (ε

670 3149 799 3201 tum
833 3162 867 3199 a
898 3142 1199 3215 quoquam
1244 3148 1653 3215 priesumatur,
1702 3144 2067 3216 injunximus
2096 3166 2108 3203 :
2137 3147 2231 3203 cui
2260 3148 2318 3203 in
2352 3125 2395 3193 Ο
2436 3148 2698 3223 epistolis
2739 3147 3103 3204 admonitum
3156 3162 3284 3202 esse
3333 3149 3695 3218 cognoscat,
3724 3149 3791 3199 ut

671 3234 764 3290 his
797 3248 925 3306 quas
974 3234 1045 3289 ad
1086 3231 1538 3289 ecclesiasticam
1588 3234 1879 3305 pertinent
1926 3236 2319 3308 disciplinam,

670 3329 736 3379 ut
757 3322 989 3379 dilectio
1009 3326 1202 3377 vestra
1222 3325 1443 3394 pareat,
1457 3323 1862 3380 admonemus.
1883 3324 2006 3380 Non
2024 3325 2179 3380 enim
2200 3330 2321 3381 tam

667 3413 751 3469 illi
785 3411 1285 3484 obtemperabitur
1329 3428 1504 3483 quam
1558 3412 1748 3482 nobis,
1780 3414 1880 3486 qui
1931 3414 2039 3470 hoc
2086 3414 2171 3470 illi
2219 3432 2322 3487 pro

669 3507 869 3559 nostra
901 3499 1296 3557 sollicitudine
1337 3518 1441 3575 per
1482 3500 1614 3558 illas
1664 3503 1993 3575 provincias
2023 3506 2322 3577 cognosci-

670 3608 806 3647 mur
831 3606 957 3646 com
968 3606 1221 3647 mmsse.

738 3680 875 3736 CAP.
910 3679 1004 3734 III.
1029 3710 1095 3719 —
1118 3678 1408 3735 Volumus
1438 3680 1595 3735 enim
1632 3679 1779 3735 tales
1811 3680 1933 3736 ﬁeri
1969 3683 2211 3738 Domino
2237 3700 2324 3738 sa-

669 3770 952 3835 cerdotes,
980 3768 1197 3839 quibus
1218 3771 1429 3823 cuncta
1453 3769 1819 3834 conveniant,
1838 3786 1966 3840 qua:
1992 3776 2131 3825 sunt
2150 3769 2325 3828 eccle-

669 3856 925 3914 siasticis
955 3855 1282 3911 canonibus
1324 3856 1568 3913 deﬁnita
1597 3873 1611 3911 :
1646 3857 1713 3927 (c)
1747 3861 1810 3911 ut
1851 3858 2128 3930 episcopi,
2162 3876 2323 3931 pres-

672 3946 858 4019 byteri
887 3948 1060 4016 atque
1081 3943 1309 3999 diaconi
1332 3945 1498 3999 unius
1518 3948 1711 4001 uxoris
1730 3947 1841 4001 viri
1858 3944 1977 4001 sint
1996 3949 2321 4004 secundum

674 4034 827 4089 beati
884 4030 1144 4104 Apostoli
1206 4033 1553 4088 sententiam
1586 4034 1632 4104 (Ι
1663 4035 1795 4089 Tim.
1829 4051 1911 4099 III,
1942 4035 2021 4106 2),
2067 4040 2123 4091 et
2174 4037 2324 4094 hanc

671 4122 1000 4178 secundum
1047 4120 1195 4193 legis
1239 4127 1525 4193 praecepta
1553 4123 1833 4195 virginem
1869 4125 1945 4196 (d)
1975 4128 2320 4198 acceperint,

675 4227 791 4265 non
822 4209 1079 4279 viduam,
1112 4227 1227 4264 non
1259 4209 1646 4281 repudiatam,
1681 4210 1833 4267 sicut
1860 4213 2005 4287 legis
2035 4215 2324 4288 scriptura

663 4302 916 4355 testatur
944 4299 1138 4372 (Levii.
1172 4316 1286 4366 XXI,
1322 4299 1412 4369 13,
1446 4300 1541 4368 Ui;
1575 4300 1764 4356 Ezech.
1792 4318 1939 4372 xuv,
1970 4306 2084 4371 22).
2117 4305 2230 4360 Nec
2261 4323 2324 4361 se

667 4388 983 4461 quisquam
1034 4388 1284 4443 aestimet
1333 4404 1503 4459 posse
1555 4389 1628 4444 ad
1677 4391 2069 4448 sacerdotium
2118 4411 2321 4466 perve-

2431 3237 2821 3296 Ecclesiarum
2853 3242 3177 3292 vestrarum
3214 3234 3499 3291 certiores
3535 3234 3803 3290 subinde

2430 3329 2588 3384 tione
2618 3343 2724 3382 nos
2776 3326 2978 3392 faciat;
3012 3324 3269 3379 sciturus
3322 3322 3432 3378 sibi
3492 3340 3529 3378 a
3585 3323 3768 3378 nobis

2432 3418 2596 3485 dum,
2630 3416 2678 3472 si
2709 3414 2849 3487 quid
2897 3415 2969 3469 de
3017 3413 3110 3468 his
3160 3428 3291 3485 quas
3338 3412 3689 3468 statuimus
3736 3430 3773 3468 a

2432 3506 2607 3562 fuerit
2637 3507 3002 3560 temeratum.

2503 3595 2636 3650 CAP.
2670 3593 2763 3648 Vl.
2785 3623 2850 3633 —
2882 3591 2941 3647 Si
2975 3607 3102 3662 quae
3132 3606 3264 3645 vero
3310 3605 3513 3645 causa:
3561 3589 3808 3662 gravior

2432 3683 2774 3757 pellationes
2805 3678 3171 3744 emerserint,
3203 3695 3302 3734 eas
3343 3678 3454 3733 sub
3495 3678 3710 3752 ipsius
3745 3695 3808 3733 re

2433 3790 2539 3828 nos
2570 3772 2721 3827 mitti
2767 3770 2977 3825 debere
3007 3768 3087 3841 (ἡ)
3119 3768 3517 3833 decrevimus,
3554 3773 3633 3824 ut
3689 3784 3808 3823 nos

2432 3863 2574 3917 dum
2623 3859 3085 3916 ecclesiasticum
3145 3873 3369 3912 morem
3432 3857 3770 3913 sententia

2432 3952 2564 4008 Ilmc
2592 3966 2726 4006 vero
2756 3965 2881 4020 quae
2916 3964 3018 4019 per
3058 3945 3247 4002 ﬁlium
3288 3961 3490 4001 meum
3529 3945 3808 4002 Nicolau

2432 4046 2623 4097 terum
2655 4037 2873 4110 scripta
2903 4035 3225 4094 direximus
3274 4035 3761 4091 recurrentibus

2433 4148 2534 4187 vos
2565 4130 2766 4185 eadem
2800 4127 3059 4183 sciamus
3089 4124 3401 4196 accepisse,
3437 4124 3808 4181 rescribite.

2433 4219 2525 4274 die
2556 4218 2691 4272 idus
2729 4213 3041 4271 Januarias
3092 4212 3416 4268 Theodosio
3461 4229 3626 4269 xvm
3663 4218 3730 4269 et
3762 4214 3808 4268 A

2433 4306 2683 4365 suﬁbus.

2981 4391 3317 4447 EPISTULA
3350 4392 3416 4462 (τ’)
3444 4390 3555 4447 v1.

667 4480 812 4547 nire,
849 4478 949 4550 qui
983 4481 1118 4533 ante
1166 4476 1553 4550 baptismum,
1587 4478 1891 4536 deﬁciente
1937 4499 2115 4554 quam
2147 4483 2324 4541 habe-
2355 4493 2403 4560 ι)
2486 4488 2554 4559 (j)
2585 4502 2657 4542 an
2687 4498 3047 4539 ANASTASIUM
3075 4496 3689 4537 THESSALONICENSEM
3728 4498 3808 4536 ΕΡ

668 4568 787 4635 bat,
821 4584 1020 4633 uxore,
1047 4566 1287 4622 alteram
1312 4583 1569 4636 rursum,
1594 4572 1903 4641 postquam
1936 4587 2040 4643 per
2068 4575 2316 4645 gratiam

738 4692 916 4773 (alla
945 4690 1200 4773 editione
1234 4690 1526 4773 liolstenii
1566 4694 2067 4773 typographorum
2113 4717 2326 4773 errore,

666 4763 799 4889 {idei
826 4765 934 4816 sui.
965 4762 1470 4827 Emendationem,
1496 4764 1565 4818 de
1598 4762 1735 4835 qua'
1762 4762 2112 4831 Quesnellus
2145 4781 2263 4830 not.
2300 4762 2322 4832 ί

688 4833 951 4889 ouuitur.
986 4833 1341 4887 Barberinus
1373 4836 1549 4888 codex
1581 4837 1806 4889 probat.

688 4833 951 4906 oqugitur,
986 4833 1341 4887 Barberinus
1373 4836 1549 4888 codex
1581 4833 1806 4906 probat.

768 4850 951 4899 uitur,
986 4850 1341 4887 barnerinus
1373 4850 1549 4888 ronex
1581 4850 1806 4906 probat.

727 4850 817 4987 (2b)
850 4904 1216 4987 Vide‘notam
1241 4912 1276 4958 2
1298 4906 1610 4987 Quesnelli,
1629 4909 1728 4978 qui
1754 4910 1974 4965 mavult
1996 4910 2107 4986 legi
2140 4917 2324 4987 istius,

669 4980 727 5032 et
758 4980 1224 5031 observationem
1257 4981 1536 5032 nostram.

739 5048 808 5119 (c)
838 5048 947 5104 Ms.
998 5046 1189 5113 Barb.,
1224 5056 1286 5101 ut
1329 5050 1626 5120 episcOpus,
1674 5052 1957 5125 presbyter
2003 5060 2166 5127 atque
2202 5057 2323 5114 dia-

667 5135 853 5175 conus.

741 5191 817 5267 id)
850 5190 1016 5263 Apud
1050 5191 1310 5267 Holsten,
1338 5191 1481 5267 etin
1515 5197 1969 5267 ms.,accipiant.
2003 5196 2119 5253 Cur
2147 5201 2323 5265 Ques-

667 5261 859 5335 nellus
888 5261 1303 5329 emendaverit,
1335 5264 1466 5319 vide
1497 5264 1759 5335 ejusdem
1789 5261 1912 5321 hot.
1946 5268 1998 5321 3.

711 5334 808 5417 “(ei
834 5334 1062 5417 functa
1090 5338 1413 5417 adjecimus
1439 5335 1512 5390 ob
1532 5334 1919 5417 indicandam
1952 5338 2162 5417 lineam
2188 5359 2320 5397 cum

669 5404 911 5482 dimidio
942 5406 999 5482 in
1054 5404 1179 5482 ms:
1199 5408 1788 5482 Barber._vacant_em,
1820 5426 1946 5479 quae
1987 5409 2206 5482 aliquid
2260 5415 2319 5469 in

667 5477 970 5531 vetustiori
996 5479 1210 5553 codice,
1246 5480 1401 5536 unde
1440 5477 1791 5553 Barberinus
1830 5477 2154 5553 exscriptus
2194 5485 2318 5552 fuit,

669 5562 972 5671 ﬁorqosum
1001 5553 1058 5604 et
1083 5552 1155 5606 ab
1186 5549 1530 5608 amanuensi
1578 5548 1820 5605 minime
1870 5548 2085 5607 lectum
2136 5548 2316 5628 signi;

713 5632 782 5671 ca
814 5657 827 5671 .

713 5632 827 5671 θαι.

740 5686 818 5829 Et”)
848 5686 993 5742 Vide
1025 5694 1145 5745 not.
1181 5693 1212 5746 4
1242 5694 1455 5756 Quesn.

763 5759 1005 5829 glVoces
1032 5764 1233 5817 nostris
1262 5764 1453 5829 epistol

763 5759 1005 5826 g)Voces
1032 5764 1233 5817 nostris
1262 5764 1503 5826 epistolis
1528 5762 1702 5818 aliam
1730 5764 2078 5821 anteriorem
2109 5766 2320 5826 episto-

667 5826 790 5895 lam
816 5844 852 5888 a
870 5828 1251 5905 subsequenti
1274 5826 1583 5907 diversam,
1603 5850 1730 5911 quae
1750 5834 2057 5911 interierit,
2080 5826 2162 5897 ad
2174 5840 2322 5901 Ana-

2429 4579 2725 4635 SYNOPSIS.
2749 4604 2817 4613 —
2851 4573 2893 4626 ι.
2930 4576 2998 4628 Ut
3029 4572 3198 4625 bonus
3224 4573 3409 4641 pastor
3436 4569 3511 4624 ad
3549 4571 3804 4625 sollicit

2439 4701 2686 4758 stasium
2706 4697 2983 4771 scriptam
2998 4695 3268 4771 videntur
3288 4695 3572 4771 innuere,
3588 4696 3663 4751 in
3685 4711 3808 4769 qui

2440 4775 2747 4829 monuerat
2779 4768 2842 4824 ut
2867 4769 2936 4823 de
2965 4771 3108 4822 statu
3134 4768 3497 4822 Ecclesiarnm
3525 4772 3808 4823 vestram

2432 4846 2685 4900 certiores
2714 4840 2944 4895 subinde
2972 4856 3073 4893 sua
3120 4839 3384 4893 relatione
3428 4854 3536 4892 nos
3602 4841 3808 4909 facere

2435 4917 2493 4972 in
2518 4913 2780 4989 sequenti
2804 4909 3049 4989 epistola
3075 4909 3476 4989 pries_criptum
3502 4925 3654 4989 non
3680 4909 3807 4989 leg;

2433 5005 2560 5059 cap.
2588 4980 2637 5052 ἱ,
2663 4983 2780 5039 illis
2810 4980 3046 5059 vocibus
3081 4982 3137 5034 in
3169 4980 3254 5059 [iis
3284 4980 3518 5059 litteris,
3550 4982 3631 5059 in:
3660 4980 3808 5059 qnit

2430 5051 2799 5115 Ecclesiarum
2835 5054 3092 5107 certiores
3127 5053 3320 5123 effecti,
3342 5051 3631 5123 indicari
3673 5053 3808 5108 vid.

2433 5129 2599 5187 stasii
2634 5128 2856 5191 litterae,
2882 5121 3200 5196 quibusde
3231 5122 3501 5196 Ecclesiis
3541 5121 3808 5196 Illyrici

2431 5202 2764 5257 memorata:
2797 5194 3004 5251 Leonis
3047 5194 3432 5249 admonitioni
3483 5194 3808 5250 satiéfacc

2431 5270 2748 5330 scribendas
2781 5265 3045 5338 sequenti
3077 5264 3336 5338 epistola:
3367 5265 3808 5338 occasionem]

2503 5342 2579 5416 (h)
2613 5343 2729 5397 Hoc
2762 5336 3061 5418 decretum
3093 5336 3309 5418 legitur
3328 5354 3455 5418 cap.
3485 5337 3521 5390 5
3559 5336 3808 5418 episto

2429 5408 2525 5481 tis,
2551 5408 2677 5487 quin
2711 5427 2829 5487 una
2856 5426 2989 5464 cum
3024 5408 3130 5487 hac
3162 5408 3217 5463 in
3245 5408 3539 5487 Illyricum
3586 5412 3808 5487 trans

2503 5481 2683 5558 (ifAl.
2716 5484 2767 5539 4.
2796 5482 2930 5558 Quae
2979 5484 3174 5536 autem
3224 5487 3347 5536 erat
3376 5482 3430 5547 6,
3465 5493 3662 5535 nunc
3738 5481 3768 5535 1
3789 5523 3804 5534 .

2426 5554 2668 5613 Januar.
2703 5571 2796 5610 an.
2830 5554 2953 5607 444.

2498 5629 2563 5745 θῇ)
2583 5629 2711 5709 Ηῳο
2730 5638 2962 5707 quoque
2983 5620 3311 5703 epistolaex
3326 5621 3523 5704 eodem
3553 5620 3808 5676 codice

2527 5702 2789 5745 lentmms
2814 5697 2883 5745 16
2903 5692 3444 5745 Thessalonicensns
3473 5698 3808 5745 sumnta.

2429 5692 2789 5754 collectionis
2814 5692 2885 5748 16
2903 5692 3444 5750 Thessalonicensis
3473 5698 3808 5762 sumpta,

2429 5770 2617 5827 ctione
2645 5770 2909 5824 Romana
2957 5763 3238 5820 Holstenii
3273 5764 3429 5821 edita
3455 5762 3575 5836 est,
3611 5777 3710 5816 ex
3755 5780 3807 5836 q

2426 5841 2701 5904 anterior.
2748 5837 2955 5899 Confer
2984 5836 3421 5899 annotationem
3440 5830 3768 5913 primum
3784 5830 3807 5855 "
