4138 6168
327 288 441 348 617

1764 287 2147 352 EPISTOLA
2188 288 2292 351 VI.

3614 290 3733 354 618

388 421 735 499 episcopon
792 420 978 499 litteris
1027 420 1264 499 compelli
1306 426 1467 499 amat.
1498 451 1523 459 -
1550 424 1656 499 λι.Δ
1689 423 1829 499 Kiess
1854 437 1973 499 suas
2000 423 2056 491 Α
2088 422 2485 495 quastibivice
2508 423 3732 499 nostra(h)committimus,gaudeamus.Ut

385 507 479 554 per
554 491 819 557 Illyricum
875 494 1146 543 Anastasio
1195 496 1486 552 committit,
1545 492 1722 543 Siricii
1774 498 1974 544 secutus

388 561 693 627 exemplum.
752 591 812 600 —
858 564 952 614 III.
1001 563 1264 613 Canonum
1322 563 1719 623 observantiam,
1763 580 1973 628 ρτθδεεεικ-

386 636 478 683 tim
508 634 1009 696 inordinutionibus,
1033 635 1358 685 commendat
1383 652 1401 684 :
1432 650 1464 684 a
1494 634 1675 699 quibus
1730 640 1975 685 arcentur

391 705 584 770 biyami
635 707 682 753 et
729 705 1004 754 viduarum
1055 706 1249 755 mariti.
1296 732 1353 742 —
1384 707 1465 756 lV.
1498 707 1536 755 A
1581 705 1973 770 metrOpolitano

388 775 835 841 comprovinciales
880 776 1102 842 episcopi
1175 778 1372 826 conscio
1427 777 1647 826 exareho
1727 776 1971 826 Ordinan-

385 847 912 911 tur;metropolitani
967 848 1031 897 ab
1088 849 1197 912 ipso
1241 847 1479 897 exercito.
1508 849 1647 898 —V.
1702 848 1762 895 Ut
1800 860 1973 895 omnes

382 920 687 968 conveniant
740 919 812 968 ad
834 919 1089 982 synodos;
1120 920 1305 967 harum
1333 919 1534 967 utilitas
1586 920 1635 967 et
1673 918 1970 968 auctoritas.

381 1019 442 1026 —
472 992 554 1040 Vl.
590 991 710 1039 Tam
765 990 1090 1054 presbyteros
1118 994 1163 1039 et
1195 991 1436 1040 diaconos
1493 1004 1647 1055 quam
1686 989 1943 1039 sacerdote

380 1076 483 1111 non
510 1062 616 1111 nisi
648 1060 826 1110 diebus
859 1061 1137 1111 Dominicis
1166 1076 1271 1111 esse
1299 1060 1682 1110 consecrandos.

593 1141 979 1199 Dilectissimo
1001 1142 1165 1198 fratri
1196 1144 1533 1213 ANASTASIO,
1558 1141 1692 1196 Leo.

393 1222 527 1279 CAP.
565 1221 606 1278 Ι.
643 1253 708 1262 -
742 1221 1017 1277 Omnium
1051 1221 1295 1294 quidem
1326 1221 1553 1276 litteras
1600 1219 1966 1275 sacerdotum

328 1315 482 1386 grato
514 1328 623 1367 nos
653 1309 905 1384 relegere
939 1310 1154 1377 animo,
1191 1311 1265 1382 (a)
1298 1310 1535 1366 fraterni
1565 1310 1718 1368 620
1740 1306 1968 1380 collegii

327 1401 573 1457 charitas
596 1400 902 1469 facit,cum
924 1417 1028 1472 per
1050 1399 1373 1473 spiritalem
1404 1398 1653 1471 gratiam
1685 1401 1965 1470 tanquam

328 1494 636 1564 praesentes
693 1488 1122 1561 amplectimur,
1156 1488 1375 1560 quibus
1406 1503 1673 1545 sermone
1702 1484 1965 1558 epistolis

326 1584 523 1636 mutuo
543 1578 1011 1636 commeantibus
1034 1580 1346 1634 sociamur.
1370 1576 1479 1632 Sed
1506 1576 1779 1648 major(b)
1797 1574 1966 1630 nobis

324 1669 377 1724 in
400 1668 490 1724 his
519 1668 751 1724 videtur
770 1684 899 1723 esse
919 1666 1240 1734 affectio,in
1264 1666 1478 1738 quibus
1498 1666 1569 1721 de
1602 1669 1756 1721 statu
1780 1663 1966 1720 Eccle-

321 1759 538 1814 siarum
561 1757 834 1813 certiores
857 1755 1063 1824 etfecti,
1088 1756 1159 1811 ad
1192 1755 1519 1811 exercendas
1549 1751 1965 1810 sollicitudinis

320 1846 679 1921 vigilantiam
694 1843 868 1902 ofﬁcii
883 1844 1066 1900 nostri
1081 1842 1542 1900 consideratione
1555 1840 1966 1915 compellimur

316 1936 452 1992 utin
468 1930 1965 2009 speculis,quemadmodum(c)Dominusvoluit,con-

314 2026 599 2091 stituti,et
621 2041 724 2096 pro
741 2031 869 2079 voto
891 2026 1089 2079 nostro
1110 2022 1477 2078 currentibus
1501 2021 1673 2077 rebus
1696 2024 1963 2076 nostrum

312 2114 762 2171 commodemus
786 2129 1119 2182 assensum,
1137 2116 1193 2167 et
1214 2130 1283 2167 ea
1302 2129 1428 2183 quae
1452 2109 1751 2182 depravari
1768 2108 1965 2181 aliqua

311 2203 696 2275 usurpatione
707 2200 1394 2274 perspicimus,adhibitze
1407 2197 1771 2256 coercitionis
1785 2213 1962 2253 reme-

309 2294 428 2349 diis
464 2291 858 2363 corrigamus:
887 2293 1190 2362 sperantes
1213 2288 1355 2359 jacti
1386 2287 1631 2344 seminis
1654 2303 1964 2358 responsu-

306 2400 446 2439 rum
469 2378 642 2437 nobis
658 2379 895 2435 uberem
920 2378 1193 2445 fructum,
1209 2377 1258 2432 si
1291 2394 1406 2433 non
1420 2378 1688 2432 sinamus
1704 2391 1963 2430 crescere

304 2490 439 2546 qua:
466 2470 529 2526 in
554 2468 763 2526 messis
796 2467 1145 2523 detrimenta
1176 2466 1491 2522 Dominicae
1522 2463 1803 2538 coeperint
1832 2462 1960 2536 pul-

300 2561 518 2618 lulare.

377 2650 520 2704 CAP.
549 2646 614 2702 ΙΙ.
638 2678 706 2685 -
730 2646 1042 2717 Postquam
1070 2644 1269 2717 itaque
1304 2645 1471 2700 nobis
1503 2642 1703 2716 petitio
1733 2645 1845 2697 tua:
1880 2640 1962 2697 di-

306 2737 585 2796 lectionis
606 2734 975 2807 innotuitper
996 2733 1185 2790 ﬁlium
1200 2738 1464 2789 nostrum
1487 2731 1790 2788 Nicolaum
1807 2748 1962 2803 pres-

229 2868 238 2882 .
306 2832 608 2902 byterum,
626 2830 689 2880 ut
709 2823 814 2879 tibi
845 2840 1078 2896 quoque
1102 2842 1135 2878 a
1155 2823 1344 2889 nobis,
1370 2823 1523 2878 sicut
1551 2821 1961 2877 decessoribus

310 2917 457 2979 tuis,
475 2932 581 2988 per
594 2912 883 2986 Illyricum
899 2929 1032 2967 cum
1049 2916 1250 2967 nostra
1262 2911 1338 2983 (ά)
1359 2910 1477 2966 vice
1510 2913 1745 2982 prOpter
1775 2913 1963 2964 custo-

310 3006 477 3062 diam
501 3001 837 3074 regularum
869 3001 1184 3056 auctoritas
1216 3004 1606 3072 praestaretur,
1641 2998 1961 3071 praebentes

311 3109 652 3159 assensum,
671 3095 872 3147 nostra
883 3088 1286 3145 adhortatione
1298 3087 1705 3160 compellimus
1724 3084 1964 3142 utnulla

2084 511 2239 568 enim
2254 512 2361 567 ben
2373 530 2401 567 c
2417 512 2629 585 agenti,
2645 517 2702 569 et
2717 530 2844 586 quas
2861 515 3207 572 sacerdotali
3231 513 3564 571 auctoritati
3592 530 3731 570 con-

2084 600 2322 656 veniunt
2345 600 2617 656 solertius
2639 604 2976 673 exsequenti
3001 605 3071 659 ad
3096 604 3373 660 honorem
3395 603 3728 677 prolicitrea

2082 689 2322 759 tributa,
2356 689 2437 746 ita
2470 689 2605 746 huic
2637 690 2796 746 oneri
2836 707 2963 747 esse
3011 692 3403 765 cognoscitur,
3438 691 3539 766 qui
3568 707 3727 749 com-

2084 779 2265 835 missa
2293 779 2407 835 sibi
2438 783 2744 852 potestate,
2787 779 2933 837 621
2963 797 3082 854 qua
3131 781 3301 837 debet
3328 781 3725 839 moderatione

2081 885 2197 924 non
2230 868 2431 924 utitur.

2150 957 2387 1013 CAP.I[I.
2410 990 2477 997 ——
2500 957 2727 1014 Credita
2768 958 2965 1031 itaque
2996 957 3126 1027 tibi,
3149 958 3326 1014 frater
3358 957 3721 1029 charissime,

2081 1046 2478 1117 gubernacula
2500 1046 2741 1120 pervigil
2771 1055 2923 1115 tene,
2941 1052 2998 1103 et
3019 1048 3233 1104 mentis
3254 1050 3364 1102 tuae
3396 1046 3592 1103 oculos
3622 1065 3726 1121 per

2088 1134 2277 1189 -mnia
2315 1152 2440 1207 quae
2483 1152 2633 1191 curae
2657 1140 2767 1191 tuae
2789 1136 2987 1192 videas
3011 1137 3277 1207 injuncta
3295 1135 3630 1204 circumfer,
3663 1136 3723 1193 in

2078 1242 2119 1278 ι’
2150 1225 2405 1280 -reedem
2438 1228 2601 1280 tuam
2627 1226 2934 1297 profutura
2957 1225 3312 1290 custodiens,
3347 1229 3403 1282 et
3422 1224 3514 1281 bis
3546 1224 3606 1298 (ί)
3621 1224 3724 1297 qui

2077 1312 2446 1385 disciplinam
2462 1330 2751 1370 canonum
2764 1313 3112 1371 labefactare
3126 1314 3722 1371 nitunturobsistens.

2076 1400 2292 1457 Divinas
2314 1402 2459 1475 legis
2491 1402 2713 1460 sanctio
2746 1403 3467 1475 veneranda,etcanonum
3492 1402 3722 1476 specia-

2075 1488 2191 1546 lius
2213 1491 2441 1547 decreta
2454 1495 2774 1548 serventur.
2794 1492 2899 1548 Per
2914 1491 3262 1548 commissas
3272 1492 3379 1548 tibi
3392 1490 3724 1565 provincias

2076 1579 2221 1636 tales
2236 1579 2482 1636 Domino
2496 1580 3069 1652 sacerdotes,quibus
3082 1580 3204 1638 sola
3220 1580 3348 1637 vitae
3366 1584 3423 1639 et
3433 1579 3719 1637 clericalis

2072 1668 2295 1724 ordinis
2321 1670 2385 1741 (j)
2418 1670 2816 1743 suffragantur
2848 1669 3075 1736 merita,
3104 1672 3538 1727 consecrantur.
3561 1667 3718 1726 Nihil

2071 1757 2269 1828 gratia;
2309 1756 2625 1828 personali,
2658 1756 2803 1813 nihil
2843 1758 3170 1826 ambitioni,
3203 1757 3350 1814 nihil
3398 1755 3717 1833 redemptis

2075 1845 2382 1917 permittas
2396 1845 2569 1902 licere
2591 1846 2907 1919 suffragiis.
2923 1846 3346 1904 Examinentur
3356 1845 3716 1921 diligentius,

2071 1938 2126 1988 et
2157 1951 2258 2007 per
2282 1934 2522 2007 longum
2545 1934 2671 1990 vitae
2695 1936 2993 1992 tramitem
3015 1934 3346 2009 disciplinis
3367 1933 3717 1992 ecclesiasti—

2072 2023 2173 2090 cis,
2210 2023 2309 2096 qui
2341 2023 2648 2079 ordinandi
2670 2024 2906 2094 fuerint,
2930 2025 3290 2082 imbuuntur.
3305 2024 3363 2080 Si
3381 2028 3578 2081 tamen
3598 2021 3716 2080 illis

2072 2111 2270 2166 omnia
2300 2128 2426 2184 quae
2458 2130 2491 2168 a
2523 2113 2741 2169 sanctis
2772 2113 3044 2171 Patrihus
3068 2116 3209 2170 sunt
3236 2112 3553 2171 constituta
3576 2127 3716 2175 con-

2070 2199 2325 2268 veniant,
2338 2204 2393 2255 et
2410 2218 2527 2273 qua
2548 2201 2783 2258 beatum
2805 2202 3135 2274 apostolum
3149 2201 3397 2259 Paulum
3414 2202 3486 2258 de
3499 2200 3714 2258 talibus

2070 2287 2319 2361 legimus
2342 2289 2685 2363 praecepisse
2705 2291 3106 2359 custodierint,
3122 2294 3187 2346 ut
3207 2290 3385 2347 unius
3402 2289 3599 2346 uxoris
3627 2288 3717 2345 vir

2071 2377 2167 2446 sit,
2181 2383 2237 2434 et
2250 2378 2398 2435 hanc
2410 2379 2716 2459 virginem,
2734 2379 3129 2436 utauctoritas
3139 2379 3345 2436 divinae
3364 2378 3511 2452 legis
3531 2380 3713 2445 cavet,

2070 2468 2374 2538 acceperit.
2390 2468 2550 2532 Quod
2565 2468 2640 2540 (Α)
2655 2469 2733 2525 ita
2746 2467 3032 2525 sollicitus
3044 2467 3316 2525 volumus
3334 2465 3637 2533 custodiri,
3651 2469 3716 2523 ut

2070 2556 2346 2613 omnibus
2357 2556 3034 2613 excusationibuslocum
3046 2556 3550 2622 adimamus,nese
3562 2554 3715 2629 quis-

2069 2661 2246 2715 quam
2277 2645 2473 2701 credat
2495 2662 2665 2717 posse
2685 2647 2758 2701 ad
2782 2646 3174 2703 sacerdotium
3195 2644 3623 2720 pervenire,qui
3647 2660 3715 2701 u-

2070 2750 2266 2789 xorem
2279 2739 2593 2806 antequam
2607 2732 2819 2789 Christi
2832 2733 3080 2807 gratiam
3094 2738 3549 2809 consequeretur
3561 2747 3717 2791 acoe-

2072 2823 2172 2895 pit,
2191 2839 2308 2894 qua
2329 2822 2629 2879 deﬁciente
2652 2822 2892 2879 alteram
2919 2827 3053 2895 post
3082 2822 3446 2895 baptismum
3467 2822 3715 2897 conjun-

2069 2911 2216 2966 xerit
2237 2909 2367 2966 sibi.
2384 2915 2522 2965 Cum
2551 2912 2746 2983 negari
2770 2927 2914 2968 uxor
2934 2911 3035 2968 illa
3058 2928 3173 2968 non
3195 2910 3404 2985 possit,
3420 2927 3526 2969 nec
3556 2911 3715 2985 prio-

2070 3000 2151 3055 ris
2172 2999 2299 3072 conj
2313 2998 2429 3071 ugii
2452 3016 2731 3057 numerus
2753 3000 3065 3069 aboleri,et
3084 3016 3287 3059 eorum
3317 2998 3401 3057 ita
3429 2999 3507 3057 sit
3547 3003 3715 3074 pater

2070 3088 2327 3145 ﬁliorum
2360 3105 2506 3161 quos
2539 3094 2671 3146 ante
2710 3090 3070 3163 baptismum
3101 3106 3171 3146 ex
3208 3088 3311 3146 illa
3366 3089 3711 3163 susceperit,

312 3176 1193 3255 (e)dissimulatio,negligentia
1214 3176 1376 3233 nulla
1388 3176 1850 3249 proveniatcirca
1866 3176 1962 3230 Ec-
1992 3163 2034 3230 C
2069 3177 2568 3250 quemadmodum
2599 3183 2655 3234 et
2684 3177 2919 3234 illorum
2935 3179 2998 3249 (ι)
3021 3179 3087 3234 tit
3115 3194 3265 3250 quos
3292 3194 3361 3235 ex
3388 3177 3716 3251 alterapost

314 3270 634 3327 etesiarum
666 3266 925 3338 regimen
956 3282 1060 3338 per
1089 3264 1384 3338 Illyricum
1441 3265 1785 3337 positarum,
1815 3278 1964 3335 quas

316 3355 618 3415 dilectioni
638 3359 750 3410 tuae
773 3354 893 3411 vice
916 3358 1118 3410 nostra
1130 3354 1575 3424 committimus,
1590 3354 1769 3409 beatas
1784 3369 1966 3408 recor-

320 3445 571 3504 dationis
595 3442 785 3500 Siricii
807 3441 1139 3515 exemplum
1158 3443 1362 3513 secuti,
1388 3443 1489 3515 qui
1506 3446 1720 3498 sancta:
1744 3457 1965 3497 memo-

324 3536 415 3591 riae
436 3532 657 3607 Anysio
680 3531 1089 3604 praedecessori
1112 3534 1210 3587 tuo
1233 3532 1379 3587 bene
1398 3532 1469 3586 de
1495 3529 1812 3603 apostolica
1832 3529 1967 3585 sede

323 3629 460 3680 tunc
491 3622 723 3689 merito,
757 3625 813 3676 et
843 3621 1019 3695 rebus
1049 3624 1181 3693 post
1211 3621 1595 3693 sequentibus
1626 3619 1964 3692 approbato,

325 3716 388 3785 (Γ)
402 3716 563 3769 certa
584 3716 710 3767 tum
733 3710 989 3782 primum
1024 3709 1249 3765 ratione
1267 3709 1589 3766 commisit:
1608 3712 1672 3764 ut
1688 3725 1791 3780 per
1806 3707 1966 3763 illam

327 3800 682 3874 provinciam
697 3798 925 3871 positis,
941 3815 1089 3870 quas
1102 3798 1171 3853 ad
1185 3797 1556 3870 disciplinam
1571 3798 1751 3854 teneri
1764 3797 1965 3864 voluit,

327 3889 598 3946 Ecclesiis
656 3885 1008 3943 subveniret.
1044 3886 1305 3943 Gloriosa
1358 3886 1675 3942 instantius
1706 3885 2003 3954 exempla.

325 3978 625 4052 sequenda
654 3980 813 4042 sunt,
833 3980 897 4029 ut
929 3992 1179 4046 quorum
1212 3975 1530 4049 privilegiis
1562 3976 1645 4031 uti
1675 3975 1970 4048 cupimus,

326 4084 529 4123 eorum
582 4082 690 4121 nos
744 4063 970 4120 similes
1001 4063 1059 4118 in
1091 4063 1368 4120 omnibus
1396 4065 1810 4137 approbemus.
1835 4063 1971 4119 Imi-

326 4162 572 4213 tatorem
605 4160 661 4210 te
688 4157 810 4209 tam
842 4157 922 4222 (g)
952 4153 1394 4225 praedecessoris
1449 4154 1533 4208 tui
1566 4170 1745 4225 quam
1776 4153 1972 4208 deces-

319 4246 502 4312 soris,
515 4243 618 4317 qui
648 4243 771 4316 pari
794 4242 968 4297 modo
1002 4241 1110 4298 hoc
1128 4246 1184 4298 et
1202 4243 1486 4297 meruisse
1503 4247 1557 4298 et
1570 4242 1757 4316 egisse
1770 4258 1977 4314 cogno-

319 4336 533 4402 scitur,
556 4349 684 4389 esse
726 4330 1034 4388 volumus:
1078 4335 1141 4387 ut
1187 4332 1256 4386 de
1298 4332 1556 4404 profectu
1585 4331 1972 4388 Ecclesiarum

316 4475 663 4552 epistolam.
678 4474 1306 4552 Quaedamtestimonia
1323 4474 1499 4552 hujus
1512 4474 1767 4552 epistqla;
1781 4474 1978 4552 vulga-

316 4544 487 4606 verat
526 4548 639 4603 Leo
677 4544 924 4602 Allatius
946 4546 1004 4601 in
1026 4546 1345 4602 Concordia
1375 4544 1637 4603 Ecclesiae
1670 4544 1979 4603 Orientalis

316 4638 463 4677 eum
522 4617 903 4690 Occidentali,
938 4634 1069 4690 pag.
1106 4619 1262 4690 1370,
1297 4635 1364 4673 ex
1396 4619 1533 4690 cod.
1575 4617 1972 4690 vetustissimo

316 4693 633 4757 Vaticano,
654 4689 755 4762 qui
787 4688 895 4744 hoc
925 4688 1185 4760 tempore
1216 4689 1459 4745 inveniri
1489 4706 1603 4762 non
1636 4688 1843 4761 potuit.
1859 4692 1972 4762 Va-

320 4764 550 4819 riantes
571 4778 642 4817 ex
656 4760 1016 4832 hocquoque
1053 4776 1164 4832 ms.
1183 4762 1336 4817 unde
1356 4760 1708 4818 Barbsrinus
1740 4760 1972 4832 prodiit,

316 4832 528 4890 Allatii
561 4830 906 4886 auctoritate
922 4830 1226 4886 dabimus.

419 4906 475 4973 α)
512 4904 624 4957 Ms.
652 4902 849 4969 Barb.,
882 4904 1115 4969 alterni,
1140 4907 1428 4973 corrupte.

419 4907 475 4973 α)
512 4907 624 4957 Ms.
652 4907 849 4969 Barb.,
882 4907 1115 4969 alterni,
1140 4907 1428 5028 corrupte.

398 4907 480 5049 ib)
503 4975 834 5049 Pronomen
864 4975 1073 5049 nooisa
1094 4976 1318 5049 Quesne
1346 4973 1710 5049 lo_omissum
1730 4974 1980 5031 restitui-

324 5045 468 5104 mas
505 5062 575 5101 ex
616 5045 822 5101 eodem
860 5046 987 5101 cod.
1013 5049 1071 5101 et
1109 5045 1361 5101 editione
1383 5045 1685 5102 llolstenii.
1725 5051 1798 5102 De
1827 5049 1979 5101 Ana-

324 5115 734 5191 stasiiglitteris
754 5116 853 5191 hic
870 5115 1143 5172 indicatis
1163 5117 1361 5173 confer
1382 5122 1577 5185 annot.
1594 5119 1627 5171 8
1643 5118 1759 5188 (Col
1768 5118 1979 5191 1315(9)

326 5190 388 5246 in
413 5188 602 5270 epist.
634 5187 1080 5270 precedentem.

426 5257 478 5329 εδ
507 5260 614 5332 ita
630 5257 786 5314 idem
817 5260 943 5315 cod.
977 5257 1151 5332 Vulg.
1184 5261 1347 5332 Deus.

425 5333 483 5394 Δ)
505 5329 658 5385 Vide
689 5334 809 5385 not.
846 5332 871 5386 1
906 5334 964 5386 et
992 5333 1027 5385 2
1055 5329 1369 5394 Quesnelli.

425 5334 460 5387 d
505 5334 658 5385 Vide
689 5334 809 5385 not.
846 5334 871 5386 1
906 5334 964 5386 et
992 5334 1027 5385 2
1055 5334 1369 5394 Quesnelli.

425 5334 483 5474 ei
503 5401 647 5474 God.
666 5400 794 5456 Vat.
818 5402 974 5474 apud
1004 5401 1305 5474 Allatium,
1332 5402 1803 5460 dissimulatione.

429 5472 476 5548 fl
502 5472 659 5548 Vide
686 5477 807 5528 not.
841 5472 1218 5548 3gQuesnelli.

429 5482 473 5548 ί)
508 5480 657 5528 Vide
686 5480 807 5528 not.
841 5480 875 5527 3
905 5480 1218 5539 Quesnelli.

407 5480 914 5619 igWraedccessorz‘s
926 5545 1163 5619 nomine
1175 5544 1424 5619 Anysius
1440 5543 1611 5619 paulo
1625 5550 1761 5602 ante
1774 5561 1989 5619 memo-

330 5614 503 5688 ratus
525 5614 894 5687 intelligitur,
918 5616 1020 5690 qui
1043 5616 1220 5673 vitam
1246 5614 1714 5692 produititusque
1733 5617 1806 5674 ad
1823 5617 1989 5677 Inno-

666 5742 929 5809 Panos.

2072 3266 2431 3339 baptismum
2457 3266 2643 3322 noscit
2671 3267 3020 3339 suscepisse.
3037 3267 3137 3338 (νη)
3152 3266 3300 3324 Sicut
3313 3269 3463 3323 enim
3479 3268 3719 3338 peccata

2074 3361 2276 3427 etquae
2300 3355 2504 3411 illicita
2543 3372 2671 3412 esse
2699 3358 3022 3412 noscuntur
3039 3371 3142 3428 per
3169 3354 3465 3411 lavacrum
3493 3352 3718 3426 baptis-

2075 3445 2249 3499 matis
2262 3443 2677 3512 abolentur,ita
2689 3461 2815 3516 quas
2829 3442 3122 3517 suntlegis
3134 3446 3420 3516 pracepto
3440 3457 3720 3499 concessa

2073 3534 2161 3589 vel
2204 3532 2365 3588 licita
2395 3550 2507 3588 non
2541 3532 2828 3589 delentur.

2147 3621 2283 3677 CAP.
2300 3621 2390 3677 IV.
2404 3654 2473 3662 -—
2489 3621 2695 3677 Nullus
2713 3625 2769 3678 te
2791 3620 3119 3677 inconsulto
3141 3635 3244 3693 per
3272 3618 3405 3675 illas
3436 3618 3723 3675 Ecclesiae

2076 3710 2378 3766 ordinetur
2399 3711 2645 3767 antistes
2670 3726 2682 3764 :
2708 3709 2791 3766 ita
2811 3710 2968 3766 enim
2990 3711 3090 3765 ﬁet
3119 3714 3183 3765 ut
3202 3709 3322 3765 sint
3350 3709 3421 3763 de
3441 3706 3726 3781 eligendis

2077 3803 2290 3856 natura
2310 3799 2556 3871 judicia,
2578 3799 2720 3854 dum
2743 3802 2855 3855 tuae
2879 3798 3208 3855 dilectionis
3230 3795 3579 3854 examinatio
3611 3796 3727 3852 for-

2080 3888 2440 3959 midetur.(n)
2454 3887 2734 3960 Quisquis
2749 3904 2880 3943 vero
2896 3905 2929 3943 a
2943 3885 3405 3960 metropolitanis
3416 3886 3726 3959 episcopus

2079 3982 2283 4033 contra
2295 3981 2557 4033 nostram
2577 3976 3023 4049 praeceptionem
3046 3979 3254 4049 praeter
3272 3980 3436 4033 tuam
3459 3974 3727 4032 notitiam

2081 4066 2254 4122 fuerit
2274 4065 2599 4132 ordinatus,
2615 4065 2838 4121 nullam
2860 4066 2971 4123 sibi
2995 4067 3148 4139 apud
3170 4083 3277 4122 nos
3290 4068 3480 4121 status
3492 4065 3583 4120 sui
3597 4078 3726 4120 esse

2081 4154 3296 4228 noveritﬁrmitatem,eosqueusurpationis
3311 4172 3428 4211 suae
3440 4153 3725 4209 rationem

2084 4244 2181 4317 qui
2204 4244 2313 4300 hoc
2334 4244 2833 4316 prazsumpserint,
2858 4244 3211 4300 reddituros.
3238 4242 3497 4316 Singulis
3526 4245 3724 4298 autem

2084 4331 2547 4406 metropolitanis
2569 4334 2719 4389 sicut
2738 4330 2995 4406 potestas
3017 4333 3131 4389 ista
3149 4332 3554 4399 committitur,
3579 4332 3643 4386 ut
3665 4328 3724 4387 in

2085 4476 2339 4533 centium
2364 4492 2610 4549 papam;
2632 4477 2946 4549 decessoris
2970 4492 3102 4532 vero
3124 4474 3370 4549 nomine
3401 4469 3727 4549 liuius,qui

2010 4535 2055 4599 D
2087 4550 2197 4605 sub
2234 4535 2564 4604 Inno‘cehtio
2595 4535 2835 4619 electus,
2867 4545 3177 4603 Anastasio
3216 4544 3553 4601 immediate
3584 4535 3728 4615 pie-

2083 4619 2276 4675 cessit.

2156 4690 2385 4762 (h)Cod.
2408 4690 2537 4746 Vat.
2556 4689 2753 4756 Allat.,
2767 4688 3160 4747 commisimus
3186 4706 3200 4757 ;
3225 4688 3328 4745 sed
3355 4703 3537 4760 supra
3556 4684 3733 4745 etiam

2084 4763 2513 4819 committimus.

2254 4834 2410 4888 Idem
2442 4833 2568 4888 cod.
2601 4831 2753 4900 Vat.,
2785 4847 2931 4905 qua).

2158 4910 2198 4965 (δ
2256 4905 2339 4959 ita
2368 4921 2435 4959 ex
2465 4904 2666 4960 eodem
2700 4905 2826 4959 cod.
2848 4902 2931 4959 Al.

2157 4902 2223 4975 (jl
2256 4905 2339 4959 ita
2368 4921 2435 4959 ex
2465 4904 2666 4960 eodem
2700 4902 2826 4959 cod.
2848 4902 3409 4975 Al.,gsuﬁ‘ragentur.

2160 4974 2233 5047 (1.»
2269 4978 2344 5030 Ex
2374 4976 2501 5031 eod.
2534 4976 2769 5031 Barher.
2802 4974 3133 5047 adjecimus
3157 4976 3260 5031 ita.

2161 5040 2668 5127 (t)_.-‘iddidimusﬁt
2682 5040 3027 5127 exutrisque
3039 5046 3232 5115 codd.,
3247 5043 3543 5116 exquibus
3558 5040 3735 5097 etiam

2089 5119 2265 5174 noscit
2286 5134 2398 5189 pro
2427 5119 2688 5173 noscitur
2717 5119 3111 5189 reposuimus.

2164 5135 2398 5240 scalpro
2427 5135 2688 5173 noscitur
2717 5135 3111 5189 reposuimus.
3663 5179 3677 5195 ο

2163 5190 2260 5261 (m)
2325 5189 2416 5263 ide
2428 5192 2548 5243 not.
2566 5188 2921 5263 4Quesnelli,
2942 5188 3213 5263 quiduas
3233 5202 3399 5243 voces
3419 5184 3570 5263 sicut
3581 5196 3735 5263 enim

2093 5254 2453 5317 necessarias
2490 5259 2799 5334 supplevit,
2831 5264 2889 5318 et
2908 5254 3228 5317 abolentur
3273 5254 3601 5312 emendavit
3630 5267 3738 5324 pro

2092 5333 2487 5389 abolebantur.

2167 5403 2246 5484 (ii)
2260 5403 2377 5458 Hoc
2392 5402 2764 5484 quoque-loco
2778 5402 3124 5484 Quesnellus
3135 5395 3528 5484 necessariam
3545 5410 3746 5484 emen-

2095 5467 2390 5531 dationem
2410 5467 2662 5541 induxit,
2679 5476 2749 5531 de
2768 5467 2886 5547 qua
2903 5474 3029 5529 vide
3052 5469 3329 5547 not.__ejus_
3343 5467 3397 5522 5.
3417 5469 3750 5547 A_nteaper-

2096 5563 2292 5620 peram
2325 5565 2337 5606 :
2362 5547 2631 5623 Quisquis
2652 5539 2881 5606 uero'de
2898 5540 3357 5615 metropolitanis
3372 5539 3674 5614 episcopis.

3364 5739 3445 5818 20
