4138 6168
354 409 474 475 629

1817 416 2203 483 EPISTULA
2242 418 2317 484 X.

3652 410 3777 503 630

356 546 516 627 mani
530 547 762 623 generis
776 545 1040 607 Salvator
1058 546 1331 619 instituit,
1350 553 1415 607 ut
1431 549 1666 621 veritas,
1690 565 1816 624 quae
1838 556 2009 609 antea
2036 557 2092 624 Α
2122 553 2502 628 apostolicam
2526 557 2746 628 sedem,
2762 575 2867 633 pro
2880 558 2970 619 sui
2995 562 3313 623 reverentia
3330 579 3364 622 a
3377 569 3580 624 vestrae
3592 566 3771 626 etiam
3842 585 3853 596 ο

352 635 503 711 legis
531 644 587 695 et
634 637 1051 711 prophetarum
1100 639 1387 712 praeconio
1435 640 1862 709 continebatur,
1905 657 2008 714 per

356 727 739 800 apostolicam
772 729 974 784 tubam
1005 728 1063 784 in
1089 729 1337 785 salutem
1376 729 1776 785 universitatis
1804 730 2001 799 exiret,

351 817 505 873 sicut
530 817 818 891 scriptum
841 822 929 874 est
952 834 963 873 :
997 821 1059 874 In
1079 835 1295 875 omnem
1316 829 1521 875 terram
1542 823 1619 892 (α)
1644 821 1817 875 exivit
1844 836 2005 876 sonus

349 923 558 973 eorum,
594 910 733 962 etin
762 908 897 977 ﬁnes
921 910 1070 963 orbis
1103 912 1268 965 terra:
1285 909 1448 965 verba
1476 925 1664 964 eorum
1695 909 1806 979 (Ps.
1841 925 2000 977 xvm,

347 997 422 1067 5).
445 996 559 1051 Sed
576 995 758 1067 hujus
776 997 1036 1052 muneris
1058 1002 1488 1055 sacramentum
1523 998 1605 1053 ita
1623 997 1903 1052 Dominus
1929 999 2001 1053 ad

349 1085 618 1139 omnium
657 1084 1056 1157 apostolorum
1088 1086 1346 1145 ofﬁcium
1380 1086 1670 1159 pertinere
1702 1084 1905 1153 voluit,
1939 1090 2004 1141 ut

348 1172 404 1228 in
436 1164 980 1231 beatissimo/Petro
1014 1175 1409 1246 apostolorum
1432 1174 1713 1230 'omnium
1745 1191 1999 1243 summo,

349 1261 751 1336 principaliter
770 1263 843 1335 (ὑ)
875 1262 1173 1319 collocarit
1197 1281 1209 1331 ;
1234 1264 1382 1318 etab
1410 1263 1537 1336 ipso
1556 1264 1723 1335 quasi
1744 1264 2001 1336 quodam

348 1351 556 1423 capite,
589 1351 744 1407 dona
774 1369 883 1407 sua
911 1351 1049 1409 velit
1081 1353 1138 1407 in
1170 1369 1383 1425 corpus
1437 1369 1610 1408 omne
1642 1369 1901 1421 manare,
1938 1356 2002 1407 ut

347 1444 640 1496 exsortem
673 1458 734 1497 se
783 1442 1043 1514 mysterii
1093 1442 1442 1515 intelligeret
1493 1459 1621 1499 esse
1665 1442 1865 1510 divini,
1900 1442 1999 1514 qui

349 1546 532 1586 ausus
556 1529 763 1587 fuisset
786 1548 820 1586 a
849 1531 1000 1586 Petri
1024 1530 1316 1587 soliditate
1334 1532 1619 1588 recedere.
1646 1533 1810 1587 Hunc
1838 1533 1996 1588 enim

349 1618 405 1674 in
436 1622 799 1675 consortium
832 1619 1148 1677 individua;
1179 1622 1245 1693 (c)
1269 1620 1511 1677 unitatis
1528 1622 1995 1695 assumptum,id

348 1708 500 1780 quod
538 1708 661 1780 ipse
703 1713 846 1779 erat,
896 1708 1083 1765 voluit
1129 1709 1441 1776 nominari,
1495 1709 1778 1766 dicendo:
1832 1713 1901 1766 Tu
1940 1728 1996 1766 es

342 1801 564 1866 Petrus,
604 1801 682 1853 est
728 1815 890 1869 super
937 1799 1078 1853 hanc
1118 1802 1333 1870 petram
1378 1799 1653 1869 aediﬁcabo
1701 1801 1997 1855 Ecclesium

345 1904 524 1942 meam
556 1888 764 1959 (Matth.
796 1905 909 1956 xvx,
947 1890 1063 1960 18);
1107 1893 1172 1943 ut
1202 1888 1397 1943 aeterni
1428 1888 1630 1960 templi
1668 1889 1992 1957 zediiicatio,

344 1976 601 2031 mirabili
631 1994 872 2033 munere
904 1978 1103 2050 gratiae
1119 1977 1419 2051 684,Dei,
1445 1977 1501 2031 in
1526 1977 1675 2033 Petri
1706 1977 1999 2033 soliditate

342 2066 717 2135 consisteret;
746 2066 854 2121 hac
894 2066 1205 2123 Ecclesiam
1239 2084 1404 2122 suam
1431 2067 1705 2122 firmitate
1726 2067 1996 2122 corrobo-

343 2171 502 2224 rans,
536 2160 602 2211 ut
629 2153 789 2211 illam
822 2172 925 2212 nec
967 2156 1229 2211 humana
1260 2155 1557 2211 temeritas
1587 2160 1784 2228 posset
1823 2172 1995 2228 appe-

343 2248 482 2312 tere,
520 2262 624 2300 nec
662 2248 838 2316 portas
886 2250 1087 2301 contra
1134 2245 1293 2300 illam
1349 2245 1547 2300 inferri
1600 2244 1996 2317 praevalerent.

342 2333 556 2390 Verum
589 2334 738 2389 hanc
756 2337 928 2406 petra:
952 2334 1126 2390 istius
1148 2334 1609 2391 sacratissimam
1633 2334 1994 2402 ﬁrmitatem,

346 2423 483 2489 Deo,
536 2428 600 2477 ut
646 2422 923 2490 diximus,
969 2423 1292 2480 aediﬁcante
1347 2428 1766 2492 constructam,
1821 2424 1996 2479 nimis

349 2512 528 2586 impia
558 2511 683 2567 vult
706 2512 1162 2585 praesumptione
1199 2512 1411 2569 violare
1435 2512 1705 2594 qnisquis
1736 2514 1866 2584 eius
1897 2529 1998 2585 po-

348 2606 621 2660 testatem
656 2606 838 2657 tentat
888 2603 1228 2675 infringere,
1283 2604 1524 2658 favendo
1578 2602 1997 2675 cupiditatibus

348 2692 487 2761 suis,
509 2697 565 2749 et
586 2692 668 2759 id,
700 2692 855 2764 quod
891 2691 1111 2764 accepit
1133 2708 1167 2747 a
1196 2692 1510 2760 veteribus,
1536 2708 1650 2747 non
1665 2692 1993 2765 sequendo:

349 2799 477 2837 cum
510 2779 656 2835 nulli
690 2797 751 2836 se
782 2780 1083 2835 subditum
1108 2779 1238 2852 legi,
1273 2779 1448 2834 nullis
1480 2779 1863 2836 institutionis
1898 2785 1999 2836 Do-

350 2869 570 2927 minicis
603 2868 787 2925 credit
815 2868 1033 2942 regulis
1055 2868 1357 2937 contineri,
1384 2886 1416 2923 a
1437 2873 1626 2924 vestro
1658 2872 1993 2941 nostroque,

347 2977 448 3033 per
471 2978 632 3016 nova:
663 2959 1063 3032 usurpationis
1093 2958 1401 3024 ambitum,
1455 2975 1614 3014 more
1643 2958 1994 3030 desciscens,

347 3050 753 3123 przesumendo
779 3047 1002 3113 illicita,
1035 3051 1089 3103 et
1111 3064 1237 3119 quae
1261 3047 1553 3103 custodire
1581 3047 1798 3113 debuit,
1823 3047 1997 3121 negli-

383 3139 555 3195 endo.

383 3155 555 3195 endo.

346 3155 381 3212 g
413 3229 549 3285 CAP.
586 3227 658 3283 Il.
695 3259 763 3267 —-
793 3225 1008 3282 Verum
1062 3225 1183 3280 haec
1216 3242 1343 3291 nos,
1395 3230 1525 3294 Deo,
1582 3230 1643 3281 ut
1674 3224 1991 3289 credimus,

2116 643 2428 717 provinciae
2452 647 2877 717 sacerdotibus,
2897 649 3223 711 innumeris
3244 652 3626 713 relationibus
3641 671 3773 715 esse

2116 734 2467 805 consultam,
2489 740 2545 792 et
2565 754 2669 811 per
2684 738 3069 809 diversarum,
3090 744 3585 814 quemadmodum
3603 750 3769 803 vetus

2114 825 2477 881 consuetudo
2504 827 2798 899 poscebat,
2823 828 3274 901 appellationem
3305 848 3638 903 causarum,
3666 838 3771 891 aut

2112 915 2443 983 retractata,
2479 919 2578 970 aut
2608 917 2953 973 confirmata
3001 917 3181 975 fuisse
3203 920 3429 991 judicia
3469 938 3482 978 :
3517 923 3659 980 adeo
3704 926 3774 980 ut

2113 1006 2339 1057 servata
2368 1003 2591 1059 unitate
2612 1003 2857 1077 spiritus
2883 1006 2943 1061 in
2965 1006 3196 1063 vinculo
3219 1009 3401 1081 pacis,
3432 1026 3769 1073 commean—

2112 1090 2270 1144 tibus
2301 1090 2438 1146 hinc
2468 1090 2602 1148 inde
2634 1092 2865 1161 litteris,
2895 1096 3050 1167 quod
3079 1100 3279 1153 sancte
3300 1098 3602 1171 agebatur,
3635 1116 3767 1171 per-

2110 1183 2316 1250 petuae,
2352 1180 2655 1252 proficeret
2700 1182 2999 1239 charitati:
3027 1185 3096 1255 (ε)
3120 1184 3399 1256 quoniam
3435 1184 3768 1242 sollicitudo

2110 1272 2329 1336 nostra,
2364 1286 2478 1324 non
2512 1286 2621 1325 sua
2641 1286 2926 1342 quazrcns,
2952 1272 3051 1328 sed
3085 1290 3211 1345 quae
3235 1278 3373 1329 sunt
3415 1273 3652 1343 Christi,
3682 1274 3770 1330 di-

2107 1356 2391 1429 gnitatem
2422 1359 2703 1415 divinitus
2735 1360 2931 1416 datam
2964 1378 3068 1417 nec
3086 1362 3382 1432 Ecclesiis,
3403 1380 3509 1419 nec
3541 1362 3769 1419 Ecccle-

2108 1444 2328 1501 siarum
2360 1448 2757 1503 sacerdotibus
2780 1449 3114 1523 abrogabat.
3147 1451 3253 1507 Sed
3278 1451 3434 1508 hunc
3463 1452 3759 1509 tramitem

2104 1551 2335 1608 semper
2365 1536 2516 1592 inter
2568 1538 2820 1607 majores
2874 1543 3104 1595 nostros
3134 1543 3191 1595 et
3228 1540 3373 1595 bene
3405 1544 3656 1608 tantum,
3691 1544 3750 1596 et

2106 1623 2497 1697 salubriter(f)
2513 1625 3524 1684 custoditumililariusEcclesiarum
3541 1632 3765 1685 statum

2105 1718 2160 1770 et
2191 1714 2561 1770 concordiam
2595 1716 2964 1771 sacerdotum
3010 1715 3173 1772 novis
3202 1710 3763 1789 praesumpti‘onibus

2102 1803 2447 1858 turbaturus
2479 1804 2764 1871 excessit;
2814 1804 2895 1859 ita
2924 1822 3041 1860 sum
3072 1822 3174 1861 vos
3221 1805 3463 1878 cupiens
3516 1806 3767 1862 subdere

2103 1893 2393 1965 potestati,
2427 1898 2492 1947 ut
2522 1910 2582 1949 se
2612 1894 2780 1949 beato
2829 1894 3089 1967 apostolo
3137 1894 3302 1950 Petro
3344 1911 3461 1950 non
3508 1894 3769 1967 patiatur

2107 1998 2235 2038 esse
2265 1983 2618 2052 subjectum,
2650 1966 3034 2039 ordinationis
3065 1983 3218 2040 eas
3252 1983 3363 2039 sibi
3391 1984 3465 2056 (g)
3498 1983 3764 2039 omnium

2106 2088 2211 2143 per
2231 2072 2448 2129 Gallias
2482 2071 2874 2128 Ecclesiarum
2904 2072 3226 2141 vindicans,
3260 2076 3317 2128 et
3345 2072 3607 2127 debitam
3640 2087 3765 2127 me-

2106 2160 2476 2232 tropolitanis
2504 2161 2908 2217 sacerdotibus
2930 2161 3008 2232 (h)
3032 2162 3090 2217 in
3114 2178 3283 2217 suam
3308 2161 3665 2217 transferens
3682 2159 3766 2217 di-

2106 2250 2411 2323 gnitatem;
2428 2249 2612 2321 ipsius
2631 2266 2865 2321 quoque
2877 2248 3355 2305 beatissimiPetri
3379 2249 3762 2307 reverentiam

2105 2339 2296 2394 verbis
2333 2338 2834 2410 arrogantioribus
2876 2338 3222 2393 minuendo:
3257 2337 3351 2393 cui
3390 2354 3523 2393 cum
3555 2337 3618 2409 (i)
3641 2354 3757 2410 pra:

2106 2427 2598 2484 cmterissolvendi
2636 2432 2692 2482 et
2726 2426 2943 2501 ligandi
2965 2426 3266 2483 traditasit
3276 2429 3533 2500 potestas
3547 2426 3759 2499 (Matth.

2104 2518 2242 2587 xvi),
2293 2516 2717 2588 pascendarum
2769 2520 2964 2571 tamen
3006 2516 3200 2571 ovium
3249 2532 3392 2571 cura
3440 2515 3758 2589 specialius

2106 2605 2383 2660 mandata
2412 2608 2501 2661 est
2532 2605 2707 2677 (Joan.
2742 2605 2881 2675 xxx).
2914 2603 3017 2659 Cui
3047 2604 3319 2677 quisquis
3366 2604 3762 2678 principatum

2106 2695 2356 2750 estimat
2375 2695 2806 2767 denegandum,
2822 2693 2981 2750 illius
3003 2694 3243 2766 quidem
3274 2692 3436 2749 nullo
3466 2694 3638 2749 modo
3656 2710 3762 2767 po-

2105 2787 2220 2840 test
2250 2784 2514 2840 minuere
2562 2783 2947 2856 dignitatcm;
2995 2783 3097 2839 sed
3130 2782 3370 2838 inﬂatus
3407 2781 3615 2854 spiritu
3649 2799 3752 2838 su-

2106 2874 2318 2947 perbiae
2352 2890 2490 2944 sum,
2525 2873 2908 2945 semetipsum
2939 2872 2999 2927 in
3030 2870 3259 2928 inferna
3289 2870 3595 2943 demergit.

2177 2963 2312 3019 CAP.
2336 2963 2432 3018 IIl.
2461 2993 2529 3002 —
2559 2960 2890 3036 Quaaigitur
2908 2961 3063 3033 apud
3097 2976 3204 3017 nos
3234 2960 3293 3016 in
3324 2976 3504 3017 causa
3531 2957 3758 3016 Celido-

2105 3052 2186 3107 nii
2236 3051 2489 3125 episcopi
2535 3055 2701 3125 gesta
2743 3049 3004 3107 confecta
3050 3050 3191 3118 sint,
3239 3053 3297 3106 et
3340 3065 3467 3122 quae
3500 3047 3755 3107 Hilarius

2104 3140 2335 3207 dixerit,
2370 3141 2508 3195 dum
2528 3158 2661 3196 cum
2685 3141 2908 3210 eodem,
2942 3142 3227 3212 praesente
3269 3137 3607 3212 supradicto
3636 3138 3761 3210 epi-

2103 3246 2299 3303 scopo,
2333 3229 2651 3296 audiretur,
2705 3229 2925 3285 inditus
2978 3226 3196 3285 chartis
3245 3244 3443 3284 rerum
3484 3228 3626 3283 ordo
3658 3228 3758 3284 de-

346 3317 661 3391 aspirante,
695 3316 771 3388 (d)
795 3313 1185 3371 servatacirca
1204 3319 1530 3369 vosnostrze
1548 3312 1847 3369 cbaritatis
1862 3329 1993 3385 gra-
2025 3304 2068 3371 C
2107 3323 2409 3375 monstrat.
2433 3317 2538 3374 Ubi
2569 3320 2883 3390 postquam
2915 3316 3169 3373 Hilarius
3201 3314 3569 3384 rationabile,
3600 3316 3759 3387 quod

334 3408 445 3476 tia,
479 3423 658 3479 quam
682 3403 979 3461 sanctitati
999 3406 1202 3458 vestra:
1215 3402 1531 3474 apostolica
1554 3419 1783 3475 semper
1804 3404 1991 3470 sedes,

348 3494 799 3560 utmeministis,
820 3492 1129 3565 impendit,
1155 3491 1653 3548 nitimurconsilio
1677 3493 1995 3548 maturiore

349 3583 657 3656 corrigere,
686 3587 744 3639 et
787 3587 1108 3638 vestrarum
1162 3580 1555 3637 Ecclesiarum
1586 3584 1807 3636 statum
1836 3597 1993 3636 com-

349 3673 640 3727 municato
687 3671 990 3727 vobiscum
1023 3669 1241 3731 labore,
1291 3686 1654 3739 componere,
1698 3686 1813 3723 non
1847 3686 1995 3724 nova

348 3761 737 3831 instituentes,
790 3761 890 3815 sed
933 3764 1124 3814 vetera
1174 3762 1550 3813 renovantes:
1600 3763 1661 3813 ut
1711 3743 1770 3813 in
1804 3763 1992 3814 status

348 3849 787 3916 consuetudine,
821 3866 946 3921 qum
973 3840 1141 3903 nobis
1172 3864 1206 3902 a
1237 3846 1452 3902 nostris
1474 3848 1739 3919 patribus
1758 3852 1847 3903 est
1876 3852 1990 3903 tra-

346 3939 481 4006 dita,
498 3940 908 4011 perduremus,
924 3941 980 3993 et
1000 3938 1114 3993 Deo
1131 3941 1330 3991 nostro
1354 3953 1455 4008 per
1488 3937 1621 3992 boni
1654 3938 1845 4010 operis
1878 3936 1990 3992 mi-

346 4028 920 4095 nisterium,remotis
934 4026 1435 4099 perturbationum
1452 4027 1994 4099 scandalis,placea-

346 4134 491 4174 mus.
508 4115 826 4174 Nobiscum
841 4115 1035 4188 itaque
1045 4121 1237 4171 vestra
1259 4115 1594 4171 fraternitas
1613 4120 1990 4189 recognoscat

410 4262 485 4331 (ιι)
514 4258 883 4327 Quesnellus,
915 4260 1061 4314 αἰδί
1082 4276 1103 4319 ,·
1147 4262 1204 4313 et
1236 4258 1457 4313 notavit
1484 4257 1543 4312 in
1577 4258 1875 4329 margine:
1910 4260 1989 4315 Ita

346 4350 465 4388 mss.
492 4333 671 4391 εοτιίί..
703 4331 842 4402 quod
887 4338 937 4385 et
985 4331 1229 4402 antiquis
1276 4331 1560 4402 Patribusr
1575 4331 1877 4401 familiare.
1922 4335 1992 4402 At

346 4404 690 4460 Sirmondus
715 4401 852 4457 cum
884 4401 1158 4457 omnibus
1176 4401 1391 4456 nostris
1423 4401 1589 4454 codd.
1615 4405 1672 4454 et
1693 4401 1992 4456 anteriori-

344 4475 451 4530 bus
482 4475 713 4531 excusis
727 4476 937 4538 exivit,-
967 4478 1021 4529 et
1042 4473 1122 4527 ita
1144 4473 1315 4528 etiam
1338 4472 1488 4543 apud
1511 4471 1705 4543 plures
1736 4471 1933 4527 Patres
1958 4490 1992 4527 a

346 4546 401 4601 P.
424 4547 691 4601 Subatier
714 4545 1228 4616 allegati,quorum
1256 4542 1787 4616 nonnulliesriitmti
1815 4544 1989 4616 etiam

346 4617 399 4672 in
431 4614 1149 4689 antiquissimo’Psalterio
1169 4614 1538 4689 ms._cap‘ituli
1566 4615 1913 4689 Veronensis
1933 4619 1989 4670 et

343 4689 398 4761 in
422 4677 914 4761 Sangermanensi
945 4689 1017 4742 ab
1050 4688 1251 4743 eodem
1277 4677 1551 4761 laudato;
1599 4685 1743 4761 nulli
1795 4690 1987 4741 autem
2023 4677 2069 4740 D

343 4757 645 4815 Patres'ab
676 4776 741 4814 eo
768 4758 1028 4814 citantur
1057 4775 1160 4830 pro
1191 4760 1352 4814 (κεῖθι.
1385 4757 1439 4810 si
1464 4757 1768 4829 originalis
1800 4762 1992 4830 textus

343 4830 581 4886 haberet
629 4831 822 4897 exibit,
866 4834 993 4885 tum
1024 4829 1344 4885 subsistere
1399 4834 1596 4900 posset
1613 4830 1785 4900 priet.
1826 4829 1992 4883 Forte

338 4900 840 4975 typographorum
887 4901 1057 4975 lapsu
1092 4902 1149 4955 in
1193 4898 1484 4966 Quesnelli
1536 4898 1673 4955 edit.
1715 4900 1859 4955 σείει
1888 4916 1993 4972 pro

345 4972 520 5029 reficit
550 4972 937 5044 impresssum
973 4972 1104 5026 fuit.

412 5046 486 5117 (ὁ)
514 5049 600 5099 Ita
623 5040 791 5099 codd.
816 5044 981 5099 Corb.
1010 5047 1067 5099 et
1085 5043 1311 5117 Thuan.
1339 5040 1782 5117 apudQuesnel.
1811 5043 1992 5117 not.3.

343 5111 521 5188 quam
555 5117 905 5188 confercum
931 5118 1127 5188 nostra
1162 5111 1995 5188 observatSirmondus,colto-

344 5183 486 5263 ᾁινει
526 5196 691 5258 atque
710 5186 778 5241 ab
800 5187 914 5258 ipso
936 5187 1093 5258 quasi
1107 5183 1338 5263 quedam
1352 5185 1535 5263 capite
1555 5183 1696 5237 dona
1715 5200 1815 5237 sua
1836 5186 1999 5263 vellet

346 5260 400 5313 in
433 5255 631 5331 corpus
662 5255 1095 5331 omne—manare.
1126 5256 1260 5309 Alize
1302 5255 1585 5331 editiones
1616 5257 1997 5331 rnmAnnstris

344 5325 538 5396 mss,
551 5331 856 5395 collocaret,
885 5333 939 5383 ut
963 5330 1029 5383 ab
1060 5327 1362 5399 ipsequasi
1390 5325 1623 5396 quodam
1647 5328 1822 5397 capite
1852 5327 1996 5382 dena

341 5418 439 5457 sua
469 5404 626 5457 velut
660 5404 717 5456 in
750 5416 941 5471 corpus
972 5398 1317 5471 di/fumteret.

434 5474 483 5537 cl
518 5473 665 5527 Vide
696 5475 816 5526 not.
841 5469 882 5525 ⁷4
912 5469 1125 5534 Queen.
1158 5473 1215 5523 et
1245 5469 1532 5522 observat.
1567 5471 1849 5524 nostram.

435 5545 494 5595 di
525 5541 897 5595 Sirmondus.
931 5544 1222 5595 reservata.

412 5545 494 5687 ἑά)
525 5545 897 5624 Sirmondus,
931 5545 1222 5598 reservata.
1327 5609 1337 5620 ο

340 5612 1047 5741 Sirgﬁiég‘aﬁzguesn.
1074 5628 1207 5666 cum
1232 5608 1372 5665 SOllS
1397 5609 1563 5665 codd.
1598 5610 1819 5668 collect.
1854 5614 1923 5667 24
1944 5616 2000 5668 et

383 5701 681 5750 ῙΓῙΠΟΠΟΟ,
714 5701 900 5750 quam.

468 5702 681 5750 nonae,
714 5702 900 5755 quam.

468 5758 482 5825 )
514 5756 611 5811 Sic
643 5771 778 5810 cum
809 5755 1022 5820 Quesn.
1058 5752 1241 5810 nostri
1273 5752 1441 5808 codd.
1478 5750 1592 5817 AL,
1624 5757 1996 5811 consumtum.

411 5758 482 5885 g)
514 5758 611 5811 Sic
643 5771 778 5810 cum
809 5758 1022 5820 Quesn.
1058 5758 1241 5810 nostri
1273 5758 1441 5808 codd.
1478 5758 1592 5817 AL,
1624 5769 1673 5809 ct

336 5826 409 5884 Vi
456 5843 489 5884 θ
518 5830 639 5885 not.
670 5829 706 5884 5
737 5829 951 5895 Quesn.
984 5830 1043 5883 et
1070 5826 1353 5883 observat.
1386 5827 1673 5881 nostram.

2101 3407 2161 3462 in
2182 3412 2518 3462 sanctorum
2534 3406 2780 3461 concilio
2794 3404 3159 3461 sacerdotum
3174 3406 3372 3476 posset
3386 3401 3757 3474 respondere,

2101 3497 2170 3568 (j)
2186 3513 2297 3551 non
2316 3495 2540 3560 habuit,
2564 3495 2632 3550 ad
2648 3511 2715 3550 ea
2735 3494 2877 3566 se(/.‘)
2896 3492 3123 3550 occulta
3143 3492 3334 3549 cordis
3354 3492 3544 3565 ipsius
3564 3494 3764 3548 trans-

2104 3584 2382 3651 tulerunt,
2411 3600 2537 3655 quas
2556 3582 2755 3637 nullus
2777 3581 3062 3637 laicorum
3085 3581 3297 3649 dicere,
3321 3579 3525 3637 nullus
3567 3582 3764 3636 sacer-

2102 3674 2305 3729 dotum
2338 3675 2535 3743 posset
2563 3670 2783 3725 audire.
2821 3668 3153 3737 Doluimus,
3185 3669 3249 3741 (ι)
3281 3670 3484 3737 fateor,
3526 3668 3760 3737 fratres,

2101 3767 2158 3818 et
2187 3763 2341 3817 hunc
2387 3763 2515 3832 ejus
2570 3760 2783 3815 mentis
2833 3764 3121 3813 tumorem
3170 3756 3415 3813 medelis
3460 3756 3758 3829 patientiae

2103 3855 2310 3907 nostra:
2342 3867 2544 3906 curare
2570 3846 3315 3904 tentavimus.Nolebamus
3346 3846 3568 3902 etenim
3585 3862 3653 3902 ea
3673 3844 3760 3903 illi

2101 3940 2441 3998 exacerbare
2484 3938 2743 4005 vulnera,
2795 3955 2920 4009 qua:
2972 3954 3090 3993 suae
3122 3936 3331 3993 anima:
3362 3934 3755 3993 insolentibus

2101 4029 2349 4085 subinde
2378 4027 2749 4083 sermonibus
2771 4026 3090 4098 inﬂigebat,
3118 4028 3176 4081 et
3199 4040 3375 4098 quem
3407 4039 3758 4097 suscepera-

2102 4134 2237 4173 mus
2252 4121 2314 4171 ut
2330 4114 2944 4187 t'ratrem,(m)delinire
2964 4113 3154 4187 magis
3170 4113 3184 4166 i
3193 4128 3365 4187 psum
3374 4110 3764 4184 ,quamvisip—

2194 4260 2248 4329 ῃ)
2278 4257 2424 4313 Vide
2438 4260 2557 4311 not.
2591 4252 3755 4329 ejusdem,_etgnostram‘observatlonem.

2195 4325 2252 4401 ti)
2285 4328 2632 4401 Sirmondus
2673 4344 2806 4401 cum
2839 4326 3012 4401 editis
3059 4330 3194 4401 ante
3227 4325 3465 4401 Quesn_.,
3489 4326 3548 4378 in
3595 4340 3760 4401 suum

2093 4395 2187 4473 jus
2217 4395 2555 4473 transferens
2582 4399 2927 4469 dignitatem.
2959 4397 3161 4473 Nostri
3189 4395 3381 4473 codd.,
3405 4396 3462 4449 in
3492 4396 3761 4473 suumjus

2103 4464 2403 4546 transferre
2444 4464 2788 4546 dignitatem,
2823 4468 2998 4546 “quod
3030 4467 3144 4546 alia
3190 4464 3756 4546 interpunct‘ionead

2102 4535 2476 4615 participium
2504 4535 2732 4615 "cupiens
2752 4535 3018 4595 refertur.
3051 4539 3264 4603 Quesn.
3286 4535 3541 4609 prietulit
3559 4535 3757 4591 lectio-

2105 4613 2237 4671 nem
2270 4613 2412 4669 mss.
2449 4613 2672 4668 collect.
2705 4618 2759 4667 2.

2172 4687 2235 4758 (i)
2272 4689 2363 4758 Ita
2384 4682 2795 4758 omnes‘nostri
2829 4682 3022 4749 codd.,
3048 4680 3229 4758 immo
3252 4678 3427 4758 etiam
3462 4676 3758 4758 Quesnelli

2103 4750 2277 4828 atque
2310 4754 2627 4828 Sirmondi,
2680 4769 3000 4828 omnesque
3036 4750 3340 4828 editiones.
3384 4751 3761 4828 Conjecturas

2103 4823 2394 4894 Quesnelli
2409 4827 2645 4897 ,quibus
2670 4824 2865 4879 mallet
2883 4823 2997 4897 legi
3015 4840 3116 4896 pro
3136 4824 3346 4879 caeteris
3364 4823 3760 4894 expendemus

2106 4899 2162 4955 in
2196 4896 2482 4954 observat.
2517 4897 2586 4953 ad
2622 4902 2740 4951 not.
2775 4896 3037 4967 ejusdem
3068 4898 3121 4950 7.

2174 4975 2253 5038 (jl
2284 4972 2425 5025 Tres
2459 4968 2639 5022 nostri
2673 4984 2840 5038 mss,
2875 4983 2981 5022 non
3012 4967 3282 5024 habuerit.

2176 4990 2188 5035 ι
2247 4990 2253 5019 ι
2285 4990 2425 5025 ’1⁷Γο9
2459 4990 2639 5022 nt'SII‘l
2673 4990 2840 5038 “155.,
2875 4990 2981 5022 mm
3012 4990 3282 5024 Ιιιιωιιννῑι.

2176 4990 2249 5112 (ᾖ)
2282 5044 2520 5109 Quesn.,
2554 5040 2611 5093 in
2646 5056 2870 5111 marg.:
2918 5039 2977 5094 S.
3012 5039 3231 5112 Paulus
3265 5044 3287 5092 Ι
3338 5040 3467 5090 Cor.
3501 5051 3615 5101 XIV,
3647 5032 3759 5091 258

2107 5111 2324 5169 Occulta
2354 5112 2533 5167 cordis
2562 5112 2682 5182 ejus
2712 5112 3007 5181 manifesta
3035 5111 3187 5182 ﬁerit.

2180 5185 2243 5253 (ι)
2271 5183 2521 5237 Verbum
2554 5173 2748 5255 fateor,
2783 5173 2936 5253 quod
2970 5173 3093 5255 erat
3122 5180 3183 5236 in
3216 5175 3579 5255 editiouibus
3623 5173 3761 5231 ante

2108 5251 2320 5322 Qum.
2340 5272 2423 5327 rx
2461 5251 2675 5327 noetris
2701 5251 2841 5327 mss.
2876 5257 2933 5309 et
2962 5251 3271 5327 Sirmondo
3303 5251 3737 5327 revocavimus.’

2180 5328 2277 5395 (m)
2309 5324 2501 5379 Nostri
2517 5324 2764 5390 codices,
2790 5326 3026 5387 delinire
3042 5324 3221 5395 magis
3231 5319 3499 5390 (quamvis
3517 5319 3631 5387 ipse
3644 5319 3763 5370 suis

2110 5392 2568 5468 responsz'om'lms
2598 5397 2876 5468 invitaret,
2922 5397 3085 5468 forte
3108 5392 3382 5468 incitaret)
3427 5404 3596 5468 quam
3634 5403 3763 5443 con-

2111 5458 2349 5537 tristare,
2375 5473 2484 5523 etc.
2515 5467 2671 5523 ldem
2701 5458 2915 5539 legitur
2937 5466 3091 5537 apud
3113 5458 3491 5539 Sirmondum
3516 5458 3624 5514 hac
3645 5475 3768 5539 una

2108 5530 2465 5611 exceptione,
2500 5539 2653 5609 quod
2689 5530 2791 5610 pro
2824 5530 3085 5612 invitaret
3114 5533 3291 5612 habet
3317 5530 3770 5612 iunodarel:.l‘_io-

2106 5602 2327 5667 luimus
2348 5602 2545 5666 tamen
2582 5602 2806 5664 mutare
2830 5607 3141 5663 lectionem
3166 5603 3527 5658 anteriorum
3560 5602 3769 5659 editio-

2110 5701 2273 5753 num,
2301 5682 2478 5738 etiam
2501 5680 2814 5753 Quesnelli,
2837 5679 2943 5753 Aqui
2964 5677 3034 5731 ad
3052 5674 3396 5753 marginem
3425 5673 3648 5730 notavit
3668 5690 3771 5746 pro

2111 5747 2398 5811 inuaderet
2421 5772 2439 5809 :
2472 5751 2655 5819 Alias,
2688 5747 2943 5814 irretiret,
2979 5747 3067 5803 vel
3096 5748 3428 5820 implicaret.
