4138 6168
306 400 422 468 883

1762 399 2147 466 EPISTOLA
2184 400 2258 467 X.

3595 402 3716 468 634

314 539 406 612 qui
443 535 581 593 loris
611 539 753 592 sunt
782 532 1119 591 testimonio
1164 534 1467 591 muniatur
1513 533 1558 606 (ι
1586 534 1717 591 Tim.
1753 552 1837 605 III,
1868 536 1949 608 7),
1978 534 2035 602 Α
2063 552 2165 610 per
2194 535 2311 591 vim
2343 549 2580 592 necesse
2595 536 2705 601 est,
2731 531 2831 607 qui
2849 532 3084 608 ignotus
3103 534 3714 611 adducitur,impona-
3769 566 3782 580 -

314 642 499 700 neque
526 623 688 681 illius
719 622 978 681 scandali
1012 621 1380 696 relinquatur
1409 623 1655 691 occasio,
1689 642 1823 681 cum
1855 643 1959 700 per

315 732 514 791 pacem
537 714 718 770 etDeo
732 712 1004 784 placitam
1019 713 1390 769 concordiam
1406 712 1677 770 consonis
1689 714 1957 770 omnium

315 802 545 869 studiis,
575 801 677 875 qui
705 803 909 858 doctor
936 801 1097 874 pacis
1129 801 1362 859 futurus
1392 807 1499 872 est,
1523 804 1847 860 ordinatur.

375 897 512 949 CAP.
544 892 615 949 V.
640 924 709 931 —
730 891 841 947 Sed
864 890 959 947 ille
988 890 1325 964 insperatus
1348 892 1743 949 nescientibus
1762 911 1961 966 super-

314 983 486 1050 venit,
520 984 579 1038 et
606 980 958 1053 improvisus
989 980 1293 1050 abscessit,
1317 999 1514 1048 cursu,
1549 985 1615 1037 ut
1645 982 1961 1039 didicimus

315 1071 484 1130 celeri
533 1070 747 1127 itinera
788 1069 974 1125 multa
1024 1070 1358 1137 conﬁciens,
1394 1075 1451 1126 et
1478 1088 1583 1144 per
1608 1070 1961 1145 longinquas

314 1158 1963 1237 provinciastanta(a)immaturitatediscurrens,utvidea-

313 1257 408 1309 tur
436 1249 688 1323 gloriam
722 1248 793 1303 de
824 1247 1052 1304 scurrili
1084 1248 1385 1305 velocitate
1439 1250 1635 1322 potius
1681 1268 1857 1323 quam
1893 1252 1963 1306 de

317 1338 663 1401 sacerdotali
683 1337 1082 1393 moderatione
1103 1340 1529 1410 captasse.Haec
1543 1340 1700 1403 enim
1722 1341 1965 1397 directa-

317 1447 443 1488 rum
473 1430 549 1484 ad
571 1445 679 1485 nos
709 1426 923 1484 civium
939 1428 1117 1483 verba
1133 1431 1274 1483 sunt
1301 1428 1662 1485 litterarum:
1688 1435 1826 1487 Ante
1847 1432 1965 1486 abs-

316 1522 471 1577 cessit
491 1535 658 1591 quam
687 1533 808 1573 eum
834 1519 1042 1572 venisse
1069 1517 1223 1573 688
1253 1534 1549 1573 nossemus.
1583 1518 1705 1574 Non
1737 1524 1826 1575 est
1856 1520 1965 1576 hoc

320 1609 529 1674 redire,
554 1607 656 1663 sed
690 1605 907 1678 fugere,
929 1622 1035 1661 nec
1056 1604 1457 1662 salubritatem
1479 1606 1816 1680 impendere
1841 1609 1969 1665 dili-

319 1698 529 1773 gentia
561 1694 897 1769 pastoralis,
921 1695 1021 1751 sed
1053 1695 1168 1750 vim
1200 1694 1413 1751 inferre
1444 1695 1689 1753 latronis
1711 1701 1767 1754 et
1796 1699 1964 1767 furis,

319 1789 551 1844 dicente
578 1784 855 1842 Domino:
885 1785 994 1853 Qui
1007 1800 1118 1839 non
1137 1786 1309 1839 intrat
1322 1801 1424 1856 per
1430 1787 1667 1857 januam
1689 1787 1830 1859 (b)in
1852 1805 1969 1845 cor-

2065 629 2181 683 tur.
2207 624 2475 682 Obtestor
2504 627 2561 680 et
2588 622 2854 691 obsecro,
2882 626 2938 679 et
2968 623 3076 680 sub
3108 623 3209 682 Dei
3226 642 3327 682 vos
3352 624 3715 687 invocatione

2067 715 2364 783 convenio,
2388 713 2712 787 prohibete,
2739 713 2967 784 fratres,
2991 713 3148 782 talia,
3163 718 3219 771 et
3235 732 3469 773 omnem
3491 718 3714 776 dissen-

2068 803 2250 862 sionis
2277 804 2583 859 materiam
2607 803 2678 857 de
2693 802 2904 859 vestris
2917 802 3228 875 provinciis
3242 805 3392 861 639
3408 813 3711 866 removete.

2067 894 2230 950 Certe
2262 909 2367 948 nos
2398 896 2532 947 ante
2562 895 2747 947 Deum
2780 889 3161 959 absolvimus,
3185 891 3284 964 qui
3314 910 3440 963 vos,
3473 912 3545 953 ne
3589 915 3718 971 per-

2069 981 2317 1038 mittatis
2346 980 2502 1036 ultra
2531 979 2653 1036 hinc
2684 979 2830 1045 ﬁeri,
2865 979 3266 1036 convenimus.
3292 980 3397 1037 Per
3427 1000 3627 1056 pacem
3659 990 3717 1044 et

2070 1073 2328 1145 quietem
2360 1071 2690 1127 sacerdotes
2714 1069 2813 1142 qui
2836 1070 3017 1124 futuri
3037 1073 3177 1125 sunt
3198 1071 3587 1142 postulentur.
3612 1075 3717 1133 Te-

2071 1164 2280 1217 neatur
2292 1159 2643 1231 subscriptio
2658 1157 3449 1227 clericorum,bonoratorum
3464 1162 3723 1220 testimo-

2072 1251 2258 1311 nium,
2284 1249 2506 1305 ordinis
2524 1265 2848 1304 consensus
2868 1251 2923 1303 et
2940 1247 3144 1320 plebis.
3164 1250 3270 1314 Qui
3286 1249 3351 1322 (/)
3368 1251 3722 1324 praefuturus

2073 1346 2159 1398 est
2177 1340 2550 1403 omnibus,ab
2565 1338 2838 1394 omnibus
2851 1337 3564 1411 eligatur.0rdinationem
3583 1342 3718 1411 sibi,

2075 1435 2141 1485 ut
2160 1434 2293 1485 ante
2310 1430 2431 1499 jam
2454 1428 2729 1497 diximus,
2763 1426 2981 1500 singuli
3018 1427 3448 1501 metropolitani
3478 1446 3720 1487 suarum
3774 1466 3777 1469 λ

2075 1519 2502 1592 provinciarum
2519 1533 2653 1572 cum
2667 1516 2761 1572 his
2779 1516 2879 1589 qui
2892 1520 3127 1573 caeteros
3141 1517 3445 1573 sacerdotii
3470 1518 3725 1593 antiqui-

2075 1613 2195 1666 tate
2226 1606 2607 1680 praeveniunt,
2650 1604 2916 1663 restituto
2947 1606 3059 1661 sibi
3092 1622 3196 1679 per
3224 1623 3330 1662 nos
3353 1608 3487 1679 jure
3519 1609 3724 1665 defen-

2078 1699 2238 1754 dant.
2272 1696 2542 1755 Alienum
2569 1697 2668 1766 jus
2698 1694 2842 1751 alter
2877 1694 2987 1750 sibi
3023 1712 3139 1751 non
3170 1696 3380 1751 audeat
3407 1697 3721 1755 vindicare.

2077 1787 2211 1843 Suis
2232 1783 2674 1853 limitibus,suis
2692 1782 2959 1839 terminis
2971 1783 3471 1857 situnusquisque
3490 1791 3727 1847 conten-

317 1885 423 1935 tam
452 1878 660 1943 ouium,
705 1874 797 1930 sed
844 1872 1087 1929 ascendit
1129 1873 1371 1941 aliunde,
1406 1875 1497 1930 hic
1518 1877 1615 1946 fur
1643 1880 1693 1930 et
1722 1877 1860 1932 latro
1888 1882 1971 1933 est
2004 1908 2050 1973 B
2079 1871 3203 1947 tus,(g)etprivilegiumsibidebitumin
3218 1872 3397 1929 alium
3414 1876 3728 1933 transferre

319 1968 501 2038 (locu.
514 1983 572 2034 x,
588 1964 663 2036 1).
686 1964 810 2020 Non
828 1978 966 2037 ergo
981 1961 1237 2018 Ililarius
1251 1967 1369 2018 tam
1388 1964 1971 2039 studuitopiscopum

320 2070 666 2115 consecrare
678 2069 854 2125 quam
876 2068 1011 2108 eum
1034 2052 1226 2123 potius
1243 2051 1343 2124 qui
1359 2054 1674 2127 aegrotabat
1685 2055 1971 2128 occidere,

319 2143 586 2216 etipsum
600 2157 775 2213 quem
788 2140 1162 2213 superposuit
1175 2139 1327 2195 male
1347 2140 1669 2199 ordinando
1684 2143 1969 2216 decipere.

317 2232 438 2289 Nos
457 2240 677 2297 tamen,
692 2229 850 2302 quod
870 2228 1034 2285 vobis
1056 2229 1349 2286 credimus
1370 2234 1483 2285 Deo
1495 2231 1699 2301 judice
1720 2232 1968 2304 placitu-

314 2339 471 2390 rum,
503 2320 565 2376 in
595 2335 908 2376 commune
936 2318 1163 2375 cunctis
1188 2319 1465 2375 fratribus
1496 2319 1890 2391 consulentes,
1916 2328 1973 2379 et

314 2409 467 2466 male
491 2408 827 2464 ordinatum
841 2407 1195 2474 submoveri,
1209 2411 1267 2462 et
1287 2407 1625 2481 episcopum
1640 2410 1969 2481 Projectum

312 2500 374 2555 in
406 2515 514 2556 suo
534 2496 863 2554 sacerdotio
893 2512 1237 2568 permanere
1258 2497 1467 2553 debere
1490 2498 1880 2557 decrevimus:
1911 2501 1969 2557 id

319 2590 640 2644 statuentes
658 2589 722 2640 ut
742 2585 791 2641 si
817 2585 1131 2658 quisquam
1150 2584 1390 2640 fratrum
1409 2590 1741 2643 nostrorum
1756 2588 1814 2643 in
1831 2606 1970 2662 qua-

326 2693 569 2749 cumque
580 2674 968 2749 provincia(e)
980 2672 1314 2742 decesserit,
1330 2674 1381 2728 is
1403 2674 1515 2729 sibi
1538 2676 1969 2735 ordinationem

330 2764 569 2821 vindicet
581 2762 1108 2833 sacerdotis,quem
1124 2761 1283 2818 illius
1306 2764 1617 2835 provinciae
1636 2767 1969 2839 metropoli-

334 2856 526 2908 tanum
547 2868 677 2908 esse
704 2850 1046 2906 constiterit.
1080 2850 1155 2920 (1)
1193 2852 1346 2917 Duce,
1375 2855 1439 2905 ut
1469 2851 1755 2919 videmus,
1781 2872 1970 2912 causa:

335 2944 625 2997 transacta:
657 2944 817 3005 sunt,
851 2939 911 2994 in
955 2938 1171 3011 quibus
1210 2943 1404 2995 tamen
1464 2941 1647 2997 multa
1677 2949 1815 2998 sunt
1844 2961 1968 3017 quae

338 3036 533 3102 praeter
553 3029 841 3086 rationem
868 3026 1318 3084 ecclesiasticam
1341 3030 1650 3086 videantur
1669 3048 1795 3089 esse
1818 3051 1972 3090 com-

338 3120 526 3187 missa,
554 3122 618 3174 et
640 3117 789 3189 justi
814 3116 1023 3187 judicii
1045 3118 1296 3173 debeant
1316 3123 1613 3191 expectare
1638 3137 1967 3178 censuram.

336 3208 439 3266 Sed
469 3225 571 3265 nos
602 3206 828 3263 diutius
859 3206 954 3262 hic
985 3224 1100 3262 non
1127 3223 1444 3278 possumus
1476 3208 1796 3274 immorari,
1835 3228 1970 3267 eum

2083 1982 2145 2021 se
2177 1980 2368 2038 posse,
2404 1963 2627 2020 noverit
2654 1980 2771 2018 non
2799 1961 2990 2018 licere.
3014 1963 3173 2028 Quod
3198 1963 3247 2018 si
3272 1963 3404 2035 quis
3427 1963 3728 2040 negligens

2081 2052 2432 2127 apostolicae
2450 2051 2805 2120 sanctiones,
2840 2050 2973 2123 plus
3004 2051 3203 2124 gratia:
3232 2052 3497 2108 tribuens
3528 2070 3730 2127 perso-

2081 2142 2221 2211 nali,
2252 2142 2343 2197 sui
2373 2141 2613 2198 honoris
2642 2142 2906 2196 desertor
2920 2156 3049 2199 esse
3067 2139 3332 2208 voluerit,
3359 2141 3729 2217 privilegium

2082 2248 2257 2287 suum
2290 2231 2347 2285 in
2380 2230 2563 2286 alium
2596 2229 2911 2284 transferre
2932 2244 3105 2301 posse
3146 2245 3209 2284 se
3231 2229 3494 2297 credens,
3529 2248 3645 2287 non
3679 2233 3730 2288 is

2080 2320 2171 2376 cui
2207 2317 2464 2387 cesserit,
2499 2318 2600 2374 sed
2628 2317 2678 2372 is
2696 2316 2796 2389 qui
2815 2315 2970 2371 intra
3000 2316 3357 2389 provinciam
3376 2317 3729 2391 antiquitate

2080 2406 2393 2481 episcopali
2428 2410 2663 2463 cmtcros
2717 2404 2993 2478 praevenit
3031 2406 3384 2474 sacerdotes,
3416 2407 3729 2465 ordinandi

2080 2497 2189 2554 sibi
2214 2496 2466 2551 vindicet
2478 2493 2976 2566 potestatem.Non
2994 2493 3455 2566 passim,seddie
3469 2494 3729 2570 legitimo

2079 2585 2367 2643 ordinatio
2389 2584 2728 2651 celebretur;
2753 2599 2859 2639 nec
2881 2581 2990 2638 sibi
3013 2587 3282 2639 constare
3303 2588 3496 2641 status
3521 2586 3732 2642 suine-

2077 2674 2224 2730 verit
2250 2672 2608 2737 firmitatem,
2641 2671 2742 2742 qui
2764 2689 2880 2727 non
2899 2672 2991 2727 die
3022 2671 3248 2728 sabbati
3281 2689 3539 2747 vespere,
3573 2676 3731 2748 quod

2081 2763 2322 2819 lucescit
2344 2763 2401 2816 in
2426 2760 2615 2834 prima
2633 2759 2979 2826 sabbati,vel
2992 2760 3122 2833 ipso
3137 2760 3440 2817 Dominico
3452 2763 3546 2823 die
3561 2764 3736 2820 fuerit

2080 2850 2605 2910 ordinatus.Solum
2628 2849 2785 2905 enim
2812 2850 3063 2920 majores
3080 2850 3262 2905 nostri
3290 2852 3734 2909 resurrectionis

2081 2942 2390 2999 Dominicis
2423 2940 2575 2996 diem
2599 2939 2709 2994 hoc
2729 2939 2950 2995 honore
2973 2939 3737 3012 dignumjudicaverunt,ut

2080 3031 2411 3088 sacerdotes
2459 3028 2561 3102 qui
2607 3032 2925 3084 sumuntur
2954 3028 3064 3084 hoc
3094 3028 3190 3085 die
3218 3029 3597 3102 potissimum
3629 3031 3732 3088 tri-

2080 3122 2357 3179 buantur.

2154 3211 2288 3266 ΟΑΡ.
2313 3208 2435 3263 VII.
2453 3239 2516 3249 -
2530 3206 2664 3263 Suis
2684 3224 3048 3279 unaquaeque
3061 3207 3355 3283 provincia
3368 3210 3447 3263 sit
3460 3212 3733 3267 contenta

335 3298 405 3353 ad
428 3296 534 3353 alia
564 3315 694 3371 quae
723 3296 895 3352 nobis
924 3312 1059 3352 cum
1089 3277 1286 3352 vestra
1323 3297 1633 3354 sanctitate
1665 3297 1973 3356 sollicitius
2005 3277 2046 3345 C
2085 3296 2368 3363 conciliis,
2388 3313 2494 3352 nec
2525 3295 2679 3351 ultra
2709 3277 2969 3351 Hilarius
2986 3277 3198 3352 audeat
3227 3300 3547 3353 conventus
3579 3298 3733 3354 indi-

334 3387 668 3444 conferenda
696 3389 839 3443 sunt
865 3401 1267 3457 provocamur.

398 3481 515 3533 CAP.
533 3477 710 3534 VI.——
730 3473 1002 3531 Militaris
1026 3491 1256 3543 manus,
1287 3478 1350 3530 ut
1374 3475 1822 3549 didicimue,per
1842 3494 1972 3549 pro-

333 3562 532 3619 vincias
561 3563 832 3636 sequitur
862 3562 1245 3629 sacerdotem,
1281 3567 1338 3617 et
1364 3563 1438 3635 (e)
1472 3565 1681 3620 armati
1718 3566 1971 3637 praesidii

333 3651 765 3726 praesumptione
786 3650 1030 3707 sulfulto
1050 3652 1122 3707 ad
1144 3650 1504 3708 invadendae
1530 3670 1633 3725 per
1654 3654 1972 3711 tumultum

333 3738 633 3799 famulatur
659 3739 961 3805 ecclesias,
997 3757 1123 3811 qua:
1158 3740 1428 3812 proprios
1460 3740 1765 3797 amiserint
1787 3759 1974 3798 sacer-

338 3827 505 3885 dotes.
536 3830 876 3885 Trahuntur
908 3828 1221 3883 ordinandi
1254 3834 1388 3884 ante
1422 3830 1529 3884 hoc
1560 3830 1843 3900 officium,
1879 3833 1973 3889 his

341 3916 536 3988 quibus
556 3917 912 3992 praeficiendi
936 3920 1073 3972 sunt
1084 3916 1415 3974 civitatibus
1438 3918 1708 3991 ignorati.
1729 3920 1803 3976 Ut
1817 3922 1973 3978 enim

343 4010 500 4064 notus
520 4007 617 4081 qui
646 4007 824 4063 fuerit
854 4010 911 4063 et
940 4006 1221 4077 probatus
1250 4023 1353 4079 per
1383 4025 1584 4080 pacem
1621 4010 1859 4082 petitur,
1893 4011 1975 4067 ita

407 4150 477 4223 (α)
506 4150 660 4208 Idem
693 4148 1043 4223 Quesnellus
1074 4150 1128 4205 in
1164 4166 1381 4223 marg:
1418 4151 1605 4221 Forte,
1629 4155 1969 4221 maturitate,

345 4222 483 4290 quod
511 4239 614 4279 nec
644 4221 873 4279 codices
901 4222 1234 4293 preferunt,
1255 4221 1360 4278 nec
1382 4239 1593 4279 sensus
1612 4224 1845 4280 videtur
1863 4226 1973 4282 exi-

345 4307 482 4363 gere.
676 4362 679 4363 ν
760 4318 769 4324 ·

405 4364 471 4436 (ὁ)
498 4362 685 4436 Nostri
715 4363 914 4432 codd.,
939 4364 999 4417 in
1028 4368 1256 4436 curtem.
1282 4362 1527 4429 Quidam
1553 4366 1717 4435 editi,
1743 4368 1801 4421 in
1822 4368 1974 4422 chor-

342 4435 462 4502 tem,
484 4435 626 4491 alias
655 4437 712 4490 in
760 4435 1048 4490 cohortem.
1106 4435 1215 4491 Sed
1248 4452 1365 4490 cors
1408 4439 1571 4492 cortis
1602 4437 1754 4492 idem
1788 4444 1876 4493 est
1905 4456 1971 4495 ac

339 4507 603 4588 cohorszet
632 4504 1081 4588 proprienlocun‘.
1095 4505 1284 4562 muris
1302 4507 1583 4577 cinctum,
1608 4525 1723 4580 quo
1746 4509 1968 4582 aliquid

340 4576 669 4645 custoditur,
702 4576 1017 4650 signiﬁcat.

398 4650 461 4720 (ε)
494 4647 846 4706 Sirmondus
871 4647 1045 4720 addit
1072 4648 1136 4703 de
1163 4649 1266 4705 hac
1284 4651 1421 4705 vita.
1609 4712 1619 4719 ,

399 4719 722 4804 (d)QuinaIn
734 4719 906 4804 codd.
923 4736 1053 4775 cum
1073 4720 1139 4775 ed
1150 4720 1244 4775 itis
1258 4726 1391 4804 ante
1404 4722 1717 4804 Sir_mondu
1728 4739 1779 4777 m
1796 4726 1964 4793 ,quia,

333 4791 665 4867 ut‘videmus.
698 4792 831 4847 Mox
859 4791 976 4867 duo
1007 4807 1150 4867 mss.
1171 4791 1464 4867 omittunt
1486 4798 1703 4861 tamen;
1730 4791 1834 4866 pro
1853 4791 1969 4867 quo

334 4862 603 4921 editiones
625 4866 970 4919 memorata:
994 4863 1363 4919 substituunt
1383 4869 1574 4921 etiam.

392 4936 456 5008 (ε)
489 4932 943 5008 [ιοοιιωᾙιωοὶη
966 4934 1356 5008 anterioribus
1373 4935 1969 5008 editionibuspertur-

330 5003 519 5063 batum
532 5004 1313 5070 SirmondusetQuesnellus
1327 5024 1394 5063 ex
1407 5003 1962 5064 mee.reetituerunt.

332 5074 456 5151 Vide
485 5082 607 5135 not.
640 5080 674 5133 9
713 5077 980 5149 ejusdem
1023 5078 1236 5142 Queen.
1273 5078 1365 5134 Sic
1397 5083 1589 5151 autem
1623 5079 1960 5151 legebatur:

329 5148 550 5207 Armatis
574 5148 1002 5223 pmsumptione
1040 5151 1330 5223 squ/fultum
1364 5150 1435 5205 ad
1486 5148 1820 5206 invadehdas
1858 5168 1968 5223 per

325 5224 611 5293 tumultum
627 5222 938 5293 famulatur
963 5222 1232 5293 ecclesias,
1254 5236 1380 5293 qua?
1392 5223 1640 5293 proprios
1656 5222 1962 5279 amiserint.

327 5292 633 5364 Traduntur
649 5292 952 5364 ordinandi
967 5292 1036 5346 ad
1065 5293 1163 5345 hoc
1189 5292 1453 5361 ofﬁcium,
1490 5295 1575 5348 his
1595 5294 1793 5364 quibus
1818 5311 1963 5364 pra:-

319 5363 533 5433 θεοίεπιΛί
561 5370 694 5419 sunt
710 5363 1028 5418 civitatibus
1059 5364 1251 5433 ignoti.

380 5436 446 5509 (Γ)
468 5435 630 5509 ){ide
662 5438 782 5509 not.
818 5434 1132 5509 quQuesn.

362 5503 449 5635 ἑῇ)
465 5505 781 5589 Pluresbie
793 5504 1271 5587 metrOpolitanos
1282 5503 1746 5587 perstringitllli
1765 5509 1962 5588 autem

399 5583 576 5635 entur
596 5576 842 5635 intelligi
857 5575 929 5631 ad
945 5592 1194 5635 quorum
1213 5592 1540 5635 orovmcias
1554 5576 1805 5633 Celidoni
1816 5594 1885 5632 us
1897 5593 1962 5632 ac

310 5575 576 5649 videntur
596 5575 842 5649 intelligi
857 5575 929 5649 ad
945 5575 1194 5649 quorum
1209 5575 1885 5649 previnciasCelidonius
1897 5593 1964 5649 ac

311 5647 605 5722 Projectus
631 5646 1035 5722 pertinebant:
1070 5646 1286 5722 quippe
1317 5646 1417 5722 qui
1449 5647 1718 5722 fortassis
1744 5646 1962 5722 Hilario

308 5716 716 5793 permittentes
746 5716 1046 5793 ut_judicia
1075 5716 1131 5774 et
1160 5716 1557 5793 ordinationes
1587 5719 1644 5774 in
1678 5718 1804 5775 suis
1826 5736 1960 5792 pro-

308 5790 513 5853 vinciis
531 5790 896 5862 haberemus
908 5806 1084 5847 suum
1098 5790 1530 5863 quodammodo
1547 5790 1604 5846 in
1618 5806 1753 5847 eum
1768 5790 1959 5848 trans-

2082 3404 2209 3444 cere
2240 3384 2571 3459 synodales,
2606 3390 2663 3440 et
2693 3385 3064 3442 sacerdotum
3114 3384 3349 3441 Domini
3387 3385 3636 3458 judicia,
3669 3403 3732 3443 se

2082 3475 2484 3531 interserendo
2514 3474 2768 3529 turbare.
2788 3474 2868 3543 (Ιι)
2893 3473 3138 3539 ριιίδῐιοη
3165 3478 3395 3531 tantum
3424 3476 3736 3535 noveritse

2082 3566 2154 3620 ab
2176 3564 2513 3634 alienojure
2543 3562 2877 3633 depulsum,
2903 3563 3003 3617 sed
3028 3562 3206 3617 etiam
3227 3563 3580 3621 Viennensis
3602 3581 3735 3637 pro-

2081 3654 2303 3722 vinciae,
2335 3655 2403 3725 (i)
2425 3669 2599 3725 quam
2626 3650 2776 3707 male
2807 3657 3209 3723 usurpaverat,
3236 3656 3518 3724 potestate
3544 3653 3735 3727 priva-

2081 3747 2229 3798 tum.
2282 3742 2536 3814 Dignum
2583 3744 2672 3795 est
2701 3740 2882 3806 enim,
2915 3741 3141 3808 fratres,
3176 3740 3548 3814 antiquitatis
3580 3744 3737 3800 ϐω

2082 3835 2305 3886 statuta
2339 3829 2615 3902 reparari,
2652 3829 2861 3885 cumis
2892 3829 2992 3902 qui
3019 3829 3130 3885 sibi
3154 3830 3582 3887 ordinationem
3603 3848 3736 3905 pro-

2081 3920 2280 3977 vinciae
2312 3920 2586 3975 indebitae
2617 3917 2972 3987 vindicabat,
3002 3918 3138 3974 talis
3168 3920 3228 3974 in
3262 3921 3535 3991 praisenti
3560 3921 3736 3979 etiam

2082 4010 2362 4082 probatus
2388 4008 2561 4064 fuerit
2582 4009 2645 4080 (j)
2663 4007 2980 4074 exstitisse,
2999 4012 3065 4063 ut
3082 4024 3217 4064 cum
3237 4007 3359 4082 ipse
3374 4009 3738 4082 frequentius

2081 4151 2379 4223 tulerunt.
2398 4155 2723 4223 Ingenuum
2745 4153 3023 4223 praeterea
3048 4146 3280 4223 Alpium
3305 4151 3737 4223 maritimarum

2083 4221 2525 4295 metropolitamq
2545 4238 2579 4277 a
2611 4222 2798 4277 Leone
2831 4221 3011 4276 fuisse
3037 4221 3340 4295 culpatum
3375 4224 3448 4277 ob
3471 4221 3735 4295 illicitum

2082 4296 2172 4349 sui
2202 4291 2355 4366 juris
2382 4293 2731 4359 cessionem,
2763 4296 3014 4366 testatur
3036 4291 3290 4366 Hilarius
3323 4309 3473 4366 papa
3499 4293 3732 4366 epist-’1.

2083 4362 2372 4421 Incertum
2405 4381 2537 4419 vero
2566 4367 2655 4420 est
2684 4382 2824 4418 num
2850 4363 2971 4418 haec
2991 4364 3233 4435 Ingenui
3264 4362 3735 4435 reprehensioad

2081 4437 2188 4493 has
2218 4437 2423 4492 Leonis
2472 4435 2696 4491 litteras
2744 4432 3170 4500 referenda’Sit,
3200 4452 3273 4489 an
3322 4432 3454 4490 vero
3481 4433 3553 4488 ad
3586 4432 3735 4488 alias

2082 4526 2208 4581 qua:
2241 4507 2675 4581 interciderint;
2709 4506 2781 4561 de
2812 4505 3077 4581 quo‘vide
3108 4506 3279 4577 plura
3309 4504 3366 4559 in
3395 4503 3628 4559 dissert.
3663 4503 3735 4559 de

2080 4576 2346 4652 epistolis
2378 4577 2714 4650 depcrditis,
2746 4576 2888 4652 num
2919 4576 3009 4631 97.

2149 4652 2227 4723 (h)
2259 4651 2344 4717 Ita
2373 4645 2503 4705 cuin
2529 4645 2894 4723 anteaeditis
2910 4652 2966 4703 et
2992 4645 3180 4701 tribus
3198 4646 3417 4723 nostris
3437 4646 3735 4723 codd_.Sir-r

2079 4717 2353 4779 mendas.
2380 4719 2726 4788 Quesnellus
2760 4722 2949 4793 autem
2974 4717 3620 4793 cum_mss._collect.2t,
3640 4722 3738 4793 qui

2076 4798 2263 4867 tamen,
2290 4795 2499 4867 noverit
2531 4809 2588 4848 se
2614 4790 2930 4867 nmisolm};
2959 4790 3027 4867 ab
3059 4790 3239 4845 alieno
3257 4790 3412 4867 jure.

2151 4867 2212 4937 (ί)
2239 4866 2453 4929 Queen.
2477 4864 2536 4918 in
2563 4860 2858 4937 margine:
2882 4861 3069 4937 Forte,
3093 4878 3201 4937 qua
3224 4860 3365 4937 niale
3384 4879 3515 4937 usus
3529 4862 3731 4932 fuerat.

2078 4936 2140 4993 Id
2171 4933 2365 4992 autem
2397 4952 2465 4991 ea
2494 4934 2626 4990 sola
2653 4933 2724 5006 de
2755 4949 2933 4988 causa
2951 4933 3206 5006 scripsit,
3231 4935 3370 5006 quia
3393 4934 3449 4991 in
3471 4951 3579 4990 sua
3599 4950 3732 5006 sen-

2078 5009 2278 5079 tentia,
2313 5024 2487 5079 quam
2542 5004 3156 5079 inhobservationib'us
3187 5004 3264 5062 ad
3287 5006 3550 5079 quintam
3576 5004 3728 5079 dies.

2076 5075 2579 5151 impugnabimus.
2612 5075 2898 5132 Hilarium
2922 5076 3148 5151 nullum
3171 5079 3275 5149 jus
3298 5075 3451 5150 quod
3479 5075 3591 5132 sibi
3615 5092 3729 5131 non

2077 5150 2431 5226 competeret
2462 5165 2782 5226 usurpasse
2814 5150 3133 5226 contendit.
3200 5158 3225 5175 '
3436 5217 3448 5226 .
3503 5216 3525 5226 η
3591 5216 3602 5226 .
3681 5214 3691 5225 .

2149 5216 2383 5297 (j)-[miti
2407 5227 2542 5297 ante
2564 5216 2952 5297 Sir_mondum_
2968 5221 3250 5297 etQue_sn.
3278 5235 3409 5273 cum
3428 5216 3728 5297 inferioris

2077 5285 2222 5349 nolui
2238 5294 2535 5350 codicibus
2549 5291 3313 5346 nmittuntexstitissePorro
3329 5285 3727 5357 metropolitaa,

2077 5367 2175 5435 qui
2204 5368 2261 5419 in
2287 5364 2481 5434 aliquo
2504 5363 2807 5435 defecisset
2823 5369 3023 5417 contra
3042 5361 3271 5435 regulas
3290 5373 3732 5435 canonum,su_.z’

2076 5429 2289 5491 tantum
2318 5429 2577 5491 Ecetesiw
2605 5434 2968 5490 sacerdotium
2989 5449 3092 5503 pro
3110 5429 3255 5487 sedis
3284 5429 3594 5503 apostolica?
3608 5432 3731 5501 pie-

2074 5511 2184 5562 tate
2210 5499 3261 5582 seijuari,ordinationis‘episeOporum
3276 5499 3411 5582 jure
3424 5499 3722 5582 adempto,

2070 5583 2238 5634 vetus
2267 5570 2581 5650 disciplina
2610 5581 2754 5650 erat,
2791 5579 2857 5650 ut
2891 5570 3084 5629 videre
3114 5570 3385 5650 estade
3427 5570 3721 5650 Hilarium

2070 5666 2283 5776 papam
2314 5643 2484 5733 epist.
2515 5655 2570 5713 8,
2604 5649 2671 5703 ad
2708 5645 3058 5711 Gallicanos,
3101 5661 3157 5700 n.
3211 5643 3507 5701 t.’Gonfer
3536 5645 3716 5703 etiam

2118 5738 2281 5776 come
2306 5725 2484 5776 temet.
2518 5720 2608 5776 l2.
2639 5735 2690 5774 c.
2724 5720 2779 5774 9.

2118 5720 2281 5779 sonis
2306 5720 2484 5795 epist.
2518 5720 2608 5787 l2,
2639 5735 2690 5774 c.
2724 5720 2779 5774 9.
