4138 6168
281 290 395 368 681

1628 330 1633 331 ί
1709 308 2097 373 EPISTOLA
2144 308 2274 371 XV.

3565 306 3571 317 ’
3597 306 3718 375 682

285 438 1227 514 quigenitusest,(a)aliusquide
1249 442 1931 515 utroqueproccssit;sed
1965 454 2016 520 Α
2046 441 2347 499 Christum
2402 442 2722 498 Dominum
2784 444 2870 499 vel
2922 462 2989 500 ex
3041 408 3469 502 matre'volunt
3516 444 3729 504 habere

284 528 603 604 singularis
628 529 825 585 unitas
856 530 914 585 in
946 530 1136 587 tribus
1187 531 1422 604 quidem
1457 532 1779 599 vocabulis,
1831 533 1933 589 sed

283 636 403 675 non
434 620 504 690 (ὁ)
533 617 593 673 in
620 619 814 674 tribus
845 618 923 674 sit
944 618 1283 692 accipienda
1297 621 1587 694 personis.
1605 621 1765 687 Quod
1784 620 1936 677 blas-

284 707 531 781 phemia
574 720 761 781 genus
802 708 873 764 de
915 708 1150 764 Sabellii
1198 710 1469 782 Opinione
1518 715 1934 783 sumpserunt:

282 796 452 867 cujus
464 795 737 867 discipuli
752 796 925 852 etiam
942 797 1356 871 Patripassiani
1373 798 1578 854 merito
1598 815 1938 871 nuncupan—

284 889 405 954 tur;
442 884 641 956 quiasi
662 885 787 957 ipse
815 889 904 940 est
926 885 1125 954 Filius,
1146 888 1245 959 qui
1277 891 1367 944 est
1396 889 1581 955 Pater,
1615 905 1754 943 crux
1786 887 1935 956 Filii,

283 975 470 1031 Patris
495 978 585 1030 est
611 975 838 1046 passio;
872 979 930 1030 et
960 976 1244 1048 quidquid
1282 977 1338 1031 in
1372 975 1557 1033 forma
1588 978 1732 1032 servi
1759 976 1938 1032 Filius

280 1064 434 1122 Patri
464 1063 788 1121 obediendo
831 1064 1135 1133 sustinuit,
1186 1070 1378 1121 totum
1411 1064 1468 1120 in
1517 1084 1579 1122 se
1610 1066 1780 1123 Pater
1809 1065 1937 1139 ipse

280 1152 561 1227 suscepit.
577 1153 739 1219 Quod
753 1153 1051 1209 catholica:
1078 1153 1208 1209 ﬁdei
1241 1154 1368 1210 sine
1390 1154 1784 1226 ambiguitate
1800 1171 1935 1210 con-

281 1243 529 1299 trarium
561 1247 668 1310 est,
702 1260 830 1315 quae
861 1242 928 1311 (ε)
949 1242 1295 1299 Trinitatem
1317 1242 1560 1301 Deitatis
1575 1244 1656 1300 sic
1679 1251 1936 1316 ὀμοούσιον

280 1333 611 1398 confitetur,
642 1338 707 1387 ut
732 1332 980 1399 Patrem,
1016 1337 1073 1389 et
1102 1332 1336 1401 Filium,
1374 1338 1430 1389 et
1460 1333 1745 1405 Spiritum
1774 1350 1937 1390 sanc-

276 1426 405 1478 tum
436 1421 564 1478 sine
584 1421 926 1478 confusione
962 1421 1268 1489 indivisos,
1289 1423 1415 1478 sine
1442 1428 1703 1495 tempore
1723 1423 1936 1496 sempi-

277 1516 500 1577 ternos,
533 1509 658 1566 sine
684 1510 1215 1570 differentiacredat
1236 1511 1526 1584 aequales:
1565 1511 1701 1583 quia
1731 1510 1934 1567 Unita-

277 1606 395 1657 tem
442 1600 501 1655 in
556 1600 710 1657 098
760 1599 1043 1656 Trinitate
1102 1617 1218 1657 non
1263 1602 1465 1658 eadem
1512 1617 1780 1674 persona,
1831 1600 1931 1657 sed

276 1690 484 1747 eadem
514 1689 719 1762 implet
747 1689 1027 1745 essentia.

344 1781 482 1836 CAP.
519 1778 590 1835 lI.
637 1779 709 1833 De
754 1779 1052 1834 virtutibus
1082 1795 1218 1851 quas
1264 1795 1334 1834 ex
1350 1780 1455 1835 Deo
1491 1778 1781 1851 procedere
1817 1778 1929 1848 ﬁn-

2050 532 2430 604 principium,
2466 531 2555 588 vel
2589 532 2777 588 Patris
2808 534 2912 589 Dei
2969 536 3336 608 unigenitum
3377 534 3723 607 difﬁtentur,

2049 639 2181 676 cum
2213 622 2365 677 etde
2390 627 2572 676 matre
2602 620 2652 676 is
2690 626 2871 678 natus
2897 623 2972 681 sit
2994 624 3090 696 qui
3114 628 3237 680 erat
3264 629 3414 680 Deus
3439 623 3719 695 Verbum,

2047 714 2105 765 et
2135 710 2206 765 de
2238 710 2407 765 Patre
2437 727 2608 766 nemo
2646 710 2725 766 sit
2753 709 2989 783 genitus
3021 717 3230 785 prater
3258 713 3535 769 Verbum.

2118 797 2252 853 CAP.
2290 798 2383 854 IV.
2414 799 2562 867 Quod
2581 800 2835 871 jejunent
2866 801 2930 855 in
2974 802 3161 857 Natali
3188 802 3407 857 Domini
3434 811 3484 858 et
3512 802 3599 859 die
3616 801 3719 859 Do-

2045 889 2273 943 minica.
2306 921 2374 928 ——
2402 889 2617 953 Quarto
2649 891 2843 944 autem
2883 888 3145 962 capitulo
3177 891 3525 960 continetur,
3556 892 3714 964 quod

2047 976 2307 1033 Natalem
2331 976 2566 1044 Christi,
2584 994 2761 1050 quem
2789 995 2972 1034 secun
2993 978 3135 1034 dum
3149 980 3580 1052 susceptionem
3595 978 3715 1036 veri

2045 1064 2302 1121 hominis
2332 1066 2618 1122 catholica
2649 1066 2915 1123 Ecclesia
2938 1074 3268 1136 veneratur,
3308 1068 3448 1141 quia
3488 1069 3713 1126 Verbum

2045 1170 2171 1210 caro
2190 1157 2400 1226 factum
2426 1160 2576 1211 estet
2601 1155 2875 1213 habitavit
2902 1160 2961 1213 in
2985 1158 3143 1214 nobis
3179 1158 3355 1230 (Joan.
3386 1175 3423 1225 1,
3460 1157 3569 1229 14),
3594 1174 3711 1214 non

2046 1261 2178 1298 vere
2206 1244 2304 1299 isti
2338 1244 2642 1313 honorent,
2673 1246 2773 1302 sed
2804 1246 3087 1303 honorare
3113 1265 3175 1303 se
3210 1246 3512 1319 simulent,
3550 1247 3706 1319 jeju-

2045 1337 2251 1388 nantes
2272 1333 2473 1388 eodem
2522 1334 2636 1404 die,
2653 1335 2806 1390 sicut
2828 1339 2885 1391 et
2906 1335 2997 1391 die
3011 1336 3314 1393 Dominico
3366 1336 3707 1410 quiestdies

2044 1422 2483 1479 resurrectionis
2514 1423 2918 1488 Christi.Quod
2950 1425 3151 1498 utique
3169 1426 3297 1483 ideo
3320 1426 3546 1482 faciunt
3567 1424 3706 1498 quia

2044 1510 2339 1566 Christum
2374 1511 2684 1567 Dominum
2717 1511 2775 1567 in
2792 1531 2929 1569 vera
2956 1514 3216 1572 hominis
3257 1519 3467 1571 natura
3497 1519 3702 1571 natum

2043 1616 2171 1655 esse
2184 1617 2300 1655 non
2316 1601 2488 1655 credu
2499 1604 2579 1668 nt,
2596 1601 2697 1657 sed
2716 1618 2818 1674 per
2832 1605 3149 1675 quamdam
3166 1603 3497 1661 illusionem
3512 1607 3703 1661 osten-

2042 1693 2163 1745 tata
2177 1689 2357 1745 videri
2369 1689 2569 1745 volunt
2585 1690 2659 1763 (g)
2680 1708 2807 1764 quae
2820 1709 2955 1748 vera
2972 1709 3087 1749 non
3112 1692 3330 1750 fuerint
3352 1711 3364 1762 ;
3381 1696 3698 1766 sequentes

2042 1778 2315 1850 dogmata
2346 1779 2621 1835 Cerdonis
2644 1785 2817 1853 atque
2841 1782 3171 1850 Marcionis,
3206 1786 3263 1837 et
3294 1782 3557 1855 cognatis
3573 1780 3698 1838 suis

267 1871 431 1937 gunt.
465 1899 535 1908 -—
564 1867 626 1923 In
649 1867 904 1923 secundo
921 1867 1177 1940 capitulo
1208 1868 1820 1940 ostenditurineptum
1840 1884 1932 1923 va-
1964 1838 2008 1904 Β
2046 1866 2382 1923 Manichseis
2414 1884 2517 1941 per
2563 1868 2762 1925 omnia
2792 1876 3203 1927 consonantes.
3258 1870 3390 1940 Qui,
3445 1870 3602 1927 sicut
3635 1870 3696 1943 in

269 1974 541 2030 numque
559 1960 952 2012 commentum
971 1956 1042 2025 (ά)
1063 1956 1133 2013 de
1156 1957 1627 2030 processionibus
1650 1972 1929 2030 quarum-

265 2047 409 2103 dam
444 2045 726 2100 virtutum
762 2061 830 2099 ex
856 2045 987 2108 Deo,
1011 2060 1158 2117 quas
1190 2044 1403 2100 habere
1423 2044 1660 2117 coeperit
1694 2048 1749 2099 et
1781 2059 1929 2116 quas

263 2133 535 2192 essentia
563 2133 651 2190 sui
684 2133 809 2207 ipse
835 2132 1217 2206 praecesserit.
1253 2134 1314 2188 In
1344 2151 1459 2206 quo
1489 2134 1836 2189 Arianorum
1859 2135 1928 2206 (ο)

262 2241 511 2297 quoque
543 2223 939 2296 suffragantur
961 2222 1163 2289 errori,
1198 2221 1522 2278 dicentium
1574 2222 1730 2293 quod
1762 2221 1932 2276 Pater

261 2315 419 2371 Filio
449 2313 613 2386 prior
641 2311 738 2378 sit,
771 2311 909 2384 quia
948 2310 1123 2366 fuerit
1180 2309 1495 2383 aliquando
1529 2310 1655 2365 sine
1688 2309 1852 2376 Filio,
1875 2314 1931 2366 et

261 2410 411 2459 tunc
428 2403 600 2459 Pater
611 2417 738 2457 esse
768 2400 1025 2473 coeperit,
1043 2401 1280 2473 quando
1299 2400 1509 2456 Filium
1525 2399 1927 2472 genuerit.Sed

258 2494 423 2548 sicut
453 2490 589 2547 illos
608 2489 892 2546 catholica
920 2488 1179 2546 Ecclesia
1204 2490 1550 2557 detestatur,
1576 2489 1656 2543 ita
1675 2493 1732 2544 et
1760 2490 1927 2555 istos,

257 2582 364 2656 qui
381 2584 891 2655 putantumquam
907 2578 1021 2635 Deo
1037 2578 1093 2634 id
1115 2579 1272 2652 quod
1284 2579 1545 2649 ejusdem
1561 2583 1649 2634 est
1665 2578 1929 2635 essentia:

257 2672 551 2727 defuisse.
587 2670 766 2735 Quem
787 2668 939 2725 sicut
970 2667 1333 2735 mutabilem,
1358 2668 1439 2723 ita
1459 2671 1515 2724 et
1531 2667 1927 2741 proﬁcientem

258 2760 460 2817 dicere
492 2759 658 2815 nefas
673 2763 782 2814 est.
799 2759 984 2823 Quam
1000 2757 1156 2813 enim
1172 2757 1598 2829 mutaturquod
1619 2757 1925 2824 minuitur,

257 2857 379 2907 tam
420 2852 689 2905 mutatur
719 2847 894 2905 etiam
928 2847 1082 2920 quod
1115 2852 1378 2920 augetur.

332 2944 474 2995 CAP.
515 2938 615 2993 ΙΙΙ.
643 2939 760 2993 Cur
781 2937 1095 3008 unigenitus
1118 2937 1335 2991 dicatur
1349 2937 1495 3008 apud
1513 2952 1600 2992 eos
1621 2937 1794 2991 Filius
1806 2936 1923 2993 Dei.

258 3060 327 3070 —
348 3032 420 3101 (f)
451 3025 636 3082 Tertii
654 3042 785 3081 vero
808 3024 1045 3097 capituli
1058 3041 1249 3080 sermo
1269 3026 1559 3095 designat,
1582 3025 1733 3096 quod
1751 3024 1925 3079 iidem

261 3117 435 3190 impii
461 3120 751 3183 asserant,
770 3114 896 3170 ideo
922 3114 1285 3186 unigenitum
1302 3114 1414 3168 dici
1433 3113 1643 3169 Filium
1659 3113 1821 3185 Dei,q
1834 3114 1927 3168 uia

2040 1959 2239 2012 nostro
2270 1957 2536 2013 examine
2558 1958 2768 2014 detecti
2791 1962 2964 2032 atque
2993 1959 3237 2021 convicti
3259 1963 3417 2029 sunt,
3440 1957 3700 2029 Domini-

2040 2061 2172 2099 cum
2198 2044 2373 2117 diem,
2391 2063 2563 2118 quem
2588 2047 2756 2103 nobis
2780 2045 3115 2118 Salvatoris,
3139 2049 3322 2106 nostri
3345 2048 3696 2109 resurrectio

2041 2134 2420 2200 consecravit,
2468 2135 2708 2207 exigunt
2758 2135 2817 2191 in
2851 2153 3096 2193 maerore
3119 2136 3373 2209 jejunii;
3427 2136 3588 2205 solis,
3630 2140 3697 2192 ut

2043 2222 2337 2295 proditum
2371 2228 2477 2292 est,
2511 2224 2842 2280 reverentiae
2887 2224 3037 2281 hanc
3069 2225 3489 2283 continentiam
3523 2226 3693 2282 devo-

2038 2316 2283 2369 ventes:
2321 2318 2384 2368 ut
2412 2329 2515 2386 per
2554 2314 2752 2369 omnia
2802 2314 2921 2369 sint
2949 2331 2981 2369 a
3032 2320 3242 2371 nostrae
3291 2314 3424 2372 ﬁdei
3472 2314 3694 2371 unitate

2041 2401 2358 2469 discordes,
2395 2408 2449 2459 et
2480 2403 2603 2458 dies
2631 2402 2731 2475 qui
2763 2403 2981 2458 anobis
3015 2404 3070 2459 in
3091 2404 3290 2461 laetitia
3319 2405 3587 2471 habetur,
3612 2404 3685 2462 ab

2040 2488 2155 2545 illis
2185 2490 2245 2544 in
2275 2491 2589 2547 afﬂictione
2618 2492 2883 2548 ducatur.
2917 2491 3079 2548 Unde
3110 2492 3355 2566 dignum
3386 2497 3472 2550 est
3489 2498 3557 2550 ut
3585 2492 3695 2548 ini-

2039 2578 2175 2634 mici
2207 2580 2397 2637 crucis
2428 2584 2483 2635 et
2505 2580 2945 2636 resurrectionis
2965 2580 3178 2637 Christi
3201 2580 3377 2638 talem
3398 2581 3692 2655 excipiant

2040 2668 2419 2735 sententiam,
2450 2668 2681 2741 qualem
2713 2668 3012 2741 elegerunt
3040 2669 3385 2725 doctrinam.

2109 2755 2243 2812 CAP.
2276 2756 2340 2811 V.
2373 2757 2522 2825 Quod
2551 2758 2799 2811 animam
2818 2756 3055 2813 hominis
3083 2757 3292 2814 divina:
3309 2761 3561 2814 asserunt
3581 2774 3692 2815 esse
3742 2822 3746 2835 Ι

2035 2846 2381 2903 substantiae.
2415 2878 2481 2885 —
2500 2846 2705 2907 Quinto
2728 2845 2981 2919 capitulo
2994 2846 3240 2902 refertur
3252 2846 3406 2919 quod
3429 2846 3691 2903 animam

2038 2933 2233 2990 homin
2247 2935 2293 2990 is
2306 2934 2512 2990 divina:
2526 2939 2932 2991 asserantesse
2946 2935 3421 3007 substantiaamec
3435 2954 3468 2992 a
3482 2941 3692 2993 natura

2036 3024 2323 3079 Creatoris
2353 3024 2443 3079 sui
2507 3025 2860 3080 conditionis
2910 3030 3117 3081 nostra:
3150 3025 3368 3082 distare
3394 3029 3687 3082 naturam.

2038 3116 2221 3179 Quam
2255 3114 2615 3186 impietatem
2639 3129 2708 3169 ex
2727 3114 3210 3187 philosophorum
3229 3116 3619 3187 quorumdam
3635 3104 3699 3171 et‘

259 3208 431 3263 solus
459 3208 541 3261 sit
572 3208 742 3260 natus
771 3220 839 3258 ex
861 3202 1269 3275 virgine.Quod
1294 3202 1495 3275 utique
1511 3221 1625 3258 non
1648 3203 1929 3258 auderent
1958 3207 2000 3274 α
2037 3202 2490 3258 Manichaeorum
2526 3202 2799 3275 opinione
2841 3206 3179 3259 manantem
3229 3203 3517 3259 catholica
3543 3204 3688 3260 fides

259 3297 484 3361 dicere,
510 3294 624 3350 nisi
650 3292 811 3349 Pauli
826 3292 1192 3348 Samosateni
1208 3300 1259 3348 et
1275 3292 1502 3347 Photini
1517 3292 1677 3347 virus
1699 3291 1927 3347 hausis-

261 3389 418 3454 sent,
445 3383 551 3456 qui
574 3384 847 3439 dixerunt
884 3381 1197 3437 Dominum
1230 3388 1498 3437 nostrum
1528 3381 1730 3436 Jesum
1763 3380 1925 3436 Chri-

261 3478 452 3543 stum,
485 3476 803 3544 antequam
830 3474 1169 3527 nasccretur
1199 3487 1266 3525 ex
1299 3469 1519 3541 virgine
1563 3469 1764 3533 Maria,
1809 3486 1925 3524 non

260 3563 473 3618 fuisse.
508 3560 569 3616 Si
601 3564 794 3615 autem
826 3559 924 3614 isti
955 3560 1113 3615 aliud
1146 3559 1217 3614 de
1242 3576 1347 3614 suo
1369 3575 1542 3613 sensu
1568 3557 1813 3630 intelligi
1835 3575 1928 3612 vo-

261 3651 418 3719 lunt,
453 3665 649 3722 neque
662 3648 1012 3722 principium
1025 3649 1096 3703 de
1122 3653 1313 3703 matre
1337 3646 1740 3709 dantChristo,
1767 3663 1923 3702 asse-

263 3746 403 3795 rant
434 3742 901 3794 necesseestnon
920 3752 1103 3792 unum
1117 3753 1242 3791 esse
1266 3735 1474 3790 Filium
1506 3735 1626 3803 Dei,
1661 3734 1762 3790 sed
1782 3733 1926 3791 alios

261 3844 506 3901 quoque
538 3843 608 3881 ex
637 3843 872 3881 summo
903 3825 1067 3881 Patre
1092 3826 1342 3898 genitos,
1376 3841 1625 3897 quorum
1652 3823 1749 3879 hic
1770 3842 1925 3880 unus

260 3918 340 3972 sit
374 3921 552 3971 natus
574 3932 643 3969 ex
658 3914 963 3979 femina,et
984 3915 1056 3969 ob
1078 3914 1183 3969 hoc
1200 3913 1526 3987 appelletur
1547 3914 1921 3986 Unigenitus:

260 4005 407 4078 quia
442 4005 594 4059 hanc
621 4003 900 4058 nascendi
934 4002 1329 4059 conditionem
1362 4002 1514 4059 alius
1547 4004 1796 4058 filiorum
1823 4002 1922 4057 Dei

257 4110 445 4149 nemo
460 4090 807 4165 susceperit.
824 4092 1304 4164 Quoquoversum
1320 4093 1472 4147 699
1505 4091 1685 4164 igitur
1714 4109 1775 4147 se
1789 4108 1923 4147 con-

256 4181 535 4247 tulerint,
570 4180 629 4236 in
664 4196 888 4253 magnis
921 4179 1512 4251 tenduntimpietatis
1530 4180 1925 4253 abruptum,si

338 4308 421 4378 (a)
451 4309 591 4361 Mss.
625 4304 810 4378 Hisp.
841 4309 897 4359 et
928 4305 1103 4378 _Is_id_.,
1135 4306 1389 4378 authqui‘
1405 4303 1544 4378 Μοι(Δ
1555 4305 1798 4378 procedit
1822 4321 1925 4377 pro

255 4375 530 4451 processit
559 4377 715 4451 apud
739 4375 1328 4451 ’Theodulphumhlib.
1361 4375 1923 4451 deb‘piritusancto.

290 4486 293 4487 ν
334 4449 419 4519 (b)
453 4446 890 4503 Inseruimusin
917 4446 1167 4519 ex.Vat.
1193 4448 1331 4519 Reg.
1355 4446 1579 4503 collect.
1603 4449 1648 4502 1.
1676 4447 1923 4519 Vindeb.

258 4517 500 4576 collect.
533 4521 589 4588 5,
622 4520 755 4573 Vat.
783 4526 840 4573 et
877 4518 1116 4574 Vercell.
1155 4517 1379 4573 collect.
1414 4521 1468 4584 8,
1505 4536 1607 4575 nec
1638 4536 1751 4575 non
1790 4518 1921 4574 Vat.

258 4593 437 4663 Hisp.
471 4596 530 4645 et
559 4590 700 4663 leid.
738 4592 800 4663 in
847 4589 1169 4645 Vindebon.
1204 4590 1391 4663 llisp.,
1424 4593 1475 4663 et
1506 4607 1612 4646 non
1646 4594 1701 4647 in
1732 4592 1927 4655 tribus,

259 4661 465 4719 deleto
478 4661 592 4717 sed.
618 4661 753 4717 Post
775 4662 831 4715 in
867 4678 1051 4732 pauca
1072 4677 1174 4716 sex
1194 4661 1387 4725 codd.,
1408 4662 1814 4733 Patripassiam
1830 4677 1938 4716 non

256 4735 572 4790 immerito.
617 4733 762 4787 Dein
816 4733 992 4787 Filius
1039 4733 1223 4787 Patris
1270 4733 1521 4788 obediens
1567 4734 1834 4788 sustinuit
1878 4733 1937 4786 in

263 4804 609 4861 Vindebon.
644 4804 807 4875 Hisp.

334 4882 418 4945 (ο)
447 4874 801 4939 Quesnellus
823 4891 956 4929 cum
984 4878 1155 4929 antea
1175 4874 1347 4929 editis
1379 4878 1435 4927 et
1460 4891 1569 4928 ms.
1604 4874 1809 4941 Grim.,
1828 4874 1941 4929 Tri-

260 4952 513 5013 nitatem
545 4947 782 5003 Unitaiis
816 4947 1077 5013 retinuit,
1108 4947 1217 5000 etsi
1272 4946 1555 4999 notaverit
1587 4947 1644 5000 in
1681 4946 1942 5015 margine

263 5019 872 5090 Trint'tatern_Deitatis
891 5016 1132 5090 reperiri
1161 5017 1217 5070 in
1242 5017 1598 5090 novemgsuis
1616 5018 1939 5090 codicibus,

308 5090 497 5145 uibus
528 5087 627 5161 alii
655 5087 859 5161 plures
876 5087 1068 5161 nostri
1111 5088 1417 5161 accedunt,
1451 5087 1605 5161 inter
1633 5104 1780 5161 quos
1812 5087 1941 5161 Vat.

321 5178 420 5231 eg.
455 5158 719 5215 collecft
757 5164 814 5213 et
842 5159 1167 5231 Vindebon.
1202 5158 1580 5231 Hisp._solum
1624 5158 1726 5231 pro
1761 5160 1945 5231 Deita-

262 5235 344 5289 tis
362 5229 590 5287 habent
615 5232 952 5286 Divi-uitatis.
978 5229 1135 5285 Hanc
1158 5229 1350 5285 autem
1376 5229 1685 5286 lectionem
1707 5230 1946 5286 omnino

261 5302 706 5377 praeferendam
739 5301 1208 5377 evincit_sim_ilis
1259 5300 1425 5357 lectio
1462 5302 1642 5377 hujus
1686 5301 1947 5374 epistolas

258 5373 403 5448 cap.
451 5375 543 5448 1],
591 5373 695 5448 ubi
746 5373 1151 5448 antecedentia
1194 5373 1945 5448 compendiorepetuntur.

258 5443 447 5502 Urius
473 5445 646 5500 Barb.
678 5443 856 5500 habet
886 5446 1163 5500 Trinitatis
1196 5443 1485 5502 Unitatem.

344 5518 428 5590 (d)
449 5518 559 5573 Ms.
582 5516 712 5573 Vat.
744 5515 967 5590 collect.
991 5519 1044 5583 8,
1069 5519 1134 5572 de
1153 5518 1512 5590 processione.
1528 5515 1731 5590 Moxm
1750 5515 1945 5590 Vulg.,

259 5587 523 5645 (“entia
550 5605 671 5645 sua.
694 5587 1041 5655 Qucsncllus
1058 5587 1299 5644 correxit
1321 5606 1388 5643 ex
1409 5588 1691 5644 omnibus
1712 5589 1836 5645 suis
1851 5587 1945 5645 co-

264 5659 539 5730 dieibus,
573 5661 789 5734 quibus
819 5659 1214 5733 astipulantur
1246 5660 1423 5717 etiam
1460 5662 1666 5731 nostri,
1700 5676 1816 5719 uno
1847 5677 1943 5718 ex-

613 5787 880 5855 PATROL.
925 5789 1078 5860 LIV.

2035 3291 2278 3347 damnat
2302 3308 2315 3345 :
2341 3290 2533 3346 sciens
2557 3290 2777 3346 nullam
2800 3294 2921 3346 tam
2948 3291 3263 3348 sublimem
3290 3295 3528 3363 tamque
3549 3309 3701 3364 prae:

2034 3382 2265 3453 cipuam
2298 3397 2428 3436 esse
2474 3380 2785 3446 facturam,
2819 3379 2913 3437 cui
2964 3380 3118 3435 Deus
3161 3380 3287 3452 ipse
3333 3383 3545 3437 natura
3589 3380 3686 3437 sit.

2035 3470 2199 3537 Quod
2231 3469 2385 3525 enim
2414 3470 2484 3524 de
2507 3468 2633 3540 ipso
2659 3469 2861 3539 est,(h)
2884 3467 2943 3523 id
2964 3472 3053 3524 est
3072 3469 3227 3540 quod
3245 3466 3371 3539 ipse
3404 3484 3613 3540 ,neque
3627 3469 3685 3525 id

2035 3558 2190 3613 aliud
2224 3562 2312 3613 est
2357 3558 2509 3613 700
2558 3574 2733 3629 quam
2791 3556 2972 3612 Filius
3020 3561 3078 3612 et
3120 3556 3372 3628 Spiritus
3425 3560 3687 3614 sanctus.

2035 3649 2244 3704 Praeter
2273 3647 2424 3702 hanc
2457 3650 2653 3702 autem
2694 3663 2940 3701 summas
2986 3644 3288 3700 Trinitatis
3318 3661 3521 3712 unam,
3549 3662 3689 3702 con-

2034 3735 2504 3803 substantialem,
2538 3738 2594 3790 et
2625 3733 3069 3806 sempiternam,
3100 3738 3275 3806 atque
3304 3733 3692 3791 incommuta-

2031 3826 2208 3883 bilem
2226 3825 2529 3892 Deitatem,
2546 3822 2688 3879 nihil
2714 3823 2979 3879 omnium
3002 3828 3401 3880 creaturarum
3416 3827 3505 3880 est
3534 3824 3691 3897 quod

2035 3933 2148 3971 non
2182 3915 2237 3969 in
2272 3913 2504 3968 exordio
2537 3914 2627 3969 sui
2652 3930 2721 3968 ex
2740 3912 2924 3969 nihilo
2955 3918 3215 3970 creatum
3234 3913 3326 3970 sit.
3348 3913 3473 3969 Non
3491 3917 3688 3971 autem

2034 4003 2322 4076 quidquid
2354 4003 2507 4057 inter
2553 4006 2849 4057 creaturas
2897 4003 3114 4058 eminet
3161 4003 3315 4059 Deus
3345 4006 3453 4073 est,
3507 4020 3611 4060 nec
3641 4003 3692 4060 si

2035 4092 2177 4165 quid
2212 4107 2490 4164 magnum
2523 4094 2610 4146 est
2632 4095 2810 4163 atque
2840 4091 3129 4156 mirabile,
3162 4091 3271 4148 hoc
3301 4096 3390 4148 est
3419 4093 3575 4165 quod
3599 4092 3697 4148 ille

2035 4183 2133 4254 qui
2160 4182 2297 4259 facit
2326 4180 2613 4235 mirabilia
2639 4197 2846 4249 magna
2872 4181 3023 4241 solus
3052 4183 3168 4253 (Ps.
3212 4198 3379 4245 mw,
3415 4182 3491 4254 4.)
3515 4181 3697 4238 Nemo

2035 4309 2225 4378 cepto,
2251 4304 2311 4359 in
2336 4320 2451 4375 quo
2482 4306 2660 4378 etper
2685 4320 2828 4378 Aquas
2855 4306 3231 4378 essentiasua.

2108 4372 2176 4447 (θ)
2212 4381 2285 4430 Ex
2320 4372 2462 4430 mss.
2488 4372 2817 4447 Vindebo‘n.
2844 4374 3067 4430 collect.
3088 4377 3144 4447 5,
3170 4390 3275 4447 nec
3299 4391 3416 4447 non
3438 4390 3508 4428 ex
3527 4372 3702 4430 colle-

2039 4418 2231 4504 ctione
2262 4447 2423 4518 llisp.
2460 4450 2517 4501 et
2543 4445 2692 4518 Isid.
2718 4445 2967 4518 aliisque
2997 4418 3165 4518 codd.
3194 4444 3698 4518 inseruimusquo-

2039 4536 2160 4590 que,
2195 4517 2338 4590 satis
2364 4513 2649 4590 congrue;
2680 4513 3179 4590 indicaturenim,
3221 4513 3700 4590 Priscillianistas

1961 4577 2007 4641 Ι)
2042 4577 2160 4646 non
2175 4588 2365 4644 solum
2392 4577 2761 4660 Sabellianis,
2787 4588 2857 4660 de
2875 4577 3295 4660 quibuscapite
3310 4587 3698 4660 antecedenti,

2049 4662 2150 4740 sed
2169 4660 2398 4740 Arianis
2416 4676 2643 4740 quoque,
2664 4658 2799 4740 licet
2820 4657 3031 4713 Sabelli
3041 4657 3286 4714 auorum
3312 4658 3492 4740 errori
3525 4657 3702 4740 oppo-

2050 4733 2199 4799 sitis,
2235 4730 2566 4802 sutl'ragari.
2602 4730 2738 4785 Post
2764 4746 2949 4802 pauca
2978 4747 3083 4801 pro
3111 4733 3363 4799 genuerit
3387 4748 3541 4788 unus
3564 4730 3699 4788 cod.

2050 4805 2347 4886 generavit.
2372 4801 2486 4883 duo
2506 4804 2804 4871 generarit.
2823 4801 2964 4857 Dein
2994 4804 3281 4860 essentiale
3302 4819 3425 4877 pro,
3453 4805 3705 4861 essentia:

2050 4893 2108 4928 1n
2140 4873 2385 4928 Vindeb.
2420 4873 2581 4928 Iliso.

2050 4893 2108 4929 1n
2148 4890 2385 4928 νιηαρι).
2420 4890 2581 4929 lllSD.

2148 4890 2385 4928 vmaen.
2420 4890 2581 4943 msp.

2124 4947 2191 5017 (fl
2224 4946 2346 4997 Duo
2372 4943 2862 5017 mss.gVindebon.
2890 4943 3123 5017 collect.
3157 4946 3193 5001 5
3226 4950 3284 5002 et
3308 4946 3466 5017 Hisp.
3513 4946 3703 5017 Tertio

2052 5015 2173 5089 vero
2203 5017 2306 5080 ,χαι
2343 5015 2818 5089 autenz)capitulo.
2836 5016 3166 5089 Aliquando
3194 5023 3323 5089 post
3345 5015 3499 5071 idem
3521 5016 3702 5089 codex

2053 5088 2278 5144 collect.
2314 5090 2348 5141 5
2370 5102 2500 5140 cum
2532 5087 2967 5154 antiquioribus
2994 5087 3284 5154 Vulg.,—ex
3304 5103 3513 5143 summa
3542 5088 3707 5141 Patre

2053 5104 2278 5144 coueet.
2314 5104 2348 5141 ἰ)
2370 5104 2500 5140 cum
2532 5104 2651 5140 anu
2700 5104 2964 5143 UIOPIDUS
3003 5104 3099 5143 vui
3150 5129 3185 5154 .,
3217 5105 3284 5142 ex
3304 5104 3513 5143 summa
3542 5104 3706 5141 ram

2049 5160 2395 5239 progenitos:
2414 5157 2552 5239 Dein
2574 5157 2645 5239 in
2659 5104 2805 5239 ant.
2836 5159 3092 5239 Hisp.,si
3106 5106 3387 5216 IChristum.
3416 5158 3706 5212 Dominum

2054 5228 2303 5287 nostrum
2322 5245 2343 5290 ,·
2376 5228 2535 5295 Isid.,
2569 5229 2861 5285 Dominum
2888 5228 3091 5286 Iesum.

2132 5301 2275 5373 (g)7M
2285 5317 2359 5356 ss.
2377 5299 2623 5373 Vindeb.
2640 5301 2801 5373 Hisp.
2818 5306 2874 5357 et
2886 5303 3014 5357 Vat.
3031 5301 3258 5357 collect.
3278 5301 3302 5355 1
3320 5304 3363 5368 t,
3383 5299 3546 5373 quasi
3558 5314 3703 5354 vera.

2058 5369 2196 5428 Vat.
2214 5372 2379 5444 IIisp.
2404 5371 2635 5437 etlsid.,
2670 5369 2829 5444 quasi
2851 5391 2996 5429 vera.
3015 5373 3161 5444 Post
3182 5389 3368 5444 pauca
3385 5369 3708 5442 Vulg.ante

2059 5444 2273 5508 Quesn.
2307 5441 2439 5499 cum
2465 5441 2762 5500 nonnullis
2792 5462 2959 5511 mss.,
2991 5441 3200 5512 dogma—
3217 5441 3492 5510 Cerdonis,
3511 5441 3569 5498 et
3586 5458 3711 5498 eon-

2056 5516 2336 5572 cordantes
2366 5531 2469 5586 pro
2497 5524 2865 5571 consonantes.

2314 5584 2526 5654 {idem
2554 5590 2652 5642 est.
2700 5586 2946 5650 Quidam
2992 5584 3219 5640 codices
3253 5584 3376 5639 Vat.
3410 5602 3543 5641 cum
3566 5584 3709 5646 Vin-

2130 5588 2209 5719 gi)
2238 5585 2349 5671 Al,
2373 5585 2526 5642 idem
2554 5590 2652 5642 est.
2700 5586 2946 5669 Quidam
2992 5585 3219 5640 codices
3253 5585 3376 5669 Vat.
3410 5602 3543 5641 cum

2057 5660 2128 5719 de
2178 5703 2191 5719 .
2223 5657 2523 5733 Hisp.,hoc
2551 5660 2629 5715 est
2656 5656 2815 5733 quod,
2846 5672 2959 5731 ipse
2986 5672 3160 5735 neque
3188 5657 3343 5716 aliud
3370 5667 3467 5718 est.
3542 5673 3550 5679 ‘
