4138 6168
428 317 554 382 683

1545 312 1614 378 s.
1661 313 1940 403 LEONIS
1984 311 2234 379 MAGNI
2278 305 2708 375 EPISTUL/E.

3709 301 3827 367 684

433 453 742 510 hominum
756 448 990 515 veritas,
1007 463 1180 505 nemo
1203 448 1513 522 sapientia,
1533 465 1705 506 nemo
1718 447 1954 520 justitia
1969 449 2076 515 est;
2107 447 2162 512 Α
2195 463 2308 501 non
2343 449 2432 501 est
2460 443 2580 499 illic
2606 443 2848 500 libertas
2864 439 3273 516 turpitudinis,
3290 441 3391 498 ubi
3422 440 3612 515 pudor
3629 443 3688 497 et
3714 456 3832 496 ma-

434 543 534 600 sed
551 539 720 596 multi
739 537 1054 613 participes
1066 542 1208 599 sunt
1225 538 1343 594 veri
1355 537 1508 606 tatis,
1530 537 1895 612 etsapientiac
1907 541 2083 608 atque

423 629 688 702 justitiaa.
721 627 895 685 Solus
937 632 1132 686 autem
1163 628 1318 685 Deus
1361 627 1582 684 nullius
1620 626 2082 701 participationis

431 717 670 791 indigus
681 721 773 774 est
793 735 806 774 :
850 719 920 774 de
939 734 1055 790 quo
1081 717 1368 790 quidquid
1381 717 1556 790 digne
1575 721 1891 790 utcumque
1903 716 2080 772 senti-

429 810 548 874 tur,
581 823 697 863 non
729 805 985 880 qualitas
1014 810 1122 875 est,
1157 806 1260 863 sed
1291 806 1563 863 essentia.
1609 803 2083 862 Incommutabili

431 895 588 953 enim
622 895 696 970 (a)
719 895 866 951 nihil
896 895 1140 964 accedit,
1173 894 1319 950 nihil
1355 895 1615 968 deperit:
1650 894 1790 967 quia
1819 910 1946 950 esse
1976 892 2082 960 illi,

433 986 590 1058 quod
621 990 712 1042 est
741 984 1185 1058 sempiternum,
1219 1001 1450 1057 semper
1477 989 1565 1040 est
1586 984 1908 1056 preprium.
1927 983 2086 1040 Unde

431 1071 494 1129 in
524 1090 587 1130 se
617 1089 863 1129 manens
894 1072 1130 1130 innovat
1157 1073 1374 1139 omnia,
1407 1077 1462 1130 et
1494 1071 1639 1128 nihil
1679 1072 1902 1144 accepit
1929 1071 2084 1144 quod

434 1162 688 1236 ipsenon
711 1161 954 1219 dederit.
978 1161 1240 1219 Nimium
1262 1162 1443 1237 igitur
1458 1161 1690 1234 superbi
1717 1162 2086 1234 nimiumque

434 1255 577 1308 sunt
595 1251 727 1307 caeci
747 1251 928 1324 (b)qui
951 1269 1086 1308 cum
1108 1252 1306 1308 dicant
1328 1251 1649 1308 humanam
1671 1249 1928 1307 animam
1947 1249 2088 1305 divi-

434 1357 522 1396 nas
551 1357 680 1397 esse
701 1340 1198 1411 substantiemon
1223 1339 1720 1412 intelliguntnihil
1752 1356 1814 1396 se
1832 1339 2088 1396 aliuddi-

423 1433 564 1485 cere
593 1445 774 1502 quam
807 1429 990 1486 Deum
1013 1446 1143 1487 esse
1175 1429 1548 1497 mutabilem,
1569 1429 1835 1502 etipsum
1864 1429 2087 1502 perpeti

435 1517 718 1592 quidquid
753 1523 944 1592 potest
972 1524 1191 1576 natura:
1223 1519 1352 1590 ejus
1385 1518 1604 1574 inl'erri.

507 1609 640 1664 CAP.
667 1609 926 1678 VLQuOd
957 1611 1117 1664 aiunt
1156 1608 1437 1664 diabolum
1463 1623 1767 1680 numquam
1792 1610 1962 1678 fuisse
1991 1609 2086 1662 bo-

433 1715 592 1766 num,
623 1713 720 1753 nec
746 1699 846 1753 Dei
874 1713 1004 1768 Opus
1033 1713 1164 1764 esse,
1198 1697 1290 1752 sed
1320 1713 1390 1753 ex
1417 1696 1550 1752 chao
1579 1704 1629 1753 et
1655 1697 1892 1752 tenebris
1913 1713 2086 1752 emer-

435 1788 584 1843 sisse.
621 1818 687 1828 —
719 1787 893 1842 Sexta
943 1785 1242 1842 annotatio
1291 1785 1510 1841 indicat
1557 1801 1656 1841 eos
1710 1786 1899 1842 dicere
1931 1787 2085 1858 quod
2118 1821 2165 1887 Β

439 1873 708 1930 diabolus
755 1890 1082 1946 numquam
1129 1874 1303 1930 fuerit
1331 1875 1542 1944 bonus,
1586 1889 1690 1930 nec
1723 1879 1927 1930 natura
1956 1877 2085 1946 ejus

436 1963 735 2036 opiﬁcium
765 1963 867 2019 Dei
904 1963 1002 2030 sit,
1035 1963 1136 2020 sed
1169 1979 1303 2018 eum
1316 1963 1538 2019 exchao
1558 1968 1614 2018 et
1629 1963 1882 2020 tenebris
1909 1980 2096 2020 emer:

437 2052 588 2110 sisse
611 2069 625 2108 :
658 2051 799 2124 quia
819 2049 1043 2108 scilicet
1062 2051 1294 2108 nullum
1311 2052 1401 2109 sui
1425 2051 1636 2108 habeat
1651 2057 1970 2121 auctorem,
1985 2053 2085 2110 sed

434 2141 507 2214 (e)
537 2133 730 2197 omnis
760 2139 1039 2212 maliipse
1053 2140 1130 2196 sit
1151 2139 1505 2213 principium
1529 2145 1704 2213 atque
1721 2141 2080 2199 substantia:

431 2246 566 2286 cum
593 2229 738 2284 ﬁdes
770 2244 925 2296 vera,
962 2243 1093 2300 quae
1121 2233 1212 2284 est
1243 2227 1548 2296 catholica,
1571 2229 1835 2286 omnium
1853 2236 2085 2286 creatu-

429 2304 628 2374 rarum
660 2317 784 2373 sive
815 2315 1242 2389 spiritualium,
1295 2317 1416 2374 sive
1447 2319 1838 2390 corporalium
1871 2321 2084 2376 bonam

428 2407 781 2464 conﬁteatur
809 2405 1222 2474 substantiam,
1255 2411 1314 2462 et
1344 2405 1481 2462 mali
1515 2407 1738 2463 nullam
1772 2427 1901 2466 esse
1923 2413 2086 2465 natu-

428 2512 585 2552 ram:
621 2493 760 2567 quia
787 2494 965 2565 Deus,
982 2493 1082 2567 qui
1101 2493 1501 2551 universitatis
1520 2501 1609 2552 est
1629 2497 1914 2566 conditor,
1939 2497 2082 2554 nihil

427 2576 544 2642 non
575 2585 796 2640 bonum
817 2583 970 2640 fecit.
1001 2583 1166 2640 Unde
1197 2587 1254 2640 et
1275 2583 1544 2641 diabolus
1562 2585 1753 2642 bonus
1766 2591 1938 2654 esset,
1963 2587 2082 2643 siin

429 2691 496 2732 eo
527 2673 684 2746 quod
732 2673 920 2729 factus
959 2675 1048 2728 est
1075 2677 1464 2744 permaneret.
1499 2674 1608 2730 Sed
1656 2673 1795 2746 quia
1833 2675 2084 2731 naturali

431 2761 772 2819 excellentia
821 2759 974 2816 male
1006 2777 1152 2817 usus
1177 2764 1285 2829 est,
1335 2763 1383 2816 et
1415 2763 1474 2817 in
1523 2764 1752 2818 veritate
1787 2779 1896 2819 non
1933 2766 2084 2820 stetit

433 2849 610 2922 (Joan.
640 2866 762 2918 vm,
795 2850 906 2922 44).
939 2865 1056 2904 non
1083 2848 1144 2904 in
1176 2849 1524 2905 contrariam
1555 2850 1790 2906 transiit
1809 2852 2082 2909 substan-

433 2939 600 3011 tiam,
631 2938 732 2996 sed
763 2955 798 2993 a
826 2953 1062 2995 summo
1085 2938 1257 3005 bono,
1286 2938 1378 2993 cui
1409 2938 1608 2994 debuit
1636 2939 1950 3012 adhaerere,
1981 2943 2087 2997 de-

433 3027 634 3096 scivit;
666 3028 820 3084 sicut
849 3027 960 3100 ipsi
993 3026 1094 3100 qui
1125 3026 1266 3082 talia
1313 3031 1584 3082 asserunt
1608 3045 1642 3083 a
1671 3028 1823 3084 veris
1853 3028 1912 3084 in
1938 3029 2086 3088 falsa

434 3119 744 3192 proruunt,
775 3120 831 3172 et
862 3119 1132 3172 naturam
1163 3115 1222 3170 in
1265 3133 1330 3171 eo
1360 3119 1616 3188 arguunt
1647 3117 1705 3172 in
1737 3134 1850 3190 quo
1881 3123 2086 3190 sponte

2190 533 2447 590 trimonii
2479 539 2744 588 servatur
2769 536 2826 588 et
2855 530 3094 588 sobolis.

2262 625 2393 678 CAP.
2427 621 2572 677 VIII.
2619 652 2686 662 -——
2710 620 2946 694 Corpora
2971 621 3214 676 humana
3239 622 3399 676 aiunt
3429 637 3533 693 per
3558 619 3834 676 diabolum

2189 713 2442 783 formari,
2473 714 2524 768 et
2543 727 2731 768 eorum
2753 711 3197 766 resurrectionem
3215 719 3434 783 negant.
3465 741 3533 750 -
3554 708 3832 766 Octavum

2191 803 2455 873 ipsorum
2485 805 2592 866 est,
2618 799 3072 872 plasmationem
3102 797 3496 856 humanorum
3525 815 3834 872 corporum

2193 887 2490 962 (g)diaboli
2511 905 2640 946 esse
2670 889 3036 961 ﬁgmentum,
3059 892 3116 945 et
3144 887 3374 945 semina
3392 889 3835 962 conceptionum

2191 995 2370 1052 Opera
2400 979 2732 1034 daemonum
2765 979 2824 1034 in
2855 977 3172 1034 mulierum
3187 978 3367 1034 uteris
3397 978 3670 1052 ﬁgurari:
3707 995 3834 1052 pro-

2192 1072 2322 1140 pter
2351 1067 2504 1140 quod
2553 1067 3035 1124 resurrectionem
3055 1067 3246 1124 carnis
3277 1084 3392 1122 non
3437 1083 3567 1124 esse
3595 1069 3836 1125 creden-

2193 1157 2350 1224 dam,
2384 1156 2526 1228 quia
2549 1156 2628 1228 (h)
2660 1156 2948 1214 concretio
2979 1157 3236 1230 corporis
3265 1173 3380 1212 non
3413 1157 3490 1213 sit
3514 1175 3838 1232 congruens

2195 1245 2401 1303 animae
2433 1246 2724 1318 dignitati.
2758 1248 2892 1313 Quae
2925 1246 3146 1302 falsitas
3175 1247 3302 1302 sine
3331 1247 3510 1302 dubio
3540 1264 3689 1320 opus
3719 1249 3838 1305 dia-

2194 1333 2311 1390 boli
2343 1337 2450 1402 est,
2483 1339 2540 1390 et
2569 1333 2710 1390 talia
2734 1334 3001 1407 prodigia
3029 1334 3396 1407 opinionum,
3414 1335 3839 1408 ﬁgmentasunt

2195 1423 2550 1480 demonum.
2577 1423 2674 1496 qui
2691 1441 2804 1478 non
2830 1423 2886 1478 in
2904 1423 3254 1480 feminarum
3267 1423 3566 1482 ventribus
3589 1425 3840 1484 formant

2194 1511 2484 1581 homines,
2518 1513 2619 1568 sed
2651 1513 2708 1567 in
2743 1511 3145 1575 haereticorum
3181 1512 3456 1570 cordibus
3483 1512 3629 1570 tales
3665 1515 3839 1570 fabri-

2196 1607 2405 1661 cantur
2423 1617 2668 1658 errores.
2689 1601 2849 1667 Quod
2887 1600 3432 1658 immundissimum
3449 1602 3608 1659 virus
3632 1605 3701 1660 de
3723 1605 3843 1660 Ma-

2198 1689 2428 1745 nichaee
2460 1688 2781 1761 impietatis
2802 1689 3132 1762 specialiter
3158 1691 3314 1747 fonte
3336 1693 3670 1763 procedens,
3697 1693 3841 1750 olim

2197 1779 2342 1835 ﬁdes
2362 1779 2650 1836 catholica
2674 1778 3055 1851 deprehendit
3085 1783 3261 1851 atque
3289 1779 3608 1836 damnavit.

2271 1869 2420 1925 702
2445 1867 2578 1924 CAP.
2593 1867 2684 1922 IV.
2703 1869 2868 1923 Filios
2885 1869 3264 1940 promissionis
3279 1885 3380 1938 per
3400 1870 3668 1942 Spiritum
3684 1888 3840 1928 sane-

2196 1961 2313 2012 tum
2326 1961 2602 2029 conceptos
2612 1957 3011 2012 essedicunt.—
3029 1957 3192 2014 Nona
3203 1962 3394 2014 autem
3410 1960 3712 2016 annotatio
3726 1979 3843 2018 ma-

2194 2046 2406 2102 nifesta
2425 2045 2580 2118 quod
2604 2045 2754 2100 tilios
2786 2045 3216 2118 promissionis,
3239 2063 3308 2102 ex
3339 2047 3687 2108 mulieribus
3712 2052 3842 2124 qui-

2195 2136 2328 2192 dem
2345 2135 2638 2206 natos,sed
2650 2134 2938 2206 exSpiritu
2956 2139 3155 2190 sancto
3167 2135 3500 2194 dicantesse
3511 2145 3838 2214 conceptos:

2194 2223 2376 2281 ncilla
2387 2223 2618 2280 soboles
2637 2242 2762 2297 quae
2777 2225 2846 2280 de
2861 2225 3052 2280 carnis
3065 2224 3286 2281 semine
3301 2227 3727 2301 nascitur,(i)ad
3743 2231 3843 2288 Dei

2193 2313 2582 2369 conditionem
2617 2313 2908 2386 pertinere
2924 2313 3210 2370 videatur.
3245 2316 3407 2380 Quod
3449 2317 3748 2374 catholicis
3779 2321 3842 2375 ﬁ-

2193 2402 2284 2459 dei
2317 2419 2652 2476 repugnans
2697 2407 2871 2474 atque
2921 2403 3280 2460 contrarium
3312 2409 3420 2473 est,
3451 2424 3582 2478 qua:
3607 2425 3843 2465 omnem

2192 2491 2490 2548 hominem
2515 2491 2572 2547 in
2605 2491 2866 2564 corporis
2890 2491 3216 2565 animaeque
3239 2494 3571 2552 substantia
3592 2513 3626 2552 a
3654 2498 3849 2554 condi-

2192 2585 2316 2636 tore
2347 2580 2746 2636 universitatis
2779 2581 3016 2636 formari
3049 2586 3228 2654 atque
3258 2583 3506 2640 animari
3537 2584 3692 2642 intra
3720 2604 3847 2643 ma-

2192 2673 2357 2726 terna
2381 2669 2600 2724 viscera
2631 2670 2967 2726 conﬁtetur:
3003 2675 3275 2727 manente
3297 2672 3535 2745 quidem
3587 2673 3684 2732 illo
3713 2693 3843 2748 pec-

2193 2758 2304 2813 cati
2319 2757 2804 2830 mortalitatisque
2822 2759 3273 2832 contagio,quod
3289 2761 3348 2816 in
3367 2761 3586 2834 prolem
3607 2781 3640 2819 a
3653 2764 3845 2836 primo

2195 2851 2432 2918 parente
2463 2847 2842 2914 transcurrit;
2867 2847 2966 2903 sed
2992 2849 3449 2920 regenerationis
3479 2859 3845 2910 sacramento

2194 2934 2788 3008 subveniente,quo(j)
2805 2953 2906 3008 per
2918 2935 3199 3008 Spiritum
3223 2943 3489 2995 sanctum
3511 2942 3845 3012 promissio.

2195 3022 2402 3078 nisﬁlii
2432 3029 2840 3092 renascuntur,
2870 3041 2983 3080 non
3017 3025 3076 3080 in
3099 3031 3262 3082 utero
3285 3028 3499 3096 carnis,
3528 3030 3630 3086 sed
3649 3031 3710 3086 in
3731 3031 3844 3087 vir-

2195 3115 2318 3168 tute
2367 3112 2762 3184 baptismatis.
2797 3113 2960 3170 Unde
3007 3119 3063 3170 et
3092 3115 3298 3184 David,
3331 3118 3429 3189 qui
3475 3118 3680 3192 utique
3723 3125 3853 3177 erat

437 3191 804 3278 delinquunt,
822 3221 886 3260 ac
901 3221 1004 3278 pro
1023 3222 1132 3261 sua
1151 3204 1480 3261 voluntaria
1511 3207 1888 3277 perversitate
1918 3209 2080 3264 dam-
2113 3191 2156 3259 C
2195 3201 2606 3274 promissionis
2636 3201 2792 3258 ﬁlius
2823 3202 2962 3258 dicit
2995 3203 3067 3258 ad
3099 3208 3311 3262 Deum:
3343 3206 3535 3263 Manus
3568 3191 3676 3264 tusc
3705 3212 3851 3281 face-

433 3301 667 3351 nanlur.
691 3293 853 3358 Quod
879 3293 1084 3366 utique
1101 3292 1172 3361 (ἀ)
1186 3292 1247 3348 in
1267 3293 1412 3366 ipsis
1430 3293 1650 3350 malum
1668 3295 1796 3363 erit,
1811 3301 1866 3352 et
1889 3297 2081 3370 ipsum

432 3382 660 3442 malum
685 3399 801 3438 non
831 3381 942 3438 erit
969 3382 1322 3450 substantia,
1359 3383 1459 3438 sed
1506 3401 1676 3456 pcena
1717 3385 2084 3442 substantiae.

507 3475 652 3530 701
675 3471 810 3528 CAP.
843 3467 1260 3528 VII.Damnant
1297 3474 1520 3544 nuptias
1541 3476 1591 3530 et
1620 3490 1782 3530 usum
1803 3477 2089 3530 matrima-

429 3565 538 3620 nii.
568 3593 636 3604 ——-
667 3560 929 3634 Septimo
961 3559 1086 3617 loco
1111 3559 1182 3624 (e)
1205 3561 1492 3634 sequitur,
1527 3553 1684 3634 quod
1717 3563 1955 3636 nuptias
1984 3563 2084 3620 da-

431 3655 727 3720 mnant,et
741 3649 1201 3722 procreationem
1227 3649 1592 3706 nascentium
1613 3651 2084 3723 perhorrescunt,

433 3743 495 3798 in
527 3757 665 3814 quo,
689 3739 844 3796 sicut
873 3755 1019 3811 pene
1048 3737 1109 3794 in
1138 3739 1434 3807 omnibus,
1469 3756 1603 3794 cum
1634 3739 2087 3796 Manichaeorum

434 3827 786 3903 profanitate
811 3827 1168 3883 concordant
1193 3843 1205 3881 :
1242 3826 1391 3897 ideo,
1425 3826 1576 3882 sicut
1607 3826 1867 3898 ipsorum
1895 3845 2088 3885 mores

437 3917 708 3991 probant,
742 3913 1110 3987 conjugalem
1136 3915 1406 3987 capulum
1433 3917 1824 3984 detestantur;
1857 3919 1924 3991 (Ι)
1952 3918 2090 3990 quia

511 4021 585 4092 (a)
615 4020 726 4075 Sex
755 4019 948 4075 nostri
981 4019 1172 4092 codd”
1223 4021 1371 4092 nihil
1399 4020 1634 4076 accidit:
1658 4025 1722 4092 et
1753 4022 1885 4076 dein
1917 4023 2086 4092 Vulg.

440 4090 576 4148 ante
604 4093 821 4158 Quesn.
855 4107 989 4146 cum
1021 4090 1374 4162 quibusdam
1409 4091 1701 4148 inferioris
1731 4099 1876 4148 nota:
1918 4090 2086 4152 codd.

437 4163 586 4218 nihil
618 4163 836 4232 accipit.

509 4234 586 4308 (lg)
617 4230 795 4308 Codd.
823 4234 950 4286 Vat.
981 4230 1386 4308 ltcg._cp_l_lect._
1417 4233 1439 4288 l
1470 4238 1528 4290 et
1556 4233 1685 4308 Vat.
1723 4234 1880 4308 llisp.
1917 4239 2090 4307 atque

441 4302 604 4379 I‘si'dL,
627 4302 1166 4379 quicumquedicunt.
1185 4302 1487 4379 Vindebon
1511 4304 1734 4379 collect.
1753 4307 1808 4372 5,
1824 4302 1940 4379 'qui
1967 4302 2092 4362 eum

438 4375 648 4450 dicunt;
679 4375 869 4450 Dein,
893 4377 1108 4450 naturae
1135 4375 1221 4430 vel
1245 4378 1451 4450 animae
1478 4378 1596 4448 ejus
1627 4379 1829 4450 inferri
1851 4375 1926 4434 'in
1956 4379 2087 4434 Vat.

435 4448 689 4522 Hisp._et
718 4444 857 4522 Isid.
891 4444 1357 4522 tribusquealis
1383 4444 1526 4502 mss.

507 4517 574 4590 (ὁ)
597 4519 734 4592 Vat.
767 4519 906 4592 Reg.
939 4517 1160 4592 collect.
1197 4519 1246 4586 1,
1267 4534 1400 4573 cum
1420 4535 1534 4592 uno
1551 4517 1830 4592 Thuaneo
1847 4521 2086 4587 Quesn.,

433 4587 682 4646 omnibus
721 4587 908 4644 malis.
957 4587 1122 4644 Alius
1163 4593 1360 4644 noster
1415 4591 1612 4656 codex,
1644 4591 1896 4646 omnibus
1928 4592 2086 4648 mali.

436 4661 583 4732 Vide
613 4665 734 4716 not.
758 4662 793 4715 6
823 4660 1038 4724 Quesn.
1063 4659 1196 4716 Post
1212 4677 1398 4732 pauca
1429 4678 1528 4717 sex
1561 4661 1745 4717 nostri
1759 4662 2089 4728 codd.,cum

433 4731 566 4804 ﬁdes;
589 4748 673 4804 ea,
699 4747 822 4804 qua?
840 4733 939 4804 est-

511 4802 586 4873 (d)
607 4801 810 4870 Codd.,
839 4801 972 4873 Vat.
1007 4801 1143 4872 Reg.
1163 4801 1386 4873 collect.
1405 4803 1585 4872 1,duo
1602 4803 2086 4860 Vindeb.collect.

435 4875 492 4942 5,
519 4871 582 4947 et
609 4874 772 4947 Hisp.
803 4871 1164 4947 aliique_duo
1211 4872 1364 4928 Vatt.
1397 4871 1592 4930 delent
1621 4876 2088 4947 praepositionem

437 4949 534 5026 ἐξ..
549 4942 733 5026 Pauli):
763 4942 1043 5026 post,'.sed
1059 4960 1220 5016 pana
1239 4947 1564 5002 substantia:
1583 4942 1776 5001 delent
1798 4964 1941 5002 mss.
1958 4949 2086 5002 Vat.

435 5018 576 5072 5845
607 5022 663 5072 et
691 5014 1114 5072 Grimanicum.

529 5088 576 5148 ε)
610 5088 750 5144 Mss.
785 5086 946 5158 Hisp.
971 5089 1029 5142 et
1064 5085 1224 5158 Isid.,
1255 5089 1618 5158 consequitur.

529 5093 576 5148 ε)
610 5093 750 5144 Mss.
785 5093 886 5142 His
934 5129 946 5142 .
971 5093 1029 5142 et
1064 5093 1224 5154 Isid.,
1255 5093 1618 5158 consequitur.

507 5093 666 5235 litin
686 5159 814 5235 Vat.
851 5105 1012 5230 lll’sp.
1037 5156 1589 5235 etlsid.,_trib_u_sque
1619 5157 1748 5235 aliis
1779 5160 2091 5235 mss.,quia

435 5227 663 5286 estr'illic
691 5231 917 5286 libertas
948 5227 1330 5300 turpitudinis,
1349 5231 1446 5300 ubi
1475 5227 1586 5285 non
1610 5231 1786 5300 pudor
1813 5235 1866 5286 et
1894 5227 2089 5286 matri-

431 5303 611 5360 monii
631 5305 903 5368 servatur,
935 5303 984 5355 et
1013 5299 1232 5354 sobolis.
1267 5299 1415 5354 Editi
1450 5305 1582 5356 ante
1603 5299 1977 5364 Quesnellum
2011 5317 2094 5357 se-

431 5371 1014 5445 quunturlectioncm
1045 5374 1238 5426 textus
1275 5371 1528 5445 exceptis
1557 5371 1748 5429 verbis
1795 5375 1844 5428 et
1873 5373 2092 5444 sobolis,

432 5443 683 5515 quorum
716 5443 838 5499 loco
868 5443 1086 5515 habent
1112 5445 1163 5496 et
1199 5443 1566 5515 spessobolis.

501 5519 574 5582 (g)
609 5515 930 5570 Vindebon.
966 5512 1186 5568 collect.
1211 5511 1458 5584 5,dicere
1496 5513 1704 5584 diaboli
1721 5529 1834 5569 esse
1863 5515 2095 5584 ﬁgmen-

427 5585 565 5638 tum.
602 5584 729 5639 Vat.
765 5585 988 5642 collect.
1013 5585 1046 5639 3
1064 5599 1197 5638 cum
1221 5582 1655 5651 anteaVulgat.,
1676 5582 1886 5640 diaboli
1904 5582 2095 5641 dicere

427 5601 565 5638 eum.
609 5601 630 5636 \
653 5601 729 5639 at.
765 5601 988 5642 COlleCt.
1013 5601 1046 5639 ὅ
1064 5601 1197 5638 cum
1221 5601 1392 5638 antea
1410 5601 1504 5638 VU]
1553 5601 1655 5651 aL,
1676 5601 1883 5640 altlDOlZ
1913 5601 2092 5641 dicere

427 5667 541 5715 esse
566 5655 904 5728 ﬁgmentum.
941 5656 1072 5714 Mox
1096 5655 1224 5712 Vat.
1259 5653 1399 5730 Reg.
1435 5601 1663 5714 collect.
1688 5658 1738 5725 1,
1765 5671 1866 5732 Ope
1889 5655 2092 5714 ιίςκτηοο

2117 4554 2164 4620 D

2193 3293 2344 3355 runt,
2397 3307 2500 3360 me,
2551 3293 2600 3345 et
2643 3291 3057 3362 plasmaverunt
3107 3310 3192 3348 me
3221 3299 3335 3362 (Ps.
3385 3312 3580 3366 cxvm,
3611 3298 3720 3359 75;
3747 3299 3854 3354 Job

2193 3397 2249 3448 κ,
2283 3379 2359 3452 8).
2392 3379 2460 3434 Et
2485 3379 2556 3434 ad
2587 3379 2902 3436 Jeremiam
2949 3381 3226 3437 Dominus
3258 3381 3376 3440 ait:
3407 3385 3576 3440 Prius
3605 3403 3772 3458 quam
3803 3391 3858 3444 te

2193 3471 2491 3541 formarem
2521 3469 2581 3522 in
2635 3474 2810 3538 utero,
2843 3471 2972 3526 novi
2999 3477 3050 3525 te
3068 3489 3093 3536 ,ο
3121 3474 3172 3526 et
3203 3473 3264 3526 in
3301 3473 3462 3528 vulva
3506 3476 3702 3530 matris
3744 3479 3856 3531 tua:

2193 3557 2534 3628 sancti/icavi
2561 3562 2612 3612 te
2645 3557 2859 3630 (Jerem.
2894 3576 2933 3627 1,
2965 3559 3043 3630 5).

2268 3647 2404 3702 CAP.
2438 3645 2808 3718 X.Afﬁrmant
2829 3649 3043 3703 animus
3066 3650 3124 3704 in
3153 3650 3307 3715 caelo,
3319 3659 3620 3722 peccantes,
3654 3654 3716 3708 in
3735 3671 3854 3710 cor-

2191 3751 2330 3808 pora
2357 3734 2604 3790 detrusus
2625 3751 2734 3806 pro
2757 3738 2970 3808 peccati
2985 3753 3169 3808 paena.
3193 3769 3259 3780 -—
3283 3737 3514 3796 Decimo
3535 3747 3736 3798 autem
3754 3759 3852 3798 ca-

2197 3823 2382 3897 pitulo
2410 3823 2738 3879 referuntur
2754 3841 3030 3894 asserere,
3047 3826 3275 3884 animas
3290 3845 3418 3900 qua:
3431 3828 3712 3886 humanis
3729 3848 3854 3888 cor-

2198 3913 2440 3986 poribus
2461 3911 2802 3968 inseruntur
2823 3913 3092 3987 fuissem
3108 3916 3234 3971 sine
3247 3932 3506 3988 corpore,
3527 3919 3661 3974 etin
3685 3919 3852 3975 cccle-

2195 4019 2548 4095 num.__I_Iis_p.
2582 4022 2640 4074 et
2667 4019 2828 4095 Isid.,
2856 4037 2959 4092 per
2986 4020 3278 4095 (immanes.
3312 4021 3374 4078 In
3397 4023 3714 4095 antiquiori
3745 4042 3853 4080 au-

2198 4096 2316 4148 tem
2348 4090 2670 4166 Vindebon.
2704 4090 2892 4163 ltispl,
2921 4109 3022 4163 per
3055 4093 3387 4166 (lanienam,
3420 4090 3714 4166 corrupte,
3747 4097 3853 4152 ubi

2194 4179 2296 4235 per
2325 4161 2608 4242 scriptum
2641 4161 2882 4239 apparet
2911 4161 2979 4218 ex
3009 4179 3166 4235 apere
3190 4165 3277 4220 vel
3313 4181 3498 4237 opera,
3531 4161 3856 4224 ut'in'aliis

2198 4233 2367 4287 codd.
2400 4233 2632 4287 legitur.

2198 4249 2341 4289 0000
2354 4275 2367 4288 .
2400 4249 2632 4289 ιρριιυτ.

2271 4248 2664 4384 33115533156.
2699 4308 2920 4384 septem
2944 4323 2976 4360 a
2999 4307 3211 4384 Quesn.
3229 4305 3455 4384 laudati
3467 4306 3538 4384 Ain
3559 4308 3854 4384 margine,

2200 4379 2260 4446 et
2279 4373 2461 4430 nostri
2477 4373 2660 4429 multo
2679 4373 2878 4446 plures
2899 4394 3030 4432 cum
3055 4377 3311 4434 editione
3327 4379 3481 4434 Surii
3496 4384 3552 4434 et
3575 4373 3851 4435 Nicolini;

2199 4444 2311 4520 at,
2343 4444 2829 4520 concreatio,.'Mox
2857 4447 3122 4517 dignitati
3166 4449 3364 4506 delent
3394 4467 3536 4506 mss.
3573 4450 3760 4507 Grim.
3797 4456 3856 4509 et

2197 4517 2424 4602 T‘lllaf‘:
2458 4517 2987 4602 θᾱιξεῑλάἐαξ..ουθεειο,
3029 4589 3081 4602 ..
3353 4590 3383 4602 ..

2267 4589 2331 4661 (i)
2363 4588 2502 4643 Mss.
2537 4587 2663 4642 Vat.
2697 4588 2856 4660 Iiisp.
2889 4593 2946 4644 et
2968 4589 3104 4646 Isid.
3138 4607 3271 4646 cum
3293 4590 3650 4659 tribusaliis,
3673 4594 3851 4648 adil-

2200 4659 2312 4740 lam
2332 4658 2927 4740 condittpnern."1}aulo
2957 4665 3090 4740 post
3109 4679 3176 4740 ex
3207 4679 3349 4718 mss.
3382 4662 3712 4740 Vindebon.
3736 4664 3852 4740 col-

2199 4730 2331 4786 lect.
2367 4735 2397 4786 5
2423 4735 2478 4784 et
2526 4729 2681 4796 Vat.,
2713 4730 2875 4803 Ilisp.
2921 4729 2978 4786 et
3019 4732 3180 4800 Isid.,
3213 4733 3611 4789 revocavimus
3649 4733 3852 4791 lectio-

2200 4819 2333 4856 nem
2366 4803 2655 4875 editorum
2687 4807 2825 4875 ante
2873 4804 3113 4872 Quesn.,
3161 4805 3471 4860 substantia
3517 4806 3693 4875 cujus
3723 4806 3854 4863 loco

2197 4871 2565 4945 Quesnollus.
2591 4873 2741 4945 Dein
2791 4875 3175 4942 substantiam,
3221 4881 3278 4932 et
3316 4876 3372 4930 in
3402 4871 3704 4945 margine:
3739 4877 3854 4945 AL,

2198 4943 2726 5016 subsistentia.»_Dein
2751 4947 3232 5016 manentequidem
3258 4949 3312 5002 in
3337 4943 3854 5014 illo,in‘Vat.58é5.

2273 5017 2326 5086 {jl
2341 5014 2764 5102 misnellusex
2782 5014 2992 5097 Spiritu
3011 5014 3216 5074 sancto.
3243 5018 3855 5102 Destituimusivulga:

2201 5084 2324 5162 tam
2352 5084 2678 5162 lectionem,
2715 5084 2932 5162 quippe
2941 5105 3135 5162 quam
3165 5089 3351 5162 codd,
3375 5084 3854 5162 praestantissimi

2199 5157 2330 5230 Vat.
2367 5158 2504 5230 Reg.
2548 5157 2760 5230 eolect.
2793 5157 3210 5230 lfﬁVindebon.
3245 5157 3468 5217 collect.
3504 5161 3561 5226 5,
3595 5178 3702 5217 nec
3733 5179 3852 5218 non

2199 5227 2364 5289 Hisp.
2397 5227 2475 5284 et'
2489 5229 2621 5284 Isid.
2656 5245 2790 5284 cum
2821 5229 3012 5285 tribus
3042 5230 3174 5287 aliis
3202 5231 3358 5289 Vatt.
3390 5233 3768 5288 conﬁrmant.

2277 5247 2304 5282 s
2353 5271 2364 5283 .
2397 5246 2456 5284 et
2489 5246 2621 5284 lSlG.
2656 5246 2790 5284 cum
2821 5246 3012 5285 tribus
3042 5246 3174 5287 ams
3213 5246 3358 5289 vatt.
3390 5246 3768 5288 conﬁrmant.

2272 5246 2348 5424 (ᾗ
2368 5299 2514 5355 Editi
2531 5304 2664 5355 ante
2693 5299 2906 5364 Quesn.
2929 5317 3063 5356 cum
3083 5303 3379 5376 plerisque
3399 5304 3576 5359 etiam
3602 5304 3852 5360 vetustis

2273 5371 2305 5424 d
2357 5413 2394 5424 ..
2453 5373 2513 5424 in
2559 5387 2796 5424 camare.
2849 5372 2950 5424 sed
3000 5389 3326 5424 nerneram.
3388 5380 3452 5424 ut
3498 5375 3852 5424 Onesnellus

2202 5371 2394 5452 cod_d.,
2453 5373 2797 5452 incorpore,
2829 5372 2950 5452 sed
2999 5371 3327 5452 perperam,
3388 5380 3457 5452 ut_
3498 5375 3852 5440 Quesnellus

2202 5442 2419 5518 Optime
2452 5442 2658 5518 statuit
2677 5448 2798 5497 not.
2829 5443 2882 5498 7.
2907 5442 3388 5518 Emendationem
3408 5446 3558 5518 ejus,
3573 5463 3750 5518 quam
3770 5461 3854 5502 re-

2203 5513 2352 5590 perit
2383 5513 2441 5568 in
2461 5513 2676 5590 _trib_us
2721 5516 3391 5590 tantu_m_m_ss._Thuan.
3424 5513 3482 5572 et
3513 5513 3849 5590 Trecopith.

2203 5583 2424 5640 collect.
2456 5587 2510 5652 5,
2546 5590 2601 5639 et
2632 5585 2913 5641 Heravall.
2950 5587 3154 5642 lsidori
3181 5587 3401 5644 collect.
3437 5590 3525 5654 12,
3567 5606 3679 5646 nos
3703 5583 3853 5644 con-

2201 5657 2510 5714 ﬁrmamus
2541 5655 2672 5714 aliis
2709 5656 3007 5714 codicibus
3035 5657 3164 5717 Vat.
3197 5658 3402 5718 collect
3428 5660 3483 5732 3,
3517 5660 3855 5720 Viudebon.
