4138 6168
318 274 327 287 ’
375 293 490 359 τοι

1789 282 2173 353 EPISTOLA
2214 283 2371 348 XVI.

3659 282 3781 351 709

379 428 643 504 quolibet
688 429 949 503 tempore
996 426 1460 502 periclitantibus
1517 424 1879 484 subvenitur.
1940 426 2026 482 Ita
2052 418 2110 490 Α
2137 424 2336 481 veritas
2359 439 2460 496 per
2486 423 2671 480 Iesum
2701 420 2977 479 Christum
3014 424 3157 495 facta
3188 432 3267 481 est
3296 424 3473 499 (Joan.
3502 444 3538 498 ι,
3565 428 3674 501 l7):
3699 422 3779 501 (h)

380 519 537 576 enim
566 520 637 575 ad
666 518 775 574 has
805 519 955 574 duas
985 518 1324 575 festivitates
1356 534 1642 574 connexas
1673 516 1909 573 sibimet
1938 518 2024 571 at-

380 627 494 683 que
540 614 836 682 cognatas,
869 607 1251 664 incolumium
1300 611 1357 663 et
1402 607 1461 662 in
1510 607 1670 680 pacis
1717 605 2028 661 securitate

379 698 715 771 degentium
746 696 933 753 libera
961 701 1093 753 vota
1121 697 1470 762 differimus,
1493 702 1558 752 ut
1598 697 1658 751 in
1692 696 1894 751 mortis
1927 711 2030 766 pe-

377 787 580 852 riculo,
627 786 685 842 in
735 786 1058 843 obsidionis
1109 785 1554 849 discrimine,in
1605 783 2029 857 persecutionis

374 875 686 948 angustiis,
710 874 770 930 in
802 880 1007 931 timore
1048 875 1361 949 naufragii,
1397 875 1557 931 nullo
1608 880 1888 947 tempore,
1919 874 2029 930 hoc

377 981 523 1019 vera:
555 963 767 1021 salutis
816 963 1112 1036 singulare
1136 965 1211 1036 (a)
1245 964 1582 1037 praesidium
1615 964 1888 1036 cuiquam
1936 963 2031 1017 de-

373 1069 677 1126 negemus.

447 1143 598 1199 722
621 1140 755 1199 ΟΑΡ.
779 1141 872 1196 Vl.
899 1142 1102 1199 Christi
1131 1144 1199 1199 ad
1225 1144 1495 1215 baptisma
1520 1145 1747 1200 Joannis
1776 1142 2032 1197 acceden-

372 1235 441 1288 tis
465 1233 967 1305 mysterium—(bl
989 1232 1048 1287 Si
1082 1233 1215 1303 quis
1240 1237 1436 1288 autem
1461 1231 1799 1304 Epiphaniae
1824 1230 2035 1287 festivi-

373 1325 707 1392 tatem,quze
730 1319 790 1374 in
805 1337 911 1375 suo
925 1319 1126 1375 ordine
1143 1320 1336 1376 debito
1352 1320 1569 1376 honore
1582 1320 2032 1377 venerandaest:

368 1409 441 1465 oh
473 1408 582 1465 hoc
604 1409 960 1478 (chastimat
992 1408 1365 1482 privilegium
1396 1409 1611 1465 habere
1640 1408 2033 1481 baptismatis,

374 1498 515 1570 quia
526 1497 633 1554 hoc
649 1497 728 1564 (ἀ)
740 1496 979 1568 quidam
995 1498 1386 1571 putant,quod
1406 1497 1465 1553 in
1504 1498 1706 1554 eadem
1744 1499 1835 1553 die
1848 1496 2039 1571 Domi:

375 1604 488 1643 nus
514 1587 585 1642 ad
616 1586 982 1658 baptismum
1016 1587 1201 1642 sancti
1232 1587 1479 1643 Joannis
1521 1588 1860 1655 accesserit;
1895 1570 2042 1641 sciat

371 1675 533 1731 illius
550 1674 827 1747 baptismi
846 1674 1020 1730 aliam
1045 1675 1499 1747 gratiam,aliam
1521 1676 1703 1732 fuisse
1725 1678 2033 1757 rationem;

370 1782 475 1821 nec
498 1765 571 1821 ad
602 1764 868 1819 eamdem
894 1764 1245 1836 pertinuisse
1266 1764 1538 1820 virtutem
1570 1782 1687 1838 qua
1719 1783 1821 1838 per
1849 1766 2030 1839 Spiri-
2063 1791 2112 1857 B

366 1858 495 1909 tum
529 1857 801 1909 sanctum
830 1857 1240 1919 renascuntur,
1275 1854 1346 1909 de
1376 1854 1594 1925 quibus
1628 1854 1843 1911 dicitur
1876 1872 1889 1911 :
1926 1854 2031 1924 Qui

370 1959 477 2013 non
503 1942 578 2014 (e)
598 1958 669 1997 ea:
690 1943 991 2010 sanguine,
1020 1958 1190 2012 neque
1231 1958 1301 1997 ex
1328 1944 1604 1998 voluntate
1636 1946 1840 2011 carnis,
1864 1961 2035 2015 neque

370 2047 441 2088 ea:
466 2031 750 2087 voluntate
790 2030 921 2096 viri,
949 2030 1041 2085 sed
1072 2047 1141 2085 ea:
1168 2032 1274 2086 Deo
1320 2033 1442 2086 nati
1489 2035 1620 2086 sunt
1647 2034 1822 2104 (Joan.
1851 2051 1890 2099 ι,
1920 2031 2028 2103 13.)

374 2119 659 2177 Dominus
679 2119 837 2174 enim
862 2117 1083 2174 nullius
1105 2119 1377 2192 indigens
1406 2120 1755 2177 remissione
1787 2122 2030 2194 peccati,

374 2226 479 2266 nec
501 2226 769 2283 quaerens
790 2208 1117 2264 remedium
1146 2210 1512 2277 renascendi,
1531 2209 1613 2265 sic
1642 2208 1825 2265 voluit
1846 2211 2031 2282 bapti-

376 2299 495 2355 zari
519 2297 725 2369 (Matth.
750 2314 835 2363 Ill,
862 2297 974 2368 15),
990 2298 1281 2369 quomodo
1297 2300 1373 2370 (/)
1396 2300 1453 2352 et
1470 2297 1654 2353 voluit
1672 2299 2032 2370 circumcidi,

377 2386 751 2459 bestiamque
772 2402 875 2457 pro
905 2402 967 2442 se
998 2386 1438 2442 emendationis
1470 2386 1661 2442 otl‘erri
1688 2405 1700 2442 :
1736 2391 1800 2443 ut
1830 2388 1928 2461 qui
1954 2389 2033 2444 fa-

379 2480 507 2532 ctus
539 2477 729 2531 fuerat
756 2492 825 2530 ex
858 2474 1131 2543 muliere,
1158 2475 1308 2531 sicut
1332 2475 1646 2548 Apostolus
1668 2476 1767 2545 ait,
1792 2478 1955 2533 fieret
1984 2486 2039 2535 et

378 2567 486 2623 sub
528 2565 655 2637 lege
687 2564 885 2637 (Galat.
912 2581 987 2632 ιν,
1012 2564 1087 2635 4),
1114 2581 1293 2635 quam
1348 2581 1462 2619 non
1511 2570 1746 2620 venerat
1795 2566 2035 2636 solvere,

375 2656 471 2710 sed
506 2652 750 2727 implere
784 2654 993 2725 (Matth.
1020 2671 1074 2717 ν,
1105 2653 1213 2725 17),
1239 2658 1294 2707 et
1340 2652 1636 2724 implendo
1669 2655 1834 2710 finire
1857 2656 1933 2726 (g)
1955 2657 2038 2712 si-

375 2749 472 2801 cut
500 2744 710 2800 beatus
740 2742 1053 2816 Apostolus
1095 2742 1375 2814 praedicat
1410 2741 1612 2797 dicens
1639 2761 1651 2798 :
1675 2746 1829 2799 Finis
1858 2749 2044 2802 autem

380 2835 514 2902 legis
547 2832 792 2887 Christus
823 2832 893 2887 ad
910 2832 1193 2903 justitiam
1233 2833 1387 2887 omni
1427 2831 1673 2887 credenti
1700 2835 1871 2905 (Rom.
1908 2853 1962 2902 x,
1987 2836 2041 2909 4)

390 2920 674 2995 Baptismi
706 2925 901 2976 autem
935 2921 1026 2976 sui
1076 2919 1133 2974 in
1182 2936 1244 2976 se
1274 2920 1537 2976 condidit
1584 2928 2039 2991 sacramentum,

388 3011 528 3084 quia
557 3012 617 3065 in
642 3011 894 3066 omnibus
913 3011 1213 3081 primatum
1242 3012 1429 3065 tenens
1461 3009 1656 3075 (Celes.
1682 3028 1721 3081 ι,
1748 3012 1834 3084 18)
1858 3030 1918 3069 se
1940 3014 2042 3069 do-

389 3100 507 3157 cuit
535 3116 665 3175 esse
695 3097 1071 3170 principium.
1102 3098 1168 3153 Et
1194 3102 1336 3153 tunc
1367 3100 1822 3172 regenerationis
1844 3108 2037 3173 poten-

387 3190 531 3245 tiam
563 3162 773 3253 sanx-it,
798 3162 1035 3259 quando
1074 3187 1145 3242 de
1174 3186 1353 3243 latere
1406 3162 1594 3261 ipsius
1643 3162 2041 3261 profluiterunt
2072 3162 2115 3228 C

390 3276 633 3351 sanguis
680 3276 1118 3347 redemptionis,
1143 3279 1201 3330 et
1247 3292 1401 3347 aqua
1446 3276 1819 3350 baptismatis
1858 3282 2035 3349 (Joan.

388 3366 636 3438 x1x,34).
664 3364 827 3422 Sicut
855 3379 992 3436 ergo
1022 3368 1187 3419 vetus
1219 3368 1639 3420 testamentum
1672 3367 1801 3422 novi
1831 3370 2037 3424 testifi-

388 3456 539 3512 catio
571 3453 699 3521 fuit,
732 3457 790 3509 et
832 3454 924 3508 lea:
946 3470 1046 3525 per
1073 3452 1249 3509 Mosen
1278 3454 1409 3508 datu
1438 3458 1539 3521 est,
1560 3457 1743 3523 gratia
1774 3461 1960 3513 autem
1989 3470 2040 3516 et

458 3633 537 3705 (a)
566 3630 719 3687 Editi
752 3634 886 3686 ante
915 3632 1128 3697 Quesn.
1161 3646 1296 3686 cum
1330 3629 1471 3686 solis
1505 3631 1720 3687 nostris
1751 3649 1893 3690 mss.
1927 3635 2043 3692 cel-

390 3720 521 3777 lect.
552 3721 625 3775 24
652 3719 968 3774 remedium.

462 3792 537 3866 (ρ)
570 3792 650 3847 De
678 3796 968 3866 Consecr.,
1004 3790 1139 3845 dist.
1179 3792 1229 3857 4,
1263 3790 1325 3845 Si
1362 3791 1484 3861 quis
1528 3793 1711 3846 autem
1739 3792 1956 3866 Epiph.;
1986 3800 2043 3851 et

391 3863 448 3919 in
471 3861 702 3919 ‘Decret.
735 3879 810 3929 ιν,
845 3861 884 3916 l.
917 3879 955 3916 ι.

463 3936 532 4007 (c)
547 3932 862 4007 Exemplar
879 3932 1008 3988 Vat.
1035 3931 1294 4007 Dionysii
1318 3948 1449 4007 cum
1475 3933 1637 4005 Hisp.
1660 3933 1796 3990 Isid.
1821 3937 1878 3987 et
1897 3934 2040 3989 due-

395 4005 504 4062 bus
534 4005 829 4061 Crescenii
862 4020 1031 4071 mss.,
1064 4005 1362 4059 existimat.

464 4077 542 4149 (ιι)
569 4076 718 4149 Yide
749 4079 868 4149 net.
901 4075 1178 4149 §AQuesn.

466 4144 535 4215 (c)
568 4146 730 4202 Unus
759 4147 884 4202 cod.
904 4146 1146 4202 Vercell.
1172 4149 1231 4202 et
1255 4145 1384 4200 Vat.
1418 4144 1638 4201 collect.
1668 4147 1752 4215 11,
1776 4163 1909 4201 eum
1931 4146 2047 4202 edi-

400 4218 470 4274 tis
517 4224 652 4274 ante
694 4216 1095 4283 Quesnellum,
1127 4235 1197 4272 ex
1238 4218 1620 4287 sanguinibus.
1655 4218 1785 4272 Mox
1832 4217 2042 4274 Veron.

398 4291 585 4347 Cresc.
618 4293 676 4345 et
703 4292 831 4345 Vat.
866 4287 1089 4345 collect.
1120 4292 1211 4356 24,
1240 4305 1310 4344 ex
1337 4290 1609 4358 voluptate
1637 4291 1843 4344 carnis.

465 4364 529 4432 (f)
559 4359 902 4433 Inserujmis
933 4359 1278 4433 particulam
1309 4362 1461 4433 etes
1487 4359 1617 4433 γει.
1646 4360 1783 4433 Reg.
1817 4359 2041 4433 collect.

402 4433 448 4504 1,
480 4429 547 4489 ex
578 4448 723 4504 pure
754 4429 991 4503 Dionys.
1028 4431 1178 4497 Vat.,
1206 4448 1275 4487 ex
1311 4429 1559 4504 Yindeb.
1593 4429 1810 4504 collect
1828 4433 1882 4498 5,
1915 4430 2044 4502 qui-

2084 3598 2091 3607 .
2154 3639 2272 3692 net.
2300 3636 2335 3688 5

2134 516 2286 574 sicut
2313 516 2539 572 diversa
2571 514 2722 571 728
2753 513 3038 569 sacrificia
3059 533 3237 573 unam
3258 516 3512 574 bestiam
3545 519 3778 592 praefor-

2134 609 2392 673 marunt,
2415 610 2469 660 et
2492 604 2813 660 multorum
2835 620 3118 677 agnorum
3153 606 3363 662 occisio
3389 606 3549 665 illius
3569 607 3779 665 imme-

2137 696 2352 751 latione
2386 695 2550 750 ﬁnita
2578 698 2686 760 est,
2714 695 2785 750 de
2814 710 2929 766 quo
2959 692 3173 749 dicitur
3208 712 3220 750 :
3252 698 3391 751 Ecce
3435 700 3619 765 Agnus
3660 699 3780 767 Dei,

2136 802 2253 841 ecce
2281 786 2378 857 qui
2421 785 2566 840 tollit
2609 786 2890 855 peccatum
2934 783 3130 838 mundi
3160 784 3404 854 (Joan.1,
3430 788 3552 859 29);
3594 787 3678 844 sic
3725 790 3789 863 et,

2136 875 2391 931 Joannes
2439 891 2552 929 non
2585 872 2875 943 Christus,
2915 872 3017 928 sed
3067 872 3279 928 Christi
3330 874 3606 946 praevius;
3665 893 3782 932 non

2138 981 2411 1037 sponsus,
2436 964 2536 1019 sed
2566 962 2764 1035 sponsi
2792 962 3167 1027 amicus,fuit
3191 962 3333 1018 adeo
3366 963 3554 1020 fidelis
3582 969 3640 1021 et
3666 983 3785 1022 non

2141 1071 2247 1111 sua
2278 1069 2564 1125 queerens,
2590 1050 2693 1107 sed
2723 1069 2847 1123 quae
2868 1051 3008 1106 Jesu
3039 1050 3272 1117 Christi,
3299 1056 3361 1107 ut
3390 1069 3453 1108 se
3489 1054 3786 1125 proﬁtere-

2142 1148 2237 1198 tur
2262 1144 2330 1197 ad
2366 1141 2641 1196 Solvenda
2660 1139 3052 1196 calceamenta
3084 1142 3299 1212 pedum
3328 1142 3457 1212 ejus
3477 1141 3789 1216 indignum

2142 1232 2349 1301 (Matth.
2383 1248 2464 1295 ιιι,
2490 1231 2585 1295 11;
2623 1230 2748 1283 Luc.
2788 1246 2874 1296 ιιι,
2901 1229 2987 1300 16)
3012 1245 3025 1282 :
3050 1228 3329 1300 quoniam
3377 1230 3502 1302 ipse
3550 1230 3789 1303 quidem

2144 1320 2466 1393 baptizarot
2494 1318 2552 1373 in
2585 1335 2738 1389 aqua
2767 1317 2823 1372 in
2855 1318 3279 1390 pcenitentiam,
3303 1319 3398 1374 ille
3430 1323 3624 1375 autem
3654 1320 3792 1393 hap-

2144 1409 2430 1464 tizaturus
2460 1412 2612 1463 esset
2652 1409 2710 1462 in
2751 1407 2966 1479 Spiritu
2994 1416 3181 1463 sancto
3210 1415 3263 1463 et
3293 1410 3415 1477 igni
3442 1409 3580 1480 (Ibid
3592 1411 3653 1477 .);
3688 1410 3789 1481 qui

2147 1498 2363 1571 duplici
2398 1499 2682 1570 potestate
2712 1500 2769 1551 et
2797 1496 2973 1550 vitam
2998 1496 3282 1561 redderet,
3311 1501 3367 1552 et
3389 1502 3623 1570 peccata
3647 1515 3791 1554 con-

2146 1590 2421 1645 sumeret.
2448 1585 2549 1641 His
2574 1585 2793 1657 itaque,
2816 1584 3022 1641 fratres
3044 1584 3396 1654 charissimi,
3422 1590 3506 1642 tot
3525 1604 3591 1643 ac
3610 1580 3792 1643 tantis

2146 1676 2531 1733 existentibus
2554 1674 2940 1741 documentis,
2965 1674 3182 1747 quibus
3211 1676 3369 1730 omni
3413 1677 3793 1750 ambiguitate

2148 1766 2441 1830 submota,
2466 1764 2760 1820 evidenter
2808 1763 3141 1837 agnoscitis,
3177 1764 3233 1818 in
3263 1764 3631 1837 baptizandis
3676 1766 3794 1823 ele-

2142 1856 2271 1924 ctis,
2296 1854 2394 1927 qui
2427 1853 2752 1909 secundum
2780 1852 3159 1926 apostolicam
3183 1854 3245 1925 (τ’)
3270 1854 3532 1927 regulam
3560 1860 3618 1911 et
3637 1872 3792 1911 exor-

2142 1944 2346 1999 cismis
2376 1941 2698 2009 scrutandi,
2723 1946 2780 1996 et
2813 1940 3060 2013 jejuniis
3113 1943 3540 2010 sanctiﬁcandi,
3586 1948 3644 2000 et
3675 1944 3793 2000 fre-

2143 2033 2460 2104 quentibus
2508 2036 2646 2087 sunt
2692 2030 3204 2102 praedicationibus
3242 2031 3795 2105 imbuendi,(j)duo

2143 2124 2371 2178 tantum
2396 2122 2469 2191 (h)
2495 2125 2777 2192 tempora,
2810 2120 2866 2174 id
2903 2123 2993 2175 est
3024 2119 3264 2186 Pascha,
3299 2125 3356 2174 et
3395 2125 3792 2190 Pentecosten,

2142 2228 2269 2267 esse
2302 2210 2583 2266 servanda
2608 2227 2621 2275 ;
2650 2209 2757 2264 hoc
2782 2209 2845 2280 (l)
2868 2211 3069 2263 vestrae
3095 2208 3411 2265 indicimus
3431 2209 3798 2279 charitati,ut

2144 2301 2216 2357 ab
2268 2298 2603 2372 apostolicis
2660 2295 2947 2352 institutis
2995 2295 3157 2351 nullo
3210 2294 3455 2353 ulterius
3513 2300 3796 2357 recedatis

2145 2407 2403 2445 excessu.
2430 2387 2573 2452 Quia
2603 2383 2898 2441 indultum
2932 2388 3062 2457 post
3109 2384 3229 2439 hec
3259 2401 3386 2440 esse
3417 2401 3531 2441 non
3563 2388 3793 2459 poterit,

2146 2478 2195 2534 si
2227 2477 2539 2551 quisquam
2571 2472 2922 2547 apostolicae
2953 2472 3188 2546 regulas
3219 2473 3277 2528 in
3314 2472 3512 2545 aliquo
3542 2476 3799 2533 credide-

2147 2568 2221 2623 rit
2251 2565 2647 2640 negligendas.

2224 2659 2258 2712 7
2273 2657 2374 2712 24
2397 2655 2526 2709 ΟΑΡ.
2542 2653 2662 2708 VII.
2678 2653 2754 2707 De
2772 2651 3000 2707 concilio
3016 2653 3309 2722 quotannis
3327 2652 3512 2709 Romae
3524 2654 3799 2710 celebran-

2148 2746 2267 2801 do.»
2284 2777 2310 2786 α
2333 2745 2521 2808 Quare
2544 2742 2687 2797 illud
2710 2740 2984 2813 primitus
3011 2757 3112 2811 pro
3133 2740 3399 2795 custodia
3419 2743 3800 2800 concordissi-

2152 2852 2257 2890 mze
2278 2833 2519 2889 unitatis
2544 2830 2853 2903 exigimus,
2869 2833 2955 2897 ut,
2976 2828 3113 2900 quia
3129 2827 3512 2885 saluberrime
3528 2847 3561 2885 a
3577 2833 3799 2889 sanctis

2152 2923 2423 2980 Putribus
2453 2918 2835 2976 constitutum
2882 2916 3185 2985 est,bines
3232 2916 3290 2972 in
3336 2918 3507 2974 annis
3547 2918 3799 2992 singulis

2152 3012 2557 3085 episcoporum
2582 3008 2792 3064 debere
2812 3023 2941 3063 esse
2963 3010 3299 3075 conventus,
3315 3006 3463 3062 terni
3483 3024 3714 3082 semper
3733 3026 3802 3067 ex

2152 3102 2317 3157 vobis
2330 3101 2426 3172 (m)
2441 3100 2509 3154 ad
2527 3098 2678 3153 diem
2695 3096 2935 3152 tertium
2951 3095 3674 3154 kalend.Octehr.Romam
3692 3100 3801 3156 fra-

2150 3195 2315 3247 terno
2345 3186 2590 3245 concilio
2616 3185 2897 3253 sociandi,
2924 3184 3431 3240 indissimulanter
3450 3192 3758 3245 occurrant
3782 3206 3797 3244 :

2149 3279 2450 3353 quoniam,
2473 3276 2783 3347 adjuvante
2799 3274 2985 3345 gratia
3002 3272 3120 3342 Dei,
3138 3272 3366 3327 facilius
3383 3274 3594 3345 poterit
3614 3277 3803 3347 provi-

2148 3369 2271 3425 deri
2296 3372 2358 3422 ut
2387 3366 2445 3421 in
2479 3362 2750 3419 Ecclesiis
2770 3359 2980 3416 Christi
3010 3360 3171 3415 nulla
3200 3360 3495 3427 scandala,
3520 3362 3663 3418 nulli
3691 3381 3799 3421 na-

2149 3463 2390 3516 scantur
2409 3468 2804 3517 errores,cum
2830 3466 3027 3506 ceram
3048 3448 3387 3505 beatissimo
3413 3451 3677 3523 apostolo
3704 3453 3801 3508 Pe-

2364 3634 2581 3698 Quesn.

2223 3708 2295 3778 (λ)
2326 3704 2469 3778 Vide
2499 3704 2617 3757 not.
2654 3701 2689 3754 6
2718 3700 2932 3778 Quesn.

2224 3725 2299 3846 (ἴς
2337 3725 2469 3757 vum
2500 3725 2617 3757 ῐιυι.
2654 3725 2689 3754 υ
2718 3725 2932 3780 uuesu.

2224 3786 2277 3848 (ιτ
2327 3780 2405 3848 De
2433 3775 2726 3838 Consecr.,
2759 3770 2894 3848 dist.
2930 3770 2981 3848 4,
3160 3771 3421 3839 tempora,
3449 3770 3621 3848 c:‘l2.

2248 3841 2291 3913 [λ’
2320 3847 2400 3902 De
2430 3848 2726 3909 Consecr.,
2758 3842 2897 3897 dist.
2933 3841 2987 3913 4,
3013 3841 3358 3913 Itoc_vestra’,
3392 3857 3441 3895 c.
3464 3842 3563 3913 410.

2248 3850 2285 3913 l;
2320 3850 2400 3902 De
2430 3850 2726 3909 Consecr.,
2758 3850 2897 3897 dist.
2933 3850 3119 3907 11,1!oc
3148 3850 3358 3909 vestra’,
3392 3857 3441 3895 c.
3478 3850 3563 3895 1υ.

2224 3850 2321 3991 im)
2343 3913 2689 3991 Quesnellus
2710 3914 2767 3968 in
2792 3910 3145 3991 marginead
3165 3911 3308 3967 diem
3333 3928 3434 3991 ξιιι
3455 3911 3799 3991 kal._Qctobr.

2152 3982 2471 4046 ex‘duobus
2493 3986 2661 4057 codd,
2679 4001 2825 4057 quos
2848 3982 2974 4038 esse
3000 3982 3801 4057 'l‘buan.qae_'lfrecopithman.

2153 4060 2377 4117 collect.
2410 4062 2446 4115 5
2475 4054 2806 4129 colligimus
2845 4071 2927 4129 ex,
2957 4058 3154 4129 nostro
3183 4054 3803 4129 Vindebonfejusdem

2153 4130 2532 4211 collectionis,
2558 4125 2657 4211 qui
2688 4127 2850 4211 solus
2882 4125 3153 4211 similiter
3183 4128 3430 4211 praefert.
3454 4125 3804 4211 Sequentem

2152 4222 2284 4259 vero
2316 4209 2537 4257 textum
2567 4196 2880 4254 immutare
2908 4196 3205 4251 noluimus
3234 4197 3307 4251 ob
3330 4196 3590 4264 Dionysii
3612 4203 3807 4256 aucte-

2155 4277 2409 4337 ritatem,
2434 4289 2612 4344 quam
2663 4286 2866 4344 omnes
2909 4267 3409 4344 codd:_Hadrian.,
3441 4267 3630 4344 Hisp._,
3663 4269 3802 4325 Isid.

2148 4336 2522 4415 aliarumque
2562 4341 2946 4415 posteriorum
2992 4336 3396 4415 collectionum
3430 4336 3612 4415 secuti
3643 4345 3802 4395 sunt.

2154 4407 2444 4473 Craterum.
2467 4407 2585 4470 tres
2606 4410 3036 4484 antiquissimae
3048 4407 3419 4484 collectiones
3440 4408 3804 4484 additamen-

399 4478 509 4558 bbs
530 4478 849 4559 educinunt
871 4478 1118 4574 uiraque
1141 4478 1283 4558 mss.
1310 4501 1495 4573 Hisp..
1520 4504 1674 4565 Vat.,
1703 4502 1837 4574 Isid.
1858 4478 2047 4557 aliine
2078 4498 2124 4563 D
2156 4494 2280 4574 Elim
2315 4484 2692 4574 habentgﬁeé
2715 4478 3803 4574 RCQQEF‘:Eiqgmﬁf‘hlfﬂfljffqulff-

398 4575 560 4630 codd.
589 4574 902 4630 Cresconii.
929 4573 1210 4629 Merlinus
1244 4590 1379 4629 cum
1412 4577 1671 4627 ms.Vat.
1697 4573 1921 4629 collect.
1954 4574 2043 4639 24,

398 4649 531 4701 sicut
554 4646 729 4702 voluit
750 4645 1091 4701 circumcidi.
1118 4644 1296 4701 Paulo
1319 4649 1448 4716 post
1468 4643 1900 4716 quidamtcodd.
1916 4660 2050 4699 cum

399 4716 830 4788 antiquioribus
860 4716 1054 4788 editis,
1085 4716 1177 4771 sed
1208 4716 1528 4788 adimplere.

465 4785 715 4870 (gf-Mss.
745 4792 900 4870 Vat.,
932 4787 1093 4870 Illis-p.
1118 4785 1450 4870 ac‘Isid.,__et
1466 4785 1675 4869 Veron.
1700 4786 1890 4870 Cresc.
1916 4802 2050 4870 cum

398 4858 694 4985 Jgstiellgﬁs
707 4863 758 4915 et
807 4861 965 4915 sicut.
998 4858 1325 4914 Vindebon.
1359 4858 1543 4931 Hisp.,
1585 4859 1728 4913 sicut
1768 4858 2051 4930 Apostolus

401 4949 433 4985 α
546 4947 597 4985 ιε
701 4973 713 4984 .

401 4933 475 4986 ait
506 4933 713 4986 dicens.

466 5001 545 5073 (h)
579 5001 730 5058 Editi
761 5004 895 5056 ante
926 5002 1166 5073 Quesn.,
1197 5001 1276 5055 sic
1303 5000 1534 5073 diversa.
1560 4999 1690 5073 Mox
1721 5001 2043 5073 praefat-mm

399 5069 536 5127 runt
577 5071 1165 5146 (quod_Quesnellus
1224 5071 1559 5146 retinuisset
1615 5069 1882 5135 libenter,
1937 5069 2050 5146 nisi

401 5140 745 5199 auctoritate
774 5141 1054 5213 Dionysii,
1103 5143 1289 5197 Cresc.
1332 5147 1388 5196 et
1432 5143 1690 5213 quinque
1743 5159 1883 5195 mss.
1919 5140 2051 5193 sub-

398 5215 653 5270 stituend
664 5231 763 5270 um
795 5220 1059 5286 putasset
1090 5214 1589 5286 re/ormurunt,_uti
1613 5216 1842 5286 monuit
1860 5215 1981 5286 not.
1998 5214 2049 5282 4)

398 5303 505 5357 nos
534 5283 907 5357 restituimus
937 5301 1004 5340 ex
1024 5283 1533 5357 praestantissimis
1560 5283 1881 5357 co_dd._AVat.
1908 5283 2046 5357 Reg.

398 5355 624 5413 collect.
650 5360 702 5425 1,
728 5356 839 5412 alio
861 5359 989 5411 Vat.
1014 5352 1236 5412 collect.
1259 5357 1293 5411 3
1314 5355 1560 5427 aliisque
1581 5354 1849 5427 pluribus
1871 5352 2050 5427 trium

399 5428 649 5484 aliarum
710 5427 1121 5483 collectionum
1182 5428 1269 5491 11,
1300 5428 1365 5481 21
1408 5426 1482 5481 et
1505 5426 1595 5491 24,
1629 5427 1843 5497 quibus
1903 5426 2053 5480 favet

399 5499 574 5555 etiam
608 5498 932 5554 Vindebon.
960 5498 1180 5554 collect.
1204 5500 1258 5564 5,
1284 5497 1340 5552 ἱη
1375 5514 1489 5568 quo
1518 5497 1706 5569 prima
1727 5514 1904 5551 manu
1928 5500 2054 5569 erat

400 5570 1078 5642 quidemreformamnt;
1118 5569 1218 5625 sed
1270 5569 1355 5642 ab,
1389 5565 1632 5642 antiquo
1659 5565 2049 5642 __amanuen_si,

402 5639 501 5715 qui
533 5639 795 5715 codicem
828 5658 963 5715 cum
1009 5639 1121 5697 alio
1149 5639 1449 5715 vetustieri
1481 5639 1755 5715 contulit,
1780 5639 2051 5715 emenda-

402 5710 531 5771 tum
564 5712 677 5768 fuit
708 5714 1204 5785 per/armaverunt.
1239 5711 1375 5767 Post
1406 5726 1593 5782 pauca
1620 5710 1859 5782 quidam
1891 5710 2054 5766 codi-

402 5802 501 5840 ces
532 5792 749 5840 Deccata
776 5784 990 5840 mundi.

402 5802 501 5843 ces
532 5792 749 5843 peccata
776 5786 990 5841 mundi.

477 5851 546 5932 (ἱ)
573 5855 705 5938 Duo
733 5851 962 5919 codices
1001 5855 1161 5920 Vatt.
1193 5852 1415 5918 collect.
1440 5856 1532 5929 21,
1563 5853 1890 5918 doctrinam.
1912 5854 2061 5932 Vide

2156 4560 2281 4616 Duo
2312 4550 2603 4623 Quesnelli
2636 4555 2802 4610 codd.
2832 4551 3061 4623 'l‘buan.
3105 4554 3162 4606 et
3202 4550 3664 4621 Trecopithman'.
3689 4553 3806 4610 col-

2160 4631 2289 4687 lect.
2313 4622 2349 4685 5
2380 4633 2511 4700 post
2534 4643 2701 4682 voces
2731 4622 3207 4700 indissimulanter
3243 4632 3533 4700 occurrunt
3561 4624 3804 4695 addunt,

2160 4695 2469 4768 Quesnello
2517 4704 2684 4763 teste,
2715 4706 2766 4752 et
2794 4695 2907 4768 haec
2934 4710 2969 4747 α
2996 4695 3144 4768 vobis
3173 4695 3499 4768 consuetudo
3542 4702 3804 4753 servetur.

2160 4763 2365 4829 Noster
2398 4770 2720 4825 Vindebon.
2744 4766 3007 4841 ejusdem
3039 4763 3397 4821 collectionis
3431 4784 3445 4822 :
3479 4771 3667 4826 Romae
3687 4773 3806 4841 fra-

2161 4848 2312 4899 terno
2340 4843 2589 4905 concilia,
2613 4848 2663 4895 et
2691 4837 3165 4911 indissimulanter
3190 4841 3499 4911 occurrant,
3523 4843 3575 4893 et
3600 4837 3700 4911 per
3718 4838 3808 4895 60s

2158 4917 2276 4973 haec
2302 4912 2628 4970 consuetudo
2650 4918 2919 4982 servetur.
2955 4909 3111 4982 Idem
3152 4907 3482 4982 habetsed.
3509 4907 3638 4982 Yat.
3663 4910 3804 4982 Reg.

2159 4986 2379 5042 collect.
2417 4984 2466 5051 1,
2492 4988 2549 5038 et
2577 4981 2770 5037 solum
2803 4998 2906 5052 per
2934 4979 3309 5035 oscitantiam
3334 4979 3552 5052 librarii
3575 4979 3805 5052 omissis

2160 5058 2395 5113 fuerunt
2424 5050 2592 5109 voces
2620 5050 2907 5107 occurrunt
2937 5059 2987 5122 et
3010 5068 3126 5122 per.
3164 5054 3293 5106 Vat.
3327 5050 3548 5105 collect.
3573 5054 3608 5103 2
3632 5051 3805 5122 paulo

2160 5127 2525 5183 dissimiliter
2549 5141 2562 5179 :
2586 5123 2655 5177 ad
2675 5123 2820 5178 diem
2853 5141 2913 5178 ιιι
2944 5121 3053 5177 Ital.
3081 5123 3288 5177 Octobr.
3314 5123 3497 5176 Romae
3518 5121 3807 5178 occurrant

2157 5204 2399 5270 fraterno
2428 5196 2678 5264 concilio,
2710 5204 2760 5251 et
2800 5195 3279 5270 indissimulanter
3305 5210 3339 5246 a
3368 5192 3513 5270 vehis
3543 5191 3655 5247 haec
3678 5209 3807 5250 con-

2158 5262 2383 5327 suetudo
2409 5262 2672 5340 servetur.
2706 5265 2939 5340 Vulgati
2987 5281 3222 5340 quoque
3266 5271 3396 5318 ante
3433 5262 3646 5340 Quesn.
3668 5281 3805 5340 cum
3866 5313 3871 5318 .

2160 5359 2304 5398 mss.
2340 5338 2563 5397 collect.
2618 5340 2707 5394 24.
2736 5333 2960 5394 Romam
3000 5333 3248 5406 fraterno
3290 5333 3520 5406 concilio
3567 5337 3810 5393 sociandi

2158 5416 2468 5481 occurrant,
2502 5419 2555 5484 et
2580 5402 3117 5484 indissimulanter‘a
3142 5405 3287 5484 uobis
3482 5407 3808 5484 consuetudo

2158 5494 2425 5541 servetur.
2456 5474 2644 5539 Editio
2675 5480 2921 5537 Nicelini
2957 5480 3015 5533 in
3061 5480 3240 5541 textu,
3273 5479 3331 5529 et
3360 5474 3484 5529 alia;
3514 5479 3807 5536 nonnullae

2162 5559 2232 5614 ad
2261 5555 2605 5628 marginem,
2639 5553 2935 5628 nescimus
2983 5562 3051 5628 ea
3080 5562 3195 5628 quo
3236 5546 3458 5628 codice,
3492 5549 3808 5608 indissimu-

2163 5630 2342 5685 lanter
2388 5618 2717 5683 concurrant
2744 5643 2762 5678 :
2789 5621 2928 5694 quod
2957 5618 3142 5690 utique
3172 5618 3507 5694 laboriosum
3553 5638 3663 5677 non
3708 5632 3806 5694 est,

2162 5703 2213 5757 si
2243 5701 2481 5755 vicissim
2518 5699 2660 5752 inter
2708 5690 2811 5751 vos
2842 5695 2960 5751 haec
3005 5690 3331 5748 consuetudo
3376 5697 3633 5749 serietur.
3665 5690 3803 5751 Cod;

2171 5769 2408 5830 Vercell.
2441 5772 2497 5823 et
2526 5765 2832 5839 Justellus,
2863 5764 3106 5831 lectione
3154 5762 3508 5838 Dionysiaca
3556 5770 3804 5838 recepta,

2164 5844 2383 5905 habent
2409 5847 2754 5901 concurrant.
