4062 6172
531 403 653 468 723
1661 407 1725 470 8.
1771 406 2052 472 LEONIS
2095 404 2343 472 MAGNI
2387 406 2815 473 EPISTOLE.
3759 405 3854 475 72't

1886 586 2233 644 EPISTULA
2273 586 2350 659 (a)
2387 585 2553 643 xxu.

1176 718 1435 759 FLAVIANI
1474 719 1725 759 EPISCOPI
1764 717 2415 760 CONSTANTINOPOLITANI
2456 719 2639 758 PRIMA
2676 719 2746 757 AD
2788 718 3021 757 LEONUM
3060 716 3272 757 ΡΑΡΑΜ.

534 839 835 901 SYNOPSIS.
868 875 937 885 —
966 845 1006 900 Ι.
1035 846 1109 901 De
1134 845 1350 918 Diabolt
1379 846 1621 914 insidiis,
1654 863 1787 916 quas
1843 849 1979 902 vitat
2006 849 2101 918 qui
2148 846 2407 918 doctrina
2439 844 2534 900 SS.
2566 848 2802 918 Patrum
2828 843 3087 918 adhaeret.
3122 843 3283 918 -_-_-_II.
3316 848 3386 918 pe
3412 842 3749 918 haereticorum
3770 865 3864 905 ver-

597 920 764 981 sutia,
797 933 905 988 qua
930 918 1175 972 incautos
1202 917 1500 991 decipiunt.
1534 950 1607 991 -γ
1634 914 1730 972 ItI.
1766 914 2041 990 Eutychen
2070 933 2333 991 renovare
2359 916 2611 991 (tognutta
2648 916 2919 991 Valentini
2945 919 2995 971 et
3024 914 3474 991 Apollinaris._+
3495 916 3579 971 IV.
3609 918 3674 973 De
3696 918 3865 991 deposi-

606 991 755 1045 tione
782 986 833 1044 et
862 986 1422 1044 excommunicatione
1450 989 1567 1060 ejus
1579 986 1911 1061 justissima,
1942 1007 2107 1064 quam
2133 988 2564 1045 Occidentalibus
2594 991 2779 1043 notam
2800 1003 2835 1042 a
2863 987 3037 1042 Leone
3066 986 3192 1056 ﬁeri
3216 986 3474 1058 postulat.

540 1141 689 1197 752
705 1139 1173 1221 (ὺὶεαηρῐὶεείωρ
1186 1144 1242 1196 et
1254 1140 1369 1196 Deo
1382 1141 1788 1221 amantissimo
1805 1141 1955 1221 patri
1976 1146 2033 1221 et
2046 1158 2175 1197 con-

2514 1160 2596 1221 Τῷ
2625 1157 2885 1221 δσιωτάτῳ
2914 1156 2997 1208 ait!
3023 1156 3379 1221 θεοφιλεστιὲτφ
3410 1153 3551 1221 πατρὶ
3586 1154 3661 1204 καὶ
3692 1156 3844 1207 συλλειρ

587 1210 872 1267 sacerdoti
903 1211 1081 1267 Luem
1123 1212 1448 1268 FLAVIANUS
1488 1212 1547 1267 in
1580 1210 1825 1268 Domino
1858 1212 2127 1269 salutem.

605 1353 797 1409 CAPJ.
815 1384 881 1394 —
907 1352 1063 1409 Nihil
1083 1357 1171 1409 est
1192 1353 1344 1426 quod
1371 1358 1525 1410 stare
1547 1353 1719 1409 faciat
1744 1353 1958 1410 diaboli
1986 1354 2187 1427 nequi-

531 1441 697 1510 tiam,
717 1442 1133 1499 incontentibile
1158 1443 1389 1511 malum,
1418 1445 1645 1515 plenum
1674 1460 1876 1501 veneno
1906 1446 2185 1517 nwrtifero

535 1532 668 1604 (Jac.
702 1547 782 1600 ιιι,
813 1532 870 1601 8)
889 1548 910 1594 ;
942 1548 1181 1588 sursum
1203 1537 1373 1605 atque
1406 1533 1680 1588 deorsum
1713 1535 1909 1589 circuit
1937 1550 2186 1604 querens

535 1636 710 1693 quem
732 1620 1038 1694 percutiat,
1073 1622 1141 1692 (ε)
1171 1637 1318 1693 quos
1366 1622 1693 1688 conturbet,
1721 1638 1847 1693 quos
1905 1622 2124 1679 devoret
2145 1625 2192 1693 (I

532 1715 684 1767 Petr.
719 1728 776 1781 ν,
804 1711 881 1783 8).
915 1711 1078 1767 Unde
1100 1715 1156 1766 et
1201 1710 1443 1784 vigilare
1475 1715 1532 1766 et
1581 1711 1760 1768 sobrii
1792 1729 1919 1769 esse
1951 1713 2024 1769 ad
2056 1730 2186 1769 ora-

533 1800 743 1869 tiones,
777 1804 835 1856 et
861 1800 1255 1874 propinquare
1312 1801 1450 1867 Deo,
1482 1805 1540 1856 et
1582 1802 1772 1858 fatuas
1831 1803 2186 1875 qumstiones

536 1905 830 1962 respuere,
844 1893 902 1945 et
916 1892 1111 1963 patres
1125 1890 1313 1962 sequi,
1338 1894 1397 1946 et
1419 1907 1534 1946 non
1560 1892 1881 1964 transgredi
1905 1892 2188 1949 terminos

534 1980 781 2034 aeternos
792 1978 869 2050 (ἀ)
887 1994 955 2035 ex
969 1979 1271 2051 Scriptura
1296 1984 1499 2036 sancta
1524 1979 1860 2037 didicimus.
1879 1981 2188 2053 Deponens

532 2066 734 2139 itaque
762 2070 1052 2124 tumorem
1071 2068 1287 2134 luctus,
1304 2068 1699 2141 lacrymarum
1723 2068 2185 2137 multitudinem,

531 2155 813 2228 quoniam
824 2173 967 2212 unus
985 2174 1187 2214 eorum
1212 2157 1309 2230 qui
1339 2158 1449 2213 sub
1471 2174 1563 2215 me
1584 2158 1884 2214 constituti
1908 2161 2065 2226 sunt,
2080 2157 2189 2215 cle-

534 2244 694 2302 ricus
725 2250 932 2319 captus
964 2250 1073 2317 est,
1108 2264 1213 2303 nec
1245 2264 1379 2304 eum
1412 2247 1635 2304 salvere
1664 2247 1957 2320 praavalui,
1998 2266 2187 2321 neque

532 2334 673 2409 lupo
689 2335 1025 2409 praeripere;
1051 2336 1185 2392 licet
1202 2337 1457 2393 animam
1482 2354 1669 2393 meam
1687 2342 1926 2411 paratus
1942 2338 2185 2395 fuissem

536 2441 750 2500 ponere
772 2443 876 2499 pro
892 2442 978 2483 eo.
1004 2426 1074 2482 Ut
1091 2430 1294 2499 raptus
1311 2430 1417 2492 est,
1433 2431 1499 2483 ut
1513 2427 1783 2498 exsilivit,
1802 2428 1934 2484 odio
1958 2428 2182 2486 habens

534 2515 799 2572 vocantis
834 2519 1131 2585 vocem,et
1156 2516 1227 2587 (ε)
1246 2516 1317 2572 ad
1341 2516 1725 2589 perditionem
1760 2519 2012 2575 maxime
2043 2535 2177 2575 cur-
2212 2514 2261 2581 B

537 2622 694 2674 rens,
718 2608 777 2661 et
804 2605 1121 2662 memorias
1179 2621 1413 2677 quoque
1461 2610 1733 2678 paternas
1773 2607 2094 2677 declinans,
2128 2614 2185 2665 et

536 2711 741 2751 eorum
756 2693 966 2750 itinera
987 2710 1230 2766 prorsus
1252 2694 1594 2763 abhorrens,
1613 2711 1786 2767 pergo
1811 2696 1869 2751 in
1883 2696 2041 2753 hunc
2060 2715 2180 2753 ser-

538 2798 794 2838 monem.

604 2874 737 2925 CAP.
762 2868 832 2925 II.
856 2901 924 2910 ——
942 2869 1091 2926 Sunt
1110 2869 1350 2942 quidam
1365 2870 1433 2941 (Γ)
1457 2872 1516 2925 in
1530 2871 1762 2927 vestibus
1797 2874 1999 2940 ovium,
2031 2875 2182 2930 intus

532 2967 716 3016 autem
748 2958 870 3030 lupi
906 2974 1133 3030 rapaces
1172 2958 1379 3029 (Matth.
1411 2976 1512 3025 vn,
1548 2960 1645 3027 15;
1681 2976 1828 3031 quos
1878 2977 1946 3016 ex
1978 2962 2179 3018 fructi-

532 3049 644 3105 bus
667 3045 1064 3120 agnoscimus.
1086 3047 1185 3103 Isti
1217 3047 1408 3119 primo
1435 3047 1672 3119 quidem
1690 3047 1964 3105 videntur
1992 3067 2061 3107 ex
2083 3069 2183 3108 no-

531 3136 623 3193 bis
636 3136 713 3211 (g)
737 3151 888 3208 esse,
906 3136 1008 3192 sed
1032 3152 1147 3191 non
1170 3139 1394 3192 suntex
1411 3136 1581 3193 nobis
1607 3140 1843 3194 :sienim
1856 3141 2090 3210 fuissent
2111 3159 2181 3198 ea:

533 3227 712 3295 nobis,
734 3226 1063 3283 mansissent
1093 3225 1282 3297 utique
1302 3226 1640 3297 nobiscumU
1669 3228 1825 3283 Joan.
1860 3245 1923 3299 ιι,
1963 3230 2062 3300 19).
2102 3230 2179 3301 (Ιι)

535 3317 778 3385 Quando
798 3332 933 3372 vero
966 3331 1135 3372 suam
1152 3314 1514 3370 evomuerint
1541 3314 1921 3388 impietatem,
1951 3316 2174 3386 dolum,

536 3407 637 3480 qui
658 3407 717 3462 in
733 3405 818 3462 eis
838 3408 947 3473 est,
967 3406 1340 3476 erumpentes
1362 3420 1374 3457 :
1404 3406 1441 3459 7
1456 3404 1556 3460 54
1579 3408 1635 3460 et
1675 3405 2177 3476 apprehendentes

534 3499 601 3567 (ε’)
632 3494 986 3551 inﬁrmiores
1011 3497 1070 3548 et
1099 3509 1197 3548 eos
1228 3492 1327 3565 qui
1359 3493 1431 3549 ad
1458 3492 1688 3565 eloquia
1718 3493 1912 3551 divina
1967 3513 2177 3552 sensus

531 3582 938 3641 inexercitatos
949 3582 1392 3652 habent,secum
1410 3598 1509 3637 eos
1521 3583 1583 3653 (ί)
1596 3583 1949 3639 contrahunt
1961 3585 2031 3640 ad
2049 3602 2178 3657 per-

531 3673 810 3730 ditionem
835 3674 906 3745 (11
925 3678 1072 3729 Petr.
1088 3688 1175 3741 ιιι,
1194 3672 1305 3742 16),
1331 3672 1733 3728 subvertentes
1755 3677 1810 3729 et
1830 3673 2176 3745 injurinntes

528 3766 807 3837 paternas
836 3761 1157 3826 doctrinas,
1192 3760 1345 3815 sicut
1374 3764 1431 3816 et
1461 3766 1695 3816 sanctas
1739 3762 2071 3835 Scripturas
2103 3765 2175 3820 ad

528 3852 915 3926 perditionem
936 3865 1132 3906 suam:
1153 3866 1301 3921 quos
1324 3852 1549 3922 oportet
1565 3851 1932 3921 prwscientcs
1946 3869 2164 3921 cavere,
2202 3883 2245 3951 ρ

525 3958 598 3998 ne
628 3940 855 3997 malitia
906 3954 1106 3995 eorum
1165 3937 1404 4009 quidam
1437 3937 1658 3993 seducti
1692 3937 2112 3996 abscindantur
2142 3959 2174 3996 a

526 4029 763 4103 prepria
780 4027 1072 4083 firmitate.
1102 4028 1449 4082 Emacuerunt
1475 4028 1625 4082 enim
1646 4028 1862 4098 linguas
1888 4044 2014 4083 suas
2033 4032 2174 4099 sicut

523 4126 791 4192 serpentes
812 4134 832 4179 ;
858 4132 1128 4173 venenum
1157 4115 1411 4187 aspidem
1440 4116 1540 4170 sub
1573 4116 1736 4171 labiis
1765 4133 1988 4187 eorum;
2023 4120 2174 4175 sicut

525 4210 597 4266 de
628 4207 720 4264 his
750 4206 1020 4263 clamavit
1044 4204 1326 4278 propheta
1348 4206 1460 4275 (Ps.
1497 4222 1717 4273 cxxxxx,
1751 4208 1828 4277 4).

595 4295 907 4352 ΟΑΡ.ΙΙΙ.-
924 4293 1083 4351 Talis
1096 4293 1277 4367 igitur
1290 4292 1459 4349 nobis
1476 4294 1713 4366 quidam
1731 4312 1885 4351 nunc
1902 4298 2173 4370 apparuit

525 4384 812 4458 Eutychos
841 4384 1067 4440 dudum
1102 4382 1404 4456 presbyter
1432 4387 1489 4438 et
1517 4382 1993 4451 archimandrita,
2022 4391 2170 4441 tam-

526 4491 704 4546 quam
719 4490 787 4529 ea
802 4490 930 4546 qua:
944 4476 1143 4528 nostra
1165 4475 1303 4527 sunt
1320 4472 1576 4544 sapiens,
1596 4476 1653 4526 ct
1674 4477 1887 4528 rectam
1913 4474 2085 4529 {idem
2111 4475 2168 4530 in

527 4580 590 4619 se
633 4562 859 4618 habens
883 4561 1163 4629 ;Ncstorii
1195 4560 1432 4633 quidem
1464 4561 1753 4634 impietati
1785 4561 2080 4632 resistens,
2115 4570 2171 4620 et

526 4666 786 4723 pugnam
819 4650 1099 4706 adversus
1128 4666 1262 4706 eum
1282 4649 1603 4717 simulans;
1629 4654 2014 4707 trecentorum
2040 4670 2170 4708 vero

526 4739 725 4795 decem
748 4742 804 4794 et
824 4742 953 4794 octo
975 4747 1309 4795 sanclorum
1330 4740 1567 4795 Patrum
1611 4739 1680 4795 de
1704 4741 1815 4795 ﬁde
1847 4742 2170 4798 confectam

525 4826 967 4899 expositionem,
992 4831 1051 4883 et
1071 4832 1281 4883 sancta:
1314 4828 1834 4903 memoriteCyrilly
1862 4831 1933 4885 ad
1968 4831 2169 4889 Nestc.

525 4916 680 4973 rium
710 4914 989 4988 scriptam
1023 4915 1353 4989 epistolam,
1387 4921 1443 4972 et
1494 4918 1752 4988 ejusdem
1794 4919 2064 4976 similiter
2097 4923 2168 4977 ad

594 5095 671 5167 (a)
694 5092 782 5149 Al.
808 5098 943 5166 post
990 5092 1161 5166 epsit.
1185 5094 1273 5150 23.
1309 5094 1442 5158 Quae
1475 5098 1669 5152 autem
1702 5101 1871 5153 antea
1901 5104 2028 5155 erat
2077 5103 2167 5167 22,

524 5183 681 5226 nunc
708 5168 799 5221 27.
828 5170 949 5220 Scr.
982 5170 1228 5221 exeunte
1257 5182 1348 5221 an.
1386 5168 1509 5232 448,
1542 5167 1651 5222 vel.
1688 5168 1815 5224 init.
1845 5171 1966 5225 4’69.

2486 1236 2681 1301 τουργῶ
2709 1237 2903 1293 Λέοντι,
2928 1234 3206 1290 Φλαυιανὸς
3235 1233 3283 1282 ἐν
3308 1232 3498 1297 Κυρίῳ,
3519 1231 3707 1297 χαίρειν.

2386 1355 2542 1406 Οὐδὲν
2566 1358 2762 1415 ἵστησιν
2794 1352 2891 1420 ἄρα
2919 1356 3006 1415 τήν
3031 1353 3120 1404 τοῦ
3154 1353 3381 1405 διαϐόλου
3413 1354 3653 1420 πονηρίαν,
3682 1353 3731 1404 τὸ
3753 1352 3847 1405 iw

2322 1445 2561 1511 τάσχετον
2602 1445 2778 1505 κακὸν,
2823 1445 2880 1494 τὸ
2915 1444 3092 1510 πλῆρες
3126 1442 3208 1494 ἰοῦ
3250 1442 3610 1511 θανατηφόρου·
3650 1441 3740 1495 ἄνω
3772 1444 3845 1509 γὰρ

2322 1535 2405 1585 καὶ
2446 1535 2583 1586 κάτω
2623 1535 2930 1600 περινοστεῖ,
2973 1535 3130 1595 ζητῶν
3165 1534 3273 1584 τίνα
3308 1534 3485 1598 πλήξῃ,
3523 1533 3620 1583 τίνα
3648 1532 3848 1599 mpii-9,

2324 1623 2430 1674 τίνα
2463 1624 2678 1687 καταπίῃ
2712 1623 2799 1674 Διὸ
2838 1623 2921 1674 καὶ
2957 1623 3241 1689 γρηγορεῖν,
3274 1622 3358 1671 καὶ
3394 1621 3558 1686 νήφειν
3595 1622 3655 1677 εἷς
3675 1638 3848 1687 προσευ-

2322 1714 2445 1780 χὰς,
2501 1714 2684 1779 καὶτῷ
2737 1714 2851 1778 Θεῷ
2909 1712 3135 1777 ἐγγίζειν,
3183 1713 3269 1762 καὶ
3326 1711 3414 1768 τὰς
3470 1710 3629 1778 μωρὰς
3668 1711 3851 1771 ζητήσεις

2323 1805 2682 1870 παραιτεῖσθαι,
2723 1804 2807 1854 καὶ
2844 1803 2946 1860 τοῖς
2969 1801 3210 1869 πατράσιν
3244 1801 3548 1862 ἀκολουθεῖν,
3584 1800 3660 1849 καὶ
3692 1800 3749 1863 μὴ
3783 1817 3851 1864 με·

2324 1893 2568 1945 τατιθέναι
2593 1894 2707 1958 ὅρια
2724 1892 2917 1953 αἰώνια,
2942 1892 3040 1942 ὑπὸ
3059 1892 3157 1941 τῶν
3181 1890 3325 1941 θείων
3353 1891 3547 1956 γραφῶν
3566 1889 3848 1953 asumma.

2340 1982 2656 2046 Ἆποθέμενος
2704 1975 2791 2033 οὗν
2831 1985 2921 2032 τοῦ
2960 1982 3167 2037 πένθους
3204 1980 3294 2030 τὸν
3338 1980 3509 2045 ὄγκον,
3541 1978 3632 2028 τῶν
3665 1977 3850 2045 δακρύων

2325 2069 2383 2119 τὸ
2418 2071 2634 2130 πλῆθος,
2662 2071 2739 2121 ότι
2769 2089 2824 2134 γε
2873 2070 2972 2120 τῶν
3008 2068 3088 2119 ὕπ’
3121 2067 3211 2132 ἐμὲ
3265 2067 3532 2119 τελούντων
3569 2065 3770 2133 κληρικὸς
3799 2060 3851 2122 είς

2326 2160 2625 2225 θηριάλωτος
2665 2160 2856 2225 γέγονε,
2893 2158 2977 2208 καὶ
3014 2159 3106 2209 οὐκ
3142 2158 3389 2218 ἠδυνήθην
3432 2157 3574 2208 αὐτόν
3607 2156 3849 2223 περισῶσαι,

2328 2247 2442 2299 οὐδὲ
2481 2248 2700 2315 ἁρπάσαι
2737 2247 2826 2300 τοῦ
2853 2248 3029 2307 λύκου,
3067 2247 3231 2298 καίτοι
3262 2249 3350 2307 τὴν
3380 2247 3536 2313 ψυχήν
3568 2256 3655 2311 μου
3686 2245 3853 2309 ἑτοίμως

2325 2338 2450 2405 ἔχων
2488 2340 2638 2389 θεῖναι
2671 2338 2793 2405 ὑπὲρ
2818 2334 2999 2388 αὐτοῦ·
3039 2337 3144 2393 πῶς
3173 2335 3399 2402 ἡρπάγη,
3431 2336 3533 2392 πῶς
3557 2335 3768 2396 ἀπεκήδα,
3794 2352 3853 2396 μι-

2325 2427 2427 2477 σῶν
2468 2428 2555 2487 τήν
2593 2425 2681 2478 τοῦ
2708 2429 2976 2482 καλοῦντος
3009 2426 3198 2489 φωνὴν,
3237 2425 3324 2475 καὶ
3360 2424 3482 2492 πρὸς
3516 2423 3594 2474 τὸν
3626 2421 3853 2474 ἀπολλύντα

2326 2517 2536 2580 μάλιστα
2566 2517 2771 2584 τρέχων,
2808 2516 2936 2581 τάχα
2960 2533 3056 2565 που
3092 2515 3174 2564 καὶ
3200 2516 3269 2565 τὰ
3299 2515 3529 2579 μνήματα
3559 2514 3646 2563 τῶν
3669 2511 3852 2578 πατέρων

2326 2606 2575 2665 ἐκκλίνων,
2592 2606 2676 2656 καὶ
2700 2607 2786 2662 τὰς
2809 2607 3007 2672 τρίϐους
3027 2604 3194 2654 αὐτῶν
3230 2602 3617 2671 μυσαττόμενος,
3637 2602 3853 2667 βαδιοῦμαι

2325 2695 2397 2759 τῷ
2422 2694 2570 2759 λόγῳ.

2388 2874 2500 2925 Εἰσί
2532 2870 2660 2932 τινες
2694 2875 2745 2925 ἐν
2773 2872 3009 2938 ἐνδύμασι
3043 2872 3333 2939 προϐάτων,
3361 2874 3540 2924 ἔσωθεν
3564 2872 3614 2922 δέ
3637 2872 3718 2922 εισι
3741 2869 3853 2920 λύκοι

2323 2962 2563 3029 ἅρπαγες·
2604 2958 2690 3020 οὓς
2725 2962 2823 3013 ἀπὸ
2857 2962 2956 3011 τῶν
2986 2962 3189 3027 καρπῶν
3227 2959 3632 3026 ἐπιγῖνώσκομεν.
3655 2949 3785 3010 οὗτοι
3807 2959 3854 3008 τὰ

2324 3049 2343 3085 ¹
2373 3052 2601 3118 πρόϐατα
2635 3049 2842 3102 δοκοῦσι
2874 3050 2963 3114 μὲν
3012 3043 3136 3100 εἶναι
3175 3051 3223 3106 ἐξ
3256 3052 3419 3118 ήμῶν,
3447 3050 3545 3101 ἀλλ’
3580 3051 3665 3101 οὐκ
3687 3047 3787 3098 εἰσιν
3817 3047 3854 3101 ἐξ

2322 3142 2493 3204 ήμῶν·
2525 3143 2566 3193 εἰ
2592 3142 2686 3206 γὰρ
2707 3133 2833 3200 ἦσαν
2867 3140 2914 3195 ἐξ
2946 3140 3105 3203 ἡμῶν,
3139 3141 3487 3204 μεμενήκεσαν
3522 3135 3576 3191 ἂν
3604 3136 3699 3202 μεθ’
3720 3137 3849 3200 ἡμῶν.

2326 3228 2489 3278 θοταν
2524 3225 2577 3276 δὲ
2804 3229 2893 3288 τήν
2925 3229 3113 3279 ἑαυτῶν
3151 3229 3447 3293 ἀπεμέσωσι
3479 3227 3756 3289 δυσσέϐειαν,
3789 3224 3852 3273 τὸν

2322 3319 2373 3368 ἐν
2398 3319 2567 3377 αὐτοῖς
2613 3320 2975 3386 ἀπορρήξαντες
3013 3318 3186 3377 δόλον,
3234 3318 3577 3385 ἐπιλαϐόμενοι
3617 3317 3705 3367 τῶν
3746 3316 3854 3364 ἀσθε-

2320 3408 2585 3475 νεστέρων,
2619 3407 2700 3457 καὶ
2736 3408 2797 3458 τὰ
2830 3407 3124 3475 αῖσθητήρια
3147 3408 3278 3474 πρὸς
3306 3409 3369 3458 τὰ
3405 3409 3509 3458 θεῖα
3530 3407 3658 3470 λόγια
3681 3404 3853 3471 ἐχόντων

2321 3494 2639 3561 ἀγύμναστα,
2692 3495 2782 3547 σὺν
2826 3498 3020 3552 ἑαυτοῖς
3056 3498 3273 3546 ὠθοῦσιν
3313 3497 3494 3552 αὐτοὺς
3535 3498 3597 3552 εἰς
3631 3493 3853 3551 ἀπώλειαν,

2320 3584 2671 3651 στρεϐλοῦντες
2702 3585 2786 3635 καὶ
2819 3585 3135 3642 σκώπτοντες
3162 3586 3253 3642 τὰς
3289 3587 3388 3636 τῶν
3421 3586 3636 3652 πατέρων
3670 3582 3857 3633 διδασκα-

2317 3674 2441 3739 λίας,
2489 3677 2556 3731 ὡς
2586 3675 2670 3725 καὶ
2704 3675 2791 3730 τὰς
2823 3671 2846 3707 ²
2870 3676 3042 3731 λοιπὰς
3081 3676 3294 3740 γραφὰς,
3330 3675 3452 3742 πρὸς
3489 3675 3572 3733 τήν
3612 3671 3720 3722 ἰδίαν
3742 3668 3853 3719 ἀκώ-

2318 3764 2447 3816 λιιαν
2484 3764 2700 3815 ἑαυτῶν·
2741 3758 2827 3818 οὓς
2855 3765 2928 3813 δεῖ
2955 3764 3400 3831 προγινώσκοντας
3454 3762 3767 3827 φυλάττεσθαι,
3792 3759 3856 3807 ἵνα

2321 3853 2388 3917 μὴ
2439 3859 2498 3917 τῇ
2551 3852 2824 3918 πανουργίᾳ
2886 3853 3050 3902 αὐτῶν
3106 3854 3412 3918 ὑπαχθέντες
3463 3851 3608 3909 τινες,
3654 3848 3857 3898 ἐκτείσωσι

2319 3939 2410 3991 τοῦ
2441 3940 2565 3992 ἱδίου
2603 3939 2898 4008 στηριγμοῦ.
2932 3962 2955 3986 ει
3001 3942 3286 4000 ’Πκόνησαν
3333 3942 3429 4006 γὰρ
3465 3940 3678 4004 γλῶσσαν
3705 3934 3854 3990 αὕτῦν.

2319 4030 2440 4079 ὡσεὶ
2462 4030 2649 4093 ὄφεως·
2675 4028 2749 4086 ἰὸς
2772 4029 2993 4079 ἀσπίδων
3022 4029 3118 4079 ὑπὸ
3147 4030 3207 4079 τὰ
3237 4030 3378 4096 χείλη
3401 4030 3578 4087 αὐτῶν,
3608 4046 3631 4074 ιι
3658 4024 3754 4091 περὶ
3771 4020 3858 4074 τοῦ·

2318 4134 2417 4170 των
2439 4117 2772 4185 ἀνακὰρόιγεν
2794 4120 2822 4168 ό
2845 4119 3118 4184 προφήτης.

2382 4292 2624 4351 Τοιοῦτος
2670 4297 2786 4360 ἡμῖν
2824 4300 2969 4346 τανῦν
3014 4294 3356 4361 ἀναπέφανται
3406 4297 3627 4363 Εὐτιχὴς,
3673 4294 3698 4344 ὁ
3738 4289 3855 4340 πύλαι

2316 4382 2648 4450 πρεσϐύτερος
2712 4383 2796 4434 καὶ
2850 4384 3257 4450 ἀρχιμανδρίτης’
3313 4383 3369 4443 ὃς
3425 4385 3513 4450 μὶν
3570 4384 3627 4433 τὰ
3678 4380 3856 4443 ἡμέτερα

2316 4471 2456 4533 δῆθεν
2492 4472 2706 4539 φρονῶν,
2744 4472 2826 4524 καὶ
2857 4474 2944 4531 τήν
2985 4473 3134 4540 ὀρθήν
3171 4473 3337 4525 πίστιν
3375 4474 3425 4523 ἐν
3461 4472 3617 4535 ἐαυτῷ
3652 4468 3777 4533 ἔχων,
3808 4468 3853 4526 τῇ

2319 4560 2406 4625 μὲν
2457 4561 2735 4628 Νεστορίου
2794 4562 3055 4628 δυσσεϐεἶᾳ
3108 4564 3452 4623 ἀνθεστηκὼς,
3501 4561 3581 4611 καὶ
3633 4557 3708 4608 τὸν
3760 4552 3856 4618 πρὸς

2317 4647 2466 4700 αὐτὸν
2508 4650 2720 4714 πόλεμον
2757 4650 3194 4716 ὑποκοριζόμενος,
3232 4653 3323 4719 τὴν
3363 4654 3417 4702 δὲ
3454 4650 3550 4701 τῶν
3597 4640 3852 4711 τριακοσίων

2315 4741 2437 4792 δέκα
2463 4739 2547 4792 καὶ
2590 4740 2727 4792 ὀκτὼ
2764 4740 2916 4805 ἁγίων
2953 4740 3182 4808 πατέρων
3212 4740 3326 4806 περὶ
3369 4740 3459 4799 τῆς
3680 4730 3854 4782 ulmo»:

2315 4836 2580 4901 γενομένην
2626 4836 2834 4896 ἔκθεσιν,
2879 4834 2963 4884 καὶ
3001 4832 3092 4885 τοῦ
3130 4834 3219 4895 τῆς
3254 4834 3387 4891 θείας
3425 4833 3611 4897 μνήμης
3647 4820 3850 4891 Κυρολου

2313 4920 2437 4988 πρός
2469 4938 2524 4973 τε
2567 4919 2841 4989 Νεστὸριον
2889 4920 3157 4989 γραφεῖσαν
3204 4919 3465 4979 ἐπιστολήν
3517 4915 3597 4967 καὶ
3645 4911 3722 4971 τὴν
3754 4903 3852 4973 πρὸς

2279 5106 2478 5159 nostra
2507 5102 2873 5169 Quesnellus,
2903 5104 2959 5158 in
2991 5107 3343 5161 vestimentis.
3379 5104 3560 5161 Paulo
3589 5104 3709 5169 post
3739 5107 3871 5167 agno-

2276 5176 2477 5228 scimus
2507 5190 2573 5228 ex
2606 5178 2861 5244 quatuor
2891 5175 3082 5241 codd.,
3108 5193 3223 5231 uno
3254 5175 3541 5240 Vat.,alio
3562 5175 3871 5244 Venetomt‘c

594 5238 667 5322 tb)
682 5236 1658 5322 HancinscriptionemaQ‘uesnello
1672 5241 1950 5322 omissam
1969 5258 2035 5322 ex
2049 5260 2167 5297 om-
2202 5258 2243 5322 ι)
2281 5263 2392 5300 non
2428 5246 2593 5322 Cori).
2626 5236 2686 5299 et
2740 5236 3137 5322 Divino._Tres
3162 5246 3259 5303 alii
3291 5236 3499 5313 nostri,
3532 5240 3869 5313 cognoscimus,

522 5298 698 5367 nibus
729 5298 1090 5376 nostris,néc
1121 5326 1236 5365 non
1267 5326 1337 5365 ex
1369 5298 1744 5365 Baluziimss.
1769 5312 2162 5369 exhibuimus.

595 5382 665 5454 (ε)
683 5380 768 5456 It_a
783 5397 987 5456 omnes
1001 5382 1184 5456 nostri
1209 5381 1436 5437 codices
1458 5382 2045 5456 praeterctiigianum,
2064 5402 2097 5456 q
2110 5387 2163 5440 ui

522 5451 679 5524 cum:
717 5451 1198 5524 Baluzio__habet,
1229 5469 1360 5524 quos
1403 5451 1698 5520 conturbet,
1729 5451 1888 5524 quem
1930 5451 2162 5515 devoret.

520 5522 683 5594 Apud
701 5521 1118 5594 _Quesnellum,
1151 5521 1312 5593 quem
1341 5524 1537 5589 turbet,
1571 5521 1993 5594 quem—devoret.

593 5540 683 5577 tua
717 5540 1118 5589 uuesneuum,
1151 5540 1312 5593 quem
1341 5540 1537 5589 turbet,
1607 5540 1729 5578 nem
1760 5540 1993 5581 acueret.

593 5593 668 5661 (ιι)
692 5592 1172 5666 Praepositionem
1199 5612 1268 5650 ea:
1297 5612 1329 5650 a
1360 5540 1667 5659 Quesneﬁlo
1711 5598 2165 5666 praetermissam

520 5662 705 5717 nostri
739 5667 796 5716 et
825 5662 1042 5737 Baluzii
1072 5666 1300 5721 codices
1332 5662 1776 5737 suppeditaru‘n.
1833 5668 2037 5724 Postea
2068 5672 2166 5726 De-

538 5748 721 5787 mnens
752 5734 1125 5790 emendatum
1154 5753 1221 5790 ex
1237 5734 1585 5792 coddfC—orb.
1601 5744 1657 5792 et
1676 5737 1898 5794 Divion.
1920 5740 2160 5795 Baluzii.

538 5751 721 5787 tenens
752 5751 1125 5790 emendatum
1154 5753 1221 5790 ex
1237 5751 1657 5792 coaa.uorn.et
1676 5751 1795 5792 υινι

514 5751 669 5880 {Male
697 5802 888 5880 caeteri
921 5818 1051 5858 cum
1082 5806 1411 5880 Quesnello,
1446 5810 1795 5879 Deponentes.

590 5874 660 5963 te?
695 5870 991 5963 erasas:
1021 5870 1462 5963 credimus

593 5940 658 6014 (Ι)
690 5946 774 5999 tta
800 5940 999 6000 omnia
1026 5940 1167 6003 mss.
1202 5949 1554 6022 exemplaria
1608 5955 1737 6008 tum
1767 5951 2003 6023 Baluzii,
2037 5957 2163 6011 tum

2277 5317 2621 5383 Quesnellus
2644 5333 2776 5389 cum
2810 5334 2916 5372 suo
2948 5317 3246 5383 Thuaneo,
3272 5332 3630 5389 agnoscemus.

2346 5389 2423 5514 pg)
2455 5386 2821 5455 Quesnellus,
2841 5397 3034 5454 essent,
3058 5376 3273 5446 nostris
3287 5376 3345 5445 ἐι
3376 5387 3589 5444 Baluzii
3617 5376 3868 5440 codicibus

2368 5458 2728 5514 ranantibus.

2278 5458 2728 5531 refragantibus.

2349 5516 2532 5603 (ὴῇἰᾶ
2563 5530 2746 5603 nostri
2781 5546 2924 5603 mss.
2949 5528 3080 5586 libri
3103 5548 3237 5587 cum
3269 5529 3515 5587 Baluzio.
3541 5516 3863 5593 Quesnellus:

2280 5602 2421 5659 Cum
2452 5618 2574 5674 vero
2604 5602 2914 5674 aliquando
2935 5619 3110 5657 suam.

2372 5676 2412 5740 ἱ)
2447 5672 2618 5728 Solus
2647 5672 3018 5741 Quesnellus,
3049 5676 3357 5741 inferiores.

2371 5729 2413 5815 ὓ
2432 5744 2526 5800 Sic
2538 5729 2936 5800 codiVenetus
2951 5729 3083 5800 cum
3111 5729 3362 5801 Baluzio.
3378 5740 3548 5808 Alias,
3563 5729 3861 5811 pertrahunt.

2345 5816 2415 5890 (¹λ)
2448 5820 2510 5869 1η
2547 5831 2732 5887 marg.
2768 5816 2903 5890 edit.
2930 5816 3096 5890 Rom.
3128 5827 3292 5890 πρῶτα
3324 5816 3453 5870 LAT.

2348 5882 2413 5959 (³)
2445 5882 2778 5943 Annotatur
2810 5887 2868 5942 in
2896 5886 3089 5943 editis.
3124 5882 3291 5955 Forte,
3326 5894 3473 5959 ἀγιας.
3506 5882 3672 5940 Hann.
