4062 6172
435 335 554 402 τιτ

1560 331 1625 399 S.
1672 333 1952 399 LEONIS
1997 329 2250 399 MAGNI
2291 330 2719 400 EPISTOLE.

3667 341 3795 407 τις»

437 489 541 546 per
554 473 815 530 exactam
834 465 1236 542 paenitentiam
1251 468 1586 543 multasque
1603 470 1891 543 lacrymas
1907 469 2074 525 Deun

2224 471 2584 525 ἐξιὶεὼσασθτίι,
2615 472 2696 518 καὶ
2732 473 2818 527 τὴν
2855 471 3099 537 ⁵ἡμετέραν
3127 471 3319 536 καρδίαν
3361 471 3374 504 ¹
3408 477 3611 542 σφοδρῶς
3634 482 3746 532 λελυ.

436 562 687 634 placare,
707 562 764 618 et
793 575 894 615 cor
922 560 1191 615 nostrum
1222 557 1390 614 valde
1419 559 1478 613 in
1510 558 1679 632 lapsu
1711 560 1840 631 ejus
1871 559 2090 615 contri-

435 653 834 720 statum,vera
876 647 1281 721 resipiscentia
1325 646 1596 716 delinire;
1629 665 1744 704 non
1792 649 1986 704 solum
2034 648 2089 702 id

433 755 549 796 non
582 739 742 810 fecit,
761 737 904 812 quin
934 737 1117 794 immo
1168 753 1273 810 per
1302 737 1500 794 omnia
1528 737 1806 794 connisus
1837 741 1926 793 est
1957 755 2090 792 san-

433 828 762 894 ctissimam
786 827 1036 898 hujusce
1059 825 1169 882 loci
1186 825 1502 882 Ecclesiam
1525 826 1900 894 conturbare;
1923 827 2089 881 tabu-

433 917 524 976 las
553 917 786 991 publice
810 931 1143 989 proponens
1165 915 1656 972 contumeliarum
1679 919 1736 971 et
1757 915 2089 971 maledicto-

432 1022 565 1064 rum
587 1006 820 1078 plenas;
845 1009 901 1060 et
921 1005 1162 1077 insuper
1183 1003 1305 1060 haec
1329 1021 1528 1077 preces
1549 1005 1800 1060 offerens
1821 1003 2088 1076 piissimo

434 1099 492 1152 et
507 1095 722 1152 Christi
745 1093 1154 1150 amantissimo
1171 1097 1370 1150 nostro
1392 1093 1750 1166 imperatori,
1767 1109 1980 1164 easque
2001 1110 2090 1148 ar-

433 1183 702 1258 rogantis
728 1186 785 1240 et
813 1181 1141 1256 petulantia
1170 1183 1434 1250 refertas,
1458 1183 1520 1237 in
1549 1182 1826 1238 omnibus
1859 1181 2086 1238 divinos

437 1288 692 1330 canones
720 1271 1064 1329 conculcare
1091 1271 1576 1328 tentans.Verum
1608 1271 1700 1326 his
1730 1271 1814 1328 ita
1847 1287 1916 1326 ex
1943 1287 2086 1327 con-

433 1361 735 1419 secutione
763 1359 1039 1433 peractis,
1068 1358 1307 1416 reddita:
1339 1359 1508 1414 nobis
1540 1364 1682 1415 sunt
1708 1359 1914 1415 litterae
1945 1377 2084 1416 san-

432 1451 652 1508 ctitatis
679 1453 905 1517 vestras,
930 1466 1033 1522 per
1061 1448 1333 1506 comitem
1372 1448 1530 1504 omni
1576 1449 1964 1505 admiratione
1995 1449 2083 1504 di-

431 1556 615 1614 gnum
628 1538 1028 1611 Pansophium
1047 1555 1142 1594 :ex
1153 1537 1368 1610 quibus
1381 1536 1570 1593 edocti
1586 1555 1792 1594 sumus
1809 1539 2082 1594 eumdem

431 1629 729 1702 Eutychen
759 1627 992 1684 libellos
1022 1627 1094 1682 ad
1122 1643 1226 1682 vos
1270 1626 1506 1682 misisse
1536 1625 1739 1698 plenos
1769 1626 1997 1682 fallacia
2027 1632 2084 1682 et

431 1718 891 1785 astu,dicentem
924 1733 986 1772 se
1017 1719 1274 1787 tempore
1315 1714 1522 1787 judicii
1555 1715 1780 1772 libellos
1826 1715 2079 1788 appella-

430 1806 609 1862 tionis
634 1804 945 1862 tradidisse
976 1804 1144 1902 nobis
1169 1808 1226 1859 et
1257 1807 1470 1859 sancta:
1496 1804 1907 1902 episcoporum
1934 1809 2075 1861 tunc
2109 1839 2156 1902 B

429 1894 807 1967 praesentium
839 1893 1082 1966 synodo,
1119 1897 1294 1964 atque
1341 1891 1670 1965 appellasse
1720 1895 1792 1949 ad
1826 1899 2080 1951 vestram

431 1983 835 2040 sanctitatem:
857 1982 1013 2054 quod
1035 1998 1408 2053 nequaquam
1431 1981 1504 2037 ab
1525 1999 1591 2037 eo
1615 1982 1834 2038 factum
1856 1987 1964 2048 est,
1980 1985 2082 2039 sed

430 2072 795 2146 hacquoque
815 2071 877 2127 in
899 2073 936 2126 7
949 2070 1048 2128 88
1067 2075 1231 2142 parte
1253 2069 1478 2138 fefellit,
1486 2070 1646 2149 velut
1667 2075 1832 2142 pater
1849 2072 2084 2128 menda-

431 2160 524 2229 cii,
544 2176 607 2217 se
625 2160 836 2216 vestris
857 2159 1100 2215 auribus
1122 2159 1542 2231 subrepturum
1566 2159 1903 2216 arbitratus.
1920 2162 2089 2219 Com-

430 2253 630 2306 motus
659 2249 860 2322 igitur,
879 2247 1248 2303 sanctissime
1277 2252 1460 2319 pater,
1485 2249 1558 2304 ob
1587 2249 1786 2305 omnia
1815 2267 1943 2322 quae
1977 2268 2080 2306 au-

430 2355 534 2396 sus
564 2342 673 2407 est,
707 2341 765 2394 et
792 2340 1031 2410 propter
1060 2353 1130 2392 ea
1155 2353 1280 2409 quae
1321 2336 1599 2393 adversus
1633 2355 1738 2394 nos
1781 2339 2079 2395 sanctissi-

429 2443 706 2499 mamque
734 2425 1052 2483 Ecclesiam
1075 2425 1228 2481 facta
1250 2429 1389 2480 sunt
1419 2430 1595 2497 atque
1617 2427 1784 2495 ﬁunt,
1811 2427 1984 2483 solita
2014 2429 2080 2483 ﬁ-

430 2515 603 2574 ducia
632 2521 813 2582 utere,
837 2514 988 2570 sicut
1026 2515 1348 2570 sacerdotio
1378 2515 1664 2581 convenit,
1689 2520 1746 2570 et
1774 2517 2079 2573 vindicans

429 2619 801 2661 communem
824 2619 946 2658 rem
971 2607 1425 2674 sanctarumque
1444 2603 1830 2659 Ecclesiarum
1851 2622 1974 2660 com
1982 2622 2080 2677 po-

427 2693 723 2759 sitionem,
743 2691 986 2764 dignare
1017 2708 1120 2763 per
1148 2691 1414 2762 proprias
1437 2691 1676 2762 quidem
1708 2692 1930 2748 litteras
1961 2694 2079 2749 suf-

427 2780 644 2854 fragari
675 2778 1026 2852 depositioni
1075 2779 1352 2835 canonice
1401 2780 1679 2835 adversus
1709 2797 1845 2836 eum
1877 2782 2073 2849 factae;

429 2870 774 2926 conﬁrmare
820 2883 955 2924 vero
985 2872 1043 2923 et
1070 2867 1324 2940 piissimi
1356 2867 1775 2940 Christumque
1822 2871 2078 2926 amantis

428 2957 613 3013 nostri
646 2955 1016 3029 imperatoris
1046 2956 1243 3012 ﬁdem.
1271 2956 1383 3012 Res
1413 2973 1670 3028 namque
1701 2957 1826 3013 solo
1858 2958 2079 3033 indiget

427 3062 497 3102 ex
514 3046 679 3102 vobis
709 3044 967 3117 impulsu
992 3049 1168 3116 atque
1197 3045 1482 3112 subsidio,
1505 3047 1660 3118 quod
1693 3064 1794 3119 per
1821 3052 2075 3105 vestram

427 3133 800 3208 prudentiam
852 3135 925 3190 ad
973 3133 1461 3206 tranquillitatem
1510 3140 1566 3190 et
1612 3152 1814 3206 pacem
1865 3142 2075 3194 cuncta

427 3203 627 3282 statim
648 3223 1072 3281 translaturum
1089 3203 1197 3280 est.
1213 3224 1308 3280 Sic
1328 3225 1484 3280 enim
1506 3229 1594 3280 est
1610 3203 1735 3296 quae
1757 3227 2074 3284 insurrexit
2102 3203 2146 3271 Ο

427 3313 687 3382 haresis,
715 3317 774 3369 et
803 3313 876 3369 ob
904 3330 1034 3370 eam
1065 3313 1347 3370 excitatus
1372 3313 1666 3370 tumultus
1696 3314 1862 3371 facile
1891 3332 2077 3373 cessa-

426 3403 532 3470 bit,
573 3403 689 3459 Deo
737 3407 1102 3475 cooperante,
1135 3419 1238 3475 per
1281 3407 1506 3458 vestras
1555 3420 1750 3460 sacras
1799 3403 2023 3462 litteras
2057 3422 2069 3460 :

426 3491 834 3565 prohibebitur
861 3507 994 3546 vero
1020 3494 1076 3547 et
1106 3508 1230 3563 qua:
1258 3491 1564 3564 evulgatur
1592 3493 1793 3548 futura
1821 3509 1950 3550 esse
1979 3511 2074 3567 sy-

426 3582 644 3647 nodus;
679 3584 745 3636 ut
768 3597 840 3636 ne
868 3579 1252 3638 sanctissima:
1276 3581 1458 3635 totius
1479 3581 1638 3637 orbis
1660 3581 1927 3638 Ecclesiae
1950 3600 2075 3655 per-

423 3671 759 3727 turbentur.
783 3668 1030 3724 Omnem
1051 3686 1180 3741 quae
1198 3673 1390 3724 tecum
1413 3673 1501 3724 est
1522 3669 1946 3727 fraternitatem
1967 3689 2074 3745 ego

426 3759 646 3830 quique
679 3774 913 3814 mecum
962 3762 1120 3824 sunt,
1154 3757 1498 3813 salutamus.
1521 3757 1690 3813 Salus
1719 3759 1777 3813 in
1827 3760 2073 3816 Domino

426 3863 494 3902 ac
522 3863 626 3919 pro
657 3846 828 3902 nobis
857 3861 1053 3913 orans,
1077 3845 1310 3901 doneris
1341 3845 1530 3916 nobis,
1554 3851 1666 3903 Deo
1693 3847 2073 3906 dilectissime

427 3938 484 3991 et
511 3933 882 3992 sanctissime
912 3938 1095 4005 pater.

496 4059 513 4092 ¹
546 4058 655 4114 Ms.
696 4057 852 4132 Bas,
886 4063 1086 4130 σφόδρα.
1113 4056 1290 4115 Paulo
1335 4062 1467 4130 post
1507 4075 1611 4130 pro
1642 4066 1718 4115 διὰ
1749 4070 2067 4132 μεταμελείας

423 4129 578 4186 idem
611 4129 811 4196 codex,
842 4135 918 4184 διὰ
948 4137 1217 4199 μετανοίας.

494 4202 516 4276 '_
554 4201 662 4256 Ms.
713 4204 869 4269 Bas.,
899 4208 1137 4276 ταραξαυ
1187 4203 1245 4254 et
1289 4204 1422 4271 post
1466 4218 1654 4276 pauca
1702 4219 1804 4276 pro
1835 4213 2067 4276 προτιθεὶς

495 4219 516 4235 ⁵
554 4219 662 4256 MS.
713 4219 869 4269 ὕει,
899 4219 1137 4270 ταράξας
1187 4219 1245 4254 et.
1289 4219 1422 4271 pOSE
1466 4219 1654 4272 pauca
1743 4220 1804 4258 ro
1835 4219 2067 4276 προτιθεὶς

423 4271 600 4329 habet
643 4280 858 4346 προθεις;
891 4275 949 4328 et
989 4270 1114 4326 loco
1161 4281 1278 4343 πρὸς
1309 4279 1387 4327 ἐπὶ
1411 4277 1595 4336 τούτοις
1625 4219 1801 4329 habet
1846 4287 1961 4347 πρὸς
1992 4285 2069 4333 ἐπὶ

421 4367 606 4471 τοῖσῗῇ
651 4429 842 4495 marg.
892 4413 1030 4495 edit.
1073 4411 1293 4495 Cotel.:
1337 4412 1798 4495 Al.,.m'ca1:a_1§w;
1830 4421 1886 4473 et
1933 4434 2069 4475 mox

422 4503 525 4560 pro
571 4486 865 4560 πειρώμενος
909 4486 969 4540 in
1028 4487 1232 4542 eodem
1285 4486 1547 4610 margine
1593 4504 1606 4542 :
1655 4486 1882 4559 Α1.,ἰιαι
1908 4499 2066 4558 πάσης

422 4565 649 4610 ἀληθείας
703 4564 1144 4610 κατεπαιοόιεενοςε
1205 4557 1375 4610 cuius
1453 4557 1698 4610 ectionis
1754 4560 2064 4610 vestigium

420 4559 665 4632 ἀληθείας
703 4564 1144 4632 κατεπαιρόμενος;
1179 4559 1375 4632 _cujus
1430 4559 1698 4614 lectionis
1754 4560 2066 4632 vestigium

421 4627 656 4697 aliquod
696 4632 885 4682 exstat
918 4627 985 4681 in
1032 4645 1142 4684 ms.
1179 4627 1333 4698 Bas.,
1364 4639 1475 4692 τοὺς
1505 4636 1658 4694 θείους
1687 4627 1934 4698 κανόναςῖ
1942 4643 2068 4689 κατὰ

418 4707 577 4764 πάσης
606 4704 698 4752 ἀπε
707 4705 934 4768 ρώμενος.

490 4769 512 4802 ‘
542 4769 928 4844 Ex‘msaBas.
963 4768 1300 4844 addidimus
1329 4778 1390 4837 δὴ
1431 4770 1776 4841 particulam
1821 4771 2065 4844 expleti-

417 4855 585 4915 vam,
614 4838 828 4915 Graecis
884 4856 1000 4894 non
1039 4838 1503 4915 infrequentem,
1557 4859 1690 4915 cum
1740 4838 2061 4915 praesertim

418 4911 686 4985 eamdem
716 4909 775 4965 in
801 4927 919 4985 uno
952 4911 1148 4966 codice
1171 4909 1458 4985 invenerit
1481 4909 1816 4978 Cotclerius,
1842 4915 1942 4985 qui
1975 4916 2061 4970 id-

418 4983 570 5040 circo
622 4981 843 5038 notavit
889 4982 947 5054 in
996 4983 1260 5054 margine
1293 4999 1304 5036 :
1337 4982 1447 5051 AL,
1482 4989 1556 5040 οἷα
1586 4993 1663 5052 δή.
1698 4987 1826 5041 Mox
1864 4981 2060 5041 vocem

417 5064 485 5111 ὢν
514 5055 670 5110 idem
703 5053 931 5109 monuit
959 5052 1104 5109 alias
1134 5052 1355 5109 deesse.

486 5127 508 5161 ⁸
540 5126 625 5181 Ita
673 5126 799 5181 cod.
832 5125 1004 5180 Basil.
1041 5125 1348 5181 Nescimus
1387 5130 1580 5181 autem
1629 5145 1734 5182 cur
1779 5127 2060 5184 Cotelerio

415 5199 608 5270 magis
632 5195 914 5269 placuerit
939 5204 1178 5270 γενόμενά
1203 5207 1366 5270 τεκαὶ
1392 5206 1641 5268 γινόμενα,
1667 5204 1724 5254 et
1751 5199 2058 5256 lectionem

415 5286 450 5324 a
478 5267 648 5325 nobis
678 5273 967 5340 receptam
1001 5283 1066 5323 ac
1105 5267 1164 5321 in
1215 5267 1327 5322 alio
1350 5339 1355 5340 γ
1378 5267 1574 5324 Codice
1617 5270 1688 5325 ab
1737 5271 1937 5326 eodem
1971 5270 2058 5326 in-

413 5346 644 5396 ventam
676 5341 735 5396 in
768 5339 1093 5413 marginem
1126 5339 1422 5409 rejecerit;
1455 5341 1524 5394 de
1555 5343 1856 5412 praeteritis
1900 5343 2055 5397 enim

415 5427 605 5483 sermo
654 5417 1070 5483 praecesserat,
1120 5418 1196 5466 διὰ
1224 5420 1383 5465 πάντα
1409 5419 1523 5483 παρ’
1551 5419 1701 5468 αὐτοῦ
1729 5420 2054 5483 τολμηθέντα.

414 5479 891 5554 Ιοίίοἰατῖῐαῐηθῐι
932 5501 1044 5538 non
1091 5498 1410 5554 possumus
1454 5479 1684 5554 lectioni
1715 5500 1750 5538 a
1778 5479 2056 5540 Gotelerio

413 5549 699 5626 adopta‘tae
730 5554 1036 5626 suffragari
1058 5549 1382 5626 versionem
1411 5553 1735 5625 antiquam,
1759 5557 1904 5626 facta
1931 5564 2060 5613 sunt

411 5623 574 5751 atque
601 5623 938 5751 ξαγὲιίοΜοί
958 5627 1018 5682 in
1058 5626 1183 5685 cod.
1208 5624 1346 5683 Ven.
1356 5669 1370 5699 ,
1394 5623 1815 5704 παρρησιάσασθαι
1842 5636 2057 5701 συνήθως

411 5716 474 5751 κα
519 5715 612 5751 κατ
651 5734 663 5751 .
795 5733 808 5751 .

411 5707 494 5762 καὶ
519 5707 663 5763 κατὰ,
699 5707 808 5756 etc.

2220 561 2434 619 πημένην
2485 559 2558 605 ἐπὶ
2590 566 2647 621 τῇ
2690 558 2843 608 αὐτοῦ
2885 561 3091 616 πτώσει,
3133 561 3209 609 διὰ
3249 564 3547 625 μεταμελείας
3581 567 3750 627 ἀληθοῦς

2222 646 2542 719 θεραπεῦσαις
2577 648 2634 695 οὐ
2682 649 2830 709 μόνον
2871 647 3020 698 τοῦτο
3061 650 3119 698 οὐ
3154 652 3426 709 πεποίηκεν,
3455 653 3559 703 ἀλλὰ
3583 657 3750 721 γὰρκαὶ

2219 737 2295 783 διὰ
2320 735 2518 783 πάντων
2543 733 2563 766 ²
2589 737 2874 802 διαταράξαι
2905 740 2990 794 τὴν
3021 740 3136 804 παρ’
3160 740 3273 800 ἡμῖν
3296 740 3554 801 ἅγιωτᾶτην
3585 744 3756 805 Ἐκκλη-

2218 825 2325 872 σίαν
2380 823 2686 872 ἐσπούδασεο
2753 825 3045 888 προθέματα
3082 827 3324 891 προτιθεὶς
3363 827 3562 894 δημοσία
3601 828 3755 896 ὕϐρεως

2217 912 2298 960 καὶ
2335 913 2580 976 λοιδορίας
2608 913 2864 976 ἀνάμεστα
2885 931 2895 941 ·
2938 915 3344 981 προσεπιτούτοις
3371 916 3452 966 καὶ
3484 917 3651 976 δεήσεις
3677 920 3758 972 ἔπι·-

2215 1001 2329 1054 ὂούς
2352 1003 2420 1062 τῷ
2465 1003 2809 1065 εὐσεϐεστάτῳ
2839 1003 2922 1052 καὶ
2965 1005 3261 1070 φιλοχρίστῳ
3287 1005 3426 1068 ἡμῶν
3471 1007 3653 1069 βασιλεῖ,
3687 1010 3755 1061 καὶ

2216 1089 2366 1144 αὐτάς
2429 1092 2816 1156 πεπληρωμένας
2892 1094 3172 1150 ἀλαζονείας
3229 1095 3311 1144 καὶ
3358 1097 3753 1160 προπηλακισμῶν,

2215 1177 2292 1224 διὰ
2326 1177 2522 1227 πάντων
2556 1179 2672 1234 τοὺς
2716 1180 2874 1234 θείους
2911 1177 2948 1235 ³,
2987 1181 3333 1239 καταπατῆσαι
3369 1181 3568 1238 κανόνας
3610 1184 3756 1248 πειρῶο

2217 1282 2376 1328 μενος.
2425 1268 2556 1316 Ἀλλὰ
2577 1267 2768 1316 τούτων
2794 1267 2928 1317 οὕτω
2953 1269 3513 1334 παρακολουθησάντων,
3534 1270 3760 1336 γράμματα

2213 1355 2330 1416 ἡμῖν
2377 1355 2587 1413 ἀπεδόθη
2638 1358 2724 1415 τῆς
2751 1358 2992 1423 ὑμετέρας
3035 1358 3318 1418 ὁσιότητος,
3362 1359 3437 1408 διὰ
3479 1357 3561 1409 τοῦ
3604 1362 3759 1424 θαυμα-

2214 1445 2462 1492 σιωτάτου
2499 1444 2735 1507 κὼμητος
2768 1447 3077 1509 Πανσοφίου,
3109 1445 3167 1495 δι’
3206 1439 3273 1497 ὧν
3310 1447 3629 1513 ἐδιδάχθημεν,
3662 1451 3760 1504 dict

2217 1533 2367 1586 αὐτὸς
2401 1534 2624 1597 Εὐτυχῆς
2671 1535 2918 1589 λιϐέλλους
2958 1535 3291 1590 ἐξαπέστειλεν
3338 1537 3451 1602 ὐμῖν
3487 1537 3762 1603 πεπληρωμέ-

2211 1639 2324 1675 νους
2367 1621 2530 1680 πάσης
2574 1621 2766 1680 ἀπάτης
2811 1624 2893 1673 καὶ
2935 1625 3253 1689 πανουργίας,
3303 1626 3350 1674 ἐν
3405 1626 3473 1687 τῷ
3515 1626 3656 1690 καιρῷ
3693 1627 3762 1685 τῆς

2210 1711 2423 1774 κρίσεως
2491 1711 2736 1765 λιϐἐ).λους
2805 1711 3150 1762 ἐπιδεδωκέναι
3212 1713 3479 1771 ἐκκλήτους
3537 1713 3639 1775 ἡμῖν
3696 1714 3762 1763 καὶ

2215 1805 2273 1861 τῇ
2303 1797 2584 1861 ἐνδημούσῃ
2626 1800 2742 1864 ἁγία
2779 1801 2992 1864 συνόδῳ,
3035 1801 3118 1849 καὶ
3159 1801 3530 1850 ἐπικαλέσασθαι
3565 1802 3642 1860 τήν
3665 1803 3761 1866 ὑμε-

2211 1888 2355 1952 τέραν
2396 1889 2662 1944 ὁσιότητα’
2696 1889 2815 1954 ὅπερ
2848 1889 3078 1952 οὐδαμῶς
3113 1888 3230 1955 παρ’
3256 1891 3412 1940 αὐτοῦ
3435 1891 3647 1953 γέγονεν’
3669 1889 3762 1939 ἀλλὰ

2212 1976 2296 2026 καὶ
2326 1977 2454 2025 κατὰ
2484 1982 2633 2025 τοῦτο
2661 1977 2715 2026 τὸ
2749 1979 2897 2045 μέρος
2923 1979 3244 2041 διεψεύσατο,
3462 1977 3483 2010 ⁸
3509 1971 3585 2027 οἷα
3609 1979 3659 2036 δὴ
3687 1994 3761 2028 πα·

2213 2070 2304 2135 τήρ
2341 2066 2408 2118 ὢν
2450 2067 2539 2118 τοῦ
2580 2069 2817 2130 ψεύδους,
2864 2072 3178 2134 συναρπάσαι
3233 2072 3322 2127 τὰς
3366 2071 3602 2136 ὐμητέρας
3638 2070 3762 2126 ἀκοὰς

2212 2163 2459 2226 οἰόμενος.
2501 2162 2812 2226 Συγκινηθεὶς
2856 2153 2963 2223 οὖν,
3009 2163 3259 2213 όσιώτατε
3305 2163 3487 2229 πάτερ,
3526 2163 3596 2212 διὰ
3636 2161 3763 2211 πάντα

2208 2253 2274 2302 τὰ
2309 2251 2423 2318 παρ’
2447 2249 2603 2301 αὐτοῦ
2643 2253 2967 2314 τολμηθέντα,
3001 2252 3083 2301 καὶ
3106 2252 3184 2301 διὰ
3223 2253 3291 2302 τὰ
3334 2253 3400 2307 εἰς
3431 2254 3555 2315 ἡμᾶς
3591 2250 3663 2300 καὶ
3695 2251 3763 2309 τὴν

2206 2342 2482 2406 ἁγιωτάτην
2535 2341 2831 2399 Ἐκκλησίαν
2854 2340 2874 2373 ⁵
2908 2340 3154 2406 γενόμενά
3186 2356 3250 2392 τε
3288 2340 3371 2391 καὶ
3397 2341 3641 2403 λεγόμενα,
3668 2339 3764 2404 παῤ·

2206 2436 2436 2503 ῥησίασαι
2497 2435 2721 2493 συνήθως
2746 2435 2874 2484 κατὰ
2923 2435 2978 2484 τὸ
3025 2433 3212 2500 πρέπον
3269 2441 3328 2499 τῇ
3380 2432 3636 2506 ἱερωσύνῃ·
3697 2432 3762 2482 καὶ

2205 2528 2588 2592 οἶκειωσάμενος
2602 2527 2658 2574 τὸ
2679 2528 2845 2576 κοινὸν
2872 2525 3132 2593 δπρᾶγμα,
3157 2529 3250 2577 καὶ
3267 2531 3354 2586 τήν
3381 2529 3476 2577 τῶν
3505 2527 3640 2591 ἁγίων
3672 2526 3763 2575 Ἐκ-

2205 2617 2416 2676 κλησιῶν
2444 2616 2770 2676 κατάστασιν,
2793 2617 3203 2679 συμψηφίσασθαι
3229 2617 3323 2681 μὲν
3349 2624 3406 2682 τῇ
3429 2615 3650 2680 γενομένη
3677 2613 3762 2663 κατ’

2203 2701 2359 2753 αὐτοῦ
2373 2703 2650 2757 κανονικῶς
2661 2702 3022 2768 καθαιρέσει,δι’
3037 2703 3236 2753 οἰκείων
3251 2705 3551 2768 γραμμάτων
3563 2700 3762 2756 καταξίω·

2204 2810 2291 2841 σον
2333 2791 2553 2848 στηρίξαι
2577 2790 2629 2838 δὲ
2675 2790 2756 2839 καὶ
2801 2796 2889 2839 τοῦ
2939 2791 3312 2842 εὐσεϐεστάτου
3363 2791 3445 2841 καὶ
3489 2790 3758 2855 φιλοχρίστου

2202 2881 2342 2942 ἡμῶν
2393 2879 2631 2942 βασιλέως
2663 2879 2846 2928 πίστιν.
2886 2879 3060 2936 Μόνης
3088 2880 3181 2943 γὰρ
3211 2881 3279 2929 τὸ
3302 2885 3504 2945 πρᾶγμα
3538 2879 3672 2927 δεῖται
3695 2877 3764 2934 τῆς

2202 2973 2315 3039 παρ’
2363 2973 2504 3036 ὑμῶν
2561 2974 2719 3038 ῥοπῆς
2762 2973 2844 3020 καὶ
2893 2973 3211 3034 ἀντιλήψεως,
3266 2974 3552 3036 ὀφειλούσης
3592 2971 3659 3020 διὰ
3695 2970 3764 3027 τῆς

2203 3062 2387 3116 οἰκείας
2434 3060 2454 3092 ⁷
2485 3062 2822 3116 ’συνκινέσεως
2867 3063 2933 3116 εἰς
2975 3063 3183 3124 γαλήνην
3239 3063 3326 3112 καὶ
3368 3062 3553 3122 εἰρήνην
3584 3059 3602 3092 ⁷
3632 3060 3763 3109 πάντα

2205 3150 2602 3214 μετασκευάσαι.
2633 3148 2781 3197 Οὕτω
2808 3151 2901 3213 γὰρ
2933 3151 3015 3199 καὶ
3059 3153 3091 3207 ἡ
3125 3150 3458 3201 ἐπαναστᾶσα
3483 3152 3667 3215 αἵρεσις,
3695 3145 3762 3196 καὶ

2201 3241 2231 3297 ἡ
2294 3236 2354 3286 δι’
2409 3237 2564 3294 αὐτὴν
2643 3237 2833 3301 ταραχῆ
2905 3235 3134 3300 εὐμαρῶς
3198 3237 3644 3302 καταργηθήσεται,
3691 3231 3763 3282 τοῦ

2202 3329 2332 3377 Θεοῦ
2359 3322 2737 3391 συνεργοῦντος,
2765 3326 2843 3373 διὰ.
2878 3325 2974 3373 τῶν
3001 3323 3263 3391 ὑμετέρων
3296 3327 3439 3391 ἱερῶν
3469 3323 3760 3390 γραμμάτων

2202 3416 2542 3472 κωλυθήσεται
2592 3413 2644 3462 δὲ
2684 3413 2765 3462 καὶ
2804 3416 2834 3470 ἡ
2887 3414 3183 3479 θρυλλομένη
3245 3413 3268 3446 9
3311 3416 3524 3476 γίνεσθαι
3571 3411 3761 3466 σύνοδος.

2206 3505 2336 3554 ὥστε
2369 3504 2433 3566 μὴ
2480 3503 2566 3556 τὰς
2603 3501 2920 3565 ἁπανταχόσε
2955 3500 3243 3563 ἁγιωτάτας
3303 3500 3590 3558 Ἐκκλησιάς
3626 3500 3761 3547 διατα-

2206 3593 2462 3658 ραχθῆναι.
2507 3591 2679 3641 Πᾶσαν
2731 3591 2816 3648 τήν
2877 3590 2966 3640 σὺν
3013 3590 3093 3640 σοὶ
3119 3589 3459 3656 ἀδελφότητα,
3496 3590 3586 3652 ἐγώ
3625 3605 3670 3637 τε
3696 3582 3762 3634 καὶ

2204 3683 2247 3730 οἱ
2272 3681 2360 3729 σὺν
2393 3679 2505 3742 ἐμοὶ
2536 3677 2572 3710 ¹⁰
2594 3678 3052 3744 προσαγορεύομεν.
3094 3678 3418 3743 Ῥρῥωμένος
3447 3678 3493 3725 ἐν
3525 3678 3758 3738 Ιςυρὲῳμα

2201 3767 2597 3834 ὐπερευχόμενος
2629 3768 2770 3829 ἡμῶν
2801 3765 2837 3797 ¹¹
2861 3766 3141 3832 χαρισθιίης
3163 3766 3311 3827 ἡμῖν,
3341 3768 3666 3830 θεοφιλέστατε
3696 3759 3762 3809 ul

2206 3859 2441 3915 ἀξιώτατε
2471 3857 2642 3922 πάτερ.

2245 4061 2268 4100 θ
2297 4058 2432 4119 Cod.
2462 4059 2589 4118 Bas.
2626 4058 2779 4120 delet
2805 4072 3023 4138 πρᾶγμα.
3056 4063 3195 4125 Post
3235 4081 3428 4142 pauca
3474 4064 3618 4124 idem
3660 4057 3782 4128 cod.,

2175 4142 2410 4204 κανονικῇ
2438 4143 2727 4206 καθαιρέσει.

2246 4225 2266 4257 ⁷
2295 4222 2493 4296 Vulg.,
2524 4232 2835 4296 συνερέσεως.
2866 4226 3073 4282 Melius
3117 4228 3246 4282 cod.
3284 4230 3427 4285 Ven.
3458 4232 3514 4284 et
3540 4223 3675 4283 alius
3701 4220 3785 4276 C0-

2175 4293 2362 4371 telerii
2393 4293 2725 4371 notatusiin
2770 4298 3052 4369 margine,
3085 4315 3344 4370 quorum
3392 4299 3680 4371 lectionem
3703 4306 3787 4371 ex:

2176 4366 2393 4438 pressit
2425 4369 2591 4443 vetus
2617 4364 2942 4443 interpres,
2974 4364 3239 4425 consensu
3279 4373 3530 4443 proprio.
3561 4364 3790 4443 Concinit

2175 4435 2380 4515 etms.
2425 4435 2579 4503 Bas.,
2612 4437 2669 4491 in
2715 4435 2828 4509 quo
2861 4446 3155 4512 συνερέσεως
3185 4435 3500 4515 perperam
3541 4439 3788 4510 scriptum

2175 4512 2264 4564 est
2294 4525 2395 4580 pro
2421 4516 2754 4572 συναινέσεως.

2245 4597 2265 4631 ⁸
2297 4597 2628 4670 Lectioncm
2669 4596 2819 4653 hanc
2861 4599 3145 4670 optimam
3176 4605 3233 4656 et
3261 4602 3626 4658 verissimam
3639 4607 3790 4670 acccc

2175 4672 2334 4739 ptam
2366 4669 2582 4723 referas
2611 4683 2752 4723 mss.
2790 4668 2920 4724 Βαδῖ
2955 4675 3013 4725 et
3041 4671 3280 4727 Veneto.
3315 4675 3402 4728 Ab
3429 4672 3542 4730 alia
3565 4668 3790 4740 vulgato-

2175 4755 2329 4816 rum,
2359 4752 2472 4816 παρ’
2499 4746 2622 4816 αὐτὰ
2654 4751 3028 4816 μετασκευάσαι,
3071 4743 3211 4816 quid
3259 4744 3396 4799 elici
3439 4748 3626 4816 queat_

2173 4810 2379 4890 frugis,
2412 4808 2569 4864 haud
2597 4808 2749 4890 sane
2792 4808 3400 4890 videmus._'Consor_iat
3430 4808 3789 4890 ehendationi

2172 4879 2415 4958 antiqua
2461 4881 2666 4958 v_ersi_o_,
2716 4891 2907 4938 cuncta
2959 4884 3266 4956 perducere.
3303 4887 3369 4941 In
3431 4901 3608 4958 marg.
3637 4879 3787 4937 etiam

2171 4951 2520 5007 editCCotel.
2549 4969 2561 5005 :
2594 4951 2705 5020 AL,
2738 4962 2913 5010 πάντα.

2240 5042 2261 5074 θ
2292 5041 2399 5095 Ms.
2442 5039 2611 5110 Ven,
2641 5049 2879 5111 γενέσθαι.
2913 5042 3069 5098 Idem
3119 5043 3292 5116 paulo
3344 5049 3500 5117 post,
3532 5042 3784 5112 ἁπανταχοῦ

2170 5128 2273 5182 pro
2303 5119 2634 5182 ἁπανταχόσε.

2241 5184 2283 5217 ¹⁰
2313 5184 2446 5237 Cod.
2485 5173 2648 5251 Ven.,
2676 5191 2880 5240 πλεῖστα
2907 5195 3391 5259 προσαγορευόμενα.

2175 5327 2184 5332 ,
2241 5272 2279 5305 ¹¹
2314 5271 2398 5325 Ita
2436 5271 2674 5326 omnino
2704 5271 3012 5332 legendum
3060 5292 3195 5330 cum
3239 5291 3386 5332 mss.
3423 5276 3550 5331 Bas.
3582 5275 3635 5328 et
3658 5268 3780 5324 Ven.

2165 5343 2421 5421 Antiqua
2476 5338 2954 5421 versio,_dbne1:is
3008 5346 3185 5421 nobis,
3228 5355 3480 5421 χαριτωθῇ
3507 5338 3781 5421 +,p§v_,__edi-

2167 5411 2360 5490 torum
2394 5415 2852 5490 repudiandum.
2890 5416 2954 5471 In
3002 5411 3262 5490 margine
3301 5411 3491 5490 etiam
3533 5411 3780 5470 editionis

2166 5484 2535 5540 Cotelerianae
2589 5485 2896 5542 lectionem
2942 5484 3203 5545 nostrain
3234 5505 3300 5544 ex
3340 5488 3455 5544 alio
3487 5503 3593 5542 ms.
3625 5497 3781 5538 anno-

2162 5560 2346 5628 tatam
2379 5556 2656 5628 invenies.
2691 5558 2821 5614 Mox
2848 5569 2931 5614 καὶ
2956 5567 3185 5628 ἀξιώτατα
3218 5561 3380 5617 deest
3419 5559 3478 5614 in
3518 5553 3776 5628 cod._Bas.

2164 5627 2337 5759 ἓιώὶιι
2395 5627 2506 5686 alio
2538 5628 2825 5704 Cotelerii,
2854 5630 2955 5705 qui
2985 5624 3207 5694 notavit
3261 5630 3318 5688 in
3379 5643 3602 5708 marg:
3635 5624 3779 5687 Forte

2197 5723 2245 5759 γι
2285 5721 2417 5759 τατι.

2164 5707 2417 5780 ἁγιώτατα.
