4138 6168
280 353 444 427 Ἰθίίτ

465 486 617 557 789
647 482 975 546 EJUSDEM
1008 487 1374 546 EPISTOL/E
1419 490 1749 550 FLAVIANI

388 638 391 639 ν
422 643 433 657 ἱ
798 577 1058 650 Antiqua
1086 579 1273 635 versio
1300 579 1398 652 (a).

277 667 582 742 Svuopms.
610 697 681 709 —
722 667 764 723 Ι.
820 669 1310 742 Partes__episcopi
1359 670 1614 742 explicat.
1672 672 1928 728 Errorem

349 739 607 812 Eutychis
635 740 878 812 apponit.
912 769 983 780 —
1014 739 1081 812 II.
1101 739 1387 812 Quaenam
1415 739 1547 799 acta
1574 744 1687 798 sint
1722 751 1926 800 contra

346 812 533 938 ἓίῧιπι
560 811 622 893 in
649 810 873 882 synodo.
897 811 1098 894 —.lIl.
1130 810 1207 867 De
1254 815 1518 881 ementita
1563 814 1927 900 appettatione

455 880 611 941 uehis
646 881 717 937 ad
748 882 1100 941 apostolicam
1128 883 1326 940 sedem.
1385 885 1767 941 Damnationis
1812 902 1927 941 eius

346 897 611 953 nmycms
646 897 717 937 aa
748 897 1100 954 apostoucam
1128 897 1326 940 sedem.
1385 897 1767 941 Damnationis
1812 902 1928 958 ejus

344 953 819 1024 conﬁrmationem
840 955 998 1025 petit.

274 1041 664 1117 Sanctissitno
678 1044 734 1098 et
747 1041 1089 1117 beatissimp
1103 1043 1253 1117 patri
1266 1048 1323 1101 et
1333 1062 1436 1101 con
1444 1045 1730 1103 sacerdoti
1748 1047 1925 1103 Lnom

599 1114 925 1171 Fuvuuus
954 1114 1016 1170 in
1047 1114 1295 1172 Domino
1335 1117 1604 1173 salutem.

343 1206 482 1259 Car.
512 1202 555 1260 Ι.
586 1233 656 1244 -
683 1202 901 1259 Pietate
932 1207 989 1259 et
1006 1207 1162 1260 recta
1177 1205 1587 1277 praedicatione
1601 1205 1761 1262 verbi
1778 1206 1926 1264 veri-

268 1291 414 1350 tatis
430 1291 582 1349 nihil
598 1290 1000 1348 honorabilius
1013 1293 1437 1362 sacerdotibus,
1454 1294 1609 1351 sicut
1619 1295 1794 1363 nosti,
1811 1299 1925 1351 Deo
1949 1346 1956 1354 .

268 1380 704 1438 amantissime.
737 1379 942 1437 Omnis
964 1380 1119 1439 enim
1142 1387 1344 1440 nostra
1358 1400 1493 1455 spes
1508 1387 1686 1456 atque
1698 1384 1858 1441 salus
1870 1388 1927 1440 et

265 1470 581 1528 retributio
592 1468 1021 1543 promissorum
1038 1471 1326 1528 bonorum
1343 1471 1403 1527 in
1420 1472 1514 1528 his
1530 1476 1638 1529 est.
1658 1473 1925 1545 Propter-

266 1576 338 1617 ea
349 1559 554 1628 omnia
567 1559 832 1615 facienda
843 1576 878 1615 a
890 1559 1061 1616 nobis
1073 1565 1232 1629 sunt,
1246 1560 1701 1618 etlaborandum
1716 1578 1925 1635 prove-

268 1667 337 1705 ra
360 1649 479 1706 fide
498 1653 557 1705 et
576 1647 1045 1721 expositionibus
1069 1650 1562 1724 dogmatibusque
1588 1656 1923 1708 sanctorum

267 1738 546 1795 Patrum:
580 1750 871 1812 quatenus
903 1755 1007 1812 per
1034 1739 1233 1795 omnia
1259 1743 1317 1796 et
1344 1739 1498 1796 inter
1531 1756 1736 1797 omnes
1786 1756 1922 1796 con-

1663 353 2044 423 EPISTOLA
2086 358 2308 425 XXVI.

3567 372 3705 436 ’756-
3724 396 3752 424 ς’

1956 494 2013 562 Α
2040 509 2213 550 unum
2246 496 2543 552 Dominum
2568 498 2753 554 Iesum
2784 498 3082 570 Christum,
3128 501 3436 559 divinitatis
3484 513 3538 561 et
3584 505 3685 561 hu-

2037 585 2323 641 manitatis
2337 585 2411 658 (g)
2420 602 2520 658 per
2534 587 2872 660 ineffabilem
2884 593 2937 645 et
2948 590 3415 663 iuinteltigibitem
3423 593 3494 649 ad
3504 596 3687 650 unita-
3726 662 3731 671 ,

2035 675 2145 728 tem
2165 677 2594 733 concursionem.
2614 677 2682 732 Et
2697 676 2807 733 hoc
2823 694 2937 734 non
2954 677 3095 734 latet
3108 682 3272 737 tuam
3289 681 3683 753 sanctitatem,

2038 761 2180 817 dum
2207 763 2445 821 omnino
2464 763 2669 839 legerit
2687 769 2853 838 gesta
2874 782 3003 838 quae
3019 766 3229 840 Ephesi
3247 772 3387 826 sunt
3402 771 3683 838 confecta,

2037 850 2172 915 Quae
2190 867 2295 923 pro
2313 851 2494 908 nihilo
2511 869 2736 925 ponens
2753 854 2908 910 idem
2927 853 3213 928 Eutychos
3233 856 3550 915 arbitratur
3565 875 3683 915 non

2036 954 2099 994 se
2123 938 2399 997 daturum
2431 958 2664 1013 poenam
2697 942 3045 1015 prmﬁnitam
3076 961 3112 1000 a
3144 949 3344 1002 sancto
3363 944 3465 1002 illo
3487 951 3545 1003 et
3560 948 3687 1006 uni-~

2033 1027 2243 1084 versali
2260 1029 2506 1087 concilio
2524 1049 2537 1087 :
2553 1032 2833 1104 quoniam
2847 1048 2950 1105 per
2961 1031 3084 1089 haec
3105 1033 3276 1090 multi
3297 1034 3683 1108 simpliciores

2034 1132 2103 1171 ex
2114 1118 2243 1188 ejus
2254 1117 2505 1191 eloquiis
2516 1119 2575 1175 in
2591 1119 3685 1181 ﬁdeisermoneledunturAccusatum

2032 1221 2167 1261 vero
2180 1223 2315 1262 eum
2344 1224 2377 1263 a
2398 1208 2884 1265 reverendissimo
2916 1209 3186 1279 Eusebio,
3220 1215 3279 1267 et
3311 1215 3684 1269 occurentem

2034 1293 2092 1349 in
2107 1298 2378 1352 sanctum
2392 1295 2727 1366 concilium,
2754 1301 2812 1354 et
2824 1315 2962 1355 voce
2990 1316 3099 1355 sua
3128 1304 3348 1356 sectam
3386 1301 3683 1374 propriam

2034 1386 2411 1457 retegentem,
2427 1385 2803 1460 alienumque
2814 1387 3156 1444 existentem
3174 1405 3206 1444 a
3230 1390 3511 1447 rectaﬁde
3522 1391 3687 1448 dam-

2034 1470 2325 1542 navimus,
2359 1473 2514 1531 sicut
2525 1475 2817 1533 docebunt
2835 1480 3089 1533 vestram
3103 1477 3473 1535 sanctitatem
3484 1479 3686 1536 omnia

2034 1578 2161 1634 qum
2192 1579 2369 1635 super
2395 1580 2462 1620 eo
2493 1568 2633 1620 sunt
2660 1568 2849 1638 gesta,
2884 1582 3129 1639 quisque
3175 1567 3496 1624 direximus
3544 1584 3683 1625 cum

2033 1651 2250 1707 nostris
2281 1651 2373 1709 his
2394 1652 2625 1710 litteris.
2657 1655 2891 1711 Iustum
2923 1658 3119 1712 autem
3150 1660 3242 1712 est
3268 1660 3325 1712 et
3353 1656 3465 1713 hoc
3494 1656 3682 1728 vobis,

2033 1740 2187 1797 sicut
2202 1741 2473 1810 arbitror,
2494 1742 2786 1800 intimari:
2813 1744 2957 1816 quia
2976 1744 3132 1800 idem
3153 1745 3442 1818 Eutychos
3467 1762 3682 1818 passus
3720 1736 3723 1739 l

267 1828 579 1886 cussiones
608 1844 805 1884 rerum
835 1828 1064 1902 integra
1091 1828 1213 1884 haac
1242 1833 1300 1885 et
1316 1828 1594 1886 inviolata
1617 1832 1922 1887 serventur
1947 1857 1997 1923 B
2023 1829 2252 1901 justam
2275 1831 3360 1905 canonicamquedamnationem,cum
3383 1834 3684 1891 debuisset

266 1923 323 1975 et
345 1917 779 1975 custodiantur.
796 1917 1201 1975 Necessarium
1218 1918 1416 1992 itaque
1431 1918 1542 1974 fuit
1564 1936 1720 1975 nunc
1739 1918 1917 1976 etiam

264 2007 534 2063 videntes
564 2023 673 2063 nos
702 2005 833 2062 laedi
861 2005 1245 2063 orthodoxam
1294 2007 1496 2075 fidem,
1550 2011 1607 2064 et
1654 2007 1919 2064 renovari

263 2094 624 2168 Apollinaris
635 2094 987 2151 etValentini
1000 2095 1251 2152 haereses
1264 2096 1595 2169 abEutyche
1609 2096 1916 2166 monacho,

267 2202 385 2242 non
415 2183 531 2241 hoc
558 2183 875 2258 despicere,
907 2184 1009 2241 sed
1040 2185 1100 2240 in
1141 2189 1339 2256 aperto
1384 2184 1492 2241 hoc
1540 2202 1645 2258 pro
1694 2185 1920 2243 cautela

267 2273 476 2348 populi
508 2272 781 2330 revelare.
815 2274 930 2330 Iste
947 2274 1127 2344 enim,
1146 2274 1220 2347 (ὁ)
1244 2274 1355 2330 iste
1372 2274 1659 2347 Eutyches
1680 2276 1922 2332 abscon—

266 2362 469 2419 ditum
482 2363 543 2418 in
556 2361 967 2436 selanguorem
982 2362 1151 2419 malm
1168 2366 1336 2420 secta:
1354 2363 1631 2432 retinens,
1651 2363 1920 2420 insiliens

268 2455 489 2509 nostrae
513 2451 969 2520 mansuetudini,
992 2452 1376 2509 inverecunde
1397 2456 1453 2509 et
1471 2451 1845 2525 impudenter
1861 2454 1919 2510 in

268 2540 492 2598 multos
504 2540 868 2614 impietatem
883 2541 1181 2614 propriam
1200 2541 1578 2614 praesumpsit
1591 2541 1824 2611 inferre,
1841 2543 1923 2598 di-

270 2646 438 2687 cens:
470 2630 611 2686 Ante
638 2630 1155 2687 inhumanationem
1184 2631 1401 2702 quidem
1430 2631 1728 2687 Saluatoris
1746 2635 1924 2689 nostri

266 2720 391 2776 Iesu
421 2719 634 2776 Christi
656 2720 795 2776 duas
822 2724 1051 2776 naturas
1076 2735 1205 2785 esse,
1238 2720 1548 2777 divinitatis
1576 2725 1627 2777 et
1664 2721 1919 2777 humani-

262 2811 420 2872 tatis;
437 2808 509 2881 (c)
521 2813 647 2881 post
664 2811 930 2865 unitatem
945 2825 1092 2877 vero,
1112 2825 1281 2865 unam
1300 2814 1560 2866 naturam
1576 2813 1813 2882 factam;
1828 2828 1924 2867 ne-

260 2913 382 2969 que
406 2897 601 2953 sciens
631 2897 787 2970 quod
821 2897 983 2964 dicit,
1016 2914 1207 2970 neque
1253 2898 1325 2954 de
1373 2898 1591 2971 quibus
1639 2898 1917 2957 afﬁrmat.

257 2985 464 3058 Neque
489 2986 650 3042 enim
661 2986 858 3042 unitas
871 2985 1342 3043 convenientium
1355 2987 1413 3057 in
1425 2987 1655 3044 Christo
1669 2989 1921 3045 duarum

262 3078 637 3143 naturarum,
671 3075 746 3145 (ά)
772 3074 925 3131 sicut
940 3079 997 3131 et
1012 3079 1205 3132 vestra
1220 3074 1571 3149 religiositas
1597 3078 1774 3147 novit,
1794 3095 1922 3151 pro-

261 3164 546 3238 prietates
562 3163 775 3221 suasin
797 3163 1019 3221 unitate
1034 3165 1316 3233 confudit,
1333 3166 1431 3221 sed
1449 3171 1688 3223 manent
1704 3167 1763 3222 in
1788 3167 1889 3224 uni

2025 1919 2300 1976 secundis
2310 1919 2534 1977 salvere
2545 1921 2821 1993 priora,et
2830 1938 2933 1995 per
2947 1921 3351 1994 pcenitentiam
3363 1924 3682 1996 perfectam

2027 2007 2363 2082 multasque
2387 2008 2680 2083 lacrymas
2694 2010 2925 2083 placare
2956 2012 3162 2080 Deum,
3181 2015 3568 2086 nostrumque
3584 2029 3685 2070 cor

2027 2096 2406 2154 vehementer
2430 2098 2842 2156 contristatum
2874 2100 2933 2155 in
2966 2102 3094 2173 ejus
3119 2101 3310 2170 ruina,
3342 2118 3447 2175 per
3483 2118 3681 2159 veram

2029 2202 2237 2242 sanare
2268 2187 2703 2259 paenitentiam:
2738 2205 2855 2244 non
2887 2187 3081 2246 solum
3113 2189 3223 2246 hoc
3251 2207 3367 2248 non
3387 2190 3545 2257 fecit,
3577 2192 3680 2248 sed

2028 2274 2204 2331 etiam
2235 2292 2339 2347 per
2367 2276 2566 2332 omnia
2594 2277 2944 2334 conturbare
2965 2282 3235 2335 sanctam
3257 2295 3384 2351 qua:
3401 2279 3557 2352 apud
3574 2295 3683 2336 nos

2030 2368 2119 2420 est
2143 2362 2462 2420 Ecclesiam
2496 2365 2814 2434 festinavit,
2849 2366 3280 2439 propositiones
3330 2367 3680 2440 injuriarum

2028 2451 2264 2525 publice
2284 2470 2509 2525 ponens
2523 2458 2579 2509 et
2594 2453 3104 2512 maledictionibus
3122 2456 3345 2529 plenas;
3369 2473 3546 2530 super
3559 2456 3680 2513 haec

2029 2544 2088 2597 et
2110 2558 2313 2616 preces
2343 2543 2592 2599 offerens
2622 2542 2892 2616 piissimo
2912 2545 2991 2616 (ἢ)
3016 2548 3075 2601 et
3106 2544 3321 2601 Christi
3342 2544 3680 2602 amantissi-

2030 2646 2129 2686 mo
2160 2634 2358 2687 nostro
2382 2631 2740 2705 imperatori,
2767 2637 2824 2689 et
2836 2633 3070 2690 easdem
3089 2634 3425 2708 arrogantia
3439 2637 3496 2689 et
3511 2638 3677 2707 petu-

2030 2718 2210 2775 lanlia
2240 2719 2465 2792 plenas,
2500 2737 2603 2794 per
2623 2721 2823 2777 omnia
2839 2722 3066 2778 divinas
3083 2721 3315 2795 regulas
3336 2721 3679 2779 conculcare

2030 2812 2297 2865 conatus.

2101 2898 2236 2953 CAP.
2270 2898 2370 2976 III.
2404 2929 2470 2939 —
2502 2898 2615 2954 Sed
2645 2898 2738 2955 his
2770 2898 2852 2954 ita
2872 2900 2939 2972 (i)
2970 2899 3210 2968 secutis,
3249 2898 3457 2957 litterae
3508 2899 3676 2957 nobis

2031 2988 2180 3043 datae
2212 2990 2351 3043 sunt
2379 2991 2582 3044 vestrae
2604 2988 2934 3045 sanctitatis
2950 3005 3054 3062 per
3069 2988 3475 3045 admirabilem
3499 2989 3680 3046 comi-

2030 3080 2149 3132 tem
2181 3076 2602 3149 Pansophium,
2619 3094 2722 3150 per
2737 3095 2886 3150 quas
2898 3095 3108 3135 sumus
3125 3077 3334 3144 edocti,
3360 3077 3501 3150 quia
3519 3078 3677 3135 idem

2032 3164 2317 3237 Eutychos
2346 3163 2576 3220 libellos
2605 3164 2816 3221 direxit
2840 3164 3002 3221 vobis
3030 3164 3234 3238 plenos
3260 3165 3420 3221 omni
3444 3164 3679 3229 fallacia

260 3227 668 3327 tateperfectze
687 3258 1029 3310 naturarum
1048 3227 1450 3327 proprietates.
1476 3255 1702 3327 Adjecit
1718 3261 1915 3313 autem
1948 3227 1993 3294 θ·
2031 3227 2206 3325 atque
2238 3253 2382 3309 79]
2418 3251 2758 3321 calliditate,
2795 3254 2999 3310 dicens
3014 3227 3274 3310 :-Judicii
3304 3227 3564 3326 tempore
3605 3253 3676 3309 li-

260 3347 325 3399 et
354 3342 536 3399 aliam
565 3342 951 3415 impietatem,
983 3343 1212 3400 dicens:
1249 3342 1450 3416 Corpus
1481 3343 1619 3415 quod
1648 3360 1718 3401 ea:
1743 3346 1918 3401 Maria

258 3433 476 3504 factum
501 3436 601 3502 est,
628 3433 780 3488 700
810 3433 1032 3488 Domini
1057 3447 1164 3487 non
1196 3448 1306 3489 esse
1332 3437 1530 3489 nostra:
1566 3434 1913 3503 substantia,

259 3537 439 3593 neque
467 3522 730 3579 humanae
738 3522 1143 3594 consparsionis
1157 3521 1277 3589 ,-sed
1292 3522 1596 3578 humanum
1619 3524 1831 3595 quidem
1847 3525 1917 3579 it-

261 3610 362 3667 lud
388 3615 688 3679 vocat,non
714 3619 897 3667 tamen
907 3611 1067 3667 nobis
1077 3611 1558 3681 consubstantiale,
1583 3627 1756 3683 neque
1770 3614 1921 3684 geni-

259 3700 396 3757 trici
423 3701 542 3773 ejus
569 3700 868 3757 secundum
895 3717 1136 3757 carnem.

335 3788 478 3862 Cap.
512 3789 583 3846 II.
616 3820 685 3830 -
713 3789 784 3845 Et
808 3788 929 3845 haec
963 3789 1177 3857 aiebat,
1212 3806 1347 3846 cum
1379 3789 1439 3845 in
1471 3790 1651 3863 gestis
1706 3789 1917 3862 Ephesi

255 3878 486 3935 habitis
517 3895 553 3933 a
581 3882 785 3935 sancto
816 3883 874 3936 et
909 3876 1226 3935 universali
1257 3877 1525 3947 concilio,
1558 3878 1618 3934 in
1672 3878 1919 3951 epistola

258 3967 488 4040 scripta
518 3968 591 4023 ad
622 3967 871 4041 impium
893 3968 1354 4041 damnatumque
1372 3967 1701 4025 Nestorium
1721 3972 1918 4041 aperte

258 4057 350 4113 sic
368 4056 660 4113 habeatur
678 4075 707 4114 :.
721 4058 859 4125 Quia
879 4057 1114 4114 diversa
1129 4056 1349 4127 quidem
1372 4057 1441 4111 ad
1452 4058 1722 4113 unitatem
1734 4073 1919 4113 veram

257 4130 590 4202 concurrere
611 4150 849 4207 natura;
868 4162 1014 4212 unus
1033 4151 1220 4201 autem
1239 4145 1655 4217 (nexambabus
1673 4144 1919 4201 Christus

260 4238 315 4291 et
355 4236 573 4291 Filius:
619 4251 731 4291 non
774 4237 1055 4307 tamquam
1100 4239 1433 4290 naturarum
1484 4233 1801 4308 diﬂ'erentia
1847 4235 1920 4288 sit

253 4328 550 4396 perempta
572 4328 793 4396 propter
820 4324 1112 4391 unitatem,
1142 4322 1232 4378 sed
1249 4324 1435 4395 potius
1484 4324 1721 4396 effecerit
1763 4322 1920 4379 nobis

336 4502 416 4574 (α)
437 4501 573 4574 Hec
600 4500 788 4574 versio
819 4501 879 4574 in
912 4516 1055 4556 mss.
1089 4498 1310 4574 collect.
1332 4500 1398 4554 17
1423 4498 1920 4574 Chalcedonensis

2026 3340 2211 3397 bellos
2236 3357 2299 3397 se
2320 3341 2554 3397 dedisse
2577 3339 2984 3413 appellationis
3003 3345 3063 3397 et
3082 3342 3252 3397 nobis
3276 3345 3332 3397 et
3351 3341 3447 3396 hic
3468 3357 3676 3398 conve-

2026 3430 2209 3487 nienti
2240 3433 2440 3486 sancto
2471 3429 2716 3486 concilio
2738 3447 2751 3498 ;
2771 3432 2828 3485 et
2843 3429 3168 3504 appellasse
3189 3433 3443 3485 vestram
3464 3429 3677 3486 sancti-

2026 3524 2237 3576 tatem:
2270 3520 2425 3590 quod
2459 3534 2833 3591 nequaquam
2866 3520 2937 3574 ab
2968 3519 3172 3575 eodem
3195 3517 3416 3573 factum
3437 3522 3548 3586 est;
3569 3519 3673 3575 sed

2026 3609 2203 3665 etiam
2225 3609 2290 3680 (j)
2320 3607 2379 3662 in
2400 3607 2508 3663 hac
2532 3610 2694 3679 parte
2718 3606 3000 3663 mentitus
3022 3610 3128 3671 est,
3155 3605 3226 3678 (k)
3247 3608 3549 3679 tamquam
3571 3624 3674 3680 per

2026 3697 2317 3753 fallaciam
2336 3695 2622 3752 mendacii
2644 3696 2957 3769 subrepere
2974 3712 3036 3753 se
3051 3694 3272 3751 sanctis
3291 3694 3500 3751 vestris
3519 3696 3675 3751 auri-

2025 3786 2140 3842 bus
2169 3790 2405 3858 putans.
2431 3783 3002 3857 Commotusitaque,
3029 3782 3670 3857 sanctissimepater,in

2026 3875 2122 3932 his
2152 3874 2428 3931 omnibus
2459 3891 2586 3946 qua:
2600 3874 2671 3929 ab
2686 3890 2752 3929 eo
2765 3875 3124 3946 praesumpta
3137 3875 3295 3941 sunt,
3310 3875 3367 3929 et
3378 3873 3450 3930 ob
3463 3890 3531 3930 ea
3542 3889 3669 3946 qua

2028 3965 2087 4020 in
2120 3981 2227 4021 nos
2249 3967 2307 4020 et
2346 3962 2760 4020 sanctissiman
2793 3960 3107 4018 Ecclesiam
3149 3961 3302 4017 facta
3333 3965 3472 4017 sunt
3504 3965 3682 4035 atque

2027 4054 2063 4108 fi
2077 4054 2556 4126 unt,(t)consuete
2572 4049 2918 4107 tiducialiter
2930 4051 3392 4124 age,secundum
3405 4050 3560 4123 quod
3589 4067 3683 4108 sa-

2028 4143 2284 4199 cerdotio
2309 4141 2608 4214 competit,
2626 4140 3039 4213 propriamque
3061 4139 3282 4197 faciens
3306 4156 3682 4197 communem

2028 4248 2268 4289 causam
2282 4234 2340 4287 et
2350 4234 2622 4287 sanctaru
2631 4228 3086 4286 mEcclesiarum
3101 4228 3477 4301 disciplinam
3487 4228 3686 4298 ,simul

2030 4322 2235 4379 decern
2243 4320 2502 4393 ere(m)in
2517 4318 2953 4375 damnationem
2966 4320 3247 4377 adversus
3258 4335 3394 4375 eum
3408 4317 3689 4392 regulari-

2100 4497 2167 4571 (Γ)
2200 4497 2287 4552 Ita
2315 4513 2383 4553 ex
2412 4497 2829 4571 antiquissimo
2844 4496 3388 4571 Veronen._collect._
3404 4495 3494 4563 i7,
3521 4496 3615 4553 cui
3632 4498 3692 4552 et

261 4566 596 4663 invenitur,‘
616 4576 675 4629 et
701 4572 911 4663 eainde
940 4573 1200 4663 manavit
1229 4571 1302 4663 in)
1334 4572 1513 4654 codd:
1556 4570 1778 4663 cojlljeot.
1804 4572 1916 4663 ι⁵22,
1949 4597 1996 4663 D
2031 4566 2266 4663 Gr'alictlls
2297 4566 2847 4663 testus‘rés'ponrdet.
2879 4568 2993 4663 Alii
3011 4568 3184 4663 codd.
3201 4584 3337 4663 cu‘m
3357 4566 3692 4663 Quemque

262 4646 360 4703 cui
381 4643 653 4718 epistolae
674 4642 1036 4701 collectionis
1058 4642 1550 4699 Chalcedonensis
1571 4642 1781 4698 additae
1803 4643 1920 4699 fue-

264 4721 427 4773 runt;

334 4789 415 4862 (ὁ)
449 4786 532 4842 Ex
550 4786 766 4862 nostris
784 4785 954 4842 codd.
977 4788 1036 4841 et
1051 4783 1270 4862 Baluzii
1294 4783 1708 4862 supplevimus
1727 4785 1932 4862 repeti-

264 4856 490 4916 tionem
520 4858 681 4914 vocis
708 4860 829 4926 iste,
865 4860 1131 4929 quamet
1148 4856 1381 4929 Graecus
1406 4856 1601 4929 textus
1623 4856 1928 4929 approbat.

336 4932 409 5002 (c)
423 4929 523 4986 Sic
536 4944 743 5002 omnes
761 4926 1010 4984 codices.
1025 4926 1263 5002 Vulgati
1276 4926 1334 4982 in
1351 4927 1635 5002 margine,
1657 4926 1774 4999 post
1800 4931 1900 4983 uni
1908 4958 1933 4968 -

267 4998 499 5058 tionem.
529 4999 818 5061 Caeterum
866 4998 1171 5071 unitatem?
1190 4998 1410 5071 dictum
1462 4998 1798 5071 frequenter
1827 5015 1932 5071 pro

265 5075 603 5140 unitionem,
639 5087 767 5143 quae
799 5071 859 5126 in
890 5070 1084 5143 Grieco
1115 5070 1502 5140 significatur.

339 5145 418 5216 (ά)
455 5140 716 5199 Locus—8.
745 5140 1056 5216 Quosnello
1087 5146 1242 5216 recte
1271 5142 1621 5216 emendatus
1640 5159 1708 5198 ex
1739 5142 1935 5198 codice

2035 4641 2293 4697 ambobus
2323 4639 2566 4696 Christus
2595 4638 2694 4694 Dei
2721 4640 2916 4694 Filius.
2950 4640 3012 4695 In
3047 4638 3220 4695 editis
3245 4639 3584 4709 Concilior.,
3621 4656 3692 4696 ea:

2043 4711 2305 4768 ambabus
2337 4711 2584 4767 Christus
2610 4711 2711 4766 Dei
2739 4711 2931 4766 Filius.

2114 4781 2547 4857 (9)Ques_nellus
2563 4781 2985 4857 _omisitperﬁn
3007 4780 3281 4839 omnibus
3301 4787 3499 4841 autem
3522 4783 3695 4857 quin-

2041 4852 2154 4927 que
2173 4852 2413 4927 nostris
2429 4854 2603 4927 codd.
2638 4852 2871 4927 legitur.

2114 4927 2189 4998 (ἡ)
2223 4925 2362 4998 Cod.
2396 4925 2629 4998 Veron,
2663 4924 3239 4998 etChristianissimo.

2116 4994 2180 5079 (i)
2212 4994 2482 5079 Quosne}.
2517 5013 2650 5078 cum
2679 4996 2826 5079 edit.‘
2844 4996 3191 5079 Concilior.,_
3203 4998 3389 5079 gestis,
3412 4995 3623 5052 Omnia
3646 4997 3705 5051 et

2044 5066 2248 5141 nostra
2278 5066 2577 5141 etBaluzii
2604 5067 2959 5141 exemplaria
2987 5066 3377 5141 praetulimus.

2117 5140 2179 5213 (j)
2211 5138 2457 5203 Quidam
2477 5139 2645 5194 codd.
2664 5134 3252 5208 etediliant'eQuesn.
3278 5139 3594 5212 postetiam
3609 5134 3711 5192 ad-

266 5212 532 5286 Tuaneo,
568 5230 703 5269 cum
731 5213 1058 5286 antea_sine
1088 5212 1209 5268 ullo
1241 5229 1419 5286 sensu
1450 5212 1766 5286 legeretur,
1796 5216 1939 5269 sicut
2047 5212 2195 5286 dunt
2224 5214 2294 5265 et.

264 5304 386 5368 una
402 5303 471 5368 re
481 5284 860 5368 proprietates.
885 5284 1047 5368 lianc
1070 5284 1539 5368 emendationem
1562 5301 1677 5368 non
1708 5288 1934 5368 tantum

268 5350 497 5414 Baluzii
529 5350 594 5413 et
617 5356 803 5413 nostri
837 5356 1089 5423 codices,
1120 5372 1321 5412 verum
1354 5356 1532 5411 etiam
1564 5356 1796 5412 Graecus
1821 5360 1943 5411 tex-

264 5434 367 5487 tus
398 5428 738 5501 confirmat.
772 5428 935 5497 Dein,
968 5430 1029 5483 in
1048 5430 1262 5501 unitate
1282 5428 1559 5501 per/ecta,
1591 5428 1730 5501 _c_od.
1772 5427 1939 5501 Chig.

302 5501 417 5582 λε)
443 5500 542 5582 Sic
566 5499 985 5582 iidem-veteres
1007 5498 1515 5582 codiceszymgati
1539 5498 1835 5582 editorum
1855 5498 1947 5555 ar-

267 5570 476 5639 bitrio,
502 5571 708 5643 Carpus
732 5571 973 5641 Domini,
997 5570 1140 5646 quod
1160 5587 1236 5646 ea:
1254 5570 1435 5646 Maria
1452 5571 1665 5646 factum
1685 5579 1785 5646 est,
1810 5587 1945 5639 non,

2121 5282 2197 5355 (li)
2222 5280 2472 5355 Legebat
2521 5280 2828 5355 interpres.
2882 5288 2960 5355 δζα
3008 5289 3067 5355 89'
3112 5288 3302 5347 ἀπάτης
3343 5288 3429 5335 τοῦ
3476 5284 3703 5351 ψεύδους,

2050 5353 2186 5437 cum
2221 5353 2390 5437 sitﬁin
2420 5357 2586 5437 textu.
2614 5353 2692 5405 οἷοί
2711 5353 3187 5437 (nosadjecimus
3208 5359 3288 5420 δὴ)
3316 5359 3479 5437 aget?
3508 5356 3701 5437 627796

2051 5432 2274 5509 pausam,
2309 5425 2455 5481 velut
2493 5428 2653 5497 pater
2696 5419 2975 5482 mendacii
3022 5425 3281 5480 existens.
3343 5419 3471 5476 llaec
3534 5419 3704 5476 Cote-

2050 5498 2306 5642 “iiiis
2336 5584 2539 5642 omnes
2570 5568 2740 5642 codd.
2772 5568 2987 5642 Queen.
3015 5581 3148 5620 cum
3172 5561 3343 5620 editis
3368 5562 3700 5633 Concilior.,

270 5648 430 5720 βιῳ
461 5637 540 5720 ac
590 5637 746 5720 mos,
778 5637 1215 5720 _conspersionis.
1267 5637 1583 5716 Antiquam
1630 5637 1940 5702 lectionem
2047 5637 3043 5720 pro'conguetajiduciaﬁduciatiter
3082 5651 3203 5720 age.

274 5712 602 5781 amandare
630 5712 955 5775 noluimus.

2130 5711 2229 5800 (τη)
2259 5712 2396 5774 Cod.
2429 5705 2596 5791 Chig.
2628 5705 2774 5770 et'in
2800 5706 3064 5785 margine
3092 5705 3234 5777 odit.
3265 5705 3596 5786 Concilior.,
3642 5706 3709 5773 in
