  <div class='ocr_page' id='page_1' title='image "/cluster/home/n/w/nwhite01/storage/ocr_20150623/54/hvd.32044054758636/401.png"; bbox 0 0 4062 6172; ppageno 0'>
   <div class='ocr_carea' id='block_1_1' title="bbox 431 211 631 293">
    <p class='ocr_par' dir='ltr' id='par_1_1' title="bbox 431 211 631 293">
     <span class='ocr_line' id='line_1_1' title="bbox 431 211 631 293; baseline -0.005 0"><span class='ocrx_word' id='word_1_1' title='bbox 431 227 456 258; x_wconf 54' lang='grc' dir='ltr'><strong>θ·</strong></span> <span class='ocrx_word' id='word_1_2' title='bbox 501 211 631 293; x_wconf 67' lang='grc' dir='ltr'><em>Μ</em></span> 
     </span>
    </p>
   </div>
   <div class='ocr_carea' id='block_1_2' title="bbox 1643 225 2786 298">
    <p class='ocr_par' dir='ltr' id='par_1_2' title="bbox 1643 225 2786 298">
     <span class='ocr_line' id='line_1_2' title="bbox 1643 225 2786 298; baseline 0.001 -4"><span class='ocrx_word' id='word_1_3' title='bbox 1643 227 1712 295; x_wconf 88' lang='lat' dir='ltr'><strong>S.</strong></span> <span class='ocrx_word' id='word_1_4' title='bbox 1745 227 2028 296; x_wconf 77' lang='lat' dir='ltr'><strong>LEONIS</strong></span> <span class='ocrx_word' id='word_1_5' title='bbox 2067 225 2323 296; x_wconf 78' lang='lat' dir='ltr'><strong>MAGNI</strong></span> <span class='ocrx_word' id='word_1_6' title='bbox 2340 228 2786 298; x_wconf 52' lang='lat' dir='ltr'><strong>‘EPISTOLE.</strong></span> 
     </span>
    </p>
   </div>
   <div class='ocr_carea' id='block_1_3' title="bbox 3733 224 3907 295">
    <p class='ocr_par' dir='ltr' id='par_1_3' title="bbox 3733 224 3907 295">
     <span class='ocr_line' id='line_1_3' title="bbox 3733 224 3907 295; baseline 0.017 -3"><span class='ocrx_word' id='word_1_7' title='bbox 3733 224 3907 295; x_wconf 44' lang='lat'><strong>54788</strong></span> 
     </span>
    </p>
   </div>
   <div class='ocr_carea' id='block_1_4' title="bbox 473 360 2153 439">
    <p class='ocr_par' dir='ltr' id='par_1_4' title="bbox 473 360 2153 439">
     <span class='ocr_line' id='line_1_4' title="bbox 473 360 2153 439; baseline 0.001 -17"><span class='ocrx_word' id='word_1_8' title='bbox 473 394 481 402; x_wconf 89' lang='lat'><strong>-</strong></span> <span class='ocrx_word' id='word_1_9' title='bbox 505 365 748 422; x_wconf 88' lang='lat' dir='ltr'><strong>docente</strong></span> <span class='ocrx_word' id='word_1_10' title='bbox 761 360 1072 431; x_wconf 78' lang='lat' dir='ltr'><strong>didicistis,</strong></span> <span class='ocrx_word' id='word_1_11' title='bbox 1093 363 1179 422; x_wconf 87' lang='lat' dir='ltr'><strong>illi</strong></span> <span class='ocrx_word' id='word_1_12' title='bbox 1199 380 1302 437; x_wconf 89' lang='lat' dir='ltr'><strong>per</strong></span> <span class='ocrx_word' id='word_1_13' title='bbox 1317 364 1514 422; x_wconf 83' lang='lat' dir='ltr'><strong>omnia</strong></span> <span class='ocrx_word' id='word_1_14' title='bbox 1533 369 1882 439; x_wconf 89' lang='lat' dir='ltr'><strong>potestatem</strong></span> <span class='ocrx_word' id='word_1_15' title='bbox 1903 370 2153 424; x_wconf 83' lang='lat' dir='ltr'><strong>vestram</strong></span> 
     </span>
    </p>
   </div>
   <div class='ocr_carea' id='block_1_5' title="bbox 2288 360 3863 439">
    <p class='ocr_par' dir='ltr' id='par_1_5' title="bbox 2290 370 3863 439">
     <span class='ocr_line' id='line_1_5' title="bbox 2290 370 3863 439; baseline 0.001 -15"><span class='ocrx_word' id='word_1_16' title='bbox 2290 375 2430 436; x_wconf 80' lang='grc' dir='ltr'><strong>ἁγίου</strong></span> <span class='ocrx_word' id='word_1_17' title='bbox 2452 375 2738 436; x_wconf 81' lang='grc' dir='ltr'>Πνεῦμ.ατος</span> <span class='ocrx_word' id='word_1_18' title='bbox 2751 376 3069 432; x_wconf 74' lang='grc' dir='ltr'>οιδᾶσκοντος</span> <span class='ocrx_word' id='word_1_19' title='bbox 3085 370 3427 439; x_wconf 65' lang='grc' dir='ltr'>μεμαθήκατε.</span> <span class='ocrx_word' id='word_1_20' title='bbox 3450 370 3630 436; x_wconf 74' lang='grc' dir='ltr'>Τούτῳ</span> <span class='ocrx_word' id='word_1_21' title='bbox 3647 373 3732 433; x_wconf 70' lang='grc' dir='ltr'><strong>τὴν</strong></span> <span class='ocrx_word' id='word_1_22' title='bbox 3748 376 3863 439; x_wconf 78' lang='grc' dir='ltr'>ὑμε-</span> 
     </span>
    </p>
   </div>
   <div class='ocr_carea' id='block_1_6' title="bbox 501 453 2157 529">
    <p class='ocr_par' dir='ltr' id='par_1_6' title="bbox 501 453 2157 529">
     <span class='ocr_line' id='line_1_6' title="bbox 501 453 2157 529; baseline -0.001 -17"><span class='ocrx_word' id='word_1_23' title='bbox 501 453 818 526; x_wconf 80' lang='lat' dir='ltr'><strong>subjicitis,</strong></span> <span class='ocrx_word' id='word_1_24' title='bbox 863 453 1036 526; x_wconf 88' lang='lat' dir='ltr'><strong>cujus</strong></span> <span class='ocrx_word' id='word_1_25' title='bbox 1083 471 1329 511; x_wconf 87' lang='lat' dir='ltr'><strong>munere</strong></span> <span class='ocrx_word' id='word_1_26' title='bbox 1371 460 1427 512; x_wconf 89' lang='lat' dir='ltr'><strong>et</strong></span> <span class='ocrx_word' id='word_1_27' title='bbox 1475 456 1830 527; x_wconf 90' lang='lat' dir='ltr'><strong>protectione</strong></span> <span class='ocrx_word' id='word_1_28' title='bbox 1879 455 2157 529; x_wconf 81' lang='lat' dir='ltr'><strong>regnetis.</strong></span> 
     </span>
    </p>
   </div>
   <div class='ocr_carea' id='block_1_7' title="bbox 497 542 2160 617">
    <p class='ocr_par' dir='ltr' id='par_1_7' title="bbox 497 542 2160 617">
     <span class='ocr_line' id='line_1_7' title="bbox 497 542 2160 617; baseline 0.001 -17"><span class='ocrx_word' id='word_1_29' title='bbox 497 543 662 600; x_wconf 84' lang='lat' dir='ltr'><strong>Unde</strong></span> <span class='ocrx_word' id='word_1_30' title='bbox 683 542 826 616; x_wconf 85' lang='lat' dir='ltr'><strong>quia</strong></span> <span class='ocrx_word' id='word_1_31' title='bbox 853 547 1058 600; x_wconf 88' lang='lat' dir='ltr'><strong>contra</strong></span> <span class='ocrx_word' id='word_1_32' title='bbox 1084 543 1479 617; x_wconf 82' lang='lat' dir='ltr'><strong>integritatem</strong></span> <span class='ocrx_word' id='word_1_33' title='bbox 1504 546 1635 602; x_wconf 77' lang='lat' dir='ltr'><strong>fidei</strong></span> <span class='ocrx_word' id='word_1_34' title='bbox 1660 545 2160 612; x_wconf 65' lang='lat' dir='ltr'><strong>Christianae,dis-</strong></span> 
     </span>
    </p>
   </div>
   <div class='ocr_carea' id='block_1_8' title="bbox 494 632 2160 708">
    <p class='ocr_par' dir='ltr' id='par_1_8' title="bbox 494 632 2160 708">
     <span class='ocr_line' id='line_1_8' title="bbox 494 632 2160 708; baseline -0.001 -16"><span class='ocrx_word' id='word_1_35' title='bbox 494 632 834 692; x_wconf 73' lang='lat' dir='ltr'><strong>aensionem</strong></span> <span class='ocrx_word' id='word_1_36' title='bbox 858 633 1180 706; x_wconf 83' lang='lat' dir='ltr'><strong>quamdam</strong></span> <span class='ocrx_word' id='word_1_37' title='bbox 1216 633 1280 690; x_wconf 89' lang='lat' dir='ltr'><strong>in</strong></span> <span class='ocrx_word' id='word_1_38' title='bbox 1299 634 1943 708; x_wconf 87' lang='lat' dir='ltr'><strong>Constantinopolitana</strong></span> <span class='ocrx_word' id='word_1_39' title='bbox 1970 634 2160 691; x_wconf 84' lang='lat' dir='ltr'><strong>Eccle-</strong></span> 
     </span>
    </p>
   </div>
   <div class='ocr_carea' id='block_1_9' title="bbox 497 719 2160 806">
    <p class='ocr_par' dir='ltr' id='par_1_9' title="bbox 497 719 2160 806">
     <span class='ocr_line' id='line_1_9' title="bbox 497 719 2160 806; baseline -0.001 -27"><span class='ocrx_word' id='word_1_40' title='bbox 497 721 611 791; x_wconf 79' lang='lat' dir='ltr'><strong>sia,</strong></span> <span class='ocrx_word' id='word_1_41' title='bbox 627 719 885 794; x_wconf 82' lang='lat' dir='ltr'><strong>Eutyche</strong></span> <span class='ocrx_word' id='word_1_42' title='bbox 906 726 1142 779; x_wconf 86' lang='lat' dir='ltr'><strong>auctore</strong></span> <span class='ocrx_word' id='word_1_43' title='bbox 1162 726 1522 806; x_wconf 71' lang='lat' dir='ltr'><strong>generatam,</strong></span> <span class='ocrx_word' id='word_1_44' title='bbox 1543 723 1741 781; x_wconf 80' lang='lat' dir='ltr'><strong>fratris</strong></span> <span class='ocrx_word' id='word_1_45' title='bbox 1759 729 1818 779; x_wconf 86' lang='lat' dir='ltr'><strong>et</strong></span> <span class='ocrx_word' id='word_1_46' title='bbox 1832 722 2160 796; x_wconf 90' lang='lat' dir='ltr'><strong>coepiscopi</strong></span> 
     </span>
    </p>
   </div>
   <div class='ocr_carea' id='block_1_10' title="bbox 500 809 2159 884">
    <p class='ocr_par' dir='ltr' id='par_1_10' title="bbox 500 809 2159 884">
     <span class='ocr_line' id='line_1_10' title="bbox 500 809 2159 884; baseline -0.001 -15"><span class='ocrx_word' id='word_1_47' title='bbox 500 810 619 869; x_wconf 87' lang='lat' dir='ltr'><strong>mei</strong></span> <span class='ocrx_word' id='word_1_48' title='bbox 650 810 911 868; x_wconf 85' lang='lat' dir='ltr'><strong>Flaviani</strong></span> <span class='ocrx_word' id='word_1_49' title='bbox 933 809 1215 868; x_wconf 80' lang='lat' dir='ltr'><strong>relatione</strong></span> <span class='ocrx_word' id='word_1_50' title='bbox 1237 812 1501 884; x_wconf 75' lang='lat' dir='ltr'><strong>cognovi,</strong></span> <span class='ocrx_word' id='word_1_51' title='bbox 1526 813 1606 868; x_wconf 91' lang='lat' dir='ltr'><strong>ita</strong></span> <span class='ocrx_word' id='word_1_52' title='bbox 1649 817 1712 868; x_wconf 91' lang='lat' dir='ltr'><strong>ut</strong></span> <span class='ocrx_word' id='word_1_53' title='bbox 1759 813 1940 868; x_wconf 79' lang='lat' dir='ltr'><strong>totius</strong></span> <span class='ocrx_word' id='word_1_54' title='bbox 1972 830 2159 868; x_wconf 71' lang='lat' dir='ltr'><strong>causa:</strong></span> 
     </span>
    </p>
   </div>
   <div class='ocr_carea' id='block_1_11' title="bbox 507 900 2162 976">
    <p class='ocr_par' dir='ltr' id='par_1_11' title="bbox 507 900 2162 976">
     <span class='ocr_line' id='line_1_11' title="bbox 507 900 2162 976; baseline -0.001 -18"><span class='ocrx_word' id='word_1_55' title='bbox 507 900 762 975; x_wconf 73' lang='lat' dir='ltr'><strong>speciem</strong></span> <span class='ocrx_word' id='word_1_56' title='bbox 785 900 1156 974; x_wconf 83' lang='lat' dir='ltr'><strong>synodalium</strong></span> <span class='ocrx_word' id='word_1_57' title='bbox 1178 905 1477 976; x_wconf 87' lang='lat' dir='ltr'><strong>gestorum</strong></span> <span class='ocrx_word' id='word_1_58' title='bbox 1501 907 1696 959; x_wconf 83' lang='lat' dir='ltr'><strong>textus</strong></span> <span class='ocrx_word' id='word_1_59' title='bbox 1715 903 2162 971; x_wconf 88' lang='lat' dir='ltr'><strong>ostenderet,di-</strong></span> 
     </span>
    </p>
   </div>
   <div class='ocr_carea' id='block_1_12' title="bbox 506 989 2163 1064">
    <p class='ocr_par' dir='ltr' id='par_1_12' title="bbox 506 989 2163 1064">
     <span class='ocr_line' id='line_1_12' title="bbox 506 989 2163 1064; baseline 0.001 -17"><span class='ocrx_word' id='word_1_60' title='bbox 506 1006 691 1063; x_wconf 86' lang='lat' dir='ltr'><strong>gnum</strong></span> <span class='ocrx_word' id='word_1_61' title='bbox 712 989 911 1064; x_wconf 67' lang='lat' dir='ltr'><strong>gloria</strong></span> <span class='ocrx_word' id='word_1_62' title='bbox 928 993 1134 1048; x_wconf 69' lang='lat' dir='ltr'><strong>vestrm</strong></span> <span class='ocrx_word' id='word_1_63' title='bbox 1151 995 1241 1047; x_wconf 90' lang='lat' dir='ltr'><strong>est</strong></span> <span class='ocrx_word' id='word_1_64' title='bbox 1259 994 1325 1047; x_wconf 92' lang='lat' dir='ltr'><strong>ut</strong></span> <span class='ocrx_word' id='word_1_65' title='bbox 1342 1008 1504 1048; x_wconf 89' lang='lat' dir='ltr'><strong>error</strong></span> <span class='ocrx_word' id='word_1_66' title='bbox 1522 992 1623 1064; x_wconf 91' lang='lat' dir='ltr'><strong>qui</strong></span> <span class='ocrx_word' id='word_1_67' title='bbox 1645 993 1716 1048; x_wconf 91' lang='lat' dir='ltr'><strong>de</strong></span> <span class='ocrx_word' id='word_1_68' title='bbox 1731 992 2025 1064; x_wconf 83' lang='lat' dir='ltr'><strong>imperitia</strong></span> <span class='ocrx_word' id='word_1_69' title='bbox 2045 1010 2163 1049; x_wconf 90' lang='lat' dir='ltr'><strong>ma-</strong></span> 
     </span>
    </p>
   </div>
   <div class='ocr_carea' id='block_1_13' title="bbox 508 1079 2159 1154">
    <p class='ocr_par' dir='ltr' id='par_1_13' title="bbox 508 1079 2159 1154">
     <span class='ocr_line' id='line_1_13' title="bbox 508 1079 2159 1154; baseline 0 -18"><span class='ocrx_word' id='word_1_70' title='bbox 508 1079 602 1153; x_wconf 90' lang='lat' dir='ltr'><strong>gis</strong></span> <span class='ocrx_word' id='word_1_71' title='bbox 623 1095 802 1152; x_wconf 90' lang='lat' dir='ltr'><strong>quam</strong></span> <span class='ocrx_word' id='word_1_72' title='bbox 823 1081 896 1136; x_wconf 91' lang='lat' dir='ltr'><strong>de</strong></span> <span class='ocrx_word' id='word_1_73' title='bbox 909 1080 1164 1137; x_wconf 86' lang='lat' dir='ltr'><strong>versutia</strong></span> <span class='ocrx_word' id='word_1_74' title='bbox 1184 1083 1358 1136; x_wconf 90' lang='lat' dir='ltr'><strong>natus</strong></span> <span class='ocrx_word' id='word_1_75' title='bbox 1377 1084 1468 1136; x_wconf 89' lang='lat' dir='ltr'><strong>est</strong></span> <span class='ocrx_word' id='word_1_76' title='bbox 1481 1081 1798 1148; x_wconf 72' lang='lat' dir='ltr'><strong>auferatur,</strong></span> <span class='ocrx_word' id='word_1_77' title='bbox 1813 1081 2159 1154; x_wconf 88' lang='lat' dir='ltr'><strong>priusquam</strong></span> 
     </span>
    </p>
   </div>
   <div class='ocr_carea' id='block_1_14' title="bbox 510 1167 2162 1244">
    <p class='ocr_par' dir='ltr' id='par_1_14' title="bbox 510 1167 2162 1244">
     <span class='ocr_line' id='line_1_14' title="bbox 510 1167 2162 1244; baseline 0.002 -20"><span class='ocrx_word' id='word_1_78' title='bbox 510 1167 666 1226; x_wconf 88' lang='lat' dir='ltr'><strong>ullas</strong></span> <span class='ocrx_word' id='word_1_79' title='bbox 703 1168 856 1226; x_wconf 87' lang='lat' dir='ltr'><strong>vires</strong></span> <span class='ocrx_word' id='word_1_80' title='bbox 897 1169 969 1225; x_wconf 91' lang='lat' dir='ltr'><strong>de</strong></span> <span class='ocrx_word' id='word_1_81' title='bbox 1015 1183 1304 1227; x_wconf 90' lang='lat' dir='ltr'><strong>consensu</strong></span> <span class='ocrx_word' id='word_1_82' title='bbox 1353 1171 1817 1243; x_wconf 89' lang='lat' dir='ltr'><strong>imprudentium</strong></span> <span class='ocrx_word' id='word_1_83' title='bbox 1843 1171 2162 1244; x_wconf 86' lang='lat' dir='ltr'><strong>pertinacia</strong></span> 
     </span>
    </p>
   </div>
   <div class='ocr_carea' id='block_1_15' title="bbox 511 1257 2161 1332">
    <p class='ocr_par' dir='ltr' id='par_1_15' title="bbox 511 1257 2161 1332">
     <span class='ocr_line' id='line_1_15' title="bbox 511 1257 2161 1332; baseline 0.002 -18"><span class='ocrx_word' id='word_1_84' title='bbox 511 1257 815 1332; x_wconf 86' lang='lat' dir='ltr'><strong>pravitatis</strong></span> <span class='ocrx_word' id='word_1_85' title='bbox 851 1258 1134 1331; x_wconf 86' lang='lat' dir='ltr'><strong>acquirat.</strong></span> <span class='ocrx_word' id='word_1_86' title='bbox 1153 1259 1299 1315; x_wconf 86' lang='lat' dir='ltr'><strong>Nam</strong></span> <span class='ocrx_word' id='word_1_87' title='bbox 1323 1263 1609 1332; x_wconf 90' lang='lat' dir='ltr'><strong>quantum</strong></span> <span class='ocrx_word' id='word_1_88' title='bbox 1631 1261 1935 1317; x_wconf 89' lang='lat' dir='ltr'><strong>Nestorius</strong></span> <span class='ocrx_word' id='word_1_89' title='bbox 1955 1279 1989 1317; x_wconf 91' lang='lat' dir='ltr'><strong>a</strong></span> <span class='ocrx_word' id='word_1_90' title='bbox 2007 1261 2161 1317; x_wconf 89' lang='lat' dir='ltr'><strong>veri-</strong></span> 
     </span>
    </p>
   </div>
   <div class='ocr_carea' id='block_1_16' title="bbox 511 1346 2161 1417">
    <p class='ocr_par' dir='ltr' id='par_1_16' title="bbox 511 1346 2161 1417">
     <span class='ocr_line' id='line_1_16' title="bbox 511 1346 2161 1417; baseline 0.001 -13"><span class='ocrx_word' id='word_1_91' title='bbox 511 1351 630 1404; x_wconf 85' lang='lat' dir='ltr'><strong>tate</strong></span> <span class='ocrx_word' id='word_1_92' title='bbox 658 1346 1048 1417; x_wconf 77' lang='lat' dir='ltr'><strong>excidit,dum</strong></span> <span class='ocrx_word' id='word_1_93' title='bbox 1070 1347 1387 1404; x_wconf 91' lang='lat' dir='ltr'><strong>Dominum</strong></span> <span class='ocrx_word' id='word_1_94' title='bbox 1410 1348 1442 1405; x_wconf 87' lang='lat' dir='ltr'><strong>J</strong></span> <span class='ocrx_word' id='word_1_95' title='bbox 1449 1364 1618 1405; x_wconf 91' lang='lat' dir='ltr'><strong>esum</strong></span> <span class='ocrx_word' id='word_1_96' title='bbox 1633 1349 1926 1406; x_wconf 89' lang='lat' dir='ltr'><strong>Christum</strong></span> <span class='ocrx_word' id='word_1_97' title='bbox 1950 1350 2020 1406; x_wconf 91' lang='lat' dir='ltr'><strong>de</strong></span> <span class='ocrx_word' id='word_1_98' title='bbox 2042 1367 2161 1406; x_wconf 89' lang='lat' dir='ltr'><strong>ma-</strong></span> 
     </span>
    </p>
   </div>
   <div class='ocr_carea' id='block_1_17' title="bbox 505 1435 2158 1510">
    <p class='ocr_par' dir='ltr' id='par_1_17' title="bbox 505 1435 2158 1510">
     <span class='ocr_line' id='line_1_17' title="bbox 505 1435 2158 1510; baseline 0.002 -18"><span class='ocrx_word' id='word_1_99' title='bbox 505 1439 597 1494; x_wconf 88' lang='lat' dir='ltr'><strong>tre</strong></span> <span class='ocrx_word' id='word_1_100' title='bbox 624 1435 850 1510; x_wconf 86' lang='lat' dir='ltr'><strong>virgine</strong></span> <span class='ocrx_word' id='word_1_101' title='bbox 877 1435 1179 1494; x_wconf 85' lang='lat' dir='ltr'><strong>hominem</strong></span> <span class='ocrx_word' id='word_1_102' title='bbox 1212 1436 1404 1494; x_wconf 89' lang='lat' dir='ltr'><strong>solum</strong></span> <span class='ocrx_word' id='word_1_103' title='bbox 1434 1439 1646 1494; x_wconf 87' lang='lat' dir='ltr'><strong>asserit</strong></span> <span class='ocrx_word' id='word_1_104' title='bbox 1679 1442 1904 1506; x_wconf 89' lang='lat' dir='ltr'><strong>natum,</strong></span> <span class='ocrx_word' id='word_1_105' title='bbox 1929 1443 2158 1495; x_wconf 78' lang='lat' dir='ltr'><strong>tantum</strong></span> 
     </span>
    </p>
   </div>
   <div class='ocr_carea' id='block_1_18' title="bbox 505 1525 2159 1600">
    <p class='ocr_par' dir='ltr' id='par_1_18' title="bbox 505 1525 2159 1600">
     <span class='ocr_line' id='line_1_18' title="bbox 505 1525 2159 1600; baseline 0.001 -17"><span class='ocrx_word' id='word_1_106' title='bbox 505 1526 685 1584; x_wconf 85' lang='lat' dir='ltr'><strong>etiam</strong></span> <span class='ocrx_word' id='word_1_107' title='bbox 710 1526 806 1583; x_wconf 90' lang='lat' dir='ltr'><strong>hic</strong></span> <span class='ocrx_word' id='word_1_108' title='bbox 836 1543 871 1582; x_wconf 87' lang='lat' dir='ltr'><strong>a</strong></span> <span class='ocrx_word' id='word_1_109' title='bbox 897 1525 1184 1582; x_wconf 90' lang='lat' dir='ltr'><strong>catholico</strong></span> <span class='ocrx_word' id='word_1_110' title='bbox 1207 1526 1441 1582; x_wconf 88' lang='lat' dir='ltr'><strong>tramite</strong></span> <span class='ocrx_word' id='word_1_111' title='bbox 1467 1527 1716 1584; x_wconf 89' lang='lat' dir='ltr'><strong>deviavit</strong></span> <span class='ocrx_word' id='word_1_112' title='bbox 1737 1528 1837 1600; x_wconf 90' lang='lat' dir='ltr'><strong>qui</strong></span> <span class='ocrx_word' id='word_1_113' title='bbox 1859 1529 1930 1585; x_wconf 92' lang='lat' dir='ltr'><strong>de</strong></span> <span class='ocrx_word' id='word_1_114' title='bbox 1955 1529 2159 1585; x_wconf 90' lang='lat' dir='ltr'><strong>eadem</strong></span> 
     </span>
    </p>
   </div>
   <div class='ocr_carea' id='block_1_19' title="bbox 506 1614 2162 1690">
    <p class='ocr_par' dir='ltr' id='par_1_19' title="bbox 506 1614 2162 1690">
     <span class='ocr_line' id='line_1_19' title="bbox 506 1614 2162 1690; baseline 0.001 -18"><span class='ocrx_word' id='word_1_115' title='bbox 506 1614 730 1690; x_wconf 85' lang='lat' dir='ltr'><strong>virgine</strong></span> <span class='ocrx_word' id='word_1_116' title='bbox 769 1615 998 1672; x_wconf 91' lang='lat' dir='ltr'><strong>editum</strong></span> <span class='ocrx_word' id='word_1_117' title='bbox 1028 1632 1144 1672; x_wconf 88' lang='lat' dir='ltr'><strong>non</strong></span> <span class='ocrx_word' id='word_1_118' title='bbox 1175 1619 1386 1672; x_wconf 72' lang='lat' dir='ltr'><strong>nostrae</strong></span> <span class='ocrx_word' id='word_1_119' title='bbox 1426 1616 1610 1672; x_wconf 88' lang='lat' dir='ltr'><strong>credit</strong></span> <span class='ocrx_word' id='word_1_120' title='bbox 1634 1632 1763 1674; x_wconf 87' lang='lat' dir='ltr'><strong>esse</strong></span> <span class='ocrx_word' id='word_1_121' title='bbox 1793 1621 2014 1673; x_wconf 69' lang='lat' dir='ltr'><strong>natura:</strong></span> <span class='ocrx_word' id='word_1_122' title='bbox 2048 1634 2061 1672; x_wconf 91' lang='lat'>:</span> <span class='ocrx_word' id='word_1_123' title='bbox 2096 1623 2162 1673; x_wconf 92' lang='lat' dir='ltr'><strong>ut</strong></span> 
     </span>
    </p>
   </div>
   <div class='ocr_carea' id='block_1_20' title="bbox 509 1705 2238 1806">
    <p class='ocr_par' dir='ltr' id='par_1_20' title="bbox 509 1705 2238 1806">
     <span class='ocr_line' id='line_1_20' title="bbox 509 1705 2238 1806; baseline 0 -44"><span class='ocrx_word' id='word_1_124' title='bbox 509 1706 669 1779; x_wconf 91' lang='lat' dir='ltr'><strong>quod</strong></span> <span class='ocrx_word' id='word_1_125' title='bbox 700 1705 951 1806; x_wconf 41' lang='lat' dir='ltr'><strong>form-am</strong></span> <span class='ocrx_word' id='word_1_126' title='bbox 979 1705 1148 1806; x_wconf 36' lang='lat' dir='ltr'><strong>oservi</strong></span> <span class='ocrx_word' id='word_1_127' title='bbox 1178 1705 1380 1806; x_wconf 75' lang='lat' dir='ltr'><strong>gessit,</strong></span> <span class='ocrx_word' id='word_1_128' title='bbox 1397 1706 1552 1806; x_wconf 80' lang='lat' dir='ltr'><strong>quod</strong></span> <span class='ocrx_word' id='word_1_129' title='bbox 1592 1707 1776 1762; x_wconf 86' lang='lat' dir='ltr'><strong>nostri</strong></span> <span class='ocrx_word' id='word_1_130' title='bbox 1809 1707 2021 1762; x_wconf 87' lang='lat' dir='ltr'><strong>similis</strong></span> <span class='ocrx_word' id='word_1_131' title='bbox 2051 1706 2162 1762; x_wconf 87' lang='lat' dir='ltr'><strong>fuit</strong></span> <span class='ocrx_word' id='word_1_132' title='bbox 2191 1743 2238 1806; x_wconf 79' lang='grc' dir='ltr'><strong>Β</strong></span> 
     </span>
    </p>
   </div>
   <div class='ocr_carea' id='block_1_21' title="bbox 508 1793 2163 1866">
    <p class='ocr_par' dir='ltr' id='par_1_21' title="bbox 508 1793 2163 1866">
     <span class='ocr_line' id='line_1_21' title="bbox 508 1793 2163 1866; baseline 0 -14"><span class='ocrx_word' id='word_1_133' title='bbox 508 1798 686 1866; x_wconf 83' lang='lat' dir='ltr'><strong>atque</strong></span> <span class='ocrx_word' id='word_1_134' title='bbox 711 1793 1048 1862; x_wconf 85' lang='lat' dir='ltr'><strong>conformis,</strong></span> <span class='ocrx_word' id='word_1_135' title='bbox 1074 1793 1227 1851; x_wconf 72' lang='lat'><strong>849</strong></span> <span class='ocrx_word' id='word_1_136' title='bbox 1249 1795 1518 1866; x_wconf 59' lang='lat' dir='ltr'><strong>quaedam</strong></span> <span class='ocrx_word' id='word_1_137' title='bbox 1541 1799 1752 1851; x_wconf 71' lang='lat' dir='ltr'><strong>nostrae</strong></span> <span class='ocrx_word' id='word_1_138' title='bbox 1778 1796 1971 1852; x_wconf 88' lang='lat' dir='ltr'><strong>carnis</strong></span> <span class='ocrx_word' id='word_1_139' title='bbox 1989 1796 2163 1852; x_wconf 79' lang='lat' dir='ltr'><strong>fuerit</strong></span> 
     </span>
    </p>
   </div>
   <div class='ocr_carea' id='block_1_22' title="bbox 510 1881 2157 1956">
    <p class='ocr_par' dir='ltr' id='par_1_22' title="bbox 510 1881 2157 1956">
     <span class='ocr_line' id='line_1_22' title="bbox 510 1881 2157 1956; baseline 0.001 -17"><span class='ocrx_word' id='word_1_140' title='bbox 510 1883 727 1956; x_wconf 84' lang='lat' dir='ltr'><strong>imago,</strong></span> <span class='ocrx_word' id='word_1_141' title='bbox 750 1899 868 1939; x_wconf 87' lang='lat' dir='ltr'><strong>non</strong></span> <span class='ocrx_word' id='word_1_142' title='bbox 895 1883 1130 1939; x_wconf 89' lang='lat' dir='ltr'><strong>veritas.</strong></span> <span class='ocrx_word' id='word_1_143' title='bbox 1162 1881 1319 1938; x_wconf 91' lang='lat' dir='ltr'><strong>Nihil</strong></span> <span class='ocrx_word' id='word_1_144' title='bbox 1351 1887 1546 1939; x_wconf 89' lang='lat' dir='ltr'><strong>autem</strong></span> <span class='ocrx_word' id='word_1_145' title='bbox 1583 1885 1819 1956; x_wconf 88' lang='lat' dir='ltr'><strong>prodest</strong></span> <span class='ocrx_word' id='word_1_146' title='bbox 1845 1884 2157 1940; x_wconf 87' lang='lat' dir='ltr'><strong>Dominum</strong></span> 
     </span>
    </p>
   </div>
   <div class='ocr_carea' id='block_1_23' title="bbox 509 1971 2160 2045">
    <p class='ocr_par' dir='ltr' id='par_1_23' title="bbox 509 1971 2160 2045">
     <span class='ocr_line' id='line_1_23' title="bbox 509 1971 2160 2045; baseline 0.001 -16"><span class='ocrx_word' id='word_1_147' title='bbox 509 1975 780 2030; x_wconf 88' lang='lat' dir='ltr'><strong>nostrum</strong></span> <span class='ocrx_word' id='word_1_148' title='bbox 810 1972 990 2029; x_wconf 66' lang='lat' dir='ltr'><strong>beatae</strong></span> <span class='ocrx_word' id='word_1_149' title='bbox 1012 1972 1090 2044; x_wconf 88' lang='lat' dir='ltr'><strong>(a)</strong></span> <span class='ocrx_word' id='word_1_150' title='bbox 1122 1971 1317 2028; x_wconf 82' lang='lat' dir='ltr'><strong>Mariae</strong></span> <span class='ocrx_word' id='word_1_151' title='bbox 1346 1972 1593 2045; x_wconf 86' lang='lat' dir='ltr'><strong>virginis</strong></span> <span class='ocrx_word' id='word_1_152' title='bbox 1623 1973 1829 2041; x_wconf 84' lang='lat' dir='ltr'><strong>lilium,</strong></span> <span class='ocrx_word' id='word_1_153' title='bbox 1861 1973 2160 2030; x_wconf 89' lang='lat' dir='ltr'><strong>hominem</strong></span> 
     </span>
    </p>
   </div>
   <div class='ocr_carea' id='block_1_24' title="bbox 508 2059 2160 2133">
    <p class='ocr_par' dir='ltr' id='par_1_24' title="bbox 508 2059 2160 2133">
     <span class='ocr_line' id='line_1_24' title="bbox 508 2059 2160 2133; baseline 0 -15"><span class='ocrx_word' id='word_1_154' title='bbox 508 2062 722 2131; x_wconf 87' lang='lat' dir='ltr'><strong>dicere,</strong></span> <span class='ocrx_word' id='word_1_155' title='bbox 746 2061 796 2118; x_wconf 91' lang='lat' dir='ltr'><strong>si</strong></span> <span class='ocrx_word' id='word_1_156' title='bbox 827 2078 942 2118; x_wconf 91' lang='lat' dir='ltr'><strong>non</strong></span> <span class='ocrx_word' id='word_1_157' title='bbox 973 2059 1131 2116; x_wconf 90' lang='lat' dir='ltr'><strong>illius</strong></span> <span class='ocrx_word' id='word_1_158' title='bbox 1163 2060 1393 2133; x_wconf 87' lang='lat' dir='ltr'><strong>generis</strong></span> <span class='ocrx_word' id='word_1_159' title='bbox 1413 2077 1479 2116; x_wconf 91' lang='lat' dir='ltr'><strong>ac</strong></span> <span class='ocrx_word' id='word_1_160' title='bbox 1508 2061 1750 2118; x_wconf 80' lang='lat' dir='ltr'><strong>seminis</strong></span> <span class='ocrx_word' id='word_1_161' title='bbox 1779 2062 1954 2118; x_wconf 91' lang='lat' dir='ltr'><strong>homo</strong></span> <span class='ocrx_word' id='word_1_162' title='bbox 1977 2064 2160 2119; x_wconf 88' lang='lat' dir='ltr'><strong>credi-</strong></span> 
     </span>
    </p>
   </div>
   <div class='ocr_carea' id='block_1_25' title="bbox 508 2149 2158 2224">
    <p class='ocr_par' dir='ltr' id='par_1_25' title="bbox 508 2149 2158 2224">
     <span class='ocr_line' id='line_1_25' title="bbox 508 2149 2158 2224; baseline 0.001 -17"><span class='ocrx_word' id='word_1_163' title='bbox 508 2153 628 2219; x_wconf 87' lang='lat' dir='ltr'><strong>tur,</strong></span> <span class='ocrx_word' id='word_1_164' title='bbox 652 2149 822 2222; x_wconf 67' lang='lat' dir='ltr'><strong>cuius</strong></span> <span class='ocrx_word' id='word_1_165' title='bbox 860 2150 922 2206; x_wconf 92' lang='lat' dir='ltr'><strong>in</strong></span> <span class='ocrx_word' id='word_1_166' title='bbox 974 2149 1104 2223; x_wconf 86' lang='lat' dir='ltr'><strong>ipso</strong></span> <span class='ocrx_word' id='word_1_167' title='bbox 1155 2149 1450 2222; x_wconf 87' lang='lat' dir='ltr'><strong>Evangelii</strong></span> <span class='ocrx_word' id='word_1_168' title='bbox 1503 2149 1735 2206; x_wconf 86' lang='lat' dir='ltr'><strong>exordio</strong></span> <span class='ocrx_word' id='word_1_169' title='bbox 1787 2153 2158 2224; x_wconf 82' lang='lat' dir='ltr'><strong>praedicatur.</strong></span> 
     </span>
    </p>
   </div>
   <div class='ocr_carea' id='block_1_26' title="bbox 507 2237 2159 2313">
    <p class='ocr_par' dir='ltr' id='par_1_26' title="bbox 507 2237 2159 2313">
     <span class='ocr_line' id='line_1_26' title="bbox 507 2237 2159 2313; baseline 0.001 -17"><span class='ocrx_word' id='word_1_170' title='bbox 507 2239 674 2296; x_wconf 87' lang='lat' dir='ltr'><strong>Unde</strong></span> <span class='ocrx_word' id='word_1_171' title='bbox 702 2237 962 2296; x_wconf 91' lang='lat' dir='ltr'><strong>multum</strong></span> <span class='ocrx_word' id='word_1_172' title='bbox 992 2237 1178 2306; x_wconf 91' lang='lat' dir='ltr'><strong>doleo,</strong></span> <span class='ocrx_word' id='word_1_173' title='bbox 1221 2237 1594 2311; x_wconf 90' lang='lat' dir='ltr'><strong>multumque</strong></span> <span class='ocrx_word' id='word_1_174' title='bbox 1636 2240 1969 2308; x_wconf 89' lang='lat' dir='ltr'><strong>contristor,</strong></span> <span class='ocrx_word' id='word_1_175' title='bbox 2002 2242 2159 2313; x_wconf 89' lang='lat' dir='ltr'><strong>quod</strong></span> 
     </span>
    </p>
   </div>
   <div class='ocr_carea' id='block_1_27' title="bbox 505 2326 2158 2401">
    <p class='ocr_par' dir='ltr' id='par_1_27' title="bbox 505 2326 2158 2401">
     <span class='ocr_line' id='line_1_27' title="bbox 505 2326 2158 2401; baseline 0.001 -17"><span class='ocrx_word' id='word_1_176' title='bbox 505 2327 603 2385; x_wconf 87' lang='lat' dir='ltr'><strong>hic</strong></span> <span class='ocrx_word' id='word_1_177' title='bbox 632 2327 734 2401; x_wconf 91' lang='lat' dir='ltr'><strong>qui</strong></span> <span class='ocrx_word' id='word_1_178' title='bbox 765 2330 937 2385; x_wconf 85' lang='lat' dir='ltr'><strong>antea</strong></span> <span class='ocrx_word' id='word_1_179' title='bbox 956 2327 1028 2384; x_wconf 93' lang='lat' dir='ltr'><strong>de</strong></span> <span class='ocrx_word' id='word_1_180' title='bbox 1052 2326 1405 2384; x_wconf 85' lang='lat' dir='ltr'><strong>humilitatis</strong></span> <span class='ocrx_word' id='word_1_181' title='bbox 1423 2327 1720 2401; x_wconf 86' lang='lat' dir='ltr'><strong>proposito</strong></span> <span class='ocrx_word' id='word_1_182' title='bbox 1742 2328 2055 2386; x_wconf 87' lang='lat' dir='ltr'><strong>laudabilis</strong></span> <span class='ocrx_word' id='word_1_183' title='bbox 2078 2331 2158 2386; x_wconf 90' lang='lat' dir='ltr'><strong>vi-</strong></span> 
     </span>
    </p>
   </div>
   <div class='ocr_carea' id='block_1_28' title="bbox 505 2415 2161 2492">
    <p class='ocr_par' dir='ltr' id='par_1_28' title="bbox 505 2415 2161 2492">
     <span class='ocr_line' id='line_1_28' title="bbox 505 2415 2161 2492; baseline 0.001 -18"><span class='ocrx_word' id='word_1_184' title='bbox 505 2417 774 2486; x_wconf 85' lang='lat' dir='ltr'><strong>debatur,</strong></span> <span class='ocrx_word' id='word_1_185' title='bbox 800 2419 1003 2473; x_wconf 88' lang='lat' dir='ltr'><strong>contra</strong></span> <span class='ocrx_word' id='word_1_186' title='bbox 1030 2415 1268 2472; x_wconf 89' lang='lat' dir='ltr'><strong>unicam</strong></span> <span class='ocrx_word' id='word_1_187' title='bbox 1298 2432 1464 2490; x_wconf 90' lang='lat' dir='ltr'><strong>spem</strong></span> <span class='ocrx_word' id='word_1_188' title='bbox 1496 2421 1758 2474; x_wconf 89' lang='lat' dir='ltr'><strong>nostram</strong></span> <span class='ocrx_word' id='word_1_189' title='bbox 1810 2423 2161 2492; x_wconf 87' lang='lat' dir='ltr'><strong>patrumque</strong></span> 
     </span>
    </p>
   </div>
   <div class='ocr_carea' id='block_1_29' title="bbox 505 2504 2156 2578">
    <p class='ocr_par' dir='ltr' id='par_1_29' title="bbox 505 2504 2156 2578">
     <span class='ocr_line' id='line_1_29' title="bbox 505 2504 2156 2578; baseline 0.001 -15"><span class='ocrx_word' id='word_1_190' title='bbox 505 2509 866 2576; x_wconf 88' lang='lat' dir='ltr'><strong>nostrorum,</strong></span> <span class='ocrx_word' id='word_1_191' title='bbox 884 2521 1035 2561; x_wconf 87' lang='lat' dir='ltr'><strong>vana</strong></span> <span class='ocrx_word' id='word_1_192' title='bbox 1062 2509 1121 2561; x_wconf 92' lang='lat' dir='ltr'><strong>et</strong></span> <span class='ocrx_word' id='word_1_193' title='bbox 1151 2504 1330 2561; x_wconf 90' lang='lat' dir='ltr'><strong>nimis</strong></span> <span class='ocrx_word' id='word_1_194' title='bbox 1372 2521 1642 2578; x_wconf 84' lang='lat' dir='ltr'><strong>perversa</strong></span> <span class='ocrx_word' id='word_1_195' title='bbox 1669 2507 1847 2562; x_wconf 89' lang='lat' dir='ltr'><strong>audet</strong></span> <span class='ocrx_word' id='word_1_196' title='bbox 1876 2513 2156 2565; x_wconf 87' lang='lat' dir='ltr'><strong>astruere.</strong></span> 
     </span>
    </p>
   </div>
   <div class='ocr_carea' id='block_1_30' title="bbox 507 2592 2160 2667">
    <p class='ocr_par' dir='ltr' id='par_1_30' title="bbox 507 2592 2160 2667">
     <span class='ocr_line' id='line_1_30' title="bbox 507 2592 2160 2667; baseline 0.001 -16"><span class='ocrx_word' id='word_1_197' title='bbox 507 2594 617 2659; x_wconf 87' lang='lat' dir='ltr'><strong>Qui</strong></span> <span class='ocrx_word' id='word_1_198' title='bbox 646 2610 783 2651; x_wconf 87' lang='lat' dir='ltr'><strong>cum</strong></span> <span class='ocrx_word' id='word_1_199' title='bbox 811 2592 1036 2650; x_wconf 88' lang='lat' dir='ltr'><strong>videret</strong></span> <span class='ocrx_word' id='word_1_200' title='bbox 1062 2593 1413 2667; x_wconf 61' lang='lat' dir='ltr'><strong>insipientia!</strong></span> <span class='ocrx_word' id='word_1_201' title='bbox 1443 2612 1561 2652; x_wconf 74' lang='lat' dir='ltr'><strong>suae</strong></span> <span class='ocrx_word' id='word_1_202' title='bbox 1592 2612 1830 2652; x_wconf 88' lang='lat' dir='ltr'><strong>sensum</strong></span> <span class='ocrx_word' id='word_1_203' title='bbox 1858 2597 2160 2654; x_wconf 88' lang='lat' dir='ltr'><strong>catholicis</strong></span> 
     </span>
    </p>
   </div>
   <div class='ocr_carea' id='block_1_31' title="bbox 511 2681 2156 2756">
    <p class='ocr_par' dir='ltr' id='par_1_31' title="bbox 511 2681 2156 2756">
     <span class='ocr_line' id='line_1_31' title="bbox 511 2681 2156 2756; baseline 0.002 -16"><span class='ocrx_word' id='word_1_204' title='bbox 511 2683 754 2741; x_wconf 86' lang='lat' dir='ltr'><strong>auribus</strong></span> <span class='ocrx_word' id='word_1_205' title='bbox 783 2681 1116 2755; x_wconf 88' lang='lat' dir='ltr'><strong>displicere,</strong></span> <span class='ocrx_word' id='word_1_206' title='bbox 1147 2699 1414 2740; x_wconf 89' lang='lat' dir='ltr'><strong>revocare</strong></span> <span class='ocrx_word' id='word_1_207' title='bbox 1444 2698 1506 2739; x_wconf 90' lang='lat' dir='ltr'><strong>se</strong></span> <span class='ocrx_word' id='word_1_208' title='bbox 1549 2701 1583 2738; x_wconf 89' lang='lat' dir='ltr'><strong>a</strong></span> <span class='ocrx_word' id='word_1_209' title='bbox 1620 2701 1729 2740; x_wconf 89' lang='lat' dir='ltr'><strong>sua</strong></span> <span class='ocrx_word' id='word_1_210' title='bbox 1757 2685 2030 2756; x_wconf 89' lang='lat' dir='ltr'><strong>opinione</strong></span> <span class='ocrx_word' id='word_1_211' title='bbox 2059 2687 2156 2743; x_wconf 90' lang='lat' dir='ltr'><strong>de-</strong></span> 
     </span>
    </p>
   </div>
   <div class='ocr_carea' id='block_1_32' title="bbox 441 2763 2160 2844">
    <p class='ocr_par' dir='ltr' id='par_1_32' title="bbox 441 2763 2160 2844">
     <span class='ocr_line' id='line_1_32' title="bbox 441 2763 2160 2844; baseline 0.001 -14"><span class='ocrx_word' id='word_1_212' title='bbox 441 2763 445 2768; x_wconf 66' lang='grc'><em>’</em></span> <span class='ocrx_word' id='word_1_213' title='bbox 507 2772 738 2838; x_wconf 83' lang='lat' dir='ltr'><strong>huerat,</strong></span> <span class='ocrx_word' id='word_1_214' title='bbox 763 2772 838 2844; x_wconf 86' lang='lat' dir='ltr'><strong>(b)</strong></span> <span class='ocrx_word' id='word_1_215' title='bbox 859 2787 965 2828; x_wconf 90' lang='lat' dir='ltr'><strong>nec</strong></span> <span class='ocrx_word' id='word_1_216' title='bbox 990 2771 1072 2828; x_wconf 90' lang='lat' dir='ltr'><strong>ita</strong></span> <span class='ocrx_word' id='word_1_217' title='bbox 1098 2770 1367 2828; x_wconf 66' lang='lat' dir='ltr'><strong>Ecclesia</strong></span> <span class='ocrx_word' id='word_1_218' title='bbox 1397 2771 1675 2843; x_wconf 59' lang='lat' dir='ltr'><strong>praesules</strong></span> <span class='ocrx_word' id='word_1_219' title='bbox 1694 2789 2078 2843; x_wconf 89' lang='lat' dir='ltr'><strong>commovere,</strong></span> <span class='ocrx_word' id='word_1_220' title='bbox 2095 2779 2160 2831; x_wconf 91' lang='lat' dir='ltr'><strong>ut</strong></span> 
     </span>
    </p>
   </div>
   <div class='ocr_carea' id='block_1_33' title="bbox 510 2860 2157 2934">
    <p class='ocr_par' dir='ltr' id='par_1_33' title="bbox 510 2860 2157 2934">
     <span class='ocr_line' id='line_1_33' title="bbox 510 2860 2157 2934; baseline -0.001 -15"><span class='ocrx_word' id='word_1_221' title='bbox 510 2861 863 2920; x_wconf 86' lang='lat' dir='ltr'><strong>sententiam</strong></span> <span class='ocrx_word' id='word_1_222' title='bbox 891 2860 1289 2918; x_wconf 89' lang='lat' dir='ltr'><strong>damnationis</strong></span> <span class='ocrx_word' id='word_1_223' title='bbox 1316 2860 1624 2933; x_wconf 86' lang='lat' dir='ltr'><strong>exciperet.</strong></span> <span class='ocrx_word' id='word_1_224' title='bbox 1656 2862 1841 2926; x_wconf 86' lang='lat' dir='ltr'><strong>Quam</strong></span> <span class='ocrx_word' id='word_1_225' title='bbox 1877 2863 2078 2934; x_wconf 89' lang='lat' dir='ltr'><strong>utique</strong></span> <span class='ocrx_word' id='word_1_226' title='bbox 2109 2863 2157 2918; x_wconf 91' lang='lat' dir='ltr'><strong>si</strong></span> 
     </span>
    </p>
   </div>
   <div class='ocr_carea' id='block_1_34' title="bbox 511 2949 2159 3022">
    <p class='ocr_par' dir='ltr' id='par_1_34' title="bbox 511 2949 2159 3022">
     <span class='ocr_line' id='line_1_34' title="bbox 511 2949 2159 3022; baseline 0.001 -15"><span class='ocrx_word' id='word_1_227' title='bbox 511 2951 573 3008; x_wconf 90' lang='lat' dir='ltr'><strong>in</strong></span> <span class='ocrx_word' id='word_1_228' title='bbox 594 2968 704 3008; x_wconf 86' lang='lat' dir='ltr'><strong>suo</strong></span> <span class='ocrx_word' id='word_1_229' title='bbox 737 2967 916 3009; x_wconf 86' lang='lat' dir='ltr'><strong>sensu</strong></span> <span class='ocrx_word' id='word_1_230' title='bbox 937 2949 1188 3006; x_wconf 90' lang='lat' dir='ltr'><strong>voluerit</strong></span> <span class='ocrx_word' id='word_1_231' title='bbox 1217 2965 1575 3021; x_wconf 89' lang='lat' dir='ltr'><strong>permanere,</strong></span> <span class='ocrx_word' id='word_1_232' title='bbox 1599 2949 1799 3006; x_wconf 88' lang='lat' dir='ltr'><strong>nullus</strong></span> <span class='ocrx_word' id='word_1_233' title='bbox 1830 2951 2041 3022; x_wconf 88' lang='lat' dir='ltr'><strong>poterit</strong></span> <span class='ocrx_word' id='word_1_234' title='bbox 2067 2969 2159 3009; x_wconf 89' lang='lat' dir='ltr'><strong>re-</strong></span> 
     </span>
    </p>
   </div>
   <div class='ocr_carea' id='block_1_35' title="bbox 509 3035 2153 3113">
    <p class='ocr_par' dir='ltr' id='par_1_35' title="bbox 509 3035 2153 3113">
     <span class='ocr_line' id='line_1_35' title="bbox 509 3035 2153 3113; baseline -0.001 -15"><span class='ocrx_word' id='word_1_235' title='bbox 509 3040 724 3100; x_wconf 85' lang='lat' dir='ltr'><strong>laxare.</strong></span> <span class='ocrx_word' id='word_1_236' title='bbox 740 3038 907 3098; x_wconf 87' lang='lat' dir='ltr'><strong>Sedis</strong></span> <span class='ocrx_word' id='word_1_237' title='bbox 936 3037 1093 3096; x_wconf 91' lang='lat' dir='ltr'><strong>enim</strong></span> <span class='ocrx_word' id='word_1_238' title='bbox 1119 3035 1448 3113; x_wconf 82' lang='lat' dir='ltr'><strong>apostolicae</strong></span> <span class='ocrx_word' id='word_1_239' title='bbox 1476 3038 1796 3094; x_wconf 88' lang='lat' dir='ltr'><strong>moderatio</strong></span> <span class='ocrx_word' id='word_1_240' title='bbox 1825 3039 1975 3096; x_wconf 88' lang='lat' dir='ltr'><strong>hanc</strong></span> <span class='ocrx_word' id='word_1_241' title='bbox 2005 3044 2153 3098; x_wconf 87' lang='lat' dir='ltr'><strong>tem-</strong></span> 
     </span>
    </p>
   </div>
   <div class='ocr_carea' id='block_1_36' title="bbox 510 3107 2229 3203">
    <p class='ocr_par' dir='ltr' id='par_1_36' title="bbox 510 3107 2229 3203">
     <span class='ocr_line' id='line_1_36' title="bbox 510 3107 2229 3203; baseline -0.001 -16"><span class='ocrx_word' id='word_1_242' title='bbox 510 3127 835 3203; x_wconf 78' lang='lat' dir='ltr'><strong>perantiam</strong></span> <span class='ocrx_word' id='word_1_243' title='bbox 865 3131 1078 3196; x_wconf 87' lang='lat' dir='ltr'><strong>servat,</strong></span> <span class='ocrx_word' id='word_1_244' title='bbox 1109 3107 1175 3183; x_wconf 76' lang='lat' dir='ltr'><strong>ut</strong></span> <span class='ocrx_word' id='word_1_245' title='bbox 1203 3131 1262 3184; x_wconf 90' lang='lat' dir='ltr'><strong>et</strong></span> <span class='ocrx_word' id='word_1_246' title='bbox 1288 3125 1546 3182; x_wconf 89' lang='lat' dir='ltr'><strong>severius</strong></span> <span class='ocrx_word' id='word_1_247' title='bbox 1575 3130 1710 3200; x_wconf 87' lang='lat' dir='ltr'><strong>agat</strong></span> <span class='ocrx_word' id='word_1_248' title='bbox 1737 3144 1872 3183; x_wconf 90' lang='lat' dir='ltr'><strong>cum</strong></span> <span class='ocrx_word' id='word_1_249' title='bbox 1903 3129 2155 3186; x_wconf 86' lang='lat' dir='ltr'><strong>obdura-</strong></span> <span class='ocrx_word' id='word_1_250' title='bbox 2185 3107 2229 3174; x_wconf 68' lang='grc' dir='ltr'>Ο</span> 
     </span>
    </p>
   </div>
   <div class='ocr_carea' id='block_1_37' title="bbox 506 3216 1805 3290">
    <p class='ocr_par' dir='ltr' id='par_1_37' title="bbox 506 3216 1805 3290">
     <span class='ocr_line' id='line_1_37' title="bbox 506 3216 1805 3290; baseline -0.002 -15"><span class='ocrx_word' id='word_1_251' title='bbox 506 3217 608 3286; x_wconf 89' lang='lat' dir='ltr'><strong>tis,</strong></span> <span class='ocrx_word' id='word_1_252' title='bbox 631 3221 689 3274; x_wconf 90' lang='lat' dir='ltr'><strong>et</strong></span> <span class='ocrx_word' id='word_1_253' title='bbox 716 3217 947 3274; x_wconf 84' lang='lat' dir='ltr'><strong>veniam</strong></span> <span class='ocrx_word' id='word_1_254' title='bbox 975 3217 1174 3290; x_wconf 90' lang='lat' dir='ltr'><strong>cupiat</strong></span> <span class='ocrx_word' id='word_1_255' title='bbox 1202 3218 1481 3288; x_wconf 73' lang='lat' dir='ltr'><strong>praestare</strong></span> <span class='ocrx_word' id='word_1_256' title='bbox 1511 3216 1805 3273; x_wconf 89' lang='lat' dir='ltr'><strong>correctis.</strong></span> 
     </span>
    </p>
   </div>
   <div class='ocr_carea' id='block_1_38' title="bbox 573 3303 2157 3379">
    <p class='ocr_par' dir='ltr' id='par_1_38' title="bbox 573 3303 2157 3379">
     <span class='ocr_line' id='line_1_38' title="bbox 573 3303 2157 3379; baseline -0.001 -15"><span class='ocrx_word' id='word_1_257' title='bbox 573 3309 710 3366; x_wconf 74' lang='lat' dir='ltr'><strong>CAP.</strong></span> <span class='ocrx_word' id='word_1_258' title='bbox 735 3307 879 3363; x_wconf 88' lang='lat' dir='ltr'><strong>II.—</strong></span> <span class='ocrx_word' id='word_1_259' title='bbox 900 3307 1048 3373; x_wconf 87' lang='lat' dir='ltr'><strong>Quia</strong></span> <span class='ocrx_word' id='word_1_260' title='bbox 1067 3321 1204 3379; x_wconf 85' lang='lat' dir='ltr'><strong>ergo</strong></span> <span class='ocrx_word' id='word_1_261' title='bbox 1227 3304 1372 3361; x_wconf 91' lang='lat' dir='ltr'><strong>mihi</strong></span> <span class='ocrx_word' id='word_1_262' title='bbox 1393 3303 1582 3360; x_wconf 89' lang='lat' dir='ltr'><strong>multa</strong></span> <span class='ocrx_word' id='word_1_263' title='bbox 1604 3305 1820 3361; x_wconf 81' lang='lat' dir='ltr'><strong>ﬁducia</strong></span> <span class='ocrx_word' id='word_1_264' title='bbox 1841 3309 1930 3362; x_wconf 89' lang='lat' dir='ltr'><strong>est</strong></span> <span class='ocrx_word' id='word_1_265' title='bbox 1951 3306 2022 3363; x_wconf 91' lang='lat' dir='ltr'><strong>de</strong></span> <span class='ocrx_word' id='word_1_266' title='bbox 2043 3306 2157 3379; x_wconf 89' lang='lat' dir='ltr'><strong>pie-</strong></span> 
     </span>
    </p>
   </div>
   <div class='ocr_carea' id='block_1_39' title="bbox 501 3393 2156 3468">
    <p class='ocr_par' dir='ltr' id='par_1_39' title="bbox 501 3393 2156 3468">
     <span class='ocr_line' id='line_1_39' title="bbox 501 3393 2156 3468; baseline -0.002 -14"><span class='ocrx_word' id='word_1_267' title='bbox 501 3396 643 3455; x_wconf 89' lang='lat' dir='ltr'><strong>tatis</strong></span> <span class='ocrx_word' id='word_1_268' title='bbox 685 3400 797 3454; x_wconf 64' lang='lat' dir='ltr'><strong>tum</strong></span> <span class='ocrx_word' id='word_1_269' title='bbox 827 3395 1230 3452; x_wconf 85' lang='lat' dir='ltr'><strong>sincerissima</strong></span> <span class='ocrx_word' id='word_1_270' title='bbox 1261 3395 1394 3463; x_wconf 84' lang='lat' dir='ltr'><strong>ﬁde,</strong></span> <span class='ocrx_word' id='word_1_271' title='bbox 1428 3393 1670 3451; x_wconf 88' lang='lat' dir='ltr'><strong>obsecro</strong></span> <span class='ocrx_word' id='word_1_272' title='bbox 1703 3395 1773 3468; x_wconf 81' lang='grc' dir='ltr'>(ε)</span> <span class='ocrx_word' id='word_1_273' title='bbox 1797 3394 2156 3468; x_wconf 86' lang='lat' dir='ltr'><strong>gloriosissi-</strong></span> 
     </span>
    </p>
   </div>
   <div class='ocr_carea' id='block_1_40' title="bbox 501 3483 2154 3556">
    <p class='ocr_par' dir='ltr' id='par_1_40' title="bbox 501 3483 2154 3556">
     <span class='ocr_line' id='line_1_40' title="bbox 501 3483 2154 3556; baseline -0.002 -12"><span class='ocrx_word' id='word_1_274' title='bbox 501 3503 662 3544; x_wconf 89' lang='lat' dir='ltr'><strong>mam</strong></span> <span class='ocrx_word' id='word_1_275' title='bbox 678 3484 1052 3542; x_wconf 90' lang='lat' dir='ltr'><strong>clementiam</strong></span> <span class='ocrx_word' id='word_1_276' title='bbox 1067 3484 1338 3556; x_wconf 85' lang='lat' dir='ltr'><strong>tuam,(d)</strong></span> <span class='ocrx_word' id='word_1_277' title='bbox 1350 3487 1417 3539; x_wconf 91' lang='lat' dir='ltr'><strong>ut</strong></span> <span class='ocrx_word' id='word_1_278' title='bbox 1432 3483 1605 3539; x_wconf 89' lang='lat' dir='ltr'><strong>sicuti</strong></span> <span class='ocrx_word' id='word_1_279' title='bbox 1624 3489 1826 3540; x_wconf 90' lang='lat' dir='ltr'><strong>sancto</strong></span> <span class='ocrx_word' id='word_1_280' title='bbox 1842 3484 2038 3540; x_wconf 89' lang='lat' dir='ltr'><strong>studio</strong></span> <span class='ocrx_word' id='word_1_281' title='bbox 2055 3487 2154 3541; x_wconf 87' lang='lat' dir='ltr'><strong>tuo</strong></span> 
     </span>
    </p>
   </div>
   <div class='ocr_carea' id='block_1_41' title="bbox 499 3573 2157 3648">
    <p class='ocr_par' dir='ltr' id='par_1_41' title="bbox 499 3573 2157 3648">
     <span class='ocr_line' id='line_1_41' title="bbox 499 3573 2157 3648; baseline -0.003 -13"><span class='ocrx_word' id='word_1_282' title='bbox 499 3575 787 3634; x_wconf 88' lang='lat' dir='ltr'><strong>catholica</strong></span> <span class='ocrx_word' id='word_1_283' title='bbox 801 3573 1135 3648; x_wconf 68' lang='lat' dir='ltr'><strong>praedicatio</strong></span> <span class='ocrx_word' id='word_1_284' title='bbox 1152 3588 1387 3646; x_wconf 88' lang='lat' dir='ltr'><strong>semper</strong></span> <span class='ocrx_word' id='word_1_285' title='bbox 1399 3573 1492 3644; x_wconf 85' lang='lat' dir='ltr'><strong>adj</strong></span> <span class='ocrx_word' id='word_1_286' title='bbox 1502 3577 1602 3628; x_wconf 89' lang='lat' dir='ltr'><strong>uta</strong></span> <span class='ocrx_word' id='word_1_287' title='bbox 1616 3578 1726 3640; x_wconf 90' lang='lat' dir='ltr'><strong>est,</strong></span> <span class='ocrx_word' id='word_1_288' title='bbox 1745 3573 1826 3629; x_wconf 90' lang='lat' dir='ltr'><strong>ita</strong></span> <span class='ocrx_word' id='word_1_289' title='bbox 1842 3591 1997 3630; x_wconf 89' lang='lat' dir='ltr'><strong>nunc</strong></span> <span class='ocrx_word' id='word_1_290' title='bbox 2018 3591 2157 3646; x_wconf 91' lang='lat' dir='ltr'><strong>quo-</strong></span> 
     </span>
    </p>
   </div>
   <div class='ocr_carea' id='block_1_42' title="bbox 500 3660 2156 3740">
    <p class='ocr_par' dir='ltr' id='par_1_42' title="bbox 500 3660 2156 3740">
     <span class='ocr_line' id='line_1_42' title="bbox 500 3660 2156 3740; baseline -0.003 -17"><span class='ocrx_word' id='word_1_291' title='bbox 500 3683 614 3740; x_wconf 90' lang='lat' dir='ltr'><strong>que</strong></span> <span class='ocrx_word' id='word_1_292' title='bbox 634 3665 902 3738; x_wconf 89' lang='lat' dir='ltr'><strong>ejusdem</strong></span> <span class='ocrx_word' id='word_1_293' title='bbox 927 3663 1122 3720; x_wconf 88' lang='lat' dir='ltr'><strong>faveas</strong></span> <span class='ocrx_word' id='word_1_294' title='bbox 1142 3660 1418 3718; x_wconf 87' lang='lat' dir='ltr'><strong>libertati.</strong></span> <span class='ocrx_word' id='word_1_295' title='bbox 1438 3662 1563 3717; x_wconf 91' lang='lat' dir='ltr'><strong>Non</strong></span> <span class='ocrx_word' id='word_1_296' title='bbox 1595 3661 1752 3717; x_wconf 89' lang='lat' dir='ltr'><strong>enim</strong></span> <span class='ocrx_word' id='word_1_297' title='bbox 1784 3663 2156 3735; x_wconf 89' lang='lat' dir='ltr'><strong>portiuncula</strong></span> 
     </span>
    </p>
   </div>
   <div class='ocr_carea' id='block_1_43' title="bbox 500 3749 2153 3826">
    <p class='ocr_par' dir='ltr' id='par_1_43' title="bbox 500 3749 2153 3826">
     <span class='ocr_line' id='line_1_43' title="bbox 500 3749 2153 3826; baseline -0.004 -12"><span class='ocrx_word' id='word_1_298' title='bbox 500 3755 701 3826; x_wconf 89' lang='lat' dir='ltr'><strong>aliqua</strong></span> <span class='ocrx_word' id='word_1_299' title='bbox 720 3752 857 3810; x_wconf 82' lang='lat' dir='ltr'><strong>fidei</strong></span> <span class='ocrx_word' id='word_1_300' title='bbox 878 3755 1114 3820; x_wconf 76' lang='lat' dir='ltr'><strong>nostrae,</strong></span> <span class='ocrx_word' id='word_1_301' title='bbox 1133 3767 1260 3823; x_wconf 75' lang='lat' dir='ltr'><strong>quae</strong></span> <span class='ocrx_word' id='word_1_302' title='bbox 1284 3750 1480 3805; x_wconf 90' lang='lat' dir='ltr'><strong>minus</strong></span> <span class='ocrx_word' id='word_1_303' title='bbox 1503 3749 1696 3806; x_wconf 87' lang='lat' dir='ltr'><strong>lucide</strong></span> <span class='ocrx_word' id='word_1_304' title='bbox 1719 3750 1795 3806; x_wconf 90' lang='lat' dir='ltr'><strong>sit</strong></span> <span class='ocrx_word' id='word_1_305' title='bbox 1823 3751 1997 3819; x_wconf 87' lang='lat' dir='ltr'><strong>clara,</strong></span> <span class='ocrx_word' id='word_1_306' title='bbox 2023 3751 2153 3824; x_wconf 91' lang='lat' dir='ltr'><strong>pul-</strong></span> 
     </span>
    </p>
   </div>
   <div class='ocr_carea' id='block_1_44' title="bbox 499 3837 2155 3912">
    <p class='ocr_par' dir='ltr' id='par_1_44' title="bbox 499 3837 2155 3912">
     <span class='ocr_line' id='line_1_44' title="bbox 499 3837 2155 3912; baseline -0.003 -10"><span class='ocrx_word' id='word_1_307' title='bbox 499 3847 690 3912; x_wconf 86' lang='lat' dir='ltr'><strong>satur;</strong></span> <span class='ocrx_word' id='word_1_308' title='bbox 726 3841 828 3900; x_wconf 89' lang='lat' dir='ltr'><strong>sed</strong></span> <span class='ocrx_word' id='word_1_309' title='bbox 858 3841 968 3898; x_wconf 89' lang='lat' dir='ltr'><strong>hoc</strong></span> <span class='ocrx_word' id='word_1_310' title='bbox 1006 3839 1278 3912; x_wconf 86' lang='lat' dir='ltr'><strong>imperita</strong></span> <span class='ocrx_word' id='word_1_311' title='bbox 1310 3837 1613 3895; x_wconf 87' lang='lat' dir='ltr'><strong>resultatio</strong></span> <span class='ocrx_word' id='word_1_312' title='bbox 1657 3839 1836 3895; x_wconf 89' lang='lat' dir='ltr'><strong>audet</strong></span> <span class='ocrx_word' id='word_1_313' title='bbox 1866 3839 2155 3897; x_wconf 87' lang='lat' dir='ltr'><strong>incessere</strong></span> 
     </span>
    </p>
   </div>
   <div class='ocr_carea' id='block_1_45' title="bbox 498 3926 2151 4005">
    <p class='ocr_par' dir='ltr' id='par_1_45' title="bbox 498 3926 2151 4005">
     <span class='ocr_line' id='line_1_45' title="bbox 498 3926 2151 4005; baseline -0.003 -15"><span class='ocrx_word' id='word_1_314' title='bbox 498 3933 656 4005; x_wconf 91' lang='lat' dir='ltr'><strong>quod</strong></span> <span class='ocrx_word' id='word_1_315' title='bbox 677 3930 962 3988; x_wconf 84' lang='lat' dir='ltr'><strong>Dominus</strong></span> <span class='ocrx_word' id='word_1_316' title='bbox 983 3928 1044 3984; x_wconf 90' lang='lat' dir='ltr'><strong>in</strong></span> <span class='ocrx_word' id='word_1_317' title='bbox 1065 3926 1323 3984; x_wconf 91' lang='lat' dir='ltr'><strong>Ecclesia</strong></span> <span class='ocrx_word' id='word_1_318' title='bbox 1338 3943 1446 3984; x_wconf 87' lang='lat' dir='ltr'><strong>sua</strong></span> <span class='ocrx_word' id='word_1_319' title='bbox 1468 3927 1763 3984; x_wconf 91' lang='lat' dir='ltr'><strong>neminem</strong></span> <span class='ocrx_word' id='word_1_320' title='bbox 1785 3928 1968 3984; x_wconf 90' lang='lat' dir='ltr'><strong>voluit</strong></span> <span class='ocrx_word' id='word_1_321' title='bbox 1986 3929 2151 4001; x_wconf 83' lang='lat' dir='ltr'><strong>igno-</strong></span> 
     </span>
    </p>
   </div>
   <div class='ocr_carea' id='block_1_46' title="bbox 499 4015 2154 4089">
    <p class='ocr_par' dir='ltr' id='par_1_46' title="bbox 499 4015 2154 4089">
     <span class='ocr_line' id='line_1_46' title="bbox 499 4015 2154 4089; baseline -0.002 -11"><span class='ocrx_word' id='word_1_322' title='bbox 499 4037 645 4079; x_wconf 87' lang='lat' dir='ltr'><strong>rare.</strong></span> <span class='ocrx_word' id='word_1_323' title='bbox 668 4019 815 4078; x_wconf 73' lang='lat'><strong>8&quot;</strong></span> <span class='ocrx_word' id='word_1_324' title='bbox 844 4017 913 4074; x_wconf 90' lang='lat' dir='ltr'><strong>Et</strong></span> <span class='ocrx_word' id='word_1_325' title='bbox 942 4016 1070 4073; x_wconf 91' lang='lat' dir='ltr'><strong>ideo</strong></span> <span class='ocrx_word' id='word_1_326' title='bbox 1100 4033 1205 4089; x_wconf 92' lang='lat' dir='ltr'><strong>pro</strong></span> <span class='ocrx_word' id='word_1_327' title='bbox 1233 4019 1435 4072; x_wconf 81' lang='lat' dir='ltr'><strong>vestrae</strong></span> <span class='ocrx_word' id='word_1_328' title='bbox 1468 4015 1702 4088; x_wconf 88' lang='lat' dir='ltr'><strong>pietatis</strong></span> <span class='ocrx_word' id='word_1_329' title='bbox 1733 4018 2154 4074; x_wconf 89' lang='lat' dir='ltr'><strong>consuetudine</strong></span> 
     </span>
    </p>
   </div>
   <div class='ocr_carea' id='block_1_47' title="bbox 496 4104 2154 4180">
    <p class='ocr_par' dir='ltr' id='par_1_47' title="bbox 496 4104 2154 4180">
     <span class='ocr_line' id='line_1_47' title="bbox 496 4104 2154 4180; baseline -0.004 -10"><span class='ocrx_word' id='word_1_330' title='bbox 496 4109 796 4170; x_wconf 85' lang='lat' dir='ltr'><strong>elaborare</strong></span> <span class='ocrx_word' id='word_1_331' title='bbox 838 4104 1182 4180; x_wconf 83' lang='lat' dir='ltr'><strong>dignemini,</strong></span> <span class='ocrx_word' id='word_1_332' title='bbox 1212 4104 1281 4176; x_wconf 85' lang='lat' dir='ltr'><strong>(e)</strong></span> <span class='ocrx_word' id='word_1_333' title='bbox 1303 4106 1368 4159; x_wconf 91' lang='lat' dir='ltr'><strong>ut</strong></span> <span class='ocrx_word' id='word_1_334' title='bbox 1397 4105 1551 4176; x_wconf 91' lang='lat' dir='ltr'><strong>quod</strong></span> <span class='ocrx_word' id='word_1_335' title='bbox 1605 4108 1806 4160; x_wconf 88' lang='lat' dir='ltr'><strong>contra</strong></span> <span class='ocrx_word' id='word_1_336' title='bbox 1855 4105 2154 4179; x_wconf 88' lang='lat' dir='ltr'><strong>singulare</strong></span> 
     </span>
    </p>
   </div>
   <div class='ocr_carea' id='block_1_48' title="bbox 493 4192 2154 4268">
    <p class='ocr_par' dir='ltr' id='par_1_48' title="bbox 493 4192 2154 4268">
     <span class='ocr_line' id='line_1_48' title="bbox 493 4192 2154 4268; baseline -0.004 -10"><span class='ocrx_word' id='word_1_337' title='bbox 493 4199 932 4259; x_wconf 81' lang='lat' dir='ltr'><strong>sacramentum</strong></span> <span class='ocrx_word' id='word_1_338' title='bbox 963 4193 1170 4250; x_wconf 88' lang='lat' dir='ltr'><strong>salutis</strong></span> <span class='ocrx_word' id='word_1_339' title='bbox 1200 4192 1468 4249; x_wconf 73' lang='lat' dir='ltr'><strong>humanae</strong></span> <span class='ocrx_word' id='word_1_340' title='bbox 1500 4192 1847 4265; x_wconf 85' lang='lat' dir='ltr'><strong>blasphema</strong></span> <span class='ocrx_word' id='word_1_341' title='bbox 1877 4193 2154 4268; x_wconf 88' lang='lat' dir='ltr'><strong>insipien-</strong></span> 
     </span>
    </p>
   </div>
   <div class='ocr_carea' id='block_1_49' title="bbox 2291 461 3864 528">
    <p class='ocr_par' dir='ltr' id='par_1_49' title="bbox 2291 461 3864 528">
     <span class='ocr_line' id='line_1_49' title="bbox 2291 461 3864 528; baseline -0.001 -16"><span class='ocrx_word' id='word_1_342' title='bbox 2291 466 2432 528; x_wconf 76' lang='grc' dir='ltr'>τέραν</span> <span class='ocrx_word' id='word_1_343' title='bbox 2467 465 2684 517; x_wconf 79' lang='grc' dir='ltr'><strong>ἐξουσίαν</strong></span> <span class='ocrx_word' id='word_1_344' title='bbox 2705 463 2993 518; x_wconf 77' lang='grc' dir='ltr'>ὕπετάξατε.</span> <span class='ocrx_word' id='word_1_345' title='bbox 3019 463 3108 512; x_wconf 78' lang='grc' dir='ltr'>Δια</span> <span class='ocrx_word' id='word_1_346' title='bbox 3132 463 3314 520; x_wconf 77' lang='grc' dir='ltr'>ταύτης</span> <span class='ocrx_word' id='word_1_347' title='bbox 3339 463 3426 520; x_wconf 81' lang='grc' dir='ltr'>τῆς</span> <span class='ocrx_word' id='word_1_348' title='bbox 3451 461 3657 525; x_wconf 80' lang='grc' dir='ltr'>δωρεᾶς,</span> <span class='ocrx_word' id='word_1_349' title='bbox 3684 463 3762 511; x_wconf 80' lang='grc' dir='ltr'>καὶ</span> <span class='ocrx_word' id='word_1_350' title='bbox 3785 467 3864 523; x_wconf 81' lang='grc' dir='ltr'>τῆς</span> 
     </span>
    </p>
   </div>
   <div class='ocr_carea' id='block_1_50' title="bbox 2290 550 3860 615">
    <p class='ocr_par' dir='ltr' id='par_1_50' title="bbox 2290 550 3860 615">
     <span class='ocr_line' id='line_1_50' title="bbox 2290 550 3860 615; baseline 0.001 -14"><span class='ocrx_word' id='word_1_351' title='bbox 2290 551 2541 605; x_wconf 80' lang='grc' dir='ltr'>ἐκδικίας¹</span> <span class='ocrx_word' id='word_1_352' title='bbox 2587 552 2880 614; x_wconf 71' lang='grc' dir='ltr'>βασιλεύετε.</span> <span class='ocrx_word' id='word_1_353' title='bbox 2919 555 3070 600; x_wconf 67' lang='grc' dir='ltr'>*νωθεν</span> <span class='ocrx_word' id='word_1_354' title='bbox 3116 551 3312 615; x_wconf 82' lang='grc' dir='ltr'>ἐπείπερ</span> <span class='ocrx_word' id='word_1_355' title='bbox 3359 553 3488 600; x_wconf 80' lang='grc' dir='ltr'>κατὰ</span> <span class='ocrx_word' id='word_1_356' title='bbox 3521 552 3605 608; x_wconf 77' lang='grc' dir='ltr'>τῆς</span> <span class='ocrx_word' id='word_1_357' title='bbox 3641 550 3860 614; x_wconf 80' lang='grc' dir='ltr'>ἀκεραίου</span> 
     </span>
    </p>
   </div>
   <div class='ocr_carea' id='block_1_51' title="bbox 2288 639 3861 707">
    <p class='ocr_par' dir='ltr' id='par_1_51' title="bbox 2288 639 3861 707">
     <span class='ocr_line' id='line_1_51' title="bbox 2288 639 3861 707; baseline 0 -16"><span class='ocrx_word' id='word_1_358' title='bbox 2288 643 2496 694; x_wconf 82' lang='grc' dir='ltr'>πίστεως</span> <span class='ocrx_word' id='word_1_359' title='bbox 2537 643 2630 687; x_wconf 81' lang='grc' dir='ltr'>τῶν</span> <span class='ocrx_word' id='word_1_360' title='bbox 2669 643 2972 702; x_wconf 70' lang='grc' dir='ltr'>Χριστιανῶν</span> <span class='ocrx_word' id='word_1_361' title='bbox 3002 640 3244 704; x_wconf 77' lang='grc' dir='ltr'>ὃιχὸνοιάν</span> <span class='ocrx_word' id='word_1_362' title='bbox 3277 657 3386 688; x_wconf 83' lang='grc' dir='ltr'>τινα</span> <span class='ocrx_word' id='word_1_363' title='bbox 3415 639 3461 686; x_wconf 79' lang='grc' dir='ltr'>ἐν</span> <span class='ocrx_word' id='word_1_364' title='bbox 3501 646 3568 701; x_wconf 74' lang='grc' dir='ltr'><strong>τῇ,</strong></span> <span class='ocrx_word' id='word_1_365' title='bbox 3609 641 3861 707; x_wconf 62' lang='grc' dir='ltr'>Ἐκκλησία</span> 
     </span>
    </p>
   </div>
   <div class='ocr_carea' id='block_1_52' title="bbox 2289 727 3863 796">
    <p class='ocr_par' dir='ltr' id='par_1_52' title="bbox 2289 727 3863 796">
     <span class='ocr_line' id='line_1_52' title="bbox 2289 727 3863 796; baseline -0.001 -17"><span class='ocrx_word' id='word_1_366' title='bbox 2289 740 2346 796; x_wconf 88' lang='grc' dir='ltr'><strong>τῇ</strong></span> <span class='ocrx_word' id='word_1_367' title='bbox 2393 734 2519 779; x_wconf 76' lang='grc' dir='ltr'>κατὰ</span> <span class='ocrx_word' id='word_1_368' title='bbox 2559 729 3073 778; x_wconf 67' lang='grc' dir='ltr'>Κωνσταντινοὺπολιν</span> <span class='ocrx_word' id='word_1_369' title='bbox 3115 727 3368 793; x_wconf 68' lang='grc' dir='ltr'>Είῦτυχοῦς</span> <span class='ocrx_word' id='word_1_370' title='bbox 3404 727 3756 784; x_wconf 63' lang='grc' dir='ltr'>αηῦθεντοῦντος</span> <span class='ocrx_word' id='word_1_371' title='bbox 3788 748 3863 793; x_wconf 82' lang='grc' dir='ltr'><strong>γι-</strong></span> 
     </span>
    </p>
   </div>
   <div class='ocr_carea' id='block_1_53' title="bbox 2287 817 3863 884">
    <p class='ocr_par' dir='ltr' id='par_1_53' title="bbox 2287 817 3863 884">
     <span class='ocr_line' id='line_1_53' title="bbox 2287 817 3863 884; baseline -0.001 -13"><span class='ocrx_word' id='word_1_372' title='bbox 2287 823 2531 884; x_wconf 76' lang='grc' dir='ltr'>γενῆσθαι,</span> <span class='ocrx_word' id='word_1_373' title='bbox 2564 817 2651 867; x_wconf 74' lang='grc' dir='ltr'><strong>τοῦ</strong></span> <span class='ocrx_word' id='word_1_374' title='bbox 2685 817 2890 880; x_wconf 73' lang='grc' dir='ltr'>ἀδελροῦ</span> <span class='ocrx_word' id='word_1_375' title='bbox 2931 835 3045 881; x_wconf 86' lang='grc' dir='ltr'>μου.</span> <span class='ocrx_word' id='word_1_376' title='bbox 3077 818 3158 866; x_wconf 80' lang='grc' dir='ltr'><strong>καὶ</strong></span> <span class='ocrx_word' id='word_1_377' title='bbox 3183 817 3550 866; x_wconf 82' lang='grc' dir='ltr'>συνεπισκόπου</span> <span class='ocrx_word' id='word_1_378' title='bbox 3593 819 3863 869; x_wconf 75' lang='grc' dir='ltr'>Φλαυιανόὓ</span> 
     </span>
    </p>
   </div>
   <div class='ocr_carea' id='block_1_54' title="bbox 2287 906 3865 973">
    <p class='ocr_par' dir='ltr' id='par_1_54' title="bbox 2287 906 3865 973">
     <span class='ocr_line' id='line_1_54' title="bbox 2287 906 3865 973; baseline 0.008 -20"><span class='ocrx_word' id='word_1_379' title='bbox 2287 913 2366 960; x_wconf 82' lang='grc' dir='ltr'>διὰ</span> <span class='ocrx_word' id='word_1_380' title='bbox 2401 910 2485 968; x_wconf 79' lang='grc' dir='ltr'>τῆς</span> <span class='ocrx_word' id='word_1_381' title='bbox 2510 907 2759 973; x_wconf 65' lang='grc' dir='ltr'>ἀναφορᾶς</span> <span class='ocrx_word' id='word_1_382' title='bbox 2797 906 2966 970; x_wconf 76' lang='grc' dir='ltr'>ἔγνων,</span> <span class='ocrx_word' id='word_1_383' title='bbox 2999 909 3160 961; x_wconf 87' lang='grc' dir='ltr'>καθὼς</span> <span class='ocrx_word' id='word_1_384' title='bbox 3188 907 3270 955; x_wconf 83' lang='grc' dir='ltr'><strong>καὶ</strong></span> <span class='ocrx_word' id='word_1_385' title='bbox 3298 907 3460 963; x_wconf 77' lang='grc' dir='ltr'>πάσης</span> <span class='ocrx_word' id='word_1_386' title='bbox 3491 907 3578 964; x_wconf 80' lang='grc' dir='ltr'>τῆς</span> <span class='ocrx_word' id='word_1_387' title='bbox 3596 908 3865 965; x_wconf 73' lang='grc' dir='ltr'>ὑποθέσεως</span> 
     </span>
    </p>
   </div>
   <div class='ocr_carea' id='block_1_55' title="bbox 2288 995 3858 1062">
    <p class='ocr_par' dir='ltr' id='par_1_55' title="bbox 2288 995 3858 1062">
     <span class='ocr_line' id='line_1_55' title="bbox 2288 995 3858 1062; baseline -0.004 -11"><span class='ocrx_word' id='word_1_388' title='bbox 2288 999 2346 1050; x_wconf 87' lang='grc' dir='ltr'>τὸ</span> <span class='ocrx_word' id='word_1_389' title='bbox 2373 997 2499 1053; x_wconf 79' lang='grc' dir='ltr'>εἶδος</span> <span class='ocrx_word' id='word_1_390' title='bbox 2534 998 2630 1045; x_wconf 84' lang='grc' dir='ltr'><strong>τῶν</strong></span> <span class='ocrx_word' id='word_1_391' title='bbox 2669 997 3022 1062; x_wconf 77' lang='grc' dir='ltr'><strong>πεπραγμένων</strong></span> <span class='ocrx_word' id='word_1_392' title='bbox 3059 997 3107 1044; x_wconf 85' lang='grc' dir='ltr'>ἐν</span> <span class='ocrx_word' id='word_1_393' title='bbox 3137 1002 3194 1058; x_wconf 84' lang='grc' dir='ltr'><strong>τῇ</strong></span> <span class='ocrx_word' id='word_1_394' title='bbox 3226 997 3418 1058; x_wconf 80' lang='grc' dir='ltr'><strong>συνόδῳ</strong></span> <span class='ocrx_word' id='word_1_395' title='bbox 3449 995 3706 1053; x_wconf 85' lang='grc' dir='ltr'>δείκνυσιν,</span> <span class='ocrx_word' id='word_1_396' title='bbox 3737 995 3858 1052; x_wconf 78' lang='grc' dir='ltr'>ἄξιόν</span> 
     </span>
    </p>
   </div>
   <div class='ocr_carea' id='block_1_56' title="bbox 2289 1084 3860 1150">
    <p class='ocr_par' dir='ltr' id='par_1_56' title="bbox 2289 1084 3860 1150">
     <span class='ocr_line' id='line_1_56' title="bbox 2289 1084 3860 1150; baseline 0.004 -23"><span class='ocrx_word' id='word_1_397' title='bbox 2289 1091 2394 1140; x_wconf 70' lang='grc' dir='ltr'>εστι</span> <span class='ocrx_word' id='word_1_398' title='bbox 2431 1089 2519 1145; x_wconf 77' lang='grc' dir='ltr'><strong>τῆς</strong></span> <span class='ocrx_word' id='word_1_399' title='bbox 2561 1086 2801 1149; x_wconf 79' lang='grc' dir='ltr'>ὕμετέρας</span> <span class='ocrx_word' id='word_1_400' title='bbox 2846 1084 2986 1141; x_wconf 80' lang='grc' dir='ltr'><strong>δόξης</strong></span> <span class='ocrx_word' id='word_1_401' title='bbox 3040 1085 3126 1142; x_wconf 84' lang='grc' dir='ltr'><strong>τήν</strong></span> <span class='ocrx_word' id='word_1_402' title='bbox 3162 1085 3375 1146; x_wconf 80' lang='grc' dir='ltr'>πλάνην,</span> <span class='ocrx_word' id='word_1_403' title='bbox 3423 1085 3510 1141; x_wconf 85' lang='grc' dir='ltr'><strong>τὴν</strong></span> <span class='ocrx_word' id='word_1_404' title='bbox 3553 1084 3611 1131; x_wconf 85' lang='grc' dir='ltr'>δι’</span> <span class='ocrx_word' id='word_1_405' title='bbox 3651 1085 3860 1150; x_wconf 67' lang='grc' dir='ltr'>ἀπειρὸαν</span> 
     </span>
    </p>
   </div>
   <div class='ocr_carea' id='block_1_57' title="bbox 2290 1173 3858 1244">
    <p class='ocr_par' dir='ltr' id='par_1_57' title="bbox 2290 1173 3858 1244">
     <span class='ocr_line' id='line_1_57' title="bbox 2290 1173 3858 1244; baseline -0.001 -19"><span class='ocrx_word' id='word_1_406' title='bbox 2290 1179 2469 1244; x_wconf 82' lang='grc' dir='ltr'>μᾶλλον</span> <span class='ocrx_word' id='word_1_407' title='bbox 2505 1173 2538 1234; x_wconf 82' lang='grc' dir='ltr'><strong>ἢ</strong></span> <span class='ocrx_word' id='word_1_408' title='bbox 2572 1174 2884 1223; x_wconf 79' lang='grc' dir='ltr'>κακοθέλειαν</span> <span class='ocrx_word' id='word_1_409' title='bbox 2929 1175 3243 1236; x_wconf 78' lang='grc' dir='ltr'>εἰσδυομένην</span> <span class='ocrx_word' id='word_1_410' title='bbox 3286 1173 3567 1234; x_wconf 62' lang='grc' dir='ltr'>ἀρελὲσθαι,</span> <span class='ocrx_word' id='word_1_411' title='bbox 3607 1174 3712 1237; x_wconf 85' lang='grc' dir='ltr'>πρίν</span> <span class='ocrx_word' id='word_1_412' title='bbox 3759 1191 3858 1225; x_wconf 82' lang='grc' dir='ltr'>τινα</span> 
     </span>
    </p>
   </div>
   <div class='ocr_carea' id='block_1_58' title="bbox 2286 1260 3860 1332">
    <p class='ocr_par' dir='ltr' id='par_1_58' title="bbox 2286 1260 3860 1332">
     <span class='ocr_line' id='line_1_58' title="bbox 2286 1260 3860 1332; baseline -0.005 -15"><span class='ocrx_word' id='word_1_413' title='bbox 2286 1271 2490 1332; x_wconf 84' lang='grc' dir='ltr'>δύναμιν</span> <span class='ocrx_word' id='word_1_414' title='bbox 2526 1267 2582 1314; x_wconf 84' lang='grc' dir='ltr'>ἐκ</span> <span class='ocrx_word' id='word_1_415' title='bbox 2616 1265 2701 1323; x_wconf 77' lang='grc' dir='ltr'><strong>τῆς</strong></span> <span class='ocrx_word' id='word_1_416' title='bbox 2727 1260 2748 1295; x_wconf 78' lang='grc'>³</span> <span class='ocrx_word' id='word_1_417' title='bbox 2785 1265 3032 1318; x_wconf 83' lang='grc' dir='ltr'>συνέσεως</span> <span class='ocrx_word' id='word_1_418' title='bbox 3058 1264 3153 1312; x_wconf 81' lang='grc' dir='ltr'>τῶν</span> <span class='ocrx_word' id='word_1_419' title='bbox 3178 1265 3390 1328; x_wconf 81' lang='grc' dir='ltr'><strong>ἀπείρων</strong></span> <span class='ocrx_word' id='word_1_420' title='bbox 3431 1265 3488 1311; x_wconf 84' lang='grc' dir='ltr'>τὸ</span> <span class='ocrx_word' id='word_1_421' title='bbox 3530 1264 3752 1326; x_wconf 79' lang='grc' dir='ltr'><strong>ἐπίμονον</strong></span> <span class='ocrx_word' id='word_1_422' title='bbox 3781 1269 3860 1324; x_wconf 73' lang='grc' dir='ltr'>τῆς</span> 
     </span>
    </p>
   </div>
   <div class='ocr_carea' id='block_1_59' title="bbox 2288 1351 3856 1424">
    <p class='ocr_par' dir='ltr' id='par_1_59' title="bbox 2288 1351 3856 1424">
     <span class='ocr_line' id='line_1_59' title="bbox 2288 1351 3856 1424; baseline -0.003 -16"><span class='ocrx_word' id='word_1_423' title='bbox 2288 1357 2592 1424; x_wconf 76' lang='grc' dir='ltr'>φαυλότητος</span> <span class='ocrx_word' id='word_1_424' title='bbox 2621 1353 3028 1419; x_wconf 84' lang='grc' dir='ltr'>προσπορίσοιτο.</span> <span class='ocrx_word' id='word_1_425' title='bbox 3060 1351 3080 1383; x_wconf 83' lang='grc'>³</span> <span class='ocrx_word' id='word_1_426' title='bbox 3123 1354 3214 1401; x_wconf 84' lang='grc' dir='ltr'><strong>Καὶ</strong></span> <span class='ocrx_word' id='word_1_427' title='bbox 3248 1355 3342 1401; x_wconf 80' lang='grc' dir='ltr'>ὅσα</span> <span class='ocrx_word' id='word_1_428' title='bbox 3381 1351 3664 1416; x_wconf 81' lang='grc' dir='ltr'>Νεστόριος,</span> <span class='ocrx_word' id='word_1_429' title='bbox 3696 1351 3748 1408; x_wconf 82' lang='grc' dir='ltr'>ὃς</span> <span class='ocrx_word' id='word_1_430' title='bbox 3772 1355 3856 1404; x_wconf 76' lang='grc' dir='ltr'><strong>ἀπὸ</strong></span> 
     </span>
    </p>
   </div>
   <div class='ocr_carea' id='block_1_60' title="bbox 2287 1440 3856 1508">
    <p class='ocr_par' dir='ltr' id='par_1_60' title="bbox 2287 1440 3856 1508">
     <span class='ocr_line' id='line_1_60' title="bbox 2287 1440 3856 1508; baseline -0.002 -13"><span class='ocrx_word' id='word_1_431' title='bbox 2287 1448 2375 1506; x_wconf 79' lang='grc' dir='ltr'>τῆς</span> <span class='ocrx_word' id='word_1_432' title='bbox 2399 1446 2604 1502; x_wconf 76' lang='grc' dir='ltr'>ἀληθοῦς</span> <span class='ocrx_word' id='word_1_433' title='bbox 2631 1442 2826 1497; x_wconf 75' lang='grc' dir='ltr'><strong>ἐξέπεσε</strong></span> <span class='ocrx_word' id='word_1_434' title='bbox 2861 1442 3090 1498; x_wconf 88' lang='grc' dir='ltr'>πίστεως,</span> <span class='ocrx_word' id='word_1_435' title='bbox 3117 1442 3200 1489; x_wconf 79' lang='grc' dir='ltr'>τὸν</span> <span class='ocrx_word' id='word_1_436' title='bbox 3231 1441 3475 1497; x_wconf 80' lang='grc' dir='ltr'><strong>δεσπότην</strong></span> <span class='ocrx_word' id='word_1_437' title='bbox 3520 1440 3709 1498; x_wconf 68' lang='grc' dir='ltr'>Ἰησοῦν</span> <span class='ocrx_word' id='word_1_438' title='bbox 3745 1446 3856 1508; x_wconf 71' lang='grc' dir='ltr'>Χρι-</span> 
     </span>
    </p>
   </div>
   <div class='ocr_carea' id='block_1_61' title="bbox 2289 1529 3853 1594">
    <p class='ocr_par' dir='ltr' id='par_1_61' title="bbox 2289 1529 3853 1594">
     <span class='ocr_line' id='line_1_61' title="bbox 2289 1529 3853 1594; baseline -0.003 -9"><span class='ocrx_word' id='word_1_439' title='bbox 2289 1535 2404 1585; x_wconf 87' lang='grc' dir='ltr'>στὸν</span> <span class='ocrx_word' id='word_1_440' title='bbox 2447 1533 2502 1581; x_wconf 73' lang='grc' dir='ltr'>ἐκ</span> <span class='ocrx_word' id='word_1_441' title='bbox 2535 1531 2623 1589; x_wconf 77' lang='grc' dir='ltr'><strong>τῆς</strong></span> <span class='ocrx_word' id='word_1_442' title='bbox 2665 1531 2908 1594; x_wconf 85' lang='grc' dir='ltr'>παρθένου</span> <span class='ocrx_word' id='word_1_443' title='bbox 2947 1531 3142 1594; x_wconf 83' lang='grc' dir='ltr'>Μαρίας</span> <span class='ocrx_word' id='word_1_444' title='bbox 3174 1529 3426 1594; x_wconf 74' lang='grc' dir='ltr'>ἄνθρωπον</span> <span class='ocrx_word' id='word_1_445' title='bbox 3469 1530 3618 1589; x_wconf 85' lang='grc' dir='ltr'>μόνον</span> <span class='ocrx_word' id='word_1_446' title='bbox 3667 1532 3853 1592; x_wconf 65' lang='grc' dir='ltr'>φάσκων</span> 
     </span>
    </p>
   </div>
   <div class='ocr_carea' id='block_1_62' title="bbox 2287 1610 3852 1688">
    <p class='ocr_par' dir='ltr' id='par_1_62' title="bbox 2287 1610 3852 1688">
     <span class='ocr_line' id='line_1_62' title="bbox 2287 1610 3852 1688; baseline -0.003 -15"><span class='ocrx_word' id='word_1_447' title='bbox 2287 1623 2596 1688; x_wconf 81' lang='grc' dir='ltr'>γεγενῆσθαι,</span> <span class='ocrx_word' id='word_1_448' title='bbox 2640 1618 2868 1681; x_wconf 80' lang='grc' dir='ltr'>τοσούτῳ</span> <span class='ocrx_word' id='word_1_449' title='bbox 2908 1618 2990 1666; x_wconf 79' lang='grc' dir='ltr'>καὶ</span> <span class='ocrx_word' id='word_1_450' title='bbox 3039 1610 3184 1673; x_wconf 70' lang='grc' dir='ltr'>οὗτος</span> <span class='ocrx_word' id='word_1_451' title='bbox 3214 1618 3308 1666; x_wconf 81' lang='grc' dir='ltr'><strong>ἀπὸ</strong></span> <span class='ocrx_word' id='word_1_452' title='bbox 3349 1620 3436 1677; x_wconf 80' lang='grc' dir='ltr'><strong>τῆς</strong></span> <span class='ocrx_word' id='word_1_453' title='bbox 3470 1621 3722 1678; x_wconf 80' lang='grc' dir='ltr'>καθολικῆς</span> <span class='ocrx_word' id='word_1_454' title='bbox 3749 1620 3852 1670; x_wconf 71' lang='grc' dir='ltr'>ὀδοῦ</span> 
     </span>
    </p>
   </div>
   <div class='ocr_carea' id='block_1_63' title="bbox 2287 1707 3855 1772">
    <p class='ocr_par' dir='ltr' id='par_1_63' title="bbox 2287 1707 3855 1772">
     <span class='ocr_line' id='line_1_63' title="bbox 2287 1707 3855 1772; baseline -0.004 -8"><span class='ocrx_word' id='word_1_455' title='bbox 2287 1713 2598 1769; x_wconf 80' lang='grc' dir='ltr'>άπεπλανήθη</span> <span class='ocrx_word' id='word_1_456' title='bbox 2637 1707 2690 1764; x_wconf 80' lang='grc' dir='ltr'>ὃς</span> <span class='ocrx_word' id='word_1_457' title='bbox 2724 1708 2806 1756; x_wconf 85' lang='grc' dir='ltr'>τὸν</span> <span class='ocrx_word' id='word_1_458' title='bbox 2846 1708 2942 1756; x_wconf 83' lang='grc' dir='ltr'><strong>ἀπὸ</strong></span> <span class='ocrx_word' id='word_1_459' title='bbox 2980 1707 3065 1765; x_wconf 77' lang='grc' dir='ltr'>τῆς</span> <span class='ocrx_word' id='word_1_460' title='bbox 3105 1708 3258 1766; x_wconf 79' lang='grc' dir='ltr'>αὐτῆς</span> <span class='ocrx_word' id='word_1_461' title='bbox 3299 1708 3543 1772; x_wconf 82' lang='grc' dir='ltr'>παρθένου</span> <span class='ocrx_word' id='word_1_462' title='bbox 3585 1712 3855 1769; x_wconf 71' lang='grc' dir='ltr'>γεννηθέντα</span> 
     </span>
    </p>
   </div>
   <div class='ocr_carea' id='block_1_64' title="bbox 2289 1789 3854 1862">
    <p class='ocr_par' dir='ltr' id='par_1_64' title="bbox 2289 1789 3854 1862">
     <span class='ocr_line' id='line_1_64' title="bbox 2289 1789 3854 1862; baseline -0.001 -15"><span class='ocrx_word' id='word_1_463' title='bbox 2289 1804 2347 1852; x_wconf 79' lang='grc' dir='ltr'>οὐ</span> <span class='ocrx_word' id='word_1_464' title='bbox 2377 1803 2463 1860; x_wconf 81' lang='grc' dir='ltr'>τῆς</span> <span class='ocrx_word' id='word_1_465' title='bbox 2501 1799 2745 1862; x_wconf 80' lang='grc' dir='ltr'>ἡμετέρας</span> <span class='ocrx_word' id='word_1_466' title='bbox 2777 1789 2902 1846; x_wconf 69' lang='grc' dir='ltr'>εἶναι</span> <span class='ocrx_word' id='word_1_467' title='bbox 2922 1797 3218 1845; x_wconf 72' lang='grc' dir='ltr'>πεπίστευκε</span> <span class='ocrx_word' id='word_1_468' title='bbox 3246 1795 3470 1858; x_wconf 57' lang='lat' dir='ltr'><strong>odoacer“</strong></span> <span class='ocrx_word' id='word_1_469' title='bbox 3507 1800 3633 1846; x_wconf 85' lang='grc' dir='ltr'>ὥστε</span> <span class='ocrx_word' id='word_1_470' title='bbox 3663 1798 3744 1846; x_wconf 85' lang='grc' dir='ltr'>τὸν</span> <span class='ocrx_word' id='word_1_471' title='bbox 3777 1801 3854 1856; x_wconf 84' lang='grc' dir='ltr'><strong>τήν</strong></span> 
     </span>
    </p>
   </div>
   <div class='ocr_carea' id='block_1_65' title="bbox 2290 1885 3853 1958">
    <p class='ocr_par' dir='ltr' id='par_1_65' title="bbox 2290 1885 3853 1958">
     <span class='ocr_line' id='line_1_65' title="bbox 2290 1885 3853 1958; baseline -0.01 -19"><span class='ocrx_word' id='word_1_472' title='bbox 2290 1893 2481 1958; x_wconf 78' lang='grc' dir='ltr'>μορφὴν</span> <span class='ocrx_word' id='word_1_473' title='bbox 2511 1886 2601 1938; x_wconf 76' lang='grc' dir='ltr'><strong>τοῦ</strong></span> <span class='ocrx_word' id='word_1_474' title='bbox 2619 1887 2794 1936; x_wconf 76' lang='grc' dir='ltr'>δούλου</span> <span class='ocrx_word' id='word_1_475' title='bbox 2818 1886 3122 1949; x_wconf 81' lang='grc' dir='ltr'>φορήσαντα,</span> <span class='ocrx_word' id='word_1_476' title='bbox 3147 1885 3231 1933; x_wconf 79' lang='grc' dir='ltr'><strong>καὶ</strong></span> <span class='ocrx_word' id='word_1_477' title='bbox 3249 1887 3365 1946; x_wconf 80' lang='grc' dir='ltr'>ἡμῖν</span> <span class='ocrx_word' id='word_1_478' title='bbox 3392 1887 3569 1948; x_wconf 79' lang='grc' dir='ltr'>ὅμοιον</span> <span class='ocrx_word' id='word_1_479' title='bbox 3593 1887 3853 1948; x_wconf 47' lang='grc' dir='ltr'>γενόμενον.</span> 
     </span>
    </p>
   </div>
   <div class='ocr_carea' id='block_1_66' title="bbox 2288 1971 3855 2040">
    <p class='ocr_par' dir='ltr' id='par_1_66' title="bbox 2288 1971 3855 2040">
     <span class='ocr_line' id='line_1_66' title="bbox 2288 1971 3855 2040; baseline -0.002 -12"><span class='ocrx_word' id='word_1_480' title='bbox 2288 1981 2371 2031; x_wconf 78' lang='grc' dir='ltr'><strong>καὶ</strong></span> <span class='ocrx_word' id='word_1_481' title='bbox 2399 1979 2485 2036; x_wconf 77' lang='grc' dir='ltr'>τῆς</span> <span class='ocrx_word' id='word_1_482' title='bbox 2514 1977 2666 2034; x_wconf 77' lang='grc' dir='ltr'>αὐτῆς</span> <span class='ocrx_word' id='word_1_483' title='bbox 2692 1971 2812 2024; x_wconf 83' lang='grc' dir='ltr'>ὂντα</span> <span class='ocrx_word' id='word_1_484' title='bbox 2843 1976 3050 2036; x_wconf 73' lang='grc' dir='ltr'>μορφῆς,</span> <span class='ocrx_word' id='word_1_485' title='bbox 3083 1975 3188 2022; x_wconf 81' lang='grc' dir='ltr'>τινὰ</span> <span class='ocrx_word' id='word_1_486' title='bbox 3219 1973 3474 2038; x_wconf 80' lang='grc' dir='ltr'>τυγχάνειν</span> <span class='ocrx_word' id='word_1_487' title='bbox 3513 1979 3599 2024; x_wconf 77' lang='grc' dir='ltr'><strong>τοῦ</strong></span> <span class='ocrx_word' id='word_1_488' title='bbox 3631 1978 3855 2040; x_wconf 76' lang='grc' dir='ltr'><strong>ἡμετέρου</strong></span> 
     </span>
    </p>
   </div>
   <div class='ocr_carea' id='block_1_67' title="bbox 2288 2049 3856 2132">
    <p class='ocr_par' dir='ltr' id='par_1_67' title="bbox 2288 2049 3856 2132">
     <span class='ocr_line' id='line_1_67' title="bbox 2288 2049 3856 2132; baseline -0.003 -15"><span class='ocrx_word' id='word_1_489' title='bbox 2288 2069 2524 2132; x_wconf 85' lang='grc' dir='ltr'>σώματος</span> <span class='ocrx_word' id='word_1_490' title='bbox 2550 2064 2739 2125; x_wconf 77' lang='grc' dir='ltr'>εἰκόνα,</span> <span class='ocrx_word' id='word_1_491' title='bbox 2953 2063 3035 2111; x_wconf 84' lang='grc' dir='ltr'>καὶ</span> <span class='ocrx_word' id='word_1_492' title='bbox 3063 2064 3127 2124; x_wconf 81' lang='grc' dir='ltr'>μή</span> <span class='ocrx_word' id='word_1_493' title='bbox 3151 2063 3394 2119; x_wconf 78' lang='grc' dir='ltr'>ἀλήθειαν.</span> <span class='ocrx_word' id='word_1_494' title='bbox 3425 2063 3581 2111; x_wconf 73' lang='grc' dir='ltr'>Οὐθὲν</span> <span class='ocrx_word' id='word_1_495' title='bbox 3607 2064 3657 2111; x_wconf 79' lang='grc' dir='ltr'>δὲ</span> <span class='ocrx_word' id='word_1_496' title='bbox 3681 2065 3856 2128; x_wconf 69' lang='grc' dir='ltr'>ὠρελεῖ,</span> 
     </span>
    </p>
   </div>
   <div class='ocr_carea' id='block_1_68' title="bbox 2289 2152 3856 2221">
    <p class='ocr_par' dir='ltr' id='par_1_68' title="bbox 2289 2152 3856 2221">
     <span class='ocr_line' id='line_1_68' title="bbox 2289 2152 3856 2221; baseline -0.003 -14"><span class='ocrx_word' id='word_1_497' title='bbox 2289 2159 2372 2207; x_wconf 88' lang='grc' dir='ltr'><strong>τὸν</strong></span> <span class='ocrx_word' id='word_1_498' title='bbox 2399 2157 2640 2221; x_wconf 77' lang='grc' dir='ltr'>ἡμέτερον</span> <span class='ocrx_word' id='word_1_499' title='bbox 2668 2153 2923 2210; x_wconf 86' lang='grc' dir='ltr'>Δεσπότην</span> <span class='ocrx_word' id='word_1_500' title='bbox 2951 2152 3036 2200; x_wconf 87' lang='grc' dir='ltr'>τὸν</span> <span class='ocrx_word' id='word_1_501' title='bbox 3067 2153 3153 2210; x_wconf 83' lang='grc' dir='ltr'>τῆς</span> <span class='ocrx_word' id='word_1_502' title='bbox 3187 2153 3705 2216; x_wconf 81' lang='grc' dir='ltr'>μακαρίαςῐΙαρθένου</span> <span class='ocrx_word' id='word_1_503' title='bbox 3740 2153 3856 2212; x_wconf 57' lang='lat' dir='ltr'><strong>my,</strong></span> 
     </span>
    </p>
   </div>
   <div class='ocr_carea' id='block_1_69' title="bbox 2291 2240 3861 2312">
    <p class='ocr_par' dir='ltr' id='par_1_69' title="bbox 2291 2240 3861 2312">
     <span class='ocr_line' id='line_1_69' title="bbox 2291 2240 3861 2312; baseline -0.003 -17"><span class='ocrx_word' id='word_1_504' title='bbox 2291 2247 2543 2312; x_wconf 76' lang='grc' dir='ltr'>ἄνθρωπον</span> <span class='ocrx_word' id='word_1_505' title='bbox 2581 2244 2753 2304; x_wconf 85' lang='grc' dir='ltr'>λέγειν,</span> <span class='ocrx_word' id='word_1_506' title='bbox 2796 2243 2837 2290; x_wconf 80' lang='grc' dir='ltr'><strong>εί</strong></span> <span class='ocrx_word' id='word_1_507' title='bbox 2869 2242 2933 2304; x_wconf 84' lang='grc' dir='ltr'>μή</span> <span class='ocrx_word' id='word_1_508' title='bbox 2964 2245 3052 2289; x_wconf 78' lang='grc' dir='ltr'>τοῦ</span> <span class='ocrx_word' id='word_1_509' title='bbox 3096 2240 3268 2301; x_wconf 82' lang='grc' dir='ltr'>γένους</span> <span class='ocrx_word' id='word_1_510' title='bbox 3293 2241 3461 2299; x_wconf 78' lang='grc' dir='ltr'>αὐτῆς,</span> <span class='ocrx_word' id='word_1_511' title='bbox 3505 2242 3587 2290; x_wconf 82' lang='grc' dir='ltr'><strong>καὶ</strong></span> <span class='ocrx_word' id='word_1_512' title='bbox 3624 2244 3707 2300; x_wconf 83' lang='grc' dir='ltr'>τῆς</span> <span class='ocrx_word' id='word_1_513' title='bbox 3745 2243 3861 2306; x_wconf 77' lang='grc' dir='ltr'>ῥίζης</span> 
     </span>
    </p>
   </div>
   <div class='ocr_carea' id='block_1_70' title="bbox 2289 2320 3861 2400">
    <p class='ocr_par' dir='ltr' id='par_1_70' title="bbox 2289 2320 3861 2400">
     <span class='ocr_line' id='line_1_70' title="bbox 2289 2320 3861 2400; baseline -0.005 -13"><span class='ocrx_word' id='word_1_514' title='bbox 2289 2334 2542 2400; x_wconf 78' lang='grc' dir='ltr'>ἅνθρωπος</span> <span class='ocrx_word' id='word_1_515' title='bbox 2566 2325 2687 2380; x_wconf 72' lang='grc' dir='ltr'>εἶναι</span> <span class='ocrx_word' id='word_1_516' title='bbox 2714 2329 2735 2362; x_wconf 69' lang='grc'><strong>⁸</strong></span> <span class='ocrx_word' id='word_1_517' title='bbox 2758 2328 3068 2378; x_wconf 81' lang='grc' dir='ltr'>πιστεύοιτο·</span> <span class='ocrx_word' id='word_1_518' title='bbox 3108 2329 3220 2395; x_wconf 83' lang='grc' dir='ltr'>περὶ</span> <span class='ocrx_word' id='word_1_519' title='bbox 3255 2320 3312 2378; x_wconf 82' lang='grc' dir='ltr'><strong>οὗ</strong></span> <span class='ocrx_word' id='word_1_520' title='bbox 3345 2329 3393 2377; x_wconf 82' lang='grc' dir='ltr'>ἐν</span> <span class='ocrx_word' id='word_1_521' title='bbox 3437 2330 3575 2393; x_wconf 76' lang='grc' dir='ltr'><strong>αὖτῷ</strong></span> <span class='ocrx_word' id='word_1_522' title='bbox 3602 2331 3668 2392; x_wconf 88' lang='grc' dir='ltr'>τῷ</span> <span class='ocrx_word' id='word_1_523' title='bbox 3707 2347 3861 2395; x_wconf 80' lang='grc' dir='ltr'>προοιο</span> 
     </span>
    </p>
   </div>
   <div class='ocr_carea' id='block_1_71' title="bbox 2289 2419 3864 2488">
    <p class='ocr_par' dir='ltr' id='par_1_71' title="bbox 2289 2419 3864 2488">
     <span class='ocr_line' id='line_1_71' title="bbox 2289 2419 3864 2488; baseline -0.004 -14"><span class='ocrx_word' id='word_1_524' title='bbox 2289 2426 2384 2488; x_wconf 87' lang='grc' dir='ltr'>μίῳ</span> <span class='ocrx_word' id='word_1_525' title='bbox 2421 2428 2508 2473; x_wconf 81' lang='grc' dir='ltr'>τοῦ</span> <span class='ocrx_word' id='word_1_526' title='bbox 2552 2419 2844 2484; x_wconf 77' lang='grc' dir='ltr'>Εὖαγγελίου</span> <span class='ocrx_word' id='word_1_527' title='bbox 2881 2419 3186 2484; x_wconf 82' lang='grc' dir='ltr'>προλέγεται.</span> <span class='ocrx_word' id='word_1_528' title='bbox 3237 2419 3392 2467; x_wconf 65' lang='grc' dir='ltr'>θΟθεν</span> <span class='ocrx_word' id='word_1_529' title='bbox 3433 2420 3560 2468; x_wconf 87' lang='grc' dir='ltr'>πάνυ</span> <span class='ocrx_word' id='word_1_530' title='bbox 3595 2420 3748 2486; x_wconf 82' lang='grc' dir='ltr'>πονῶ,</span> <span class='ocrx_word' id='word_1_531' title='bbox 3789 2422 3864 2468; x_wconf 70' lang='grc' dir='ltr'><strong>καὶ</strong></span> 
     </span>
    </p>
   </div>
   <div class='ocr_carea' id='block_1_72' title="bbox 2287 2499 3864 2576">
    <p class='ocr_par' dir='ltr' id='par_1_72' title="bbox 2287 2499 3864 2576">
     <span class='ocr_line' id='line_1_72' title="bbox 2287 2499 3864 2576; baseline -0.001 -16"><span class='ocrx_word' id='word_1_532' title='bbox 2287 2512 2572 2576; x_wconf 74' lang='grc' dir='ltr'>στυγνάζω,</span> <span class='ocrx_word' id='word_1_533' title='bbox 2623 2511 2790 2572; x_wconf 83' lang='grc' dir='ltr'>ὅτιπερ</span> <span class='ocrx_word' id='word_1_534' title='bbox 2837 2499 3000 2565; x_wconf 81' lang='grc' dir='ltr'>οὗτος,</span> <span class='ocrx_word' id='word_1_535' title='bbox 3054 2504 3106 2562; x_wconf 82' lang='grc' dir='ltr'>ὃς</span> <span class='ocrx_word' id='word_1_536' title='bbox 3128 2508 3223 2572; x_wconf 83' lang='grc' dir='ltr'>πρὸ</span> <span class='ocrx_word' id='word_1_537' title='bbox 3259 2507 3439 2556; x_wconf 85' lang='grc' dir='ltr'>τούτου</span> <span class='ocrx_word' id='word_1_538' title='bbox 3481 2509 3588 2572; x_wconf 83' lang='grc' dir='ltr'>περὶ</span> <span class='ocrx_word' id='word_1_539' title='bbox 3621 2510 3708 2566; x_wconf 80' lang='grc' dir='ltr'>τῆς</span> <span class='ocrx_word' id='word_1_540' title='bbox 3750 2526 3864 2573; x_wconf 82' lang='grc' dir='ltr'>προ·</span> 
     </span>
    </p>
   </div>
   <div class='ocr_carea' id='block_1_73' title="bbox 2288 2595 3866 2660">
    <p class='ocr_par' dir='ltr' id='par_1_73' title="bbox 2288 2595 3866 2660">
     <span class='ocr_line' id='line_1_73' title="bbox 2288 2595 3866 2660; baseline -0.005 -7"><span class='ocrx_word' id='word_1_541' title='bbox 2288 2603 2468 2658; x_wconf 80' lang='grc' dir='ltr'>θέσεως</span> <span class='ocrx_word' id='word_1_542' title='bbox 2490 2601 2578 2660; x_wconf 80' lang='grc' dir='ltr'>τῆς</span> <span class='ocrx_word' id='word_1_543' title='bbox 2609 2597 2960 2655; x_wconf 77' lang='grc' dir='ltr'>ταπεινότητος</span> <span class='ocrx_word' id='word_1_544' title='bbox 2984 2596 3232 2658; x_wconf 72' lang='grc' dir='ltr'>ἐπῃνεῖτο,</span> <span class='ocrx_word' id='word_1_545' title='bbox 3260 2599 3390 2645; x_wconf 87' lang='grc' dir='ltr'>κατὰ</span> <span class='ocrx_word' id='word_1_546' title='bbox 3421 2598 3504 2654; x_wconf 77' lang='grc' dir='ltr'>τῆς</span> <span class='ocrx_word' id='word_1_547' title='bbox 3525 2596 3707 2652; x_wconf 70' lang='grc' dir='ltr'>ἐλπίδος</span> <span class='ocrx_word' id='word_1_548' title='bbox 3730 2595 3753 2628; x_wconf 79' lang='grc'>⁸</span> <span class='ocrx_word' id='word_1_549' title='bbox 3777 2596 3866 2645; x_wconf 78' lang='grc' dir='ltr'><strong>τοῦ</strong></span> 
     </span>
    </p>
   </div>
   <div class='ocr_carea' id='block_1_74' title="bbox 2289 2685 3862 2755">
    <p class='ocr_par' dir='ltr' id='par_1_74' title="bbox 2289 2685 3862 2755">
     <span class='ocr_line' id='line_1_74' title="bbox 2289 2685 3862 2755; baseline -0.004 -14"><span class='ocrx_word' id='word_1_550' title='bbox 2289 2687 2588 2755; x_wconf 76' lang='grc' dir='ltr'>μονογενοῦς</span> <span class='ocrx_word' id='word_1_551' title='bbox 2611 2687 2772 2751; x_wconf 83' lang='grc' dir='ltr'>ἡμῶν,</span> <span class='ocrx_word' id='word_1_552' title='bbox 2819 2685 2902 2734; x_wconf 82' lang='grc' dir='ltr'><strong>καὶ</strong></span> <span class='ocrx_word' id='word_1_553' title='bbox 2945 2686 3042 2733; x_wconf 84' lang='grc' dir='ltr'><strong>τῶν</strong></span> <span class='ocrx_word' id='word_1_554' title='bbox 3084 2686 3340 2750; x_wconf 81' lang='grc' dir='ltr'>ἡμετέρων</span> <span class='ocrx_word' id='word_1_555' title='bbox 3379 2687 3624 2750; x_wconf 82' lang='grc' dir='ltr'>πατέρων,</span> <span class='ocrx_word' id='word_1_556' title='bbox 3668 2686 3862 2748; x_wconf 82' lang='grc' dir='ltr'>μάταια.</span> 
     </span>
    </p>
   </div>
   <div class='ocr_carea' id='block_1_75' title="bbox 2286 2773 3859 2842">
    <p class='ocr_par' dir='ltr' id='par_1_75' title="bbox 2286 2773 3859 2842">
     <span class='ocr_line' id='line_1_75' title="bbox 2286 2773 3859 2842; baseline -0.006 -12"><span class='ocrx_word' id='word_1_557' title='bbox 2286 2782 2368 2830; x_wconf 78' lang='grc' dir='ltr'>καὶ</span> <span class='ocrx_word' id='word_1_558' title='bbox 2402 2778 2530 2828; x_wconf 89' lang='grc' dir='ltr'>πάνυ</span> <span class='ocrx_word' id='word_1_559' title='bbox 2565 2775 2927 2841; x_wconf 80' lang='grc' dir='ltr'>διεστραμμένα</span> <span class='ocrx_word' id='word_1_560' title='bbox 2953 2775 3115 2837; x_wconf 89' lang='grc' dir='ltr'>τολμᾶ</span> <span class='ocrx_word' id='word_1_561' title='bbox 3144 2775 3316 2836; x_wconf 87' lang='grc' dir='ltr'>λέγειν.</span> <span class='ocrx_word' id='word_1_562' title='bbox 3372 2773 3537 2840; x_wconf 84' lang='grc' dir='ltr'>Ὁρῶν</span> <span class='ocrx_word' id='word_1_563' title='bbox 3575 2777 3665 2842; x_wconf 76' lang='grc' dir='ltr'>γὰρ</span> <span class='ocrx_word' id='word_1_564' title='bbox 3695 2773 3859 2823; x_wconf 75' lang='grc' dir='ltr'>ἑαυτοῦ</span> 
     </span>
    </p>
   </div>
   <div class='ocr_carea' id='block_1_76' title="bbox 2286 2860 3858 2932">
    <p class='ocr_par' dir='ltr' id='par_1_76' title="bbox 2286 2860 3858 2932">
     <span class='ocr_line' id='line_1_76' title="bbox 2286 2860 3858 2932; baseline -0.004 -16"><span class='ocrx_word' id='word_1_565' title='bbox 2286 2886 2373 2929; x_wconf 84' lang='grc' dir='ltr'><strong>της</strong></span> <span class='ocrx_word' id='word_1_566' title='bbox 2426 2865 2708 2932; x_wconf 67' lang='grc' dir='ltr'>ἀφροσύνης</span> <span class='ocrx_word' id='word_1_567' title='bbox 2759 2865 2846 2922; x_wconf 75' lang='grc' dir='ltr'><strong>τὴν</strong></span> <span class='ocrx_word' id='word_1_568' title='bbox 2906 2860 3130 2920; x_wconf 81' lang='grc' dir='ltr'>αἴσθησιν</span> <span class='ocrx_word' id='word_1_569' title='bbox 3183 2863 3288 2917; x_wconf 86' lang='grc' dir='ltr'>ταῖς</span> <span class='ocrx_word' id='word_1_570' title='bbox 3353 2864 3640 2918; x_wconf 56' lang='grc' dir='ltr'>καθολικῶς</span> <span class='ocrx_word' id='word_1_571' title='bbox 3702 2863 3858 2915; x_wconf 75' lang='grc' dir='ltr'>ἀκοαῖς</span> 
     </span>
    </p>
   </div>
   <div class='ocr_carea' id='block_1_77' title="bbox 2285 2950 3854 3024">
    <p class='ocr_par' dir='ltr' id='par_1_77' title="bbox 2285 2950 3854 3024">
     <span class='ocr_line' id='line_1_77' title="bbox 2285 2950 3854 3024; baseline -0.006 -16"><span class='ocrx_word' id='word_1_572' title='bbox 2285 2957 2682 3024; x_wconf 81' lang='grc' dir='ltr'>ἀπαρέσκουσαν,</span> <span class='ocrx_word' id='word_1_573' title='bbox 2717 2952 2916 3015; x_wconf 80' lang='grc' dir='ltr'>ὤφειλεν</span> <span class='ocrx_word' id='word_1_574' title='bbox 2947 2951 3121 3000; x_wconf 78' lang='grc' dir='ltr'>ἑαυτὸν</span> <span class='ocrx_word' id='word_1_575' title='bbox 3159 2950 3258 2999; x_wconf 83' lang='grc' dir='ltr'><strong>ἀπὸ</strong></span> <span class='ocrx_word' id='word_1_576' title='bbox 3290 2952 3377 3009; x_wconf 82' lang='grc' dir='ltr'>τῆς</span> <span class='ocrx_word' id='word_1_577' title='bbox 3417 2952 3604 3006; x_wconf 72' lang='grc' dir='ltr'>οἰκείας</span> <span class='ocrx_word' id='word_1_578' title='bbox 3643 2951 3854 3004; x_wconf 74' lang='grc' dir='ltr'>ὑπονοίας</span> 
     </span>
    </p>
   </div>
   <div class='ocr_carea' id='block_1_78' title="bbox 2285 3039 3847 3104">
    <p class='ocr_par' dir='ltr' id='par_1_78' title="bbox 2285 3039 3847 3104">
     <span class='ocr_line' id='line_1_78' title="bbox 2285 3039 3847 3104; baseline -0.006 -8"><span class='ocrx_word' id='word_1_579' title='bbox 2285 3044 2696 3103; x_wconf 79' lang='grc' dir='ltr'>ἀνακαλέσασθαι,</span> <span class='ocrx_word' id='word_1_580' title='bbox 2739 3040 2826 3089; x_wconf 78' lang='grc' dir='ltr'><strong>καὶ</strong></span> <span class='ocrx_word' id='word_1_581' title='bbox 2866 3040 2990 3104; x_wconf 83' lang='grc' dir='ltr'>μήτε</span> <span class='ocrx_word' id='word_1_582' title='bbox 3042 3039 3156 3094; x_wconf 80' lang='grc' dir='ltr'>τοὺς</span> <span class='ocrx_word' id='word_1_583' title='bbox 3197 3039 3301 3094; x_wconf 86' lang='grc' dir='ltr'>ταῖς</span> <span class='ocrx_word' id='word_1_584' title='bbox 3363 3039 3673 3096; x_wconf 83' lang='grc' dir='ltr'>Ἐκκλησίαις</span> <span class='ocrx_word' id='word_1_585' title='bbox 3710 3055 3847 3102; x_wconf 77' lang='grc' dir='ltr'>παρα-</span> 
     </span>
    </p>
   </div>
   <div class='ocr_carea' id='block_1_79' title="bbox 2287 3126 3844 3198">
    <p class='ocr_par' dir='ltr' id='par_1_79' title="bbox 2287 3126 3844 3198">
     <span class='ocr_line' id='line_1_79' title="bbox 2287 3126 3844 3198; baseline -0.009 -13"><span class='ocrx_word' id='word_1_586' title='bbox 2287 3135 2527 3198; x_wconf 85' lang='grc' dir='ltr'>μένοντας</span> <span class='ocrx_word' id='word_1_587' title='bbox 2561 3131 2778 3190; x_wconf 76' lang='grc' dir='ltr'>κινῆσαι,</span> <span class='ocrx_word' id='word_1_588' title='bbox 2815 3129 2903 3187; x_wconf 77' lang='grc' dir='ltr'>τῆς</span> <span class='ocrx_word' id='word_1_589' title='bbox 2941 3127 3209 3185; x_wconf 70' lang='grc' dir='ltr'>καταδίκης</span> <span class='ocrx_word' id='word_1_590' title='bbox 3242 3129 3329 3186; x_wconf 83' lang='grc' dir='ltr'><strong>τήν</strong></span> <span class='ocrx_word' id='word_1_591' title='bbox 3359 3127 3609 3192; x_wconf 77' lang='grc' dir='ltr'>ἀπόφασιν</span> <span class='ocrx_word' id='word_1_592' title='bbox 3638 3126 3659 3159; x_wconf 85' lang='grc'>⁶</span> <span class='ocrx_word' id='word_1_593' title='bbox 3693 3128 3844 3190; x_wconf 75' lang='grc' dir='ltr'>ἀναμέ.</span> 
     </span>
    </p>
   </div>
   <div class='ocr_carea' id='block_1_80' title="bbox 2285 3216 3842 3284">
    <p class='ocr_par' dir='ltr' id='par_1_80' title="bbox 2285 3216 3842 3284">
     <span class='ocr_line' id='line_1_80' title="bbox 2285 3216 3842 3284; baseline -0.004 -12"><span class='ocrx_word' id='word_1_594' title='bbox 2285 3239 2452 3274; x_wconf 85' lang='grc' dir='ltr'>νοντα.</span> <span class='ocrx_word' id='word_1_595' title='bbox 2491 3222 2648 3280; x_wconf 82' lang='grc' dir='ltr'>Δῆλον</span> <span class='ocrx_word' id='word_1_596' title='bbox 2670 3220 2784 3284; x_wconf 84' lang='grc' dir='ltr'>γὰρ,</span> <span class='ocrx_word' id='word_1_597' title='bbox 2817 3219 2885 3272; x_wconf 77' lang='grc' dir='ltr'>ὡς</span> <span class='ocrx_word' id='word_1_598' title='bbox 2913 3217 2954 3266; x_wconf 75' lang='grc' dir='ltr'>εἰ</span> <span class='ocrx_word' id='word_1_599' title='bbox 2988 3216 3036 3267; x_wconf 75' lang='grc' dir='ltr'>ἐν</span> <span class='ocrx_word' id='word_1_600' title='bbox 3060 3223 3118 3280; x_wconf 73' lang='grc' dir='ltr'><strong>τῇ</strong></span> <span class='ocrx_word' id='word_1_601' title='bbox 3144 3217 3267 3279; x_wconf 74' lang='grc' dir='ltr'>αὐτῇ</span> <span class='ocrx_word' id='word_1_602' title='bbox 3318 3217 3547 3276; x_wconf 71' lang='grc' dir='ltr'>αἶστήσει</span> <span class='ocrx_word' id='word_1_603' title='bbox 3581 3217 3842 3282; x_wconf 75' lang='grc' dir='ltr'>παραμένειν</span> 
     </span>
    </p>
   </div>
   <div class='ocr_carea' id='block_1_81' title="bbox 2287 3302 3840 3371">
    <p class='ocr_par' dir='ltr' id='par_1_81' title="bbox 2287 3302 3840 3371">
     <span class='ocr_line' id='line_1_81' title="bbox 2287 3302 3840 3371; baseline -0.006 -10"><span class='ocrx_word' id='word_1_604' title='bbox 2287 3313 2500 3370; x_wconf 83' lang='grc' dir='ltr'>θελήσοι,</span> <span class='ocrx_word' id='word_1_605' title='bbox 2541 3307 2697 3362; x_wconf 77' lang='grc' dir='ltr'>οὐδεὶς</span> <span class='ocrx_word' id='word_1_606' title='bbox 2739 3306 2888 3355; x_wconf 84' lang='grc' dir='ltr'>αὐτὸν</span> <span class='ocrx_word' id='word_1_607' title='bbox 2923 3302 3165 3354; x_wconf 72' lang='grc' dir='ltr'>ἀπολῦσαι</span> <span class='ocrx_word' id='word_1_608' title='bbox 3199 3305 3481 3363; x_wconf 83' lang='grc' dir='ltr'>δυνήσεται.</span> <span class='ocrx_word' id='word_1_609' title='bbox 3521 3306 3619 3354; x_wconf 77' lang='grc' dir='ltr'>Καὶ</span> <span class='ocrx_word' id='word_1_610' title='bbox 3651 3306 3736 3371; x_wconf 79' lang='grc' dir='ltr'><strong>γὰρ</strong></span> <span class='ocrx_word' id='word_1_611' title='bbox 3770 3303 3840 3353; x_wconf 73' lang='grc' dir='ltr'>τοῦ</span> 
     </span>
    </p>
   </div>
   <div class='ocr_carea' id='block_1_82' title="bbox 2287 3393 3842 3467">
    <p class='ocr_par' dir='ltr' id='par_1_82' title="bbox 2287 3393 3842 3467">
     <span class='ocr_line' id='line_1_82' title="bbox 2287 3393 3842 3467; baseline -0.005 -19"><span class='ocrx_word' id='word_1_612' title='bbox 2287 3399 2461 3467; x_wconf 84' lang='grc' dir='ltr'>θρόνου</span> <span class='ocrx_word' id='word_1_613' title='bbox 2501 3395 2590 3447; x_wconf 69' lang='grc' dir='ltr'><strong>τοῦ</strong></span> <span class='ocrx_word' id='word_1_614' title='bbox 2631 3396 2962 3446; x_wconf 79' lang='grc' dir='ltr'>ἀποστολικοῦ</span> <span class='ocrx_word' id='word_1_615' title='bbox 2997 3393 3054 3442; x_wconf 86' lang='grc' dir='ltr'>τὸ</span> <span class='ocrx_word' id='word_1_616' title='bbox 3099 3393 3384 3458; x_wconf 80' lang='grc' dir='ltr'>σύμμετρον</span> <span class='ocrx_word' id='word_1_617' title='bbox 3421 3393 3604 3452; x_wconf 80' lang='grc' dir='ltr'>ταύτην</span> <span class='ocrx_word' id='word_1_618' title='bbox 3646 3394 3842 3455; x_wconf 81' lang='grc' dir='ltr'>φυλάττει</span> 
     </span>
    </p>
   </div>
   <div class='ocr_carea' id='block_1_83' title="bbox 2286 3481 3838 3553">
    <p class='ocr_par' dir='ltr' id='par_1_83' title="bbox 2286 3481 3838 3553">
     <span class='ocr_line' id='line_1_83' title="bbox 2286 3481 3838 3553; baseline -0.006 -15"><span class='ocrx_word' id='word_1_619' title='bbox 2286 3491 2372 3548; x_wconf 85' lang='grc' dir='ltr'><strong>τήν</strong></span> <span class='ocrx_word' id='word_1_620' title='bbox 2405 3486 2714 3553; x_wconf 78' lang='grc' dir='ltr'>εὖκράτειαν,</span> <span class='ocrx_word' id='word_1_621' title='bbox 2743 3486 2873 3533; x_wconf 85' lang='grc' dir='ltr'>ὥστε</span> <span class='ocrx_word' id='word_1_622' title='bbox 2891 3482 2974 3531; x_wconf 84' lang='grc' dir='ltr'><strong>καὶ</strong></span> <span class='ocrx_word' id='word_1_623' title='bbox 3005 3483 3336 3548; x_wconf 86' lang='grc' dir='ltr'>σκληρότερον</span> <span class='ocrx_word' id='word_1_624' title='bbox 3364 3483 3595 3547; x_wconf 86' lang='grc' dir='ltr'>πράττειν</span> <span class='ocrx_word' id='word_1_625' title='bbox 3618 3483 3737 3531; x_wconf 78' lang='grc' dir='ltr'><strong>κατά</strong></span> <span class='ocrx_word' id='word_1_626' title='bbox 3762 3481 3838 3529; x_wconf 75' lang='grc' dir='ltr'><strong>τῶν</strong></span> 
     </span>
    </p>
   </div>
   <div class='ocr_carea' id='block_1_84' title="bbox 2286 3571 3828 3645">
    <p class='ocr_par' dir='ltr' id='par_1_84' title="bbox 2286 3571 3828 3645">
     <span class='ocr_line' id='line_1_84' title="bbox 2286 3571 3828 3645; baseline -0.005 -14"><span class='ocrx_word' id='word_1_627' title='bbox 2286 3580 2626 3645; x_wconf 66' lang='grc' dir='ltr'>ἐπιμενόντων,</span> <span class='ocrx_word' id='word_1_628' title='bbox 2664 3577 2748 3626; x_wconf 79' lang='grc' dir='ltr'><strong>καὶ</strong></span> <span class='ocrx_word' id='word_1_629' title='bbox 2790 3576 3083 3639; x_wconf 87' lang='grc' dir='ltr'>συγγνώμης</span> <span class='ocrx_word' id='word_1_630' title='bbox 3124 3571 3286 3629; x_wconf 78' lang='grc' dir='ltr'>ἀξιοῦν</span> <span class='ocrx_word' id='word_1_631' title='bbox 3329 3575 3446 3630; x_wconf 77' lang='grc' dir='ltr'>τοὺς</span> <span class='ocrx_word' id='word_1_632' title='bbox 3487 3577 3572 3632; x_wconf 78' lang='grc' dir='ltr'><strong>τὴν</strong></span> <span class='ocrx_word' id='word_1_633' title='bbox 3612 3575 3828 3639; x_wconf 71' lang='grc' dir='ltr'>διόρθωσιν</span> 
     </span>
    </p>
   </div>
   <div class='ocr_carea' id='block_1_85' title="bbox 2286 3663 3830 3732">
    <p class='ocr_par' dir='ltr' id='par_1_85' title="bbox 2286 3663 3830 3732">
     <span class='ocr_line' id='line_1_85' title="bbox 2286 3663 3830 3732; baseline -0.005 -13"><span class='ocrx_word' id='word_1_634' title='bbox 2286 3669 2717 3732; x_wconf 80' lang='grc' dir='ltr'>έπιγινώσκοντας.</span> <span class='ocrx_word' id='word_1_635' title='bbox 2787 3665 2979 3722; x_wconf 81' lang='grc' dir='ltr'>Ἐπειδὴ</span> <span class='ocrx_word' id='word_1_636' title='bbox 3028 3664 3193 3714; x_wconf 86' lang='grc' dir='ltr'>τοίνυν</span> <span class='ocrx_word' id='word_1_637' title='bbox 3235 3665 3386 3721; x_wconf 80' lang='grc' dir='ltr'>πολλή</span> <span class='ocrx_word' id='word_1_638' title='bbox 3427 3664 3706 3720; x_wconf 81' lang='grc' dir='ltr'>πεποίθησίς</span> <span class='ocrx_word' id='word_1_639' title='bbox 3753 3663 3830 3712; x_wconf 59' lang='grc' dir='ltr'>ἐστι</span> 
     </span>
    </p>
   </div>
   <div class='ocr_carea' id='block_1_86' title="bbox 2284 3758 3830 3830">
    <p class='ocr_par' dir='ltr' id='par_1_86' title="bbox 2284 3758 3830 3830">
     <span class='ocr_line' id='line_1_86' title="bbox 2284 3758 3830 3830; baseline -0.007 -16"><span class='ocrx_word' id='word_1_640' title='bbox 2284 3766 2392 3830; x_wconf 80' lang='grc' dir='ltr'>περὶ</span> <span class='ocrx_word' id='word_1_641' title='bbox 2435 3764 2522 3822; x_wconf 82' lang='grc' dir='ltr'>τῆς</span> <span class='ocrx_word' id='word_1_642' title='bbox 2559 3759 2807 3815; x_wconf 72' lang='grc' dir='ltr'>εὐσεϐείας</span> <span class='ocrx_word' id='word_1_643' title='bbox 2840 3758 2860 3791; x_wconf 79' lang='grc'><strong>⁷</strong></span> <span class='ocrx_word' id='word_1_644' title='bbox 2902 3760 2988 3818; x_wconf 77' lang='grc' dir='ltr'>τῆς</span> <span class='ocrx_word' id='word_1_645' title='bbox 3031 3758 3411 3823; x_wconf 77' lang='grc' dir='ltr'>μακαριωτάτης</span> <span class='ocrx_word' id='word_1_646' title='bbox 3448 3759 3675 3815; x_wconf 86' lang='grc' dir='ltr'>πίστεως,</span> <span class='ocrx_word' id='word_1_647' title='bbox 3707 3773 3830 3821; x_wconf 80' lang='grc' dir='ltr'>παρε-</span> 
     </span>
    </p>
   </div>
   <div class='ocr_carea' id='block_1_87' title="bbox 2285 3842 3832 3917">
    <p class='ocr_par' dir='ltr' id='par_1_87' title="bbox 2285 3842 3832 3917">
     <span class='ocr_line' id='line_1_87' title="bbox 2285 3842 3832 3917; baseline -0.006 -15"><span class='ocrx_word' id='word_1_648' title='bbox 2285 3853 2419 3903; x_wconf 82' lang='grc' dir='ltr'>καλῶ</span> <span class='ocrx_word' id='word_1_649' title='bbox 2441 3851 2452 3917; x_wconf 96' lang='lat'><strong><em>|</em></strong></span> <span class='ocrx_word' id='word_1_650' title='bbox 2476 3855 2563 3910; x_wconf 79' lang='grc' dir='ltr'>τὴν</span> <span class='ocrx_word' id='word_1_651' title='bbox 2613 3850 2854 3915; x_wconf 74' lang='grc' dir='ltr'>ὑμετέραν</span> <span class='ocrx_word' id='word_1_652' title='bbox 2909 3849 3297 3912; x_wconf 76' lang='grc' dir='ltr'>φιλανθρωπίαν,</span> <span class='ocrx_word' id='word_1_653' title='bbox 3366 3847 3722 3910; x_wconf 67' lang='grc' dir='ltr'>ἐπιφανεστάτη</span> <span class='ocrx_word' id='word_1_654' title='bbox 3773 3842 3832 3894; x_wconf 78' lang='grc' dir='ltr'>καὶ</span> 
     </span>
    </p>
   </div>
   <div class='ocr_carea' id='block_1_88' title="bbox 2285 3928 3833 4001">
    <p class='ocr_par' dir='ltr' id='par_1_88' title="bbox 2285 3928 3833 4001">
     <span class='ocr_line' id='line_1_88' title="bbox 2285 3928 3833 4001; baseline -0.003 -14"><span class='ocrx_word' id='word_1_655' title='bbox 2285 3938 2616 3995; x_wconf 76' lang='grc' dir='ltr'>εὐσεϐεστάτη</span> <span class='ocrx_word' id='word_1_656' title='bbox 2644 3937 2878 4001; x_wconf 80' lang='grc' dir='ltr'>θύγατερ,</span> <span class='ocrx_word' id='word_1_657' title='bbox 2919 3933 2940 3966; x_wconf 80' lang='grc'><strong><em>⁸</em></strong></span> <span class='ocrx_word' id='word_1_658' title='bbox 2978 3933 3041 3983; x_wconf 80' lang='grc' dir='ltr'><strong>ἵν’</strong></span> <span class='ocrx_word' id='word_1_659' title='bbox 3081 3937 3247 3997; x_wconf 84' lang='grc' dir='ltr'>ὥσπερ</span> <span class='ocrx_word' id='word_1_660' title='bbox 3306 3936 3362 3983; x_wconf 81' lang='grc' dir='ltr'>ἐκ</span> <span class='ocrx_word' id='word_1_661' title='bbox 3416 3934 3633 3992; x_wconf 81' lang='grc' dir='ltr'>σπουδῆς</span> <span class='ocrx_word' id='word_1_662' title='bbox 3674 3928 3833 3989; x_wconf 73' lang='grc' dir='ltr'>θείας⁹</span> 
     </span>
    </p>
   </div>
   <div class='ocr_carea' id='block_1_89' title="bbox 2286 4025 3836 4094">
    <p class='ocr_par' dir='ltr' id='par_1_89' title="bbox 2286 4025 3836 4094">
     <span class='ocr_line' id='line_1_89' title="bbox 2286 4025 3836 4094; baseline -0.005 -13"><span class='ocrx_word' id='word_1_663' title='bbox 2286 4034 2333 4081; x_wconf 83' lang='grc' dir='ltr'>ἐν</span> <span class='ocrx_word' id='word_1_664' title='bbox 2366 4033 2436 4094; x_wconf 83' lang='grc' dir='ltr'>τῷ</span> <span class='ocrx_word' id='word_1_665' title='bbox 2464 4030 2709 4094; x_wconf 77' lang='grc' dir='ltr'>καθολικῷ</span> <span class='ocrx_word' id='word_1_666' title='bbox 2748 4031 2835 4087; x_wconf 80' lang='grc' dir='ltr'><strong>τῆς</strong></span> <span class='ocrx_word' id='word_1_667' title='bbox 2878 4029 3170 4084; x_wconf 82' lang='grc' dir='ltr'>Ἐκκλησίας</span> <span class='ocrx_word' id='word_1_668' title='bbox 3202 4027 3441 4088; x_wconf 82' lang='grc' dir='ltr'>ἀξιώματι</span> <span class='ocrx_word' id='word_1_669' title='bbox 3473 4029 3560 4085; x_wconf 77' lang='grc' dir='ltr'>τῆς</span> <span class='ocrx_word' id='word_1_670' title='bbox 3601 4025 3836 4090; x_wconf 69' lang='grc' dir='ltr'>ἐλευθερίας</span> 
     </span>
    </p>
   </div>
   <div class='ocr_carea' id='block_1_90' title="bbox 2284 4115 3836 4186">
    <p class='ocr_par' dir='ltr' id='par_1_90' title="bbox 2284 4115 3836 4186">
     <span class='ocr_line' id='line_1_90' title="bbox 2284 4115 3836 4186; baseline -0.005 -16"><span class='ocrx_word' id='word_1_671' title='bbox 2284 4121 2580 4186; x_wconf 80' lang='grc' dir='ltr'>συνδράμοις</span> <span class='ocrx_word' id='word_1_672' title='bbox 2625 4117 2676 4176; x_wconf 85' lang='grc'><strong>¹⁰,</strong></span> <span class='ocrx_word' id='word_1_673' title='bbox 2706 4118 2817 4168; x_wconf 81' lang='grc' dir='ltr'>οὐδὲ</span> <span class='ocrx_word' id='word_1_674' title='bbox 2852 4118 2944 4181; x_wconf 82' lang='grc' dir='ltr'>γὰρ</span> <span class='ocrx_word' id='word_1_675' title='bbox 2991 4119 3137 4182; x_wconf 86' lang='grc' dir='ltr'>μέρος</span> <span class='ocrx_word' id='word_1_676' title='bbox 3176 4133 3221 4165; x_wconf 91' lang='grc' dir='ltr'><strong>τι</strong></span> <span class='ocrx_word' id='word_1_677' title='bbox 3257 4118 3344 4174; x_wconf 84' lang='grc' dir='ltr'>τῆς</span> <span class='ocrx_word' id='word_1_678' title='bbox 3385 4116 3598 4170; x_wconf 83' lang='grc' dir='ltr'>πίστεως</span> <span class='ocrx_word' id='word_1_679' title='bbox 3643 4115 3724 4173; x_wconf 80' lang='grc' dir='ltr'>τῆς</span> <span class='ocrx_word' id='word_1_680' title='bbox 3744 4117 3836 4176; x_wconf 77' lang='grc' dir='ltr'>ἠμε-</span> 
     </span>
    </p>
   </div>
   <div class='ocr_carea' id='block_1_91' title="bbox 2284 4202 3837 4276">
    <p class='ocr_par' dir='ltr' id='par_1_91' title="bbox 2284 4202 3837 4276">
     <span class='ocr_line' id='line_1_91' title="bbox 2284 4202 3837 4276; baseline -0.004 -17"><span class='ocrx_word' id='word_1_681' title='bbox 2284 4211 2427 4276; x_wconf 78' lang='grc' dir='ltr'>τὲρας</span> <span class='ocrx_word' id='word_1_682' title='bbox 2471 4210 2536 4273; x_wconf 74' lang='grc' dir='ltr'>μή</span> <span class='ocrx_word' id='word_1_683' title='bbox 2586 4205 2638 4257; x_wconf 85' lang='grc' dir='ltr'>ὃν</span> <span class='ocrx_word' id='word_1_684' title='bbox 2681 4206 2830 4270; x_wconf 70' lang='grc' dir='ltr'>σαφὲς</span> <span class='ocrx_word' id='word_1_685' title='bbox 2875 4206 3206 4271; x_wconf 76' lang='grc' dir='ltr'>μεθοδεὺεται.</span> <span class='ocrx_word' id='word_1_686' title='bbox 3265 4203 3395 4255; x_wconf 81' lang='grc' dir='ltr'>Ἀλλ’</span> <span class='ocrx_word' id='word_1_687' title='bbox 3447 4207 3567 4270; x_wconf 80' lang='grc' dir='ltr'>ὅπερ</span> <span class='ocrx_word' id='word_1_688' title='bbox 3601 4208 3630 4262; x_wconf 77' lang='grc' dir='ltr'><strong>ἡ</strong></span> <span class='ocrx_word' id='word_1_689' title='bbox 3669 4202 3837 4266; x_wconf 76' lang='grc' dir='ltr'>ἄπειρος</span> 
     </span>
    </p>
   </div>
   <div class='ocr_carea' id='block_1_92' title="bbox 492 4261 2153 4365">
    <p class='ocr_par' dir='ltr' id='par_1_92' title="bbox 492 4261 2153 4363">
     <span class='ocr_line' id='line_1_92' title="bbox 492 4261 2153 4363; baseline -0.004 -15"><span class='ocrx_word' id='word_1_690' title='bbox 492 4290 576 4348; x_wconf 89' lang='lat' dir='ltr'><strong>tia</strong></span> <span class='ocrx_word' id='word_1_691' title='bbox 611 4285 879 4363; x_wconf 89' lang='lat' dir='ltr'><strong>protulit,</strong></span> <span class='ocrx_word' id='word_1_692' title='bbox 912 4284 986 4341; x_wconf 85' lang='lat' dir='ltr'><strong>ab</strong></span> <span class='ocrx_word' id='word_1_693' title='bbox 1041 4282 1307 4340; x_wconf 89' lang='lat' dir='ltr'><strong>omnium</strong></span> <span class='ocrx_word' id='word_1_694' title='bbox 1359 4281 1574 4338; x_wconf 89' lang='lat' dir='ltr'><strong>animis</strong></span> <span class='ocrx_word' id='word_1_695' title='bbox 1624 4261 1962 4353; x_wconf 71' lang='lat' dir='ltr'><strong>repellatur.</strong></span> <span class='ocrx_word' id='word_1_696' title='bbox 1993 4261 2073 4340; x_wconf 75' lang='grc' dir='ltr'>Ᾰο</span> <span class='ocrx_word' id='word_1_697' title='bbox 2105 4273 2153 4342; x_wconf 86' lang='lat' dir='ltr'><strong>si</strong></span> 
     </span>
    </p>
   </div>
   <div class='ocr_carea' id='block_1_93' title="bbox 2288 4261 3834 4365">
    <p class='ocr_par' dir='ltr' id='par_1_93' title="bbox 2288 4261 3834 4365">
     <span class='ocr_line' id='line_1_93' title="bbox 2288 4261 3834 4365; baseline -0.004 -15"><span class='ocrx_word' id='word_1_698' title='bbox 2288 4261 2562 4356; x_wconf 62' lang='grc' dir='ltr'>ἀντίστασις</span> <span class='ocrx_word' id='word_1_699' title='bbox 2617 4261 2777 4365; x_wconf 49' lang='lat' dir='ltr'><strong>mea}</strong></span> <span class='ocrx_word' id='word_1_700' title='bbox 2837 4261 3166 4364; x_wconf 63' lang='grc' dir='ltr'>διάθορυδεῖν,</span> <span class='ocrx_word' id='word_1_701' title='bbox 3217 4297 3368 4348; x_wconf 74' lang='grc' dir='ltr'>τοῦτο</span> <span class='ocrx_word' id='word_1_702' title='bbox 3416 4261 3690 4364; x_wconf 81' lang='grc' dir='ltr'>πειράζεται</span> <span class='ocrx_word' id='word_1_703' title='bbox 3737 4261 3834 4357; x_wconf 74' lang='grc' dir='ltr'>ὅπερ</span> 
     </span>
    </p>
   </div>
   <div class='ocr_carea' id='block_1_94' title="bbox 562 4451 2143 4531">
    <p class='ocr_par' dir='ltr' id='par_1_94' title="bbox 562 4451 2143 4531">
     <span class='ocr_line' id='line_1_94' title="bbox 562 4451 2143 4531; baseline -0.006 -16"><span class='ocrx_word' id='word_1_704' title='bbox 562 4459 638 4531; x_wconf 92' lang='lat' dir='ltr'><strong>(a)</strong></span> <span class='ocrx_word' id='word_1_705' title='bbox 673 4458 850 4531; x_wconf 82' lang='lat' dir='ltr'><strong>Codd.</strong></span> <span class='ocrx_word' id='word_1_706' title='bbox 884 4453 1197 4531; x_wconf 72' lang='lat' dir='ltr'><strong>Ratisp._et</strong></span> <span class='ocrx_word' id='word_1_707' title='bbox 1238 4455 1448 4508; x_wconf 89' lang='lat' dir='ltr'><strong>Veron.</strong></span> <span class='ocrx_word' id='word_1_708' title='bbox 1471 4451 1561 4518; x_wconf 88' lang='lat'><strong>57,</strong></span> <span class='ocrx_word' id='word_1_709' title='bbox 1596 4466 1730 4506; x_wconf 89' lang='lat' dir='ltr'><strong>cum</strong></span> <span class='ocrx_word' id='word_1_710' title='bbox 1779 4451 1974 4508; x_wconf 69' lang='lat' dir='ltr'><strong>Graeca</strong></span> <span class='ocrx_word' id='word_1_711' title='bbox 2018 4471 2143 4508; x_wconf 85' lang='lat' dir='ltr'><strong>ver-</strong></span> 
     </span>
    </p>
   </div>
   <div class='ocr_carea' id='block_1_95' title="bbox 491 4524 1205 4590">
    <p class='ocr_par' dir='ltr' id='par_1_95' title="bbox 491 4524 1205 4590">
     <span class='ocr_line' id='line_1_95' title="bbox 491 4524 1205 4590; baseline -0.013 -2"><span class='ocrx_word' id='word_1_712' title='bbox 491 4524 655 4590; x_wconf 81' lang='lat' dir='ltr'><strong>sione</strong></span> <span class='ocrx_word' id='word_1_713' title='bbox 687 4527 970 4584; x_wconf 89' lang='lat' dir='ltr'><strong>omittunt</strong></span> <span class='ocrx_word' id='word_1_714' title='bbox 997 4524 1205 4581; x_wconf 68' lang='lat' dir='ltr'><strong>Mariae.</strong></span> 
     </span>
    </p>
   </div>
   <div class='ocr_carea' id='block_1_96' title="bbox 563 4592 2138 4726">
    <p class='ocr_par' dir='ltr' id='par_1_96' title="bbox 563 4592 2138 4726">
     <span class='ocr_line' id='line_1_96' title="bbox 563 4592 2138 4726; baseline -0.003 -71"><span class='ocrx_word' id='word_1_715' title='bbox 563 4601 639 4726; x_wconf 47' lang='lat' dir='ltr'><strong>sb)</strong></span> <span class='ocrx_word' id='word_1_716' title='bbox 670 4603 801 4654; x_wconf 66' lang='lat' dir='ltr'><strong>Hac</strong></span> <span class='ocrx_word' id='word_1_717' title='bbox 829 4597 999 4679; x_wconf 76' lang='lat' dir='ltr'><strong>lectio</strong></span> <span class='ocrx_word' id='word_1_718' title='bbox 1031 4613 1143 4652; x_wconf 86' lang='lat' dir='ltr'><strong>ms.</strong></span> <span class='ocrx_word' id='word_1_719' title='bbox 1180 4595 1404 4677; x_wconf 70' lang='lat' dir='ltr'><strong>Ratisp.</strong></span> <span class='ocrx_word' id='word_1_720' title='bbox 1434 4592 1641 4677; x_wconf 81' lang='lat' dir='ltr'><strong>melior</strong></span> <span class='ocrx_word' id='word_1_721' title='bbox 1670 4593 1795 4649; x_wconf 85' lang='lat' dir='ltr'><strong>visa</strong></span> <span class='ocrx_word' id='word_1_722' title='bbox 1823 4600 1930 4677; x_wconf 81' lang='lat' dir='ltr'><strong>est,</strong></span> <span class='ocrx_word' id='word_1_723' title='bbox 1961 4612 2138 4667; x_wconf 89' lang='lat' dir='ltr'><strong>quam</strong></span> 
     </span>
     <span class='ocr_line' id='line_1_97' title="bbox 592 4666 2138 4726; baseline -0.003 0"><span class='ocrx_word' id='word_1_724' title='bbox 592 4675 726 4726; x_wconf 70' lang='lat' dir='ltr'><strong>gata</strong></span> <span class='ocrx_word' id='word_1_725' title='bbox 755 4674 814 4726; x_wconf 90' lang='lat' dir='ltr'><strong>et</strong></span> <span class='ocrx_word' id='word_1_726' title='bbox 844 4667 1090 4725; x_wconf 77' lang='lat' dir='ltr'><strong>aliorum</strong></span> <span class='ocrx_word' id='word_1_727' title='bbox 1121 4667 1411 4726; x_wconf 76' lang='lat' dir='ltr'><strong>codicum.</strong></span> <span class='ocrx_word' id='word_1_728' title='bbox 1438 4681 1506 4722; x_wconf 80' lang='lat' dir='ltr'><strong>ne</strong></span> <span class='ocrx_word' id='word_1_729' title='bbox 1535 4670 1615 4721; x_wconf 71' lang='lat' dir='ltr'><strong>tta</strong></span> <span class='ocrx_word' id='word_1_730' title='bbox 1646 4666 1900 4724; x_wconf 72' lang='lat' dir='ltr'><strong>Eccleszae</strong></span> <span class='ocrx_word' id='word_1_731' title='bbox 1929 4683 2138 4726; x_wconf 67' lang='lat' dir='ltr'><strong>prensu-</strong></span> 
     </span>
    </p>
   </div>
   <div class='ocr_carea' id='block_1_97' title="bbox 487 4666 2140 4742">
    <p class='ocr_par' dir='ltr' id='par_1_97' title="bbox 487 4666 2140 4742">
     <span class='ocr_line' id='line_1_98' title="bbox 487 4666 2140 4742; baseline -0.003 -15"><span class='ocrx_word' id='word_1_732' title='bbox 487 4666 726 4742; x_wconf 79' lang='lat' dir='ltr'><strong>vulgata</strong></span> <span class='ocrx_word' id='word_1_733' title='bbox 755 4674 814 4726; x_wconf 90' lang='lat' dir='ltr'><strong>et</strong></span> <span class='ocrx_word' id='word_1_734' title='bbox 844 4667 1090 4725; x_wconf 90' lang='lat' dir='ltr'><strong>aliorum</strong></span> <span class='ocrx_word' id='word_1_735' title='bbox 1121 4666 1411 4742; x_wconf 75' lang='lat' dir='ltr'><strong>codicum,</strong></span> <span class='ocrx_word' id='word_1_736' title='bbox 1438 4681 1506 4722; x_wconf 80' lang='lat' dir='ltr'><strong>ne</strong></span> <span class='ocrx_word' id='word_1_737' title='bbox 1535 4666 1900 4742; x_wconf 61' lang='lat' dir='ltr'><strong>ita_Ec_cleai.r</strong></span> <span class='ocrx_word' id='word_1_738' title='bbox 1923 4666 2140 4742; x_wconf 58' lang='lat' dir='ltr'><strong>prensu-</strong></span> 
     </span>
    </p>
   </div>
   <div class='ocr_carea' id='block_1_98' title="bbox 490 4737 2142 4820">
    <p class='ocr_par' dir='ltr' id='par_1_98' title="bbox 490 4737 2142 4820">
     <span class='ocr_line' id='line_1_99' title="bbox 490 4737 2142 4820; baseline -0.002 -21"><span class='ocrx_word' id='word_1_739' title='bbox 490 4743 566 4799; x_wconf 79' lang='lat' dir='ltr'><strong>les</strong></span> <span class='ocrx_word' id='word_1_740' title='bbox 588 4737 962 4820; x_wconf 60' lang='lat' dir='ltr'><strong>Eommoveret,</strong></span> <span class='ocrx_word' id='word_1_741' title='bbox 989 4753 1056 4794; x_wconf 92' lang='lat' dir='ltr'><strong>eo</strong></span> <span class='ocrx_word' id='word_1_742' title='bbox 1081 4739 1238 4820; x_wconf 81' lang='lat' dir='ltr'><strong>quod</strong></span> <span class='ocrx_word' id='word_1_743' title='bbox 1261 4739 1478 4820; x_wconf 32' lang='lat' dir='ltr'><strong>eadem.</strong></span> <span class='ocrx_word' id='word_1_744' title='bbox 1493 4737 1799 4820; x_wconf 63' lang='lat' dir='ltr'><strong>prmiertur</strong></span> <span class='ocrx_word' id='word_1_745' title='bbox 1815 4738 1872 4820; x_wconf 79' lang='lat' dir='ltr'><strong>in</strong></span> <span class='ocrx_word' id='word_1_746' title='bbox 1896 4737 2142 4820; x_wconf 77' lang='lat' dir='ltr'><strong>epistola</strong></span> 
     </span>
    </p>
   </div>
   <div class='ocr_carea' id='block_1_99' title="bbox 489 4809 2142 4885">
    <p class='ocr_par' dir='ltr' id='par_1_99' title="bbox 489 4809 2142 4885">
     <span class='ocr_line' id='line_1_100' title="bbox 489 4809 2142 4885; baseline -0.003 -14"><span class='ocrx_word' id='word_1_747' title='bbox 489 4812 781 4885; x_wconf 83' lang='lat' dir='ltr'><strong>sequenti,</strong></span> <span class='ocrx_word' id='word_1_748' title='bbox 803 4811 906 4867; x_wconf 91' lang='lat' dir='ltr'><strong>ubi</strong></span> <span class='ocrx_word' id='word_1_749' title='bbox 939 4810 1060 4865; x_wconf 63' lang='lat' dir='ltr'><strong>haec</strong></span> <span class='ocrx_word' id='word_1_750' title='bbox 1097 4809 1364 4882; x_wconf 82' lang='lat' dir='ltr'><strong>pericope</strong></span> <span class='ocrx_word' id='word_1_751' title='bbox 1402 4809 1644 4865; x_wconf 87' lang='lat' dir='ltr'><strong>totidem</strong></span> <span class='ocrx_word' id='word_1_752' title='bbox 1675 4809 1868 4865; x_wconf 88' lang='lat' dir='ltr'><strong>verbis</strong></span> <span class='ocrx_word' id='word_1_753' title='bbox 1899 4809 2142 4883; x_wconf 80' lang='lat' dir='ltr'><strong>repetita</strong></span> 
     </span>
    </p>
   </div>
   <div class='ocr_carea' id='block_1_100' title="bbox 489 4883 806 4941">
    <p class='ocr_par' dir='ltr' id='par_1_100' title="bbox 489 4883 806 4941">
     <span class='ocr_line' id='line_1_101' title="bbox 489 4883 806 4941; baseline -0.013 0"><span class='ocrx_word' id='word_1_754' title='bbox 489 4883 806 4941; x_wconf 78' lang='lat' dir='ltr'><strong>invenitur.</strong></span> 
     </span>
    </p>
   </div>
   <div class='ocr_carea' id='block_1_101' title="bbox 561 4951 2141 5028">
    <p class='ocr_par' dir='ltr' id='par_1_101' title="bbox 561 4951 2141 5028">
     <span class='ocr_line' id='line_1_102' title="bbox 561 4951 2141 5028; baseline -0.003 -16"><span class='ocrx_word' id='word_1_755' title='bbox 561 4957 636 5028; x_wconf 81' lang='grc' dir='ltr'>(ο)</span> <span class='ocrx_word' id='word_1_756' title='bbox 660 4955 799 5028; x_wconf 73' lang='lat' dir='ltr'><strong>Cod.</strong></span> <span class='ocrx_word' id='word_1_757' title='bbox 821 4953 1392 5028; x_wconf 74' lang='lat' dir='ltr'><strong>Veron.,_glo_riosam.</strong></span> <span class='ocrx_word' id='word_1_758' title='bbox 1429 4951 1578 5028; x_wconf 73' lang='lat' dir='ltr'><strong>Mox,</strong></span> <span class='ocrx_word' id='word_1_759' title='bbox 1602 4959 1751 5028; x_wconf 57' lang='lat' dir='ltr'><strong>tuam</strong></span> <span class='ocrx_word' id='word_1_760' title='bbox 1783 4961 2141 5028; x_wconf 70' lang='lat' dir='ltr'><strong>pro_v_astram</strong></span> 
     </span>
    </p>
   </div>
   <div class='ocr_carea' id='block_1_102' title="bbox 487 5022 2137 5106">
    <p class='ocr_par' dir='ltr' id='par_1_102' title="bbox 487 5022 2137 5106">
     <span class='ocr_line' id='line_1_103' title="bbox 487 5022 2137 5106; baseline -0.004 -22"><span class='ocrx_word' id='word_1_761' title='bbox 487 5022 931 5106; x_wconf 30' lang='lat' dir='ltr'><strong>eme—ndavimus</strong></span> <span class='ocrx_word' id='word_1_762' title='bbox 951 5040 1018 5106; x_wconf 81' lang='lat' dir='ltr'><strong>cx</strong></span> <span class='ocrx_word' id='word_1_763' title='bbox 1049 5024 1270 5106; x_wconf 80' lang='lat' dir='ltr'><strong>Ratisp.</strong></span> <span class='ocrx_word' id='word_1_764' title='bbox 1295 5023 1633 5106; x_wconf 61' lang='lat' dir='ltr'><strong>etquinque</strong></span> <span class='ocrx_word' id='word_1_765' title='bbox 1655 5022 1972 5106; x_wconf 38' lang='lat' dir='ltr'><strong>aliie’codd.</strong></span> <span class='ocrx_word' id='word_1_766' title='bbox 2004 5041 2137 5106; x_wconf 78' lang='lat' dir='ltr'><strong>cum</strong></span> 
     </span>
    </p>
   </div>
   <div class='ocr_carea' id='block_1_103' title="bbox 487 5094 2135 5237">
    <p class='ocr_par' dir='ltr' id='par_1_103' title="bbox 487 5094 2135 5237">
     <span class='ocr_line' id='line_1_104' title="bbox 488 5094 2135 5174; baseline -0.004 -18"><span class='ocrx_word' id='word_1_767' title='bbox 488 5100 679 5174; x_wconf 89' lang='lat' dir='ltr'><strong>magis</strong></span> <span class='ocrx_word' id='word_1_768' title='bbox 701 5097 987 5156; x_wconf 64' lang='lat' dir='ltr'><strong>cohaereat</strong></span> <span class='ocrx_word' id='word_1_769' title='bbox 1016 5094 1496 5174; x_wconf 80' lang='lat' dir='ltr'><strong>antecedentibus</strong></span> <span class='ocrx_word' id='word_1_770' title='bbox 1520 5094 1746 5166; x_wconf 71' lang='lat' dir='ltr'><strong>pietatis</strong></span> <span class='ocrx_word' id='word_1_771' title='bbox 1772 5097 1970 5157; x_wconf 73' lang='lat' dir='ltr'><strong>tme,et</strong></span> <span class='ocrx_word' id='word_1_772' title='bbox 2000 5097 2135 5150; x_wconf 84' lang='lat' dir='ltr'><strong>sub-</strong></span> 
     </span>
     <span class='ocr_line' id='line_1_105' title="bbox 487 5164 2135 5237; baseline -0.005 -9"><span class='ocrx_word' id='word_1_773' title='bbox 487 5171 876 5237; x_wconf 86' lang='lat' dir='ltr'><strong>sequentibus</strong></span> <span class='ocrx_word' id='word_1_774' title='bbox 893 5167 1072 5224; x_wconf 78' lang='lat' dir='ltr'><strong>studio</strong></span> <span class='ocrx_word' id='word_1_775' title='bbox 1101 5171 1192 5220; x_wconf 82' lang='lat' dir='ltr'><strong>tuo</strong></span> <span class='ocrx_word' id='word_1_776' title='bbox 1229 5164 1366 5220; x_wconf 89' lang='lat' dir='ltr'><strong>huic</strong></span> <span class='ocrx_word' id='word_1_777' title='bbox 1389 5165 1580 5237; x_wconf 78' lang='lat' dir='ltr'><strong>eidem</strong></span> <span class='ocrx_word' id='word_1_778' title='bbox 1612 5165 1848 5237; x_wconf 85' lang='lat' dir='ltr'><strong>periodo</strong></span> <span class='ocrx_word' id='word_1_779' title='bbox 1882 5167 2135 5220; x_wconf 81' lang='lat' dir='ltr'><strong>insertis.</strong></span> 
     </span>
    </p>
   </div>
   <div class='ocr_carea' id='block_1_104' title="bbox 579 5236 2138 5310">
    <p class='ocr_par' dir='ltr' id='par_1_104' title="bbox 579 5236 2138 5310">
     <span class='ocr_line' id='line_1_106' title="bbox 579 5236 2138 5310; baseline -0.005 -10"><span class='ocrx_word' id='word_1_780' title='bbox 579 5236 634 5310; x_wconf 66' lang='grc' dir='ltr'><strong>ἃ)</strong></span> <span class='ocrx_word' id='word_1_781' title='bbox 656 5243 719 5300; x_wconf 89' lang='lat' dir='ltr'><strong>In</strong></span> <span class='ocrx_word' id='word_1_782' title='bbox 748 5240 922 5298; x_wconf 87' lang='lat' dir='ltr'><strong>editis</strong></span> <span class='ocrx_word' id='word_1_783' title='bbox 951 5236 1524 5310; x_wconf 74' lang='lat' dir='ltr'><strong>Concilior._addi_t_ur</strong></span> <span class='ocrx_word' id='word_1_784' title='bbox 1553 5236 1624 5291; x_wconf 78' lang='lat' dir='ltr'><strong>ex</strong></span> <span class='ocrx_word' id='word_1_785' title='bbox 1651 5237 1848 5291; x_wconf 69' lang='lat' dir='ltr'><strong>Graeca</strong></span> <span class='ocrx_word' id='word_1_786' title='bbox 1878 5238 2138 5294; x_wconf 88' lang='lat' dir='ltr'><strong>versione</strong></span> 
     </span>
    </p>
   </div>
   <div class='ocr_carea' id='block_1_105' title="bbox 485 5307 1535 5381">
    <p class='ocr_par' dir='ltr' id='par_1_105' title="bbox 485 5307 1535 5381">
     <span class='ocr_line' id='line_1_107' title="bbox 485 5307 1535 5381; baseline -0.008 -13"><span class='ocrx_word' id='word_1_787' title='bbox 485 5307 867 5378; x_wconf 62' lang='lat' dir='ltr'><strong>ﬂmmeum</strong></span> <span class='ocrx_word' id='word_1_788' title='bbox 893 5315 945 5368; x_wconf 80' lang='lat' dir='ltr'><strong>et</strong></span> <span class='ocrx_word' id='word_1_789' title='bbox 974 5308 1367 5381; x_wconf 75' lang='lat' dir='ltr'><strong>gloriosissima</strong></span> <span class='ocrx_word' id='word_1_790' title='bbox 1395 5307 1535 5381; x_wconf 71' lang='lat' dir='ltr'><strong>ﬁlia.</strong></span> 
     </span>
    </p>
   </div>
   <div class='ocr_carea' id='block_1_106' title="bbox 559 5378 2139 5455">
    <p class='ocr_par' dir='ltr' id='par_1_106' title="bbox 559 5378 2139 5455">
     <span class='ocr_line' id='line_1_108' title="bbox 559 5378 2139 5455; baseline -0.003 -17"><span class='ocrx_word' id='word_1_791' title='bbox 559 5386 629 5455; x_wconf 75' lang='grc' dir='ltr'><strong>(ε)</strong></span> <span class='ocrx_word' id='word_1_792' title='bbox 658 5385 808 5440; x_wconf 89' lang='lat' dir='ltr'><strong>Editi</strong></span> <span class='ocrx_word' id='word_1_793' title='bbox 840 5378 1066 5448; x_wconf 80' lang='lat' dir='ltr'><strong>Leonis,</strong></span> <span class='ocrx_word' id='word_1_794' title='bbox 1101 5378 1696 5455; x_wconf 66' lang='lat' dir='ltr'><strong>tu_cqntra_singulare</strong></span> <span class='ocrx_word' id='word_1_795' title='bbox 1739 5382 2139 5455; x_wconf 62' lang='lat' dir='ltr'><strong>sgcramentum</strong></span> 
     </span>
    </p>
   </div>
   <div class='ocr_carea' id='block_1_107' title="bbox 485 5449 2137 5532">
    <p class='ocr_par' dir='ltr' id='par_1_107' title="bbox 485 5449 2137 5532">
     <span class='ocr_line' id='line_1_109' title="bbox 485 5449 2137 5532; baseline -0.001 -24"><span class='ocrx_word' id='word_1_796' title='bbox 485 5449 682 5532; x_wconf 46' lang='lat' dir='ltr'><strong>gelatis</strong></span> <span class='ocrx_word' id='word_1_797' title='bbox 729 5451 1175 5532; x_wconf 55' lang='lat' dir='ltr'><strong>humanaeLqupd</strong></span> <span class='ocrx_word' id='word_1_798' title='bbox 1223 5449 1710 5532; x_wconf 48' lang='lat' dir='ltr'><strong>blasphemc,hetc.</strong></span> <span class='ocrx_word' id='word_1_799' title='bbox 1735 5449 2137 5532; x_wconf 46' lang='lat' dir='ltr'><strong>“Praetulimus</strong></span> 
     </span>
    </p>
   </div>
   <div class='ocr_carea' id='block_1_108' title="bbox 485 5518 2134 5650">
    <p class='ocr_par' dir='ltr' id='par_1_108' title="bbox 485 5518 2134 5650">
     <span class='ocr_line' id='line_1_110' title="bbox 485 5518 2134 5650; baseline 0 -72"><span class='ocrx_word' id='word_1_800' title='bbox 485 5521 793 5650; x_wconf 52' lang='lat' dir='ltr'><strong>lecttionem</strong></span> <span class='ocrx_word' id='word_1_801' title='bbox 825 5541 937 5581; x_wconf 87' lang='lat' dir='ltr'><strong>ms.</strong></span> <span class='ocrx_word' id='word_1_802' title='bbox 987 5518 1233 5594; x_wconf 76' lang='lat' dir='ltr'><strong>Ratisp.,</strong></span> <span class='ocrx_word' id='word_1_803' title='bbox 1269 5518 1359 5577; x_wconf 83' lang='lat' dir='ltr'><strong>cui</strong></span> <span class='ocrx_word' id='word_1_804' title='bbox 1403 5520 1541 5577; x_wconf 85' lang='lat' dir='ltr'><strong>editi</strong></span> <span class='ocrx_word' id='word_1_805' title='bbox 1574 5518 1879 5577; x_wconf 88' lang='lat' dir='ltr'><strong>Concilior.</strong></span> <span class='ocrx_word' id='word_1_806' title='bbox 1915 5522 2134 5594; x_wconf 88' lang='lat' dir='ltr'><strong>astipu-</strong></span> 
     </span>
     <span class='ocr_line' id='line_1_111' title="bbox 509 5610 702 5650; baseline -0.005 0"><span class='ocrx_word' id='word_1_807' title='bbox 509 5610 581 5650; x_wconf 88' lang='lat' dir='ltr'><strong>an</strong></span> <span class='ocrx_word' id='word_1_808' title='bbox 613 5610 702 5650; x_wconf 83' lang='lat' dir='ltr'><strong>ur.</strong></span> 
     </span>
    </p>
   </div>
   <div class='ocr_carea' id='block_1_109' title="bbox 509 5610 702 5650">
    <p class='ocr_par' dir='ltr' id='par_1_109' title="bbox 509 5610 702 5650">
     <span class='ocr_line' id='line_1_112' title="bbox 509 5610 702 5650; baseline 0 0"><span class='ocrx_word' id='word_1_809' title='bbox 509 5610 702 5650; x_wconf 81' lang='lat' dir='ltr'><strong>antur.</strong></span> 
     </span>
    </p>
   </div>
   <div class='ocr_carea' id='block_1_110' title="bbox 2329 4443 3174 4526">
    <p class='ocr_par' dir='ltr' id='par_1_110' title="bbox 2329 4443 3174 4526">
     <span class='ocr_line' id='line_1_113' title="bbox 2329 4443 3174 4526; baseline 0.002 -16"><span class='ocrx_word' id='word_1_810' title='bbox 2329 4457 2342 4490; x_wconf 88' lang='grc'>¹</span> <span class='ocrx_word' id='word_1_811' title='bbox 2379 4457 2440 4510; x_wconf 92' lang='lat' dir='ltr'><strong>In</strong></span> <span class='ocrx_word' id='word_1_812' title='bbox 2476 4471 2586 4510; x_wconf 89' lang='lat' dir='ltr'><strong>ms.</strong></span> <span class='ocrx_word' id='word_1_813' title='bbox 2621 4443 3174 4526; x_wconf 48' lang='grc' dir='ltr'>νοηἿβασιλεύοντες.</span> 
     </span>
    </p>
   </div>
   <div class='ocr_carea' id='block_1_111' title="bbox 2327 4527 3404 4599">
    <p class='ocr_par' dir='ltr' id='par_1_111' title="bbox 2327 4527 3404 4599">
     <span class='ocr_line' id='line_1_114' title="bbox 2327 4527 3404 4599; baseline -0.001 -17"><span class='ocrx_word' id='word_1_814' title='bbox 2327 4529 2348 4561; x_wconf 68' lang='grc'>³</span> <span class='ocrx_word' id='word_1_815' title='bbox 2381 4527 2442 4582; x_wconf 90' lang='lat' dir='ltr'><strong>In</strong></span> <span class='ocrx_word' id='word_1_816' title='bbox 2477 4543 2662 4599; x_wconf 89' lang='lat' dir='ltr'><strong>marg.</strong></span> <span class='ocrx_word' id='word_1_817' title='bbox 2697 4527 3033 4599; x_wconf 78' lang='lat' dir='ltr'><strong>edit._Rom.</strong></span> <span class='ocrx_word' id='word_1_818' title='bbox 3071 4537 3404 4590; x_wconf 75' lang='grc' dir='ltr'>συναινέσεως.</span> 
     </span>
    </p>
   </div>
   <div class='ocr_carea' id='block_1_112' title="bbox 2320 4597 3869 4672">
    <p class='ocr_par' dir='ltr' id='par_1_112' title="bbox 2320 4597 3869 4672">
     <span class='ocr_line' id='line_1_115' title="bbox 2320 4597 3869 4672; baseline -0.001 -18"><span class='ocrx_word' id='word_1_819' title='bbox 2320 4600 2342 4633; x_wconf 80' lang='grc'><strong>³</strong></span> <span class='ocrx_word' id='word_1_820' title='bbox 2365 4599 2435 4672; x_wconf 71' lang='lat' dir='ltr'><strong>in</strong></span> <span class='ocrx_word' id='word_1_821' title='bbox 2460 4597 2648 4671; x_wconf 63' lang='lat' dir='ltr'><strong>marg.</strong></span> <span class='ocrx_word' id='word_1_822' title='bbox 2673 4598 2816 4653; x_wconf 92' lang='lat' dir='ltr'><strong>edit.</strong></span> <span class='ocrx_word' id='word_1_823' title='bbox 2842 4597 3031 4668; x_wconf 56' lang='lat'><strong>110111.,</strong></span> <span class='ocrx_word' id='word_1_824' title='bbox 3066 4624 3151 4654; x_wconf 80' lang='grc' dir='ltr'><strong>και</strong></span> <span class='ocrx_word' id='word_1_825' title='bbox 3177 4611 3270 4671; x_wconf 75' lang='grc' dir='ltr'><strong>γὰρ</strong></span> <span class='ocrx_word' id='word_1_826' title='bbox 3300 4607 3390 4655; x_wconf 79' lang='grc' dir='ltr'>ὅσα</span> <span class='ocrx_word' id='word_1_827' title='bbox 3421 4609 3671 4672; x_wconf 64' lang='lat' dir='ltr'><strong>Nec-169:0;</strong></span> <span class='ocrx_word' id='word_1_828' title='bbox 3695 4606 3777 4654; x_wconf 76' lang='grc' dir='ltr'><strong>ἀπὸ</strong></span> <span class='ocrx_word' id='word_1_829' title='bbox 3799 4598 3869 4652; x_wconf 68' lang='grc' dir='ltr'><strong>τίς</strong></span> 
     </span>
    </p>
   </div>
   <div class='ocr_carea' id='block_1_113' title="bbox 2254 4669 2484 4729">
    <p class='ocr_par' dir='ltr' id='par_1_113' title="bbox 2254 4669 2484 4729">
     <span class='ocr_line' id='line_1_116' title="bbox 2254 4669 2484 4729; baseline 0.009 -13"><span class='ocrx_word' id='word_1_830' title='bbox 2254 4669 2484 4729; x_wconf 70' lang='grc' dir='ltr'>ἀληθοῦς.</span> 
     </span>
    </p>
   </div>
   <div class='ocr_carea' id='block_1_114' title="bbox 2323 4739 3009 4808">
    <p class='ocr_par' dir='ltr' id='par_1_114' title="bbox 2323 4739 3009 4808">
     <span class='ocr_line' id='line_1_117' title="bbox 2323 4739 3009 4808; baseline 0.004 -12"><span class='ocrx_word' id='word_1_831' title='bbox 2323 4741 2343 4775; x_wconf 63' lang='grc' dir='ltr'><strong>δ</strong></span> <span class='ocrx_word' id='word_1_832' title='bbox 2374 4742 2480 4796; x_wconf 88' lang='lat' dir='ltr'><strong>MS.</strong></span> <span class='ocrx_word' id='word_1_833' title='bbox 2514 4739 2681 4808; x_wconf 90' lang='lat' dir='ltr'><strong>Ven.,</strong></span> <span class='ocrx_word' id='word_1_834' title='bbox 2714 4751 3009 4800; x_wconf 79' lang='grc' dir='ltr'>πιστεύεται.</span> 
     </span>
    </p>
   </div>
   <div class='ocr_carea' id='block_1_115' title="bbox 2320 4813 3872 4884">
    <p class='ocr_par' dir='ltr' id='par_1_115' title="bbox 2320 4813 3872 4884">
     <span class='ocr_line' id='line_1_118' title="bbox 2320 4813 3872 4884; baseline -0.001 -17"><span class='ocrx_word' id='word_1_835' title='bbox 2320 4814 2340 4847; x_wconf 77' lang='grc'>⁵</span> <span class='ocrx_word' id='word_1_836' title='bbox 2372 4813 2434 4867; x_wconf 92' lang='lat' dir='ltr'><strong>In</strong></span> <span class='ocrx_word' id='word_1_837' title='bbox 2467 4829 2654 4884; x_wconf 88' lang='lat' dir='ltr'><strong>marg.</strong></span> <span class='ocrx_word' id='word_1_838' title='bbox 2697 4813 2836 4868; x_wconf 90' lang='lat' dir='ltr'><strong>edit.</strong></span> <span class='ocrx_word' id='word_1_839' title='bbox 2872 4813 3063 4882; x_wconf 85' lang='lat' dir='ltr'><strong>Rom.,</strong></span> <span class='ocrx_word' id='word_1_840' title='bbox 3093 4824 3180 4870; x_wconf 83' lang='grc' dir='ltr'>τοῦ</span> <span class='ocrx_word' id='word_1_841' title='bbox 3211 4823 3396 4884; x_wconf 76' lang='grc' dir='ltr'>γένους,</span> <span class='ocrx_word' id='word_1_842' title='bbox 3428 4824 3464 4881; x_wconf 72' lang='grc' dir='ltr'><strong>ἣ</strong></span> <span class='ocrx_word' id='word_1_843' title='bbox 3492 4822 3622 4883; x_wconf 77' lang='grc' dir='ltr'>ἴσως,</span> <span class='ocrx_word' id='word_1_844' title='bbox 3654 4824 3728 4879; x_wconf 74' lang='grc' dir='ltr'>τῆς</span> <span class='ocrx_word' id='word_1_845' title='bbox 3752 4823 3872 4881; x_wconf 67' lang='grc' dir='ltr'>μονο-</span> 
     </span>
    </p>
   </div>
   <div class='ocr_carea' id='block_1_116' title="bbox 2248 4899 2436 4944">
    <p class='ocr_par' dir='ltr' id='par_1_116' title="bbox 2248 4899 2436 4944">
     <span class='ocr_line' id='line_1_119' title="bbox 2248 4899 2436 4944; baseline 0.011 -14"><span class='ocrx_word' id='word_1_846' title='bbox 2248 4899 2436 4944; x_wconf 85' lang='grc' dir='ltr'>γενους.</span> 
     </span>
    </p>
   </div>
   <div class='ocr_carea' id='block_1_117' title="bbox 2316 4954 3429 5028">
    <p class='ocr_par' dir='ltr' id='par_1_117' title="bbox 2316 4954 3429 5028">
     <span class='ocr_line' id='line_1_120' title="bbox 2316 4954 3429 5028; baseline 0.004 -20"><span class='ocrx_word' id='word_1_847' title='bbox 2316 4957 2337 4990; x_wconf 76' lang='grc'>⁵</span> <span class='ocrx_word' id='word_1_848' title='bbox 2367 4954 2427 5009; x_wconf 86' lang='lat' dir='ltr'><strong>In</strong></span> <span class='ocrx_word' id='word_1_849' title='bbox 2462 4971 2646 5026; x_wconf 86' lang='lat' dir='ltr'><strong>marg.</strong></span> <span class='ocrx_word' id='word_1_850' title='bbox 2680 4955 3044 5028; x_wconf 77' lang='lat' dir='ltr'><strong>edit.-Rom.,</strong></span> <span class='ocrx_word' id='word_1_851' title='bbox 3078 4966 3429 5028; x_wconf 81' lang='grc' dir='ltr'>ἀναμένοντας.</span> 
     </span>
    </p>
   </div>
   <div class='ocr_carea' id='block_1_118' title="bbox 2319 5027 3878 5102">
    <p class='ocr_par' dir='ltr' id='par_1_118' title="bbox 2319 5027 3878 5102">
     <span class='ocr_line' id='line_1_121' title="bbox 2319 5027 3878 5102; baseline 0.003 -22"><span class='ocrx_word' id='word_1_852' title='bbox 2319 5028 2338 5102; x_wconf 62' lang='grc' dir='ltr'>ἶ</span> <span class='ocrx_word' id='word_1_853' title='bbox 2371 5028 2433 5102; x_wconf 70' lang='lat' dir='ltr'><strong>in</strong></span> <span class='ocrx_word' id='word_1_854' title='bbox 2467 5042 2652 5097; x_wconf 85' lang='lat' dir='ltr'><strong>marg.</strong></span> <span class='ocrx_word' id='word_1_855' title='bbox 2686 5027 2822 5102; x_wconf 71' lang='lat' dir='ltr'><strong>edit.</strong></span> <span class='ocrx_word' id='word_1_856' title='bbox 2858 5027 3044 5102; x_wconf 51' lang='lat' dir='ltr'><strong>1pm.,</strong></span> <span class='ocrx_word' id='word_1_857' title='bbox 3076 5027 3206 5095; x_wconf 68' lang='grc' dir='ltr'>ἴσως,</span> <span class='ocrx_word' id='word_1_858' title='bbox 3236 5039 3321 5095; x_wconf 78' lang='grc' dir='ltr'>τῆς</span> <span class='ocrx_word' id='word_1_859' title='bbox 3349 5038 3437 5094; x_wconf 76' lang='grc' dir='ltr'>σῆς</span> <span class='ocrx_word' id='word_1_860' title='bbox 3470 5036 3878 5102; x_wconf 52' lang='grc' dir='ltr'>μεικαριωνάττβε.</span> 
     </span>
    </p>
   </div>
   <div class='ocr_carea' id='block_1_119' title="bbox 2319 5098 3884 5168">
    <p class='ocr_par' dir='ltr' id='par_1_119' title="bbox 2319 5098 3884 5168">
     <span class='ocr_line' id='line_1_122' title="bbox 2319 5098 3884 5168; baseline 0.009 -18"><span class='ocrx_word' id='word_1_861' title='bbox 2319 5099 2338 5130; x_wconf 75' lang='grc'><strong>⁸</strong></span> <span class='ocrx_word' id='word_1_862' title='bbox 2371 5099 2430 5151; x_wconf 83' lang='lat' dir='ltr'><strong>In</strong></span> <span class='ocrx_word' id='word_1_863' title='bbox 2467 5113 2651 5168; x_wconf 83' lang='lat' dir='ltr'><strong>marg.</strong></span> <span class='ocrx_word' id='word_1_864' title='bbox 2694 5098 2831 5152; x_wconf 87' lang='lat' dir='ltr'><strong>edit.</strong></span> <span class='ocrx_word' id='word_1_865' title='bbox 2876 5099 3065 5164; x_wconf 81' lang='lat' dir='ltr'><strong>Rom.,</strong></span> <span class='ocrx_word' id='word_1_866' title='bbox 3098 5107 3349 5168; x_wconf 75' lang='grc' dir='ltr'>ἶν’ὥσπερ</span> <span class='ocrx_word' id='word_1_867' title='bbox 3377 5109 3442 5168; x_wconf 75' lang='grc' dir='ltr'><strong>τῇ</strong></span> <span class='ocrx_word' id='word_1_868' title='bbox 3472 5107 3577 5168; x_wconf 73' lang='grc' dir='ltr'>θείᾳ</span> <span class='ocrx_word' id='word_1_869' title='bbox 3607 5123 3685 5154; x_wconf 78' lang='grc' dir='ltr'><strong>σου</strong></span> <span class='ocrx_word' id='word_1_870' title='bbox 3711 5098 3884 5164; x_wconf 59' lang='grc' dir='ltr'><strong>σπονῗξῗί</strong></span> 
     </span>
    </p>
   </div>
   <div class='ocr_carea' id='block_1_120' title="bbox 2247 5167 3887 5233">
    <p class='ocr_par' dir='ltr' id='par_1_120' title="bbox 2247 5167 3887 5233">
     <span class='ocr_line' id='line_1_123' title="bbox 2247 5167 3887 5233; baseline 0 -20"><span class='ocrx_word' id='word_1_871' title='bbox 2247 5171 2314 5229; x_wconf 83' lang='grc' dir='ltr'>τῷ</span> <span class='ocrx_word' id='word_1_872' title='bbox 2344 5167 2587 5229; x_wconf 82' lang='grc' dir='ltr'>καθολικῷ</span> <span class='ocrx_word' id='word_1_873' title='bbox 2607 5167 2823 5216; x_wconf 79' lang='grc' dir='ltr'>πάντοτε</span> <span class='ocrx_word' id='word_1_874' title='bbox 2853 5171 3133 5233; x_wconf 71' lang='grc' dir='ltr'>κηρύγματι</span> <span class='ocrx_word' id='word_1_875' title='bbox 3175 5167 3495 5233; x_wconf 74' lang='grc' dir='ltr'>βεϐοήθηκας,</span> <span class='ocrx_word' id='word_1_876' title='bbox 3530 5167 3653 5217; x_wconf 72' lang='grc' dir='ltr'>οὕτω</span> <span class='ocrx_word' id='word_1_877' title='bbox 3687 5168 3758 5215; x_wconf 79' lang='grc' dir='ltr'>καί</span> <span class='ocrx_word' id='word_1_878' title='bbox 3793 5169 3887 5208; x_wconf 53' lang='lat' dir='ltr'><strong>V9&quot;</strong></span> 
     </span>
    </p>
   </div>
   <div class='ocr_carea' id='block_1_121' title="bbox 2248 5237 3858 5316">
    <p class='ocr_par' dir='ltr' id='par_1_121' title="bbox 2248 5237 3858 5316">
     <span class='ocr_line' id='line_1_124' title="bbox 2248 5237 3858 5316; baseline 0.006 -31"><span class='ocrx_word' id='word_1_879' title='bbox 2248 5238 2312 5300; x_wconf 68' lang='grc' dir='ltr'><strong>τῇ</strong></span> <span class='ocrx_word' id='word_1_880' title='bbox 2343 5237 2527 5316; x_wconf 55' lang='grc' dir='ltr'>ἐκείνου</span> <span class='ocrx_word' id='word_1_881' title='bbox 2559 5241 2874 5316; x_wconf 57' lang='grc' dir='ltr'>συμπράτττδς</span> <span class='ocrx_word' id='word_1_882' title='bbox 2905 5239 3172 5305; x_wconf 70' lang='grc' dir='ltr'>ἐλευθερίᾳ.</span> <span class='ocrx_word' id='word_1_883' title='bbox 3630 5262 3636 5267; x_wconf 91' lang='grc'>·</span> <span class='ocrx_word' id='word_1_884' title='bbox 3825 5302 3858 5316; x_wconf 49' lang='lat' dir='ltr'><strong><em>I</em></strong></span> 
     </span>
    </p>
   </div>
   <div class='ocr_carea' id='block_1_122' title="bbox 2319 5309 3898 5379">
    <p class='ocr_par' dir='ltr' id='par_1_122' title="bbox 2319 5309 3898 5379">
     <span class='ocr_line' id='line_1_125' title="bbox 2319 5309 3898 5379; baseline -0.003 -14"><span class='ocrx_word' id='word_1_885' title='bbox 2319 5310 2339 5344; x_wconf 81' lang='grc'><strong>⁹</strong></span> <span class='ocrx_word' id='word_1_886' title='bbox 2368 5309 2505 5365; x_wconf 90' lang='lat' dir='ltr'><strong>Cod.</strong></span> <span class='ocrx_word' id='word_1_887' title='bbox 2564 5309 2709 5365; x_wconf 86' lang='lat' dir='ltr'><strong>Ven.</strong></span> <span class='ocrx_word' id='word_1_888' title='bbox 2773 5313 2894 5377; x_wconf 81' lang='grc'>164,</span> <span class='ocrx_word' id='word_1_889' title='bbox 2937 5319 3000 5376; x_wconf 64' lang='grc' dir='ltr'>εἷς</span> <span class='ocrx_word' id='word_1_890' title='bbox 3052 5321 3106 5368; x_wconf 86' lang='grc' dir='ltr'>τὸ</span> <span class='ocrx_word' id='word_1_891' title='bbox 3163 5319 3426 5368; x_wconf 80' lang='grc' dir='ltr'>καθολικὸν</span> <span class='ocrx_word' id='word_1_892' title='bbox 3475 5322 3566 5379; x_wconf 78' lang='grc' dir='ltr'>τῆς</span> <span class='ocrx_word' id='word_1_893' title='bbox 3623 5309 3898 5372; x_wconf 62' lang='grc' dir='ltr'>Ἐκκλητὶιί</span> 
     </span>
    </p>
   </div>
   <div class='ocr_carea' id='block_1_123' title="bbox 2249 5381 3887 5454">
    <p class='ocr_par' dir='ltr' id='par_1_123' title="bbox 2249 5381 3887 5454">
     <span class='ocr_line' id='line_1_126' title="bbox 2249 5381 3887 5454; baseline 0 -18"><span class='ocrx_word' id='word_1_894' title='bbox 2249 5389 2451 5454; x_wconf 68' lang='grc' dir='ltr'>ἀξίωμα,</span> <span class='ocrx_word' id='word_1_895' title='bbox 2482 5381 2544 5436; x_wconf 90' lang='lat' dir='ltr'><strong>1n</strong></span> <span class='ocrx_word' id='word_1_896' title='bbox 2578 5397 2765 5454; x_wconf 78' lang='lat' dir='ltr'><strong>marg.</strong></span> <span class='ocrx_word' id='word_1_897' title='bbox 2796 5383 2936 5438; x_wconf 88' lang='lat' dir='ltr'><strong>edit.</strong></span> <span class='ocrx_word' id='word_1_898' title='bbox 2973 5383 3164 5454; x_wconf 81' lang='lat' dir='ltr'><strong>Rom.,</strong></span> <span class='ocrx_word' id='word_1_899' title='bbox 3198 5390 3259 5446; x_wconf 72' lang='grc' dir='ltr'>εἰς</span> <span class='ocrx_word' id='word_1_900' title='bbox 3296 5393 3353 5438; x_wconf 81' lang='grc' dir='ltr'>τὺ</span> <span class='ocrx_word' id='word_1_901' title='bbox 3383 5393 3471 5451; x_wconf 78' lang='grc' dir='ltr'>τῆς</span> <span class='ocrx_word' id='word_1_902' title='bbox 3501 5390 3759 5446; x_wconf 54' lang='lat' dir='ltr'><strong>“Ochi;</strong></span> <span class='ocrx_word' id='word_1_903' title='bbox 3874 5444 3887 5454; x_wconf 52' lang='grc'><em>,</em></span> 
     </span>
    </p>
   </div>
   <div class='ocr_carea' id='block_1_124' title="bbox 2322 5453 3910 5524">
    <p class='ocr_par' dir='ltr' id='par_1_124' title="bbox 2322 5453 3910 5524">
     <span class='ocr_line' id='line_1_127' title="bbox 2322 5453 3910 5524; baseline -0.004 -15"><span class='ocrx_word' id='word_1_904' title='bbox 2322 5455 2363 5487; x_wconf 87' lang='grc'><strong>¹⁰</strong></span> <span class='ocrx_word' id='word_1_905' title='bbox 2392 5453 2450 5506; x_wconf 90' lang='lat' dir='ltr'><strong>In</strong></span> <span class='ocrx_word' id='word_1_906' title='bbox 2485 5469 2672 5524; x_wconf 87' lang='lat' dir='ltr'><strong>marg.</strong></span> <span class='ocrx_word' id='word_1_907' title='bbox 2705 5453 2843 5508; x_wconf 88' lang='lat' dir='ltr'><strong>edit.</strong></span> <span class='ocrx_word' id='word_1_908' title='bbox 2879 5455 3068 5521; x_wconf 86' lang='lat' dir='ltr'><strong>Rom.,</strong></span> <span class='ocrx_word' id='word_1_909' title='bbox 3096 5453 3222 5522; x_wconf 77' lang='grc' dir='ltr'>ἴσως,</span> <span class='ocrx_word' id='word_1_910' title='bbox 3255 5462 3381 5511; x_wconf 74' lang='grc' dir='ltr'>οὕτω</span> <span class='ocrx_word' id='word_1_911' title='bbox 3412 5464 3495 5510; x_wconf 71' lang='grc' dir='ltr'>καὶ</span> <span class='ocrx_word' id='word_1_912' title='bbox 3526 5467 3614 5510; x_wconf 75' lang='grc' dir='ltr'>νῦν</span> <span class='ocrx_word' id='word_1_913' title='bbox 3641 5465 3717 5520; x_wconf 78' lang='grc' dir='ltr'>τῆς</span> <span class='ocrx_word' id='word_1_914' title='bbox 3742 5453 3910 5506; x_wconf 56' lang='lat' dir='ltr'><strong>air/l3</strong></span> 
     </span>
    </p>
   </div>
   <div class='ocr_carea' id='block_1_125' title="bbox 2249 5530 3121 5598">
    <p class='ocr_par' dir='ltr' id='par_1_125' title="bbox 2249 5530 3121 5598">
     <span class='ocr_line' id='line_1_128' title="bbox 2249 5530 3121 5598; baseline 0.005 -20"><span class='ocrx_word' id='word_1_915' title='bbox 2249 5534 2312 5594; x_wconf 83' lang='grc' dir='ltr'><strong>τῇ</strong></span> <span class='ocrx_word' id='word_1_916' title='bbox 2344 5530 2592 5598; x_wconf 78' lang='grc' dir='ltr'>ἐλευθερίᾳ</span> <span class='ocrx_word' id='word_1_917' title='bbox 2623 5535 2854 5596; x_wconf 85' lang='grc' dir='ltr'>συνεργὸν</span> <span class='ocrx_word' id='word_1_918' title='bbox 2883 5534 3121 5598; x_wconf 72' lang='grc' dir='ltr'>παρέχῃς.</span> 
     </span>
    </p>
   </div>
  </div>
