4032 6172
301 315 401 383 821

1683 317 2065 382 EPISTOLA
2105 316 2316 382 XLIII.

1662 453 2006 511 EPISTOLA
2043 455 2122 528 (a)
2151 453 2342 511 XLIII.

1575 558 1649 599 AD
1677 559 2048 602 THEODOBIUM
2083 559 2422 602 AUGUSTUM.

310 632 450 692 002
479 632 727 704 Epistola
755 631 949 688 Leonis
977 631 1048 688 ad
1082 630 1426 689 Theodosium
1464 631 1607 689 divae
1638 634 1940 700 memorie,

490 720 662 777 quam
693 705 1262 777 rrogavituspect'alemi
1281 704 1549 774 synodum
1592 706 1653 758 in
1695 706 1943 777 partibus

363 720 462 832 per
490 720 662 775 quam
699 720 912 774 rogavu
953 720 1242 777 spectatam
1281 720 1549 774 synodum
1592 721 1653 758 ιη
1695 720 1943 775 paruous

391 775 548 858 taliae
575 776 719 857 ﬁeri,
749 779 799 830 et
828 775 984 858 nullo
1011 775 1122 832 alio
1153 777 1215 858 in
1245 776 1386 836 loco;
1412 782 1696 858 propgrea
1717 775 1859 858 quod
1876 777 1948 832 sit

361 848 653 904 contraria
679 847 977 902 canonibu:
1003 846 1238 903 secunda
1265 846 1503 918 synodus
1532 846 1821 919 Ephest‘na.

298 962 742 1022 Gloriosissimo
765 967 823 1018 et
849 961 1224 1019 serenissima
1254 963 1583 1019 THEODOBIO
1611 961 1947 1036 imperatori

888 1052 1000 1108 Leo
1027 1051 1360 1125 episcopus.

362 1171 555 1225 Antea
583 1171 641 1224 et
670 1168 742 1225 ab
773 1167 940 1225 initio
981 1168 1039 1224 in
1079 1167 1152 1224 iis
1182 1185 1307 1241 quae
1348 1167 1680 1240 factzefsunt
1709 1167 1946 1238 synodis

297 1261 528 1316 tantam
555 1273 666 1315 nos
698 1256 1029 1329 accepimus
1045 1257 1322 1312 fiduciam
1340 1273 1373 1312 a
1389 1256 1758 1313 sanctissimo
1779 1255 1945 1311 Petro

295 1352 352 1403 et
368 1347 639 1420 principe
661 1345 1078 1419 apostolorum,
1093 1350 1158 1401 ut
1178 1350 1520 1418 potestatem
1541 1345 1866 1401 habeamus
1889 1347 1947 1400 et

291 1436 558 1492 veritatis
589 1434 948 1491 vindicandis
1005 1451 1108 1506 pro
1161 1439 1362 1490 nostra
1417 1451 1576 1506 pace,
1610 1439 1669 1490 et
1724 1433 1943 1489 nemini

294 1526 487 1598 ipsam
517 1523 713 1592 liceat,
728 1540 861 1580 cum
893 1522 1122 1579 munita
1151 1524 1292 1580 adeo
1323 1524 1423 1591 sit,
1453 1526 1780 1592 concutere,
1801 1523 1943 1576 dum

292 1614 418 1672 sine
451 1630 621 1670 mora
660 1613 817 1669 Iasio
848 1611 1496 1679 removetur.Quoniam
1537 1612 1718 1684 igitur
1746 1610 1945 1667 conci-

291 1703 440 1760 lium
473 1703 885 1776 episcoporum
916 1703 1067 1774 quod
1100 1703 1159 1757 in
1192 1701 1486 1775 Ephesina
1531 1701 1761 1757 civitate
1805 1717 1943 1773 pro-

291 1797 420 1865 pter
447 1791 787 1848 Flavianum
815 1791 940 1847 ﬁeri
959 1791 1248 1863 jussistis,
1272 1795 1329 1846 et
1356 1791 1545 1863 ipsam
1565 1789 1724 1845 laedit
1743 1789 1942 1858 ﬁdem,

288 1887 345 1939 et
375 1879 1933 1939 omnessauciatEcclesias......................

284 2063 477 2134 Atque
494 2059 620 2115 haec
638 2076 751 2115 non
770 2059 841 2114 ab
863 2059 1083 2116 incerto
1109 2058 1315 2115 nuntio
1346 2059 1514 2115 nobis
1533 2057 1765 2131 cognita
1779 2061 1937 2123 sunt,

285 2150 388 2206 sed
420 2149 496 2204 ab
528 2147 678 2221 ipsis
702 2165 852 2220 quos
883 2147 1182 2214 misimus,
1205 2147 1646 2220 religiosissimo
1667 2147 1939 2219 episcopo

286 2242 345 2296 et
371 2237 723 2294 fidelissimo
754 2235 952 2292 Hilaro
995 2236 1239 2292 diacono
1282 2241 1501 2305 nostro,
1525 2235 1624 2308 qui
1654 2251 1781 2306 quae
1813 2240 1941 2290 acta

288 2331 428 2384 sunt
460 2325 635 2382 nobis
672 2330 1086 2398 exposuerunt.
1112 2325 1275 2392 Quod
1321 2317 1515 2380 autém
1549 2324 1762 2381 accidit
1788 2325 1940 2380 hanc

288 2416 462 2472 habet
492 2431 736 2471 causam
767 2415 922 2486 quod
955 2430 1069 2470 non
1101 2430 1251 2486 pura
1285 2411 1644 2469 conscientia
1668 2418 1941 2485 rectoque

281 2505 506 2577 judicio
521 2504 847 2560 secundum
861 2501 1392 2559 consuetudinemii
1409 2503 1506 2574 qui
1521 2506 1936 2570 convenerunt,

287 2595 356 2650 de
373 2593 488 2648 ﬁde
507 2595 567 2649 et
583 2593 739 2649 σοι
756 2593 826 2647 de
849 2592 923 2649 iis
934 2592 1034 2664 qui
1057 2593 1281 2664 decepti
1313 2592 1569 2658 fuerunt,
1587 2590 1938 2647 sententiam

286 2679 1041 2754 protulere.Cognoscimus
1069 2681 1227 2736 enim
1253 2680 1325 2736 ad
1352 2680 1662 2736 concilium
1684 2696 1799 2735 non
1821 2695 1940 2735 om-

287 2785 389 2826 nes
409 2785 566 2842 quos
589 2768 891 2841 oportebat
911 2768 1269 2836 convenisse,
1285 2770 1387 2824 sed
1409 2768 1556 2824 alios
1573 2768 1809 2840 quidem
1830 2769 1940 2839 eje-

288 2862 430 2926 ctos,
457 2857 610 2914 alios
641 2862 837 2914 autem
867 2858 1262 2925 intromissos,
1295 2858 1395 2931 qui
1425 2859 1499 2930 (b)
1531 2856 1788 2930 praedicti
1817 2857 1940 2928 epi-

288 2947 445 3020 scopi
478 2946 980 3003 circumventione
1008 2946 1209 3019 impiis
1235 2945 1763 3019 subscriptionibus
1785 2943 1940 3016 capti

287 3041 438 3093 sunt.
469 3034 639 3092 Talis
679 3051 934 3107 namque
983 3035 1054 3091 ab
1103 3035 1228 3109 ipso
1259 3033 1484 3107 prolata
1530 3033 1840 3100 sententia,
1875 3037 1940 3088 ut

288 3124 567 3181 omnibus
589 3139 693 3196 per
711 3124 906 3195 ipsum
928 3124 1202 3181 Ecclesiis
1223 3124 1441 3195 injuria
1461 3124 1789 3179 inferretur.
1812 3126 1938 3177 Hu-

279 3212 616 3285 juscemodi
645 3212 803 3267 enim
843 3228 968 3268 rem
1003 3212 1171 3268 valde
1210 3213 1454 3285 impiam
1486 3211 1737 3283 ﬁdeique
1767 3227 1937 3284 repu-

287 3306 563 3375 gnantem
598 3301 639 3356 ii
673 3305 851 3357 testes
882 3302 954 3358 de
981 3301 1246 3374 visu,qui
1296 3318 1398 3373 per
1427 3318 1534 3358 nos
1578 3300 1746 3356 missi
1777 3304 1935 3367 sunt,

289 3373 454 3448 nobis
473 3389 906 3462 signiﬁcarunt.
925 3390 1110 3456 Unde,
1130 3373 1503 3447 serenissima
1532 3389 1868 3462 imperator,
1902 3405 1936 3444 a
1965 3373 2009 3439 C

286 3483 478 3536 vestra
498 3478 598 3552 pia
613 3478 968 3535 conscientia
989 3479 1312 3551 periculum
1327 3496 1504 3535 causa
1519 3478 1654 3534 fidei
1680 3482 1935 3534 avertere

290 3569 550 3641 dignare,
573 3584 764 3640 neque
782 3568 1043 3624 humana
1062 3568 1440 3641 praesumptio
1456 3566 1668 3623 Christi
1688 3567 1937 3638 Evange-

291 3656 361 3714 lio
379 3658 502 3713 vim
522 3657 753 3713 inferat.
769 3657 899 3713 Haec
918 3673 1044 3730 ego,
1066 3674 1098 3712 ο
1120 3655 1604 3713 christianissime
1624 3660 1681 3712 et
1707 3672 1937 3712 venera-

291 3745 422 3802 bilis
442 3745 786 3817 imperator,
808 3761 941 3801 cum
972 3745 1046 3802 iis
1067 3744 1168 3817 qui
1199 3761 1428 3801 mecum
1455 3748 1594 3800 sunt
1621 3743 1934 3817 episcopis,

293 3836 514 3891 sincero
537 3835 749 3890 affectu
781 3835 1022 3906 cupiens
1043 3851 1142 3890 vos
1169 3839 1300 3890 ante
1322 3834 1519 3889 omnia
1548 3833 1774 3906 placere
1795 3834 1931 3901 Deo,

293 3925 359 3980 ad
381 3939 560 3996 quem
585 3924 658 3979 ab
679 3923 950 3979 universa
968 3923 1228 3979 Ecclesia
1247 3923 1603 3978 unanimiter
1621 3940 1724 3995 pro
1742 3926 1933 3978 vestro

292 4012 532 4086 imperio
564 4028 763 4084 preces
792 4012 1140 4079 funduntur,
1169 4016 1234 4067 ut
1264 4012 1462 4080 facias,
1495 4010 1804 4068 consilium
1837 4013 1929 4078 do,

293 4119 359 4158 ne
390 4102 540 4157 forte
570 4117 772 4173 pmnas
805 4100 1204 4173 persolvamus
1234 4105 1368 4156 ante
1409 4098 1665 4155 tribunal
1698 4099 1932 4167 Christi,

359 4227 432 4296 (a)
460 4225 576 4293 AL,
607 4227 698 4279 39.
732 4227 866 4291 Quae
901 4229 1097 4280 autem
1145 4228 1267 4280 erat
1297 4225 1384 4291 43,
1419 4241 1573 4279 nunc
1606 4225 1690 4279 47.
1720 4223 1945 4296 Scripta

296 4297 462 4368 paulo
495 4301 630 4352 ante
666 4297 732 4368 13
760 4296 964 4368 Octob.
998 4313 1091 4368 an.
1125 4297 1248 4368 1:49.

361 4369 434 4473 sb)
470 4369 532 4423 Id
567 4372 675 4432 est,
707 4367 965 4422 Dioscori
999 4366 1279 4448 epiSCOpi.

417 4439 580 4473 nm...
613 4437 849 4473 mnium
887 4439 953 4473 ..Α
1002 4456 1122 4473 mm.
1179 4440 1279 4473 ιο.

414 4439 582 4493 Hunc
613 4437 852 4493 titulum
886 4439 956 4492 ad
1002 4437 1144 4492 mss.
1179 4437 1397 4493 Veneta
1430 4437 1843 4493 revocavimus.
1881 4439 1941 4493 In

295 4509 565 4592 vulgatis,
617 4513 747 4580 post
787 4519 1002 4571 Λέοντος.
1038 4508 1292 4574 additur,
1338 4517 1624 4592 Ἐπισκόπου
1653 4519 1857 4580 Ῥώμης,
1889 4515 1946 4590 et

296 4580 662 4646 omittuntur,
711 4591 796 4636 τὸν
825 4592 910 4646 τῆς
950 4589 1074 4643 θείας
1105 4589 1316 4650 μνήμης.
1367 4580 1530 4636 Alius
1554 4587 1826 4650 praeterea
1873 4581 1943 4634 ti-

297 4651 451 4707 tulus
481 4652 541 4707 in
573 4651 780 4706 iisdem
799 4653 966 4706 codd.
1001 4653 1143 4706 Ven.
1189 4653 1500 4719 subjicitur
1527 4652 1610 4705 sic
1645 4670 1656 4707 :
1690 4660 1946 4717 Ἐπιστολὴ

296 4723 488 4777 Λέοντος
521 4722 784 4770 ἐπισκόπου
813 4724 998 4784 Ῥώμης
1028 4724 1144 4785 πρὸς
1173 4722 1426 4770 Θεοδόσιον
1458 4722 1659 4786 βασιλέα
1705 4725 1815 4786 περὶ
1855 4726 1941 4770 τοῦ

296 4798 382 4854 τὴν
409 4793 616 4843 σύνοδον
647 4793 698 4841 ἐν
724 4796 821 4849 τοῖς
850 4798 936 4853 τῆς
967 4793 1170 4848 Ἰταλίας
1199 4793 1418 4856 γενέσθσι
1448 4794 1662 4856 μέρεσιν.

363 4866 384 4898 ²
411 4865 493 4920 Ex
524 4867 656 4919 Vat.
691 4865 818 4920 cod.
851 4865 1090 4920 Graecus
1120 4865 1280 4929 H55,
1315 4864 1412 4933 qui
1448 4864 1740 4919 sincerum
1773 4869 1829 4919 et
1860 4865 1943 4918 in-

296 4939 520 5008 tegrum
543 4939 766 4992 textum
793 4935 1308 5009 suggessit.Vulg.,
1328 4944 1402 4992 διὰ
1421 4945 1476 4992 τὸ
1495 4947 1639 4992 τοῦτο
1661 4944 1943 4992 ὑπεναντίον

299 5011 414 5062 εἶναι
439 5018 541 5063 τῶν
570 5015 789 5064 κανόνων
799 5053 810 5064 .

361 5079 382 5111 ³
413 5079 588 5135 Deest
616 5089 697 5134 καὶ
727 5079 783 5134 in
817 5095 928 5133 ms.
960 5077 1103 5132 Ven.

364 5151 385 5183 ⁴
412 5149 671 5220 Vulgati,
707 5158 857 5220 ὑμῶν,
885 5149 1144 5203 Editorcs
1168 5148 1410 5203 Romani
1439 5149 1491 5202 in
1529 5149 1811 5218 margine.
1831 5158 1944 5213 ἴσως

297 5228 464 5293 illam;
499 5227 557 5276 et
588 5221 666 5275 ita
697 5221 836 5293 legit
866 5221 1038 5293 etiam"
1088 5225 1263 5293 vetus
1294 5221 1602 5293 interpres.
1636 5220 1735 5291 qui
1769 5222 1946 5293 hujus

300 5291 507 5363 capitis
538 5291 841 5348 exordium
873 5308 903 5347 e
935 5291 1129 5346 Grmco
1170 5291 1441 5363 reddidit,
1473 5293 1555 5345 uti
1591 5293 1646 5347 in
1679 5292 1946 5348 admoni-

299 5361 454 5418 tione
514 5363 911 5430 ostendimus;
957 5378 1023 5417 ac
1082 5361 1324 5433 proinde
1382 5363 1510 5418 sine
1566 5363 1948 5434 trepidatione

305 5433 763 5490 emendavimus.

366 5507 388 5539 ⁶
417 5506 480 5562 In
513 5506 707 5573 editis,
733 5513 942 5576 πολεμεῖ
965 5512 1249 5576 Φλαυιανῷ,
1283 5519 1622 5576 perperam;
1657 5507 1814 5561 unde
1844 5505 1950 5560 Ro-

305 5579 457 5632 mani
489 5579 878 5634 emendarunt
905 5577 962 5630 in
1002 5576 1294 5648 margine;
1334 5578 1800 5633 emendationem
1845 5594 1946 5632 au-

301 5651 418 5704 tem
453 5649 634 5706 textui
678 5647 1218 5721 inseruimus,quia
1247 5651 1305 5704 et
1334 5651 1639 5706 contextus
1665 5648 1861 5722 exigit,
1895 5651 1954 5704 et

1970 634 2027 702 Α
2079 649 2239 718 901
2276 663 2290 695 ¹
2339 662 2599 724 Ἐπιστολὴ
2631 669 2844 725 Λέοντος
2872 671 3203 724 ἀποσταλεῖσα
3234 674 3356 741 πρὸς
3387 674 3660 727 Θεοδόσιον

2080 748 2163 795 τὸν
2206 750 2291 806 τῆς
2324 751 2452 805 θείας
2499 753 2713 816 μνήμης,
2747 755 2805 801 δι’
2845 745 2904 814 ἧς
2935 756 3116 832 ᾔτησεν
3153 760 3309 816 ἰδικήν
3354 761 3561 809 σύνοδον
3611 759 3661 808 ἐν

2080 836 2177 888 τοῖς
2223 837 2309 895 τῆς
2364 839 2568 894 Ἰταλίας
2599 840 2841 902 γενέσθαι,
2889 845 2973 892 καὶ
3017 845 3066 893 ἐν
3128 847 3292 908 μηδενὶ
3334 847 3486 911 ἑτέρῳ
3526 848 3662 910 τόπῳ

2078 922 2099 955 ²
2135 926 2210 974 διὰ
2241 927 2295 973 τὸ
2334 929 2624 978 ὑπεναντ¹αν
2671 921 2799 979 εἷναι
2843 931 2940 980 τῶν
2977 933 3197 981 κανόνων
3233 935 3319 992 τήν
3357 933 3406 981 ιν
3466 933 3662 996 Ἐφέσῳ

2078 1017 2306 1082 δευτέραν
2334 1019 2559 1071 σύνοδον.

2079 1110 2162 1168 Τῷ
2199 1112 2500 1177 ἐνδοξοτάτῳ
2537 1115 2619 1163 καί
2645 1118 2965 1182 γαληνοτάτῳ
2996 1121 3250 1185 Θεοδοσίῳ
3287 1120 3490 1185 βασιλεῖ,
3523 1118 3662 1167 Λέων

2733 1207 3018 1264 ἐπίσκοπος.

2084 1328 2291 1377 Ἀνωθεν
2331 1326 2413 1374 καὶ
2449 1327 2496 1381 ἐξ
2525 1327 2677 1391 ἀρχῆς
2715 1328 2763 1376 ἐν
2805 1327 2909 1382 ταῖς
2935 1330 3220 1392 γενομέναις
3271 1331 3515 1389 συνόδοις,
3549 1349 3664 1382 τοσ-

2080 1415 2234 1474 αύτην
2287 1415 2428 1476 ἡμεῖς
2483 1416 2741 1478 εἰλήφαμεν
2799 1418 3076 1483 παρρησίαν
3122 1419 3256 1483 παρὰ
3309 1418 3401 1468 τοῦ
3451 1423 3666 1484 ἀγιωτάο

2080 1521 2168 1552 του
2216 1505 2429 1568 Πέτρου,
2469 1504 2551 1552 καὶ
2600 1507 2874 1568 κορυφαίου
2917 1507 3224 1565 ἀποστόλων,
3277 1510 3344 1563 ὡς
3399 1507 3546 1572 ἔχειν,
3575 1513 3664 1567 τήν

2080 1591 2336 1640 αὐθεντίαν
2377 1589 2398 1622 ³
2433 1593 2515 1640 καὶ
2564 1593 2768 1642 ἐκδικεῖν
2803 1596 2890 1653 τήν
2931 1596 3154 1652 ἀλήθειαν
3189 1596 3311 1661 ὑπὲρ
3359 1599 3446 1656 τῆς
3474 1596 3494 1628 ⁸
3521 1599 3661 1659 ἡμῶν

2081 1685 2294 1750 εἰρήνης,
2341 1685 2421 1733 καὶ
2451 1687 2619 1748 μηδενὶ
2652 1687 2886 1737 δύνασθαι
2920 1689 3102 1754 ὀχυρὰν
3141 1689 3301 1745 οὕτως
3343 1691 3664 1756 ὑπάρχουσαν

2080 1773 2465 1838 παρασαλεύειν,
2520 1778 2821 1842 παραχρῆμα
2893 1778 2980 1836 τῆς
3045 1779 3226 1842 βλάϐης
3287 1780 3662 1841 ἀποσειομένης.

2098 1863 2232 1910 Ἐπεὶ
2270 1857 2356 1914 οὗν
2396 1865 2452 1912 τὸ
2503 1866 2755 1930 συνέδριον
2801 1869 2899 1915 τῶν
2947 1867 3228 1917 ἐπισκόπων
3279 1870 3400 1934 ὅπερ
3441 1871 3667 1930 γενέσθαι

2079 1951 2414 2015 προσετάξατε
2439 1954 2488 2002 ἐν
2527 1961 2584 2017 τῇ
2632 1956 2867 2018 Ἐφεσίων
2897 1955 2918 1987 ³
2940 1956 3075 2004 πόλει
3104 1957 3182 2005 διὰ
3207 1958 3482 2006 Φλαυιανόν
3512 1958 3664 2014 αὐτήν

2082 2057 2135 2088 τε
2177 2043 2505 2091 καταϐλάπτει
2549 2046 2634 2100 τήν
2693 2045 2853 2094 πίστιν
2893 2047 2976 2094 καὶ
3013 2047 3174 2101 πάσας
3221 2048 3532 2112 τραυματίζει
3583 2046 3667 2101 τὰς

2082 2128 2344 2188 ἐκκλησίας
2381 2130 2401 2161 ⁸
2556 2131 2819 2182 καὶταῦτα
2854 2135 2972 2195 ἡμῖν
3007 2133 3251 2194 ἔγνωσται
3303 2137 3359 2184 οὐ
3393 2137 3527 2200 παρά
3557 2136 3666 2183 d6:-

2083 2217 2224 2266 ϐαίου
2265 2217 2390 2274 τινὸς
2420 2219 2648 2282 ἀγγέλου,
2681 2223 2798 2270 ἀλλὰ
2827 2219 2846 2252 ⁷
2887 2221 3002 2287 παρ’
3045 2223 3207 2271 αὐτῶν
3245 2224 3342 2272 τῶν
3379 2224 3494 2286 παρ’
3525 2224 3666 2284 ἡμῶν

2084 2306 2456 2356 ἀποσταλέντων
2483 2307 2503 2337 ⁸
2529 2309 2892 2358 εὐλαϐεστάτου
2929 2311 3222 2372 ἐπισκόπου,
3253 2312 3333 2358 καὶ
3369 2310 3458 2360 τοῦ
3492 2312 3663 2359 πίστο-

2084 2394 2232 2442 τάτου
2273 2395 2466 2459 Ἶλάρου
2493 2397 2582 2444 τοῦ
2608 2398 2850 2459 ἡμετέρου
2876 2399 3124 2458 διακόνου,
3144 2401 3241 2447 τῶν
3265 2401 3325 2447 τὰ
3346 2415 3664 2461 πεπραγμινα

2085 2481 2196 2542 ἡμῖν
2258 2470 2673 2546 ὑφηγησαμένων.
2725 2485 2792 2532 Τὸ
2835 2486 2884 2533 δὲ
2936 2489 3129 2549 συμϐὰν
3187 2487 3369 2545 ταύτην
3431 2489 3525 2551 ἔχει
3574 2488 3660 2543 τήν

2081 2569 2255 2627 αἰτίαν,
2287 2573 2342 2619 τὸ
2383 2573 2448 2634 μή
2488 2575 2683 2638 καθαρᾷ
2723 2575 3015 2631 συνειδήσει,
3056 2576 3139 2623 καὶ
3178 2575 3295 2639 ὀρθῇ
3341 2577 3498 2640 κρίσει
3539 2577 3665 2622 κατὰ

2085 2659 2140 2706 τὸ
2186 2660 2409 2719 σύνηθες,
2444 2663 2558 2716 τοὺς
2599 2663 2918 2719 συνελθόντας
2961 2671 3019 2727 τῇ
3069 2680 3122 2712 τε
3159 2666 3342 2720 πίστει,
3583 2663 3665 2711 καὶ

2083 2750 2183 2804 τοῖς
2228 2752 2618 2814 πεπλανημένοις
2660 2756 2745 2810 τήν
2798 2753 3044 2816 ἀπόφασιν
3094 2755 3403 2816 έκφωνῆσαι·
3447 2751 3662 2814 ἔγνωμεν

2081 2838 2191 2900 γὰρ,
2250 2839 2298 2885 ἐν
2354 2841 2424 2900 τῷ
2461 2842 2698 2904 συνεδρίῳ
2763 2845 2826 2900 μὴ
2885 2843 3072 2895 πάντας
3125 2843 3494 2900 συνεληλυθέναι
3552 2840 3668 2894 τοὺς

2082 2923 2383 2986 ὀφείλοντας.
2435 2928 2536 2978 ἀλλ’
2590 2930 2786 2996 ἐτέρους
2839 2929 2925 2992 μὲν
2971 2931 3313 2994 ἐκϐληθέντας,
3366 2932 3562 2994 ἑτέρους
3616 2929 3667 2976 δὲ

2082 3015 2440 3079 εἰσδεχθέντας’
2490 3016 2542 3066 οἵ
2595 3035 2719 3073 τινες
2771 3025 2828 3081 τῇ
2881 3019 3126 3080 ὒπολὴψει
3182 3018 3270 3068 τοῦ
3317 3020 3668 3084 προλεχθέντος

2081 3101 2354 3152 ἐπισκόπου
2385 3103 2406 3136 ⁹
2430 3106 2654 3155 ἀσεϐέσιν
2689 3108 2908 3155 ἑάλωσαν
2947 3108 3273 3171 ἀπογραφαῖς.
3320 3108 3538 3164 Τοιαύτη
3572 3108 3666 3169 γὰρ

2081 3193 2109 3246 ἡ
2143 3192 2260 3256 παρ’
2289 3195 2442 3242 αὐτοῦ
2479 3195 2779 3258 ἐξενεχθεῖσα
2813 3195 3075 3258 ἀπόφασις.
3119 3199 3186 3249 ὡς
3220 3198 3380 3252 πάσας
3417 3197 3478 3244 δι’
3515 3197 3669 3252 αὐτῆς

2081 3282 2166 3333 τὰς
2208 3281 2466 3340 ἐκκλησίας
2513 3284 2956 3333 καταϐλάπτεσθαι.
3006 3285 3198 3348 Σφόδρα
3230 3284 3323 3347 γὰρ
3363 3283 3554 3339 ἀσεϐὲς.
3583 3286 3665 3332 καὶ

2083 3370 2141 3437 τῇ
2169 3371 2327 3418 πίστει
2354 3372 2602 3432 πολεμοῦν
2637 3375 2693 3419 το
2738 3377 2937 3419 τοιοῦτο
2973 3374 3268 3433 θεασάμενοι
3301 3376 3347 3421 οἱ
3382 3371 3496 3436 παρ’
3525 3374 3664 3431 ἡμῶν

2083 3457 2459 3515 ἀποσταλέντες,
2495 3460 2610 3521 ἡμῖν
2649 3460 3019 3520 κατεσήμαναν.
3063 3463 3214 3508 υυθεν
3248 3463 3546 3521 γαληνοτατε
3579 3465 3664 3520 ζεια-

2080 3547 2231 3600 σιλεῦ.
2271 3547 2357 3604 τῆς
2397 3546 2641 3608 ὑμετέρας
2682 3548 2917 3600 εὐσεϐοῦς
2966 3547 3293 3605 συνειδήσεως
3329 3547 3412 3597 τὸν
3445 3550 3666 3597 κίνδυνον

2079 3635 2223 3682 ἕνεκα
2249 3636 2337 3692 τῆς
2365 3636 2577 3688 πίστεως
2612 3635 2926 3692 ἀποσοϐῆσαι
2958 3636 3282 3690 καταείωσον.
3318 3636 3414 3687 Καὶ
3445 3638 3511 3698 μή
3551 3636 3665 3699 πρό-

2079 3725 2221 3784 ληψις
2270 3725 2547 3788 ἀνθρωπίνη
2592 3723 2649 3772 τὸ
2693 3729 2779 3772 τοῦ
2822 3721 3046 3787 Χριστοῦ
3086 3724 3364 3786 εὐαγγέλιον
3413 3727 3662 3788 βιάσηται.

2079 3816 2253 3859 Ταῦτα
2296 3812 2412 3874 ἐγὼ,
2453 3807 2491 3860 ὦ
2543 3813 3010 3877 χριστιανικὼτατε,
3053 3813 3136 3860 καὶ
3177 3816 3490 3877 προσκυνητὲ
3535 3818 3667 3878 βασι·

2079 3901 2181 3957 λεῦ,
2230 3904 2351 3961 μετὰ
2393 3904 2489 3948 τῶν
2539 3902 2628 3949 σὺν
2667 3903 2774 3964 ἐμοὶ
2823 3901 3127 3964 ἐπισκόπων,
3170 3903 3412 3964 εἰλικρινεῖ
3459 3903 3666 3952 διαθέσει

2079 3989 2243 4036 ποθῶν
2275 3991 2408 4052 ὑμᾶς
2450 3991 2544 4053 πρὸ
2583 3991 2780 4038 πάντων
2821 3990 2931 4051 Θεῷ
2971 3991 3217 4054 ἀρέσκειν,
3333 3993 3465 4057 παρὰ
3509 3990 3670 4047 πάσης

2081 4079 2342 4133 ἐκκλησίας
2372 4082 2651 4140 συμρωνως
2684 4080 2803 4144 ὑπὲρ
2841 4078 2930 4128 τοῦ
2965 4079 3210 4142 ὑμετέρου
3237 4082 3452 4144 κράτους
3482 4080 3669 4136 δεήσεις

2053 4223 2139 4280 sic
2166 4221 2310 4294 legit
2337 4221 2398 4276 in
2427 4224 2587 4276 textu
2618 4220 2898 4294 antiquus
2927 4219 3236 4294 interpres.

2122 4295 2144 4328 ⁸
2160 4290 2278 4350 Ηᾱο
2299 4293 2424 4348 loco
2442 4290 2988 4362 suspensus'sensus
3004 4290 3278 4348 lacunam
3290 4290 3697 4362 ostendit,quaz

2095 4364 2290 4421 unctis
2312 4363 2600 4435 signanda
2621 4363 2747 4432 fuit,
2763 4363 2994 4419 tametsi
3016 4363 3075 4435 in
3098 4379 3243 4419 mss.
3263 4379 3378 4435 non
3399 4365 3696 4435 appareat.

2095 4383 2290 4421 uncus
2312 4383 2600 4435 Signanua
2621 4383 2747 4432 Iun,
2763 4383 2994 4419 tametsi
3016 4383 3075 4418 In
3098 4383 3243 4419 mss.
3263 4383 3378 4418 non
3399 4383 3696 4434 appareat.

2052 4383 2154 4492 flio
2183 4435 2339 4507 enim
2362 4435 2594 4507 Amantio
2624 4435 2972 4507 aliquaerat
3014 4433 3237 4507 inserta
3287 4431 3563 4507 Dioscuri,
3581 4433 3698 4507 _qui

2053 4509 2094 4564 Ε
2099 4506 2344 4581 phasino
2359 4503 2962 4581 latrociniquraesiden
2968 4504 3084 4581 s,in_
3097 4521 3275 4581 causa
3289 4503 3399 4560 fuit
3413 4507 3480 4560 ut
3493 4503 3697 4581 eadem

2095 4575 2537 4651 seudosynodus
2567 4582 2634 4651 et,
2653 4575 2840 4651 fidem
2859 4575 3090 4632 laederet
3109 4580 3167 4632 et
3184 4589 3390 4651 omnes
3410 4575 3702 4651 sauciaret

2095 4597 2537 4651 SCUGOSYDOGUS
2567 4597 2624 4632 613
2653 4597 2827 4632 uaem
2860 4597 3090 4632 ιωαοιιοι
3109 4597 3167 4632 ϐῐσ
3184 4597 3390 4633 DIIIIIBS
3410 4597 3698 4632 δαυοιατεῑ

2054 4597 2364 4707 Ecclesiae.
2394 4648 2803 4715 Proculdubio,
2827 4648 3089 4720 inquam,
3115 4651 3241 4704 erat
3267 4648 3510 4714 inserta,
3533 4649 3599 4703 ut
3625 4649 3698 4704 ad

2055 4738 2191 4780 eum
2238 4721 2576 4794 referantur
2606 4735 2792 4794 voces
2849 4723 3183 4794 sequentes,
3213 4731 3300 4794 τοῦ
3329 4727 3698 4794 προλεχθέγτος,

2049 4793 2351 4878 supradicti
2378 4791 2634 4878 episcopi,
2669 4808 2796 4878 qua
2826 4809 2942 4848 non
2982 4792 3055 4848 ad
3095 4791 3458 4859 Flavianum,
3485 4791 3596 4848 sed
3626 4792 3699 4847 ad

2052 4867 2396 4922 Dioscorum
2423 4867 2738 4938 pertinent.

2123 4940 2142 4972 ⁷
2178 4938 2262 4992 Ita
2291 4953 2359 4992 ex
2389 4933 2746 4992 mss.Venet.
2777 4936 2968 5009 magis
2998 4934 3158 5009 clara
3181 4934 3615 5008 syntaxi,quam
3640 4933 3697 4986 in

2053 5009 2248 5090 editis,
2279 5021 2394 5080 παρ’
2420 5015 2746 5090 αὐτῶν,.παρ’
2772 5007 2931 5090 ἡμῶν.
2976 5007 3158 5090 Paulo
3201 5007 3333 5079 post
3359 5011 3565 5076 Ίλαρίου
3595 5019 3698 5076 pro

2070 5086 2243 5150 ιλάρου
2275 5094 2580 5151 perperam
2609 5079 2670 5133 in
2701 5079 2906 5135 eodem
2937 5079 3064 5160 cod.
3341 5141 3365 5152 ,η
3403 5143 3444 5152 __
3521 5143 3538 5148 _

2123 5151 2144 5183 ⁸
2175 5148 2344 5221 Vulg.
2379 5153 2461 5226 _et
2515 5150 2684 5206 codd.
2745 5149 2967 5226 plurali
3016 5163 3280 5226 numero,
3333 5152 3701 5226 εῷλαϐεστάτων

2057 5219 2348 5277 ἐπισκόπων.
2371 5221 2517 5276 Cum
2539 5238 2672 5277 vero
2702 5219 3049 5277 manifestus
3071 5219 3147 5275 sit
3164 5233 3325 5273 error
3351 5219 3528 5284 (unus
3544 5219 3701 5271 enim

2055 5293 2556 5370 epwcopus_Ju_1ius
2587 5293 2808 5370 missus
2837 5292 2990 5370 fuit),
3012 5294 3168 5370 certa
3191 5287 3598 5370 emendatione
3625 5286 3706 5342 lo-

2057 5357 2189 5418 c'um
2223 5357 2610 5420 restituimus.
2639 5364 2844 5419 Facilis
2874 5357 3067 5418 autem
3099 5359 3470 5430 librariorum
3499 5357 3703 5430 lapsus

2059 5435 2442 5508 scribentium
2475 5462 2542 5491 ων
2574 5453 2676 5508 pro
2705 5460 2760 5491 ου
2786 5433 3080 5489 levissima
3099 5432 3350 5486 duarum
3371 5429 3702 5486 litterarum

2058 5506 2382 5563 mutatione
2415 5506 2675 5563 sanatur.

2129 5579 2151 5612 θ
2194 5578 2331 5634 Cod.
2394 5583 2560 5647 Vcn.,
2619 5583 2842 5632 ἀσεϐέσιν
2889 5580 3088 5638 ἁλόντες
3137 5581 3433 5646 ὑπογραφαῖς
3480 5581 3704 5630 ἐϐασανί-

2061 5656 2264 5716 σθησαν.
