4096 6172
337 345 496 413 «135

1786 344 2170 412 EPISTOLA
2210 343 2426 410 XLIV.

3663 340 3782 424 826

367 477 1289 556 {a)reverendissimisepiscopis
1306 478 1408 553 qui
1441 478 1653 537 anobis
1675 480 1839 536 missi
1865 485 2022 549 sunt,
2052 483 2110 549 Α
2142 478 2462 552 indignatio
2513 451 2872 552 provocetur.
2918 476 3039 534 Prae
3092 474 3276 535 oculis
3315 475 3543 544 habete,
3576 464 3638 532 et
3663 454 3782 534 tota

371 575 440 628 et
457 569 810 627 ‘fidelissimo
830 587 1024 626 rerum
1049 586 1176 642 qua:
1196 573 1368 643 gestas
1395 573 1533 626 sunt
1549 573 1846 626 narrators
1867 568 2020 625 Hila-

380 677 448 717 ro
478 659 717 716 diacono
746 663 964 715 nostro.
1003 659 1133 716 Haec
1159 663 1353 715 autem
1377 659 1506 715 ideo
1527 659 1698 732 culpa
1717 659 2021 732 processit,

377 765 449 806 eo
463 749 620 821 quod
644 765 759 804 non
781 765 930 821 pura
949 748 1304 804 conscientia
1319 753 1376 804 et
1396 752 1551 804 recto
1570 749 1792 820 judicio
1815 761 2023 806 secuné

379 839 522 894 dum
554 837 1036 893 consuetudinem
1067 837 1127 892 hi
1161 839 1260 910 qui
1295 837 1530 907 collecti
1561 843 1700 894 sunt
1728 839 1797 895 de
1829 839 1938 894 fide
1969 843 2025 894 et

378 927 456 999 (b)
474 927 810 983 errantibus
833 926 1220 999 protulerunt.
1239 929 1301 982 In
1318 926 1444 1001 ipso
1464 931 1656 984 autem
1663 928 1889 999 judicio
1906 945 2022 983 non

375 1031 585 1072 omnes
602 1015 704 1088 qui
723 1015 1454 1072 convenerantinterfuisse
1475 1017 2023 1090 cognovimus.Nam

377 1103 526 1161 alios
547 1105 813 1176 rejectos,
848 1104 992 1160 alios
1025 1104 1338 1160 didicimus
1367 1105 1760 1171 intromissos,
1789 1107 1886 1178 qui
1921 1123 2023 1178 pro

378 1192 772 1266 (c)supradicti
798 1194 1116 1250 sacerdotis
1130 1194 1577 1268 arbitrioimpiis
1590 1195 2023 1268 subscriptioni-

376 1283 490 1338 bus
511 1281 769 1356 captivas
787 1299 1000 1338 manus
1017 1283 1095 1355 (d)
1118 1284 1414 1352 dederent,
1439 1289 1494 1340 et
1514 1287 1667 1341 908
1690 1286 2024 1341 nociturum

376 1372 560 1428 statui
583 1388 689 1428 suo
709 1372 947 1440 scirent,
976 1372 1087 1428 nisi
1113 1372 1396 1445 imperata
1417 1373 1708 1440 fecissent,
1730 1375 2028 1446 talemque

376 1460 450 1516 ab
479 1459 610 1533 ipso
641 1459 926 1533 prolatam
949 1477 1076 1517 esse
1109 1462 1480 1532 sententiam,
1513 1466 1579 1518 ut
1603 1462 1662 1518 in
1694 1478 1898 1519 omnes
1925 1473 2028 1536 per

373 1565 508 1605 eam
529 1549 831 1605 saeviretur
866 1549 1175 1606 Ecclesias.
1200 1551 1362 1616 Quod
1393 1551 1578 1607 nostri
1607 1552 1678 1607 ab
1711 1552 2028 1625 apostOlica

377 1639 516 1694 sede
535 1637 760 1706 directi,
800 1639 941 1694 adeo
963 1639 1213 1711 impium
1248 1643 1304 1695 et
1326 1639 1620 1697 catholicae
1639 1641 1773 1698 ﬁdei
1797 1646 2025 1698 contra-

374 1727 531 1782 rium
562 1727 848 1795 videntes,
875 1727 1042 1783 nobis
1064 1729 1395 1800 signiﬁcare
1416 1734 1758 1786 noscuntur.

605 1820 676 1871 II.
703 1847 771 1856 -—
796 1816 978 1884 Unde,
1000 1817 1559 1917 (e)tranquillissime
1576 1819 2023 1896 principumn‘c-
2057 1855 2103 1920 Β

375 1908 624 1973 movete,
643 1921 1009 1978 quiesumus,
1027 1922 1060 1960 a
1081 1910 1282 1962 vestra:
1305 1907 1539 1978 pietatis
1563 1910 1917 1965 conscientia
1936 1929 2028 1983 pe-

370 1993 630 2049 riculum
651 1993 953 2067 religionis
969 1998 1024 2050 et
1045 1994 1208 2050 fidei:
1244 1996 1548 2053 utChristi
1577 1998 1888 2070 Evangelio
1907 2000 2024 2054 vim

370 2097 488 2138 non
521 2083 734 2138 inferat
761 2082 1024 2138 humana
1049 2085 1446 2157 praesumptio.
1471 2089 1539 2158 (f)
1561 2087 1705 2142 Ecce
1727 2103 1854 2160 ego,
1879 2087 2028 2144 chri-

371 2172 445 2227 sti
454 2171 738 2228 anissime
756 2176 812 2227 et
830 2172 1182 2229 venerabilis
1205 2174 1539 2246 imperator,
1564 2191 1697 2231 cum
1730 2193 2024 2232 consacer-

370 2260 610 2317 ddtibus
641 2261 792 2316 meis
829 2259 1078 2333 implens
1108 2278 1247 2335 erga
1274 2265 1657 2321 reverentiam
1709 2265 2025 2321 clementiae

366 2352 580 2404 vestra:
604 2348 816 2405 sinceri
849 2349 1067 2406 amoris
1089 2351 1371 2420 officium,
1405 2353 1765 2426 cupiensque
1793 2372 1894 2410 vos
1927 2373 2028 2428 per

369 2437 577 2492 omnia
596 2436 816 2510 placere
839 2443 974 2506 Deo,
1001 2441 1092 2494 cui
1121 2457 1225 2511 pro
1246 2441 1411 2496 vobis
1433 2442 1504 2496 ab
1527 2441 1783 2498 Ecclesia
1803 2444 2024 2516 suppli-

368 2530 561 2594 catur,
587 2543 656 2582 ne
680 2532 813 2582 ante
838 2527 1097 2582 tribunal
1129 2528 1381 2596 Domini,
1407 2530 1487 2584 rei
1512 2531 1583 2585 de
1616 2530 1845 2587 silentio
1865 2532 2024 2604 judi-

374 2631 601 2682 cemur,
628 2615 1005 2672 obsecramus
1036 2633 1231 2672 coram
1264 2618 1439 2674 unius
1468 2619 1707 2676 Deitatis
1737 2619 2028 2693 insepara-

375 2703 481 2760 bili
504 2703 814 2772 Trinitate,
838 2722 962 2777 qua
985 2705 1085 2760 tali
1115 2705 1262 2762 facto
1284 2705 1535 2773 laeditur,
1560 2725 1692 2763 cum
1711 2708 1838 2781 ipsa
1855 2709 2028 2766 vestri

371 2792 447 2847 sit
471 2796 676 2848 custos
693 2795 751 2848 et
773 2798 974 2848 auctor
995 2793 1246 2866 imperii,
1269 2799 1326 2850 et
1349 2811 1543 2851 coram
1565 2797 1786 2853 sanctis
1805 2798 2026 2871 angelis

369 2880 608 2947 Christi,
631 2887 706 2937 'ut
737 2883 935 2937 omnia
965 2881 1024 2937 in
1049 2900 1114 2938 eo
1146 2886 1300 2938 statu
1332 2901 1459 2941 esse
1483 2885 1764 2957 jubeatis,
1803 2887 1859 2941 in
1910 2904 2025 2959 quo

355 2969 614 3027 fuerunt
641 2978 776 3026 ante
807 2988 978 3027 omne
1019 2972 1336 3043 judicium,
1380 2974 1560 3030 donec
1591 2977 1784 3047 major
1811 2989 1878 3031 ex
1906 2967 2026 3031 toto

372 3059 508 3114 orbe
541 3060 914 3132 sacerdotum
945 3077 1228 3117 numerus
1255 3066 1673 3135 congregetur;
1707 3061 2026 3121 necatisno

370 3151 606 3219 peccato
639 3148 945 3220 patiamini
977 3164 1086 3204 vos
1105 3151 1368 3222 gravari:
1403 3152 1563 3222 quia,
1590 3154 1744 3224 quod
1783 3170 2027 3210 [necesse

2134 568 2347 624 mentis
2374 568 2493 624 acie
2522 570 2850 623 reverenter
2880 563 3120 640 aspicite
3139 567 3292 624 beati
3321 567 3470 623 Petri
3509 566 3777 640 gloriam,

2133 661 2189 712 et
2216 673 2560 712 communes
2591 673 2724 712 cum
2756 656 2882 728 ipso
2901 655 3166 711 omnium
3191 655 3588 729 apostolorum
3623 671 3782 712 coro-

2133 763 2260 812 nas,
2294 751 2755 818 cUnetorum-que
2784 749 3105 818 martyrum
3138 745 3381 818 palmas,
3415 745 3629 818 quibus
3658 745 3772 802 alia

2133 853 2247 891 non
2281 835 2392 890 fuit
2420 852 2598 891 causa
2626 834 2904 908 patiendi,
2923 834 3038 892 nisi
3069 834 3352 890 confessio
3381 851 3524 890 verae
3545 834 3772 890 Divini-

2131 924 2272 979 tatis
2301 931 2357 980 et
2385 941 2529 979 verte
2561 923 2944 979 humanitatis
2975 922 3032 977 in
3060 921 3306 977 Christo.

2203 1013 2336 1085 Cap.
2375 1013 2467 1070 ΙΙΙ.
2501 1045 2569 1054 —-
2599 1013 2703 1068 Cui
2744 1016 3127 1080 sacramento,
3162 1010 3300 1083 quia
3341 1007 3519 1084 impie
3557 1028 3713 1069 nunc
3737 1031 3772 1070 a

2132 1101 2335 1174 paucis
2366 1101 2837 1174 imprudentibus
2862 1090 3143 1169 obvia-tur,
3169 1117 3373 1157 omnes
3398 1100 3651 1173 partium
3674 1119 3774 1158 no-

2134 1195 2391 1247 strarum
2413 1190 2698 1258 Ecclesiae,
2714 1208 2927 1268 [omnes
2959 1184 3400 1245 mansuetudini
3421 1195 3623 1246 vestrae
3643 1207 3779 1246 cum

2134 1280 2449 1352 gemitibus
2469 1285 2524 1335 et
2544 1280 2817 1352 lacrymis
2833 1279 3166 1352 supplicant
3186 1280 3535 1347 sacerdotes,
3553 1284 3620 1334 ut
3639 1279 3777 1350 quia

2134 1374 2191 1425 et
2219 1370 2406 1425 nostri
2429 1366 2687 1425 'ﬁdeliter
2730 1367 3144 1434 reclamarunt,
3175 1374 3233 1425 et
3261 1365 3482 1425 eisdem
3503 1365 3780 1426 libellum

2135 1457 2542 1530 appellationis
2563 1457 2873 1514 Flavianus
2903 1458 3212 1530 episcopus
3235 1459 3417 1524 dedit,
3449 1458 3778 1530 generalem

2135 1547 2422 1621 synodum
2438 1547 2696 1619 jubeatis
2717 1548 2872 1602 intra
2894 1546 3120 1602 Italiam
3144 1545 3439 1614 celebrari,
3461 1549 3616 1603 909
3649 1563 3775 1618 quas

2136 1653 2341 1692 omnes
2373 1636 2720 1692 offensiones
2752 1637 2835 1691 ita
2865 1640 2967 1692 aut
2997 1635 3257 1709 repellat,
3292 1635 3395 1692 aut
3425 1635 3672 1709 mitiget,
3706 1653 3778 1692 ne

2133 1725 2289 1780 ultra
2316 1724 2540 1798 aliquid
2563 1726 2650 1781 sit
2668 1725 2757 1780 vel
2791 1725 2847 1780 in
2879 1727 2992 1781 ﬁde
3020 1725 3285 1792 dubium,
3309 1724 3396 1780 vel
3419 1725 3476 1780 in
3500 1724 3782 1781 charitate

2135 1815 2420 1883 divisum;
2445 1804 2922 1872 convenientibus
2945 1816 3148 1887 utique
3160 1814 3540 1871 Orientalium
3557 1815 3784 1887 provin-

2137 1904 2358 1959 ciarum
2372 1905 2940 1978 episcOpis,quorum
2956 1904 3004 1960 si
3027 1895 3126 1976 qui
3140 1904 3399 1978 superati
3416 1903 3593 1958 minis
3612 1907 3786 1974 stilus

2135 1993 2369 2065 injuriis
2387 2011 2421 2048 a
2437 1992 2699 2049 veritatis
2721 1992 2955 2049 tramite
2976 1981 3299 2061 deviam-nt,
3326 1987 3681 2048 salutaribus
3701 2008 3786 2047 re-

2135 2082 2346 2137 mediis
2369 2082 2425 2137 in
2449 2081 2742 2154 integrum
2762 2087 3128 2138 revocentur:
3149 2073 3399 2154 ipsique,
3421 2095 3673 2154 quorum
3693 2085 3785 2136 est

2136 2187 2312 2226 causa
2334 2171 2554 2236 durior,
2579 2173 2656 2242 (g)
2679 2171 2727 2227 si
2745 2160 3006 2250 conSiliis
3025 2170 3362 2226 melioribus
3386 2171 3779 2243 acquiesmnt,

2137 2263 2209 2317 ab
2231 2259 2496 2317 Ecclesiae
2521 2262 2742 2317 unitate
2767 2277 2881 2316 non
2904 2260 3190 2316 excidant.
3215 2262 3398 2326 Quam
3423 2265 3617 2315 autem
3650 2263 3784 2331 post

2137 2349 2588 2422 appellationem
2614 2349 3017 2422 interpositam
3035 2349 3146 2405 hoc
3168 2349 3494 2405 necessario
3524 2343 3782 2421 postule-

2136 2443 2250 2506 tur,
2303 2456 2593 2495 canonum
2625 2441 2780 2495 910
2810 2439 3010 2494 Nicena:
3061 2437 3394 2494 habitorum
3437 2438 3668 2494 decreta
3696 2442 3781 2492 te-

2137 2533 2388 2597 stantur,
2425 2544 2555 2600 qua:
2586 2545 2618 2583 a
2639 2528 2818 2583 totius
2839 2528 3044 2583 mundi
3069 2531 3207 2583 sunt
3227 2519 3630 2585 sacerdOtibus
3651 2542 3783 2581 con-

2134 2619 2361 2674 stituta.
2389 2618 2592 2673 Favete
2617 2616 2916 2673 catholicis
2935 2622 3127 2672 vestro
3157 2632 3318 2672 more
3358 2619 3783 2689 parentumque

2135 2710 2480 2774 vestrorum,
2516 2693 2646 2761 date
2677 2706 3054 2761 defendendis
3091 2706 3222 2761 ﬁdei
3253 2704 3601 2761 libertatem.
3622 2703 3782 2759 Cum

2136 2796 2289 2852 enim
2309 2795 2574 2850 Ecclesia:
2595 2794 2672 2869 (li)
2698 2811 2927 2863 causas,
2951 2798 3075 2849 tum
3095 2782 3255 2873 regni
3281 2789 3457 2850 vestri
3475 2793 3782 2866 agimus'et

2137 2884 2363 2948 salutis,
2397 2887 2462 2939 ut
2487 2884 2916 2960 provinciarum
2948 2888 3272 2939 vestrarum
3304 2882 3500 2955 quieto
3524 2883 3660 2953 jure
3680 2899 3780 2954 po-

2135 2974 2386 3029 tiamini.
2434 2971 2733 3029 Defendite
2763 2976 2965 3029 contra
2995 2959 3311 3028 ‘hzeretice's
3365 2967 3781 3028 inconcussum

2136 3062 2400 3120 Ecclesiae
2432 3066 2650 3117 statum
2677 3080 2690 3117 :
2719 3067 2784 3117 ut
2808 3066 2866 3117 et
2895 3069 3149 3118 vestrum
3184 3060 3398 3117 Christi
3418 3056 3656 3116 dextera
3675 3057 3781 3115 de-

2130 3153 2404 3209 fendatur
2435 3151 2766 3223 imperium.
2798 3153 2863 3221 (ί)
2891 3154 3105 3206 Datum
3132 3151 3296 3206 tertio
3327 3148 3461 3204 idus
3494 3142 3779 3216 Octobris,

372 3239 598 3292 est-nos
623 3237 836 3304 dicere,
865 3237 1134 3292 veremur
1155 3255 1226 3294 ne
1248 3240 1416 3310 cujus
1448 3239 1654 3313 religio
1677 3241 2019 3313 dissipatur,
2052 3227 2094 3292 C
2131 3240 2366 3298 Asturio
2398 3243 2454 3295 et
2480 3238 2802 3313 Protogene
2847 3236 2988 3294 viris
3027 3238 3369 3296 clarissimis
3417 3233 3782 3294 consulibus.

1671 3449 1674 3452 ι
1727 3359 2080 3422 EPISTOLA
2119 3369 2185 3439 υ)
2237 3365 2422 3422 XLIV.

1445 3462 1520 3532 (Ιί)
1575 3481 1647 3518 ΑΙ)
1678 3480 1924 3520 EUMDEM
1952 3481 2320 3521 THEODOSIUM
2373 3479 2708 3518 sucus'ruu.

369 3575 436 3646 (ι)
465 3575 746 3652 δὴπορεῑε
759 3615 778 3652 ._
792 3605 861 3652 7-
887 3575 925 3629 Ι.
947 3573 1425 3652 l’seudosynodum
1437 3579 1794 3652 Ephesiuam,
1818 3597 1939 3634 cum
1950 3581 2186 3652 privatis
2201 3580 2341 3635 odiis
2357 3581 2522 3652 favet,
2543 3579 2730 3652 omnia
2749 3579 3092 3652 perturbatae
3111 3580 3171 3631 in
3191 3577 3424 3652 Ecclesia
3439 3593 3458 3636 ;
3481 3577 3550 3652 ali
3568 3591 3630 3630 ea
3650 3590 3779 3652 apo-

435 3646 649 3702 stolica:
685 3645 831 3701 sedis
851 3649 1057 3720 scripta
1088 3645 1318 3720 rejectis;
1346 3645 1538 3719 omnia
1559 3653 1613 3705 vi
1635 3656 1753 3706 acta
1779 3668 1927 3718 esse;
1950 3645 2208 3708 Hilarum
2240 3645 2410 3705 unum
2440 3651 2539 3704 vim
2569 3645 2816 3716 evasisse,
2847 3665 2918 3704 ea;
2942 3649 3140 3720 legatis
3168 3651 3262 3718 qui
3303 3647 3779 3720 contradixerunt;

433 3733 742 3787 numquam
775 3734 809 3772 a
838 3718 959 3774 sede
997 3718 1296 3790 apostolica
1323 3718 1692 3792 recipiendam
1726 3725 1884 3777 istam
1913 3725 2206 3793 synodum.
2243 3753 2306 3761 —
2339 3721 2406 3775 ll.
2443 3721 2638 3775 Omnia
2668 3736 2836 3792 usque
2869 3721 2949 3800 ad
2979 3718 3238 3792 majorem
3289 3719 3559 3788 synodum
3593 3719 3649 3773 in
3682 3733 3772 3772 eo-

439 3865 751 3937 (a)Confer
769 3871 966 3922 annot.
989 3868 1023 3922 2
1044 3867 1180 3938 (Col.
1204 3870 1331 3936 822,
1350 3871 1392 3938 ⁸)
1417 3871 1472 3924 in
1499 3871 1770 3926 eumdem
1802 3877 2020 3928 textum

343 3937 776 4008 «ﬂammeum
793 3938 972 4008 huius
996 3937 1102 3994 loci
1127 3957 1382 4006 errorem
1396 3942 2020 3999 deteximushistoricae

367 4004 596 4094 veritati
611 4004 1002 4094 contrarium,
1026 4028 1200 4094 quem
1221 4004 1386 4069 vetus
1401 4012 1583 4094 huius
1599 4014 1706 4069 loci
1735 4015 2020 4094 interpres

368 4079 630 4156 Latialis,
677 4083 1019 4156 postpositis
1042 4079 1342 4154 praeterea
1371 4079 1629 4150 vocibus,
1661 4088 1754 4156 qui
1780 4105 1814 4141 α
1863 4079 2020 4142 uobis

365 4152 868 4228 maksisunﬁquae
897 4152 956 4209 in
987 4152 1182 4228 Graeco
1232 4159 1385 4228 textu
1437 4152 1890 4228 praemittuntur,
1943 4157 2023 4212 ita

357 4222 826 4304 conﬁrmavitfet
847 4224 1110 4304 involvit,
1144 4231 1206 4304 ut
1231 4227 1330 4304 qui
1353 4222 1514 4304 error
1535 4227 1602 4304 in
1626 4228 1822 4304 Graeco
1856 4222 2019 4304 facile

368 4291 558 4368 detegi
582 4298 639 4368 et
659 4296 956 4368 emendari
990 4301 1198 4368 potest,
1235 4291 1292 4352 in
1316 4298 1604 4366 ejusmodi
1627 4300 1893 4356 versione
1915 4300 2016 4354 La-

366 4364 682 4440 tinahullo
707 4367 878 4440 modo
906 4364 1114 4437 possit.
1135 4364 1472 4440 Notandum
1493 4369 1734 4440 insuper
1761 4376 1849 4425 est
1881 4371 2018 4425 titu-

368 4433 491 4516 lum
515 4433 971 4516 reuerentissimi,
989 4454 1161 4516 quem
1257 4433 1670 4516 Lcoepiscbpi-s
1692 4457 2017 4516 numquam

368 4506 598 4574 tribuit,
621 4508 920 4580 interpreti
948 4506 1484 4582 _relferendumesse,
1519 4506 1616 4582 qui
1651 4506 2020 4568 vocem-Grie-

369 4591 498 4633 cam
521 4579 892 4634 εὖλαὸεστᾶτων
913 4579 996 4634 sic
1021 4581 1221 4635 Latine
1243 4581 1515 4647 reddidit,
1535 4579 1668 4638 cum
1693 4582 1836 4638 alias
1855 4585 2014 4640 reddi

359 4649 546 4721 etiam
564 4649 762 4721 _soleat
782 4652 1246 4721 religiosissimus.

435 4720 518 4793 (bi
546 4719 812 4796 _Crabbus
841 4719 1092 4796 eteditio
1113 4725 1390 4796 Antuerp.
1417 4742 1510 4796 an.
1541 4725 1696 4792 i583,
1721 4727 2016 4782 erratibus.

374 4789 452 4845 Ita
482 4789 659 4847 etiam
712 4793 968 4848 secunda
998 4809 1172 4849 manu
1206 4793 1265 4849 in
1301 4789 1411 4850 nis.
1446 4789 1756 4852 Veronensi
1807 4799 1898 4853 57.
1951 4802 2016 4852 In

373 4861 621 4918 editione
651 4862 884 4930 Labbei,
916 4867 1134 4920 erratis.

439 4935 508 5010 _(c)
530 4933 592 4989 Id
613 4939 701 5010 est
716 4906 973 5010 I_)io_s_dori
992 4935 1492 5010 Alexandrini,qui
1509 4938 1563 4992 in
1587 4937 1797 5010 lacuna
1815 4943 2014 4995 annot.
2047 4942 2094 5006 D

369 5001 405 5055 5
430 5001 630 5080 (supra
651 5006 707 5075 a)
733 5005 990 5080 indicata
1013 5009 1349 5080 nominatus
1372 5001 1758 5080 proculdubio
1776 5011 1906 5077 fuit,
1929 5012 2012 5067 uti

371 5075 705 5151 nominatur
733 5076 1070 5151 inopistola
1100 5075 1388 5151 sequenti:

439 5147 512 5220 (d)
537 5147 885 5212 Quesnellus
918 5165 1051 5205 cum
1084 5147 1474 5208 anterioribus
1504 5151 1698 5217 editis,
1728 5151 2012 5220 dederunt,

364 5218 503 5298 quod
552 5221 882 5276 nociturum.
927 5220 1269 5298 Nostrorum
1300 5222 1606 5298 et_Balu_zii
1638 5223 1902 5298 codicum
1935 5218 2014 5298 le}

361 5290 635 5366 ctionem,
684 5293 1122 5366 quae'probatur
1152 5293 1322 5348 etiam
1359 5293 1414 5348 in
1449 5294 1693 5366 epistola
1725 5296 2012 5366 sequenti,

353 5363 830 5434 anteponendam
851 5363 1237 5420 credidimus.

439 5429 517 5503 (εξ)⁷
535 5432 628 5488 Sic
662 5433 930 5508 meliores
961 5436 1190 5508 codices
1211 5441 1266 5490 et
1297 5438 1530 5508 Graecus
1563 5440 1773 5504 textus,
1799 5454 1865 5492 ex
1899 5454 2014 5508 quo

356 5497 494 5578 haec
505 5521 692 5576 pauca
710 5505 892 5578 hujus
909 5505 1115 5578 capitis
1133 5508 1306 5564 verba
1319 5507 1546 5578 reddita
1563 5497 1815 5564 fuerunt.
1832 5497 2013 5572 Ques-

351 5571 721 5696 zliell‘uscum
739 5571 909 5636 editis
934 5571 1139 5634 Leonis
1161 5583 1217 5636 et
1233 5577 1532 5636 nonnullis
1555 5596 1721 5649 mss.,
1744 5571 2015 5652 trait-quil-

417 5657 584 5696 ssi-rm-

387 5656 584 5702 usi-mi.

439 5717 498 5788 (Ι)
511 5717 894 5776 Betinui'mus
911 5719 1548 5792 vulgatamleCtionem,
1563 5722 1706 5780 nulli
1722 5721 1852 5779 licet
1865 5721 2015 5780 codi-

2133 3887 2227 3946 ces
2255 3869 2674 3946 suffragantur.
2710 3869 2856 3925 Nam
2902 3871 3050 3946 quod
3089 3875 3176 3946 est
3213 3870 3271 3925 in
3304 3887 3468 3938 mss.,
3523 3870 3627 3925 Ista
3662 3875 3784 3946 ego.‘

2128 3943 2215 3998 vel
2247 3945 2356 3998 Ista
2405 3957 2554 4012 ergo,
2587 3945 2753 3997 Istum
2788 3957 2904 4013 ego,
2947 3943 3035 3998 vel
3084 3945 3251 3999 Istum
3302 3959 3447 4012 ergo,
3480 3957 3615 4013 cum,
3639 3943 3778 3998 coni

2129 4019 2288 4069 textu
2309 4014 2508 4070 Latino
2531 4014 2710 4086 hujus
2731 4012 2987 4086 epistolae
3007 4013 3168 4070 nullo
3190 4015 3360 4086 modo
3382 4012 3667 4086 congruit,
3696 4014 3777 4069 uti

2129 4086 2402 4157 congruit
2420 4087 2541 4141 llzec
2567 4101 2666 4156 ego
2688 4085 2745 4139 in
2774 4085 3187 4142 textuGraeco:
3213 4091 3268 4140 et
3297 4085 3531 4157 aliunde
3554 4090 3777 4140 certum

2127 4157 2206 4212 sit
2237 4156 2602 4230 collectorem
2651 4157 2920 4230 Latinum
2953 4157 3073 4213 haec
3121 4156 3477 4230 excerpsisse
3507 4173 3576 4213 ex
3603 4157 3774 4229 epist.

2129 4230 2218 4294 44,
2253 4226 2512 4302 ubiEccc
2548 4244 2648 4302 ego
2675 4227 2908 4302 legitur.

2200 4299 2273 4371 (g)
2301 4299 2444 4353 Edit.
2460 4299 2698 4354 Concil.:
2722 4299 2801 4356 sic
2815 4301 3062 4357 consiliis
3082 4301 3398 4356 melioribus
3409 4300 3773 4370 acquiescant,

2128 4380 2188 4426 ut
2220 4372 2288 4424 ab
2317 4371 2569 4426 Ecclesia:
2596 4374 2829 4426 unitate.

2199 4442 2277 4512 (Ιι)
2300 4441 2677 4515 Siciplerique
2707 4442 2953 4509 codices,
2987 4442 3073 4496 uti
3094 4440 3368 4515 etiamin
3399 4437 3648 4515 epistola
3679 4455 3772 4515 se-

2128 4509 2348 4584 quenti.
2382 4509 2748 4581 Q‘uesnellus,
2773 4530 3024 4578 causam;
3056 4511 3179 4567 aliae
3209 4509 3493 4584 editiones
3526 4509 3770 4566 Leonis:

2125 4583 2523 4665 causanstatuin
2553 4587 2713 4665 regni
2743 4587 2900 4665 vestri
2921 4601 3176 4665 agamus,
3208 4586 3259 4638 el
3287 4583 3505 4665 salutis.

2197 4657 2260 4734 (ρ’)
2282 4655 2438 4711 Hanc
2451 4651 2782 4734 chronicam
2807 4651 3160 4734 notationem
3185 4671 3298 4734 non
3316 4670 3442 4734 esse
3458 4651 3644 4724 hujus
3659 4651 3776 4734 epi-

2127 4723 2292 4800 stola:
2321 4727 2638 4800 propriam,
2673 4725 2773 4782 sed
2805 4743 2838 4779 a
2871 4724 3188 4800 _coll_ectorc
3236 4725 3436 4800 Latino
3479 4723 3612 4780 cum
3643 4723 3773 4800 aliis

2129 4795 2337 4870 multis
2351 4795 2683 4870 traductam
2705 4814 2774 4852 ex
2793 4795 3038 4870 epistola
3068 4797 3355 4868 sequ-cuti,
3381 4797 3439 4852 in
3472 4797 3775 4870 praemissa

2127 4869 2523 4926 admonitione
2545 4866 3094 4924 demonstravimus.

2196 4942 2263 5011 (j)
2284 4940 2368 4996 Al.
2394 4943 2481 4995 40.
2507 4941 2638 5005 Quae
2657 4944 2850 4995 autem
2875 4943 3045 4995 antea
3067 4940 3130 4994 44
3153 4943 3298 5010 erat,
3321 4956 3477 4996 nunc
3501 4940 3588 4996 48.
3619 4937 3768 4995 Scri-

2124 5016 2220 5082 pta
2246 5013 2311 5066 13
2341 5011 2542 5067 Octob.
2567 5030 2660 5066 an.
2687 5013 2808 5066 449.

2196 5082 2270 5153 (lt)
2293 5083 2493 5138 Exstat
2515 5083 2634 5138 haec
2657 5081 2905 5155 epistola
2928 5081 2986 5136 in
3009 5100 3154 5138 mss.
3170 5081 3390 5139 collect.
3406 5079 3767 5155 5_Hisp.lsid.

2124 5155 2212 5221 13,
2237 5157 2301 5208 17
2334 5159 2391 5209 et
2422 5155 2509 5218 19,
2545 5153 2730 5224 usque
2755 5154 2826 5209 ad
2851 5157 2941 5220 24,
2965 5159 3022 5208 et
3042 5155 3196 5224 apud
3219 5153 3585 5224 Sichardum.

2195 5224 2570 5350 itfttittti‘
2587 5221 3764 5350 3-33$325,713,152?$32.35,:tt‘:§t°i£i§:

2125 5292 2562 5373 Atl'T/lcodos‘ium
2596 5292 2998 5373 imperatorem,
3023 5301 3084 5350 ut
3119 5293 3566 5373 reseis-sasyuodo
3597 5292 3766 5373 _Ephe-

2122 5370 2246 5439 sina
2268 5371 2325 5422 in.
2349 5370 2514 5423 Italia
2533 5363 2826 5423 concilim
2845 5370 2962 5439 ejus
2975 5383 3243 5439 consensu
3264 5363 3449 5421 debeat
3478 5363 3763 5439 celebrari.

2127 5439 2186 5493 ln
2209 5438 2367 5510 Hisp.
2393 5443 2449 5494 et
2483 5439 2619 5495 Isid.
2645 5456 2709 5494 ac
2737 5435 2943 5493 exinde
2970 5438 3025 5491 in
3056 5437 3228 5510 editis
3260 5443 3391 5510 ante
3421 5439 3660 5510 Quesn.:
3693 5435 3765 5510 De

2121 5506 2352 5565 sec-unda
2375 5511 2581 5582 synodo
2617 5511 2910 5581 Ephesina,
2943 5510 3000 5562 in
3035 5526 3148 5582 qua
3188 5509 3230 5561 Ε
3236 5509 3520 5582 ulychelis
3543 5506 3766 5582 haeresis

2122 5579 2477 5655 quorumdam
2508 5579 2898 5655 Episcoporum
2918 5595 3087 5650 pravo
3129 5579 3400 5655 intellectu
3429 5579 3622 5655 adiuta
3651 5581 3724 5633 est
3749 5593 3761 5632 :

2127 5650 2266 5706 unde
2285 5650 3134 5722 liortalur'eiunilemAugustum,
3170 5657 3228 5705 ul
3261 5652 3463 5722 prisca?
3485 5650 3611 5720 ﬁdei
3637 5667 3769 5706 con.-

2121 5725 2328 5780 slitulio
2359 5725 2425 5781 ab
2455 5727 2533 5781 eis
2562 5740 2669 5778 mm
2701 5723 2929 5778 violetur
2949 5737 2971 5782 ;
3018 5721 3110 5776 sed
3139 5723 3239 5778 Dei
3263 5721 3561 5780 Sacerdotes
3605 5725 3765 5780 totius
