4032 6172
290 224 388 302 849
1704 225 1932 297 EPlS'l'

2070 248 2088 293 ι
2131 224 2257 294 Lll.

3570 211 3695 291 850

287 371 555 432 sternam
581 384 651 432 ex
676 370 891 433 (sterno
920 366 1088 433 Patre
1115 364 1405 449 Unigeniti
1438 367 1833 440 Divinitatem,
1866 370 1923 428 et

2070 376 2142 430 ιιαὶ
2174 375 2263 437 τήν
2299 373 2356 428 tu
2391 372 2672 443 σπέρματος
2715 368 2931 442 Ἀϐραὰμ
2967 342 3237 424 καίΔαϐὶδ
3261 362 3641 435 ἂνθρωποτητι.

284 461 545 534 ejusdem
577 477 647 520 ex
681 461 927 521 Abrabm
943 466 1003 522 et
1025 461 1206 523 David
1230 462 1452 522 semine
1476 459 1925 525 humanitatem,

282 567 333 608 ac
347 550 617 611 similem
644 569 751 627 per
768 554 967 612 omnia
977 554 1149 611 nobis
1172 554 1355 612 fuisse
1375 559 1739 626 assumptam
1757 554 1924 606 natu-

278 656 417 709 ram,
454 641 571 699 hoc
599 659 719 700 uno
748 642 1097 701 dissimilem
1124 645 1278 717 quod
1312 644 1529 717 peccati
1546 658 1749 715 expers
1767 656 1926 696 man-

277 730 432 798 serit,
460 731 684 805 quippe
708 750 834 806 quae
869 750 985 789 non
1012 749 1082 789 ex
1111 737 1342 802 natura,
1378 733 1478 791 sed
1518 749 1587 789 ex
1615 730 1800 788 libera
1826 745 1924 784 vo-

273 816 502 878 luntate
534 821 819 879 nascitur.
850 823 923 879 Et
950 822 1059 879 hoc
1089 827 1369 896 praeterea
1404 822 1608 879 litterae
1662 819 1925 876 contine-

272 907 435 977 bant,
474 926 662 966 unum
691 927 819 967 esse
848 912 1219 986 unigenitum
1250 912 1351 968 Dei
1382 908 1929 981 Filium,etimpati-

274 996 454 1055 bilem
487 999 621 1071 ejus
652 1001 806 1057 940
834 1000 1233 1071 Divinitatem,
1265 1017 1393 1073 quae
1424 1016 1530 1057 nec
1554 1000 1699 1055 verti
1729 1001 1924 1071 queat,

275 1102 373 1143 nec
407 1089 655 1155 mutari,
674 1089 826 1146 sicut
845 1089 1013 1162 etqui
1033 1090 1227 1162 ipsum
1249 1090 1650 1163 genuitPater,
1666 1092 1721 1144 et
1742 1086 1927 1159 Spiri-

280 1179 369 1233 tus
401 1182 669 1234 sanctus.
686 1178 938 1250 Ideoque
957 1178 1258 1251 patibilem
1280 1183 1551 1235 naturam
1577 1177 1923 1250 sumpsisse,

285 1266 417 1339 quia
436 1266 635 1324 divina
659 1271 870 1324 natura
894 1267 1227 1340 passionem
1241 1286 1355 1325 non
1370 1268 1714 1340 recipiebat:
1733 1271 1797 1323 ut
1826 1282 1927 1338 per

290 1356 475 1413 carnis
487 1356 734 1429 propria
747 1355 1080 1429 passionem
1094 1357 1629 1430 impassibilitatem
1658 1356 1731 1412 iis
1744 1356 1843 1427 qui
1867 1355 1925 1410 in

294 1444 478 1518 ipsum
499 1445 803 1501 crederent
831 1444 1163 1519 largiretur.
1200 1447 1328 1502 Haec
1355 1451 1413 1503 et
1429 1446 1543 1502 alia
1563 1446 1656 1501 his
1680 1450 1928 1518 cognata

297 1533 493 1591 litteris
508 1534 981 1591 continebantur.
1003 1534 1120 1591 Nos
1155 1552 1289 1591 vero
1306 1534 1671 1608 spiritualem
1695 1537 1927 1607 sapien-

300 1623 426 1680 tiam
439 1626 597 1680 tuam
609 1622 905 1679 admirati.
922 1624 1178 1696 Spiritus
1198 1625 1385 1681 sancti
1398 1624 1668 1698 gratiam,
1684 1641 1810 1697 quae
1826 1640 1928 1695 per

300 1712 586 1769 voslocuta
615 1716 723 1780 est,
747 1711 1024 1768 laudibus
1063 1712 1401 1784 extulimus,
1434 1729 1849 1787 rogamusque,
1873 1716 1929 1769 et

302 1801 742 1869 obsecramus,et
753 1805 1143 1873 precamur,et
1157 1802 1454 1875 supplices
1465 1818 1705 1858 oramus
1717 1818 1819 1858 san
1828 1801 1928 1858 cti-

300 1893 463 1947 tatem
476 1893 728 1959 tuam,ut
745 1893 1091 1962 tempestate
1103 1890 1341 1963 jactatis
1358 1890 1456 1947 Dei
1471 1890 1745 1948 Ecclesiis
1758 1906 1925 1963 opem

299 1979 451 2036 ferat.

359 2070 483 2126 CAP.
500 2067 593 2124 III.
612 2099 682 2109 —
703 2068 851 2124 Cum
872 2067 1229 2141 enim(a)per
1240 2085 1339 2126 eos
1354 2085 1503 2142 quos
1524 2069 1804 2126 sanctitas
1824 2072 1928 2125 tua

292 2158 569 2232 Ephesum
598 2156 761 2213 misit
778 2158 1146 2229 tempestatis
1174 2158 1393 2215 exitum
1433 2176 1824 2232 speraremus,
1866 2157 1926 2213 in

292 2246 597 2320 graviorem
635 2245 954 2319 procellam
987 2246 1208 2320 delapsi
1246 2265 1475 2321 sumus.
1507 2248 1926 2305 Alexandrino-

292 2352 415 2391 rum
430 2335 1021 2409 quippejustissimus
1052 2336 1299 2392 antistes
1313 2337 1769 2411 haudquaquam
1791 2354 1927 2394 con-

293 2426 476 2480 tentus
505 2423 613 2479 fuit
639 2423 848 2497 iniqua
886 2423 997 2480 hac
1034 2429 1091 2481 et
1129 2425 1525 2498 injustissima
1566 2426 1929 2500 depositione

294 2512 885 2586 sanctissimiDeoque
897 2512 1230 2570 charissimi
1253 2516 1929 2589 Constantinopolitano-

296 2617 421 2656 rum
437 2600 686 2674 episcopi
709 2600 940 2657 Domini
958 2602 1237 2671 Flaviani,
1262 2605 1649 2677 nequeipsius
1672 2605 1927 2661 animam

293 2689 867 2763 explevitconsimilis
877 2688 1102 2764 strages
1114 2690 1362 2748 aliorum
1376 2694 1812 2767 episcoporum;
1828 2695 1929 2751 sed

292 2796 388 2835 me
398 2796 619 2854 quoque
636 2781 941 2836 absentem
954 2780 1178 2837 calamo
1192 2780 1463 2840 similiter
1477 2783 1789 2857 jugulavit,
1825 2800 1931 2839 nec

292 2867 352 2924 in
364 2870 463 2941 jus
482 2873 885 2936 vocatum,nec
907 2874 1250 2941 praesentem
1263 2876 1622 2940 accusatum,
1641 2890 1743 2929 nec
1760 2873 1935 2929 inter-

290 2962 553 3030 regatum
569 2958 640 3014 de
657 2957 759 3014 Dei
774 2975 838 3013 ac
848 2956 1163 3015 Salvatoris
1175 2961 1355 3016 nostri
1370 2961 1769 3018 incarnatione
1790 2962 1930 3034 quid

289 3047 631 3104 sentiam.Et
642 3046 969 3104 homicidas
982 3048 1311 3120 quidem,ac
1320 3050 1723 3122 sepulcrorum
1738 3052 1933 3107 effrac-

286 3139 465 3200 tores.
493 3135 937 3209 alienarumque
951 3138 1742 3209 nuptiaruminvasores,non
1766 3140 1929 3213 prius
1960 3120 2002 3188 Ο

287 3225 675 3281 condemnant
687 3224 943 3296 judices,
976 3243 1154 3298 quam
1174 3226 1264 3283 vel
1290 3227 1401 3299 ipsi
1427 3228 1654 3298 objecta
1682 3228 1932 3284 crimina

288 3314 648 3370 confessione
669 3331 779 3370 sua
796 3313 1107 3381 ﬁrmarint,
1136 3316 1225 3371 vel
1249 3316 1321 3372 ab
1339 3315 1470 3371 aliis
1495 3321 1691 3388 aperte
1718 3318 1934 3374 fuerint

288 3402 553 3458 convicti.
586 3403 705 3459 Nos
722 3407 916 3459 autem
942 3403 1037 3459 hic
1058 3405 1115 3460 in
1143 3404 1357 3461 divinis
1385 3404 1613 3477 legibus
1642 3408 1932 3463 enutritus

291 3490 373 3561 (b)
393 3490 624 3565 triginta
636 3490 898 3564 quinque
919 3492 1325 3549 mansionibus
1343 3493 1629 3550 distantes
1654 3496 1933 3551 condem-

294 3579 522 3635 navitut
538 3579 1116 3651 voluit.Nequenunc
1132 3586 1361 3637 tantum
1380 3583 1488 3638 hoc
1506 3582 1765 3653 fecit,sed
1781 3601 1934 3640 anno

294 3668 467 3724 etiam
496 3668 816 3742 superiore,
849 3685 983 3724 cum
1031 3685 1097 3725 eo
1136 3670 1377 3742 profecti
1432 3677 1630 3728 essent
1671 3673 1786 3728 duo
1823 3673 1933 3729 viri

294 3756 640 3829 Apollinaris
654 3758 855 3814 morbo
874 3757 1091 3824 infecti,
1124 3760 1278 3816 948
1308 3765 1365 3815 et
1385 3760 1712 3817 calumnias
1737 3762 1797 3817 in
1829 3780 1934 3818 nos

297 3846 628 3915 texuissent,
661 3863 1022 3920 consurgens
1054 3849 1113 3904 in
1144 3849 1401 3906 Ecclesia
1430 3867 1537 3905 nos
1568 3851 1936 3907 anathemate

296 3935 525 3992 conﬁxit
548 3954 562 4005 ;
586 3935 765 4008 idque
793 3952 928 3992 cum
958 3936 1030 3991 ad
1062 3954 1196 3993 eum
1228 3938 1673 4011 scripsisissem,
1723 3944 1779 3996 et
1809 3957 1938 4012 quae

299 4023 566 4081 sentirem
600 4042 705 4097 per
730 4023 957 4081 litteras
978 4012 1401 4098 exposuissem:

374 4114 498 4169 CAP.
520 4113 610 4169 1V.
648 4145 716 4154 —
746 4114 865 4186 Ego
895 4130 1029 4170 vero
1057 4114 1326 4172 Ecclesia:
1362 4134 1501 4175 sane
1531 4123 1936 4191 tempestatem

308 4201 494 4267 deﬂeo,
526 4207 797 4258 caeterum
846 4202 1029 4275 quieti
1058 4205 1285 4260 studeo.
1317 4210 1424 4262 Sex
1454 4208 1610 4263 enim
1650 4213 1706 4263 et
1733 4209 1936 4282 viginti

311 4291 471 4346 annis
500 4291 878 4347 commissam
910 4290 1056 4347 mihi
1078 4293 1151 4349 ab
1183 4294 1587 4351 universorum
1618 4297 1734 4353 Deo
1756 4298 1941 4353 Eccle-

313 4376 451 4434 siam
471 4396 705 4451 precum
720 4383 1047 4436 vestrarum
1065 4381 1278 4439 auxilio
1299 4400 1430 4439 cum
1456 4385 1730 4453 rexerim;
1753 4402 1941 4457 neque

315 4468 419 4523 sub
438 4467 770 4525 beatissimo
813 4468 1112 4525 Theodoto
1158 4471 1418 4528 antistite
1450 4472 1719 4541 Orientis,
1754 4490 1942 4544 neque
1975 4489 2019 4553 ι)

318 4556 419 4611 sub
436 4555 505 4612 iis
525 4557 625 4630 qui
648 4557 734 4612 illi
756 4557 814 4612 in
835 4557 1368 4616 Anthiochenorum
1387 4562 1522 4617 sede
1535 4567 1945 4618 successerunt

316 4642 397 4699 vel
424 4646 724 4702 minimam
756 4646 1265 4719 reprehensionem
1297 4649 1553 4705 sustinui
1579 4668 1591 4719 ;
1625 4652 1726 4706 sed
1748 4651 1944 4707 divina

322 4732 452 4790 mihi
464 4738 803 4809 cooperante
814 4736 1209 4809 gratia,supra
1225 4737 1385 4794 mille
1398 4739 1625 4795 animas
1638 4740 1946 4796 Marcionis

322 4824 505 4879 morbo
524 4822 788 4891 liberavi,
824 4824 1161 4897 multasque
1195 4825 1341 4882 alias
1364 4844 1432 4883 ex
1448 4828 1565 4883 Arii
1591 4833 1647 4884 et
1677 4829 1945 4885 Eunomii

321 4911 568 4981 partibus
598 4912 671 4968 ad
702 4912 998 4969 Christum
1029 4913 1340 4970 Dominum
1365 4917 1630 4988 perduxi.
1664 4919 1734 4973 Et
1762 4918 1947 4974 octin-

322 5003 609 5071 gentarum
640 4999 1030 5057 Ecclesiarum
1061 5004 1411 5075 pastoralem
1463 5021 1666 5062 curam
1707 5006 1952 5063 sortitus

323 5093 551 5157 sum,tot
578 5089 736 5144 enim
758 5090 941 5161 Cyrus
960 5090 1134 5146 habet
1156 5093 1453 5165 parmcias,
1487 5094 1543 5149 in
1578 5094 1791 5167 quibus
1823 5113 1951 5168 pre-

386 5267 467 5356 (ο)ᾲ
668 5266 984 5356 Duroniurn
1010 5269 1341 5356 ademi/19,
1367 5289 1527 5355 num.
1557 5272 1739 5356 Hth
1768 5290 1956 5356 se,qu

324 5336 900 5411 haecepistolaLatine
914 5340 1265 5397 describitur
1299 5336 1640 5401 c'xvcrsione
1674 5336 1960 5401 Frcdcrici

325 5407 810 5489 Metti—utriusque
860 5410 1073 5489 linguae
1125 5413 1490 5485 peritissimi,
1542 5421 1606 5471 ut
1661 5416 1846 5489 liquet
1894 5434 1963 5472 ex

325 5496 474 5535 num.
530 5481 653 5535 124.
699 5481 803 5538 Hic
856 5481 1051 5544 autem
1102 5481 1269 5540 voces
1328 5493 1405 5540 διὰ
1459 5496 1556 5542 τῶν
1586 5481 1964 5543 ἀποσταλέντων

328 5549 579 5630 neutrius
608 5553 1183 5630 generis_accipiens,
1218 5556 1489 5630 reddidit,
1537 5574 1635 5630 per
1680 5576 1741 5613 ea
1778 5574 1904 5630 qua?
1932 5577 1963 5612 η

326 5626 492 5679 vestra
517 5626 808 5681 sanctitate
836 5626 1107 5698 Ephesum
1136 5629 1339 5701 scripta
1367 5633 1498 5684 sunt
1520 5626 1548 5691 ;”
1575 5647 1690 5702 qua
1710 5631 1769 5686 in
1786 5626 1967 5703 signi-

2061 465 2161 518 Καὶ
2185 467 2261 517 δτι
2290 464 2420 516 κατὰ
2443 462 2605 515 πάντα
2628 461 2745 527 ἡμῖν
2777 463 2808 523 ἠ
2845 461 3084 526 ληφθεῖσα
3107 457 3250 526 φύσις
3279 456 3449 525 ιῷκει,
3495 456 3642 521 μόνον

2059 556 2114 608 δὲ
2149 556 2382 620 ἀνόμοιος
2417 547 2477 614 ἧν
2499 554 2572 618 τῷ
2616 554 2779 612 πάσης
2829 552 3072 620 ἁμαρτίας
3122 546 3348 614 ἀμύητος
3400 545 3649 610 διαμεῖναι

2060 645 2313 711 ιπειδήπερ
2339 643 2434 695 ούκ
2493 642 2552 693 ἐκ
2601 642 2822 708 φύσεως,
2868 640 2967 692 ἀλλ’
3009 640 3067 691 ἐκ
3121 638 3458 705 προαιρέσεως
3516 627 3643 692 αὕτη

2061 734 2253 800 φύεται,
2290 725 2392 799 εἶχε
2436 731 2489 782 δι
2531 730 2616 781 καὶ
2652 729 2804 781 τοῦτο
2830 730 2895 781 τὰ
2922 727 3219 795 γράμματα,
3264 729 3331 783 ὡς
3367 717 3439 781 εἷς
3482 723 3571 787 μὶν
3618 725 3647 773 ό

2061 812 2229 880 945
2276 823 2543 887 μονογενὴς
2597 818 2687 871 τοῦ
2737 817 2868 870 Θεοῦ
2908 819 3032 875 Υἱὸς,
3076 818 3266 874 ἀπαθὴς
3303 815 3356 865 δὲ
3408 813 3563 863 αὐτοῦ
3613 813 3644 870 ἡ

2062 914 2252 972 θεότης,
2294 912 2376 961 καὶ
2413 910 2671 977 ἄτρεπτος,
2712 909 2797 959 καὶ
2830 908 3173 966 ἀναλλοίωτος,
3207 906 3427 967 καθάπερ
3466 906 3494 952 ό
3532 918 3643 964 γεν-

2001 1032 2005 1035 ‹
2059 1003 2213 1061 νήσας
2253 1000 2401 1051 αὐτὸν
2444 1000 2626 1065 πατὴρ,
2668 998 2750 1047 καὶ
2789 999 2846 1047 τὸ
2880 998 3117 1057 πανάγιον
3170 991 3384 1057 πνεῦμα.
3412 991 3525 1041 ’Καὶ
3564 990 3646 1039 διὰ

2062 1089 2211 1140 τοῦτο
2236 1091 2324 1148 τὴν
2348 1091 2567 1146 παθητὴν
2608 1087 2748 1136 ἔλαϐε
2782 1086 2952 1150 φύσιν,
2996 1084 3254 1145 ἐπειδήπερ
3292 1085 3323 1140 ἡ
3360 1081 3465 1130 θεία
3506 1080 3649 1142 φύσις

2063 1180 2157 1229 οὐκ
2183 1180 2377 1244 ἐδέχετο
2410 1179 2590 1233 πάθος⁶
2630 1179 2714 1226 ῐνα
2759 1178 2831 1239 τῷ
2869 1175 3010 1224 πάθει
3049 1174 3135 1232 τῆς
3168 1172 3294 1226 ἰδίας
3332 1170 3517 1236 σαρκὸς
3558 1170 3646 1226 τήν

2063 1269 2292 1318 ἀπάθειαν
2331 1268 2431 1324 τοῖς
2464 1269 2531 1322 εἰς
2561 1265 2709 1315 αὐτὸν
2753 1263 3108 1314 πεπιστευκόσι
3149 1260 3431 1325 χαρίσηται.
3483 1261 3654 1307 Ταῦτα

2063 1357 2145 1406 καὶ
2190 1358 2287 1407 ὅσα
2324 1357 2517 1411 τούτοις
2562 1355 2666 1404 ἐστὶ
2715 1354 2944 1416 συγγενῆ,
2992 1350 3207 1414 περιεῖχε
3245 1350 3307 1397 τὰ
3352 1348 3646 1410 γράμματα.

2079 1446 2250 1508 Ἥμεῖς
2276 1446 2436 1504 δὲτὴν
2467 1444 2801 1507 πνευματικήν
2832 1460 2924 1491 σου
2956 1442 3131 1503 σοφίαν
3160 1437 3522 1500 θαυμάσαντες,
3564 1436 3652 1493 τὴν

2064 1535 2124 1584 δι’
2153 1537 2293 1598 ὑμῶν
2326 1535 2653 1597 φθεγξαμένην
2686 1531 2774 1581 τοῦ
2809 1532 2950 1593 ἁγίου
2975 1529 3256 1591 πνεύματος
3292 1526 3647 1586 ἀνυμνήσαμεν

2063 1624 2202 1690 χάριν
2236 1624 2319 1673 καὶ
2347 1622 2749 1688 παρακαλοῦμεν,
2781 1622 2864 1670 καὶ
2893 1621 3263 1680 ἀντιϐολοῦμεν,
3301 1615 3385 1667 καὶ
3421 1614 3654 1675 δεόμεθα,

2065 1713 2149 1764 καὶ
2186 1714 2471 1772 ίκετέυομέν
2511 1729 2602 1761 οου
2633 1713 2718 1769 τὴν
2750 1711 3051 1773 ἁγιωσύνην,
3081 1703 3364 1770 ἐπαμμῦναι
3402 1702 3512 1759 ταῖς
3566 1708 3654 1753 τοῦ

2067 1803 2194 1851 Θεοῦ
2219 1801 2498 1860 ἐκκλησίαις
2517 1802 2906 1866 χειμαζομέναις.

2132 1986 2286 2037 Λύσιν
2320 1989 2414 2053 γὰρ
2445 1986 2641 2037 ἔσεσθαι
2678 1990 2766 2036 τοῦ
2819 1985 3069 2040 κλύδωνος
3106 1980 3539 2045 προσδοκήσαντες
3579 1977 3658 2028 διὰ

2068 2078 2321 2139 τῶ-νπαρὰ
2350 2079 2436 2134 τῆς
2463 2078 2707 2139 ὑμετέρας
2743 2075 3022 2137 ἁγιωσύνης
3046 2072 3112 2126 εἰς
3144 2074 3233 2129 τὴν
3276 2072 3496 2133 ’Ἔφεσον
3538 2069 3658 2116 ἀπο-

2068 2167 2367 2227 σταλέντων,
2411 2166 2732 2230 χαλεπωτέρᾳ
2765 2163 3205 2227 περιπεπτώκαμεν
3256 2161 3393 2231 ζάλῃ.
3447 2159 3508 2206 ‘0
3558 2158 3652 2219 γὰρ

2068 2258 2153 2315 τῆς
2206 2255 2551 2317 Ἀλεξανδρείας
2588 2252 2899 2306 δικαιότατος
2930 2251 3169 2316 πρόεδρος
3214 2250 3305 2299 οὐκ
3337 2248 3556 2311 ἠρκέσθη
3595 2251 3653 2307 τῇ

2068 2344 2237 2409 ἀνόμῳ
2274 2346 2427 2406 ταύτῃ
2475 2360 2558 2393 κε..
2599 2340 2880 2404 ἀδικωτάτη
2918 2340 3200 2401 καθαιρέσει
3237 2334 3327 2385 τοῦ
3368 2335 3652 2396 ἁγισοτάτου

2068 2433 2150 2482 καὶ
2184 2433 2558 2494 θεοφιλεστάτου
2597 2430 2694 2477 τῶν
2737 2424 3328 2477 κωνσταντινουπολιτῶν
3376 2421 3653 2471 ἐπισκόπου

2069 2523 2157 2573 τοῦ
2194 2525 2375 2585 Κυρίου
2413 2518 2709 2578 Φλαυιανοῦ,
2743 2518 2856 2568 οὐδὲ
2893 2519 3153 2574 ἐνέπλησεν
3192 2512 3347 2579 αὐτοῦ
3391 2514 3473 2563 τὸν
3502 2514 3659 2575 θυμὸν

2069 2615 2165 2662 τῶν
2206 2613 2355 2663 ἄλλων
2395 2611 2674 2661 ἐπισκόπων
2710 2612 2741 2668 ἡ
2780 2607 3099 2673 παραπλησία
3135 2605 3321 2667 σφαγή.
3358 2605 3488 2655 Ἀλλὰ
3532 2604 3659 2665 κάμε

2070 2708 2152 2754 τὸν
2195 2704 2383 2752 ἀπόντα
2420 2702 2604 2761 ὁμοίως
2654 2700 2861 2763 καλάμῳ
2907 2695 3238 2759 κατέσφαξεν,
3286 2694 3403 2743 οὔτε
3451 2694 3660 2749 καλέσας

2072 2790 2139 2838 ei:
2170 2792 2444 2853 κριτήριον,
2479 2788 2594 2836 ούτε
2629 2787 2850 2849 παρόντα
2898 2784 3078 2849 κρίνας,
3118 2782 3212 2830 οὐκ
3249 2780 3506 2841 ἐρωτήσας
3551 2782 3661 2827 τίνα

2072 2881 2235 2943 φρονῶ
2260 2878 2367 2943 περὶ
2394 2879 2478 2936 τῆς
2512 2881 2600 2925 τοῦ
2637 2877 2766 2925 Θεοῦ
2803 2872 2886 2921 καὶ
2923 2872 3156 2935 σωτῆρος
3177 2869 3319 2933 ἡμῶν
3353 2866 3662 2932 ἰνανθρωπή·

2071 2983 2212 3023 σεως.
2246 2968 2342 3015 Καὶ
2375 2966 2491 3017 τοὺς
2529 2965 2615 3026 μὲν
2643 2961 2992 3026 ἀνδρορόνους,
3033 2960 3116 3008 καὶ
3163 2956 3545 3022 τυμϐωρύχους.
3579 2954 3662 3003 καὶ

2072 3057 2187 3110 τοὺς
2222 3058 2307 3111 τὰς
2345 3054 2600 3119 ἀλλοτρίας
2640 3052 2953 3111 συλήσαντας
2989 3049 3145 3103 εὐνὰς.
3191 3048 3250 3098 ού
3296 3047 3537 3113 πρότερον
3575 3061 3663 3093 κα-

2072 3145 2372 3207 τακρίνοισιν
2397 3145 2443 3192 οί
2476 3142 2771 3199 δικάζοντες,
2802 3142 2896 3195 ἕως
2932 3136 2991 3189 ἂν
3017 3134 3050 3198 ἢ
3074 3136 3216 3186 αυτοὶ
3254 3138 3342 3191 τὰς
3367 3133 3664 3200 κατηγορίας

2071 3234 2179 3288 ταῖς
2205 3234 2485 3296 ὁμολογίαις
2520 3231 2837 3294 κυρώσωσιν,
2865 3225 2899 3288 ἢ
2929 3226 3043 3293 παρ’
3069 3229 3248 3290 ἑτέρων
3285 3226 3502 3288 ἐναργῶς
3527 3223 3663 3283 ἐλεγ-

2070 3322 2268 3385 χθῶσιν.
2338 3320 2501 3382 Ἣμᾶς
2544 3318 2647 3367 δὲό
2694 3326 2796 3373 τοῖς
2859 3315 3004 3370 θείοις
3053 3314 3222 3375 νόμοις
3277 3311 3664 3374 ἐντεθραμμένος

2070 3412 2211 3459 πέντε
2260 3409 2343 3459 καὶ
2393 3408 2660 3473 τριάκοντα
2707 3405 2944 3467 σταθμοῖς
2989 3401 3333 3466 ἀφεστηκότας
3375 3400 3660 3462 κατέκρινεν

2073 3501 2138 3553 ὡς
2156 3500 2379 3557 ἠθέλησε.
2407 3497 2504 3546 Καὶ
2533 3494 2683 3544 τοῦτο
2716 3495 2775 3543 οὐ
2800 3497 2884 3543 νῦν
2926 3491 3077 3554 μόνον
3104 3489 3392 3544 πεποίηκεν,
3423 3487 3540 3535 ἀλλὰ
3580 3486 3661 3535 καὶ

2071 3587 2243 3651 πέρυσι
2291 3587 2415 3649 μετὰ
2454 3586 2542 3633 δύο
2585 3582 2765 3645 ἄνδρας
2815 3581 2914 3630 τῶν
2960 3581 3046 3637 τήν
3115 3577 3443 3641 Ἆπολιναρίου
3502 3574 3655 3623 νόσον

2073 3664 2237 3730 947
2280 3673 2632 3734 εἰσδοξαμένων
2671 3671 2829 3720 ἐκεῖσε
2876 3667 3170 3734 δραμόντας,
3207 3665 3291 3713 καὶ
3333 3663 3661 3727 συκοφαντίας

2073 3763 2179 3813 καθ’
2210 3763 2353 3825 ἡμῶν
2392 3763 2691 3822 ὑρήναντας,
2729 3759 2946 3811 ἀναστὰς
2973 3756 3050 3803 ἐπ’
3081 3752 3342 3808 ἐκκλησίας
3381 3754 3512 3815 ἡμᾶς
3548 3749 3660 3800 άνε-

2072 3856 2320 3920 θεμάτισε.
2361 3856 2459 3904 Καὶ
2495 3852 2654 3903 ταῦτα
2702 3854 2825 3914 ἐμοῦ
2862 3850 3149 3915 γράψαντος
3183 3846 3307 3912 πρὸς
3355 3845 3527 3903 αὑτὸν,
3576 3842 3660 3893 καὶ

2071 3946 2104 3995 ἃ
2130 3946 2297 4009 φρονῶ
2320 3946 2399 3993 διὰ
2423 3943 2726 4009 γραμμάτων
2750 3940 3083 3999 δηλώσαντος.

2152 4040 2282 4102 Ἐγὼ
2305 4039 2359 4087 δὲ
2391 4038 2634 4102 ὀδύρομαι
2659 4037 2744 4098 μὲν
2780 4036 2867 4094 τῆς
2891 4034 3155 4090 ἐκκλησίας
3186 4032 3270 4081 τὸν
3304 4031 3550 4090 κλύδωνα,
3572 4030 3663 4088 τὴν

2070 4127 2123 4176 δὲ
2178 4129 2385 4191 ἡσυχίαν
2448 4127 2746 4185 ἀσπάζομαι.
2813 4125 2900 4179 οἵείξ
2945 4124 3039 4186 γὰρ
3091 4121 3176 4170 καὶ
3236 4118 3398 4169 εἴκοσι
3444 4118 3528 4177 ἔτη
3575 4118 3662 4176 τὴν

2072 4214 2454 4280 ἐγχειρισθεῖσάν
2497 4232 2577 4274 μοι
2613 4216 2744 4272 παρὰ
2782 4214 2879 4260 τῶν
2911 4213 3037 4260 ὅλων
3081 4209 3374 4266 Ἐκκλησίαν
3398 4208 3562 4262 ίθύνας
3582 4206 3664 4255 διὰ

2072 4308 2159 4362 τὰς
2188 4309 2427 4369 Omnian;
2469 4308 2631 4369 εὔχαξ.
2669 4307 2761 4352 οὔκ
2798 4305 2875 4352 ἐπὶ
2919 4302 3008 4352 τοῦ
3053 4302 3436 4365 μακαριωτάτου
3483 4297 3661 4346 Θεοδό-

2072 4410 2160 4444 του
2191 4395 2280 4445 τοῦ
2316 4397 2401 4453 τῆς
2440 4395 2679 4451 ἀνατολῆς
2707 4393 2971 4457 προέδρου,
3005 4391 3098 4439 οὐκ
3129 4388 3205 4436 ἐπὶ
3235 4387 3333 4435 τῶν
3375 4386 3497 4447 μετὰ
3535 4384 3661 4434 ἐκεῖ·

2072 4500 2157 4532 νον
2187 4484 2270 4531 τὸν
2303 4485 2400 4531 τῶν
2446 4482 2727 4545 Ἀντιοχέων
2748 4480 3103 4541 διαεεξηιμένων
3140 4476 3329 4540 Θρόνον,
3364 4475 3451 4532 τήν
3490 4478 3663 4539 τυχοῦ-

2073 4588 2164 4620 σαν
2238 4573 2420 4634 μέμψιν
2485 4572 2739 4631 ὑπέμεινα.
2818 4569 2935 4615 ἀλλὰ
2990 4566 3077 4623 τῆς
3129 4565 3257 4617 θείας
3321 4580 3404 4624 μοι
3464 4562 3666 4627 χάριτος

2072 4661 2440 4727 συνεργησάτης
2484 4662 2675 4712 πλείους
2730 4657 2815 4719 μὲν
2864 4653 2896 4715 ἡ
2943 4656 3095 4719 χιλίας
3148 4653 3313 4717 ψυχὰς
3350 4652 3667 4718 ἠλευθέρωσα

2074 4750 2162 4811 τῆς
2195 4750 2491 4814 Μαρκίωνος
2528 4747 2697 4803 νόσου,
2736 4745 2930 4799 πολλοῖς
2969 4743 3021 4792 δὲ
3055 4740 3216 4797 ἄλλοις
3240 4727 3321 4790 tu:
3337 4742 3425 4801 τῆς
3482 4742 3664 4806 Ἆρείου

2074 4837 2157 4887 καὶ
2202 4838 2450 4896 Εὑνομίου
2495 4835 2776 4898 συμμορίας
2824 4835 3143 4897 προσήγαγον
3183 4831 3253 4893 τῷ
3294 4831 3507 4892 δεσπότῃ
3548 4833 3668 4895 Χρι·

2232 4929 2330 4978 Καὶ
2366 4928 2415 4976 ἐν
2456 4927 2776 4980 ὁκτακοσάις
2817 4924 3096 4983 ἐκκλησίαις
3142 4925 3314 4989 ἔλαχον
3361 4922 3662 4984 ποιμαίνειν⁶

2076 5017 2321 5070 τοσαύτας
2357 5019 2449 5084 γὰρ
2487 5018 2514 5065 ὁ
2548 5016 2745 5082 Κύῤῥος
2781 5015 3042 5081 παροικίας
3076 5013 3198 5081 ἔχει,
3255 5013 3305 5062 ἐν
3346 5004 3421 5066 αἷς
3467 5010 3573 5060 οὐδὲ
3611 5011 3661 5059 ἓν

2071 5268 2337 5326 {icatione
2366 5267 2771 5341 intelligendas
2803 5268 3000 5341 essent
3054 5262 3254 5316 litterae
3280 5328 3292 5341 .
3313 5258 3383 5341 ad
3424 5257 3710 5341 expodum

2070 5342 2463 5415 Ephesinam,
2480 5341 2533 5395 id
2555 5329 2659 5395 “est
2683 5337 2854 5410 epist.
2877 5338 2964 5401 33,
2998 5329 3431 5415 quamﬂuid'cp‘il
3449 5329 3713 5410 Theodo-

2072 5400 2247 5469 ritum
2274 5400 2567 5484 accepisse
2610 5400 2737 5485 una
2786 5425 2917 5485 cum
2966 5400 3153 5485 epist.‘
3180 5403 3247 5485 2A8
3270 5401 3338 5485 ad
3375 5400 3714 5485 lilaviannm

2070 5487 2326 5541 diximus
2356 5471 2426 5539 (δέ
2455 5484 2718 5557 ejusdem
2752 5481 2935 5557 epist.‘
3087 5474 3157 5528 ad
3189 5471 3549 5557 Anatolium:

2143 5560 2217 5627 (b)
2248 5557 2412 5629 Apud
2429 5545 3071 5629 Quosnellnniitrzigz'nta
3092 5545 3710 5605 mansionibusNoccm

2075 5620 2314 5701 quinrqué
2340 5645 2409 5684 ex
2440 5620 2632 5682 Graeco
2665 5620 3083 5697 supple-vimus.
3128 5633 3133 5637 ·
