4096 6172
402 269 518 339 923

1530 264 1598 333 S.
1640 265 1923 335 LEONIS
1966 263 2223 333 MAGNI
2263 265 2688 335 EPISTOLE.

3652 272 3751 339 924

405 401 952 481 segniter;cum,(a)
970 400 1361 461 residentibus
1380 400 1569 472 vobis,
1588 403 1804 477 quibus
1824 418 2058 460 exsecu-
2084 406 2136 471 Α
2175 402 2385 460 debeat
2404 405 2745 462 aestimetur.
2778 403 2976 479 Neque
3032 399 3199 480 prius
3237 401 3297 465 in
3323 400 3585 479 Ecclesia,
3611 409 3756 469 culte

402 498 623 554 tionem
654 499 863 552 nostrae
887 492 1295 566 dispositionis
1324 492 1712 566 injunximus,
1733 509 1803 549 ea
1822 491 2050 565 possint

403 587 495 660 agi
529 588 738 642 cuncta
766 581 1180 652 moderatione,
1196 586 1261 638 ut
1289 600 1395 638 nec
1424 582 1834 639 benevolentia:
1856 585 2050 655 partes

402 692 508 731 nec
528 673 773 746 justitiaa
789 672 1182 745 negligantur,
1197 672 1298 728 sed
1322 672 1545 744 absque
1558 688 1940 743 personarum
1963 687 2051 725 ac-

402 763 728 835 ceptations
749 761 1014 817 divinum
1034 761 1094 816 in
1118 761 1396 817 omnibus
1421 762 1617 818 1051
1635 760 1926 833 judicium
1948 776 2050 816 co-

401 852 639 925 gitetur.
657 852 732 924 (b)
748 850 909 915 Quod
925 853 1157 904 utrecta
1168 848 1535 905 observnatia
1546 847 2049 916 valeatcustodiri,

401 939 701 997 catholica:
723 939 998 1011 primitus
1028 938 1161 993 ﬁdei
1191 942 1455 994 servetur
1484 938 1891 1011 integritas;et
1910 936 2052 1009 quia

402 1045 506 1102 per
535 1029 737 1084 omnia
765 1036 998 1099 angusta
1028 1031 1078 1084 ei
1108 1027 1284 1082 ardua
1303 1029 1394 1082 via
1423 1031 1516 1095 est,
1550 1042 1674 1100 quae
1702 1026 1851 1082 ducit
1873 1026 1942 1082 ad
1967 1028 2023 1081 vi
2034 1056 2050 1069 -

400 1123 515 1175 tam
544 1116 749 1189 (Matth.
774 1133 869 1183 vn,
893 1116 1015 1184 14);
1048 1131 1237 1188 neque
1269 1115 1328 1170 in
1359 1115 1662 1172 sinistram
1687 1131 1877 1188 neque
1893 1116 1963 1187 (ο)
1978 1114 2049 1169 ad

401 1209 699 1263 dexteram
729 1206 802 1261 ab
833 1205 961 1276 ejus
986 1205 1221 1260 tramite
1253 1204 1533 1260 dcvietur.
1554 1206 1624 1261 Et
1651 1205 1789 1277 quia
1811 1220 2052 1278 evange-

398 1293 513 1351 lica
538 1298 595 1350 et
621 1293 947 1366 apostolica
974 1294 1120 1349 ﬁdes
1151 1309 1355 1349 omnes
1394 1298 1689 1366 expugnat
1726 1309 1973 1364 errores,
1996 1297 2053 1348 et

401 1385 473 1439 ab
504 1400 619 1439 uno
652 1382 829 1438 latere
857 1382 1193 1438 Nestorium
1226 1381 1441 1453 dejicit,
1477 1383 1549 1437 ab
1593 1381 1705 1438 alio
1754 1383 2050 1456 Eutychen

399 1476 457 1528 et
488 1471 800 1545 participes
826 1472 953 1542 ejus
983 1470 1168 1539 elidit,
1201 1469 1355 1526 hanc
1376 1470 1638 1543 regulam
1694 1475 2050 1527 mementote

400 1562 767 1628 servandam,
799 1564 866 1616 ut
896 1560 1254 1633 quicumque
1282 1560 1342 1615 in
1375 1559 1478 1615 illa
1498 1561 1739 1632 synodo,
1774 1578 1903 1633 quas
1943 1578 2050 1616 no-

399 1667 532 1706 men
556 1650 761 1724 synodi
785 1666 890 1706 nec
912 1649 1217 1722 habere(d)
1234 1650 1445 1721 poterit
1473 1666 1577 1705 nec
1608 1655 1885 1717 meretur,
1904 1653 1961 1704 et
1991 1649 2050 1704 in

399 1757 516 1812 qua
547 1738 1014 1795 malevolentiam
1038 1756 1207 1794 suam
1231 1737 1559 1806 Dioscorus,
1594 1739 1664 1810 (e)
1697 1737 2047 1810 imperitiam

399 1832 596 1884 autem
626 1826 926 1883 Juvenalis
956 1826 1231 1891 ostendit,
1265 1825 1568 1896 dolent,ut
1588 1826 1915 1883 dilectionis
1935 1830 2046 1882 tua:

399 1915 681 1972 relatione
712 1915 1130 1986 comperimus,
1152 1931 1218 1971 se
1240 1919 1396 1970 metu
1428 1915 1610 1971 victos
1633 1920 1689 1971 et
1718 1920 1934 1971 terrore
1956 1933 2050 1971 su-

399 2009 630 2076 peratos
663 2004 734 2058 ad
766 2018 1119 2059 consensum
1142 2001 1764 2073 scelestissimijudicii
1788 2003 2050 2075 potuisse

400 2091 766 2165 compelli,et
794 2092 1269 2148 communionem
1300 2091 1646 2148 catholicam
1675 2092 1937 2149 obtinere
1957 2093 2051 2149 de-

401 2181 679 2250 siderant,
695 2180 1081 2237 satisfactioni
1095 2198 1295 2236 eorum
1314 2198 1425 2252 pax
1447 2181 1703 2237 fraterna
1722 2185 2047 2254 praestetur;

399 2270 482 2326 ita
510 2273 576 2325 ut
600 2285 716 2325 non
747 2269 946 2325 dubiis
975 2269 1439 2342 professionibus
1462 2269 1759 2342 Eutychen
1785 2287 1920 2326 cum
1942 2287 2049 2326 suo

398 2359 690 2430 dogmate,
727 2374 980 2431 cumque
1008 2359 1376 2415 consortibus
1398 2358 1522 2415 suis
1543 2359 1935 2416 anathematis
1951 2376 2049 2415 ex—

399 2447 723 2504 secratione
751 2447 1158 2503 condemnant.

471 2537 604 2593 CAP.
640 2536 711 2591 ΙΙ.
731 2536 892 2592 —De
914 2535 1007 2592 his
1038 2541 1234 2592 autem
1263 2536 1361 2609 qui
1392 2528 1452 2592 in
1485 2536 1594 2592 hac
1615 2552 1796 2593 causa
1815 2536 2051 2609 gravius

399 2641 725 2699 peccavere,
742 2628 799 2681 et
819 2626 891 2681 ob
903 2625 1014 2681 hoc
1039 2626 1400 2698 superiorem
1423 2625 1534 2681 sibi
1557 2624 1749 2681 locum
1772 2625 1831 2680 in
1848 2625 2051 2681 eadem

400 2713 616 2771 infelici
629 2715 847 2787 synodo
861 2714 1318 2786 vindicarunt,ut
1329 2715 1394 2787 (f)
1407 2712 1594 2770 humi]
1604 2714 1790 2770 iorum
1806 2714 2051 2770 fratrum

404 2801 841 2876 simplicitatem
874 2803 1217 2877 arrogantiae
1240 2820 1363 2860 sum
1391 2803 1747 2876 praeiudiciis
1778 2818 2053 2875 aggrava-

400 2895 554 2961 rent,
570 2892 620 2947 si
638 2892 786 2949 forte
807 2892 1180 2966 resipiscunt,
1194 2893 1273 2965 (g)
1292 2898 1350 2949 et
1369 2909 1403 2948 a
1431 2890 1567 2948 facti
1594 2890 1687 2948 sui
1715 2890 2053 2948 defensione

402 2982 792 3049 cessantes,in
823 2980 1370 3038 condemnationem
1402 2979 1620 3053 proprii
1638 2983 2055 3037 convertuntur

400 3070 653 3136 erroris;
686 3069 899 3127 horum
932 3070 981 3126 si
1014 3069 1332 3127 satisfactio
1362 3068 1750 3126 talisaccedit
1779 3085 1905 3140 quis
1936 3085 2052 3124 non

2159 490 2444 550 Dominus
2471 492 2655 550 voluit
2682 495 3013 567 praesidere,
3030 496 3378 569 cujusquam
3396 496 3609 569 talium,
3629 498 3758 572 ut(h)

2160 585 2295 637 ante
2331 582 2458 654 jam
2500 583 2868 656 scripsimus,
2903 601 3114 641 nomen
3161 585 3237 641 ad
3283 583 3460 641 altare
3502 586 3761 655 recitetur,

2160 687 2338 742 quam
2372 671 2514 744 quid
2542 672 2615 728 de
2643 673 2729 729 eis
2758 673 3035 730 constitui
3066 674 3273 731 debeat
3290 691 3479 730 rerum
3498 692 3764 748 processus

2161 761 2451 816 ostendat.

2232 847 2366 904 CAP.
2402 850 2495 905 ΙΙΙ.
2534 854 2609 907 De
2652 851 3098 909 commonitorio
3157 869 3310 920 vero,
3361 870 3397 909 a
3446 851 3653 910 clericis
3694 855 3769 911 di-

2162 934 2427 995 lectionis
2477 943 2591 996 tuae
2641 940 2811 997 nobis
2841 940 3056 1012 oblato,
3088 940 3483 998 necessarium
3526 959 3631 997 non
3679 943 3772 999 fuit

2159 1026 2422 1099 epistolis
2452 1028 2591 1100 quid
2617 1027 2909 1085 videretur
2928 1029 3181 1086 inserere
3197 1047 3332 1086 cum
3354 1029 3772 1104 sufﬁceretlega-

2161 1115 2237 1171 tis
2271 1120 2485 1173 cuncta
2514 1117 2825 1187 committi,
2868 1134 3117 1191 quorum
3150 1135 3419 1175 sermone
3437 1134 3504 1174 ex
3530 1119 3769 1176 omnibus

2166 1203 2509 1277 diligentius
2540 1204 2870 1263 instrueris.
2891 1207 3168 1263 Annitere
3197 1208 3417 1280 itaque,
3451 1208 3618 1263 frater
3657 1207 3768 1263 cha-

2160 1293 2417 1359 rissime,
2436 1298 2502 1349 ut
2526 1310 2655 1365 quas
2687 1294 2955 1351 Ecclesiae
2977 1295 3079 1353 Dei
3108 1300 3460 1370 congruunt,
3480 1295 3703 1352 ﬁdeliter
3725 1301 3773 1353 et

2159 1381 2471 1438 efﬁcaciter
2499 1383 2706 1440 ιθιη
2738 1400 2871 1439 cum
2904 1383 2997 1440 his
3028 1385 3326 1453 fratribus,
3352 1387 3417 1457 (i)
3442 1401 3583 1457 quos
3626 1388 3773 1440 tanta

2160 1470 2241 1526 rei
2271 1470 2511 1527 idoneos
2536 1475 2803 1528 auctores
2831 1471 3136 1546 elegimus,
3167 1474 3506 1545 exsequeris
3530 1492 3543 1544 ;
3565 1490 3773 1546 praeser-

2160 1558 2266 1614 tim
2297 1575 2432 1615 cum
2444 1560 2509 1633 (7')
2524 1560 2653 1632 ipsa
2666 1577 2767 1617 vos
2783 1568 2970 1618 Causae
2992 1562 3162 1633 ratio,
3180 1578 3436 1635 spesque
3456 1561 3628 1619 divini
3642 1562 3774 1619 auxi-

2160 1647 2224 1703 lii
2246 1649 2641 1718 cohortentur,
2656 1654 2713 1707 et
2725 1649 3321 1708 clementissimorum
3344 1652 3774 1725 principumtam

2162 1743 2366 1794 sancta
2391 1738 2471 1794 sit
2501 1738 2667 1807 ﬁdes,
2686 1743 2807 1794 tam
2839 1739 3112 1813 religiosa
3139 1740 3390 1807 devotio,
3407 1746 3472 1796 ut
3498 1741 3557 1796 in
3577 1742 3654 1797 eis
3680 1758 3774 1797 non

2159 1826 2353 1882 solum
2381 1826 2800 1895 Christianum,
2834 1829 2937 1884 sed
2970 1827 3148 1885 etiam
3178 1829 3599 1886 sacerdotalem
3633 1845 3775 1902 expe-

2159 1914 2469 1987 riamur(k)
2486 1915 2783 1972 affectum.
2803 1915 2911 1980 Qui
2942 1916 3146 1989 utique
3167 1934 3272 1990 pro
3294 1934 3366 1974 ea
3382 1918 3592 1990 pietate
3613 1933 3779 1990 quase

2156 2020 2285 2059 esse
2326 2003 2427 2059 Dei
2477 2004 2730 2061 famulos
2778 2003 3124 2077 gloriantur,
3157 2023 3365 2062 omnes
3412 2007 3778 2080 suggestiones

2156 2096 2382 2149 vestras
2413 2092 2547 2149 ﬁdei
2580 2092 2880 2149 catholicae
2910 2095 3269 2167 profuturas,
3302 2094 3611 2169 dignanter
3652 2094 3778 2150 acci-

2159 2181 2340 2253 pient,
2358 2185 2422 2237 ut
2449 2181 2710 2253 ipsorum
2743 2198 2974 2255 quoque
2996 2183 3059 2256 (l)
3079 2199 3253 2256 opere
3271 2188 3334 2240 et
3362 2202 3475 2257 pax
3490 2183 3781 2241 Christiana

2158 2270 2437 2341 reparari,
2469 2274 2526 2325 et
2556 2286 2718 2326 error
2772 2269 2994 2343 impius
3046 2272 3234 2344 possit
3280 2272 3523 2330 aboleri.
3553 2274 3628 2328 Ac
3654 2273 3698 2328 si
3722 2272 3781 2327 de

2158 2357 2461 2430 aliquibus
2491 2357 2747 2431 amplius
2776 2359 2953 2416 fuerit
2980 2356 3780 2428 deliberandum,celeriterad

2159 2463 2266 2504 nos
2287 2446 2490 2504 relatio
2510 2447 2796 2521 dirigatur
2818 2464 2832 2504 :
2866 2451 2931 2503 ut
2948 2453 3241 2521 pertracta
3257 2450 3543 2522 qualitate
3562 2453 3651 2520 (γη)
3668 2466 3779 2506 cau-

2159 2553 2381 2603 sarum,
2414 2539 2639 2605 nostra,
2674 2537 2817 2609 quid
2866 2537 3162 2594 observari
3220 2538 3457 2607 debeat,
3488 2538 3781 2596 sollicitudo

2160 2624 2496 2683 constituat.
2530 2630 2675 2682 Data
2687 2626 2812 2699 (n)v
2832 2625 2966 2684 idus
2992 2625 3176 2696 Junii,
3205 2628 3435 2686 Adelﬁo
3464 2628 3584 2686 viro
3610 2626 3781 2685 claris-

2160 2714 2316 2771 simo
2345 2713 2605 2771 consule.

2594 2820 2938 2878 EPISTULA
2977 2822 3051 2896 (ο)
3088 2821 3375 2880 LXXXVI.

2373 2909 2451 2981 (p)
2491 2926 2564 2965 an
2601 2926 2899 2968 JULIANUM
2936 2928 3197 2969 sonusiam
3235 2929 3586 2971 EPISGOPUM.

2161 2999 2456 3055 SYNOPSIS.
2493 3029 2560 3040 —
2583 3000 2692 3055 Pro
2718 3002 2998 3056 communi
3023 3003 3271 3058 amicitia
3298 3007 3360 3058 et
3387 3003 3628 3059 Ecclesiae
3661 3001 3774 3057 bono

2231 3069 2658 3125 sollicitudinem
2672 3075 2707 3127 Ι
2715 3071 2899 3128 uliani
2918 3072 3225 3141 legatorum
3247 3089 3480 3130 suorum
3497 3088 3639 3131 cura
3662 3072 3784 3143 ἐιηρὶ

2237 3142 2477 3199 postulat
2502 3141 2573 3197 ad
2600 3143 2864 3199 reliquias
2894 3143 3282 3199 haereticorum
3300 3091 3725 3199 exstinauemlas.

401 3159 710 3215 refutanda
727 3159 1011 3227 videatur,
1046 3158 1471 3215 maturiorihus
1521 3157 1852 3230 apostolicae
1895 3157 2054 3213 sedis

2236 3142 2477 3213 postulat
2502 3141 2573 3197 ad
2600 3143 2864 3214 reliquias
2894 3143 3282 3200 haereticorum
3300 3148 3621 3217 exstinguen

404 3247 666 3305 consiliis
696 3252 1045 3317 reservetur,
1078 3253 1145 3304 ut
1182 3248 1530 3304 examinatis
1560 3247 1839 3304 omnibus
1890 3250 2064 3318 atque

401 3336 809 3410 perpensis,de
830 3337 974 3410 ipsis
1005 3353 1207 3393 eorum
1240 3336 1572 3393 actionibus
1605 3335 1746 3408 quid
1777 3329 2058 3392 constitui

473 3462 649 3535 (alita
660 3478 793 3535 cum
812 3461 1205 3535 anterioribus
1217 3461 1472 3535 vulgatis
1488 3461 1672 3535 codex
1684 3460 2062 3535 Batisp._utri-

402 3531 707 3606 qu’e'Hisp.
740 3533 870 3606 Vat.
902 3534 1042 3589 Isid.
1067 3531 1796 3606 Ratramﬁusrsmhardus
1839 3531 2058 3606 aliique

402 3602 587 3660 nostri
608 3602 830 3661 veteres
859 3604 1017 3675 libri,
1049 3605 1305 3677 exceptis
1337 3602 1821 3677 duobuscollect.
1837 3605 1928 3671 21,
1952 3602 2054 3677 qui

263 3687 287 3719 -'
402 3677 684 3732 omittunt
706 3676 873 3732 vobis.
907 3674 1273 3742 Quesnellus,
1308 3676 1668 3732 residentibus
1699 3674 1806 3740 his,
1839 3690 1908 3729 ex
1929 3674 2057 3730 cod.

216 3752 223 3759 '
404 3746 757 3803 Grimanico.
794 3748 1014 3819 Laudat
1042 3748 1220 3803 etiam
1251 3744 2061 3819 TrecopithaacduosThua-

403 3835 545 3899 neos
568 3836 684 3899 ;_ex
726 3817 943 3899 quibus
972 3819 1088 3899 duo
1115 3821 1259 3899 sunt
1282 3815 1641 3899 collectionis
1662 3818 1715 3899 5ἶ
1742 3817 1813 3897 At
1842 3815 1916 3897 in.
1943 3815 2060 3899 _hac

404 3887 896 3960 collectione—hec
926 3887 1172 3960 epistola
1193 3904 1311 3960 non
1326 3887 1622 3960 invenitur
1638 3904 1651 3954 ;
1666 3891 1724 3941 et
1743 3887 1791 3941 si
1818 3887 2059 3957 quidem

409 3964 599 4015 exstat
623 3959 683 4014 in
715 3958 809 4013 his
839 3956 1070 4014 duobus
1101 3958 1421 4025 codicibus,
1444 3956 1909 4028 additamentum
1933 3974 2062 4028 pro-

1802 4027 2011 4084 ertin'et
2044 4044 2057 4083 :

1800 4096 2059 4153 uesnello

409 4031 557 4086 fecto
588 4035 677 4085 est
705 4029 860 4086 auod
893 4030 964 4084 ad
991 4030 1142 4084 hanc
1164 4028 1569 4085 collectionem
1599 4045 1713 4084 non

406 4101 564 4156 unde
592 4101 652 4155 in
681 4099 945 4172 Thuanei
965 4099 1152 4172 ipsius
1188 4099 1382 4172 tabula
1413 4100 1483 4155 ab
1516 4100 1720 4172 eodem

407 4172 586 4238 edita,
610 4187 736 4243 quae
758 4170 956 4225 omnia
970 4170 1099 4243 ejus
1121 4170 1480 4243 collectionis
1500 4171 1850 4243 documenta
1872 4185 2062 4243 recen-

411 4246 520 4309 set,
545 4239 1203 4314 nequaquamapparet.
1222 4242 1396 4298 Notat
1413 4259 1584 4314 porro
1606 4241 1761 4297 idem
1786 4239 2063 4314 Quesnel-

407 4314 501 4369 lus
534 4315 594 4369 in
628 4310 937 4386 marginali
957 4310 1213 4386 postilla,
1231 4310 1572 4386 improbans
1593 4317 1854 4386 nostram
1868 4310 2063 4386 lectio-

407 4401 563 4452 nem,
614 4382 974 4442 residentibus
1026 4386 1193 4451 vobis,
1243 4382 1336 4440 his
1391 4384 1630 4441 verbis:
1665 4383 1892 4447 «Quasi
1952 4382 2061 4438 Leo

406 4456 816 4528 dispositionis
847 4474 966 4512 suae
994 4456 1394 4528 executionem
1427 4455 1699 4528 episcopo
1730 4454 2060 4528 Constanti-

407 4511 1129 4609 nopolitanojnjunxisset
1151 4511 1479 4609 Romanus:
1506 4550 1534 4608 η
1566 4511 1677 4609 ξ.έά
1724 4525 2061 4609 Anatolium
2092 4511 2138 4575 D

406 4597 516 4654 hac
530 4599 587 4653 in
602 4615 666 4671 re
679 4597 1009 4671 delegatum
1020 4616 1139 4664 ,seu
1155 4598 1362 4670 legatis
1376 4597 1707 4671 specialiter
1716 4598 2062 4671 adjunctum

411 4670 729 4743 ostendunt
748 4667 923 4725 verba
943 4671 1116 4743 paulo
1137 4667 1274 4727 ante
1294 4667 1599 4743 praemissa
1623 4670 1823 4741 quibus
1852 4677 1947 4743 tua
1974 4667 2057 4743 di-

408 4741 567 4796 lectio
596 4743 861 4813 societur;
892 4737 1035 4813 et'in
1067 4758 1158 4813 ep.
1191 4743 1279 4797 83.
1294 4737 1366 4798 ὀ.
1396 4745 1432 4797 2
1465 4759 1478 4797 :
1515 4737 1828 4813 Injunctum
1866 4737 2059 4813 estab

406 4812 705 4882 apostolica
733 4811 856 4867 sede
884 4809 1124 4876 directis}
1152 4822 1212 4868 ut
1243 4814 1305 4867 in
1332 4809 1671 4869 consortium
1706 4824 1827 4866 sua:
1854 4809 2058 4882 delibe-

406 4881 641 4955 rationis
671 4883 877 4938 adscito
920 4883 1554 4955 Constantimpolitanazp
1591 4882 1743 4955 urbis
1794 4881 2057 4955 antistite.

410 4959 522 5034 etc.
562 4954 1003 5034 Exsecutionem
1053 4949 1608 5034 autemtpontiﬁcise
1658 4949 2059 5034 dispositionis

408 5024 597 5081 eidem
630 5025 957 5097 injunctam
979 5021 1621 5097 ostendunt—sequentia
1639 5021 1845 5095 capitis
1865 5021 2022 5078 tertii
2045 5038 2058 5077 :

407 5097 673 5170 Annitere
691 5095 703 5097 ἡ
724 5099 927 5170 itaque,
960 5107 1136 5152 ut.....
1169 5095 1402 5170 ﬁdeliter
1429 5099 1481 5151 et
1507 5097 1881 5170 efﬁcaciter...
1906 5108 2060 5170 arse-

408 5168 617 5240 quaris.
646 5164 828 5225 Paulo
883 5172 1015 5240 post
1061 5168 1214 5239 apud
1250 5164 1657 5240 Ratramnum,
1678 5170 1748 5240 “et
1779 5166 1836 5220 in
1870 5164 2060 5219 tribus

408 5238 602 5311 eodd.,
632 5256 697 5295 ea
721 5238 931 5311 possint
962 5240 1058 5306 agi
1084 5238 1279 5293 cuncta
1307 5254 1431 5311 cum
1460 5238 1850 5311 moderatione.

478 5305 772 5379 (b)Quseut
785 5319 926 5367 recta
954 5305 1294 5367 observantia
1320 5310 1541 5365 valeant
1570 5307 1833 5364 custodiri
1858 5305 2061 5379 inita-

406 5375 493 5455 tis'
515 5375 571 5455 p,
585 5375 712 5455 cod.
730 5381 960 5455 legitur.
994 5382 1122 5437 Vat.
1158 5381 1320 5455 Hisp.
1344 5385 1401 5436 et
1421 5381 1558 5436 Isid.
1583 5397 1650 5435 ac
1671 5395 1816 5434 mss.
1836 5375 2059 5433 collect.

410 5450 496 5505 11.
533 5451 681 5517 Quod.
708 5450 831 5509 ut;
860 5454 1084 5509 valeant
1109 5450 1396 5508 custodire.

480 5521 549 5659 θ
564 5523 784 5604 Rutisp.
802 5541 933 5579 cum
949 5525 1178 5581 duobus
1191 5523 1321 5580 aliis
1333 5523 1524 5591 codd.,
1538 5521 1669 5604 vat.
1689 5522 1745 5576 in
1760 5519 2060 5602 dexteram.

542 5591 725 5659 )Editi
743 5599 875 5650 ante
896 5596 1109 5659 Quesn.
1134 5612 1267 5652 cum
1287 5593 1550 5659 exemplo
1565 5592 2060 5659 Sichardi,poluit,

542 5591 875 5661 )Editi'ante
896 5596 1109 5660 Quesn.
1134 5612 1267 5652 cum
1287 5593 1550 5667 exemplo
1565 5591 1846 5660 Sichardi,
1855 5592 2062 5663 potuit,

412 5660 656 5734 Ratisp.,
683 5668 943 5735 potuerit.

2621 3231 2733 3285 Lso
2771 3231 3016 3287 JULIANO
3054 3231 3355 3306 episcopo.

2238 3336 2424 3400 Quam
2455 3339 2687 3408 gratum
2720 3335 2864 3392 mihi
2897 3354 3130 3411 semper
3154 3343 3246 3395 est
3272 3338 3553 3411 epistolas
3580 3343 3683 3394 tua
3707 3334 3782 3392 di-

2240 3459 2651 3538 (e)Vindebon.
2671 3461 3286 3538 l_l_isp.,iu_ertia_m.Ve_t.
3304 3464 3473 3538 Hisp,
3488 3463 3782 3538 majstitiam.

2168 3532 2525 3587 Ratramnus
2536 3532 2802 3589 cumVat.
2814 3533 2949 3589 Isid.
2958 3537 3015 3590 et
3025 3533 3138 3591 alio
3150 3535 3377 3592 collect.
3392 3532 3479 3601 [1,
3495 3534 3787 3591 industriam

2238 3604 2306 3675 (Γ)
2337 3602 2468 3675 Vat.
2498 3603 2662 3675 Hisp.
2695 3609 2755 3660 et
2777 3605 2917 3660 Isid.
2953 3621 3089 3662 cum
3121 3606 3447 3664 Ratramno
3468 3600 3534 3664 et
3560 3622 3663 3662 ms.
3691 3600 3785 3659 col-

2167 3673 2301 3730 lect.
2333 3674 2396 3729 41
2425 3689 2491 3729 ac
2519 3673 2624 3741 21,—
2644 3675 2965 3732 humilium.

2240 3746 2318 3870 (οξ
2342 3744 2470 3800 Vat.
2507 3745 2671 3811 lsid.,
2703 3755 2755 3802 et
2792 3749 2929 3818 facti
2968 3748 3062 3803 sui
3115 3747 3491 3820 defensionem
3539 3751 3787 3804 cassantes.

2240 3832 2289 3870 tu
2319 3833 2351 3870 ο
2383 3819 2515 3870 post
2541 3816 2697 3870 apud
2730 3818 3140 3870 Ratramnum.
3168 3820 3409 3870 accedat.

2171 3816 2697 3900 Paulo_post'apud
2730 3816 3140 3900 Ratramnum,
3168 3816 3415 3900 accedat.
3488 3893 3499 3900 _
3690 3887 3701 3897 ,
3759 3882 3770 3894 ,

2244 3887 2684 4015 ξέ)ϐζῗὲίοῗέῑεξό
2715 3893 2773 3944 et
2797 3890 2959 3957 Isid.,
2980 3890 3052 3946 ad
3078 3892 3131 3945 te
3148 3891 3271 3963 jam
3297 3893 3628 3965 scripsimus,
3652 3887 3791 3943 nimi-

2171 3957 2586 4030 rumepistola
2612 3957 2702 4015 80.

2242 4024 2641 4102 (i)Léctionem
2655 4029 3026 4102 vulgatorum
3040 4035 3173 4087 ante
3184 4031 3563 4097 Quesnellum
3576 4024 3790 4086 restitui-

2172 4115 2307 4181 mus
2339 4101 2682 4181 auctoritate
2696 4101 2929 4181 ﬂatisp.
2957 4102 3615 4181 esempli‘Sichai-diani,
3636 4103 3783 4181 etco-

2171 4171 2371 4226 dicum
2430 4170 2652 4227 collect.
2687 4174 2754 4228 12
2780 4177 2839 4228 et
2861 4169 2951 4228 24.
2991 4169 3227 4230 Accedit
3281 4174 3606 4231 Vindebon.
3654 4169 3786 4237 Hisp-

2169 4241 2230 4296 in
2263 4258 2380 4318 quo
2411 4241 2614 4318 solum
2633 4260 2828 4318 errore
2858 4246 3577 4318 amanuensisfonstanter
3615 4244 3787 4318 εὴρζο

2169 4306 2302 4385 quos
2331 4317 2503 4396 tanta:
2532 4315 2615 4370 rei
2642 4314 2927 4396 scriptum
2958 4315 3089 4396 fuit.
3116 4316 3203 4396 In
3237 4315 3370 4396 Vat.
3403 4317 3564 4396 Hisp.
3596 4317 3647 4396 et
3672 4306 3785 4396 Isid.

2170 4384 2560 4461 emendatum
2573 4384 2814 4461 arbitrio
2827 4386 3011 4461 primi
3031 4386 3354 4461 scriptoris,
3372 4384 3669 4461 constanter
3679 4393 3788 4461 ᾳιιοε

2172 4402 2549 4456 emendatum
2573 4402 2814 4441 arbitrio
2827 4402 3011 4512 gum:
3031 4402 3354 4460 scriptoris,
3372 4402 3669 4444 constanter
3679 4402 3787 4461 quoa

2172 4454 2429 4534 idoneos:
2460 4456 2563 4534 sed
2585 4455 2643 4510 in
2672 4456 2802 4534 Vat.
2880 4456 2992 4529 isp.
3016 4457 3143 4512 voci
3172 4463 3483 4534 constanter
3508 4454 3789 4534 subjiciun-

2170 4530 2269 4581 tur
2297 4529 2534 4599 puncta,
2562 4544 2690 4599 quae
2718 4527 2870 4583 hanc
2927 4524 3127 4584 vocem
3184 4528 3495 4585 delendam
3542 4524 3785 4599 indicant.

2173 4596 2519 4662 Quesnellus
2574 4596 2710 4654 cum
2753 4615 2870 4655 uno
2928 4604 3129 4656 nostro
3168 4600 3296 4655 Vat.
3324 4601 3544 4657 collect.
3576 4598 3788 4665 21,qu03

2166 4672 2341 4725 tantae
2366 4684 2513 4724 curse
2544 4668 2780 4725 idoneos.

2239 4739 2311 4813 (ἢ
2336 4738 2574 4813 Batisp;
2578 4740 2708 4813 Vat.
2728 4740 2973 4813 Hisp.ac
2995 4741 3131 4798 Isid.
3153 4741 3381 4798 addunt
3399 4750 3470 4798 et.
3493 4736 3662 4795 Paulo
3679 4732 3788 4807 post

2165 4809 2491 4882 Vindebon.
2506 4809 2690 4882 :Hisp.
2703 4852 2716 4877 ,
2746 4809 3071 4868 cohortatur.

2262 4880 2316 4955 lt)
2340 4881 2470 4955 Vat.
2505 4880 2668 4955 Hisp.
2701 4887 2758 4955 et
2789 4882 3243 4955 Isid.,eﬁectum.

2265 4951 2305 5023 l)
2326 4951 2684 5027 Quesnellus
2716 4951 3090 5027 inmargine.
3125 4953 3308 5027 Alias.
3339 4970 3455 5026 ope.

2262 5015 2340 5094 in)
2370 5022 2499 5077 Vat.
2534 5023 2697 5097 Hisp.
2733 5023 2869 5080 Isid.
2904 5015 3128 5081 εἴσιδε.
3163 5015 3385 5082 collect:
3417 5026 3485 5080 12
3511 5038 3576 5079 ac
3601 5019 3683 5086 21,
3711 5015 3786 5070 h0-

2167 5110 2294 5148 rum
2320 5101 2525 5149 nostra.

2242 5164 2447 5237 (nlSic
2477 5165 2707 5237 Ratisp.
2726 5170 2783 5220 et
2813 5183 2958 5222 mss.
2991 5166 3217 5237 collect.
3252 5167 3318 5222 12
3347 5182 3413 5223 ac
3431 5166 3521 5231 24,
3560 5176 3681 5237 cum
3709 5154 3782 5237 S'i-

2169 5225 2404 5307 chardo.
2442 5225 2808 5307 Quesnéllus,
2839 5253 2916 5294 vn
2948 5231 3097 5295 idus.
3127 5236 3475 5303 Vindebon.,
3506 5225 3560 5290 vi
3586 5232 3713 5287 idus.
3731 5225 3783 5280 In

2168 5305 2299 5361 Vat.
2333 5306 2496 5367 Hisp.
2529 5311 2587 5362 et
2617 5306 2728 5363 alio
2759 5305 2982 5365 collect.
3018 5309 3076 5364 11
3116 5325 3356 5367 erronee
3383 5325 3439 5365 v1
3464 5307 3581 5364 idus
3596 5307 3781 5361 Janua-

2170 5378 2267 5450 rii.
2299 5377 2478 5450 Codd.
2510 5377 2731 5450 collect,
2756 5380 2846 5448 21,
2879 5380 3004 5436 idus
3029 5382 3209 5437 Junii.

2242 5448 2315 5519 (ο)
2345 5448 2431 5504 ΑῙο
2463 5450 2553 5504 66-
2586 5436 2730 5517 Quae,
2750 5436 2950 5507 autem
2999 5436 3171 5509 antea
3199 5436 3283 5510 ’86
3310 5452 3446 5517 erat,
3483 5459 3631 5503 nunc
3671 5436 3777 5495 H3.

2169 5519 2397 5592 Scripta
2414 5519 2459 5592 79
2484 5520 2646 5577 Junii
2668 5538 2762 5577 an.
2800 5523 2923 5579 451.

2240 5575 2321 5661 (Ρδ
2351 5575 2518 5648 Edita
2535 5575 2657 5648 fuit
2674 5575 3045 5659 adQue's—nello
3066 5612 3137 5652 ex
3155 5611 3268 5653 ms.
3291 5593 3466 5652 Grim.
3482 5586 3685 5647 collect.
3701 5575 3782 5647 181

2172 5662 2511 5736 Relegimus
2540 5679 2676 5723 cum
2707 5665 2931 5740 Ratisp.
2964 5666 3185 5727 collect.
3222 5668 3311 5725 19.
