4096 6172
442 292 581 367 ’971

1589 296 1651 360 S.
1701 295 1982 359 LEONIS
2027 293 2280 361 MAGNI
2332 293 2761 363 EPISTOLE.

3698 300 3795 367 911

473 426 791 502 Religionis
815 427 1037 485 inimici
1067 427 1461 503 praestiterunt
1480 430 1650 486 nobis
1686 434 1753 485 ut
1778 430 1962 486 Deum
1992 434 2116 486 stu-
2147 432 2201 498 Α
2233 445 2300 486 ea
2313 447 2439 502 quis
2453 434 2687 487 centum
2700 428 3799 507 quinquagintasanctissimiepiscopisub

465 516 1153 590 diosiusquaareremusﬂ
1170 520 1319 576 ua
1334 519 2120 575 manifestiusinveniremus.

463 605 652 676 Majus
675 606 890 663 etenim
910 607 1114 665 lumen
1134 608 1552 681 videtur,quod
1575 614 1709 681 post
1728 610 1999 664 tenebras
2020 608 2125 663 ful-

460 693 602 749 serit
625 712 638 763 ;
663 694 891 753 dulcior
912 702 1002 752 est
1025 696 1361 754 sitientibus
1384 702 1577 769 potus,
1601 697 1773 752 fessis
1792 697 2123 752 otium.Lze-

458 784 618 839 tetur
646 782 827 857 igitur
849 786 1240 842 sanctimonia
1262 790 1365 841 tua
1382 785 1629 842 victoria
1648 786 1981 857 ﬁdei,cujus
2003 784 2123 841 lau-

457 884 560 928 rea
587 872 980 945 omnipotenti
1011 874 1240 931 Christo
1272 875 1576 931 referenda
1604 874 1822 947 est,qui
1852 876 1922 930 de
1953 875 2121 946 perii-

459 959 552 1016 dis
563 960 683 1033 egit
701 962 1092 1035 triumphum.
1115 965 1307 1036 Atque
1322 963 1450 1019 ideo
1467 963 1580 1036 ipsi
1599 964 1884 1020 interesse
1903 967 2117 1019 sancta;

462 1049 685 1121 synodo
718 1050 1424 1124 festinavimus,quamvis
1457 1069 1565 1108 nos
1596 1053 1657 1108 in
1678 1052 1812 1108 aliis
1841 1052 1987 1109 locis
2016 1070 2118 1109 ex-

459 1137 788 1210 peditiones
818 1142 875 1195 et
904 1140 1284 1196 necessitates
1315 1140 1562 1212 publicis
1594 1142 1937 1197 detinerent.

532 1225 661 1283 CAP.
698 1228 771 1283 II.
803 1257 873 1270 —
899 1229 1101 1300 Itaque
1132 1229 1331 1285 omnia
1362 1246 1465 1302 pro
1485 1231 1634 1285 votis
1654 1234 1830 1303 atque
1856 1229 2117 1286 oratione

461 1313 761 1387 religionis
790 1320 926 1385 tuae,
959 1332 1086 1388 quas
1136 1316 1272 1374 fidei
1322 1317 1692 1387 conveniunt,
1735 1321 1969 1373 auctore
2001 1318 2117 1374 Deo

459 1406 602 1460 sunt
631 1403 1128 1461 ordinata.Totius
1158 1405 1337 1475 orbis,
1374 1406 1473 1478 qui
1498 1407 1607 1461 sub
1639 1405 1885 1478 imperio
1918 1409 2117 1462 nostro

457 1496 567 1564 est,
600 1494 1105 1551 reverendissimis
1128 1494 1419 1567 episcopis
1449 1494 1871 1551 Chalcedonem
1904 1511 2114 1550 convo-

459 1580 627 1650 catis,
658 1585 907 1638 tractatu
939 1582 1302 1656 habito,post
1328 1583 1867 1639 multa'certamina
1893 1599 2031 1638 vera
2048 1583 2118 1637 ﬁ-

459 1669 563 1726 des
592 1670 930 1741 obtinuit,et
942 1671 1349 1743 juxtalitteras
1373 1672 1703 1730 sanctitatis
1726 1676 1838 1727 tuae
1858 1671 2117 1727 universi

459 1764 843 1815 assenserunt
871 1760 1218 1833 expositioni
1238 1766 1411 1834 prout
1425 1762 1638 1818 veritas
1658 1759 2117 1833 postulavit.Nec

460 1845 802 1905 dubitamus
831 1848 1012 1920 hujus
1033 1850 1115 1905 rei
1146 1850 1595 1922 gratulationem
1615 1850 1785 1905 nobis
1810 1854 1867 1905 et
1888 1848 2110 1905 sancti-

460 1934 569 1991 tati
601 1938 716 1991 tuae
747 1952 877 1993 esse
898 1939 1633 2011 communem,pariterque
1655 1938 1996 2011 laetariquos
2017 1955 2113 2010 pa-

462 2022 605 2080 riter
632 2025 1013 2082 manifestum
1044 2030 1133 2083 est
1162 2030 1398 2099 optasse
1412 2026 2019 2100 veritatem.Superest
2048 2032 2115 2083 ut

460 2113 752 2169 universis
783 2130 887 2185 pro
920 2114 1206 2171 catholica
1234 2117 1347 2172 ﬁde
1384 2120 1441 2171 et
1484 2116 1725 2171 veritate
1771 2116 2111 2187 compositis

458 2204 517 2256 et
544 2217 686 2273 pace
716 2201 992 2259 Ecclesiis
1019 2204 1306 2271 restituta,
1337 2204 1489 2261 votis
1519 2205 1793 2261 omnibus
1824 2206 1884 2260 in
1918 2204 2111 2277 perni-

458 2289 606 2345 ciem
637 2289 898 2347 hostium
926 2292 1206 2349 sanctitas
1252 2300 1358 2349 tua
1389 2293 1646 2349 divinam
1686 2300 1958 2365 provocet
1987 2310 2111 2349 ma-

449 2376 769 2449 jestatem;
803 2381 957 2452 quod
991 2384 1049 2436 te
1093 2385 1149 2437 et
1196 2387 1331 2438 ante
1376 2382 1600 2438 litteras
1650 2386 1882 2439 nostras
1926 2383 2111 2439 facere

458 2467 856 2524 certissimum
887 2473 995 2526 est.

523 2558 659 2613 CAP.
694 2558 788 2615 Ill.
809 2589 878 2602 --
908 2558 1195 2625 Quoniam
1225 2575 1357 2615 vero
1389 2564 1445 2615 et
1474 2559 1585 2615 hoc
1610 2563 1899 2615 statutum
1929 2564 2019 2615 est
2046 2563 2111 2614 ut

2234 520 2446 591 (τι)ᾱὶνο
2470 519 2792 575 Theodosio
2825 521 3044 591 Majore
3064 519 3135 576 de
3166 523 3364 577 Il“
3392 519 3590 578 honore
3613 539 3802 581 venera-

2231 609 2363 665 bilis
2384 609 2645 664 Ecelesiae
2663 608 3310 682 Constantinopolitanae
3324 613 3803 685 statuerunt,etqua

2231 715 2385 753 nunc
2430 715 2463 753 a
2490 701 2693 753 sancta
2726 699 2947 770 synodo
2976 699 3049 754 de
3090 699 3290 755 eadem
3338 716 3396 754 re
3445 702 3641 756 statuta
3676 706 3801 771 sunt,

2228 787 2401 841 ﬁrma
2430 790 2765 842 serventur:
2800 786 3024 842 scilicet
3045 791 3109 843 ut
3126 790 3259 859 post
3278 788 3467 843 sedem
3487 787 3803 859 apostolicam

2228 874 2882 947 Constantinopolitanaa
2915 875 3079 931 urbis
3100 876 3345 932 antistes
3368 876 3662 931 secundum
3686 876 3805 933 obli-

2227 968 2362 1019 neat
2385 963 2578 1018 locum
2600 980 2612 1017 :
2632 963 2911 1035 quoniam
2941 968 2998 1019 et
3026 965 3229 1020 eadem
3244 963 3682 1036 splendidissima
3697 965 3805 1020 civi-

2226 1056 2317 1107 tas
2337 1052 2539 1122 junior
2560 1052 2742 1107 Roma
2761 1057 3165 1125 nuncupatur:
3182 1052 3450 1125 dignetur
3468 1052 3715 1110 sanctitas
3727 1057 3806 1110 tua

2226 1140 2401 1195 etiam
2442 1140 2579 1196 huic
2618 1141 2769 1212 parti
2826 1141 3130 1213 proprium
3181 1140 3452 1198 adhibere
3490 1158 3805 1209 consensum,

2227 1229 2495 1300 quamvis
2524 1229 2979 1284 reverentissimi
3006 1229 3287 1302 episcopi,
3317 1229 3417 1301 qui
3438 1233 3546 1285 tua;
3565 1228 3808 1302 religionis

2225 1318 2409 1372 vicem
2441 1322 2679 1389 agentes
2710 1318 2782 1373 ad
2815 1322 3077 1373 sanctam
3130 1318 3418 1390 synodum
3457 1321 3808 1386 convenerunt,

2226 1407 2700 1462 contradixerint.
2743 1406 3131 1463 Vehementer
3177 1406 3332 1462 enim
3377 1406 3723 1478 prohibebant
3755 1406 3810 1462 de

2226 1495 2336 1551 hac
2369 1495 2681 1551 venerabili
2717 1495 2970 1551 Ecclesia
3000 1512 3034 1551 θ.
3063 1496 3285 1568 synodo
3314 1494 3525 1567 aliquid
3554 1493 3783 1551 ordinari.

2297 1584 2429 1639 CAP.
2472 1584 2564 1638 IV.
2596 1614 2665 1623 ——
2696 1584 3013 1655 Speramus
3044 1587 3241 1640 autem
3295 1584 3448 1657 quod
3472 1582 3812 1640 concordanti-

2224 1673 2337 1727 bus
2370 1677 2489 1727 toto
2522 1672 2660 1727 orbe
2692 1673 3116 1741 sacerdotibus,
3149 1688 3218 1729 ea
3248 1689 3375 1745 qua:
3406 1671 3703 1745 reipublicae
3725 1671 3813 1727 Ro-

2228 1778 2412 1815 manae
2443 1760 2783 1831 proderunt,
2817 1761 3051 1816 divinus
3082 1760 3244 1817 favor
3296 1765 3561 1833 praestare
3603 1757 3813 1831 dignabi

2221 1855 2335 1904 tur.
2366 1850 2492 1913 Qua
2548 1850 2618 1903 de
2669 1866 2728 1903 re
2788 1865 2891 1921 per
2924 1850 3247 1905 Lucianum
3303 1849 3491 1904 virum
3529 1847 3810 1921 religiosum

2220 1938 2580 2009 episcopum,
2610 1944 2667 1993 et
2699 1937 2981 1993 Basilium
3004 1938 3319 1993 diaconum
3334 1937 3535 1993 harum
3557 1935 3811 2009 portitores

2221 2026 2419 2082 omnia
2448 2042 2578 2081 vere
2609 2025 2895 2080 insinuari
2926 2030 3192 2098 Oportere
3221 2025 3574 2081 censuimus.
3605 2024 3665 2079 Et
3689 2023 3804 2097 peti-

2221 2131 2355 2169 mus
2384 2118 2449 2168 ut
2477 2132 2543 2169 ea
2574 2131 2699 2186 quae
2732 2118 2933 2169 sancta
2963 2114 3223 2186 synodus
3255 2114 3483 2181 statuit,
3514 2113 3673 2169 etiam
3707 2110 3810 2167 reli-

2220 2203 2314 2276 gio
2347 2209 2446 2258 tua
2475 2202 2534 2257 in
2566 2208 2914 2275 perpetuum
2960 2202 3260 2274 praecipiat
3308 2201 3606 2259 observari.
3645 2202 3701 2256 Et
3722 2200 3812 2255 alia

2218 2309 2390 2347 manu
2422 2309 2435 2349 :
2469 2291 2749 2347 Divinitas
2779 2296 2834 2348 te
2856 2295 3043 2348 servet
3062 2308 3164 2363 per
3193 2290 3417 2348 multos
3446 2307 3636 2357 annos,
3656 2294 3812 2345 sancte

2220 2397 2285 2436 ac
2314 2380 2754 2453 religiosissime
2783 2380 2970 2436 Pater.
3004 2380 3150 2436 Data
3177 2380 3406 2437 decimo
3436 2379 3625 2452 quinto
3655 2376 3813 2434 kalen-

2219 2470 2325 2525 das
2380 2468 2713 2537 Januarias,
2762 2469 3289 2541 Constantinopoli,
3344 2473 3406 2525 D.
3458 2469 3524 2525 N.
3573 2467 3815 2524 Marciano

2221 2558 2327 2613 PP.
2359 2560 2533 2631 Aug.,
2565 2562 2622 2614 et
2652 2558 2751 2630 qui
2785 2558 2961 2614 fuerit
2991 2557 3352 2627 nominatus,
3383 2556 3716 2615 consulibus.

1786 2683 2113 2740 EJUSDEM
2149 2682 2532 2741 EPISTOLJE.
2616 2732 2624 2739 .

1314 2782 1577 2837 Graecum
1608 2780 1905 2854 exemplar
1932 2798 2066 2837 cum
2098 2798 2245 2838 nova
2273 2780 2747 2861 interpretatione
2777 2781 3000 2837 Latina.

445 2904 655 2965 suo
684 2904 925 2976 Epistola
944 2905 1186 2978 piissimi
1213 2906 1561 2977 imperatoris
1579 2906 1846 2962 Marciani
1874 2905 1945 2961 ad
1975 2906 2101 2962 bea-

649 2978 921 3034 tissimum
946 2976 1412 3048 archiepiscopum
1441 2979 1621 3034 Romae
1652 2979 1901 3035 Leonem.

446 3137 712 3210 Victores
722 3139 1188 3210 VALsN'nmanus
1205 3138 1261 3192 et
1281 3136 1616 3210 Mascusus
1633 3136 2102 3210 gloriosi,triumf

523 3208 1097 3281 phatoresiAugusti,
1131 3208 1503 3281 sanctissimo
1533 3212 1588 3265 et
1628 3208 1758 3266 vero
1788 3208 2101 3266 venerabili

519 3279 673 3353 patri
704 3279 1140 3352 archiepiscopo
1171 3279 1371 3336 Lsom.

520 3411 652 3469 CAP.
688 3412 729 3468 Ι.
762 3443 829 3453 -
848 3411 1065 3468 Divina:
1087 3411 1699 3485 humanaequelitterae
1724 3414 2098 3471 consentiunt

447 3497 821 3556 Divinitatem
846 3499 907 3553 in
925 3498 1132 3571 primis
1153 3515 1282 3557 esse
1303 3501 1890 3574 adorandam,ibique
1912 3502 2100 3559 omni-

446 3590 746 3659 potentem
779 3587 965 3643 Deum
997 3603 1125 3644 esse
1145 3587 1594 3660 propitium,ubi
1618 3590 1830 3646 colitur
1851 3596 2002 3647 recte
2033 3592 2099 3646 ﬁ-

447 3676 697 3733 des.Hoc
718 3676 899 3749 igitur
918 3678 1074 3749 quod
1106 3668 1514 3749 quaerebamus
1553 3680 1886 3736 invenimus
1918 3684 1974 3735 et
2002 3697 2100 3736 as-

443 3765 627 3822 secuti
659 3782 868 3821 sumus
898 3766 1114 3821 nostris
1144 3766 1669 3837 precibus.lnvenit
1691 3767 1844 3823 enim
1870 3768 2099 3841 religio-

443 3854 535 3909 nis
566 3853 742 3909 fidem
764 3852 953 3909 fidelis
985 3853 1312 3921 aﬂ'ectus,et
1342 3853 1570 3909 nullum
1602 3856 1847 3912 dubium
1879 3861 1967 3912 est
2000 3857 2099 3913 Dei

445 3940 663 3997 auxilio
690 3957 818 3997 esse
849 3940 1336 4013 deﬁnitum,quod
1363 3943 1434 3998 de
1455 3942 1644 4014 ipsius
1661 3944 1922 4016 potentia
1941 3963 2099 4018 quae-

446 4028 965 4101 rebatur.Expulsa
993 4028 1151 4084 enim
1182 4030 1342 4085 omni
1372 4032 1743 4089 contentione
1792 4037 1849 4089 et
1878 4034 2099 4091 discor-

448 4115 566 4183 dia,
600 4133 777 4189 quam
804 4116 1037 4173 invidus
1058 4117 1284 4173 daemon
1306 4119 1439 4175 ﬁdei
1459 4120 1756 4191 injecerat,
1770 4121 1953 4178 Deum
1974 4141 2099 4181 om-

443 4221 549 4262 nes
562 4222 683 4261 una
700 4208 896 4261 mente
915 4210 1587 4279 cognoscunt.Caeterum
1614 4226 1729 4265 non
1748 4227 2098 4270 accusamus

447 4293 886 4366 inﬁdeles,quin
916 4298 972 4350 et
1004 4294 1252 4368 gratiam
1274 4296 1562 4353 habemus
1584 4297 1882 4372 religionis
1903 4300 2099 4357 inimi-

443 4382 555 4439 cis:
582 4383 979 4456 praestiterunt
998 4383 1155 4439 enim
1178 4384 1348 4441 nobis
1372 4390 1438 4441 ut
1452 4386 1637 4443 Deum
1662 4389 2098 4446 studiosissime

438 4487 836 4544 quareremus
876 4472 1300 4545 manifesteque
1339 4490 1842 4547 cognosceremus.
1900 4478 2094 4549 Majus

441 4558 598 4615 enim
630 4558 828 4617 lumen
861 4577 990 4617 esse
1018 4560 1246 4618 videtur
1290 4568 1424 4635 post
1452 4565 1722 4621 tenebras
1753 4583 2044 4638 apparens
2078 4586 2091 4624 :

433 4646 623 4702 dulcis
648 4652 737 4703 est
782 4648 1119 4707 sitientibus
1167 4656 1363 4724 potus,
1397 4652 1566 4709 fessis
1597 4654 1805 4709 otium.
1841 4655 2097 4712 Laetetur

2240 2921 2463 2990 1115
2503 2930 2521 2966 ι
2581 2933 2841 2993 Ἐπιστολή
2878 2929 2969 2982 τοῦ
3019 2928 3387 2981 εὐσεϐεστάτου
3424 2928 3642 2993 βασιλέως
3666 2926 3786 2983 Mep-

2303 3014 2477 3124 Χιανοῦ
2508 3009 2629 3074 πρὸς
2655 3008 2739 3058 τὸν
2778 3006 3158 3073 μακαριώτατον
3198 3007 3582 3073 ἅρχιτπίσκοπον
3622 3003 3786 3061 Ῥωμης

2377 3092 2509 3124 οντα.

2377 3092 2509 3126 οντα.

2238 3171 2453 3228 Nummi
2502 3170 2903 3237 Οὐαλεντινιανὸς
2954 3168 3039 3237 aut
3087 3168 3400 3237 Μαρκιανὸς,
3448 3166 3644 3237 ξνδοξοι,
3693 3176 3785 3237 too:

2303 3242 2552 3302 πιιιοῐέιχοι⁹
2587 3236 2873 3297 αὔγουστοι,
2911 3236 2994 3302 τῷ
3018 3234 3281 3299 ἁγιωτάτῳ
3316 3237 3400 3283 καὶ
3438 3232 3619 3291 ἀληθῶς
3650 3232 3788 3288 σεπτῷ

2302 3300 2325 3335 ³
2344 3300 2620 3369 πατριάρχῃ
2645 3302 2898 3366 ἕπισκὸπῳ
2927 3301 3120 3352 Λέοντι.

2305 3410 2364 3459 At
2407 3410 2531 3459 Θεῖαι
2572 3410 2655 3458 καὶ
2687 3408 2980 3473 ἀνθρώπιναι
3006 3407 3189 3479 γραφαὶ
3228 3404 3558 3473 συμφωνοῦσι
3591 3402 3642 3451 τὸ
3681 3398 3787 3449 θεῖον

2238 3499 2291 3550 ἐν
2324 3498 2540 3564 πρώτοις
2567 3491 2692 3549 εἶναι
2715 3496 3076 3563 προσκυνητὸν,
3124 3496 3268 3562 nam
3319 3496 3404 3546 τὸν
3450 3490 3788 3556 παντοιρᾶτορσ

2239 3588 2363 3638 θεὸν
2415 3579 2538 3635 εῖναι
2577 3586 2715 3644 ἵλεω,
2760 3585 2887 3635 ὅπου
2946 3583 3273 3651 Θρησκεῦεται
3304 3581 3329 3615 ³
3379 3582 3536 3649 ὀρθῶς
3567 3582 3596 3637 ἠ
3638 3577 3788 3628 πίστιες

2236 3676 2430 3725 Τούτου
2460 3676 2642 3738 τοίνυν,
2672 3675 2790 3739 ὅπερ
2818 3672 2840 3707 ⁸
2867 3671 3127 3737 ζητοῦμεν,
3156 3670 3375 3738 εὕρομεν
3412 3672 3493 3721 καὶ
3528 3668 3783 3730 ἐπιτύχομεν

2238 3766 2493 3830 ἡμετέραις
2523 3764 2711 3828 εὐχαῖς·
2754 3754 2867 3827 εὗρε
2902 3763 2997 3827 γὰρ
3038 3763 3124 3821 τῆς
3155 3762 3428 3827 θρησκείας
3464 3761 3548 3819 τὴν
3591 3756 3731 3806 πίστιν
3765 3750 3790 3805 ἢ

2237 3856 2381 3911 πιστὴ
2409 3853 2637 3911 διάθεσις,
2676 3851 2758 3900 ’Διοιῖ
2788 3851 2926 3901 οὐδὲν
2956 3850 3227 3915 ἀμφίϐολόν
3254 3848 3276 3881 ⁸
3304 3850 3414 3899 ἐστι
3447 3843 3690 3909 συνεργείᾳ
3716 3835 3787 3887 τοῦ

2236 3941 2364 3992 Θεοῦ
2404 3942 2742 4002 τετυπῶσθαι,
2776 3941 2896 4007 ὅπερ
2934 3940 3045 4005 περὶ
3089 3939 3175 3998 τῆς
3218 3939 3381 3989 αὐτοῦ
3422 3938 3665 3999 δυνάμεως
3703 3929 3790 3985 δίη·

2235 4029 2382 4078 τεῖτο.
2433 4028 2819 4091 Ἕκὸεϐλημένης
2844 4028 3003 4077 τοίνυν
3037 4027 3198 4087 πάσης
3236 4028 3535 4090 φιλονεικίας
3574 4024 3649 4074 καὶ
3681 4022 3790 4084 διχο-

2234 4120 2385 4181 νοίας,
2409 4119 2466 4176 ἦν
2490 4135 2597 4166 τινα
2624 4119 2651 4165 ὁ
2692 4117 2939 4182 βάσκανος
2970 4116 3157 4181 δαίμων
3287 4117 3456 4167 πίστει
3491 4113 3512 4147 ⁶
3552 4109 3789 4171 meavit“.

2234 4212 2316 4259 τὸν
2362 4210 2485 4260 θεὸν
2517 4210 2695 4266 πάντες
2721 4208 2741 4242 ⁷
2769 4210 2958 4276 διανοίᾳ
2984 4208 3307 4273 γινώσκουσι.
3348 4207 3534 4259 Λοιπὸν
3570 4205 3627 4256 οὗ
3665 4215 3793 4255 κατη-

2232 4298 2474 4366 γοροῦμεν
2504 4299 2600 4349 τῶν
2628 4299 2867 4360 ἀπίστων,
2906 4298 3024 4348 ἀλλὰ
3050 4298 3135 4349 καὶ
3162 4298 3303 4364 χάριν
3344 4292 3676 4362 ὁμολογοῦμεν
3704 4285 3791 4339 τοῖι

2231 4392 2316 4451 τῆς
2354 4392 2614 4455 θρησκείας
2657 4390 2872 4457 ἐχθροῖς·
2924 4391 3172 4457 παρέσχον
3218 4389 3315 4455 γὰρ
3358 4391 3509 4453 ἡμῖν,
3558 4390 3680 4438 ὅπως
3719 4377 3790 4427 τὸν

2232 4481 2354 4528 Θεὸν
2399 4479 2763 4529 σπουδαιότατα
2797 4480 3117 4542 ζητήσωμεν,
3159 4478 3388 4547 φανερῶς
3427 4494 3481 4528 τε
3520 4477 3787 4537 ἐπέγνωμενο

2230 4569 2405 4623 Μεῖζον
2437 4571 2528 4633 γὰρ
2568 4570 2669 4634 φῶς
2693 4560 2815 4618 εἶναι
2849 4569 2984 4617 δοκεῖ
3007 4568 3064 4617 τὸ
3104 4569 3227 4632 μετὰ
3262 4568 3352 4629 τὴν
3390 4567 3590 4618 σκοτίαν
3626 4560 3791 4626 φαῖνον

2232 4657 2409 4721 γλυκύς
2436 4655 2456 4688 ⁸
2493 4659 2597 4707 ἐστι
2635 4657 2735 4712 τοῖς
2769 4657 2974 4720 διψῶσιν
3014 4659 3043 4707 ὁ
3080 4656 3255 4721 πότος,
3300 4658 3407 4713 τοῖς
3443 4640 3728 4717 κειμήκόσιν
3763 4643 3790 4698 ί

498 4795 1159 4893 (ξιὶεῐίὶίὶε,τπξ,ιὲξξ’9,ἱίξξτξ[
1182 4802 1843 4893 sissesisse“!!!
1875 4805 2070 4893 ειοᾷίοθ
2102 4813 2150 4879 D
2182 4826 2446 4893 επέσκόῖφτ
2473 4820 2617 4893 Yide
2648 4821 2819 4893 epist.
2852 4820 3120 4893 eiusde
3153 4820 3590 4893 Marcianiuo-

425 4870 484 4924 et
496 4868 765 4947 editione
792 4870 1165 4947 Holst_eni_i.ln
1183 4868 1376 4947 Graeco
1398 4880 1592 4930 autem
1614 4879 1773 4930 textu
1799 4876 2067 4947 habetur,

423 4942 521 4996 sub
556 4940 694 4995 divae
721 4945 1003 5000 memoriae
1037 4944 1341 4999 Theodosio.

498 5012 678 5069 'Hezc
735 5013 980 5085 epistola
1009 5031 1185 5085 anno,
1216 5016 1354 5069 1685
1402 5015 1473 5069 ab
1532 5017 1759 5072 Andrea
1816 5018 2071 5075 Arnoldo

425 5082 483 5159 in
516 5082 1402 5159 syntagmate‘Atbanasiiedita
1452 5086 1561 5141 fuit
1592 5105 1658 5142 ex
1692 5090 1817 5144 cod.
1871 5091 2075 5146 Baroc-

424 5154 592 5214 cinno
624 5156 681 5209 in
698 5154 1085 5227 'Boldeianam
1112 5155 1524 5212 bibliothecam
1547 5159 1913 5227 translata,et
1934 5163 2070 5217 dein

423 5243 457 5281 ε
487 5226 796 5293 Quesnello
827 5227 1096 5282 secundae
1127 5227 1364 5282 editioni
1397 5229 1635 5284 inserta.
1670 5226 1933 5287 Graecum
1954 5237 2074 5288 tex-

424 5302 560 5379 tum
597 5297 918 5379 relegimus.
942 5303 999 5379 et
1028 5298 1564 5379 emendavimusex
1595 5302 2072 5379 cpd.Vat.Gr§eco

426 5370 566 5425 1455
589 5387 609 5441 ;ί
634 5369 889 5441 Latinam
905 5369 1446 5441 interpretationem
1466 5371 1701 5427 Arnoldi
1725 5374 2072 5437 Quesnellus

422 5440 776 5513 recusit,_nos
807 5440 878 5496 ob
906 5440 1169 5513 insignes
1200 5443 1635 5498 emendationes
1666 5443 1846 5499 Graeci
1878 5450 2070 5502 textus

422 5526 633 5566 novam
666 5510 1200 5582 interpretationem
1233 5514 1586 5569 aﬂ‘erendam
1619 5515 1997 5573 credidimus.

491 5582 514 5616 ²
547 5582 635 5638 Ita
658 5584 716 5636 et
742 5598 857 5637 ms.
885 5582 997 5639 Vat
1050 5585 1279 5657 Sedtut
1310 5584 1539 5657 monuit
1558 5585 1733 5657 etiam
1754 5588 2067 5657 Arnoldus,

414 5665 527 5783 pro
573 5659 855 5731 πατριάρχῃ
886 5660 1130 5734 ἐπισκόπει)
1187 5653 1500 5734 legendum
1557 5656 1705 5721 forte
1760 5669 1907 5742 πατρί
1932 5653 2073 5744 ἁρχιέ

2252 4890 2274 4924 ⁸
2301 4881 2652 4964 Addidimus
2684 4881 2852 4964 ὂρθῶς,
2879 4881 3039 4962 quod
3071 4892 3335 4964 aberatia
3363 4891 3548 4964 vulg.,
3580 4881 3778 4964 ΜΨ

2252 4891 2274 4924 ³
2301 4891 2652 4947 Addidimus
2684 4891 2852 4964 δρθῶς,
2885 4891 3039 4962 quod
3071 4892 3273 4947 aberat
3301 4909 3335 4947 a
3363 4891 3548 4964 vulg.,
3580 4903 3680 4946 auc
3768 4891 3777 4961 ξ

2182 4961 2303 5033 tate
2332 4962 2459 5017 cod.
2491 4963 2618 5018 Vat.
2652 4964 2945 5019 Consonat
2971 4966 3028 5017 et
3050 4968 3243 5019 textus
3274 4963 3543 5029 Latinus,
3583 4891 3810 5033 quia:

2184 5030 2283 5178 beft
2306 5036 2612 5178 ξίξναη
2624 5112 2897 5178 ζηλοῦμεν.
2924 5105 3211 5178 Caeterum
3242 5103 3375 5178 lege
3395 5113 3677 5175 ἐζητοῦμεν.

2252 5175 2273 5248 β
2305 5175 2390 5230 Ita
2421 5177 2556 5232 Cod.
2590 5176 2717 5232 Vat.
2753 5177 2816 5232 In
2845 5176 3003 5248 vulg.
3035 5192 3153 5231 non
3185 5175 3328 5232 satis
3362 5178 3533 5245 bene,
3566 5177 3814 5247 ἀμφίόολον

2183 5243 2268 5310 ἕπὶᾼ
2290 5263 2562 5310 συνεργειᾳ,
2596 5252 2697 5297 etc.

2252 5308 2272 5382 ξ
2442 5308 2593 5382 Vat.,
2627 5317 2941 5382 ἐμϐεϐλήκει.
2968 5309 3300 5382 Legendum
3326 5309 3475 5365 forte
3506 5310 3808 5382 ἑνεξεελήιιιι)

2180 5380 2520 5515 διαζοῗιρριθ
2580 5377 2663 5437 ρκ’
2704 5377 2863 5438 textu
2914 5377 3116 5437 Latino
3175 5380 3443 5452 antiquo,
3494 5384 3553 5436 et
3598 5377 3809 5448 ιθεομις

2251 5514 2272 5548 ⁸
2306 5510 2391 5643 llta
2418 5531 2534 5644 ins.
2567 5516 2695 5572 Vat.
2716 5518 2893 5591 atque
2910 5514 2993 5572 ita
3020 5513 3080 5571 in
3104 5518 3262 5573 textu
3294 5512 3522 5571 Latino.
3539 5510 3711 5571 Abest
3723 5510 3809 5565 ιστι

2251 5602 2313 5644 vu
2343 5602 2415 5644 aa
2442 5604 2514 5644 ιε.

2176 5602 2214 5645 a
2242 5602 2514 5663 vulgatis.
