4032 6172
294 334 418 403 9‘73

1768 337 2151 403 EPISTULA
2194 336 2263 398 Ο.

3587 346 3707 408 971

299 476 480 549 igitur
507 474 791 533 sanctitas
822 478 926 532 tua
955 491 1134 549 super
1153 472 1399 532 victoria
1434 474 1634 531 IIIS
1667 475 1824 544 ﬁdei,
1856 492 1953 531 cu-

2100 479 2256 547 ιργία.
2293 480 2521 546 Χαιρέτω
2555 480 2719 531 τοίνυν
2754 483 2785 541 ἠ
2816 482 2880 541 σὴ
2914 481 3167 545 ἁγιωσύνῃ
3218 482 3295 534 ἐπὶ
3340 488 3400 549 τῇ
3441 482 3553 548 νίκῃ
3596 483 3685 544 τῆς

295 567 399 634 jus
431 582 648 622 corona
669 565 1053 638 omnipotenti
1074 565 1300 621 Christo
1325 565 1654 631 referenda;
1689 564 1782 619 hic
1800 566 1957 621 enim

302 654 464 711 dedit
493 659 700 711 contra
738 654 1007 711 inﬁdeles
1050 654 1373 711 victoriam.
1406 656 1476 709 Et
1520 654 1645 709 ideo
1691 672 1795 710 nos
1846 654 1959 727 ipsi

303 744 507 801 adesse
530 749 745 801 sancta:
778 745 998 817 synodo
1020 744 1449 812 festinavimus,
1470 759 1827 820 quamquam
1851 767 1958 804 nos

303 833 363 888 in
386 833 521 890 aliis
548 835 694 892 locis
716 839 773 893 et
799 834 1199 908 expeditiones
1229 841 1286 893 et
1312 837 1559 911 publica
1578 839 1960 897 necessitates

302 922 653 980 detinerent.

371 1011 511 1068 CAP.
545 1013 615 1069 Il.
648 1043 715 1055 —
736 1014 885 1087 Ergo
909 1015 1107 1072 omnia
1128 1017 1453 1073 secundum
1477 1023 1610 1075 vota
1630 1018 1961 1075 sanctitatis

299 1104 436 1170 tuae,
463 1119 595 1175 qua
622 1104 757 1159 ﬁdei
780 1111 1121 1173 consonant,
1146 1107 1388 1163 deﬁnita
1405 1113 1561 1176 sunt,
1580 1108 1762 1164 totius
1778 1108 1958 1176 orbis,

303 1194 404 1267 qui
423 1195 539 1249 sub
562 1198 761 1251 nostro
788 1194 1033 1267 imperio
1050 1201 1166 1266 est,
1182 1196 1467 1268 piissimis
1489 1196 1777 1269 episcopis
1793 1196 1959 1252 Chal-

299 1284 525 1339 cedone
545 1284 901 1351 convocatis,
920 1288 978 1340 et
998 1285 1412 1341 deliberatione
1429 1285 1647 1355 habita,
1664 1291 1797 1359 post
1814 1285 1963 1341 mul-

294 1376 392 1429 tas
426 1372 832 1429 contentiones
852 1390 986 1429 vera
1001 1374 1147 1429 ﬁdes
1169 1374 1446 1443 obtinuit,
1470 1379 1527 1431 et
1547 1376 1717 1445 juxta
1736 1375 1961 1431 litteras

294 1461 638 1519 sanctitatis
657 1466 771 1517 tua
793 1478 996 1518 omnes
1017 1468 1401 1519 assenserunt
1419 1464 1787 1537 expositioni,
1808 1466 1965 1521 sicut

289 1552 520 1609 veritas
539 1550 876 1625 postulavit;
895 1551 1161 1623 nihilque
1173 1551 1390 1625 ambigi
1399 1569 1530 1609 mus
1546 1551 1724 1625 hujus
1738 1555 1816 1610 rei
1837 1571 1964 1627 gra-

290 1642 447 1696 tiam
483 1640 657 1695 nobis
690 1644 745 1696 et
767 1639 1059 1695 sanctitati
1090 1644 1203 1695 tua:
1236 1654 1610 1698 communem
1642 1659 1793 1711 esse,
1818 1649 1873 1699 et
1893 1660 1962 1700 ex

290 1746 470 1802 equo
494 1728 676 1784 laetari
705 1746 854 1800 quos
879 1728 1072 1801 palam
1090 1734 1177 1785 est
1199 1729 1407 1801 aequali
1435 1731 1627 1787 studio
1651 1747 1846 1787 amare
1867 1749 1959 1787 ve-

290 1816 564 1873 ritatem.
599 1820 874 1916 Superest
904 1820 970 1871 ut
998 1817 1275 1917 omnibus
1297 1819 1468 1889 juxta
1496 1819 1841 1876 catholicam
1892 1820 1958 1875 ﬁ-
1988 1856 2037 1921 Β

293 1906 435 1962 dem
460 1909 521 1961 et
547 1905 851 1961 veritatem
875 1906 1238 1978 compositis,
1264 1912 1321 1963 et
1341 1923 1481 1979 pace
1501 1907 1773 1965 Ecclesiis
1796 1909 1960 1965 resti-

293 1999 454 2060 tuta,
486 1994 638 2049 votis
666 1994 934 2050 omnium
956 1993 1014 2049 in
1047 1995 1363 2067 perniciem
1394 1996 1655 2053 hostium
1679 1998 1960 2056 sanctitas

290 2088 405 2140 tua
436 2083 697 2139 divinam
730 2086 1000 2154 provocet
1029 2085 1351 2156 potentiam
1380 2101 1394 2139 :
1448 2087 1603 2158 quod
1654 2090 1710 2143 te
1740 2091 1794 2143 et
1826 2093 1960 2143 ante

294 2177 546 2229 nostras
575 2172 799 2228 litteras
832 2174 1019 2228 facere
1052 2173 1109 2228 in
1138 2175 1403 2230 confesso
1432 2180 1539 2230 est.

370 2261 513 2317 CAP.
549 2261 647 2316 III.
680 2292 747 2302 —
769 2261 1059 2328 Quoniam
1080 2279 1213 2318 vero
1233 2268 1291 2318 et
1311 2263 1418 2319 hoc
1438 2264 1824 2320 constitutum
1852 2270 1958 2335 est,

300 2355 371 2405 ut
386 2366 457 2405 ea
478 2365 613 2421 quae
632 2367 665 2404 a
681 2354 914 2404 centum
941 2350 1370 2423 quinquaginta
1386 2352 1673 2425 episcopis
1691 2354 1801 2409 sub
1816 2354 1962 2411 divas

303 2438 608 2495 memorie
642 2438 859 2509 Majore
884 2438 1208 2495 Theodosio
1231 2440 1469 2496 honoris
1487 2442 1677 2514 gratia
1706 2458 1845 2516 erga
1864 2459 1961 2500 ve-

298 2525 628 2583 nerabilem
659 2526 1365 2600 Constantinopolitanam
1394 2531 1709 2589 Ecclesiam
1743 2542 1963 2595 statuta

305 2620 466 2684 sunt,
501 2631 748 2688 quaeque
796 2633 953 2672 nunc
983 2634 1017 2673 a
1063 2622 1265 2674 sancta
1313 2621 1533 2692 synodo
1566 2622 1637 2678 de
1667 2625 1869 2681 eadem
1901 2644 1963 2683 re

307 2709 448 2761 sunt
479 2705 729 2774 sancite,
754 2705 925 2760 ﬁrma
944 2711 1267 2775 serventur,
1290 2707 1559 2765 videlicet
1580 2716 1645 2766 ut
1673 2719 1805 2783 post
1824 2732 1959 2786 apo-

308 2794 577 2850 stolicam
598 2795 795 2851 sedem
819 2794 1497 2868 Constantinopolitanus
1519 2801 1716 2857 statim
1741 2803 1964 2875 episco-

308 2900 420 2957 pus
437 2883 764 2939 secundum
782 2883 996 2940 habeat
1010 2884 1441 2952 locum,llzo
1463 2889 1741 2960 quoniam
1765 2891 1960 2964 splen-

312 2973 625 3030 didissima
655 2974 798 3029 urbs
837 2972 1042 3044 junior
1072 2974 1256 3030 Roma
1286 2977 1636 3048 appellatur,
1689 2980 1964 3053 dignetur

312 3062 594 3118 sanctitas
613 3064 714 3117 tua
736 3062 912 3117 etiam
932 3062 1067 3117 huic
1089 3064 1238 3135 parti
1261 3081 1571 3121 assensum
1594 3069 1870 3139 prebere;
1892 3070 1962 3126 li-

313 3156 401 3207 cet
422 3151 898 3207 reverendissimi
921 3151 1198 3224 episcopi,
1214 3154 1312 3225 qui
1336 3153 1458 3210 loco
1481 3161 1591 3211 tua;
1612 3157 1672 3212 in
1696 3162 1809 3214 Deo
1832 3159 1965 3216 cha-

312 3241 503 3297 ritatis
516 3241 589 3296 ad
605 3244 867 3296 sanctam
882 3242 1169 3314 synodum
1183 3224 1962 3313 cenvenerunt,contradixe-
1992 3224 2035 3292 (ἶ

314 3329 456 3385 rint:
492 3329 1006 3386 vehementissime
1036 3330 1191 3386 enim
1223 3332 1614 3404 prohibebant
1659 3336 1730 3391 de
1760 3337 1963 3394 eadem

310 3418 628 3475 venerabili
676 3418 931 3475 Ecclesia
975 3420 1297 3492 quidquam
1348 3421 1408 3476 in
1458 3425 1678 3495 synodo
1710 3425 1997 3483 decernir

311 3512 632 3580 Bperamus
664 3512 861 3563 autem
892 3509 1047 3579 quod
1080 3510 1581 3568 consentientibus
1605 3514 1785 3570 totius
1806 3515 1964 3572 orbis

312 3597 739 3664 sacerdotibus,
768 3614 894 3668 quaa
919 3597 1198 3653 Romanis
1219 3600 1393 3656 rebus
1412 3600 1579 3657 utilia
1594 3608 1754 3669 sunt,
1769 3603 1966 3660 divina

313 3686 680 3759 providentia
724 3690 996 3757 praestare
1044 3686 1400 3760 dignabitur.
1456 3690 1817 3763 Quapropter
1861 3710 1966 3765 per

312 3776 636 3839 Lucianum
657 3774 755 3830 Dei
773 3774 1255 3832 amantissimum
1267 3778 1605 3851 episcopum
1622 3781 1965 3838 etBasilium

313 3868 629 3923 diaconum
646 3866 923 3923 utomnia
935 3865 1103 3923 vobis
1115 3868 1967 3940 signiﬁcarenturdecrevimus

313 3971 711 4030 rogamusque
723 3960 789 4010 ut
812 3972 938 4027 quae
954 3973 988 4012 a
1010 3961 1211 4012 sancta
1223 3958 1443 4029 synodo
1468 3960 1789 4017 constituta
1805 3967 1963 4028 sunt,

310 4046 491 4103 etiam
523 4050 628 4101 tua
657 4045 717 4099 in
756 4049 934 4100 Deum
967 4046 1155 4117 pietas
1202 4046 1262 4101 in
1294 4052 1641 4119 perpetuum
1672 4050 1967 4107 observari

309 4135 633 4209 pmcipiat.
658 4133 867 4189 Divina
892 4138 947 4189 te
975 4134 1340 4205 providentia
1369 4142 1556 4193 servet
1584 4139 1789 4195 multis
1820 4146 1966 4197 tem-

309 4224 578 4297 poribus,
599 4223 970 4279 sanctissime
991 4228 1048 4280 et
1070 4224 1171 4280 Dei
1193 4227 1600 4284 amantissime
1621 4233 1803 4301 pater.
1825 4232 1970 4287 Data

307 4317 451 4369 ante
480 4312 638 4367 diem
671 4312 970 4367 decimum
1001 4312 1274 4384 quintum
1297 4314 1529 4371 kalend.
1556 4318 1796 4374 Januar.
1821 4322 1965 4376 Con-

306 4401 716 4474 stantinopoli,
743 4400 1048 4457 consulatu
1066 4402 1287 4458 domini
1310 4406 1494 4461 nostri
1516 4406 1795 4465 Marciani
1815 4425 1966 4466 sem-

305 4506 419 4565 per
447 4490 725 4566 Augusti,
752 4494 810 4548 et
838 4490 967 4565 ejus
997 4491 1097 4565 qui
1127 4492 1303 4551 fuerit
1323 4494 1648 4553 nuntiatus.

1993 4487 2042 4558 D

384 5058 401 5092 ¹
439 5055 521 5114 ita
551 5057 728 5144 etiam
759 5076 873 5119 ms.
898 5061 1049 5136 Vat.,
1085 5066 1182 5123 sed
1214 5065 1525 5194 legﬁudum
1558 5073 1613 5137 ἧς
1643 5094 1785 5135 τινος.

385 5130 408 5163 ²
440 5131 527 5185 Ita
556 5130 807 5194 legimus
828 5151 962 5192 cum
994 5157 1105 5194 ms.
1130 5141 1259 5194 Vat.
1346 5136 1434 5194 ale
1466 5138 1524 5194 in
1555 5137 1785 5194 vulgati:

350 5130 408 5216 ,³
440 5131 528 5217 με
556 5130 807 5204 legimus
828 5151 962 5192 cum
994 5130 1105 5195 ms.
1130 5130 1434 5195 Vathale
1466 5138 1524 5195 in
1555 5130 1966 5217 vulgatisnrapdz

272 5235 281 5243 .
301 5203 413 5251 τῶν
441 5200 677 5254 ἀπίστοῖν.

386 5264 410 5298 ⁸
442 5265 536 5350 Ita
559 5271 614 5321 et
644 5283 755 5348 ms.
776 5271 932 5350 ναις,
966 5271 1402 5350 sedlegendum
1424 5281 1731 5350 ἡπείχθημεν
1763 5279 1964 5350 είᾳυοά

308 5351 435 5419 non
467 5337 847 5419 admonuisse
874 5337 1217 5413 Arnoldum,
1251 5337 1599 5419 neque'po's't
1628 5337 1758 5405 cum
1783 5337 1964 5413 Ques-

306 5406 564 5475 nellum,
598 5409 905 5467 miramur.

386 5480 410 5512 ⁵
442 5477 525 5533 Ita
546 5481 855 5563 manifeste
869 5500 982 5564 ms.
997 5486 1128 5541 Vat.
1150 5487 1296 5564 Male
1316 5490 1371 5543 in
1384 5489 1659 5564 vulgatis,
1680 5501 1962 5564 τετύπεθαι;

308 5565 681 5668 Ξύοπῗτηίιυεω
712 5552 771 5608 in
800 5557 1062 5628 margine
1093 5563 1433 5616 annotatum
1468 5552 1670 5620 fuerit:
1702 5565 1859 5637 Leg.,
1885 5552 1966 5621 τεί

486 5637 556 5671 αι.

387 5684 877 5775 ξίξέΡῨΡεΡῘΡιὶθ
919 5690 1221 5775 °°9'..Va£-
1257 5697 1321 5775 ἕο
1349 5694 1510 5767 “118:
1557 5708 1870 5775 γράμματος
1898 5699 1965 5759 in

308 5760 583 5839 margine
613 5761 953 5821 annotatam
986 5760 1124 5824 fuit:
1158 5762 1345 5837 Forte,
1377 5760 1676 5847 πβγμᾴὲοςζ

2350 570 2561 625 πίστεως
2591 568 2604 602 ¹
2646 560 2840 626 οὗτινος
2867 572 2895 619 ό
2930 574 3168 636 στέφανος
3204 573 3276 635 τῷ
3317 574 3683 637 παντοκράτορι

2091 662 2279 729 χριστῷ
2324 660 2608 715 ἀναθετέος*
2657 650 2802 715 οὗτος
2846 659 2940 725 γὰρ
2985 659 3212 711 δέδωκε²
3250 662 3379 710 κατὰ
3421 662 3514 709 τῶι
3574 661 3681 710 ἀπί-

2092 767 2225 801 στων
2257 749 2421 806 νίκην·
2450 747 2534 797 καὶ
2578 747 2656 797 διὰ
2686 746 2835 798 τοῦτο
2872 749 3014 813 ἡμεῖς
3055 749 3196 799 αὐτοὶ
3230 749 3586 814 παραγενέσθαι
3622 756 3681 813 τῇ

2090 840 2209 906 ἁγίᾳ
2244 836 2433 902 συνόδῳ
2459 834 2483 869 ³
2510 836 2826 904 ὕπείχθημεν,
2868 838 2912 887 εί
2939 838 3021 888 καὶ
3047 838 3123 888 ὅτι
3149 839 3282 900 ἡμᾶς
3316 838 3367 888 ἐν
3403 836 3562 895 ἄλλοις
3598 837 3682 887 τό·

2090 946 2202 985 ποις
2234 926 2548 993 ἐκστρατεῖαι
2595 942 2651 977 τε
2689 925 2774 978 καὶ
2815 926 3051 992 δημοσίαι
3094 928 3253 994 χρεῖαι
3297 928 3545 992 κατεῖχον.
3572 927 3683 976 Τοι-

2091 1022 2275 1085 γαροῦν
2314 1016 2510 1069 ἅπαντα
2559 1015 2673 1068 κατ’
2711 1015 2858 1083 εὐχὰς
2898 1018 2987 1077 τῆς
3031 1016 3122 1077 σῆς
3168 1015 3461 1078 ἁγιωσύνης,
3507 1017 3686 1071 αἵτινες

2092 1114 2151 1174 τῇ
2183 1108 2343 1158 πίστει
2372 1108 2714 1171 συμφωνοῦσι,
2739 1103 2763 1138 ⁸
2789 1104 3086 1155 τετῦπωται.
3132 1103 3323 1160 Παντὸς
3364 1107 3452 1153 τοῦ
3491 1102 3683 1166 κόσμου

2093 1202 2178 1249 τοῦ
2211 1198 2351 1254 ὄντος
2377 1194 2475 1247 ὕπὸ
2508 1196 2597 1255 τὴν
2630 1194 2877 1259 ἡμετέραν
2905 1194 3151 1259 βασιλείαν
3185 1193 3284 1241 τῶν
3315 1192 3683 1242 εὖλαϐεστάτων

2094 1287 2374 1339 ἐπισκόπων
2405 1286 2456 1337 ἐν
2490 1291 2549 1350 τῇ
2582 1281 2945 1343 Χαλκηδονίων
2977 1282 3375 1344 συγκληθέντων,
3419 1282 3501 1331 καὶ
3536 1282 3689 1345 σκέμο

2095 1395 2249 1444 ματος
2281 1374 2573 1440 γενομένου,
2616 1374 2742 1437 μετὰ
2774 1373 2952 1428 πολλὰς
2994 1371 3289 1435 φιλονεικίας
3323 1371 3354 1427 ἡ
3398 1370 3576 1428 ἀληθής
3615 1369 3690 1418 πίε

2092 1485 2198 1523 στις
2223 1466 2452 1531 κατέσχε,
2487 1463 2571 1513 καὶ
2598 1462 2728 1513 κατὰ
2764 1462 2825 1511 τὰ
2856 1460 3129 1526 γράμματα
3166 1460 3255 1519 τῆς
3287 1458 3379 1518 σῆς
3406 1458 3687 1520 ἁγιωσύνης

2090 1558 2269 1613 πάντες
2297 1555 2571 1619 συνῄνεσαν
2615 1558 2674 1617 τῇ
2704 1550 2912 1610 ἐκθέσει,
2943 1551 3106 1605 καθὼς
3141 1550 3173 1607 ἠ
3200 1548 3399 1607 ἀλήθεια
3424 1547 3650 1610 ἀπῄτησε
3668 1565 3681 1577 ο

2092 1646 2177 1697 καὶ
2222 1645 2362 1696 οὐδὲν
2411 1641 2776 1707 ἀμφιϐάλλομεν
2825 1638 3007 1690 τούτου
3057 1635 3146 1688 τοῦ
3188 1633 3211 1670 ⁸
3261 1635 3552 1702 πράγματος
3596 1636 3683 1694 τὴν

2091 1738 2231 1803 χάριν
2278 1734 2395 1799 ἡμῖν
2438 1732 2521 1783 καὶ
2571 1738 2632 1796 τῇ
2667 1735 2731 1795 σῇ
2781 1727 3032 1793 ἁγιωσύνῃ
3070 1726 3241 1786 κοινήν
3292 1717 3437 1785 εἶναι,
3482 1724 3565 1775 καὶ
3613 1722 3686 1774 ἐπ’

2096 1826 2204 1885 ἴσης
2240 1824 2443 1891 χαίρειν,
2482 1819 2714 1877 οὕστινας
2755 1817 2968 1884 φανερόν
3016 1817 3148 1867 ἐστιν
3196 1811 3428 1879 ὁμοίως⁸
3470 1813 3689 1879 εἰρῆσθαι

2093 1918 2180 1975 τήν
2224 1914 2466 1972 ἀλήθειαν.
2500 1912 2668 1961 Δείπει
2696 1910 2832 1964 ὅπως
2861 1908 3061 1957 πάντων
3096 1903 3117 1939 ⁷
3150 1904 3281 1958 κατὰ
3312 1904 3400 1963 τὴν
3427 1905 3691 1962 καθολικὴν

2092 2007 2252 2055 πίστιν
2301 2003 2385 2053 καὶ
2423 2002 2511 2060 τὴν
2560 2000 2787 2058 ἀλήθειαν
2826 1997 3183 2057 συντεθέντων,
3220 1994 3304 2046 καὶ
3345 1993 3538 2061 εἰρήνης
3587 1992 3691 2050 ταῖς

2094 2092 2373 2152 ἐκκλησίαις
2407 2087 2751 2146 ἀποδοθείσης,
2792 2085 3081 2149 συμπάσαις
3122 2083 3291 2149 εὐχαῖς
3331 2083 3398 2138 εἷς
3447 2082 3688 2131 ἀπώλειαν

2095 2183 2191 2233 τῶν
2222 2179 2468 2242 πολεμίων
2510 2179 2543 2235 ἡ
2584 2177 2647 2234 σὴ
2686 2173 2941 2237 ἀγιωσῦνη
2981 2174 3070 2232 τὴν
3113 2172 3245 2221 θείαν
3285 2169 3690 2236 προσκαλέσηται

2092 2272 2323 2337 δύναμιν
2365 2270 2485 2331 ὅπερ
2516 2264 2574 2315 σε
2596 2263 2678 2313 καὶ
2711 2262 2807 2329 πρὸ
2836 2263 2934 2311 τῶν
2969 2262 3227 2327 ἡμετέρων
3255 2256 3278 2292 ⁸
3312 2259 3467 2308 ποιεῖν
3504 2256 3692 2321 ὠμολὸ·

2093 2380 2253 2427 γηται.
2300 2358 2492 2416 Ἐπειδή
2523 2356 2576 2404 δὶ
2621 2354 2705 2404 καὶ
2738 2350 2890 2404 τοῦτο
2935 2351 3236 2408 τετύπωται.
3278 2349 3410 2400 ὥστε
3452 2348 3514 2397 τὰ
3554 2346 3690 2414 παρᾶ

2095 2459 2191 2506 τῶν
2230 2453 2301 2523 ρν¹
2336 2451 2616 2502 ἐπισκόπων
2647 2447 2727 2498 ἐπὶ
2757 2450 2848 2497 τοῦ
2877 2447 2964 2507 τῆς
2998 2446 3129 2502 θείας
3166 2445 3340 2500 λέξεως
3369 2439 3393 2476 ³
3438 2447 3526 2491 τοῦ
3562 2441 3688 2490 ἀνω-

2095 2549 2239 2612 τέρου
2274 2542 2549 2594 Θεοδοσίου
2584 2539 2672 2598 τῆς
2704 2536 2849 2603 τιμῆς
2885 2538 3034 2587 ἕνεκα
3076 2534 3164 2594 τῆς
3206 2533 3391 2592 σεπτῆς
3428 2530 3690 2590 ἐκκλησίας

2095 2636 2192 2684 τῶν
2259 2626 2850 2682 Κωνσταντινουπολιτῦν
2905 2624 3224 2688 τυπωθέντα,
3277 2621 3361 2672 καὶ
3413 2620 3555 2670 ἅτινα
3600 2616 3687 2668 νῦν

2095 2724 2189 2774 ὑπὸ
2218 2722 2305 2781 τῆς
2342 2719 2483 2781 ἁγίας
2512 2716 2723 2767 συνόδου
2753 2713 2863 2781 περὶ
2908 2712 2999 2763 τοῦ
3038 2710 3193 2763 αὐτοῦ
3229 2710 3520 2779 πράγματος
3552 2710 3692 2759 τετύ-

2096 2830 2274 2871 πωται,
2306 2809 2481 2873 βέϐαια
2511 2799 2836 2871 φυλαχθῆνᾶι,
2858 2803 3062 2861 δηλαδὴ,
3086 2803 3167 2852 ῐνα
3197 2800 3323 2864 μετὰ
3357 2798 3442 2848 τὸν
3472 2800 3691 2848 ἀποστο-

2096 2905 2230 2953 λικὸν
2259 2899 2434 2964 θρόνον
2466 2898 2493 2945 ὁ
2521 2895 2609 2955 τῆς
2644 2890 3236 2943 Κωνσταντινουπολιτῶν
3276 2889 3454 2943 εὐθέως
3491 2886 3691 2938 ἐπίσκο-

2097 3011 2189 3048 πος
2224 2989 2454 3051 δεύτερον
2485 2983 2526 3018 ¹⁰
2567 2984 2673 3050 ἔχοι
2992 2980 3160 3039 τόπον,
3205 2979 3366 3036 ἐπειδὴ
3403 2978 3694 3042 περίφανεσ·

2099 3084 2221 3139 τάτη
2251 3079 2390 3132 πόλις
2417 3074 2638 3138 νεωτέρα
2679 3070 2850 3133 Ῥώμη
2878 3069 3291 3138 προαγορεύεται,
3328 3064 3365 3098 ¹¹
3401 3067 3694 3121 καταξιὼσει

2100 3176 2128 3229 ἡ
2155 3172 2217 3226 σή
2249 3164 2501 3229 ἀγιωσύνη
2529 3162 2612 3211 καὶ
2650 3159 2814 3224 τούτῳ
2855 3160 2926 3222 τῷ
2954 3160 3092 3222 μέρει
3127 3156 3438 3207 συναινέσαι’
3468 3156 3508 3203 εἰ
3538 3155 3619 3204 καὶ
3647 3156 3692 3205 οι

2101 3258 2454 3310 εὐλαϐέστατοι
2496 3250 2762 3299 ἐπίσκοποι
2802 3249 2870 3303 εις
2903 3247 3056 3296 τόπον
3093 3246 3180 3305 τῆς
3224 3244 3315 3302 σῆς
3348 3243 3615 3306 θεοφιλείας
3640 3245 3691 3292 ἐν

2101 3357 2159 3413 τῇ
2202 3346 2319 3407 ἁγία
2361 3339 2551 3402 συνόδῳ
2598 3335 2909 3390 συνελθόντες
2948 3335 3199 3385 ἀντεῖπον·
3237 3330 3551 3396 σφοδρότατα
3598 3331 3691 3396 γὰρ

2102 3439 2318 3487 ἐκώλυον
2361 3428 2589 3493 περὶτῆς
2613 3424 2766 3484 αὐτῆς
2806 3424 2990 3481 σεπτῆς
3032 3421 3292 3479 ἐκκλησίας
3330 3420 3612 3478 τυπωθῆναί
3646 3435 3694 3468 τι

2101 3529 2149 3577 ἐν
2183 3531 2239 3587 τῇ
2280 3518 2490 3581 συνόδῳ.
2539 3514 2821 3575 Ἐλπίζομεν
2851 3510 2905 3561 δὲ
2938 3513 3005 3566 ὡς
3041 3508 3440 3573 συμφωνούντων
3476 3509 3575 3556 τῶν
3602 3504 3691 3557 τοῦ

2100 3617 2280 3668 παντὸς
2319 3610 2515 3671 κόσμου
2567 3605 2739 3669 ἱερέων
2776 3602 2840 3650 τὰ
2878 3601 2981 3655 τοῖς
3014 3599 3282 3664 ρωμαῐκοῖς
3321 3596 3575 3661 πράγμασι
3608 3599 3693 3645 λυ-

2102 3700 2389 3756 σιτε).υῦντα
2428 3699 2459 3753 ἡ
2507 3694 2613 3743 θεία
2661 3690 2872 3758 πρόνοια
2922 3688 3190 3753 παρασχεῖν
3244 3685 3550 3739 καταξιώσει.
3601 3686 3692 3735 Διὰ

2102 3799 2158 3853 δὴ
2190 3796 2267 3843 δια
2294 3787 2577 3837 Λουκιανοῦ
2602 3785 2691 3829 τοῦ
2727 3778 3107 3843 θεοφιλεστάτου
3136 3776 3425 3831 ἐπισκόπου,
3445 3774 3526 3822 καὶ
3552 3774 3692 3823 Βασι-

2101 3888 2232 3935 λείου
2264 3876 2352 3927 τοῦ
2382 3873 2615 3924 διακόνου
2643 3870 2805 3920 πάντα
2829 3868 2947 3933 ὑμῖν
2984 3868 3309 3932 γνωρισθῆναι
3347 3863 3691 3927 ἐθεσπὶσαμ.εν,

2104 3973 2186 4023 καὶ
2245 3964 2476 4028 αἰτοῦμεν
2528 3963 2590 4011 τὰ
2638 3961 2772 4027 παρὰ
2817 3959 2905 4018 τῆς
2948 3958 3088 4019 ἁγίας
3134 3954 3345 4004 συνόδου
3407 3954 3694 4003 τυπωθέντα

2104 4066 2182 4112 ἵνα
2222 4058 2303 4108 καὶ
2344 4059 2374 4114 ἡ
2413 4054 2475 4112 σὴ
2518 4051 2741 4101 εὐσέϐεια
2788 4050 2855 4104 εἰς
2896 4046 2955 4096 τὸ
3007 4045 3224 4105 διηνεκὲς
3266 4043 3694 4109 παραφυλαχθῆναί

2108 4147 2357 4217 προστάξη
2427 4143 2487 4189 ‘li
2519 4139 2623 4188 θεία
2655 4154 2712 4187 σε
2752 4134 2962 4201 πρόνοια
3006 4133 3238 4197 φυλάττοι
3275 4131 3465 4186 πολλοῖς
3501 4131 3696 4197 χρόνοις

2107 4238 2353 4302 ἀγιώτατε
2386 4231 2468 4279 καὶ
2502 4227 2848 4291 θεοφιλέστατε
2870 4222 3046 4289 πάτερ.
3088 4221 3260 4278 Ἐδόθη
3297 4220 3391 4283 πρὸ
3430 4220 3693 4270 δεκαπέντε

2108 4324 2355 4377 καλανδῶν
2399 4316 2714 4381 Ἰανουαρίων
2735 4313 2784 4364 ἐν
2811 4309 3330 4364 Κωνσταντινουπόλει
3348 4308 3576 4362 ὑπατείας
3603 4306 3690 4355 τθῧ

2108 4414 2351 4465 δεσπότου
2385 4407 2525 4473 ἡμῶν
2562 4399 2859 4472 Μαρκιανοῦ
2895 4405 2982 4454 τοῦ
3035 4399 3231 4450 αἰωνίου
3271 4396 3567 4461 αὖγούστου,
3607 4385 3694 4446 καί

2111 4502 2196 4558 τοῦ
2222 4496 2646 4563 δηλωθησομένου.

2149 5067 2170 5104 ⁸
2204 5068 2289 5143 Ita
2320 5068 2517 5143 etme.
2551 5062 2705 5134 Vat,
2743 5063 2844 5123 sed
2876 5060 3191 5143 legendum
3215 5063 3380 5131 forte,
3403 5058 3682 5143 ιρᾶαθσιοη,

2152 5143 2171 5176 ⁷
2207 5138 2564 5210 Supplemus
2588 5209 2591 5210 ν
2617 5150 2744 5196 κατὰ
2769 5156 2838 5195 ex
2889 5136 3001 5195 m's.
3063 5138 3359 5209 Vat.,quze
3391 5136 3723 5208 prepositio

2079 5212 2231 5269 male
2262 5209 2427 5283 abest
2446 5209 2778 5283 aivulgatis.

2150 5285 2171 5319 ⁸
2205 5275 2739 5353 Βυρρίεηόυῐῐῖὴὶο
2770 5298 2837 5337 ex
2882 5280 3057 5337 veteri
3096 5283 3253 5335 textu
3286 5276 3509 5344 Latino,
3542 5280 3599 5333 et
3644 5275 3727 5332 le-

2080 5355 2363 5431 sentiam.
2394 5361 2996 5431 τίιιξεῖέριιξνλραιξμάτων-
3227 5423 3237 5431 .
3392 5420 3435 5431 -.
3479 5418 3513 5431 ..

2155 5378 2363 5419 Πιιυυι,
2394 5378 2649 5425 ημετερων
2713 5378 2996 5425 ραμματων.

2154 5429 2175 5461 ⁹
2203 5426 2417 5480 Veram
2448 5424 2539 5478 hic
2561 5378 2990 5479 tibilectionem
3012 5421 3245 5477 exhibet
3261 5436 3373 5476 ms.
3392 5418 3726 5478 Vaticanus.

2080 5501 2362 5573 corrupte
2394 5496 2454 5550 in
2485 5496 2756 5573 vulgatis,
2785 5505 2871 5573 τοο
2899 5502 3115 5573 ᾀωτέρευ
3133 5515 3164 5573 λ
3186 5491 3550 5573 cujusvocis
3580 5509 3619 5573 e7
3640 5507 3731 5573 re-

2081 5563 2341 5645 gione—in
2375 5563 2638 5645 margine
2688 5563 3040 5622 annotatum‘
3064 5563 3206 5622 fuit:
3252 5563 3441 5636 Forte,
3471 5571 3730 5643 προτέρου,

2156 5642 2199 5677 ²⁰
2230 5640 2293 5695 In
2326 5638 2653 5712 vulgatu}.

2064 5728 2069 5733 '
2155 5713 2196 5753 ¹¹
2227 5711 2417 5781 Forte,
2448 5711 2741 5782 καταξιώση.
