4096 6172
344 180 486 267 ,983

1502 187 1567 251 8.
1609 185 1887 252 LEONIS
1931 184 2184 251 MAGNI
2226 184 2652 251 EPISTOLE.
2739 223 2742 229 η

3664 184 3792 251 984

372 329 526 385 hanc
584 329 779 386 sedem
841 326 1145 394 habentes,
1203 330 1259 383 et
1315 326 1590 383 facientes
1644 326 1842 382 omnia
1900 341 2022 396 quae

2171 334 2422 404 ἀρχόντων
2447 332 2517 401 τῷ
2556 330 2812 401 συνεδρίῳ,
2846 329 2931 386 καὶ
2959 330 3350 402 ἀποφηναμένων
3384 327 3472 385 τὸν
3507 330 3643 402 παρὰ
3681 333 3770 394 τῆς

376 411 664 492 injuriam
695 410 945 474 afferunt
972 421 1100 472 tum
1132 416 1300 486 mihi,
1328 420 1452 472 tum
1504 414 2033 489 Constantinopolis

373 508 1085 581 sanetissimaaEcclesiaa.
1121 509 1453 565 Constituta
1491 513 1640 579 sunt
1692 508 1871 563 etiam
1911 506 2032 563 haec

375 605 527 658 nutu
560 601 965 673 piissimorum
993 602 1331 656 nostrorum
1362 600 1783 671 imperatorum
1837 601 2029 654 astan-

370 690 531 747 tibus
563 694 620 746 et
650 689 1291 763 magniﬁcentisssimis
1344 688 1903 760 gloriosissimisque
1925 688 2033 759 ju-

381 779 619 837 dicibus
650 778 915 861 concilio,
951 782 1007 834 et
1053 777 1573 852 pronuntiantibus
1628 776 2029 833 deﬁnitionem

372 872 590 926 sanctae
644 869 848 942 synodi
908 885 1037 925 esse
1094 868 1346 936 ﬁrmam,
1407 867 1731 939 obnixeque
1789 870 1846 922 et
1883 866 2031 938 ipsis

375 958 867 1015 contendentibus
926 962 982 1013 et
1032 956 1405 1029 cupientibus
1463 972 1685 1029 eaquae
1742 956 1813 1011 ad
1846 956 2029 1011 hono-

372 1062 499 1103 rem
530 1046 688 1102 sedis
719 1049 1003 1119 spectant,
1036 1051 1102 1102 ut
1130 1045 1407 1112 diximus,
1452 1063 1700 1118 quorum
1733 1063 1802 1102 ex
1826 1045 2031 1101 multis

374 1140 562 1208 pauca
589 1134 752 1192 vobis
782 1139 920 1191 nota
936 1135 1201 1206 fecimus,
1221 1153 1293 1192 ne
1317 1135 1625 1192 videamur
1640 1135 1886 1208 (a)ipsos
1906 1134 2032 1207 qui-

374 1226 508 1282 dem
537 1240 796 1298 gravare,
821 1242 990 1281 aures
1001 1242 1134 1281 vero
1152 1229 1374 1282 vestras
1390 1225 1861 1281 obtundere.Nos
1872 1224 2029 1281 enim

379 1318 439 1371 et
467 1317 603 1371 ante
632 1318 690 1371 et
718 1318 852 1387 post
876 1315 1144 1387 ipsorum
1172 1314 1514 1383 adventum,
1545 1315 1748 1386 quaead
1776 1317 2028 1370 vestram

374 1404 622 1479 gloriam
654 1407 711 1460 et
740 1404 1022 1461 honorem
1037 1405 1300 1460 debitum
1320 1403 1631 1477 pertinent,
1656 1404 1948 1459 curavisse
1970 1403 2030 1457 in

375 1495 735 1567 omnibus,et
751 1496 905 1551 Deus
936 1494 1288 1563 esttestis,et
1309 1494 1437 1566 ipsa
1468 1494 2026 1562 factamanifestant,

375 1585 669 1657 quomodo
700 1584 922 1640 scilicet
951 1587 1006 1640 et
1027 1584 1185 1656 ipsos
1214 1584 1432 1638 honore
1450 1586 1505 1638 et
1530 1598 1841 1637 munerum
1873 1598 2029 1638 reve-

376 1674 566 1730 rentia
594 1673 817 1747 dignati
833 1673 1059 1745 simusj:
1081 1676 1138 1728 et
1166 1671 1406 1727 honoris
1423 1671 1630 1744 gratia,
1651 1688 1764 1744 quo
1787 1688 1888 1727 vos
1906 1688 2031 1744 pro-
2060 1713 2108 1779 B

383 1762 710 1834 sequimur,
769 1760 1057 1832 ejusmodi
1087 1761 1263 1816 etiam
1322 1762 1617 1816 decretum
1650 1760 1722 1815 ad
1780 1763 2031 1815 vestram

381 1851 753 1908 'sanctitatem
767 1855 968 1907 sancta
978 1850 1237 1923 synodus
1250 1848 1469 1917 retulit,
1484 1853 1540 1905 et
1552 1849 1807 1921 nos(b)ut
1818 1864 2030 1921 appro—

378 1940 678 1998 bationem
709 1941 916 1998 avobis
930 1939 1548 2011 conﬁrmationemque
1578 1955 2027 2011 consequamur:

377 2030 873 2104 obsecramusque
902 2036 969 2087 ut
997 2030 1107 2086 hoc
1128 2029 1302 2086 etiam
1317 2047 1420 2102 per
1441 2047 1564 2097 vos,
1599 2046 1631 2085 o
1649 2028 2028 2098 sanctissimi,

376 2120 682 2178 efﬁciatur.
697 2121 844 2177 Nam
875 2119 1587 2193 sedesConstantinopolis
1616 2120 1793 2177 habet
1805 2124 2027 2194 patrem

372 2210 651 2268 thronum
682 2209 1065 2283 apostolicum
1094 2213 1378 2276 vestrum,
1410 2209 1701 2283 praecipuo
1733 2214 1909 2284 atque
1939 2229 2029 2268 ex-

375 2298 605 2356 cellenti
626 2300 869 2356 modose
898 2298 1092 2371 ipsam
1124 2298 1433 2355 vobiscum
1464 2300 1856 2372 conjungens,
1881 2304 2030 2356 utex

368 2393 560 2446 vestra
589 2389 661 2445 de
690 2389 820 2462 ipsa
849 2386 1263 2454 sollicitudine,
1298 2404 1502 2443 omnes
1535 2387 1775 2461 quidem
1809 2388 2025 2445 intelli-

370 2481 532 2554 gant,
557 2495 663 2535 vos
682 2477 917 2550 jamdiu
930 2477 1116 2550 ipsius
1131 2476 1456 2533 commodis
1471 2477 1694 2533 sincere
1709 2477 2024 2533 consulen-

370 2573 483 2637 tes,
515 2566 691 2624 etiam
722 2584 879 2623 nunc
909 2567 1177 2622 eamdem
1206 2583 1405 2622 curam
1439 2566 1653 2623 habere
1684 2567 1755 2622 de
1805 2566 1924 2622 illa.
1959 2568 2028 2623 Et

372 2652 526 2714 sicut
540 2654 708 2712 utilia
723 2654 1117 2712 ecclesiastico
1131 2656 1315 2712 statui
1332 2656 1531 2712 omnia
1557 2673 1682 2729 quae
1714 2660 2027 2713 consecuta

371 2738 529 2813 sunt,
557 2748 614 2801 et
643 2743 752 2800 rite
781 2748 946 2818 gesta
976 2744 1036 2799 in
1079 2744 1455 2802 sanctissima
1497 2748 1555 2800 et
1583 2744 1897 2800 universali
1931 2763 2025 2819 sy-

369 2834 523 2891 nodo
551 2836 679 2890 rata
701 2833 1607 2907 habere(c)dignabimini,ipsam
1641 2850 1874 2905 quoque
1889 2834 2025 2889 deﬁ-

369 2923 652 2980 nitionem
681 2923 1080 2996 supradictam
1112 2923 1182 3003 de
1214 2922 1349 2978 sede
1381 2921 2025 2996 Constantinopolitana

2167 426 2308 489 ἁγίας
2347 423 2556 475 συνόδου
2596 426 2713 492 ὅρον
2765 424 2960 490 βέϐαιον
3006 415 3157 488 εἶναι,
3191 421 3275 474 καὶ
3309 426 3764 490 προσφιλοτιμησα·

2169 516 2330 578 μένων
2365 513 2448 563 καὶ
2484 504 2649 563 αὐτῶν
2684 513 2746 563 τὰ
2775 514 2842 569 είς
2879 515 3043 577 τιμὴν,
3084 513 3303 580 καθάπερ
3344 514 3630 579 εἰρήκαμεν,
3673 520 3768 565 τοῦ

2167 602 2344 671 Θρόνου
2386 603 2730 660 συντείνοντα,
2771 603 2894 669 ἅπερ
2926 604 2982 652 ἐκ
3019 604 3209 653 πολλῶν
3237 602 3376 666 ὀλίγα
3408 603 3523 667 ὑμῖν
3562 604 3768 669 ἐγνωρί-

2167 706 2342 753 σαμεν,
2398 690 2480 741 ἵνα
2537 692 2600 754 μὴ
2655 689 2870 756 δόξωμεν
2937 690 3117 748 αὐτοὺς
3173 690 3259 756 μὲν
3317 691 3504 758 βαρεῖν,
3556 693 3661 747 ταῖς
3716 692 3769 741 δὲ

2166 778 2338 836 ἀκοαῖς
2375 780 2478 835 ταῖς
2516 780 2780 845 ὑμετέραις
2815 782 3152 845 παρενοχλεῖν.
3207 780 3380 843 Ἦμεῖς
3428 782 3520 846 γὰρ
3561 782 3639 830 ὅτι
3684 783 3771 830 καὶ

2164 866 2260 933 πρὸ
2302 867 2391 927 τῆς
2440 866 2605 917 αὐτῶν
2654 868 2945 934 παρουσίας,
2978 870 3040 918 τὰ
3079 870 3146 925 εῑς
3187 869 3330 924 δόξαν
3382 870 3622 935 ὑμετέραν
3681 868 3769 919 καὶ

2171 956 2319 1020 τιμὴν
2354 958 2442 1014 τὴν
2486 956 2808 1021 ὀφειλομένην
2850 958 2899 1007 ἐν
2939 962 3062 1007 πᾶσι
3099 958 3477 1024 διεπραξάμεθα,
3520 959 3603 1007 καὶ
3642 963 3771 1024 μετὰ

2166 1045 2254 1104 τὴν
2279 1045 2443 1094 αὐτῶν
2485 1047 2785 1111 παρουσίαν,
2838 1047 2961 1103 Θεός
3012 1064 3067 1097 τε
3115 1049 3329 1114 μάρτυς,
3379 1047 3461 1098 καὶ
3508 1048 3634 1098 αὖτά
3683 1067 3771 1100 πε-

2164 1134 2426 1200 πραγμένα
2484 1134 2639 1193 δηλοῖ.
2695 1138 2875 1193 σοπως
2926 1152 2983 1200 γε
3033 1137 3116 1188 καὶ
3163 1136 3346 1193 αὐτοὺς
3388 1139 3531 1201 τιμῆς
3578 1155 3632 1188 τε
3682 1139 3768 1189 καὶ

2166 1223 2464 1289 δορυφορίας
2489 1223 2768 1289 ἠξιώσαμεν
2799 1226 2947 1291 αἰδοῖ,
2985 1226 3069 1275 καὶ
3111 1232 3226 1290 τιμῇ
3255 1232 3314 1291 τῇ
3350 1227 3461 1291 περὶ
3493 1228 3639 1291 ὑμᾶς,
3683 1229 3769 1278 καὶ

2167 1310 2251 1361 τὸν
2294 1316 2520 1361 τοιοῦτον
2553 1312 2709 1363 τύπον
2752 1312 2829 1363 ἐπὶ
2869 1315 2957 1374 τὴν
3004 1316 3246 1381 ὑμετέραν
3289 1315 3525 1373 ὁσιότητα
3568 1319 3600 1374 ἡ
3645 1317 3768 1378 ἁγία

2166 1397 2373 1456 σὺνοδος
2396 1400 2635 1465 ἀνήνεγκε
2666 1403 2749 1451 καὶ
2782 1404 2943 1470 ἡμεῖς,
2979 1404 3052 1467 ἐφ’
3097 1398 3137 1470 ᾧ
3172 1421 3225 1453 τε
3262 1404 3379 1471 παρ’
3418 1404 3558 1468 ὑμῶν
3598 1406 3765 1471 τυχεῖν

2166 1488 2521 1550 συναινέσεως,
2569 1489 2654 1539 καὶ
2711 1491 3059 1556 βεϐαιότητος,
3112 1493 3492 1558 παρακαλοῦμέν
3546 1509 3629 1555 τε,
3682 1493 3767 1543 καὶ

2166 1574 2317 1627 τοῦτο
2358 1576 2473 1642 παρ’
2532 1578 2672 1642 ὑμῶν
2708 1580 2962 1647 γενέσβαι,
2995 1581 3282 1644 ἁγιώτατοι.
3347 1581 3409 1630 ‘0
3445 1581 3538 1647 γὰρ
3593 1582 3766 1649 θρόνος

2169 1667 2742 1724 Κωνσταντινουπόλεως
2787 1667 2887 1736 ἔχει
2919 1671 3111 1737 πατέροί
3160 1671 3245 1721 τὸν
3276 1670 3603 1722 ἀποστολικὸν
3646 1671 3764 1738 ϐρό-

2165 1771 2252 1807 νον
2278 1756 2418 1820 ὑμῶν
2460 1756 2802 1823 κατεεαίρετον
2845 1759 3019 1809 ἑαυτὸν
3055 1758 3279 1824 συνάψας
3303 1757 3331 1819 ,ί
3372 1760 3510 1823 ἡμῖν,
3560 1761 3641 1809 ἵνα
3678 1760 3764 1811 καὶ

2169 1843 2249 1894 διὰ
2269 1844 2357 1904 τῆς
2377 1845 2518 1909 ὑμῶν
2545 1846 2658 1911 περὶ
2676 1846 2827 1897 αὑτὸν
2860 1849 3118 1913 φροντίδος
3144 1849 3355 1905 ἅπαντες
3383 1848 3470 1913 μὲν
3498 1849 3763 1909 πεισθεῖεν,

2165 1932 2243 1983 ότι
2286 1933 2501 1996 γνησίως
2539 1932 2724 1985 ἄνωθεν
2776 1937 3205 2001 προνοησάμενοι,
3250 1937 3334 1986 καὶ
3365 1942 3450 1987 νῦν
3486 1939 3574 1997 τὴν
3607 1938 3763 1998 αὐτὴν

2163 2019 2357 2088 ἔχοντες
2392 2023 2646 2089 διαμένετε
2686 2024 2798 2092 περὶ
2840 2025 2988 2076 αὐτὸν
3033 2025 3294 2092 φροντίδα,
3335 2027 3419 2076 καὶ
3476 2030 3542 2083 ὡς
3575 2030 3763 2078 λυσιτε-

2160 2108 2345 2162 λοῦντα
2389 2111 2441 2160 δὲ
2478 2118 2537 2176 τῇ
2581 2104 2967 2185 ἐκκλησιαστικῇ
3008 2114 3313 2165 καταστάσει
3362 2116 3382 2146 ³
3419 2118 3761 2173 καταξιώσατε

2163 2200 2355 2251 ἅπαντα
2389 2201 2615 2266 κυρῶσαι
2638 2204 2701 2251 τὰ
2748 2204 3257 2270 παρακολουθήσαντα
3302 2204 3559 2270 ἐγγράφως
3602 2206 3650 2257 έν
3699 2214 3761 2271 τῇ

2163 2290 2418 2366 ἁγιωτάτῃ
2452 2292 2536 2339 καὶ
2564 2292 2883 2356 οἷκουμενίκῃ
2911 2293 3125 2359 συνόδῳ,
3152 2293 3236 2342 καὶ
3266 2293 3416 2342 αὐτὸν
3446 2294 3496 2343 δὲ
3526 2294 3611 2343 τὸν
3634 2314 3761 2360 προ·

2162 2381 2430 2444 ειρημένων
2456 2380 2568 2446 περὶ
2590 2379 2679 2430 τοῦ
2709 2381 2886 2446 θρόνου
2921 2383 3008 2441 τῆς
3040 2383 3614 2439 Κωνσταντινουπόλεως
3636 2388 3757 2452 ὅρον

2163 2466 2536 2531 ἐσπουδάσαμεν
2566 2468 2853 2519 ἀποστεῖλαι
2879 2470 3003 2536 πρὸς
3029 2473 3116 2530 τήν
3148 2472 3391 2538 ὑμετέραν
3431 2473 3716 2536 ἁγιωσύνην
3738 2489 3755 2504 ·

2161 2557 2242 2607 ἵνα
2271 2558 2356 2623 ἔχῃ
2383 2575 2436 2607 τε
2460 2557 2655 2620 εἰδέναι,
2689 2560 2755 2615 ὣς
2777 2560 2941 2624 εὐχαῖς
2964 2559 3071 2617 ταῖς
3098 2562 3358 2628 ὑμετέραις
3654 2567 3758 2615 θεο-

2161 2646 2327 2711 σόφως
2353 2647 2545 2697 ἅπαντα
2574 2647 2909 2713 ᾠκονόμηται,
2935 2650 3017 2699 καὶ
3046 2648 3428 2715 παρακαλοῦμεν
3466 2653 3755 2721 πρόσφορον

2161 2736 2417 2802 ἀπόκρισιν
2450 2736 2674 2792 δέξασθαι
2715 2736 2930 2797 ἑκάστην
2972 2740 3222 2799 ὑπόθεσιν,
3263 2740 3584 2799 διδάσκοντος
3622 2743 3757 2805 ὑμᾶς

2160 2824 2352 2874 ἅπαντα
2394 2828 2483 2874 τοῦ
2522 2824 2898 2888 θεοφιλεστάτου
2941 2825 3213 2878 ἐπισκόπου
3254 2828 3555 2888 Λουκιανοῦ,
3586 2825 3639 2885 ὃς
3669 2832 3755 2880 καὶ

2161 2913 2308 2970 αὐτὸς
2341 2914 2511 2979 παρὼν
2547 2920 2606 2977 τῇ
2648 2914 2763 2981 ἁγία
2801 2915 3011 2976 συνόδῳ,
3055 2915 3139 2966 καὶ
3181 2916 3437 2984 έμφρὸνως
3471 2920 3534 2969 τὰ
3569 2918 3753 2971 δυνατὰ

2160 3005 2451 3066 εἰσενεγκὼν
2492 3004 2563 3066 τῷ
2606 3004 2716 3070 περὶ
2764 3006 2850 3064 τῆς
2903 3004 3118 3062 πίστεως
3167 3007 3308 3072 ἡμῶν
3348 3008 3505 3071 ἀγῶνι
3549 3008 3750 3076 ἔπελέγῃ

2158 3093 2273 3157 παρ’
2322 3094 2464 3156 ἡμῶν
2519 3093 2923 3157 ὑπηρετήσασθαι
2982 3101 3039 3158 τῇ
3095 3094 3216 3161 πρὸς
3256 3095 3386 3160 ὑμᾶς
3431 3096 3506 3146 ἐπ’
3552 3098 3751 3162 ἀγαθοῖς

2158 3182 2406 3248 διακονίᾳ·
2449 3182 2571 3245 ἀνὴρ
2621 3183 2800 3238 τέλειος
2837 3183 3093 3248 ὑπάρχων,
3136 3184 3240 3240 τοῖς
3278 3201 3333 3233 τε
3372 3186 3751 3245 εὑσεὸεστάτοις

366 3011 703 3070 curavimus
731 3012 1082 3067 mittendam
1115 3011 1186 3066 ad
1225 3014 1483 3067 vestram
1535 3011 1926 3081 sanctitatem,
1961 3016 2025 3068 ut

366 3117 712 3178 cognoscere
739 3100 930 3174 possit
942 3100 1441 3173 quemadmodum
1455 3100 1662 3156 vestris
1675 3103 1716 3156 1
1732 3104 1765 3156 1
1782 3103 1881 3157 36
1899 3119 2021 3175 pre-
2050 3087 2092 3154 C

365 3192 530 3249 cibus
561 3208 629 3248 ex
657 3190 853 3246 divina
881 3187 1169 3263 sapientia
1210 3189 1409 3246 omnia
1460 3191 1697 3246 {uerunt
1743 3196 2019 3265 peracta;

358 3282 851 3353 vehementerque
873 3279 1239 3334 obtestamur
1268 3284 1333 3334 ut
1349 3295 1671 3353 congruam
1694 3281 2021 3353 responsio-

361 3360 496 3429 nem
528 3368 770 3444 recipiat
820 3384 1189 3440 unaquaque
1237 3369 1580 3441 propositio,
1642 3371 1889 3425 docente
1918 3387 2022 3426 vos

360 3461 559 3517 omnia
593 3457 692 3516 Dei
708 3456 1117 3515 amantissimo
1132 3457 1403 3531 episcopo
1422 3458 1806 3531 Luciano,qui
1822 3463 1879 3514 et
1894 3459 2020 3531 ipse

361 3567 619 3625 prasens
649 3552 851 3605 sancto
882 3547 1152 3617 concilio,
1186 3550 1244 3603 et
1273 3564 1506 3603 summa
1542 3564 1675 3602 eum
1709 3548 2021 3620 prudentia

362 3657 468 3720 pro
497 3637 650 3695 virili
681 3641 848 3710 parte
868 3636 1203 3693 allaborans
1218 3640 1416 3693 nostro
1435 3636 1628 3691 studio
1660 3653 1797 3709 erga
1817 3637 2015 3692 ﬁdem.

365 3728 587 3786 electus
617 3731 707 3784 est
727 3743 762 3783 a
790 3726 981 3794 nobis,
1014 3728 1080 3780 ut
1107 3725 1253 3779 bene
1281 3742 1348 3780 ac
1367 3723 1611 3781 feliciter
1640 3723 1824 3780 nostri
1857 3725 2021 3780 obse-

367 3817 492 3891 quii
520 3832 660 3889 erga
686 3814 954 3871 vosvices
967 3813 1460 3884 susciperet,cum
1492 3813 1568 3868 sit
1582 3814 1671 3868 vir
1699 3813 2014 3885 perfectus,

365 3908 543 3978 atque
565 3901 850 3978 piissimis
876 3905 932 3957 et
962 3901 1611 3957 Christiamantissimis
1641 3901 2687 3978 nostrisimperatoribusjamdudum
2705 3907 2950 3975 amicus,
2979 3925 3154 3981 quem
3168 3910 3633 3967 vestrabonitate
3646 3926 3781 3984 gau_

367 3992 858 4069 dentem,la~tum
890 3992 960 4047 ad
996 4007 1101 4046 nos
1134 3990 1365 4046 mittere
1395 3989 1741 4062 dignemini.
1765 3994 1968 4047 Totam
1994 3994 2418 4052 fraternitatem
2442 4013 2575 4051 cum
2601 4002 2796 4053 vestra
2812 3997 3174 4054 beatitudine
3187 3997 3248 4054 in
3260 3998 3491 4056 Christo
3517 4004 3575 4057 et
3591 4011 3783 4073 ego,et

365 4083 467 4156 qui
497 4098 728 4140 mecum
759 4084 898 4136 sunt
925 4078 1250 4153 plurimum
1282 4079 1634 4150 salutamus,
1667 4079 1980 4139 Incolumis
2013 4082 2073 4139 in
2107 4084 2373 4151 Domino,
2407 4088 2465 4141 et
2486 4102 2590 4157 pro
2624 4085 2797 4142 nobis
2811 4100 3009 4155 orans,
3028 4086 3265 4145 doneris
3287 4087 3479 4144 nobis.
3511 4089 3629 4145 Deo
3653 4087 3779 4145 eba-

359 4171 597 4231 rissime
625 4173 682 4228 et
710 4168 1049 4227 beatissime
1078 4167 1266 4224 Pater.

2157 3270 2239 3319 καὶ
2279 3270 2605 3336 φιλοχρίστοις
2650 3271 2791 3335 ἡμῶν
2830 3273 3107 3336 βασιλεῦσιν
3156 3269 3341 3324 ἄνωθεν
3393 3274 3552 3338 φίλος·
3595 3277 3745 3345 ὅνπερ

2156 3360 2507 3409 ἀπολαύσαντα
2567 3361 2653 3417 τῆς
2698 3361 2939 3425 ὑμετέρας
2984 3359 3290 3421 ἀγαϐότητος
3337 3363 3573 3428 χαίροντα
3621 3366 3747 3430 πρὸς

2155 3449 2286 3509 ἡμᾶς
2311 3447 2552 3510 ἐκτέμψαι
2579 3448 2937 3503 καταξιώσατε.
2977 3450 3154 3499 Πᾶσαν
3189 3452 3275 3509 τήν
3311 3451 3400 3500 σὺν
3438 3458 3497 3517 τῇ
3525 3455 3744 3520 ὑμετέρᾳ

2157 3535 2481 3600 μακαριότητι
2514 3536 2562 3584 ἐν
2598 3536 2806 3602 Χριστῷ
2857 3537 3164 3601 ἀδελφότητα
3200 3537 3299 3604 ἐγώ
3328 3555 3401 3600 τε,
3440 3540 3525 3590 καὶ
3561 3542 3607 3591 οι
3647 3544 3738 3592 σὺν

2156 3623 2266 3687 ἐμοὶ
2292 3625 2495 3674 πλεῖστα
2517 3625 2974 3692 προσαγορεύομεν.
3023 3626 3334 3693 Ἐῤῥωμένος
3360 3628 3409 3679 ἐν
3440 3630 3624 3695 Κυρίῳ;
3655 3632 3741 3681 καὶ

2152 3715 2544 3780 ὑπερευχόμενος
2584 3716 2745 3777 ἡμῶν,
2784 3716 3061 3785 χαρισθείης
3091 3717 3226 3780 ἡμῖν,
3276 3719 3621 3783 θεοφιλέστατε
3656 3719 3738 3769 καὶ

2156 3804 2498 3863 μακαριώτατε
2525 3806 2710 3863 Πάτερ.

891 4328 1246 4386 EPISTULA
1276 4329 1350 4400 (d)
1378 4330 1493 4386 cu.

725 4421 798 4493 (e)
827 4436 900 4476 AD
939 4435 1242 4476 smscoros
1281 4436 1636 4477 GALLIARUM.

743 4512 819 4566 De
846 4509 1197 4565 damnatione
1227 4509 1625 4565 haereticorum.

355 4602 647 4659 SYNOPSIS.
681 4629 751 4639 ——
776 4600 820 4653 l.
854 4597 921 4653 Se
958 4597 1242 4653 Gallorum
1296 4600 1671 4669 episcOporum
1723 4600 2010 4669 epistolam

425 4672 629 4728 caelesti
655 4670 904 4725 doctrina
932 4670 1152 4738 plenam
1173 4672 1439 4739 accepisse
1459 4672 1701 4724 nuntiat.
1733 4699 1803 4709 ——
1834 4670 1903 4724 ΙΙ.
1933 4672 2011 4724 De

425 4741 629 4814 synodo
661 4742 1014 4814 acumenica.
1050 4742 1316 4814 Humanis
1341 4741 1405 4814 de
1434 4740 1542 4814 fide
1561 4741 1886 4814 ratiociniis
1924 4742 2008 4795 lo-

426 4811 553 4870 cilm
581 4828 693 4869 esse
722 4828 835 4868 non
854 4811 1064 4867 debere.
1097 4842 1167 4853 —
1197 4812 1291 4867 ΙΙΙ.
1333 4813 1568 4867 Nestorii
1620 4816 1670 4867 et
1699 4813 2008 4883 Eutychetis

2052 4336 2098 4401 D
2197 4334 2449 4419 dogmata
2472 4336 2690 4419 pariter
2719 4334 2834 4390 esse
2884 4335 3169 4419 fugienda.
3202 4367 3270 4419 ῖς
3300 4335 3392 4392 IV.
3425 4336 3703 4409 Synodum

2198 4406 2440 4480 epistolae
2468 4406 2660 4480 Leonis
2711 4406 3060 4480 consensisse,
3088 4416 3141 4463 et
3199 4406 3489 4463 Discoruni
3539 4410 3771 4480 proscri-

2189 4479 2382 4549 psisse.
2416 4508 2485 4518 —
2513 4478 2581 4531 V.
2615 4478 2689 4532 De
2719 4478 2805 4531 his
2833 4479 3086 4534 omnibus
3114 4481 3327 4547 gratias
3355 4480 3460 4535 Deo
3477 4478 3592 4536 esse
3613 4496 3772 4549 agen-

2191 4548 2288 4623 das
2310 4567 2326 4614 ;
2352 4565 2456 4623 pro
2481 4549 2779 4623 legatoram
2808 4549 2992 4605 reditu
3011 4551 3279 4606 orandum
3296 4567 3317 4611 ;
3334 4553 3626 4608 victoriam
3650 4548 3772 4623 ﬁdei

2188 4620 2447 4691 Hispanis
2472 4636 2570 4691 per
2603 4619 2783 4676 Gallos
2811 4637 2924 4676 esse
2952 4623 3343 4677 nuntiandum.

2120 4742 2234 4815 LE9
2267 4741 2738 4815 Romanaequrbis
2768 4742 3099 4815 episcOpus,
3136 4743 3458 4810 RAVENNIO,
3506 4744 3766 4810 Ros'nco,

2186 4813 3265 4886 Vansmo,(/)CONSTAN7r1ANo,Maxmo,
3282 4815 3359 4887 (g)
3372 4816 3583 4873 Anum
3592 4831 3764 4881 ramo,

430 4963 621 5036 (a)‘Ad
651 4962 873 5036 legatos
906 4962 1198 5031 pontiﬁcis
1229 4961 1347 5017 haec
1377 4960 1729 5032 referuntur,
1762 4963 1918 5019 sicut
1954 4969 2011 5020 et

357 5035 681 5109 sequentia,
715 5035 858 5108 ipsos
888 5036 1088 5089 honore
1104 5037 1152 5088 et
1164 5049 1455 5088 munerum
1468 5038 1777 5090 reverentia
1794 5037 2010 5107 dignati

355 5125 547 5163 szmus.

428 5178 503 5251 (ὁ)
536 5176 1167 5251 Οοῃοίιιυηῐῳιωίᾴοω
1179 5176 1482 5251 Anatolius
1498 5178 1569 5233 ad
1590 5179 1840 5234 Leonem
1853 5179 2010 5234 dein-

355 5248 492 5322 ceps
524 5248 761 5322 scripsit
787 5249 957 5322 epist.
990 5249 1110 5322 132.
1143 5264 1270 5319 cap.
1291 5249 1355 5304 4:
1392 5248 1526 5303 Cum
1554 5258 1605 5304 et
1633 5251 1712 5322 sic
1738 5258 2011 5319 gestorum

353 5319 442 5374 vis
465 5319 717 5375 omnes'et
737 5319 1079 5388 conﬁrmatio
1092 5321 1409 5375 auctoritati
1432 5327 1628 5376 vestrae
1655 5320 2011 5377 beatitudinis

356 5391 526 5460 fuerit
556 5395 844 5446 reservata.

427 5463 499 5532 (ο)
532 5462 592 5515 In
611 5462 806 5533 Graeco
825 5460 1058 5532 quidem
1075 5460 1287 5533 legitur
1302 5470 1644 5529 καταξιώσατε,
1678 5462 2004 5531 dignemini.

355 5530 430 5605 At
459 5530 725 5605 Syntaxis
751 5536 811 5605 et
822 5530 1031 5588 sensus
1053 5530 1363 5605 legendum
1387 5533 1642 5605 ostendit
1670 5543 2008 5603 καταξιώσετε,

354 5600 726 5669 dignabimini
744 5621 763 5655 :
781 5603 853 5657 de
885 5600 1467 5675 approbationeenim
1487 5609 1543 5660 et
1572 5600 2008 5662 conﬁrmatione

2117 4968 2382 5039 actorum
2414 4982 2448 5020 a
2476 4965 2665 5039 Leone
2696 4966 3027 5036 praestanda
3058 4966 3273 5039 agitur.

2189 5037 2266 5107 (αἱ)
2301 5036 2558 5092 Alias77.
2592 5038 2725 5100 Quae
2745 5041 2939 5093 autem
2960 5036 3131 5093 antea
3158 5039 3261 5093 102
3291 5042 3434 5106 erat,
3470 5039 3760 5094 nunci3t.

2118 5109 2346 5179 Scripta
2374 5111 2441 5162 27
2471 5109 2735 5163 Januarii
2768 5126 2863 5163 an.
2895 5110 3020 5163 452.

2189 5179 2257 5250 (e)
2291 5180 2490 5234 Exstat
2520 5179 2580 5234 in
2613 5197 2755 5235 mss.
2789 5179 3012 5235 collect.
3048 5181 3135 5245 12,
3169 5183 3252 5247 18,
3293 5180 3362 5235 19
3390 5184 3448 5237 et
3495 5182 3588 5249 24,
3612 5197 3679 5237 ac
3706 5179 3760 5234 in

2116 5249 2246 5307 Vat;
2277 5252 2402 5317 541,
2436 5249 2530 5305 οιιὶ
2562 5251 2889 5307 additiones
2920 5257 3294 5308 accesserunt
3322 5268 3392 5308 ex
3420 5251 3644 5309 collect.
3675 5252 3757 5307 24.

2117 5324 2221 5378 Est
2250 5321 2553 5394 responsio
2583 5322 2958 5394 epistolaa99.

2191 5392 2504 5466 (/)ltiafcod.
2532 5392 2752 5466 Ratisp.
2773 5393 2907 5448 utin
2939 5393 3107 5464 epist.
3140 5393 3228 5465 99,
3251 5394 3363 5464 AL,
3390 5396 3757 5451 Constantino.

2189 5465 2264 5534 (g)
2297 5465 2455 5519 Idem
2488 5465 3056 5533 codex,’Armaz.orio.

2190 5536 2204 5608 ξ
2238 5537 2396 5608 Leg.,
2430 5544 2563 5608 ὑμῖν.

2187 5606 2208 5641 ²
2238 5606 2398 5680 Ῑλθςη
2430 5606 2768 5680 καταξιώσετε,
2798 5608 2886 5669 vel
2918 5617 3269 5677 κατηξιώσατο.
