4036 6176
552 284 669 354 998

1670 276 1736 344 s.
1783 276 2064 388 Leonis
2109 272 2360 363 MAGNI
2403 275 2829 348 EPISTOLE.
3205 287 3212 297 '
3761 290 3864 355 996

553 413 1078 489 stantinopolitana
1102 411 1308 470 civitas
1320 411 1566 487 gloriam
1581 429 1771 480 suam,
1787 429 1854 470 ac
1868 416 2201 487 protegente

2337 421 2514 493 τέρας,
2551 423 2569 460 ¹
2612 425 2877 477 ἀπολαύσει
2932 424 3204 492 βασιλείας·
3241 421 3383 482 ἄλλος
3422 419 3446 458 ⁸
3480 423 3568 492 γὰρ
3610 423 3735 493 λόγος
3767 433 3843 484 τῖεν

549 509 787 565 dextera
805 505 925 573 Dei,
950 504 1230 560 diuturno
1253 502 1572 559 clementia:
1597 507 1798 558 vestrae
1823 503 2050 558 fruatur
2090 504 2207 558 im-

557 596 738 669 perio.
761 594 887 650 Alia
907 599 1104 649 tamen
1135 593 1282 648 ratio
1320 596 1410 648 est
1442 609 1638 648 rerum
1680 591 2067 660 saecularium,
2097 592 2211 648 alia

551 683 882 741 divinarum
909 701 922 750 ;
947 698 1052 738 nec
1073 685 1282 753 praeter
1302 679 1463 736 illam
1490 685 1714 752 petram
1734 697 1912 753 quam
1926 681 2209 737 Dominus

547 773 609 829 in
635 773 1016 829 fundamento
1039 770 1115 841 (a)
1137 769 1336 842 posuit
1357 768 1562 840 (Matth.
1585 784 1701 837 xvr,
1717 768 1830 840 48),
1856 768 2086 826 stabilis
2099 769 2213 827 erit

549 861 672 918 ulla
689 859 1070 918 constructio.
1093 857 1338 930 Propria
1357 856 1573 929 perdit,
1591 858 1692 929 qui
1714 858 1978 915 indebita
2005 875 2214 916 concu-

548 951 741 1024 piscit.
757 949 914 1006 Satis
931 947 1008 1005 sit
1019 946 1293 1020 pradicto
1315 947 1470 1020 quod
1483 951 1689 1002 vestrae
1705 945 1940 1019 pietatis
1951 946 2208 1017 auxillio,

547 1043 606 1094 et
625 1037 739 1095 mei
763 1037 973 1093 favoris
1000 1051 1271 1102 assensu,
1296 1038 1706 1107 episcopatum
1728 1038 1902 1091 tantas
1924 1036 2088 1091 urbis
2108 1036 2210 1092 ob-

549 1115 880 1183 tinuit.Non
897 1125 1246 1198 dedignatur
1259 1124 1480 1197 regiam
1497 1123 2214 1198 civitatem,quam(b)apo-

547 1215 817 1274 stolicam
841 1229 958 1269 non
989 1217 1185 1286 potest
1213 1213 1402 1269 facere
1445 1213 1645 1269 sedem
1672 1231 1686 1281 ;
1733 1229 1841 1270 nec
1862 1212 1981 1269 ullo
2019 1217 2213 1287 speret

549 1305 722 1360 modo
743 1303 900 1376 quod
927 1317 1031 1374 per
1069 1299 1320 1357 aliorum
1361 1301 1550 1373 possit
1591 1301 1946 1358 offensiones
1985 1319 2207 1374 augeri.

618 1405 998 1482 (c)Privilegia
1011 1408 1169 1463 enim
1188 1406 1953 1474 Ecclesiarum,sanctorum
1971 1409 2210 1465 Patrum

548 1499 872 1556 canonibus
908 1497 1200 1563 instituta,
1225 1499 1283 1552 et
1328 1497 1681 1553 venerabilis
1727 1497 1972 1554 Nicaeus:
2004 1499 2209 1570 synodi

547 1584 1108 1653 fixadecretis,nulla
1122 1585 1759 1658 possuntimprobitate
1779 1585 2214 1654 convelli,nulla

548 1675 883 1747 novitate(d)
902 1675 1138 1731 mutari.
1158 1679 1223 1729 In
1249 1690 1364 1746 quo
1381 1691 1574 1746 opere,
1592 1674 1932 1731 auxilliante
1953 1673 2207 1744 Christo,

546 1765 797 1821 fideliter
816 1762 1206 1835 exsequendo,
1231 1777 1467 1819 necesse
1488 1767 1593 1851 est
1609 1779 1701 1818 me
1741 1768 2207 1834 perseverantem
2239 1785 2285 1851 Β

547 1853 817 1909 exhibere
837 1851 1219 1908 famulatum:
1245 1851 1522 1923 quoniam
1541 1850 1901 1923 dispensatio
1921 1852 2065 1907 mihi
2081 1869 2204 1908 cre-

547 1943 670 1997 dita
697 1945 804 2009 est,
829 1944 888 1996 et
909 1940 981 1996 ad
1000 1955 1198 1996 meum
1225 1940 1409 1996 tendit
1429 1944 1678 2006 reatum,
1727 1940 1779 1996 si
1829 1944 2208 2013 paternarum

548 2029 761 2103 regulae
791 2028 1184 2094 sanctionum,
1205 2045 1331 2100 quae
1349 2029 1408 2084 in
1429 2029 1648 2101 synodo
1665 2029 1917 2095 Nicaena,
1935 2030 2009 2086 ad
2027 2030 2208 2086 totius

547 2119 815 2175 Ecclesia
839 2118 1098 2189 regimen
1119 2117 1339 2190 Spiritu
1362 2117 1462 2173 Dei
1492 2117 1845 2186 instruente,
1887 2124 2029 2174 sunt
2068 2135 2208 2175 con-

547 2209 702 2273 ditae,
718 2222 810 2262 me
824 2207 1004 2279 (quod
1018 2205 1193 2276 absit)
1212 2206 1916 2275 connivente,violentur;
1933 2213 1990 2262 et
2019 2209 2210 2280 major

547 2296 625 2352 sit
643 2296 797 2367 apud
823 2311 915 2350 me
949 2293 1125 2350 unius
1157 2294 1356 2350 fratris
1385 2293 1674 2364 voluntas,
1707 2312 1886 2368 quam
1918 2295 2204 2352 universa:

546 2385 759 2440 domus
777 2383 1007 2440 Domini
1028 2381 1360 2439 communis
1393 2382 1639 2440 utilitas.

617 2490 750 2545 CAP.
778 2493 871 2546 IV.
898 2521 963 2532 -—
987 2491 1052 2546 Et
1089 2488 1219 2545 ideo
1257 2489 1452 2545 sciens
1479 2488 1793 2562 gloriosam
1832 2489 2204 2547 clementiam

541 2578 1219 2635 vestramecclesiasticae
1254 2579 1491 2635 studere
1527 2579 1871 2649 concordiae,
1909 2585 1968 2635 et
2003 2582 2197 2636 I151

545 2669 640 2725 his
662 2686 788 2741 quae
803 2668 1022 2740 paciﬁzs
1056 2672 1390 2740 congruunt
1415 2667 1651 2736 unitati,
1687 2667 2022 2741 piissimum
2057 2685 2203 2740 prae-

545 2763 699 2814 stare
733 2773 1113 2824 consensum,
1136 2772 1340 2828 precor
1378 2761 1436 2812 et
1469 2755 1673 2812 sedula
1694 2757 2068 2830 suggestione
2098 2773 2202 2813 vos

545 2848 806 2912 obsecro,
831 2849 896 2901 ut
917 2861 1098 2901 ausus
1135 2845 1434 2917 improbos
1455 2845 1666 2899 unitati
1692 2844 2037 2900 Christianae
2052 2846 2204 2918 paci-

544 2952 656 3008 que
681 2935 1005 2992 contrarios
1029 2935 1102 2989 ab
1123 2933 1530 3005 omnipietatis
1561 2938 1761 2989 vestrm
1793 2934 2074 2989 abdicetis
2107 2952 2201 2990 as-

543 3040 722 3081 sensu
750 3030 808 3080 et
831 3023 1026 3079 fratris
1051 3022 1166 3078 mei
1193 3020 1443 3078 Anatolii
1468 3023 1795 3078 nocituram
1831 3022 1968 3095 ipsi,
2001 3023 2049 3078 si
2076 3041 2202 3095 per-

542 3114 776 3180 stiterit,
803 3111 1182 3185 cupiditatem
1205 3109 1521 3167 salubriter
1555 3112 1988 3184 comprimatis:
2030 3129 2102 3168 ne
2133 3129 2202 3169 ea

545 3219 672 3274 quae
688 3207 890 3258 vestra:
913 3201 1107 3275 gloriae
1123 3206 1300 3272 atque
1319 3201 1682 3272 temporibus
1701 3201 1938 3256 inimica
1954 3219 2020 3257 su
2030 3206 2202 3258 ntcu-

542 3291 732 3365 piens,
763 3291 951 3361 major
984 3288 1110 3344 suis
1141 3287 1279 3344 velit
1305 3304 1434 3344 esse
1465 3288 1759 3361 prioribus
1785 3307 1798 3355 ;
1832 3289 2200 3362 liberumque

541 3380 626 3436 illi
641 3381 719 3436 sit
735 3378 972 3450 quantis
988 3375 1560 3450 potueritsplendere
1573 3377 1890 3434 virtutibus
1915 3395 1928 3445 ;
1949 3395 2199 3450 quarum

540 3487 655 3524 non
679 3467 848 3524 aliter
867 3467 1160 3539 particeps
1179 3467 1311 3536 erit,
1335 3465 1448 3522 nisi
1472 3466 1756 3522 cbaritate
1790 3467 1978 3540 magis
2009 3466 2201 3523 volue-

541 3558 618 3613 rit
637 3556 832 3614 ornari
855 3572 1029 3628 quem
1053 3556 1373 3612 ambitione
1394 3555 1668 3612 distendi.
1685 3555 1845 3612 Hanc
1862 3559 2056 3612 autem
2089 3556 2199 3612 im-

537 3647 702 3719 probi
722 3645 1454 3716 desideriiconceptionem
1471 3661 1795 3717 numquam
1824 3645 2062 3717 quidem
2098 3645 2198 3700 de-

537 3735 838 3790 buitintra
865 3733 1059 3789 cordis
1074 3733 1165 3787 sui
1183 3733 1440 3804 recipere
1469 3734 1909 3802 secretum;sed
1945 3751 2079 3790 cum
2113 3732 2199 3788 illi

533 3822 816 3893 (e)l‘ratres
829 3826 886 3875 et
901 3821 1234 3892 coepiscopi
1249 3822 1384 3888 mei,
1401 3821 1501 3892 qui
1519 3821 1639 3877 vice
1661 3838 1788 3877 mea
1806 3823 2071 3890 aderant,
2096 3822 2198 3878 ob-

532 3909 856 3976 viarent,ab
869 3907 1072 3962 illicito
1093 3909 1352 3980 appetito
1364 3925 1434 3964 ex
1445 3925 1649 3964 eorum
1663 3911 1731 3980 (f)
1744 3910 1953 3966 saltem
1971 3910 2198 3966 salubri

532 3995 990 4053 contradictione
1009 4001 1319 4052 cessasset.
1339 3995 1486 4052 Nam
1502 4002 1558 4052 et
1580 4003 1787 4053 vestra:
1810 3998 2043 4070 pietatis
2073 3999 2197 4071 api-

532 4101 647 4152 ces,
672 4088 728 4139 et
749 4083 938 4154 ipsius
959 4084 1185 4155 scripta
1205 4083 1528 4152 declarant,
1551 4085 1774 4158 legatos
1789 4087 1947 4143 sedis
1968 4092 2198 4159 aposto-

530 4172 837 4242 licaa,sicut
852 4171 1132 4245 oportuit,
1145 4173 1607 4231 contradictione
1614 4176 1639 4246 j
1646 4174 2198 4249 ustissima(g)resti-

601 4351 680 4424 (a)
701 4349 1055 4424 Adverbium
1074 4353 1217 4408 mire
1235 4350 1488 4424 inseruit
1508 4352 1859 4418 Quesnellus
1883 4371 1896 4410 :
1929 4355 2199 4411 omnium

528 4429 866 4479 nostrorum
891 4423 1159 4480 codicum
1182 4428 1239 4479 et
1261 4423 1511 4479 aliarum
1527 4425 1702 4480 etiam
1735 4425 2063 4484 editionum
2096 4443 2199 4482 au-

527 4495 795 4568 ctoritate
805 4493 1432 4568 delevimussimiliter
1446 4497 1838 4568 expunximus
1855 4497 2197 4554 adverbium

2336 519 2594 579 κοσμιχῶν
2635 518 2741 568 ἐστι
2778 517 3099 582 πραγμάτων,
3139 515 3219 565 καὶ
3242 515 3381 572 ἄλλος
3414 516 3506 564 τῶν
3537 515 3689 579 θείων,
3709 521 3775 569 rei
3796 524 3846 583 μή

2338 606 2455 670 παρ’
2477 609 2662 666 ἐκείνην
2698 610 2786 666 τήν
2820 609 3024 674 πέτραν,
3050 607 3221 666 ἥντινα
3245 607 3274 655 δ
3315 604 3548 661 δεσπότης
3574 605 3618 653 ἐν
3652 608 3712 669 τῷ
3738 610 3849 671 θεμι.

2339 694 2424 760 λίῳ
2453 695 2672 754 τέθηκεν,
2694 694 2715 728 ³
2749 695 2879 747 ἔστω
2905 696 3109 762 ἰσχυρὸν
3139 687 3242 745 οἷον
3269 695 3333 752 δὴ
3357 709 3479 742 ποτε
3501 696 3850 759 κατασκεύασμα.

2337 782 2414 833 Τὰ
2446 780 2542 834 δια
2566 785 2845 845 ἅπολλυσιν,
2890 789 2918 853 δ
2945 786 3043 834 τῶν
3067 785 3133 849 μὴ
3159 781 3603 847 κεχρεωστημὲνων
3632 783 3850 847 Mosi-4.

2338 868 2362 905 ⁸
2423 872 2636 938 Ἀριέσει
2682 876 2752 938 τῷ
2787 875 3127 942 προλεχθέντι,
3163 874 3239 921 ότι
3277 870 3481 936 βοηθείᾳ
3513 870 3596 928 τῆς
3634 872 3714 929 σῆς
3749 873 3854 924 εὐοι-

2341 961 2492 1022 θεῖας,
2532 965 2616 1013 καὶ
2659 965 2852 1030 σπουδῇ
2893 965 2978 1022 τῆς
3019 962 3141 1026 ἐμῆς
3185 961 3517 1013 συναινέσεως
3556 957 3635 1017 ἧς
3663 962 3861 1020 τοσαύτης

2337 1050 2527 1108 πόλεως
2582 1055 2671 1111 τήν
2727 1053 2998 1111 ἐπισκοπὴν
3059 1051 3301 1114 κατέσχε,
3370 1049 3438 1112 μή
3485 1048 3714 1122 ἀπαξιῶσῃ
3764 1049 3858 1115 ἔχειν

2341 1141 2564 1203 βασιλίδα
2599 1142 2735 1192 πόλιν
2752 1179 2766 1202 ,
2808 1143 2978 1202 ἥντινα
3017 1137 3346 1190 ἀποστολικὸν
3399 1137 3570 1202 θρόνον
3611 1137 3781 1195 ποιῆσαι
3815 1139 3859 1188 οὐ

2339 1227 2563 1280 δΰναταισ
2617 1230 2638 1264 ⁵
2685 1230 2784 1282 ἀλλ’
2834 1232 3044 1281 οὐδέτινι
3092 1229 3260 1296 τρόπῳ
3305 1227 3522 1286 ἐλπίσει,
3567 1227 3676 1290 ὅπερ
3719 1223 3784 1276 διὰ
3819 1228 3860 1277 τὸ

2338 1324 2681 1385 προσκροῦσαι
2716 1320 2917 1387 ἑτέροις,
2960 1319 3161 1368 δύναται
3195 1316 3481 1375 αὐξηθῆναι.
3509 1313 3582 1363 τὰ
3618 1316 3701 1378 γὰρ
3733 1315 3862 1380 apod-

2343 1424 2431 1469 μια
2462 1409 2561 1457 τῶν
2591 1410 2742 1473 ἁγίων
2774 1409 3046 1469 ἐκκλησιῶν
3084 1408 3186 1462 τοῖς
3217 1406 3318 1455 τῶν
3356 1403 3583 1468 πατέρων
3620 1402 3782 1461 κανόσι,
3803 1403 3863 1453 ul

2341 1495 2428 1555 τῆς
2462 1498 2645 1556 σεπτῆς
2677 1498 2885 1548 συνόδου
2919 1498 3007 1557 τῆς
3029 1496 3078 1545 ἐν
3109 1494 3295 1560 Νικαία
3331 1491 3437 1547 τοῖς
3472 1490 3673 1554 δόγμασι
3696 1506 3865 1540 rem

2341 1586 2486 1648 μένα,
2540 1587 2588 1644 ἐξ
2639 1587 2868 1649 οὐδεμιᾶς
2926 1585 3132 1636 δύναται
3186 1582 3436 1636 ἀναιδείας
3487 1579 3863 1646 παρασκασθῆναι·

2342 1673 2459 1724 οὔτε
2503 1677 2596 1738 μὴν
2633 1675 2840 1741 οὐδεμιᾷ
2897 1672 3149 1730 καινότητι
3202 1669 3602 1720 ἐναλλάττεσθαι.
3654 1664 3725 1714 Ἐν
3767 1659 3864 1731 ᾧπερ

2343 1763 2472 1830 ἔργῳ
2525 1764 2863 1826 ἐπαμύνοντος
2914 1768 3004 1813 τοῦ
3048 1765 3273 1827 Χριστοῦ
3331 1758 3523 1814 πιστῶς
3577 1757 3865 1815 ἐκδιδασθησο·

2343 1855 2495 1919 μένῳ,
2531 1853 2800 1916 ἀναγκαῖόν
2837 1855 2968 1903 ἐστιν
3011 1850 3242 1914 ἐπίμονον
3273 1847 3549 1913 παρασχεῖν
3588 1861 3646 1910 με
3683 1847 3865 1903 σπονδήν.

2359 1943 2644 2009 Ἐπειδήπερ
2679 1942 2700 1975 ⁸
2729 1942 3020 2000 ὃιοικήσεώς
3052 1955 3136 2003 μοι
3175 1937 3558 2002 ἐγκεχείρισται,
3589 1935 3666 1984 ul
3693 1935 3749 1990 εἰς
3776 1938 3864 1999 ἐμὴν

2342 2031 2485 2083 τείνει
2508 2032 2828 2099 κατηγορίαν,
2861 2032 2901 2080 εἰ
2930 2030 3028 2080 τῶν
3057 2027 3314 2093 πατρικῶν
3353 2024 3614 2088 δογμάτων
3637 2025 3679 2074 οί
3697 2024 3866 2087 κανόνες,

2342 2121 2516 2179 οἵτινες
2548 2121 2600 2170 ἐν
2633 2128 2691 2184 τῇ
2732 2119 2926 2185 συνόδῳ
2964 2125 3022 2183 τῇ
3062 2117 3112 2166 ἐν
3155 2115 3349 2180 Nimia;
3382 2114 3451 2169 εἷς
3499 2113 3717 2171 διοίκησιν
3749 2113 3867 2172 πόσης

2342 2211 2430 2270 τῆς
2477 2211 2756 2271 ἐκκλησίας,
2810 2208 3091 2272 πνεύματος
3136 2203 3266 2255 θεοῦ
3311 2203 3644 2260 διδάσκοντος,
3678 2203 3864 2255 tertiam-

2341 2315 2447 2362 ται,
2486 2298 2638 2363 ἐμοῦ,
2683 2301 2803 2366 ὅπερ
2837 2297 3009 2356 ἀπείη,
3052 2295 3449 2355 συνδυάζοντος,
3503 2294 3864 2356 παρασαλευθείεν.

2339 2388 2442 2440 Καὶ
2467 2388 2643 2452 μείζων
2667 2387 2742 2448 εἴη
2770 2389 2885 2454 παρ’
2913 2385 3025 2450 ἐμοὶ
3057 2383 3162 2441 ἐνὸς
3188 2383 3408 2446 ἀδελφοῦ
3437 2382 3621 2446 γνώμη,
3651 2383 3756 2448 ἥπερ
3776 2386 3864 2435 ἀπό·

2340 2494 2432 2536 σης
2461 2479 2549 2538 τῆς
2577 2478 2735 2534 οίιιίας
2762 2482 2851 2527 τοῦ
2891 2476 3135 2526 δεσπότου
3172 2475 3203 2532 ἠ
3233 2472 3381 2530 κοινὴ
3419 2471 3693 2521 λυσιτέλεια.
3717 2473 3866 2522 Italici

2338 2569 2490 2622 τοῦτο
2528 2571 2787 2635 γινώσκων
2821 2572 2908 2630 τὴν
2944 2567 3134 2625 ἐνδοεόν
3171 2585 3264 2618 σου
3307 2565 3618 2630 γαληνότητα
3652 2572 3702 2630 τῇ
3734 2566 3864 2626 ἐπικλη-

2338 2669 2570 2739 σιαστιιιῇ
2605 2668 2894 2725 σπουδάζειν
2930 2667 3157 2733 ὁμονοίᾳ,
3196 2649 3433 2721 1152
3467 2665 3549 2717 καὶ
3577 2664 3671 2719 τοῖς
3701 2670 3749 2728 τῇ
3774 2665 3867 2728 εὶρηο

2336 2757 2524 2821 νοποιῷ
2562 2756 2734 2807 ἐνῶσει
2773 2757 3073 2820 ἀρμόζουσιν
3111 2757 3293 2816 εὐσεϐῆ
3329 2756 3594 2823 παρασχεῖν
3625 2753 3645 2787 ⁷
3681 2753 3864 2808 σύνωσιν.

2337 2843 2528 2908 δέομαι,
2558 2844 2641 2894 καὶ
2671 2844 3038 2907 σπουδαιοτάτῃ
3068 2844 3258 2903 αἰτήσει
3297 2847 3436 2910 ὑμᾶς
3465 2841 3741 2908 παρακαλῶ,
3770 2842 3866 2894 huc

2337 2931 2424 2989 τὰς
2461 2932 2784 2998 ἐπιχειρήσεις
2828 2934 2916 2990 τὰς
2968 2933 3196 2993 ἀναιδεῖς,
3248 2934 3346 2990 τὰς
3393 2933 3610 2989 ἐναντίας
3652 2937 3702 2994 τῇ
3737 2928 3865 2979 ἐνόσει

2337 3018 2421 3068 καὶ
2456 3025 2516 3084 τῇ
2546 3020 2709 3086 εἰρήνῃ
2748 3020 2847 3070 τῶν
2876 3022 3211 3088 Χριστιανῶν,
3257 3021 3365 3071 ἀπὸ
3409 3023 3570 3080 πάσης
3606 3018 3866 3071 συναινέσεως

2337 3107 2426 3168 τῆς
2467 3109 2709 3175 ὐμετίρας
2754 3109 3004 3165 εὐσεϐείας
3043 3106 3065 3142 ⁸
3117 3111 3501 3177 ἀποκηρύεητε,
3551 3108 3628 3159 καὶ
3665 3104 3740 3157 τοῦ
3774 3100 3862 3168 ἐμοῦ

2336 3195 2547 3260 ἀλελφοῦ
2605 3198 2880 3248 Ἀνατολίου
2932 3199 3021 3256 τὴν
3069 3198 3306 3258 ἐπιϐλαδῆ
3367 3201 3547 3264 ἐαυτῷ,
3593 3199 3632 3248 εἰ
3680 3195 3860 3258 ἐπιμένοι.

2337 3285 2590 3348 ἐπιθυμίαν
2638 3287 2968 3353 σωτηριωδῶς
3002 3287 3258 3353 ἐπίοχητε,
3298 3291 3389 3339 ἵνα
3437 3291 3503 3352 μή
3550 3286 3740 3342 τούτων,
3773 3283 3861 3346 άπερ

2335 3373 2397 3445 τῇ
2428 3374 2647 3440 ὑμετέρᾳ
2687 3375 2800 3438 δόξῃ
2839 3374 2923 3424 καὶ
2959 3375 3063 3431 τοῖς
3097 3375 3297 3440 χρόνοις
3351 3378 3501 3444 ἐχθρὰ
3543 3375 3760 3440 τυγχάνει,
3786 3371 3862 3419 ἐπι·

2335 3463 2518 3527 θυμῶν,
2549 3463 2724 3526 μείζων
2759 3464 2936 3528 θελήσῃ
2967 3459 3092 3516 εἷναι
3129 3467 3227 3515 τῶν
3257 3461 3358 3527 ἤδη
3404 3465 3559 3516 ὄντων
3588 3462 3782 3529 πρώτων,
3801 3456 3860 3506 εει

2334 3555 2410 3605 ἐπ’
2456 3555 2621 3611 ἀδείας
2662 3557 2834 3622 ἐκείνῳ
2883 3555 2980 3618 εἴη,
3007 3559 3148 3613 ὅσαις
3184 3555 3242 3608 ἂν
3284 3559 3468 3624 ἐθέλοι,
3514 3558 3747 3619 ἐκλάμπειν
3781 3554 3860 3617 apt-

2334 3645 2457 3707 ταῖς,
2511 3637 2579 3693 ὧν
2627 3647 2720 3711 οὐχ
2761 3647 2940 3712 ἑτέρως
2989 3647 3224 3704 κοινωνὸς
3260 3646 3282 3680 ³
3333 3651 3488 3710 ἐστιν,
3525 3647 3565 3697 εί
3599 3647 3658 3710 μὴ
3699 3643 3860 3692 διαθέσει

2335 3735 2514 3798 μᾶλλον
2559 3733 2717 3784 ἐθέλοι
2769 3735 3092 3799 κοσμεῖσθαι,
3139 3735 3266 3802 ἤπερ
3310 3737 3558 3799 ἀμϐιτίονι
3601 3731 3856 3783 ἐπιτείνεσθαι.

2329 3822 2526 3882 Ταύτην
2575 3822 2626 3872 δὲ
2676 3824 2764 3882 τὴν
2809 3824 2983 3884 ἀναιδῆ
3015 3823 3269 3889 ἐπιθυμίαν
3313 3827 3555 3876 οὐδέποτε
3590 3823 3668 3888 μὲν
3706 3819 3858 3882 ὤφειλεν

2331 3909 2382 3960 ἐν
2410 3916 2469 3975 τῇ
2507 3909 2663 3961 αὐτοῦ
2691 3908 2816 3976 ἔχειν
2851 3918 2910 3977 τῇ
2947 3913 3104 3978 ψυχῇ,
3147 3913 3248 3963 ἀλλ’
3284 3915 3503 3974 ὁπηνίκα
3537 3912 3663 3975 αὐτῷ
3696 3911 3734 3959 al
3759 3906 3858 3954 ἀδελ-

2331 3996 2428 4061 φοὶ,
2468 3996 2552 4047 καὶ
2603 3999 2955 4050 συνεπίσκοποι
2999 3999 3132 4064 ἐμοὶ,
3176 4002 3223 4050 οι
3256 4001 3388 4068 ὑπὲρ
3437 4000 3557 4064 ἐμοῦ
3574 3998 3856 4066 οπράττοντεεν

2329 4085 2624 4144 αντέϐησαν,
2655 4083 2751 4135 ἀπὸ
2774 4087 2861 4145 τῆς
2884 4087 3178 4152 παρανόμου
3216 4088 3404 4152 τόλμης
3433 4087 3525 4159 χᾷν
3558 4089 3612 4138 ἐι
3634 4085 3709 4144 τῆς
3731 4080 3854 4131 avt-iv

2328 4171 2530 4241 ὤφειλεν
2573 4175 2787 4241 ἀργῆσαι
2827 4177 3124 4242 ἀντιλογίας·
3169 4177 3254 4229 καὶ
3293 4181 3393 4247 γὰρ
3434 4181 3516 4230 καὶ
3550 4180 3630 4240 τῆς
3667 4175 3855 4239 ὑμετέρας

2310 4353 2382 4426 (e)
2413 4351 2922 4426 Vindeﬁbon.Hisp.
2947 4351 3112 4408 addit
3152 4353 3342 4408 etiam.
3384 4357 3515 4410 Vat.
3551 4351 3696 4422 Hisp.
3716 4350 3763 4403 et
3779 4340 3874 4400 Isid-

2311 4425 2538 4481 addunt
2562 4425 2893 4480 charissimi.
3737 4489 3747 4492 _
3853 4482 3861 4492 ε

2383 4497 2452 4568 (Γ)
2468 4496 2673 4569 Ratisp
2683 4495 2862 4569 .delet
2871 4496 3085 4569 saltem,
3101 4499 3158 4553 et
3173 4513 3276 4569 pro
3287 4496 3504 4552 salubri
3511 4489 3873 4569 habetsaltftarf-

529 4565 630 4664 ,ξεὰ
650 4565 1004 4664 aQuesnello
1025 4567 1406 4664 praepositum
1428 4557 2001 4664 vocifroprz'gipum
2034 4568 2190 4625 desi-
2219 4598 2266 4664 Β
2566 4557 2732 4664 codd.
2756 4557 3084 4664 Vindebon:
3111 4557 3549 4653 delentsalubri.
3572 4567 3688 4622 Vat.
3707 4557 3873 4617 collect-

528 4638 762 4707 deretur
801 4654 916 4692 non
955 4638 1163 4694 solum
1190 4639 1250 4695 in
1301 4638 1701 4696 anterioribus
1733 4639 1935 4707 editis,
1984 4656 2188 4696 verum

529 4706 706 4784 etiam
726 4707 784 4761 in
801 4709 1490 4784 praestantioribuscodd.
1512 4711 1639 4784 Rati
1648 4706 2038 4784 sp.,utri8que
2056 4712 2193 4784 Vin-

2303 4641 2363 4696 11
2391 4639 2544 4695 delet
2564 4641 2757 4695 saltem
2768 4644 2825 4694 et
2838 4639 3070 4695 salubri.

2376 4710 2454 4792 (9)
2476 4709 2711 4792 vulgati
2731 4711 3100 4792 inseruntei.’
3117 4710 3438 4792 delevimus
3453 4705 3873 4792 auctoritate-Illis}

529 4777 742 4853 debon.
767 4764 988 4853 collect.
1004 4764 1122 4853 5_et
1136 4764 1855 4853 Βίὲρξίῌνᾶιίόοὶιέἕιῖεξ
1866 4764 2186 4838 {etiam
2295 4764 2527 4853 Batilsp.
2550 4764 2875 4838 vimentis;
2897 4764 3207 4851 sanatis;
3219 4764 3737 4853 haesissem
3749 4764 3855 4828 codd

529 4849 1018 4920 interpretatione
1037 4849 1253 4907 Graeca:

625 4920 672 4975 b‘
695 4918 867 4974 'Vide.
903 4925 1004 4974 not
1032 4922 1066 4975 3
1096 4922 1312 4986 Quesn.

601 4920 676 5062 ξεί
698 4989 863 5046 Hunc
887 4990 1101 5055 locum,
1122 4995 1224 5049 sed
1249 4995 1312 5049 ali

625 4941 653 4975 0
714 4941 867 4974 Viue.
903 4941 1004 4974 non
1032 4941 1066 4975 ὅ
1096 4941 1312 4986 uuesn.

622 4941 863 5066 ciHunc
887 4990 1101 5066 locum,
1122 4995 1224 5049 sed
1249 4995 1472 5066 aliquot
1500 4997 1690 5052 verbis
1709 5000 2023 5062 mutatum,
2046 4996 2189 5052 citat

528 5063 842 5119 Gratianus
860 5065 950 5128 25,
980 5081 1036 5135 q.
1075 5067 1132 5129 2,
1173 5082 1222 5119 ο.
1246 5065 1304 5130 2,
1337 5063 1394 5122 et
1423 5071 1554 5123 ante
1579 5084 1713 5123 eum
1735 5067 2051 5123 Anselmus
2083 5067 2186 5122 lib.

529 5151 627 5200 IV,.
661 5137 716 5202 2,
741 5137 918 5207 atque
938 5135 1256 5207 Deusdedit
1284 5136 1325 5191 l.
1350 5155 1433 5201 IIl,
1458 5155 1506 5192 c.
1544 5140 1631 5203 35,
1665 5143 1729 5193 ut
1767 5139 1826 5194 in
1861 5156 2005 5196 mss.
2055 5143 2185 5194 Vat.

528 5206 988 5284 observavimus.
1017 5207 1125 5284 Pro
1163 5206 1482 5281 privilegiis
1520 5209 2016 5284 quibuscumque,
2058 5227 2185 5282 quae

529 5285 779 5334 nontam
825 5277 1101 5334 Ecclesiis
1146 5277 1326 5351 quam
1373 5277 1746 5336 monasteriis
1789 5277 2029 5338 fuerunt
2051 5277 2188 5338 con-

529 5366 713 5428 cessa,
737 5351 1059 5428 generatim
1083 5350 1504 5428 affertur;_cum
1527 5353 1589 5428 S_._
1612 5353 1722 5408 Leo
1745 5353 1816 5408 de
1854 5353 1993 5428 solis
2018 5353 2188 5428 privi-

528 5417 1402 5545 iegiisgcclesiarumaNicaenis
1419 5423 1689 5479 Patribus
1720 5440 1852 5481 can.
1877 5431 1906 5480 6
1937 5417 2189 5482 decretis

553 5505 707 5545 oaua
736 5508 826 5545 ur.

553 5505 826 5546 οαυαιυτ.

623 5559 678 5649 ξε)
696 5564 788 5649 Ita
803 5578 1007 5649 omnes
1020 5564 1204 5649 postri
1226 5565 1396 5626 codd.
1418 5567 1474 5626 et
1489 5564 1652 5640 editi,
1674 5569 1914 5649 excepto
1946 5567 2186 5643 Quem,

529 5637 684 5710 apud
717 5647 892 5715 quem
921 5637 1145 5700 violari.

2300 4851 2754 4928 cum_Sichardo,
2778 4869 2885 4909 nec
2905 4871 3018 4910 non
3039 4853 3529 4928 interpretationis
3549 4851 3746 4910 Graeca.

2372 4927 2389 4960 ¹
2427 4925 2905 4988 Ροΐιϐ,ἀπολαύσοι.

2368 4997 2390 5031 ²
2411 4995 2541 5052 Haec
2563 4986 2849 5078 particula
2873 5006 2968 5078 γὰρ
2985 4995 3249 5078 ηἱλὴίινὶιὶο
3273 4997 3408 5078 facit
3439 4997 3510 5053 ad
3553 5006 3697 5050 rem:
3723 4986 3867 5057 legen'

2297 5073 2440 5140 dum
2465 5073 2678 5138 potius,
2699 5075 2850 5133 ἄλλος
2878 5077 3004 5140 ὅμως
3033 5075 3060 5124 ὁ
3088 5077 3248 5140 λόγος,
3280 5075 3386 5127 etc.

2369 5144 2391 5178 ³
2423 5139 2578 5212 Leg.,
2603 5148 2757 5198 ἔσται.

2369 5217 2392 5250 ι
2414 5211 2606 5284 Forte,
2628 5218 2834 5284 ἀρκέσῃ.

2369 5287 2391 5323 ⁵
2446 5269 2604 5356 Leg.,
2665 5269 2825 5340 οὐδενί
2849 5307 2901 5340 τε
2929 5290 3094 5357 τρόπῳ
3141 5291 3332 5358 ἐλπίοῃ,
3375 5291 3488 5357 ὅπερ
3516 5287 3585 5338 διὰ
3624 5281 3716 5344 τοῦ,
3763 5269 3856 5330 ϐίον

2296 5359 2408 5415 vel.
2439 5362 2550 5428 οὐδέ
2579 5379 2673 5410 τινι
2699 5363 2880 5427 τρδπῳ,
2914 5361 3024 5411 etc.

2367 5434 2388 5468 θ
2401 5433 2537 5498 Leg.
2550 5467 2563 5491 ,
2586 5433 2832 5492 διοίκησις.

2367 5505 2388 5570 7
2421 5503 2556 5570 Leg.
2570 5540 2584 5564 ,
2616 5504 2917 5558 συναίνεσιν,

2367 5569 2388 5644 ξ
2411 5569 2572 5643 Ῑλθςη
2603 5577 2999 5644 ἀποκηρύτττβε.

2367 5640 2389 5685 ³
2418 5640 2607 5725 Forte,
2639 5640 2793 5711 ἔσται,
