4130 6168
221 325 380 391 1025

1613 325 1997 394 EPISTOLA
2040 329 2246 396 CXIII.

3481 337 3638 402 1026

222 473 502 518 memora
534 457 791 516 Flaviani
823 458 1265 518 accusatoribus
1296 460 1483 518 honor
1506 461 1789 528 redditur,
1819 466 1877 518 et
1903 463 1958 530 Α
1988 463 2301 520 sollicitus:
2334 480 2470 521 cum
2501 465 2548 521 si
2583 466 2722 538 quid
2756 464 2841 522 illi
2871 467 3090 538 inesset
3120 469 3445 543 spiritualis
3465 469 3637 527 indu-

216 547 476 622 piissimi
489 548 840 606 confeSSoris
861 549 1173 622 participes
1195 553 1296 605 aut
1318 549 1588 622 discipuli
1609 552 1685 621 (a)
1707 568 1873 607 cons-

216 641 555 704 ternuntur,
570 636 747 694 nimis
766 643 960 712 aperte
974 639 1115 712 quid
1130 639 1398 711 episcopo
1412 639 1677 695 Ecclesiae
1691 639 1840 712 ipsiu
1851 657 1878 695 s

215 726 446 800 placeat
462 727 917 784 demonstratur.
932 727 995 783 In
1020 741 1196 800 quem
1213 744 1316 800 pro
1340 745 1528 784 causai
1547 728 1754 784 merito
1773 728 1878 783 dif-

215 817 342 872 fero
375 817 760 885 commoveri;
791 821 848 874 et
877 816 1016 890 quid
1047 817 1171 889 ipse
1201 831 1588 874 mecum‘cum
1613 817 1737 874 suis
1761 815 1878 891 epi-

215 905 388 962 stolis
419 909 576 978 agat,
609 917 759 977 quas’
789 905 1112 962 missurum
1135 919 1269 961 eum
1288 904 1446 962 filius
1463 909 1664 962 noster
1677 905 1882 961 Aetius

216 993 520 1062 indicavit,
545 998 845 1067 exspecto:
866 994 1012 1050 dans
1033 993 1227 1051 locum
1245 993 1584 1051 voluntarie
1607 995 1878 1051 emenda-

215 1083 387 1154 tioni,
403 1101 522 1156 qua
542 1081 801 1138 dolorem
826 1099 1022 1139 meum
1047 1083 1216 1156 cupio
1239 1083 1516 1156 mitigari.
1540 1083 1880 1139 Clementis-

217 1173 374 1230 simo
405 1177 602 1229 tamen
625 1172 873 1246 principi
891 1177 947 1228 et
962 1172 1240 1246 piissime:
1256 1175 1530 1246 August-a3
1553 1174 1624 1229 de
1639 1171 1733 1229 his
1750 1189 1876 1244 quae

216 1263 296 1317 adi
321 1261 652 1318 Custodiam
684 1260 846 1334 pacis
872 1260 1276 1318 ecclesiastica:
1307 1262 1600 1334 pertinent
1629 1260 1874 1334 scripsi;

217 1367 374 1423 quos
403 1350 707 1406 devotione
730 1367 848 1406 suae
863 1350 996 1405 ﬁdei
1018 1351 1353 1422 provisuros
1369 1366 1496 1408 esse
1513 1367 1626 1406 non
1650 1350 1875 1416 dubito,

217 1457 293 1497 ne
324 1443 526 1496 contra
545 1437 791 1512 gloriam
814 1439 1006 1513 operis
1028 1440 1314 1512 ipsorum,
1337 1440 1617 1497 damnata
1640 1438 1879 1496 haeresis

218 1531 298 1602 (ὁ)
328 1528 520 1585 valeat
551 1526 859 1602 pullulare.

291 1617 427 1673 Chr.
447 1617 516 1673 li.
541 1648 610 1660 —
635 1617 880 1673 Studeat
901 1631 1036 1690 ergo
1055 1615 1289 1673 dilectio
1313 1621 1434 1684 tua,
1459 1617 1638 1672 frater
1653 1617 1876 1672 charis-

221 1707 392 1773 sime,
424 1706 580 1779 piam
613 1710 670 1763 et
692 1707 1086 1762 neceSsariam
1109 1722 1309 1762 curam
1334 1705 1714 1762 sollicitudini
1741 1722 1877 1777 apo-

220 1795 440 1852 stolicae
470 1794 628 1852 sedis
660 1795 1020 1868 impendere,
1050 1811 1176 1867 qua:
1205 1794 1310 1850 tibi
1342 1795 1496 1867 apud
1547 1810 1608 1850 se
1657 1794 1877 1849 nutrito

220 1883 570 1940 catholicam
589 1887 793 1939 contra
813 1882 1188 1940 Nestorianos
1207 1888 1264 1938 et
1282 1882 1674 1955 Eutychianos
1697 1881 1877 1938 hzere-

218 1973 372 2030 ticos
402 1973 691 2030 actionem
721 1976 988 2029 materno
1011 1973 1147 2044 jure
1175 1973 1568 2040 commendat,
1591 1975 1659 2028 ut
1677 1970 1878 2027 divino

220 2059 410 2118 fultus
467 2059 705 2126 auxilio,
763 2058 1053 2132 speculari
1106 2060 1179 2116 de
1223 2059 1876 2132 Constantinopolitanae

218 2147 388 2204 urbis
417 2145 856 2220 opportunitate
873 2162 991 2202 non
1013 2147 1274 2213 desinas;
1294 2147 1364 2218 (c)
1381 2165 1454 2202 ne
1470 2146 1878 2220 praedictorum

219 2237 569 2309 dogmatum
583 2233 802 2307 impius
824 2251 1078 2307 usquam
1099 2235 1270 2290 turbo
1292 2240 1626 2308 consurgat.
1653 2236 1724 2291 Et
1743 2235 1882 2307 quia
1900 2263 1912 2278 μα

218 2329 389 2380 tanta
401 2326 490 2379 est
500 2321 888 2395 gloriosorum
901 2321 1234 2396 principum
1245 2323 1323 2394 (ά)
1337 2324 1574 2390 ﬁdes,ut
1585 2323 1879 2380 confiden-

219 2417 310 2472 ter
324 2411 420 2470 eis.
434 2411 629 2484 possis
643 2427 770 2483 quas
787 2415 928 2467 sunt
944 2411 1056 2468 insi
1064 2412 1304 2468 nuanda
1321 2427 1652 2485 suggerere,
1670 2412 1882 2484 pietate

221 2501 490 2574 ipsorum
521 2500 595 2554 ad
628 2498 939 2556 utilitatem
972 2499 1238 2556 Ecclesiae
1277 2499 1634 2558 universalis
1675 2503 1876 2558 1191
1903 2537 1910 2541 ι

224 2587 448 2660 utaris;
469 2588 543 2660 (θ)
568 2587 928 2645 ϐοηθυιθῐιιθν
948 2592 1145 2644 autem
1169 2588 1480 2646 dilectione
1499 2590 1690 2645 tua'de
1709 2589 1800 2646 his
1822 2589 1882 2646 in

226 2678 444 2752 quibus
463 2676 758 2750 putaveris
780 2677 1225 2750 ambigendum,
1247 2694 1368 2734 non
1387 2678 1572 2734 deerit
1590 2677 1882 2734 relationi-

223 2767 469 2823 bustuis
481 2782 622 2822 mea
634 2765 1032 2838 responsionis
1047 2766 1354 2823 instructio
1369 2767 1462 2838 :(f)
1477 2770 1540 2824 ut
1552 2771 1886 2839 sequestra-

223 2860 489 2914 taearum
502 2855 724 2912 actione
734 2854 1887 2928 causarum,queinquibusqueEcolesiis

225 2943 548 3018 prasulum
580 2960 822 3000 suorum
852 2944 1074 3000 debent
1093 2945 1434 3017 cognitione?
1453 2944 1696 3013 ﬁrmari,
1731 2944 1915 3002 hanO'

225 3032 541 3107 specialem
574 3049 774 3090 curam
804 3032 927 3089 vice
949 3049 1080 3088 mea
1099 3033 1332 3090 functus
1353 3049 1647 3102 assumas,
1673 3049 1744 3090 ne
1766 3033 1885 3090 has-
1909 3065 1916 3072 -

1985 553 2162 620 striae,
2193 554 2272 610 ita
2304 560 2360 610 et
2386 572 2419 610 a
2449 555 2665 627 quibus
2696 557 3000 614 ordinatus
3031 559 3125 622 sit,
3159 565 3216 616 et
3247 561 3336 617 cui
3370 561 3491 617 viro
3513 579 3642 618 suc-

1986 642 2226 698 cesserit
2251 644 2502 716 cogitare
2532 643 2786 709 deberet,
2821 650 2885 700 ut
2916 648 3104 718 magis
3135 649 3366 705 beatum
3421 651 3640 707 Flavia-

1987 748 2151 795 num,
2177 748 2352 804 quam
2378 733 2466 786 sui
2497 732 2734 786 honoris
2752 741 3096 803 sequeretur
3113 742 3398 792 auctores.
3422 739 3490 792 Et
3511 739 3641 795 ideo

1985 835 2120 874 cum
2139 819 2392 892 piissimi
2412 819 2706 892 principes
2731 821 2803 890 (g)
2828 822 3151 875 secundum
3178 826 3638 883 obsecrationem

1985 922 2180 964 meam
2203 908 2428 980 dignati
2452 908 2668 964 fuerint
2689 909 2926 963 fratrem
2949 909 3280 964 Anatolium
3307 913 3378 968 de
3399 912 3491 968 his
3513 931 3641 986 quas

1987 997 2268 1052 meritoin
2287 996 2583 1069 querelam
2603 995 2844 1052 veniunt
2860 996 3176 1069 increpare,
3198 999 3275 1069 (h)
3279 999 3494 1072 jungat
3506 1003 3640 1058 cha-

1986 1085 2135 1140 ritas
2163 1090 2267 1140 tua
2299 1085 2663 1158 diligentiam
2695 1103 2888 1152 suam,
2923 1090 2987 1141 ut
3032 1087 3303 1142 universa
3344 1089 3641 1156 scandala,

1987 1173 2249 1230 adhibita
2271 1174 2613 1246 plenissima
2645 1168 2997 1230 correctione
3029 1179 3380 1242 resecentur,
3409 1182 3466 1232 et
3487 1195 3520 1232 a
3542 1177 3643 1232 filii

1986 1261 2173 1317 nostri
2186 1263 2334 1318 Aetii
2348 1268 2538 1319 cesset
2551 1263 2801 1333 injuriis.
2819 1263 2964 1318 Nam
2980 1264 3131 1335 apud
3148 1263 3499 1320 catholicum
3525 1266 3644 1338 epi-

1987 1367 2256 1423 scopum,
2289 1352 2353 1423 (i)
2384 1351 2557 1407 etiam
2592 1351 2639 1406 si
2663 1357 2786 1406 erat
2811 1353 2963 1424 quod
2991 1369 3360 1425 quacumque
3383 1354 3453 1410 de
3471 1371 3648 1410 causa

1988 1441 2459 1496 succensendum
2492 1440 2902 1495 archidiacono
2917 1440 3233 1510 videretur,
3255 1447 3492 1515 prepter
3511 1444 3645 1499 ﬁdei

1988 1529 2374 1584 reverentiam
2408 1529 2610 1584 debuit
2630 1530 3014 1599 praetermitti,
3041 1531 3237 1602 potius
3259 1547 3435 1603 quam
3453 1531 3646 1589 locum

1988 1616 2260 1673 catholici
2287 1616 2690 1689 nequissimus
2713 1617 3020 1674 haereticus
3041 1619 3344 1675 obtineret.
3370 1621 3516 1676 Cum
3541 1622 3647 1676 ita-

1989 1721 2103 1776 que
2127 1722 2252 1778 que:
2275 1710 2602 1778 sequantur
2623 1721 2930 1778 agnovere,
2956 1711 3094 1762 tunc
3118 1707 3488 1765 manifestius
3505 1711 3644 1782 quid

1988 1794 2078 1865 agi
2111 1798 2375 1867 oporteat
2407 1794 2729 1872 aestimabo.
2754 1795 2900 1849 Nam
2932 1794 3188 1864 interim,
3221 1795 3418 1852 dolore
3439 1799 3648 1855 1192

1986 1882 2263 1952 cohibito,
2287 1883 2354 1955 (j)
2374 1881 2558 1938 malui
2580 1881 2881 1954 indulgere
2900 1882 3214 1954 patientiae,
3236 1887 3302 1938 ut
3317 1884 3479 1941 locus
3497 1891 3650 1942 esset

1984 1971 2182 2028 venias.

2060 2060 2196 2116 Car.
2221 2060 2319 2116 III.
2345 2091 2412 2100 -—
2438 2060 2518 2116 De
2540 2059 2865 2115 Palmstinis
2887 2077 3018 2115 vero
3041 2060 3370 2129 monachis,
3391 2062 3493 2134 qui
3520 2063 3648 2135 jam

1990 2148 2214 2221 pridem
2250 2149 2307 2203 in
2341 2147 2601 2204 tumultu
2632 2148 3020 2204 dissensionis
3045 2165 3176 2205 esse
3204 2150 3497 2218 dicuntur,
3532 2169 3648 2224 quo

1989 2239 2182 2296 adhuc
2212 2237 2409 2293 animo
2440 2241 2787 2292 moveantur
2814 2237 3039 2308 ignoro.
3070 2236 3268 2310 Neque
3294 2240 3648 2311 cujusquam

1991 2343 2260 2384 sermone
2282 2325 2428 2381 mihi
2452 2326 2807 2398 patefactum
2830 2329 2919 2380 est
2939 2343 3086 2397 quas
3107 2343 3316 2382 causas
3344 2327 3653 2385 videantur

1991 2417 2258 2473 antefatae
2275 2416 2544 2486 praeferre
2565 2413 2874 2470 discordiae
2896 2419 3130 2469 rutrum
3150 2414 3371 2472 scilicet
3395 2416 3469 2488 (lc)
3483 2417 3652 2491 Euty-

1992 2504 2213 2560 chianze
2243 2501 2610 2576 perversitati
2642 2501 2745 2556 tali
2778 2502 2971 2558 furore
3003 2502 3381 2572 famulentur,
3423 2521 3498 2560 an
3539 2505 3650 2561 im-

1993 2591 2358 2665 placabiliter
2379 2591 2614 2647 doleant
2633 2591 2972 2663 episcopum
2996 2608 3172 2648 suum
3195 2592 3254 2646 in
3277 2592 3428 2648 hanc
3444 2593 3650 2666 impie-

1990 2685 2168 2737 tatem
2184 2682 2246 2751 (ι)
2272 2680 2532 2752 potuisse
2553 2679 2804 2744 traduci,
2829 2680 2982 2751 quod
3003 2684 3205 2735 contra
3225 2680 3486 2752 ipsorum
3504 2681 3651 2739 loco-

1993 2786 2126 2826 rum
2157 2772 2494 2825 sanctorum
2525 2768 2886 2838 testimonia,
2921 2769 3138 2841 quibus
3185 2773 3344 2826 totus
3390 2772 3652 2828 mundus

1993 2859 2328 2926 instruitur,
2349 2858 2421 2912 ab
2440 2856 2860 2912 incarnationis
2883 2857 3199 2912 Dominicis
3222 2858 3460 2915 veritate
3473 2859 3654 2916 desci-

1993 2948 2161 3014 verit,
2193 2951 2250 3002 ct
2277 2947 2431 3019 quod
2463 2945 2519 3002 in
2557 2945 2689 3002 aliis
2718 2963 2822 3018 per
2851 2946 3280 3018 indulgentiam
3312 2948 3502 3004 curari
3534 2948 3655 3021 pla-

1995 3036 2133 3105 cuit,
2168 3036 2224 3091 in
2257 3034 2354 3092 illo
2386 3039 2590 3107 putent
2614 3051 2733 3090 non
2752 3051 2882 3092 esse
2905 3033 3147 3091 veniale.
3182 3035 3345 3092 Unde
3368 3038 3539 3110 cupio
3560 3054 3653 3094 me

225 3121 388 3180 resis-
411 3120 498 3177 vel
529 3121 872 3178 Nestoriana
897 3121 992 3177 vel
1017 3121 1382 3194 Eutychiana
1410 3121 1476 3178 in’
1502 3122 1701 3194 aliqua
1721 3126 1890 3196 parte
1997 3125 2278 3198 superbis
2289 3123 2521 3196 plenius
2537 3124 2786 3189 edoceri,
2806 3129 2871 3179 ut
2886 3124 3063 3180 etiam
3081 3123 3289 3180 talium
3309 3127 3653 3182 correctioni

205 3209 571 3266 ‘revirescat:
597 3208 735 3282 quia
758 3209 817 3265 in
840 3209 1110 3282 episcopo
1128 3209 1766 3283 Constantinopolitano
1788 3228 1881 3268 ca-
1913 3199 1956 3267 C
1995 3230 2250 3287 congrue
2267 3212 2573 3268 studeatur
2591 3229 2604 3267 :
2621 3212 2762 3284 quia
2777 3212 2934 3266 aliud
2955 3218 3044 3268 est
3061 3217 3264 3268 contra
3277 3214 3452 3269 ﬁdem
3475 3214 3655 3286 impie

226 3297 484 3358 tholicus
513 3298 676 3371 vigor
704 3313 820 3353 non
853 3302 963 3367 est,
997 3313 1101 3354 nec
1132 3297 1385 3354 multum
1415 3304 1516 3355 aut
1546 3315 1650 3371 pro
1689 3317 1885 3357 sacrae

229 3392 427 3444 mento
458 3384 668 3444 salutis
701 3385 996 3458 humanae,
1028 3391 1128 3442 aut
1157 3403 1261 3460 pro
1279 3387 1885 3445 suaestaestimatione

297 3583 388 3654 (α)
411 3581 506 3639 Sic
536 3585 752 3650 Queen.
776 3599 846 3640 ex
863 3583 1744 3649 Grim.Caeterieditietcodices,
1761 3601 1887 3641 con-

226 3657 506 3710 teruntur.
1303 3664 1308 3671 ‘

298 3725 382 3860 5b)
412 3725 536 3810 Ah,-
557 3727 732 3796 queat.

321 3797 536 3860 clEditI
559 3799 732 3860 autcf

321 3797 374 3868 ε)
385 3797 536 3853 Editi
559 3799 897 3861 anteQuesn
911 3839 920 3850 .
933 3836 946 3858 ,
968 3799 1028 3852 ut
1046 3797 1432 3869 praedictorum
1454 3798 1764 3870 dogmatum
1783 3801 1888 3854 im-

224 3869 356 3940 pius
383 3875 690 3940 numquam
721 3870 878 3924 turbo
900 3871 1209 3938 contui-gat.

299 3939 381 4010 (ά)
413 3939 500 3994 Al.
513 3983 526 4005 ,
557 3939 863 3994 clementia.

300 4009 374 4082 (ε)
401 4010 488 4086 Ita
504 4009 649 4086 editi
685 4013 1064 4086 anteQuesn.
1096 4009 1309 4086 melius
1332 4027 1508 4084 quam
1531 4012 1686 4086 apud
1707 4011 1886 4080 hunc,

228 4081 539 4138 consulenti
565 4088 749 4136 autem
776 4082 1064 4138 dilectioni
1091 4085 1219 4140 tuae.

302 4156 383 4230 (fl!
399 4151 637 4230 angati
665 4157 798 4208 ante
820 4155 1090 4230 eumdem
1113 4154 1350 4218 Quesn.,
1377 4169 1701 4230 perperam,
1725 4159 1787 4210 ut
1805 4170 1888 4210 δε-

265 4226 728 4298 uestrata'eormn
757 4226 988 4290 actione,
1019 4240 1219 4298 caesae,
1241 4228 1450 4295 quain
1468 4226 1894 4298 quibuscumque

230 4242 513 4351 ἓιιεετνσεα
539 4242 728 4279 eorum
757 4242 988 4290 actione,
1019 4242 1219 4290 causae,
1241 4242 1368 4295 qua
1383 4243 1450 4279 in
1468 4242 1886 4298 quzouscumque

242 4295 814 4368 icclesiispraesntmn
841 4311 1067 4352 suorum
1093 4295 1284 4352 debent
1311 4299 1620 4364 cognitione
1646 4297 1886 4368 ﬁrmari,

231 4367 337 4421 hac
363 4367 596 4438 speciali
610 4379 758 4438 cura
781 4368 898 4422 vice
924 4383 1046 4421 mea
1064 4368 1286 4438 functus
1305 4369 1503 4436 utaris,
1543 4383 1613 4422 ne
1649 4367 1887 4431 haeresis,

231 4439 341 4494 etc.
378 4436 672 4494 Ouesnelli
703 4436 1174 4494 emendationem
1211 4453 1292 4492 ex-
1327 4437 1658 4493 Grimanico
1705 4439 1890 4494 nostri

231 4508 406 4566 codd.
437 4508 665 4564 collect.
686 4510 1156 4580 r24-conﬁrm-ant,
1184 4509 1438 4579 exceptis
1467 4510 1782 4580 postremis
1795 4527 1892 4565 vos

1994 3302 2234 3369 armari,
2253 3301 2350 3372 (m)
2369 3300 2523 3355 aliud
2548 3317 2650 3372 pro
2672 3300 2784 3355 ﬁde
2808 3300 3249 3355 immoderatius
3271 3303 3648 3357 commoveri.

1994 3387 2238 3447 Chartae
2269 3389 2445 3444 etiam
2479 3404 2626 3460 quas
2655 3386 2856 3442 Aetius
2887 3388 3188 3459 presbyter
3217 3392 3350 3442 ante
3373 3387 3656 3444 indicavit

2068 3585 2142 3658 (k)
2174 3586 2253 3658 Ex
2267 3583 2629 3658 epistolam?
2655 3583 2727 3638 ad
2748 3583 3020 3658 eumdem
3041 3581 3367 3658 Juliauum,
3386 3600 3562 3658 quam
3585 3601 3654 3640 ex

1997 3653 2193 3713 codice
2224 3653 2632 3727 Ratisponensi
2664 3653 3118 3727 publicavimus,
3166 3653 3350 3727 liquet
3401 3653 3652 3727 Leonem

1999 3746 2100 3799 pro
2131 3725 2509 3799 Eutychianis
2540 3725 2820 3799 habuisse
2844 3725 2949 3780 hos
2970 3725 3292 3799 monachos
3315 3725 3413 3798 qui
3432 3731 3656 3799 tottur-

1998 3796 2102 3856 bas
2133 3801 2191 3854 in
2213 3796 2517 3853 Palaestina
2532 3797 2943 3852 excitaverant.
2964 3796 3119 3850 Satis
3137 3797 3312 3851 etiam
3332 3796 3528 3868 quoad
3547 3814 3653 3852 cce-

1998 3879 2121 3927 tera
2140 3870 2592 3939 instructusjam
2607 3869 2680 3923 ab
2695 3868 2859 3923 initio
2882 3869 3268 3938 cognoscitur.
3295 3868 3441 3933 Quid
3457 3875 3653 3925 aulem

1998 3939 2418 4014 supervenerit,
2451 3957 2520 4014 ex
2550 3956 2676 4014 quo
2713 3940 2784 4014 de
2831 3940 3172 4014 eorum‘dem
3228 3940 3652 4014 monachorum

1999 4009 2194 4068 mente
2211 4009 2639 4083 dubitationem
2663 4011 2976 4083 induxerit,
2994 4009 3430 4083 planioremque
3444 4011 3659 4068 instru-

1998 4084 2248 4141 ctionem
2272 4081 2638 4146 desiderarit,
2662 4081 3022 4154 ignoramus.
3048 4082 3212 4154 Forte
3232 4081 3475 4138 Romam
3499 4085 3656 4141 fama

2000 4156 2317 4229 pertulerat
2337 4152 2778 4229 eos_mo_naclio_s
2801 4154 2930 4229 qui,
2948 4152 3190 4229 Juvenal
3201 4154 3213 4207 i
3239 4155 3446 4229 ejecto,
3473 4155 3657 4210 Theo-

1998 4224 2163 4282 dosio
2179 4229 2405 4281 intruso
2424 4225 2712 4291 favebant,
2733 4225 3049 4296 Eutychem
3066 4224 3266 4296 palam;
3283 4225 3656 4296 anathemate

1999 4299 2416 4359 condemnare,
2448 4302 2514 4350 ut
2543 4296 2601 4350 in
2635 4297 2769 4378 ipso.
2796 4294 3374 4419 libello-spygliciad
3408 4295 3655 4378 Pulche-

1999 4371 2146 4419 riam
2168 4368 2414 4419 professi
2435 4367 2681 4419 fuerant.
2705 4367 3005 4419 Videtom.
3035 4367 3052 4419 I
3170 4365 3490 4419 onc11.Ven.
3515 4367 3654 4419 edit.

1999 4371 2147 4425 riam
2168 4365 2681 4440 professifuerant.
2705 4366 2848 4440 Vide
2865 4371 3005 4440 tom.
3029 4365 3490 4440 IYConcil.Ven.
3515 4367 3654 4440 edit.

1999 4434 2224 4525 ροῑξεές-
2245 4438 2574 4525 ⁴⁷9εὲκΗίηο
2597 4443 2790 4525 ειξιρεη
2815 4437 2988 4525 Leoni.
3011 4434 3653 4525 seriesseries!)-

1999 4512 2115 4567 tuit
2145 4515 2342 4565 utrum
2365 4509 2422 4564 hi
2439 4507 2988 4563 monachiJuvenali
3006 4506 3526 4577 episcopoinfensi,
3542 4506 3655 4562 Eu-

233 4580 426 4646 cibus,
447 4596 566 4660 pro
595 4579 812 4660 quibus
836 4580 1062 4660 habent
1084 4569 1264 4660 neque
1309 4569 1486 4648 bene;
1525 4580 1626 4635 hac
1667 4581 1896 4654 speciali
1922 4569 1969 4634 Ι)
2005 4582 2261 4654 tychiani
2283 4598 2412 4636 vere
2438 4569 3166 4660 essent,quemadmodum
3189 4569 3361 4660 antea
3372 4569 3653 4660 “putabat;

231 4668 370 4709 cura
397 4653 514 4708 vice
539 4666 662 4705 mea
689 4652 910 4720 functus
941 4653 1136 4706 utaris.

303 4721 388 4804 (θλ
413 4721 524 4789 AL,
542 4723 843 4804 secandum
857 4723 1256 4804 obsecrationes
1274 4736 1458 4804 meas.-
1471 4721 1600 4777 Haec
1620 4721 1896 4804 videntur

231 4793 524 4920 respicere.
550 4793 890 4864 petitionem
921 4811 954 4849 a
987 4795 1171 4849 Leone
1203 4793 1562 4876 propositam
1590 4793 1758 4866 epist.
1791 4795 1892 4848 104

233 4865 308 4921 ad
403 4869 786 4936 arcianumet
805 4865 910 4920 105
931 4865 1002 4919 ad
1026 4864 1412 4936 Pulcheriam,
1438 4879 1584 4936 quos
1607 4879 1735 4936 cap.
1751 4871 1779 4919 4
1798 4882 1889 4920 ro-

233 4882 308 4921 aa
343 4882 704 4920 marcianum
728 4882 786 4920 ει
805 4882 910 4920 ιυο
931 4882 1002 4919 aa
1027 4882 1412 4929 ruicneriam,
1438 4882 1584 4936 quos
1607 4882 1735 4936 cap.
1751 4882 1779 4919 ιι
1798 4882 1889 4920 ro-

230 4936 395 5018 gavit
425 4935 776 5018 ut‘anatolii
810 4935 1192 5018 cupiditatem
1218 4951 1329 5018 pro
1356 4933 1889 5018 Constantinopoli-

232 5005 386 5088 fana;
408 5005 576 5088 sedis
605 5005 983 5088 praerogativa
1013 5005 1480 5088 comprimerent.

307 5077 387 5150 (ἢ)
408 5077 824 5151 I_i_demvulg'ati
843 5079 1016 5144 male,
1037 5077 1212 5151 videat
1230 5078 1469 5151 Charitas
1486 5085 1580 5151 tua
1601 5077 1892 5146 diligentia

233 5147 605 5232 saa.'._Nos_tri
653 5147 904 5232 quatuor
949 5149 1194 5232 codices.
1225 5152 1282 5204 et
1323 5147 1662 5232 Siqhardus,
1693 5151 1898 5232 ‘vigeat

231 5220 484 5276 charitas
509 5228 606 5276 tua
631 5219 919 5277 diliae‘ntia
945 5235 1066 5276 sua.
1100 5219 1417 5277 Grimanici
1448 5219 1662 5276 codicis
1693 5219 1891 5275 lectio-

235 5307 378 5363 nem
408 5307 447 5347 a
473 5291 781 5355 Quesnello
811 5292 1113 5363 inductam
1147 5291 1470 5363 sequimur.

311 5362 377 5448 (ἱ)
410 5363 596 5419 Locus
627 5363 721 5418 hic
742 5379 776 5418 a
794 5362 1107 5446 Quesnello
1123 5361 1428 5418 restitutus
1449 5374 1555 5434 ope
1576 5361 1891 5418 Grimanici

311 5432 480 5489 dicis.
517 5433 716 5490 Ceteri
750 5446 882 5490 cum
913 5434 1105 5490 editis.
1137 5437 1306 5490 etiam
1350 5435 1402 5488 si
1445 5441 1567 5489 erat
1605 5437 1894 5490 utcumque

235 5449 480 5491 conicis.
517 5449 716 5490 uectem
750 5449 882 5490 cum
913 5449 1105 5504 eums,
1137 5449 1306 5490 etiam
1350 5450 1399 5488 ετ
1445 5449 1567 5489 erat
1605 5449 1894 5505 utcumque

233 5505 398 5562 decus
429 5506 778 5579 sacerdotate,
812 5506 1079 5562 sacerdoti
1101 5506 1518 5562 archidiaconus
1527 5517 1748 5579 propter
1765 5502 1896 5579 ﬁdei

230 5578 600 5655 reuerentiam
629 5577 822 5655 debuit
831 5579 1125 5655 praemitti,
1153 5579 1336 5655 potius
1361 5577 1546 5655 quam,
1581 5577 1690 5635 etc.

309 5649 382 5726 (j)
410 5647 756 5725 Exemplum
784 5647 1074 5720 Sichardi,
1110 5647 1320 5709 rriatim.

2001 4647 2076 4709 ah
2110 4669 2243 4709 vero
2270 4657 2467 4708 essent
2498 4647 2788 4716 catholici,
2823 4650 2922 4720 qui
2958 4647 3138 4702 nimio
3168 4654 3334 4703 rectae
3367 4647 3500 4706 fidei
3537 4650 3658 4706 zelo

2001 4724 2424 4797 abrepti,_cum
2457 4720 2736 4797 Eutychis
2767 4721 3268 4797 anteafautorem,
3303 4720 3436 4797 licet
3466 4738 3656 4778 corre-

2001 4791 2853 4868 ctum,episcopatu_indignum
2870 4792 3383 4868 arbitrarenturJn
3398 4791 3506 4848 hac
3520 4810 3656 4868 ergo

2001 4884 2061 4924 re
2095 4872 2159 4921 ut
2189 4863 2447 4922 eiectius
2473 4864 2811 4936 edoceretur
2844 4880 2877 4917 a
2903 4863 3137 4918 Juliano
3161 4870 3350 4934 petere
3373 4866 3582 4936 potuit.

2072 4939 2134 5063 Si)
2172 4939 2257 4993 Ita
2286 4935 2497 4991 melius
2525 4935 2679 5006 apud
2713 4935 2926 5000 Quesn.
2951 4951 3018 4990 ex
3042 4935 3573 5006 ms.Grim.,’quam
3598 4935 3655 4989 in

2103 5008 2216 5063 nati
2227 5025 2254 5062 s
2268 5007 2437 5063 aliisa
2449 5022 2517 5060 ue
2536 5006 2678 5061 codd
2691 5048 2726 5063 ..
2747 5022 2896 5063 posse
2913 5007 3142 5063 traduci.
3159 5022 3285 5063 ause
3299 5012 3489 5061 contra
3512 5009 3654 5063 inso-

1999 5006 2254 5080 vulgatis
2268 5007 2437 5080 aliisq
2449 5022 2517 5080 ue
2536 5006 2678 5061 codd
2691 5048 2726 5073 .,
2743 5022 2896 5080 posse
2913 5007 3142 5080 traduci,
3159 5022 3285 5080 quae
3299 5012 3489 5061 contra
3512 5009 3654 5080 ipso-

2000 5077 2144 5142 runi,
2177 5085 2312 5141 etc.,
2346 5077 2433 5132 vel
2469 5078 2525 5131 in
2558 5077 2872 5150 exemplari
2907 5077 3192 5150 Sichardi,
3225 5094 3334 5131 non
3356 5092 3512 5150 posse
3540 5079 3655 5150 tra-

2000 5152 2145 5218 duci,
2179 5164 2321 5220 qum,
2355 5153 2466 5220 etc.
2498 5151 2700 5220 Sermo
2727 5145 2886 5203 enim
2921 5154 3010 5203 est
3038 5149 3108 5220 de
3139 5145 3437 5214 Juvenale,
3462 5146 3560 5217 qui
3597 5145 3655 5199 in
3697 5163 3713 5181 ο

2001 5219 2460 5296 pseudosynodo
2509 5219 2802 5296 Ephesius.
2857 5219 3097 5296 Eutychi
3154 5220 3404 5296 faverat,
3455 5219 3659 5296 postea

2000 5287 2134 5349 vero
2167 5309 2227 5348 se
2251 5287 2460 5346 seniori
2479 5287 2709 5346 consilio
2731 5287 3080 5355 correxerat,
3106 5291 3187 5343 uti
3211 5287 3464 5343 traditur
3481 5287 3652 5358 epist.

2037 5365 2126 5420 O9.
2159 5381 2208 5420 c.
2243 5364 2294 5417 4.

2003 5367 2929 5509 gatianteQ_uesn.,qui
2947 5429 3276 5509 eaGrjman.
3304 5428 3652 5498 emendavit,

2003 5500 2302 5563 cum'aliis
2320 5500 2496 5562 codd.
2531 5509 2589 5562 et
2617 5500 2918 5568 Sichard’o,
2947 5500 3104 5556 ali'ud
3129 5503 3190 5556 in
3237 5515 3422 5556 errore
3468 5517 3655 5577 quem-

1998 5582 2154 5660 piam
2182 5577 2432 5637 detineri.
