4130 6168
529 247 689 310 1035

530 380 606 454 (a)
623 372 942 446 miseratio,
966 375 1229 434 sensiant
1245 378 1375 433 seet
1408 375 1682 432 didicisse
1725 377 1878 448 quod
1905 376 2164 441 credant,
2197 375 2250 442 Α

529 473 586 525 et
613 467 915 541 agnovisse
944 466 1100 537 quod
1133 464 1397 521 timeant.
1421 464 1566 529 Quia
1591 481 1725 521 vero
1757 465 2032 520 omnibus
2046 481 2169 520 mo-

531 557 622 612 dis
638 555 1028 612 obediendum
1046 558 1136 610 est
1163 555 1216 626 (ι)
1238 554 1471 626 pietatis
1493 558 1696 610 vestrm
1717 553 2170 626 religiosissimze

531 645 832 713 voluntati,
851 643 1367 700 constitutionibus
1379 637 1780 716 synodalibus,
1800 660 1925 714 quae
1945 644 2090 697 mihi
2104 644 2133 697 d
2145 659 2173 697 c

532 733 975 790 'conﬁrmatione
992 733 1127 789 fidei
1149 733 1626 805 catholicas,ct(c)
1661 735 1729 788 de
1774 732 2174 788 haereticorum

535 822 741 879 1205
783 822 1160 879 damnatione
1198 822 1562 895 placuerunt,
1599 821 1786 878 libens
1809 821 1992 892 adjeci
2039 837 2176 876 sen-

535 911 781 968 tentiam
794 916 984 968 meam
1011 930 1024 980 ;
1045 928 1172 984 quae
1190 915 1256 967 ut
1271 912 1342 966 ad
1357 911 1620 967 notitiam
1639 911 1902 967 omnium
1916 911 2180 966 sacerdo-

538 1003 667 1056 tum
704 999 1212 1072 Ecclesiarumque
1254 1000 1570 1072 perveniat,
1614 1005 1815 1056 vestra:
1861 997 2180 1055 clementiae

540 1089 848 1162 prmoeptio
879 1090 1149 1146 ordinare
1177 1089 1533 1162 dignabitur.
1567 1089 1895 1144 Afi‘uiuram
1923 1089 2093 1144 credo
2126 1091 2184 1142 et

541 1194 712 1250 spero
732 1178 982 1251 gratiam
1013 1178 1135 1246 Dei,
1155 1195 1280 1251 quae
1311 1182 1430 1234 tam
1462 1181 1724 1234 sanctam
1737 1177 1886 1234 tanti
1901 1176 2183 1250 principis

541 1283 744 1324 curam
759 1267 1169 1340 plenissimum
1187 1267 1459 1324 desiderii
1473 1269 1564 1323 sui
1583 1269 1835 1323 fructum
1854 1267 2027 1322 faciat
2041 1265 2186 1322 obti-

541 1371 698 1422 nere,
733 1359 801 1412 ut
831 1357 1106 1414 omnibus
1125 1356 1508 1412 dissentiendi
1531 1357 1937 1412 occasionibus
1977 1371 2184 1427 ampu-

539 1443 699 1511 tatis,
747 1444 1075 1517 apostolicae
1120 1445 1339 1517 ubique
1380 1446 1656 1501 doctrinae
1707 1464 1819 1518 pax
1876 1449 2081 1517 regnet
2130 1448 2187 1498 et

539 1532 772 1591 veritas.
793 1532 980 1588 Fratri
992 1537 1187 1589 autem
1202 1550 1329 1590 meo
1345 1533 1662 1604 Juliano(d)
1677 1535 1948 1606 episcopo
1966 1531 2188 1588 noverit

538 1623 732 1676 vestra
747 1619 1055 1678 clementia
1075 1621 1182 1677 hoc
1201 1639 1293 1677 me
1318 1622 1550 1694 proprie
1566 1621 1884 1694 delegasse,
1918 1626 1981 1675 ut
2011 1620 2186 1691 quid-

545 1708 685 1780 quid
716 1708 834 1764 illic
853 1710 935 1807 'ad
963 1711 1466 1807 custodiam_ﬁdei_
1504 1712 1792 1782 pertinere
1835 1708 2184 1807 probaverit,
2217 1742 2265 1807 Β

546 1812 675 1853 meo
707 1799 943 1854 nomine
985 1803 1187 1854 vestrae
1238 1799 1586 1855 fiducialiter
1628 1804 1902 1873 suggerat
1945 1797 2184 1870 pietati:

547 1886 826 1958 quoniam
844 1890 1036 1943 certus
1050 1905 1181 1944 sum
1195 1905 1297 1944 vos
1311 1889 1381 1943 ad
1410 1889 1527 1944 haec
1542 1891 1812 1961 omnia(e)
1826 1887 2193 1944 emendanda

546 1973 637 2030 vel
669 1974 1053 2044 defendenda,
1074 1977 1190 2033 Deo
1212 1976 1549 2044 auxiliante,
1575 1979 1863 2034 sufficere.
1885 1977 2028 2032 Data
2049 1977 2192 2031 duo-

549 2063 776 2121 decimo
798 2063 1079 2123 kalendas
1107 2065 1365 2139 Apriliis,
1393 2065 1657 2138 Opilione
1699 2066 1822 2122 viro
1871 2064 2194 2135 clarissimo

548 2151 809 2210 consule.

1649 243 1714 303 S.
1760 239 2041 303 LEONIS
2084 237 2333 306 MAGNI
2378 238 2802 306 EPISTOLIE.

3734 238 3866 301 403⁸

2320 391 2440 454 ἐμοῦ
2474 390 2561 439 τοῦ
2599 387 2721 452 ἐμοῦ
2746 388 2828 436 καὶ
2862 383 3222 436 συνεπισκὸπου
3263 381 3344 430 καὶ
3372 381 3567 443 ἀδελφοῦ
3617 378 3849 431 Ἰουλιανοῦ

2321 481 2619 536 δεδηλῶσθαι
2677 477 2902 539 σημαίνω
2965 478 3031 530 ὡς
3079 473 3263 523 εὐσεϐεῖ
3315 468 3329 502 ¹
3380 468 3700 528 κατηξιώσατο
3751 470 3850 518 imo-

2324 571 2483 635 κρίσει
2531 569 2627 616 τῶν
2687 567 2899 632 ἀπείρων
2953 563 3180 628 μοναχῶν
3229 563 3316 616 τὰς
3361 561 3516 624 ψυχὰς
3560 560 3637 608 καὶ
3679 559 3854 622 ἐπισχεῖν

2333 661 2481 721 ὁμοῦ,
2517 657 2599 705 καὶ
2633 656 2835 714 διδάξαι,
2879 656 3009 703 ὥστε
3032 650 3053 684 ²
3092 653 3156 716 μὴ
3200 650 3358 708 πάντη
3403 648 3576 703 αὐτοὺς
3608 651 3635 706 ἡ
3678 647 3767 696 θεία
3795 664 3856 710 φι-

2325 746 2607 810 λανθρωπία
2669 744 3046 800 καταλέλοιπεν,
3108 739 3448 796 αἰσθάνεσθαι,
3499 735 3578 787 καὶ
3631 733 3858 802 δεδιδάχθαι

2329 835 2510 890 αὐτοὺς
2549 836 2668 900 ὅπερ
2716 833 3038 891 πιστεύουσι,
3083 831 3166 880 καὶ
3216 831 3388 880 εἰδέναι
3440 830 3557 892 ὅπερ
3605 826 3859 876 εὐλαϐεῖσθαι

2333 926 2629 989 ὀφείλουσιν.
2694 925 2884 982 Ἐπειδὴ
2938 922 2990 971 δὲ
3036 921 3177 970 παντὶ
3231 919 3392 970 σθένει
3430 917 3664 968 πείθεσθαι
3709 915 3768 964 δεῖ
3810 919 3856 979 τῇ

2337 1015 2423 1073 τῆς
2451 1015 2542 1071 σῆς
2593 1013 2842 1068 εὐσεϐείας
2889 1012 3079 1061 εὐλαϐεἷ
3121 1009 3426 1074 προαιρέσει,
3473 1008 3572 1062 τοῖς
3614 1004 3760 1060 τύποις
3791 1005 3861 1062 τῆς

2336 1102 2570 1162 συνόδου,
2607 1102 2782 1155 οἵτινές
2814 1119 2897 1163 μοι
2939 1102 3047 1166 περὶ
3079 1101 3166 1159 τῆς
3192 1098 3505 1164 βεϐαιώσεως
3537 1097 3620 1155 τῆς
3649 1094 3861 1154 καθολικῆς

2337 1198 2568 1256 πίστεως,
2604 1195 2685 1251 καὶ
2730 1194 2840 1259 περὶ
2877 1195 2964 1252 τῆς
3254 1193 3353 1240 τῶν
3394 1190 3642 1257 αἱρετικῶν
3684 1187 3856 1252 κατακρί

2331 1303 2456 1341 σεως
2491 1282 2691 1348 ἤρεσαν,
2728 1284 2884 1340 ἡδέως
2926 1284 3010 1341 τήν
3047 1279 3264 1344 ἐμαυτοῦ
3302 1279 3323 1311 ³
3354 1280 3640 1345 προτέθεικα
3679 1279 3861 1341 γνώμην.

2333 1373 2438 1429 ἥτις
2499 1372 2564 1424 ὡς
2623 1366 2680 1418 ἄν
2726 1369 2792 1423 εἰς
2834 1370 3012 1430 γνῶσιν
3074 1367 3270 1417 πάντων
3319 1367 3418 1414 τῶν
3472 1366 3633 1431 ἱερέων
3679 1366 3749 1413 καὶ
3795 1366 3862 1424 τῶ,

2332 1459 2604 1517 ἐκκλησιῶν
2641 1456 2794 1519 ἔλθοι,
2838 1458 2922 1516 τῆς
2964 1459 3055 1516 σῆς
3086 1456 3396 1522 ἡμερότητος
3443 1453 3462 1486 ⁴
3491 1454 3703 1519 προτάξει
3735 1455 3862 1503 τυπὲιν

2331 1567 2412 1598 σαι
2442 1547 2750 1601 καταξιὼσει.
2782 1549 2936 1609 Χάριν
2964 1546 3092 1594 Θεοῦ
3117 1543 3136 1576 ⁵
3161 1543 3360 1594 ἔσεσθαι
3387 1543 3556 1598 ἐλπίζω
3577 1543 3652 1590 καὶ
3666 1541 3864 1591 πιστεύω·

2334 1640 2438 1696 ἥτις
2480 1637 2565 1691 τήν
2612 1634 2770 1689 οὕτως
2797 1635 2933 1684 ὁσίαν
2977 1639 3064 1684 τοῦ
3106 1633 3354 1683 τοσούτου
3414 1633 3641 1696 βασιλέως
3682 1632 3862 1697 φροντίδα

2335 1729 2422 1785 τῆς
2472 1725 2590 1779 ἰδίας
2639 1725 2888 1785 ἐπιθυμίας
2947 1729 3034 1773 τοῦ
3082 1722 3277 1788 καρποῦ
3337 1722 3693 1788 παρασκεύασει
3735 1721 3861 1770 {mw-

2333 1816 2465 1881 χεῖν”
2521 1812 2691 1876 6πρὸς
2745 1812 2830 1872 τὸ,
2883 1812 3042 1871 πάσης
3095 1811 3341 1876 διχονοίας
3404 1811 3765 1872 ἀποτμηθείσης,
3799 1809 3863 1867 τῆς

2335 1904 2664 1959 ἀποστολικῆς
2702 1899 2955 1964 πανταχοῦ
2999 1900 3345 1957 διδασκαλίας,
3384 1901 3568 1963 εἰρήνη,
3603 1899 3678 1946 καὶ
3711 1898 3862 1955 ἀλήθεια

2334 1993 2586 2064 κρατήσει.
2633 1992 2716 2052 Τῷ
2757 1991 2946 2052 ἀδελφῷ
2985 1991 3054 2052 τῷ
3095 1990 3199 2052 ἐμῷ
3255 1989 3510 2052 Ἰουλιανῷ
3555 1989 3620 2052 τῷ
3661 1987 3863 2052 ἐπιῇ-κότῳ

2334 2081 2616 2146 γινωσκέτω
2649 2097 2708 2142 με
2735 2082 2764 2136 ἡ
2802 2081 2863 2137 σή
2907 2079 3176 2144 γαληνρτης
3209 2075 3366 2126 τοῦτο
3400 2078 3564 2132 ἰδικῶς
3593 2076 3864 2143 προστεταχέ-

2335 2189 2433 2234 ναι,
2471 2171 2554 2218 ἵνα
2588 2166 2697 2217 εἴτι
2735 2169 2978 2226 δηποτοῠν
3014 2167 3184 2216 αὐτόθι
3227 2167 3298 2221 εἷς
3340 2167 3680 2233 παραφυλακὴν
3714 2164 3787 2222 τῆς
3811 2161 3864 2213 τί·

673 2266 830 2304 στεως
867 2253 1062 2308 ἀνήκειν
1099 2256 1376 2314 δοκιμασει,
1404 2259 1502 2317 ειιῴ
1532 2259 1736 2320 ὀνόματι
1763 2265 1817 2320 τῇ
1846 2261 2058 2324 ὑμετέρᾳ
2095 2264 2316 2329 εὐσεϐείᾳ
2349 2265 2538 2330 ϐαρῤὧν
2565 2261 2904 2324 ξ’ὑποϐάλλει·
2935 2261 3097 2322 ἐπειδὴ
3131 2255 3548 2326 ὁμολογουμένως
3578 2247 3875 2317 ἐπίσταμαι-ιιι

619 2412 627 2417 ἢ
671 2337 865 2390 πάντων
895 2339 1085 2392 τούτων
1108 2342 1361 2408 διόρθωσιν
1390 2345 1472 2406 καὶ
1499 2345 1765 2406 ἐκδίκησιν,
1789 2346 1876 2395 τοῦ
1907 2351 2035 2398 Θεοῦ
2056 2351 2416 2416 ἐπιτρέποντος,
2436 2355 2565 2418 ὑμᾶς
2591 2351 2612 2385 ⁸
2635 2352 2882 2419 ἐπαρκεῖν.

1049 2452 1395 2508 EPISTULA
1412 2451 1477 2522 (η
1500 2450 1695 2507 CXVI.

901 2543 976 2614 (g)
1015 2560 1086 2598 AD
1129 2557 1492 2597 PULCHERIAM
1522 2556 1838 2596 AUGUSTAM.

548 2653 841 2710 SYNOPSIS.
865 2681 934 2690 -—
954 2653 999 2704 ῐ.
1025 2651 1130 2703 Pro
1161 2649 1340 2718 vigore
1368 2647 1498 2716 ﬁdei
1537 2656 1587 2702 et
1611 2646 1976 2702 sanctionibus
2013 2653 2199 2718 contra

620 2725 846 2779 rebelles
883 2721 1172 2775 monachos
1209 2717 1370 2774 editis
1412 2721 1618 2788 gratias
1663 2721 1796 2786 agit.
1830 2747 1898 2758 —
1940 2722 2008 2772 ΙΙ.
2038 2719 2103 2772 Se
2130 2717 2200 2772 ad

627 2793 1079 2917 Chalcedtonenses
1115 2792 1383 2861 episcopos
1427 2789 1636 2844 litteras
1674 2789 1883 2844 dedisse
1912 2805 2199 2854 consensus

627 2881 712 2917 sui
767 2871 844 2917 tes
869 2879 944 2917 es.

623 2881 712 2920 sui
767 2871 944 2919 testes.

807 2968 919 3023 Leo
941 2965 1248 3038 episcopus
1284 2965 1626 3020 PULCHERI/‘E
1649 2967 1945 3037 Augustae.

630 3075 759 3131 CAP.
782 3078 826 3130 Ι.
849 3071 1197 3139 —Quamvis
1212 3070 1404 3127 nullas
1418 3089 1573 3127 nunc
1594 3073 1819 3128 litteras
1831 3077 1942 3128 tua:
1962 3072 2195 3144 pietatis
2230 3098 2272 3165 Ο

559 3163 900 3237 acceperim,
937 3161 1226 3218 scribente
1272 3167 1468 3217 tamen
1499 3161 1865 3234 gloriossimo
1912 3161 2194 3234 principe,

560 3272 675 3312 non
706 3253 874 3310 aliter
903 3250 1238 3324 dignatione
1263 3249 1448 3322 ipsius
1480 3267 1610 3305 sum
1651 3251 1909 3322 gavisus,
1943 3267 2120 3322 quam
2152 3250 2200 3306 si

559 3341 892 3400 mihietiam
905 3343 1016 3396 tuae
1031 3339 1360 3396 serenitatis
1373 3339 1752 3394 redderentur
1762 3337 2202 3410 alloquia.Unde

558 3429 1136 3504 (h)consuetudinem
1153 3428 1333 3484 debiti
1349 3445 1382 3482 a
1407 3445 1498 3484 me
1521 3428 1697 3484 officii
1721 3428 1978 3500 oportuit
2005 3431 2199 3483 custo-

555 3520 810 3592 diri,qua
821 3534 912 3574 me
924 3516 1316 3590 significarem
1330 3515 1644 3572 clementiae
1657 3520 1856 3571 vestrm
1870 3515 2055 3572 salute
2069 3533 2205 3589 gau-

556 3610 712 3676 dere,
745 3612 803 3664 et
832 3605 1282 3662 incessabilibus
1313 3622 1347 3660 a
1383 3606 1497 3660 Deo
1519 3605 1788 3676 precibus
1832 3598 2126 3676 postulare
2142 3609 2205 3660 ut

553 3715 676 3768 vos,
695 3701 753 3753 et
769 3697 1042 3752 Romanae
1071 3693 1422 3766 reipublicm,
1448 3699 1504 3748 et
1529 3693 1825 3749 catholicae
1851 3694 2112 3750 Ecclesia:
2143 3693 2202 3748 in

555 3785 715 3843 omni
746 3784 1129 3858 prosperitate
1149 3787 1469 3838 conservet.
1491 3782 1570 3836 De
1588 3781 2056 3853 vignoretautem
2071 3783 2222 3850 ﬁdei,

553 3869 1374 3944 vestrm,(i)quaindesincnter
1389 3869 1632 3925 Domino
1646 3870 1998 3926 sacrificium
2013 3871 2204 3928 laudis

558 3960 798 4027 offertis,
823 3963 1074 4031 quantas
1087 3959 1201 4014 Deo
1232 3958 1450 4030 gratias
1467 3974 1657 4030 agam,
1679 3975 1949 4015 enarrare
1972 3977 2086 4016 non
2109 3978 2204 4016 va-

630 4093 707 4165 (a)
729 4091 822 4165 Sic
838 4092 1142 4165 Ratispset
1165 4107 1312 4165 mss.
1343 4090 1565 4165 collect.
1607 4091 1660 4146 14
1691 4093 1852 4165 et21.
1887 4092 2069 4160 Alias,
2099 4097 2204 4148 mi-

557 4161 874 4220 sericordia.
928 4161 1107 4234 Codd.
1165 4161 1294 4230 Vat,
1354 4163 1515 4234 Hisp.
1577 4166 1634 4218 et
1692 4163 1850 4231 Isid.,
1905 4166 2203 4233 miseratio,

558 4237 733 4291 sciant
760 4250 815 4288 se
841 4237 893 4289 et
920 4233 1198 4288 didicisse.

632 4307 708 4379 ((2)
731 4305 910 4361 Iidem
929 4304 1095 4379 codd.
1131 4303 1455 4379 Vat._Hisp.
1473 4305 1682 4379 ctlsid.
1705 4303 1919 4379 aliique
1934 4307 2066 4362 inde
2079 4324 2207 4379 pro-

560 4375 699 4434 fecti
724 4393 856 4432 cum
891 4375 1063 4433 editis
1096 4380 1228 4431 ante
1258 4375 1494 4445 Quesn.,
1527 4376 1732 4430 Pietati
1762 4375 1949 4434 vestra:
1978 4388 2028 4433 et
2076 4375 2207 4433 reli-

2307 2449 2426 2505 leo:
2444 2447 2722 2520 quoniam
2740 2445 3104 2520 principibus
3116 2445 3405 2518 temporis
3424 2444 3604 2504 nostri
3623 2441 3888 2502 noni”!

2309 2538 2499 2594 solum
2519 2537 2839 2610 potentiam
2854 2536 3202 2608 regiam,sed
3220 2536 3403 2592 etiam
3426 2534 3806 2594 sacerdotalem
3826 2547 3891 2587 co-

2307 2627 2652 2700 gnoscimus
2677 2625 3265 2696 inesseU)doctrinam
3280 2625 3598 2682 .lndicante
3614 2623 3750 2681 enim
3763 2622 3891 2690 fratre

2309 2733 2437 2771 meo
2458 2715 2691 2771 Juliano
2716 2714 3006 2787 episcopo,
3029 2720 3424 2785 pervenerunt
3453 2716 3524 2771 ad
3551 2732 3650 2771 nos
3664 2714 3718 2768 in
3746 2725 3891 2767 exem-

2308 2806 2569 2878 plaribus
2584 2805 3048 2877 praeceptionum
3066 2807 3400 2861 vestrarum
3418 2803 3781 2861 saluberrimae
3792 2815 3892 2855 san-

2309 2895 2549 2961 ctiones,
2585 2893 2798 2966 quibus
2828 2894 3096 2950 insanam
3129 2893 3493 2966 imperitiam
3541 2893 3890 2952 monachorum

2308 2984 2532 3057 dignati
2563 2984 2702 3040 estis
2734 2983 3024 3056 parcendo
3042 2982 3318 3055 plectere,
3351 2990 3409 3040 et
3439 2985 3682 3040 docendo
3705 2981 3890 3056 punire:

2311 3077 2394 3141 ut,
2416 3073 2465 3128 si
2483 3090 2580 3128 eos
2598 3073 2667 3129 ad
2695 3071 3097 3144 paenitentiam
3121 3072 3425 3130 miseratio
3449 3075 3635 3129 divina
3665 3055 3894 3128 converte-
3961 3077 3968 3095 ‘
4032 3055 4033 3071 “

2313 3162 2406 3228 rit,
2428 3161 2631 3216 multis
2647 3161 2943 3232 lacrymis,
2963 3165 3018 3216 et
3043 3178 3078 3215 a
3096 3162 3370 3219 nefandis
3385 3163 3654 3231 caedibus,
3675 3159 3798 3216 etab
3815 3157 3893 3212 ha-

2312 3252 2624 3307 reticorum
2658 3249 3040 3321 blasphemiis
3067 3249 3396 3306 diluautur.

2383 3341 2512 3396 CAP.
2534 3341 2602 3395 Il.
2623 3338 2853 3402 —Quod
2869 3355 3000 3394 vero
3015 3337 3328 3409 piissimus
3343 3341 3649 3413 imperator
3663 3339 3725 3394 ad
3740 3348 3891 3392 omnes

2311 3428 2634 3500 episcopos,
2668 3427 2768 3498 qui
2783 3425 3481 3501 Chalcedonensisynodo
3497 3427 3794 3491 interfuere,
3818 3437 3892 3476 vo-

2313 3517 2423 3572 luit
2441 3535 2531 3572 me
2556 3518 2630 3588 (Iit)
2645 3516 2862 3587 scripta
2874 3515 3144 3588 dirigere,
3165 3517 3390 3588 quibus
3411 3535 3480 3574 ea
3494 3535 3614 3589 quae
3645 3515 3748 3570 illic
3771 3513 3826 3567 de
3842 3509 3892 3564 fi-

2314 3605 2404 3661 dei
2423 3605 2624 3676 regula
2635 3609 2771 3660 sunt
2787 3604 3026 3659 definita
3043 3604 3344 3661 firmarem
3364 3606 3610 3662 libenter
3626 3599 3891 3675 implevime

2316 3695 2490 3751 fallax
2502 3695 2850 3766 cujusquam
2870 3692 3166 3748 simulatio
3183 3695 3536 3751 sententiam
3554 3709 3726 3750 meam
3743 3684 3889 3744 haberi

2315 3783 2484 3839 vellet
2505 3783 2805 3850 incertam,
2820 3798 2954 3836 cum
2973 3798 3074 3853 per
3094 3781 3782 3856 Constantinopolitanum
3804 3773 3891 3847 epi-

2315 3889 2579 3944 scopum,
2604 3871 2696 3926 cui
2719 3869 2977 3924 laetitiam
3001 3887 3191 3926 meam
3211 3870 3458 3943 largiter
3479 3868 3787 3936 indicavi,in
3801 3877 3890 3918 om-
3970 3857 3974 3862 ’

2315 3961 2478 4017 nium
2494 3959 2745 4032 potuerit
2757 3958 3021 4014 notitiam
3035 3958 3894 4033 pervenire,quod(l)scripseram.

2388 4096 2403 4162 (
2404 4097 2450 4164 j'}
2465 4093 2790 4148 Marcianus
2823 4091 3040 4148 scilicet
3057 4092 3501 4150 ctPulcheriain
3528 4091 3718 4148 litteris
3746 4087 3895 4164 adve'r:
3930 4069 3936 4080 ’

2317 4151 2421 4222 sus
2439 4151 2776 4238 Palaestinos
2791 4164 3110 4238 monachos
3123 4165 3297 4238 datis,
3314 4183 3444 4238 qua:
3463 4165 3718 4238 leguntur
3731 4151 3895 4238 tomJﬂV

2256 4242 2258 4244 ’
2317 4235 2535 4304 Concil,
2571 4235 2711 4290 edit.
2735 4238 2874 4290 Ven.
2899 4252 3030 4306 pag.
3061 4237 3197 4290 1798
3231 4223 3295 4291 et,
3315 4223 3410 4293 4⁸84
3423 4239 3476 4304 9,
3517 4223 3825 4306 catholicam
3847 4223 3895 4276 ﬁ-

2317 4309 2448 4362 dem
2473 4297 2689 4379 optime
2707 4297 3020 4379 vindicant.
3038 4307 3409 4379 Exemplaria
3423 4297 3612 4363 autem
3628 4297 3897 4379 θεῖα-φάψ

2318 4372 2815 4450 litterarum,quze
2830 4377 2925 4450 hic
2948 4372 3338 4450 appellantur,
3364 4381 3412 4434 si
3433 4380 3490 4434 in
3515 4372 3894 4450 commodiorem

558 4450 890 4529 giosissim
909 4448 1205 4529 golmztati.
1250 4439 1573 4529 Yindebon.
1625 4447 1810 4529 ωειλ,
1832 4449 1991 4504 Grim
2015 4455 2072 4506 et
2101 4450 2211 4505 Ra-
2239 4465 2286 4529 D
2319 4451 2526 4529 Leonis
2543 4439 3003 4529 intelligentiam
3015 4439 3212 4504 Latine
3233 4439 3465 4529 reddita
3489 4439 3896 4529 erantheam‘foi'fe

560 4517 721 4587 tisp.,
747 4536 881 4576 cum
905 4519 1101 4574 Graeca
1128 4517 1413 4584 versione,
1439 4523 1504 4573 ut
1535 4519 1593 4572 in
1624 4517 1802 4574 textu.

651 4591 867 4716 ’(c)Vide
898 4595 1016 4645 not.
1049 4591 1080 4645 4
1112 4591 1325 4653 Quesn.

695 4665 708 4716 l
741 4661 965 4716 Ratiso.
987 4678 1100 4716 ms.
1125 4660 1325 4716 delete

741 4661 965 4732 Ratisp.
987 4678 1100 4716 ms.
1125 4660 1278 4716 delet
1299 4661 1564 4732 episcopo.

653 4731 702 4799 e)
733 4731 1126 4787 Codd.’Grim.
1160 4735 1216 4786 et
1246 4731 1484 4799 Thuan,’
1535 4749 1569 4786 a
1612 4731 1824 4794 Quesn.
1870 4731 2109 4798 laudati,
2153 4737 2209 4789 et

559 4819 714 4858 unus
745 4807 946 4875 noster
966 4802 1094 4858 coll.
1123 4804 1180 4857 2|
1211 4803 1580 4869 emundanda,
1612 4803 1964 4875 Moxltatisp.
1990 4803 2208 4860 omittit

558 4876 663 4930 Deo
691 4874 1021 4930 auxiliante.

629 4945 697 5027 (0
726 4945 884 5027 Alias
1035 4943 1166 5027 Quae
1200 4949 1395 5027 autem
1427 4949 1560 5000 ante
1590 4943 1694 4999 H6
1723 4949 1867 5010 erat,
1903 4963 2056 5001 nunc
2079 4946 2200 5003 446.

559 5017 792 5074 Scripta
819 5017 883 5071 21
919 5017 1110 5072 Martii
1141 5033 1234 5071 an.
1267 5017 1390 5070 453.

629 5086 710 5160 (9)
728 5087 885 5144 Hanc
906 5087 1214 5159 epistolam
1243 5086 1554 5157 relegimus
1571 5102 1703 5140 cum
1727 5102 1837 5142 ms.
1857 5087 2202 5160 Ratisp.col-

559 5158 689 5231 lect.
724 5159 789 5231 49
823 5163 880 5214 et
904 5175 1041 5231 cum
1073 5158 1290 5212 Veneto
1321 5159 1378 5212 S.
1404 5157 1581 5212 Marci
1613 5156 1831 5231 collect.
1858 5159 1963 5231 _i_2,
1989 5160 2046 5214 in
2075 5159 2202 5231 qui-

557 5230 669 5286 bus
692 5229 1132 5285 collectionibus
1161 5231 1390 5283 tantum
1419 5245 1546 5283 eam
1579 5229 1828 5299 reperire
1858 5202 2040 5285 licdit.

629 5301 707 5371 (h)
721 5300 953 5373 Vulgati
973 5317 1105 5356 cum
1125 5316 1266 5373 mss.
1283 5299 1502 5354 collect.
1518 5299 2024 5373 1_2,consctudinem
2045 5301 2200 5356 debi-

556 5370 669 5426 tam
690 5370 800 5427 mei
822 5370 994 5442 ofﬁcii
1014 5372 1246 5443 oportuit
1261 5387 1346 5426 me
1373 5370 1661 5443 custodire,
1685 5387 1780 5441 per
1806 5388 1969 5443 quam
1989 5374 2202 5443 signiﬁ-

555 5457 737 5497 carem
764 5441 1064 5499 clementiaé
1095 5450 1307 5509 vestra},
1340 5442 1690 5511 absoluteme
1728 5441 1982 5511 gaudere.
2015 5441 2057 5497 L

556 5513 783 5587 egregie
814 5515 1218 5587 re_stitu_tus_ex
1239 5512 1456 5587 optimo
1475 5510 1671 5568 codice
1697 5510 2124 5587 Ratisponensi.

626 5583 690 5673 (ί)
721 5584 804 5643 Ita
831 5584 985 5643 idem
1015 5583 1362 5661 Ratisp.Al.,
1396 5599 1516 5658 quo.

2319 4504 2697 4594 praeferebant
2711 4504 3061 4594 v‘érsionem,
3087 4537 3265 4594 quam
3277 4504 3636 4594 pbanius
3651 4504 3894 4594 Scboluti;

2317 4576 2418 4648 cus
2440 4591 2631 4648 Codici
2673 4591 2929 4663 encycho
2960 4576 3261 4662 prmmisit,
3295 4576 3692 4649 u‘t‘indicatur
3727 4590 3839 4641 tom.
3860 4576 3894 4628 V

2317 4663 2531 4744 Coeail-
2561 4664 2801 4744 Pas-93.3:

2410 4735 2463 4803 k)
2485 4735 2664 4806 Epist.
2703 4735 2824 4789 1H.
2915 4769 2920 4777 -

2411 4807 2449 4877 Ι)
2474 4805 2655 4877 Epist.
2692 4807 2812 4860 106.

2387 4875 2404 4912 ί
2434 4875 2572 4948 Leg,
2583 4919 2596 4944 ,
2621 4875 2976 4935 καπιέιώσατε.

2384 4949 2405 4982 ²
2435 4947 2665 5019 Leg.,?i
2695 4950 2781 5010 μὴ.

2385 5020 2406 5052 ³
2435 5017 2774 5081 πρόστόθεικα.

2385 5093 2405 5123 ι
2440 5091 2595 5160 Leg.,
2623 5088 2892 5160 πρόσταξις.

2382 5163 2402 5195 ³
2433 5159 2586 5231 Leg.,
2609 5159 2926 5223 παρέσεσθαι.

2378 5234 2399 5268 δ
2431 5216 2952 5307 llgc'quidem,_ii_t
2992 5236 3159 5307 puto,
3195 5236 3266 5290 ab
3304 5234 3619 5307 ieterprete,
3665 5226 3752 5307 sed
3780 5216 3888 5307 male

2308 5302 2568 5358 omnino.
2591 5299 2825 5357 Vertere
2845 5299 3125 5359 debuerat
3147 5305 3256 5361 hoc
3280 5299 3566 5361 autsiinili
3592 5299 3743 5356 modo
3766 5302 3886 5352 εῶστες

2302 5383 2463 5441 πάσης
2519 5381 2757 5446 διχονοίας
2813 5381 3194 5443 ἀποτμηθείσης,
3253 5388 3337 5444 τῆς
3394 5382 3709 5438 ἀποστολικῆς
3753 5382 3888 5421 παντί·

2061 5460 2202 5523 opus
2305 5455 2397 5520 χοῦ
2429 5451 2739 5506 διδασκαλίας
2772 5451 2971 5516 εἰρήνην
3001 5457 3083 5502 καί
3111 5455 3348 5518 ἀλήθειαν
3378 5457 3586 5523 κρατεῖν.

2365 5527 2384 5563 7
2418 5525 2563 5588 Leg.,
2597 5523 2887 5584 ὑποδάλλοι,
2919 5524 3201 5593 ὑποϐαλλῃ.

2367 5595 2388 5634 ⁸
2417 5595 2560 5662 Leg.,
2595 5593 2839 5666 ἐπαρκεῖν.
