4130 6168
282 362 429 443 ωιί

1680 365 2063 436 EPISTULA
2101 366 2305 435 CXIX.

3536 376 3705 446 ωη

339 534 410 551 --
868 500 1326 592 inth
1342 499 1609 592 Ecclesia
1646 520 1749 579 pro
1797 504 1924 591 fide:
1951 506 2009 575 Α
2038 506 2157 580 etej
2166 524 2234 565 us
2247 499 2588 568 meminisse
2609 504 2906 584 doctrinas,
2923 527 3104 588 quam
3120 507 3699 592 precipuusaposto'

334 580 583 707 {irritata
604 577 837 650 vigilare
855 576 1067 635 debere.
1101 609 1171 621 -—-
1200 576 1297 635 III.
1330 576 1708 635 Ecclesiarum
1749 576 1923 650 privi-

396 652 496 707 aia
523 652 849 706 inconcussa
877 666 990 706 esse
1018 655 1284 707 oportere.
1308 681 1378 691 —
1407 654 1503 705 IV.
1555 651 1797 706 Anatolii
1842 667 1923 707 co-

395 652 496 726 gia
523 652 849 726 inconcussa
877 655 1284 726 esscoportcre.
1308 681 1378 691 —
1407 654 1503 726 IV.
1555 651 1797 726 Anatolii
1842 667 1928 707 co-

341 722 504 779 natus
532 724 770 794 Nicaenis
794 722 1097 778 canonibus
1121 722 1407 794 adversos,
1462 724 1647 777 irritos
1691 724 1827 794 fore.
1862 754 1930 763 -—-

342 798 413 850 V.
446 794 507 849 Si
533 793 665 866 quid
685 794 853 864 legati
881 793 1166 866 insynodo
1185 795 1545 866 approbarint
1561 793 1771 865 praeter
1803 794 1932 863 ﬁdei

337 864 584 935 causam,
615 880 726 921 esse
749 864 1188 937 rescindendum.
1218 864 1291 905 I—
1321 864 1416 920 VI.
1457 864 1677 937 Nemmi
1723 870 1930 937 praeter

337 938 610 1010 episcopos
636 936 977 1009 praedicandi
1005 952 1208 993 munus
1239 952 1351 992 esse
1379 936 1798 992 concedendum.

628 1027 706 1098 (a)
742 1025 858 1081 Leo
886 1025 1125 1083 MAXIMO
1156 1025 1541 1082 Antiocheno.

340 1134 476 1192 CAP.
511 1134 554 1189 Ι.
572 1163 641 1173 ——
658 1134 955 1199 Quantum
975 1132 1272 1189 dilectioni
1293 1136 1404 1189 tuae
1426 1132 1656 1205 placeat
1672 1148 1930 1188 commu-

270 1224 363 1283 nis
391 1222 530 1280 ﬁdei
558 1221 958 1279 sacratissima
986 1222 1206 1289 unitas,
1241 1227 1299 1278 et
1326 1222 1490 1295 pacis
1519 1220 1925 1278 ecclesiastica:

270 1310 590 1386 tranquilla
601 1310 926 1380 concordia,
939 1310 1268 1368 litterarum
1281 1314 1518 1367 tuarum
1533 1315 1726 1367 textus
1739 1314 1929 1368 osten-

267 1403 372 1475 dit,
405 1418 555 1475 quas
582 1401 653 1457 ad
688 1416 781 1456 me
798 1398 905 1456 ﬁlii
923 1399 1107 1456 nostri
1132 1400 1206 1471 (b)
1225 1398 1525 1455 Marianus
1551 1399 1855 1472 presbyter
1870 1403 1927 1456 et

267 1489 567 1565 Olympius
598 1489 879 1546 diaconus
910 1487 1273 1555 detulerunt,
1306 1505 1373 1545 eo
1421 1488 1591 1544 nobis
1638 1488 1923 1561 gratiores

269 1579 498 1654 quod(c)
511 1578 782 1652 peripsas
794 1576 1051 1650 alloquia
1060 1576 1289 1634 alterna
1300 1577 1640 1646 miscemus,
1661 1581 1719 1633 et
1733 1577 1922 1650 magis

266 1666 1168 1743 magisque(d)innotescitgratia
1180 1665 1301 1735 Dei,
1319 1682 1435 1738 qua
1446 1666 1511 1722 ﬁt
1524 1671 1590 1721 ut
1607 1682 1710 1738 per
1729 1669 1921 1723 totum

267 1758 554 1817 mundum
585 1757 655 1812 de
685 1755 1061 1812 manifestato
1092 1754 1389 1811 catholicae
1411 1754 1674 1811 veritatis
1695 1754 1921 1811 lumine

266 1846 606 1922 gaudeatur.
621 1843 918 1912 Quamvis,
933 1845 1086 1918 quod
1103 1843 1353 1900 multum
1369 1842 1657 1912 dolemus,
1677 1844 1919 1916 quidam

267 1936 458 1995 adhuc
470 1934 647 2007 (sicut
658 1950 851 1990 sermo
871 1932 1088 1989 indicat
1105 1933 1474 2004 nuntiorum)
1500 1934 1769 1990 tenebras
1783 1951 1923 1990 suas

266 2022 537 2098 diligant,
569 2028 628 2080 et
657 2039 792 2079 cum
823 2021 1042 2094 ubique
1067 2023 1181 2078 diei
1212 2020 1490 2094 splendor
1536 2025 1772 2078 exortus
1822 2023 1921 2091 sit,

266 2113 442 2170 etiam
474 2128 632 2167 nunc
661 2110 936 2166 caecitatis
978 2126 1098 2166 suae
1145 2109 1503 2166 delectentur
1544 2110 1818 2177 obscuro,
1870 2114 1927 2167 et

260 2201 495 2275 perdita
522 2200 658 2271 fide,
692 2199 814 2256 solo
846 2216 911 2255 ac
940 2215 1123 2256 vacuo
1155 2198 1390 2256 nomine
1434 2199 1641 2256 1213
1692 2215 1923 2255 reman-

260 2289 451 2349 serint
481 2287 825 2357 Christiani;
861 2305 977 2345 non
1004 2287 1289 2345 habentes
1320 2286 1767 2360 intelligentiam
1808 2305 1926 2360 qua

260 2378 523 2437 errorem
553 2377 627 2433 ab
652 2394 846 2433 errore
874 2376 1231 2445 discernunt,
1265 2380 1324 2433 et
1352 2375 1783 2450 blasphemiam
1813 2378 1927 2433 Ne-

262 2465 429 2525 storii
461 2467 535 2521 ab
564 2465 842 2538 Eutychis
873 2464 1174 2537 impietate
1206 2465 1593 2539 distinguant.
1627 2466 1740 2523 Nec
1764 2466 1921 2522 enim

261 2556 392 2612 ideo
424 2552 776 2611 excusabilis
804 2552 989 2609 videri
1020 2552 1217 2625 aliqua
1238 2569 1439 2609 eorum
1462 2553 1689 2610 falsitas
1709 2560 1921 2628 potest,

263 2644 403 2718 quia
430 2642 545 2716 ipsi
569 2642 681 2698 sibi
704 2644 843 2698 sunt
857 2641 917 2696 in
935 2658 1044 2698 sua
1061 2642 1437 2715 perversitate
1458 2643 1754 2700 contrarii.
1774 2644 1919 2699 Nam

260 2733 333 2805 (α)
344 2732 481 2789 licet
495 2730 828 2789 Nestorium
844 2729 1123 2803 Eutychis
1142 2730 1413 2803 discipuli
1431 2732 1812 2799 detestentur,
1861 2738 1925 2789 et

260 2820 558 2895 Eutychen
582 2819 1077 2876 anathematizent
1096 2819 1345 2875 Nestorii
1369 2824 1702 2900 sectatores,
1728 2821 1922 2877 catho-

256 2910 505 2968 licorum
536 2913 733 2965 tamen
757 2908 980 2979 judicio
1010 2925 1150 2981 pars
1182 2912 1429 2978 utraque
1475 2909 1811 2977 damnatur,
1865 2914 1922 2966 et

254 2998 441 3057 ambas
473 2997 650 3056 simul
688 2997 940 3053 haereses
957 3014 992 3053 a
1012 3013 1251 3069 corpore
1262 2996 1534 3054 Ecclesiae
1557 3002 1913 3067 resecantur,

258 3087 402 3160 quia
429 3088 637 3143 neutra
656 3084 882 3141 falsitas
904 3084 1208 3141 nobiscum
1232 3089 1421 3157 potest
1440 3085 1657 3143 habere
1682 3103 1917 3143 concor-

2041 595 2234 654 lcrum
2268 598 2533 655 omnium
2562 599 2944 660 beatissimus
2976 602 3200 674 Petrus,
3232 609 3337 678 per
3364 609 3553 665 totum
3576 605 3702 681 qui-

2042 686 2175 742 dem
2208 688 2497 744 mundum
2531 688 2810 744 uniformi
2844 693 3276 762 praedicatione,
3310 696 3412 752 sed
3458 695 3701 769 speciali

2040 774 2460 849 (h)magisterio
2477 776 3234 841 inAntiochenaetRomana
3244 782 3392 841 urbe
3403 784 3697 845 fundavit:

2040 867 2107 920 ut
2129 861 2371 919 illumin
2394 881 2512 920 suae
2536 864 2978 937 gloriﬁcationis
3001 868 3297 929 domicilio
3318 873 3702 942 praeminen—

2037 955 2156 1009 tem
2171 952 2543 1025 eaintelligas
2557 970 2880 1026 reposcere,
2909 955 3178 1013 instituta
3200 970 3327 1028 qua:
3338 959 3595 1029 tradidit,
3620 961 3698 1019 si-

2036 1041 2217 1097 cutab
2231 1040 2359 1113 ipsa
2371 1058 2549 1113 quam
2562 1043 2870 1101 confessus
2881 1045 3227 1103 estveritate
3239 1048 3698 1122 suscepitNeque

2036 1128 2156 1184 ullo
2171 1131 2343 1186 modo
2358 1131 2516 1187 sinas
2534 1132 2599 1204 (ἰ)
2611 1131 2671 1187 in
2690 1132 3082 1191 Orientalibus
3099 1134 3394 1205 Ecclesiis,
3416 1136 3699 1196 maxime-

2037 1235 2150 1291 que
2164 1218 2223 1274 in
2239 1219 2333 1276 his
2351 1236 2501 1292 quas
2516 1220 2889 1278 Antiochenaa
2908 1223 3033 1281 sedi
3049 1223 3581 1285 sacratissimorum
3593 1231 3699 1285 Pa-

2032 1311 2191 1364 trum
2209 1309 2428 1365 Nicaeni
2448 1326 2701 1367 canones
2720 1312 3167 1383 deputaverunt,
3187 1314 3260 1371 ab
3282 1314 3568 1386 improbis
3583 1316 3698 1375 ha-

2034 1397 2231 1454 reticis
2253 1397 2564 1471 Evangelia
2599 1399 2895 1469 resultari,
2929 1406 2988 1457 et
3016 1401 3130 1479 ﬂ
3135 1402 3391 1461 Nestorii
3408 1402 3499 1461 vel
3517 1404 3696 1479 Euty-

2032 1460 3693 1588 οδὲθεξςιυοειιῖαξηεξοεωαςιθέθηάίῐίῇρηῖςω,είουιναίὶί,

2031 1573 2329 1650 catholicae
2349 1576 2483 1632 fidei
2504 1579 2688 1648 petra,
2707 1577 2879 1647 cujus
2893 1573 3216 1651 cogn'B'HiEn
3233 1580 3442 1639 beatus
3463 1587 3694 1656 aposto—

2030 1661 2125 1720 lus
2152 1666 2360 1719 Petrus
2393 1665 2652 1738 sumpsit
2684 1682 2717 1721 a
2746 1666 3015 1737 Domino,
3051 1669 3282 1727 nullum
3303 1670 3511 1743 recipit
3529 1671 3599 1744 (j)
3620 1673 3694 1729 ab

2027 1755 2277 1824 utraque
2308 1752 2609 1826 impietate
2638 1754 2954 1827 vestigium
2984 1774 2996 1824 ;
3032 1758 3135 1813 sed
3167 1756 3469 1814 evidenter
3516 1762 3703 1831 atque.

2027 1841 2333 1913 perspicue
2350 1846 2408 1897 et
2418 1842 2753 1898 Nestorium
2766 1843 3243 1915 anathematizat,
3266 1846 3369 1918 qui
3382 1846 3556 1901 Verbi
3570 1863 3694 1903 car-

2031 1929 2243 2002 nisque
2273 1935 2544 1987 naturam
2563 1931 2623 1987 in
2641 1932 2822 1989 beatae
2839 1932 3096 2007 Virginis
3110 1934 3186 2006 (k)
3200 1932 3578 2008 conceptione
3595 1951 3694 1994 se-

2023 2019 2304 2092 jungens,
2324 2024 2676 2092 unumque!
2689 2022 2779 2078 21
2794 2021 3154 2078 40hristum
3168 2022 3227 2077 in
3242 2024 3390 2080 duos
3403 2022 3688 2095 dividens,

2031 2107 2208 2164 aliam
2240 2107 2506 2177 Deitatis,
2532 2113 2588 2164 et
2609 2108 2787 2165 aliam
2812 2110 3201 2168 humanitatis
3215 2111 3399 2169 voluit
3417 2127 3545 2170 esse
3559 2130 3692 2186 per-

2031 2213 2237 2253 sonam
2258 2212 2423 2263 ;cum
2443 2197 2681 2253 omnino
2706 2214 2862 2253 unus
2880 2196 3153 2272 idemque
3168 2199 3268 2269 sit,
3286 2199 3390 2273 qui
3409 2205 3466 2257 et
3486 2218 3694 2260 secun-

2030 2285 2175 2341 dum
2208 2285 2630 2358 sempiternam
2664 2286 2951 2343 Deitatem
2981 2288 3053 2344 de
3074 2289 3240 2345 Patre
3259 2292 3353 2345 est
3368 2293 3547 2348 natus
3565 2291 3694 2350 sine

2030 2379 2315 2446 tempore,
2344 2378 2401 2430 et
2431 2375 2757 2430 secundum
2789 2392 2987 2432 veram
3018 2393 3256 2433 carnem
3286 2377 3359 2435 de
3387 2382 3575 2435 matre
3606 2383 3703 2437 est

2030 2468 2205 2519 natus
2237 2463 2295 2517 in
2328 2467 2623 2535 tempore;
2661 2468 2717 2519 et
2734 2464 3033 2538 Eutychen
3051 2464 3323 2521 similiter
3336 2471 3695 2534 exsecratur,

2032 2550 2130 2625 qui
2149 2551 2208 2607 in
2223 2552 2470 2608 Domino
2482 2552 2512 2608 J
2518 2570 2623 2609 esu
2645 2552 2874 2609 Christo
2886 2552 3189 2611 veritatem
3212 2554 3483 2613 humanas
3504 2556 3698 2614 carnis

2028 2656 2338 2706 evacuans,
2362 2639 2558 2712 ipsum
2577 2641 2820 2697 verbum
2842 2641 2901 2696 in
2920 2658 3158 2703 carnem
3171 2642 3235 2714 (ι)
3260 2644 3472 2701 asserit
3496 2648 3693 2705 trans-

2028 2730 2365 2797 formatum,
2386 2734 2447 2784 ut
2468 2729 2650 2801 nasci,
2672 2730 2904 2799 nutriri,
2928 2730 3227 2804 proficere,
3252 2733 3394 2805 pati,
3419 2732 3590 2802 mori,
3608 2738 3691 2790 at-

2027 2834 2140 2890 que
2162 2817 2414 2891 sepeliri,
2441 2823 2497 2873 et
2518 2819 2609 2876 die
2632 2819 2802 2875 tertio
2825 2819 3128 2889 suscitari,
3144 2820 3332 2879 solius
3351 2821 3528 2878 fuerit
3549 2820 3685 2879 Del-

2025 2907 2183 2975 tatis,
2217 2924 2344 2979 quae
2393 2906 2620 2963 servilis
2643 2907 2840 2964 formae
2866 2926 2981 2965 non
3005 2907 3309 2967 veritatem
3336 2911 3680 2985 susceperit,

2024 2996 2126 3052 sed
2159 2995 2431 3069 figuram.
3056 3018 3061 3021 ·

2093 3087 2228 3142 CAP.
2262 3085 2359 3140 ΙΙΙ.
2391 3116 2460 3125 -
2489 3085 2735 3141 Summa
2765 3086 2961 3158 itaque
2990 3086 3296 3160 vigilantia
3338 3093 3573 3146 cautum
3622 3093 3680 3148 te

259 3175 441 3232 diam.
476 3174 591 3230 Nec
621 3175 864 3230 interest
892 3190 1009 3247 quo
1040 3173 1344 3247 sacrilegio
1375 3174 1450 3230 ab
1493 3174 1915 3233 incarnationis
1968 3248 1975 3249 ί
2021 3190 2151 3229 esse
2180 3174 2469 3241 convenit,
2502 3190 2573 3230 ne
2596 3174 2736 3246 quid
2763 3174 2874 3229 sibi
2900 3175 3173 3233 haeretica
3191 3177 3447 3249 pravitas
3468 3178 3683 3235 audeat

258 3261 576 3321 Dominicae
604 3262 845 3318 veritate
875 3261 1228 3328 discordent,
1263 3278 1397 3317 cum
1430 3262 1485 3317 id
1519 3264 1674 3334 quod
1696 3264 1920 3336 pravis-
1949 3248 1992 3315 C
2028 3261 2348 3317 vindicare:
2384 3279 2518 3318 cum
2549 3265 2605 3318 te
2636 3264 2838 3318 deceat
2858 3262 2951 3319 his
2970 3248 3318 3321 sacerdotali
3338 3266 3683 3323 auctoritate

259 3352 414 3408 sime
444 3350 726 3420 sentiunt,
758 3351 827 3423 (Γ)
849 3367 953 3408 nec
975 3350 1291 3408 auctoritas
1312 3350 1628 3425 Evangelii,
1652 3368 1756 3409 nec
1774 3352 1919 3409 ratio

259 3440 549 3512 suscipiat
577 3440 950 3498 sacramenti.

331 3529 472 3585 CAP.
505 3529 574 3584 II.
605 3560 675 3570 —
704 3528 774 3584 Et
801 3528 953 3596 ideo,
986 3528 1168 3584 frater
1193 3527 1560 3595 charissime,
1583 3533 1812 3601 oportet
1830 3530 1920 3586 di-

255 3617 570 3676 lectionem
599 3620 764 3673 tuam
795 3620 914 3673 toto
947 3617 1120 3674 corde
1150 3617 1225 3689 (g)
1257 3617 1604 3690 perspicere,
1627 3620 1797 3690 cujus
1818 3619 1920 3675 Ec-

255 3706 451 3765 clesiae
482 3705 897 3780 gubernaculis
920 3710 977 3763 te
1005 3706 1292 3763 Dominus
1322 3705 1568 3763 voluerit
1587 3708 1919 3780 przesidere,

218 3946 223 3950 .
251 3901 390 3959 Vat.
422 3899 551 3968 541,
583 3900 1068 3974 interepistolas,
1103 3917 1230 3974 quae
1259 3900 1594 3974 collectioni
1617 3900 1680 3974 24
1733 3902 1920 3974 subji-

250 3974 519 4040 ciuntur,
533 3989 599 4046 ac
620 3971 857 4046 tandem
876 3972 936 4028 in
954 3971 1271 4046 exemplari
1287 3972 1491 4046 prima:
1508 3972 1784 4030 editionis
1800 3971 1919 4030 ser-

253 4060 509 4103 monum
540 4044 600 4099 S.
638 4044 865 4100 Leonis.

329 4115 410 4189 (a)
439 4120 505 4170 In
525 4113 780 4188 vulgatis
802 4119 937 4241 post
957 4114 1256 4172 Canisium
1280 4118 1335 4172 et
1357 4118 1491 4171 ante
1512 4115 1917 4179 Quesnellum:

252 4190 362 4244 Leo
391 4186 679 4243 catholica?
701 4188 802 4242 Ecc
826 4188 952 4241 asia:
992 4188 1269 4244 enzscoaus
1315 4188 1548 4242 Macimo
1598 4188 1917 4243 charissima

252 4201 362 4244 Leo
391 4201 679 4243 catholicae
701 4201 952 4242 ecclesiae
992 4202 1269 4258 cpzscopus
1315 4201 1548 4242 mamma
1598 4201 1922 4243 σηανιδδτγηο

251 4260 702 4331 [ναίνὶᾲερὶδρορο
732 4259 1083 4331 Antiocheno.
1116 4258 1277 4331 lianc
1309 4258 1752 4330 inscriptionem
1775 4257 1920 4313 nulli

256 4329 452 4387 nostri
483 4329 713 4385 codices
744 4329 1080 4401 praeferunt.
1114 4329 1259 4385 Vide
1290 4335 1407 4384 not.
1444 4331 1468 4384 1
1497 4329 1715 4397 ’Quesn.

331 4419 411 4491 (b)
444 4417 554 4475 Ms.
586 4417 835 4489 Ratisp.,
868 4418 1253 4474 Martinianus.

332 4507 409 4589 (ο)
422 4506 816 4589 Ιᾶθῑῃοιῆαιίβρ.
832 4504 1419 4589 θινεξιιὶοθΠεροΙΙεξοῐ.
1440 4508 1494 4573 8,
1511 4506 1922 4589 ac‘exemplum

258 4577 471 4705 plrimm
501 4577 799 4645 editionis,
827 4594 929 4649 per
958 4578 1119 4649 ipsos.
1154 4577 1286 4633 Mox
1316 4577 1431 4632 duo
1462 4577 1900 4649 postremilibri

258 4666 290 4705 ε
314 4664 506 4705 cauta.

258 4664 506 4706 ειοσαια.

314 4666 516 4791 adsita
528 4735 659 4791 cum
674 4719 849 4791 editis
861 4717 1517 4791 Conciliorum.Vulgati
1536 4720 1766 4790 Leonis,
1781 4722 1935 4775 inno-

258 4797 508 4873 ψει.
542 4790 684 4873 Cod:
708 4790 956 4873 Ratisp‘q
976 4790 1532 4873 atmag‘ismagiwae
1556 4791 1931 4873 innotesceret.

257 4861 405 4942 _Post
416 4876 624 4942 pauca,
646 4859 1024 4942 damnati/esto
1037 4861 1096 4917 in
1112 4859 1286 4942 editis
1311 4859 1450 4916 ante
1459 4860 1860 4931 Quesnellum,
1878 4866 1935 4917 et

258 4934 327 4990 in
357 4932 569 5007 primm
596 4932 873 4989 editionis
904 4932 1190 5006 exemplo.

318 5021 415 5102 _(e_)
446 5022 535 5076 Ita
562 5035 768 5102 omnes
798 5020 1180 5102 nostrincodd.
1214 5020 1382 5102 Barb.
1407 5023 1463 5102 et
1483 5019 1605 5102 χαι.
1629 5018 1854 5102 collect.
1879 5022 1932 5087 3,

264 5090 530 5176 quatuor
558 5090 783 5176 collect.
810 5094 888 5156 8.,
909 5091 1203 5176 etllatisp.
1224 5090 1449 5173 collect.
1467 5091 1717 5176 ‘19,.cum
1746 5092 1938 5176 prima

264 5160 566 5247 editione;
599 5168 657 5219 et
686 5179 828 5218 sane
858 5161 1069 5219 melius
1099 5160 1274 5234 quam
1305 5160 1364 5216 in
1386 5160 1659 5234 vulgatis,
1683 5160 1807 5218 cum
1828 5165 1933 5217 Nc-

262 5240 644 5433 ‘Eugrlma
655 5303 856 5369 editio,
874 5320 973 5360 nec
988 5306 1282 5361 auctoritas
1297 5303 1586 5374 Evangelii
1602 5302 1817 5371 haheat,
1841 5319 1939 5358 nec

262 5396 300 5433 r
375 5374 391 5391 ⁸
429 5376 785 5431 sacramenti.
807 5374 1246 5433 Dein.susciniat
1265 5391 1365 5433 pro
1377 5376 1613 5433 recipiat
1628 5390 1696 5430 ex
1711 5375 1935 5433 Ratisn.

262 5374 418 5435 ratio
429 5376 785 5431 sacramenti.
807 5374 970 5443 Dein,
983 5376 1246 5448 suscipiat
1261 5391 1365 5448 pro
1377 5376 1613 5446 recipiat
1628 5390 1696 5430 ex
1711 5375 1935 5447 Ratisp.

263 5448 405 5507 cod.
440 5444 831 5518 praetulimus.
1602 5488 1605 5491 .

263 5465 405 5507 con.
440 5465 831 5518 prmiuumus.
1602 5488 1605 5491 .

347 5537 426 5609 (g)
456 5533 583 5589 Duo
618 5522 848 5590 codices
877 5551 1011 5591 cum
1044 5535 1233 5608 prima
1261 5533 1536 5599 editione,
1568 5536 1843 5605 praescire.

346 5624 431 5697 (h)
456 5622 755 5697 Ms._Bar_b.
772 5623 997 5681 collect.
1012 5626 1066 5692 3,
1082 5626 1408 5697 ministerio.
1428 5624 1559 5679 Mox
1583 5627 1718 5697 ante
1742 5640 1939 5679 vocem

270 5694 540 5755 Romam:
572 5694 793 5767 Ratisp.
828 5700 885 5753 et
914 5697 1103 5769 prima
1130 5694 1303 5751 editio
1335 5698 1607 5767 repetunt
1636 5696 1714 5750 in.

2026 3350 2316 3418 resistere,
2333 3367 2558 3422 nosque
2571 3350 2783 3422 saepius
2801 3351 2871 3407 de
2888 3352 3149 3424 profectu
3165 3352 3555 3411 Ecclesiarum
3568 3354 3687 3412 tuis

2028 3437 2412 3495 relationibus
2425 3438 2565 3510 quid
2580 3444 2789 3511 agatur
2809 3438 3118 3495 instruere.
3146 3439 3402 3512 Dignum
3418 3444 3505 3497 est
3528 3441 3685 3498 enim

2027 3533 2084 3585 te
2115 3525 2443 3599 apostolicae
2467 3526 2624 3582 sedis
2654 3525 2713 3581 in
2744 3526 2855 3581 hac
2882 3525 3277 3584 sollicitudine
3299 3524 3428 3585 esse
3449 3543 3688 3586 consor-

2027 3620 2144 3672 tem
2164 3615 2260 3688 (m)
2284 3619 2340 3671 et
2371 3616 2439 3671 ad
2470 3615 2680 3688 agendi
2705 3613 2982 3671 ﬁduciam
3007 3614 3312 3690 privilegia
3331 3615 3512 3674 tertiae
3534 3617 3691 3677 sedis

2029 3720 2364 3778 agnoscere,
2380 3704 2462 3777 (η)
2476 3721 2602 3777 quae
2617 3704 2674 3760 in
2692 3703 2855 3760 nullo
2869 3704 3224 3778 cujusquam
3237 3705 3558 3766 ambitione
3579 3705 3689 3767 mi-

2103 3901 2168 3974 (i)
2200 3900 2413 3984 Eadem
2444 3901 2635 3973 prima
2666 3900 2875 3982 editio,
2900 3901 2962 3955 in
2992 3902 3229 3985 Orientis
3255 3902 3530 3986 Ecclesiis.
3550 3901 3689 3963 Late

2031 3971 2510 4054 hazcusumihno‘n
2541 3975 2738 4053 autem
2770 3976 2994 4040 stricte,
3026 3972 3266 4054 depelle
3306 3973 3533 4054 scilicet
3572 3973 3685 4054 E07

2032 4043 2228 4119 clesiis
2257 4043 2615 4119 Antiocheno
2641 4043 2914 4115 episcopo
2966 4042 3241 4119 subditis,
3276 4048 3431 4102 recte
3450 4117 3459 4119 _
3478 4045 3690 4119 probat

2033 4113 2378 4187 Quesnellus
2407 4119 2527 4170 nnt.
2559 4118 2621 4187 27;
2655 4113 2788 4187 cum
2813 4113 2928 4187 qua
2948 4115 3144 4172 confer
3163 4121 3395 4173 nostras
3415 4113 3687 4175 ob'servar

2030 4187 2220 4242 tiones
2253 4185 2442 4241 eidem
2474 4185 2893 4242 subjiciendus.

2082 4204 2220 4242 ones
2253 4203 2442 4241 elaem
2474 4203 2582 4241 sun
2614 4203 2893 4242 ieienaas.

2082 4257 2335 4383 ἶὲὲιὲἓῑά.
2369 4203 2651 4312 Vallicell.
2685 4262 2742 4313 et
2772 4257 2960 4329 prima
2976 4256 3560 4331 editio,adutramque
3581 4260 3687 4315 im-

2070 4344 2179 4384 ῑθῑα
2187 4344 2312 4383 tem.

2028 4345 2446 4472 pillttlpgliilgati
2478 4398 2949 4472 mendosissime,
2973 4399 3368 4472 conjunctione.
3393 4396 3687 4472 Quesnelli

2034 4468 2505 4541 emendationem
2537 4486 2605 4525 ex
2635 4469 2816 4525 Grim.
2838 4474 2895 4525 et
2916 4485 3032 4541 uno
3054 4468 3237 4541 Barb,
3250 4468 3435 4541 nostri
3455 4484 3689 4541 quoque

2035 4542 2201 4598 codd.
2238 4545 2365 4597 Vat.
2402 4539 2711 4612 collect.‘3,
2744 4544 2862 4612 tres
2883 4539 3105 4612 collect.
3133 4543 3188 4611 8,
3213 4540 3439 4612 Ratisp.
3462 4539 3688 4612 collect.

1908 4622 1921 4647 ’
1955 4618 2002 4683 D
2034 4614 2101 4669 l9
2132 4617 2187 4669 et
2208 4611 2538 4684 exemplum
2565 4609 2765 4684 prima:
2781 4610 3055 4666 editionis
3075 4609 3445 4684 confirmant.
3468 4611 3548 4684 De
3564 4628 3687 4668 con-

2041 4688 2279 4756 ceptione
2297 4681 2503 4767 activa,
2528 4681 2646 4753 qua
2666 4681 2841 4753 Virgo
2866 4682 3132 4756 concepit
3150 4684 3252 4740 Dei
3272 4682 3504 4768 Filium,
3532 4683 3691 4741 hunc

2042 4755 2234 4811 locum
2264 4753 2713 4827 intelligendum
2746 4757 2898 4808 recte
2924 4751 3272 4817 Quesnellus
3300 4759 3530 4812 monuit
3567 4759 3688 4812 not.

2042 4828 2095 4881 3.
2113 4828 2289 4883 Paulo
2304 4830 2437 4899 post
2448 4824 2807 4899 additionem
2824 4841 3030 4899 vocum
3049 4828 3345 4885 secundum
3362 4843 3548 4884 veram
3560 4844 3691 4899 car-

2041 4914 2169 4953 nem
2197 4899 2267 4954 ab
2297 4895 2502 4955 eodem
2533 4895 2840 4962 Quesnello
2871 4896 3172 4956 inductam
3199 4899 3376 4957 iidem
3399 4897 3585 4955 nostri
3605 4913 3693 4953 co-

2043 4969 2222 5035 dices,
2255 4974 2311 5023 et
2342 4969 2534 5041 prima
2562 4968 2739 5024 editio
2772 4969 3119 5042 approbant.

2116 5048 2424 5171 (l)R}t1tisp.
2459 5052 2517 5103 et
2546 5050 2677 5102 Vat.
2711 5047 2937 5106 collect.
2967 5051 3002 5104 8
3031 5067 3165 5107 cum
3194 5051 3387 5123 prima
3414 5046 3691 5113 editione,

2116 5135 2253 5171 seru:
2284 5160 2295 5171 .

2043 5135 2295 5175 asseruit.

2117 5187 2370 5261 (1n)Edi_t_i
2384 5191 2523 5261 ante
2540 5187 2756 5261 Quesn.
2767 5234 2782 5259 ,
2794 5195 2844 5247 et
2856 5191 2927 5247 ad
2941 5189 3250 5260 augendam
3261 5188 3544 5261 ﬁduciam:
3566 5186 3693 5242 Duc

2048 5257 2215 5333 codd.
2249 5257 2472 5333 collect.
2504 5260 2559 5333 8_,
2589 5263 2639 5314 et
2670 5260 2740 5316 ad
2768 5257 3003 5333 augendi
3021 5257 3307 5333 ﬁduciam.
3341 5257 3473 5333 Mos
3508 5259 3695 5333 Ques-

2051 5330 2565 5410 nellus_privilegia
2594 5333 2761 5410 tertia
2788 5329 3040 5398 induxit,
3072 5346 3174 5410 pro
3197 5329 3495 5410 privilegia

2047 5402 2210 5459 sedis.
2243 5399 2506 5458 Veterem
2530 5401 2839 5459 lectionem
2860 5419 2928 5459 ex
2949 5399 3225 5457 omnibus
3246 5399 3463 5456 nostris
3486 5399 3698 5457 codici-

2051 5475 2162 5530 bus
2193 5477 2247 5529 et
2280 5472 2467 5546 prima
2495 5473 2747 5601 edilmne
2779 5472 3161 5529 restituimus.

2125 5554 2295 5601 (nllta
2311 5553 2663 5601 numOuesn-
2690 5553 2911 5601 Ratisn.
2930 5556 2988 5601 et
3005 5551 3161 5601 codd.

2125 5492 2162 5529 .s
2193 5492 2247 5529 et
2280 5492 2467 5546 prima
2495 5492 2585 5528 em
2639 5492 2747 5529 one
2779 5492 3161 5529 resutmmus.

2125 5554 2295 5624 (n)Ita
2311 5492 2677 5617 cquuesk
2690 5553 2911 5624 Ratisp.
2930 5556 2988 5607 et
3005 5551 3178 5624 codd.
3197 5549 3421 5606 collect.
3443 5550 3696 5624 3LEditi,

2052 5635 2111 5682 ut
2133 5622 2201 5697 in
2228 5626 2381 5697 nullo
2409 5622 3056 5697 cujusquam‘ambitiqne
3100 5623 3447 5697 minuantur.
3492 5622 3698 5697 Primae

2057 5696 2327 5755 editionis
2355 5692 2689 5767 exemplar:
2720 5695 2854 5763 Quae
2884 5692 3126 5767 (scilicet
3152 5694 3321 5770 sedes)
3352 5696 3413 5753 in
3430 5696 3585 5755 nullo
3610 5711 3702 5753 cu-
