4130 6168
258 388 423 460 1018

1671 394 2053 462 EPISTULA
2094 394 2274 463 CXX.

3516 400 3673 467 1054

258 526 466 586 nullus
487 493 665 603 queat
682 524 934 588 ulterius
962 528 1255 601 dubitare,
1286 527 1401 588 nisi
1424 528 1525 606 qui
1557 529 1909 607 sibimetipsi
1940 532 1996 600 Α
2023 527 2310 589 catholica
2326 527 2864 606 ﬂde(z)laborastis,
2885 535 3560 613 personam,quidquam
3580 553 3671 620 re-

259 635 527 676 errorum
556 619 827 676 tenebras
859 620 1072 677 inferre
1101 621 1396 691 maluerit,
1422 622 1498 695 (a)
1530 627 1587 679 et
1610 624 1913 697 synodalia

257 707 537 781 gesta,vel
553 708 768 781 quibus
782 709 857 781 (ὁ)
871 708 1127 781 primum
1140 710 1401 767 deﬁnitio
1416 711 1547 767 fidei
1562 710 1912 784 legituresse

255 798 534 864 formata,
559 798 649 854 vel
694 798 911 871 quibus
935 800 1182 872 praefatae
1214 798 1417 856 litterae
1449 800 1781 873 apostolicus
1816 819 1912 858 se-

257 886 373 953 dis,
398 887 575 942 etiam
591 886 661 959 (c)
676 892 787 943 tua:
805 888 1186 945 fraternitatis
1199 890 1393 946 studio
1414 890 1663 946 defensae
1683 895 1842 957 sunt.
1856 895 1913 947 et

262 975 603 1047 (d)maxime
626 977 697 1031 ad
710 976 1013 1048 piissimos
1025 978 1319 1051 principes
1331 979 1510 1034 totius
1524 979 1752 1035 concilii
1778 979 1914 1035 allo-

261 1064 420 1121 cutio
443 1064 534 1136 (e),
558 1068 644 1119 tot
674 1066 792 1120 sint
816 1066 1265 1138 praecedentium
1298 1068 1537 1123 Patrum
1560 1068 1912 1125 testimoniis

256 1153 555 1219 roborata,
589 1156 654 1207 ut
685 1153 870 1209 cuivis
901 1153 1261 1227 imprudenti
1290 1173 1354 1212 ac
1385 1157 1667 1229 pertinaci
1690 1157 1907 1227 animo,

258 1240 311 1298 si
342 1245 539 1298 tamen
572 1258 687 1297 non
711 1244 837 1313 jam
888 1260 1021 1299 cum
1067 1245 1298 1301 diabolo
1337 1262 1441 1317 pro
1473 1264 1581 1302 sua
1608 1246 1911 1320 impietate

257 1330 577 1387 damnatus
604 1335 713 1398 est,
744 1332 976 1388 valeant
1004 1334 1268 1391 suadere.

329 1422 372 1475 1
385 1419 993 1478 226CAP.V.-—Unde
1006 1422 1114 1479 hoc
1128 1440 1360 1496 quoque
1381 1442 1488 1481 nos
1501 1429 1702 1481 contra
1715 1425 1911 1483 hostes

255 1507 526 1564 Ecclesia:
540 1509 841 1581 providere
857 1510 1215 1583 condignum
1228 1517 1335 1581 est,
1352 1518 1416 1568 ut
1427 1513 1808 1587 eis(f)nullam
1822 1532 1912 1571 ca-

257 1597 591 1653 lumniandi
620 1598 1010 1671 occasionem,
1028 1601 1184 1673 quod
1206 1603 1278 1657 ad
1298 1619 1403 1659 nos
1425 1604 1652 1675 attinet,
1676 1603 1910 1676 penitus

258 1685 689 1759 relinquamus,
726 1704 827 1744 nec
858 1705 1140 1761 umquam
1173 1696 1375 1747 contra
1399 1692 1778 1749 Nestorianos
1810 1698 1912 1749 aut

257 1774 655 1847 Eutycbianos
684 1781 944 1849 agentes,
977 1778 1142 1834 alteri
1186 1796 1388 1836 eorum
1418 1780 1719 1837 videamur
1747 1785 1911 1853 terga

258 1864 541 1933 vertisse;
576 1865 677 1920 sed
727 1870 1009 1938 utrosque
1056 1866 1269 1924 Christi
1316 1868 1513 1925 hostes
1543 1887 1709 1942 requa
1744 1870 1911 1927 lance

258 1952 511 2009 vitemus
544 1956 718 2024 atque
760 1955 1141 2011 damnemus:
1173 1956 1257 2011 ita
1302 1962 1367 2013 ut
1397 1975 1515 2024 eos,
1550 1959 1779 2029 quoties
1807 1977 1911 2015 au-

262 2040 551 2097 dientium
568 2041 933 2114 quantalibet
944 2044 1522 2115 poscitutilitas,cum
1538 2048 1913 2121 dogmatibus

259 2145 465 2186 eorum
498 2130 676 2202 digno
724 2131 1093 2188 anathemate
1122 2134 1563 2206 promptissime
1596 2140 1766 2208 atque
1797 2136 1910 2192 evi-

258 2218 608 2274 dentissima
627 2218 937 2275 feriamus:
958 2237 1030 2276 ne
1048 2221 1094 2276 si
1115 2221 1222 2277 hoc
1245 2239 1278 2276 a
1298 2223 1464 2278 nobis
1481 2228 1583 2279 aut
1605 2225 1913 2281 obscurius

256 2306 391 2361 ﬁeri
423 2306 692 2362 videatur
720 2311 821 2363 aut
871 2309 1116 2378 tardius,
1166 2314 1403 2383 putetur
1448 2311 1715 2368 invitum.
1751 2315 1912 2379 Quod

258 2394 535 2466 quamvis
554 2395 926 2466 prudentiam
949 2401 1108 2452 tuam
1125 2400 1299 2470 (g)res
1316 2400 1443 2472 ipsa
1463 2401 1775 2457 admonere
1798 2403 1915 2459 suf-

260 2483 444 2551 ﬁciat,
472 2483 601 2553 jam
632 2488 827 2540 tamen
862 2489 919 2539 et
966 2487 1363 2558 experimenta
1405 2489 1750 2546 docuerunt.
1804 2492 1915 2547 Sed

260 2570 609 2628 benedictus
632 2572 786 2628 Deus
812 2577 1028 2641 noster,
1053 2576 1219 2645 cujus
1236 2576 1594 2633 invincibilis
1609 2579 1820 2635 veritas
1844 2581 1914 2635 ab

263 2660 423 2716 omni
439 2660 727 2717 haereseos
741 2662 972 2718 macula
986 2664 1275 2719 mundum
1288 2670 1364 2737 te,
1385 2667 1603 2721 secund
1614 2684 1710 2722 um
1730 2668 1807 2739 (h)
1825 2685 1915 2724 se-

266 2749 360 2805 dis
380 2748 711 2821 apostolicae
728 2750 1045 2821 judicium,
1068 2753 1509 2809 demonstravit.
1546 2755 1651 2810 Cui
1674 2754 1913 2829 dignam

266 2838 557 2894 retribues
568 2854 674 2910 pro
687 2838 1344 2912 totlaboribusgratiam
1360 2841 1409 2896 si
1424 2841 1601 2897 talem
1614 2847 1668 2898 te
1682 2844 1914 2914 qualem

268 2926 643 2998 probavimus
675 2942 741 2981 ac
772 2926 1115 2998 probamus,
1137 2944 1240 2999 pro
1272 2928 1618 2985 universalis
1647 2931 1914 2988 Ecclesia:

269 3014 610 3070 defensione
641 3015 977 3071 servaveris.
1007 3016 1151 3071 Nam
1175 3018 1328 3089 quod
1350 3018 1506 3074 Deus
1527 3019 1793 3075 omnium
1826 3037 1916 3076 ca-

265 3102 700 3163 lumniosorum
722 3102 982 3159 fallacias
1020 3104 1212 3174 solvit,
1246 3106 1562 3162 maximam
1588 3108 1915 3165 beatissimi

262 3191 421 3248 Petri
436 3207 636 3247 curam
654 3208 758 3263 pro
777 3192 1001 3248 cunctis
1023 3194 1193 3249 nobis
1210 3195 1615 3266 agnoscimus;
1642 3196 1743 3269 qui
1764 3202 1918 3269 post-

2021 622 2273 694 probum
2303 621 2485 677 videri
2516 622 2821 694 permisit:
2865 626 3005 697 quia
3034 644 3139 683 nec
3170 632 3416 700 poterat,
3450 629 3669 701 Spiritu

2022 714 2224 767 sancto
2238 711 2562 783 judicante,
2591 712 2907 783 quisquam
2926 715 3127 772 1227
3154 733 3222 772 ex
3246 718 3329 773 eis
3352 734 3466 774 non
3487 719 3674 774 victor

2021 800 2195 867 exire,
2228 817 2480 871 quorum
2507 803 2632 872 jam
2663 801 2878 857 vicerat
2907 802 3075 859 ﬁdes.

2090 893 2223 944 CAP.
2250 888 2344 944 Vl.
2376 920 2443 931 -
2494 890 2656 955 Quod
2709 895 2997 963 superest,
3038 891 3418 949 exhortamur
3443 900 3508 951 ut
3535 896 3673 968 quia

2019 976 2140 1033 illic
2167 978 2480 1034 nonnullas
2509 979 2851 1052 Eutychiani
2884 997 2949 1036 ac
2979 980 3308 1036 Nestoriani
3340 983 3552 1039 erroris
3582 1002 3671 1041 re-

2020 1066 2234 1139 liquias
2251 1069 2631 1139 cognovimus
2650 1069 3030 1138 remansisse,
3049 1086 3203 1124 nunc
3216 1069 3389 1125 etiam
3405 1071 3527 1126 sedi
3542 1090 3674 1144 apo-

2021 1154 2237 1211 stolicae
2260 1155 2603 1212 collabores.
2624 1156 2880 1212 Victoria
2901 1159 3058 1213 enim
3078 1174 3255 1230 quam
3280 1157 3547 1214 Christus
3568 1160 3675 1215 Do-

2021 1244 2220 1299 minus
2245 1249 2444 1300 noster
2475 1263 2591 1301 sua:
2613 1246 2849 1302 donavit
2872 1247 3157 1316 Ecclesiae,
3182 1247 3539 1319 quamdiuin
3563 1248 3673 1303 hoc

2020 1334 2243 1389 mundo
2272 1350 2601 1402 versamur,
2636 1334 2770 1390 licet
2810 1335 3087 1390 ﬁduciam
3120 1337 3403 1407 majorem
3430 1337 3671 1406 tribuat,

2018 1438 2134 1476 non
2166 1425 2364 1477 tamen
2394 1423 2452 1477 in
2486 1427 2677 1477 totum
2710 1423 3166 1479 sollicitudinem
3192 1425 3459 1497 perimit;
3483 1442 3590 1482 nec
3611 1429 3675 1482 ut

2020 1510 2386 1565 dormiamus
2426 1510 2641 1566 donata
2673 1514 2780 1577 est,
2815 1512 2916 1567 sed
2949 1518 3013 1568 ut
3044 1513 3283 1569 suavius
3314 1513 3671 1571 laboremus.

2018 1597 2183 1654 Unde
2235 1599 2294 1653 in
2327 1598 2437 1654 hoc
2470 1615 2701 1671 quoque
2762 1603 2873 1655 tuae
2920 1601 3233 1673 vigilantiae
3283 1602 3674 1660 sollicitudine

2017 1686 2290 1742 volumus
2314 1687 2599 1758 adjuvari,
2626 1690 2690 1742 ut
2712 1691 2813 1743 tua
2841 1688 3122 1745 relatione
3152 1695 3419 1747 currente
3441 1693 3507 1764 (j)
3530 1693 3671 1765 quid

2018 1776 2171 1847 apud
2189 1774 2323 1832 illas
2347 1776 2612 1848 regiones
2631 1776 2896 1832 doctrina
2909 1777 3212 1833 Dominica
3233 1780 3518 1850 proficiat,
3535 1798 3672 1852 apo-

2019 1864 2286 1920 stolicam
2320 1865 2520 1920 sedem
2555 1865 2797 1920 festines
2825 1866 3155 1922 instruere:
3190 1872 3483 1938 quatenus
3514 1867 3674 1924 illius

2020 1954 2275 2027 regionis
2326 1954 2676 2021 sacerdotes,
2711 1953 2769 2008 in
2817 1970 3189 2027 quocumque
3219 1972 3365 2011 usus
3396 1956 3669 2028 exegerit,

2020 2043 2387 2112 adjuvemus.
2408 2043 2488 2099 De
2509 2043 2603 2098 his
2620 2059 2751 2099 vero
2775 2060 2902 2115 qua:
2920 2043 2996 2114 (k)
3012 2043 3072 2097 in
3091 2059 3242 2115 saepe
3256 2044 3409 2100 dicto
3428 2044 3673 2101 concilio

2019 2129 2224 2187 illicita
2240 2138 2440 2186 contra
2454 2130 2817 2186 venerabiles
2837 2131 3100 2187 Nicaanos
3118 2148 3369 2189 canones
3394 2150 3673 2205 pressum-

2022 2220 2218 2291 ptione
2241 2223 2460 2275 tentata
2476 2220 2705 2290 sunt,(l)
2724 2220 2796 2274 ad
2817 2220 3053 2275 fratrem
3071 2223 3127 2275 et
3140 2221 3545 2293 coepiscopum
3569 2240 3671 2279 no-

2022 2312 2209 2363 strum
2243 2307 2613 2363 Antiochense
2646 2308 2803 2363 sedis
2835 2308 3147 2379 praesulem
3181 2309 3548 2380 scripsimus;
3574 2313 3672 2383 (γη)

2022 2394 2364 2467 adjicientes
2377 2396 2585 2451 etillud
2597 2437 2609 2461 ,
2630 2396 2785 2468 quod
2801 2396 2969 2451 nobis
2986 2401 3224 2468 propter
3236 2398 3670 2469 improbitatem

2024 2484 2447 2539 monachorum
2504 2486 2895 2557 quorumdam
2956 2484 3212 2557 regionis
3260 2489 3460 2542 vestra:
3498 2489 3670 2544 verbo

2024 2572 2314 2633 mandasti
2350 2589 2452 2644 per
2494 2572 2743 2628 vicarios
2791 2576 3047 2643 nostros,
3101 2578 3157 2629 et
3187 2573 3296 2629 hoc
3344 2575 3674 2647 specialiter

2023 2665 2367 2727 statuentes,
2392 2666 2459 2717 ut
2486 2667 2697 2733 praeter
2724 2661 2953 2719 Domini
2988 2663 3318 2718 sacerdotes
3348 2663 3549 2721 nullus
3568 2683 3671 2721 au-

2024 2751 2158 2807 deat
2186 2751 2517 2823 przedicare,
2552 2768 2655 2807 seu
2690 2751 3034 2818 monachus,
3069 2752 3189 2807 sive
3220 2751 3319 2807 ille
3358 2753 3435 2808 sit
3464 2753 3669 2822 laicus,

2025 2840 2123 2912 qui
2139 2840 2452 2911 cujuslibet
2468 2840 2721 2895 scientia:
2739 2840 2972 2896 nomine
2990 2840 3291 2913 glorietur.
3306 2842 3461 2906 Quas
3472 2846 3670 2899 tamen

2024 2929 2269 2998 litteras,
2303 2945 2405 3001 pro
2438 2927 2691 2983 utilitate
2722 2928 3071 2984 universalis
3097 2928 3389 2997 Ecclesiae,
3412 2946 3515 3003 per
3534 2948 3674 3005 prae-

2023 3018 2246 3073 dictum
2268 3018 2504 3074 fratrem
2523 3022 2581 3073 et
2597 3018 3008 3090 coepiscopum
3034 3022 3301 3074 nostrum
3324 3019 3667 3089 Maximum,

2024 3106 2096 3162 ad
2129 3107 2394 3162 omnium
2426 3106 2817 3177 (n)voluimus
2849 3106 3147 3179 pervenire
3178 3108 3478 3165 notitiam:
3511 3114 3569 3165 et
3597 3110 3670 3166 ob

2025 3195 2135 3250 hoc
2164 3195 2256 3250 his
2290 3192 2590 3250 noluimus
2632 3212 2833 3250 earum
2865 3195 3162 3266 exemplar
3208 3196 3482 3265 adjicere,
3533 3198 3673 3270 quia

261 3297 445 3354 quam
465 3297 583 3337 suis
605 3280 762 3337 sedis
782 3281 1077 3353 judicium
1109 3283 1168 3337 in
1192 3282 1327 3339 fidei
1356 3284 1695 3341 definitione
1712 3287 1909 3342 ﬁrma-
1942 3270 1985 3337 C
2024 3300 2151 3355 quae
2165 3282 2438 3355 praedicto
2461 3282 2623 3337 fratri
2637 3287 2693 3337 et
2705 3282 3045 3354 coepiscopo
3065 3286 3262 3337 nostro
3280 3283 3668 3353 injunximus,

257 3370 366 3436 vit,
390 3385 495 3427 nec
511 3369 663 3427 circa
683 3371 1037 3442 cujusquam
1058 3375 1341 3443 vestrum,
1360 3373 1461 3444 qui
1480 3374 1787 3430 nobiscum
1807 3392 1909 3448 pro

333 3583 413 3655 (α)
434 3582 670 3670 Vulgati
691 3588 825 3639 ante
845 3585 1058 3670 Quesn.
1088 3601 1223 3670 cum
1240 3602 1390 3670 mss.
1415 3586 1635 3670 collect.
1662 3590 1730 3643 12
1748 3593 1804 3645 et
1820 3590 1909 3670 24,

260 3671 387 3710 cum
417 3658 721 3726 synodalia,
757 3671 823 3710 ac
817 3660 1073 3782 Gpostea,
1104 3664 1181 3713 tot
1198 3659 1288 3712 sit.
1313 3658 1607 3721 Quesnelli
1638 3662 1910 3717 emenda-

260 3726 512 3811 “99913.1:
526 3726 686 3811 ferte
704 3742 845 3811 εκ...
868 3726 1150 3811 rimimo?
1182 3744 1292 3811 “.‘9-
1317 3734 1622 3811 contextae
1642 3732 1867 3811 exigit.

335 3798 413 3867 (ὁ)
446 3797 602 3875 Fidei
625 3797 886 3875 definitio
908 3797 970 3853 in
990 3798 1443 3875 Chalced_onen_si
1461 3802 1688 3875 actione
1708 3797 1915 3875 quinta

259 3866 517 3923 formata
562 3867 709 3937 tuit;
760 3868 967 3925 litteras
997 3875 1193 3927 autem
1225 3871 1436 3927 Leonis
1466 3873 1536 3929 ad
1570 3866 1909 3931 Flavianum

260 3939 744 4014 antecedentibus
764 3940 1093 4014 actionibus
1119 3944 1378 3999 secunda
1401 3948 1457 3999 et
1473 3948 1704 4014 quarta,
1729 3946 1913 4001 vindi-

257 4014 402 4089 cata
423 4026 490 4065 ac
510 4010 692 4089 totius
717 4012 922 4089 synodi
946 4029 1190 4089 assensu
1217 4018 1455 4089 receptae
1477 4010 1667 4089 fuere;
1686 4010 1756 4072 ac
1778 4034 1908 4089 pro-

256 4087 461 4161 pterea
484 4083 733 4161 primum
757 4083 837 4161 de
867 4083 1072 4161 ordine
1100 4083 1382 4161 temporis
1408 4086 1652 4159 intelligi
1685 4083 1910 4161 nequit,

252 4152 348 4209 vel
380 4152 650 4208 exactum
680 4154 949 4209 ordinem
983 4155 1094 4210 Leo
1115 4152 1355 4212 secutus
1386 4174 1499 4213 non
1531 4152 1640 4214 est.

327 4223 400 4295 (c)
423 4225 566 4279 Cum
589 4225 815 4301 actione
832 4227 1090 4281 secunda
1109 4227 1319 4301 Lennis
1334 4228 1582 4299 epistola
1599 4232 1669 4283 28
1697 4229 1912 4301 legere-

253 4299 382 4372 tur,
408 4310 665 4372 cumque
681 4296 975 4372 adversus
1007 4299 1324 4372 quamdam
1355 4296 1907 4372 ejusdemepisTtolze

253 4366 613 4440 sententiam
644 4366 717 4422 ab
721 4366 1091 4440 lliyﬁcianis
1112 4366 1514 4440 etPalzestinis
1535 4366 1909 4427 difﬁcultates

254 4438 687 4513 ingerergntur,
719 4437 1107 4495 Theodoritus
1136 4439 1330 4513 simile
1352 4441 1409 4513 S.
1434 4441 1630 4513 Cyrilli
1652 4441 1910 4497 testimo-

255 4508 430 4583 nium
461 4509 728 4583 efferens,
763 4525 890 4565 eam
912 4512 1318 4583 propugnavit.
1344 4508 1648 4568 Vide'tom.
1674 4513 1746 4568 IV
1766 4513 1910 4569 Con-

260 4579 362 4652 cil.
382 4651 388 4652 7
407 4596 540 4652 pag.
577 4581 735 4638 1238.

257 4721 802 4794 plura_testimonia
827 4721 1070 4778 Patrum
1094 4724 1333 4780 recitata
1364 4726 1542 4781 fuere.

331 4793 409 4862 (e)
440 4791 591 4848 Part.
625 4811 689 4849 ιη
717 4794 926 4850 concil.
955 4793 1225 4851 Chalced.
1259 4813 1315 4850 n.
1348 4797 1398 4851 1.

329 4864 402 4933 (f)
424 4863 553 4919 Haec
571 4864 890 4939 admnnitio
906 4865 1321 4939 Theodoritum
1338 4866 1594 4939 respicit,
1607 4867 1705 4939 qui
1729 4868 1801 4939 ob
1819 4868 1912 4939 de-

253 4934 502 5012 fensum
513 4938 706 5012 _an_tea_
721 4934 1077 5012 Nestorium,
1102 4939 1262 5012 etob
1294 4934 1704 5012 impugnatum
1728 4938 1908 5012 Cyril-

250 5004 384 5060 lum
404 5004 465 5078 in
482 5006 933 5078 Nestorianismi
958 5008 1355 5078 suspicionem
1381 5004 1641 5077 venerat;
1666 5004 1823 5065 unde
1850 5010 1908 5065 in

253 5076 485 5152 synodo
527 5077 1008 5152 Chalcedonensi,
1046 5076 1112 5135 ut
1141 5096 1204 5135 se
1234 5080 1585 5137 catholicum
1616 5076 1908 5152 probaret,

309 5147 540 5224 estenio
559 5150 871 5224 anathema
899 5166 1170 5224 enpresse
1191 5152 1365 5224 dixit;
1399 5153 1553 5224 quod
1581 5147 1911 5224 neexigené

254 5218 423 5274 tibus
444 5218 719 5278 Patribus
740 5221 916 5278 invite
934 5218 1142 5279 fecisse
1160 5218 1442 5289 videatur,
1472 5222 1565 5278 bic
1585 5218 1910 5279 eidem'Leo

255 5288 548 5366 insinuat,
565 5294 630 5347 ut
649 5293 785 5347 data
799 5293 1104 5366 occasione
1127 5310 1239 5366 non
1258 5298 1378 5348 tam
1402 5294 1717 5366 Eutychem
1732 5311 1910 5366 quam

255 5360 598 5447 Plaetorium
621 5378 764 5447 cum
782 5363 914 5446 suis
938 5363 1140 5436 impiis
1162 5360 1563 5447 dogmatibus,
1583 5360 1909 5447 digno-ana-

258 5431 520 5508 themate,
549 5436 958 5508 promptissime
985 5431 1149 5508 atque
1175 5431 1581 5508 euidentissime
1610 5431 1799 5508 feriat.

336 5503 411 5574 (g)
444 5505 528 5560 Ita
551 5503 740 5561 nostri
774 5506 1003 5563 codices
1033 5503 1166 5562 cum
1188 5507 1467 5563 Sichardo
1496 5512 1554 5563 et
1581 5503 1753 5563 editis
1777 5510 1909 5562 ante

256 5573 695 5650 Queen.,_apud
745 5594 942 5649 quem,
974 5594 1060 5633 res
1102 5581 1237 5650 ipsae
1282 5579 1571 5636 admonere
1600 5580 1905 5650 sufﬁciant.

255 5645 427 5721 Quod
462 5645 730 5721 additur,
762 5645 1171 5721 experimenta
1200 5649 1517 5717 docuerunt,
1561 5645 1753 5705 innuit
1780 5665 1907 5720 quas

256 5714 489 5795 Ephesi
509 5722 567 5795 et
593 5714 965 5795 Chalcedone
980 5720 1333 5795 Theodorito
1364 5714 1751 5795 contigerunt.

335 5786 419 5858 (Ιι)
440 5789 846 5862 Hujusjudicii
868 5791 1025 5849 sedis
1046 5791 1374 5865 apostolicae
1396 5786 1802 5851 testiinonium
1819 5806 1909 5847 ex-

333 4596 957 4724 [(tl)pl?l§t:m!1::,8.inquit,
1010 4651 1149 4724 quia
1199 4652 1259 4707 in
1300 4652 1649 4709 allocutione
1679 4654 1908 4711 concilii
1942 4634 1987 4699 D

2022 3389 2137 3427 non
2180 3369 2523 3427 dubitamus
2571 3369 2889 3441 implenda.
2941 3372 3009 3427 Et
3035 3371 3151 3425 alia
3179 3387 3380 3427 manu:
3411 3372 3565 3429 Deus
3615 3378 3671 3429 te

2021 3589 2138 3642 stat
2168 3587 2226 3641 in
2257 3582 2713 3642 Chalcedonensi
2746 3587 2855 3639 act.
2896 3584 2948 3653 1,
2982 3582 3080 3638 ubi
3113 3583 3347 3653 judices
3395 3584 3671 3641 dixerunt

2062 3674 2150 3729 ag.
2182 3658 2347 3729 787,1:
2393 3655 2822 3729 Ingrediaturet
2863 3655 3347 3729 reverendissimus
3389 3658 3669 3727 episcopus

2062 3675 2150 3729 8g.
2204 3675 2347 3712 ὅμιῖ
2393 3675 2742 3728 mgreazawr
2769 3675 2822 3710 ει
2863 3675 3347 3710 reveremusszmus
3389 3675 3669 3727 episcopus

2020 3675 2395 3792 gheodoretus,
2428 3736 2486 3783 ut
2513 3728 2584 3781 sit
2609 3727 2881 3797 particeps
2925 3726 3142 3797 synodi,
3186 3727 3318 3796 quia
3346 3730 3399 3781 et
3425 3729 3670 3785 restituit

2018 3802 2073 3855 ei
2100 3798 2927 3879 ερξδεοραίιιηξ,Ξαηρζίδδίνῃιιξη
2949 3797 3386 3879 ανοὴὶεριζξρρραδ
3428 3802 3581 3879 _Leo__,-
3612 3805 3669 3857 et

2021 3867 2140 3927 act:
2155 3871 2221 3953 ἕξ
2258 3867 2389 3953 pag.
2419 3870 2576 3953 1ῥ23,
2602 3868 2777 3953 iide‘m
2799 3869 3031 3953 judices
3060 3867 3290 3953 concilii
3311 3870 3663 3953 sententiam

2019 3959 2123 4015 pro
2155 3940 2504 3997 Theodorito
2526 3940 2925 4066 (postularunt,
2944 3943 3086 3996 sicut
3103 3944 3152 3996 et
3167 3942 3543 3997 sanctissimus
3564 3944 3667 3999 Leo

2017 4013 2453 4095 archiepiscopus
2455 4014 2523 4095 iu
2564 4014 2746 4095 ienuit.
2762 4012 2984 4095 Opibus
3001 4012 3521 4095 concinenstotum
3535 4031 3668 4070 con-

2019 4083 2219 4157 cilium
2241 4083 2421 4139 dixit:
2457 4083 2585 4157 Post
2602 4084 2778 4157 Deum
2801 4085 2903 4138 Leo
2913 4083 3220 4154 judicavit;
3248 4092 3305 4139 et
3322 4083 3499 4157 legati
3520 4103 3665 4157 pon-

2018 4156 2193 4211 tificis
2224 4172 2353 4227 pag.
2389 4154 2962 4227 1526:7Theodoretum
2984 4157 3361 4210 sanctissimus
3382 4154 3439 4211 'et
3469 4154 3665 4211 beatis-

2018 4229 2192 4298 simus
2226 4226 2512 4283 universae
2555 4226 2814 4283 Ecclesiae
2843 4228 3125 4298 episcopus
3170 4227 3323 4281 urbis
3353 4230 3533 4283 Romae
3563 4228 3667 4282 Leo

2017 4297 2225 4352 dudum
2253 4299 2311 4351 in
2338 4299 2718 4352 communione
2744 4299 2977 4366 suscepit
2999 4297 3098 4363 ita,
3122 4298 3264 4351 sicut
3284 4298 3488 4352 litterae
3517 4298 3584 4351 ab
3605 4314 3665 4353 eo

2019 4368 2090 4423 ad
2101 4375 2342 4423 nostram
2357 4368 2723 4423 humilitatem
2734 4371 3020 4423 testantur.
3042 4368 3177 4422 Post
3192 4383 3379 4437 pauca
3393 4368 3666 4425 retribuas

2018 4439 2078 4495 in
2111 4455 2223 4494 ms.
2256 4438 2385 4493 Vat.
2419 4437 2621 4493 collect
2652 4440 2739 4493 11.

2090 4511 2153 4582 (i)
2175 4509 2270 4582 Sic
2293 4525 2427 4582 cum
2447 4508 2753 4582 Quesnello
2769 4512 2837 4582 et
2859 4505 3025 4582 Dinis
3045 4506 3225 4582 nostri
3244 4506 3412 4582 codd.
3440 4506 3662 4582 collect.

2020 4575 2175 4637 ti'et
2203 4581 2291 4636 2-1.
2326 4581 2511 4647 Alias;
2540 4579 2822 4635 laboratis.
2870 4575 3047 4633 Paulo
3085 4580 3218 4647 post
3248 4576 3429 4633 videre
3460 4578 3518 4633 in
3551 4596 3663 4637 ms.

2018 4655 2147 4708 Vat.
2186 4652 2411 4707 collect.
2446 4651 2532 4706 tl.
2567 4650 2704 4706 Dein
2736 4665 2839 4721 pro
2869 4650 3023 4705 exire
3065 4648 3331 4719 quaedam
3382 4649 3667 4710 editiones

2017 4726 2269 4780 existere.
2314 4760 2315 4763 η

2089 4796 2157 4867 (7')
2188 4794 2423 4850 Veteres
2446 4790 2739 4867 editiones
2768 4806 2902 4867 cum
2943 4807 3084 4867 mss.
3129 4789 3357 4867 collect.
3390 4792 3479 4867 ll,
3516 4795 3583 4849 12
3612 4801 3670 4851 et

2018 4861 2121 4937 24,"
2141 4861 2208 4921 ac
2237 4862 2500 4936 exemplo
2551 4861 2837 4937 Sichardi,
2879 4861 3008 4933 quid
3037 4863 3182 4934 apud
3214 4864 3339 4937 illos
3382 4866 3668 4937 religionis

2017 4936 2264 4993 doctrina
2281 4935 2565 4992 Dominica
2582 4935 2861 5007 proﬁciat;
2884 4938 2942 4989 et
2962 4939 3182 5007 postea,
3205 4935 3357 5007 illius
3383 4935 3668 5005 religionis

2016 5009 2337 5063 sacerdotes.
2369 5005 2594 5063 Veram‘
2625 5005 2931 5061 lectionem
2971 5023 3005 5061 a
3033 5005 3342 5069 Quesnello
3373 5012 3664 5077 receptam

2019 5095 2165 5134 mss.
2199 5078 2423 5134 collect.
2474 5079 2539 5132 21
2589 5078 2934 5149 approbant.
2967 5077 3187 5149 Deinde
3214 5079 3276 5131 in
3308 5092 3667 5149 quoscumque

2016 5167 2151 5205 usus
2182 5152 2475 5205 necessitas
2499 5145 2739 5218 exegerit
2771 5164 2925 5202 unus
2947 5148 3076 5203 cod.
3100 5152 3229 5201 Vat.
3254 5145 3591 5218 (χλωρὴ-21.

2090 5222 2164 5291 (k)
2183 5220 2367 5285 Alias,
2380 5222 2439 5275 in
2457 5215 2786 5291 supradicto.
2804 5219 3139 5291 Respicitur
3150 5233 3335 5291 canon
3357 5215 3665 5291 Chalcedo-

2020 5287 2221 5347 nenSis
2253 5308 2355 5363 pro
2386 5287 3037 5363 Constantinopolitanae
3071 5289 3225 5363 sedis
3263 5287 3658 5363 praerogativa.

2016 5358 2563 5441 Donfenepistolam
2587 5358 3018 5441 praecedentem
3049 5359 3119 5441 ad
3152 5358 3492 5438 Maximum,
3510 5377 3660 5441 _q_uae

2017 5434 2112 5489 hic
2146 5429 2468 5501 indicatur;
2502 5429 2615 5489 ubi—
2632 5436 2810 5488 etiam
2850 5429 3286 5486 monachorum
3317 5429 3662 5500 improbitas

2014 5506 2485 5649 pgngehend)itur,
2518 5505 2588 5560 de
2629 5521 2744 5575 qua
2775 5503 2903 5556 vide
2933 5501 3150 5557 ibidem
3194 5504 3393 5556 annot.
3423 5501 3493 5556 30
3522 5503 3658 5572 (Col.

2164 5621 2177 5647 ν
2208 5596 2267 5633 ηδ
2299 5595 2331 5649 9
2362 5619 2375 5633 ο
2477 5647 2494 5649 _

2164 5621 2177 5647 ,
2208 5596 2267 5633 ηο
2299 5595 2375 5649 9)-

2112 5650 2151 5721 ι)
2184 5647 2367 5721 EpiSt.
2403 5647 2523 5721 119.

2112 5712 2187 5789 ni)
2219 5712 2306 5789 {6,
2340 5736 2439 5790 qu.
2468 5718 2521 5784 l,
2548 5714 2847 5786 Adjicimus
2877 5712 3036 5784 illud,
3070 5728 3120 5769 c.
3155 5713 3240 5771 19.

2108 5792 2167 5864 η)
2195 5790 2308 5861 Al.,
2337 5790 2605 5849 volumus.
