4130 6168
344 303 499 363 1065

1697 304 2081 371 EPISTULA
2125 307 2392 372 CXXIV.

3598 318 3757 381 mea

338 432 642 501 exstiterit,
675 434 735 523 in
761 450 877 507 quo
924 449 1127 492 omnes
1153 434 1434 501 cruciﬁxi,
1494 451 1704 493 omnes
1753 439 1990 507 mortui,
2022 441 2074 507 Α
2108 438 2423 497 Salvatoris
2453 442 2621 498 afﬁxa
2655 446 2732 501 sit
2754 446 2935 520 ligno,
2971 465 3097 520 qua:
3114 448 3445 520 jacueritin
3467 450 3754 523 sepulcro,

339 539 544 579 omnes
558 522 793 596 sepulti,
818 541 1021 581 omnes
1036 524 1358 581 suntetiam
1381 526 1668 581 suscitati.
1691 530 1766 581 De
1778 527 1994 599 quibus

339 612 464 684 ipse
485 611 749 668 dicebat:
787 613 1205 669 Cumexallalus
1228 617 1385 685 fuero
1418 616 1541 677 (a)a
1587 616 1755 682 terra,
1807 618 1993 671 omnia

343 701 567 757 traham
599 701 670 757 ad
699 719 786 758 me
841 704 1018 772 (Joan.
1079 718 1181 771 xu,
1230 702 1341 773 42).
1404 702 1573 758 Fides
1630 704 1805 759 etiam
1860 721 1994 759 vera

328 790 667 862 jnstiﬁcans
696 790 932 864 impios,
966 796 1023 848 et
1052 809 1256 848 ereans
1280 793 1476 862 justos
1505 793 1575 847 ad
1606 792 1992 849 humanitatis

338 898 456 937 sua:
484 884 672 936 tracta
696 880 1062 954 participem,
1099 882 1156 936 in
1184 880 1283 937 illo
1318 881 1571 953 acquirit
1601 881 1875 949 salutem,
1932 883 1992 938 in

318 986 455 1042 quo
484 968 606 1025 solo
637 969 811 1025 homo
836 987 898 1026 se
919 969 1141 1026 invenit
1162 969 1527 1026 innocentem
1555 988 1569 1039 ;
1602 970 1853 1026 liberum
1888 971 1992 1026 ha-

314 1058 480 1125 .bens
510 1074 613 1130 per
641 1058 893 1131 gratiam
923 1059 1023 1114 Dei
1058 1059 1129 1114 de
1160 1061 1288 1131 ejus
1310 1060 1568 1131 potentia
1590 1060 1849 1133 gloriari,
1891 1060 1987 1132 qui

335 1152 539 1207 contra
559 1147 784 1204 hostem
809 1149 1127 1220 superbum
1151 1149 1208 1204 in
1223 1148 1417 1205 carnis
1434 1154 1639 1205 nostra:
1661 1149 1993 1205 humilitate

335 1253 709 1310 congressus,
743 1237 834 1291 his
865 1237 1165 1292 victoriam
1196 1254 1367 1293 suam
1390 1237 1620 1305 tribuit,
1650 1238 1708 1293 in
1741 1254 1989 1311 quorum

335 1342 575 1398 corpore
604 1324 1009 1396 triumphavit.

405 1420 539 1471 CAP.
572 1414 639 1470 V.
662 1414 1027 1480 —Quamvis
1058 1431 1194 1487 ergo
1228 1416 1283 1470 in
1319 1433 1435 1471 uno
1487 1415 1732 1471 Domino
1790 1419 1991 1472 nostro

333 1506 474 1562 Jesu
507 1504 762 1571 Christo,
792 1520 924 1560 vero
957 1504 1057 1560 Dei
1075 1509 1249 1577 atque
1278 1504 1534 1561 hominis
1567 1504 1992 1571 Filio,Verbiet

312 1650 317 1655 .
334 1594 529 1651 carnis
544 1610 658 1649 una
674 1610 919 1664 persona
935 1593 1027 1659 sit,
1046 1598 1095 1648 et
1116 1598 1358 1666 utraque
1376 1611 1539 1650 essen
1553 1594 1628 1649 tia
1645 1611 1833 1649 comm
1848 1610 1988 1649 unes

334 1684 550 1740 habeat
581 1684 872 1750 actiones;
905 1682 1297 1755 intelligendas
1330 1687 1527 1739 tamen
1550 1688 1689 1740 sunt
1722 1684 1985 1756 ipsorum

334 1789 576 1845 operum
608 1771 941 1845 qualitates,
972 1777 1028 1828 et
1060 1771 1294 1828 sincerae
1330 1772 1465 1828 ﬁdei
1498 1771 1985 1845 contemplatione
2016 1808 2061 1874 Β

338 1865 377 1917 1
391 1863 544 1919 240
565 1861 919 1918 cernendum
937 1864 1042 1928 est,
1069 1862 1137 1917 ad
1160 1879 1287 1934 quae
1310 1861 1660 1933 provehatur
1679 1860 1985 1917 humilitas

335 1950 717 2019 inﬁrmitatis,
753 1957 809 2006 et
839 1951 909 2006 ad
943 1966 1069 2022 quae
1096 1950 1410 2007 inclinetur
1439 1950 1682 2006 altitudo
1711 1950 1981 2006 virtutis:

330 2040 471 2113 quid
500 2040 577 2096 sit
600 2039 757 2113 quod
789 2056 921 2095 caro
953 2038 1078 2094 sine
1100 2040 1287 2095 Verbo
1311 2056 1422 2094 non
1449 2038 1589 2111 agit,
1613 2043 1670 2094 et
1718 2039 1857 2111 quid
1909 2039 1987 2095 sit

330 2130 488 2203 quod
509 2129 765 2185 Verbum
791 2127 915 2182 sine
937 2144 1108 2185 carne
1132 2144 1243 2181 non
1260 2127 1455 2182 efﬁcit.
1477 2128 1612 2182 Sine
1634 2127 1805 2182 Verbi
1828 2128 1984 2183 enim

333 2217 596 2290 potentia
624 2233 730 2272 nec
761 2215 1089 2288 conciperet
1118 2215 1312 2287 Virgo,
1339 2232 1440 2271 nec
1463 2220 1691 2287 pareret
1729 2220 1882 2285 (Luc.
1944 2233 1983 2282 ι,

329 2308 419 2373 31)
448 2322 460 2360 :
495 2310 553 2362 et
583 2305 710 2361 sine
739 2305 978 2361 veritate
1009 2304 1203 2360 carnis
1216 2304 1487 2361 obvoluta
1507 2304 1719 2377 pannis
1742 2305 1988 2360 infantia

338 2413 457 2451 non
481 2396 705 2467 jaceret
738 2395 888 2465 (Luc.
927 2411 984 2463 ιι,
1015 2394 1090 2466 7).
1143 2394 1279 2450 Sine
1340 2393 1508 2449 Verbi
1559 2394 1816 2466 potentia
1873 2410 1984 2449 non

336 2484 648 2541 adorarent
692 2482 848 2556 magi
880 2500 1128 2556 puerum
1181 2500 1328 2539 novo
1387 2482 1576 2539 sidere
1629 2483 1986 2539 declaratum

335 2574 561 2644 (Matth.
594 2590 657 2642 ιι,
697 2576 809 2643 tt):
845 2578 905 2629 et
928 2573 1055 2629 sine
1070 2573 1309 2628 veritate
1325 2573 1518 2629 carnis
1550 2589 1664 2628 non
1679 2572 1989 2645 juberetur

335 2662 640 2718 transferri
673 2661 731 2716 in
757 2661 1070 2735 [Egyptum
1096 2677 1259 2733 puer,
1284 2666 1342 2719 et
1363 2662 1432 2717 ab
1459 2662 1703 2717 Herodis
1724 2678 1987 2733 persecu-

341 2751 494 2807 tione
527 2750 774 2807 subduci
805 2768 818 2806 :
853 2750 979 2807 sine
1008 2750 1180 2805 Verbi
1210 2750 1470 2822 potentia.
1497 2767 1612 2806 non
1635 2750 1851 2806 diceret
1880 2767 1986 2806 vox

341 2841 526 2898 Patris
556 2840 739 2897 missa
767 2840 837 2896 de
864 2838 1025 2895 coelo.
1059 2841 1157 2894 Hic
1207 2842 1283 2893 est
1337 2840 1486 2910 ﬁlius
1530 2856 1683 2896 meus
1737 2840 1983 2910 dilectus,

311 2948 393 2986 ,ιη
416 2948 520 3003 quo
539 2930 675 2985 mihi
695 2929 767 3002 (ὑ)
788 2930 1092 3001 complacui
1119 2927 1326 2988 (Matth.
1364 2946 1444 2994 HI,
1481 2930 1563 2998 17)
1589 2946 1600 2984 :
1628 2933 1685 2985 et
1714 2931 1839 2984 sine
1890 2946 1982 2985 ve-

336 3020 505 3076 ritate
534 3019 726 3074 carnis
741 3035 853 3072 non
870 3021 1586 3090 prostestareturJoannes
1608 3034 1619 3072 :
1654 3019 1783 3074 Ecce
1802 3018 1985 3089 Agnus

336 3111 455 3175 Dei,
479 3124 595 3165 ecce
624 3109 718 3178 qui
746 3107 889 3162 tollit
915 3108 1133 3178 peccata
1161 3105 1359 3160 mundi
1388 3106 1564 3177 (Joan.
1592 3124 1626 3173 ι,
1676 3106 1788 3175 ‘29).
1848 3106 1984 3161 Sine

332 3173 507 3254 Verbi
540 3173 798 3269 potentia
824 3173 938 3250 non
971 3196 1131 3250 ﬁeret
1160 3173 1573 3267 redintegratio
1594 3173 1898 3265 debilium,
1928 3201 1985 3251 et
2013 3173 2056 3241 (ἶ

336 3285 641 3342 viviﬁcatio
665 3290 1030 3339 mortuorum
1057 3299 1069 3337 :
1094 3287 1150 3338 et
1178 3281 1304 3337 sine
1334 3281 1574 3337 veritate
1621 3282 1835 3352 carnis,
1882 3299 1988 3339 nec

334 3376 505 3431 cibus
528 3376 752 3446 jejuno,
777 3389 883 3429 nec
899 3388 1146 3429 somnus
1164 3374 1317 3427 esset
1339 3370 1705 3426 necessarius
1726 3371 1985 3444 fatigato.

336 3461 656 3529 Postremo,
690 3460 817 3516 sine
837 3458 1009 3515 Verbi
1033 3458 1293 3531 potentia
1313 3474 1425 3513 non
1444 3474 1505 3513 se
1527 3458 1812 3514 Dominus
1839 3459 1987 3515 Patri

334 3552 704 3623 proﬁteretur
724 3547 1028 3621 aequalem,
1061 3553 1118 3604 et
1165 3546 1289 3602 sine
1336 3547 1577 3603 veritate
1621 3546 1814 3604 carnis
1873 3566 1987 3604 non

332 3641 493 3697 idem
512 3639 730 3695 diceret
753 3642 983 3694 Patrem
1007 3637 1072 3711 (ε)
1097 3654 1158 3693 se
1179 3653 1305 3691 esse
1320 3637 1598 3707 majorem
1617 3654 1633 3690 :
1652 3638 1989 3694 cumcatho.

332 3730 445 3786 lica
466 3730 612 3785 ﬁdes
639 3732 840 3783 utrum
856 3743 957 3799 que
988 3725 1293 3798 suscipiat,
1328 3729 1646 3798 utrumque
1696 3727 1987 3795 defendat,

333 3837 463 3892 quae
512 3817 835 3875 secundum
887 3816 1300 3889 proprietatem
1358 3814 1564 3870 divinae
1602 3815 1991 3888 humanasque

335 3906 682 3964 substantia:
712 3923 898 3961 unum
917 3905 1019 3961 Dei
1049 3903 1285 3970 Filium,
1325 3908 1381 3959 et
1411 3903 1709 3960 hominem
1736 3905 1921 3961 credit
1938 3908 1996 3961 et

335 3997 607 4053 Verbum.
1444 4048 1448 4052 .

406 4086 543 4141 CAP.
576 4085 671 4141 Vl.
706 4117 769 4125 —
798 4084 874 4158 (ιι)
894 4083 1170 4147 Quamvis
1195 4099 1329 4155 ergo
1353 4084 1423 4138 ab
1448 4082 1547 4138 illo
1570 4083 1758 4150 initio,
1795 4100 1909 4155 quo
1932 4084 1992 4137 in

339 4180 506 4231 utero
527 4173 770 4247 virginis
796 4174 1022 4231 Verbum
1048 4189 1174 4228 caro
1209 4175 1417 4244 factum
1447 4180 1526 4228 est
1581 4172 1762 4245 (Joan.
1809 4190 1848 4238 ι,
1879 4172 1989 4245 14),

335 4264 484 4320 nihil
519 4280 800 4337 umquam
818 4263 970 4319 inter
984 4263 1243 4318 divinam
1264 4262 1704 4334 humanamque
1724 4263 1994 4318 substan-

339 4355 484 4410 tiam
518 4352 824 4409 divisionis
848 4351 1161 4417 exstiterit,
1195 4355 1250 4406 et
1272 4368 1371 4423 per
1396 4350 1593 4405 omnia
1636 4351 1994 4407 incrementa

336 4459 637 4515 corporea,
670 4440 847 4496 unius
897 4457 1156 4513 personae
1210 4439 1424 4494 fuerint
1480 4440 1657 4495 totius
1710 4440 1992 4512 temporis

2102 534 2158 583 et
2187 528 2440 585 revoluto
2476 536 2841 590 monumenti
2866 535 3082 608 lapide,
3118 555 3245 609 qua:
3276 538 3446 595 tertio
3470 539 3562 595 die
3622 557 3754 596 caro

2104 618 2419 673 surrexerit
2450 620 2574 681 :vel
2634 622 2805 692 quale
2848 642 3059 696 corpus
3109 627 3283 683 Jesus
3332 628 3756 701 discipulorum

2105 706 2275 773 visui,
2311 708 2528 764 clausis
2552 710 2622 765 ad
2654 728 2752 765 eos
2774 713 2911 768 otiis
2934 714 3238 786 ingressus
3276 716 3572 773 intulerit:
3621 735 3756 774 cum

2080 796 2174 857 ,ad
2197 796 2545 869 abigendam
2572 801 2935 856 cernentium
2958 802 3365 873 diffidentiam,
3389 805 3598 878 inspici
3622 822 3755 863 ocu-

2102 883 2176 940 lis
2213 886 2526 959 digitisque
2556 887 2791 944 tractari
2826 892 3093 961 patentes
3123 891 3316 947 adhuc
3337 893 3553 950 ﬁxurus
3575 894 3758 952 clavo-

2104 992 2255 1041 rum,
2292 980 2348 1030 et
2378 992 2576 1031 recens
2606 977 2940 1049 compuncti
2964 976 3470 1053 laterisvulnus(f)
3503 983 3758 1056 exigeret

2101 1065 2285 1122 (Joan.
2306 1064 2420 1125 xx).
2454 1066 2527 1119 At
2552 1065 2677 1136 siQin
2696 1069 2859 1121 tanta
2888 1066 3018 1123 luce
3048 1066 3306 1125 veritatis
3337 1070 3757 1128 tenebrassuas

2101 1150 2372 1208 haeretica
2403 1153 2706 1209 obduratio
2737 1171 2851 1209 non
2880 1155 3178 1228 relinquit,
3230 1157 3543 1214 ostendant
3599 1160 3757 1214 unde

2102 1238 2213 1295 sibi
2245 1257 2411 1312 spem
2434 1241 2559 1296 vitae
2592 1243 2979 1314 polliceantur
3003 1250 3251 1312 istorum,
3285 1247 3357 1302 ad
3406 1263 3582 1319 quam
3641 1246 3757 1303 nisi

2101 1345 2205 1400 per
2234 1330 2614 1386 mediatorem
2645 1330 2746 1387 Dei
2779 1336 2835 1388 et
2865 1332 3194 1402 hominum,
3220 1333 3519 1391 hominem
3548 1335 3754 1391 Jesum

2101 1417 2417 1480 Christum.
2451 1436 2565 1474 non
2590 1424 2780 1491 potest
2808 1422 3114 1493 perveniri.
3150 1423 3268 1479 Non
3294 1425 3443 1480 enim
3469 1432 3547 1480 est
3601 1423 3759 1480 aliud

2102 1524 2299 1562 nomen
2330 1507 2518 1563 datum
2547 1510 2856 1566 hominibus
2903 1511 3001 1566 sub
3028 1512 3178 1579 creto,
3240 1515 3300 1568 in
3356 1528 3458 1584 quo
3516 1516 3759 1585 oporteat

2101 1597 2301 1652 1241
2335 1597 2509 1651 salvos
2539 1598 2665 1666 ﬁeri
2690 1598 2828 1668 (Act.
2863 1617 2937 1667 iv,
2999 1600 3124 1667 12):
3160 1616 3263 1656 nec
3296 1605 3384 1656 est
3432 1600 3756 1674 redemptio

2098 1683 2450 1755 captivitatis
2472 1684 2766 1752 humanae,
2800 1687 2911 1741 nisi
2944 1686 3001 1741 in
3019 1688 3308 1760 sanguine
3329 1689 3477 1759 ejus,
3496 1690 3595 1761 qui
3610 1689 3759 1746 dedit

2095 1775 2444 1844 semetipsum
2474 1773 2898 1845 redemptionem
2922 1792 3023 1846 pro
3053 1776 3303 1831 omnibus
3332 1776 3376 1850 (Ι
3403 1778 3535 1831 Tim.
3586 1795 3647 1845 ιι,
3671 1778 3749 1849 6).

2093 1861 2167 1932 (g)
2193 1860 2320 1927 Qui,
2347 1862 2499 1917 sicut
2520 1863 3013 1934 praedicatbeatus
3028 1864 3757 1936 apostolus,cuminfomia

2092 1952 2190 2005 Dei
2209 1958 2360 2018 esset,
2389 1968 2497 2007 non
2528 1952 2789 2023 rapinam
2819 1953 3119 2009 arbitratus
3149 1957 3224 2009 est
3254 1969 3367 2009 esse
3387 1969 3443 2009 se
3477 1954 3756 2024 aequalem

2096 2040 2198 2094 Deo
2221 2055 2240 2100 ;
2260 2038 2351 2094 sed
2374 2041 2723 2111 semetipsum
2749 2043 3078 2107 exinaniuit,
3119 2044 3358 2113 formam
3403 2043 3551 2097 servi
3603 2043 3756 2098 acci-

2095 2129 2266 2199 piens,
2301 2130 2359 2183 in
2386 2129 2807 2185 similitudinem
2836 2131 3121 2186 hominum
3147 2132 3342 2200 factus,
3366 2138 3417 2186 et
3444 2129 3636 2186 habitu
3666 2132 3756 2185 in-

2096 2225 2286 2272 ventus
2316 2225 2373 2272 ut
2388 2217 2561 2272 homo.
2580 2223 2724 2273 Hum
2733 2219 2913 2274 iliavit
2931 2220 3299 2290 semetipsum,
3314 2221 3492 2290 factus
3505 2218 3758 2274 obediens

2096 2321 2265 2375 usque
2283 2304 2353 2360 ad
2380 2314 2627 2373 mortem,
2661 2315 2887 2362 mortem
2909 2314 3095 2362 autem
3122 2309 3321 2363 erucis.
3354 2308 3582 2379 Propter
3611 2306 3754 2380 quod

2095 2398 2147 2450 et
2177 2396 2314 2449 Deus
2344 2395 2504 2449 illum
2530 2396 2814 2459 exaltabit,
2840 2404 2890 2450 et
2919 2396 3141 2451 donavit
3173 2396 3262 2452 illi
3291 2412 3486 2452 nomen
3509 2395 3647 2468 quod
3669 2399 3751 2452 est

2095 2500 2259 2555 super
2286 2499 2446 2538 omne
2462 2500 2658 2539 nomen
2670 2500 2690 2545 ,·
2711 2488 2771 2539 ut
2792 2486 2850 2538 in
2866 2487 3085 2541 nomine
3097 2487 3223 2541 Jesu
3247 2501 3405 2541 omne
3420 2502 3563 2557 genu
3577 2487 3757 2555 ﬂecta-

2094 2576 2207 2640 tur,
2240 2574 2554 2639 crelestium,
2586 2575 2928 2630 terrestrium
2955 2578 3006 2630 et
3045 2576 3412 2645 infernorum,
3473 2579 3525 2630 et
3578 2575 3757 2630 omnis

2097 2661 2290 2730 lingua
2321 2661 2642 2731 conﬁteatur
2670 2664 2799 2735 quia
2827 2664 3092 2719 Dominus
3110 2666 3264 2721 Jesus
3294 2663 3541 2720 Christus
3569 2665 3628 2719 in
3643 2662 3758 2735 glo-

2096 2752 2187 2806 ria
2216 2759 2295 2806 est
2322 2752 2422 2805 Dei
2450 2752 2630 2806 Patris
2661 2751 2924 2824 (Philipp.
2958 2770 3020 2820 ιι,
3053 2753 3231 2825 6-H).

2167 2840 2299 2895 CAP.
2320 2839 2444 2895 VII.
2463 2872 2530 2879 —-
2552 2839 2827 2907 Quamvis
2847 2857 2982 2913 ergo
2998 2858 3152 2897 unus
3170 2842 3249 2896 sit
3272 2841 3557 2897 Dominus
3576 2842 3753 2897 Jesus

2094 2928 2382 2996 Christus,
2418 2934 2476 2984 et
2504 2946 2647 2984 verae
2679 2928 2920 2984 Deitatis
2945 2946 3209 3003 veraeque
3258 2928 3643 2986 humanitatis
3690 2930 3753 2987 in

2094 3018 2222 3091 ipso
2252 3035 2368 3073 una
2398 3034 2638 3089 prorsus
2668 3018 2989 3090 eademque
3019 3034 3289 3090 persona,
3334 3034 3521 3091 neque
3573 3018 3755 3089 hujus

2094 3107 2425 3179 (h)unitioni
2441 3106 2705 3163 soliditas
2719 3107 2838 3162 ulla
2850 3108 3034 3179 possit
3046 3107 3329 3164 divisione
3343 3105 3756 3179 sejungi,exal-

2097 3197 2375 3252 tationem
2408 3200 2625 3262 tamen,
2649 3196 2944 3267 quaillum
2959 3196 3232 3251 exaltavit
3244 3201 3414 3264 Deus,
3435 3200 3490 3251 et
3512 3196 3755 3253 donavit

2096 3284 2179 3340 illi
2211 3300 2422 3340 nomen
2446 3283 2600 3354 quod
2628 3300 2802 3354 super
2827 3301 3000 3339 omne
3013 3300 3227 3340 nomen
3245 3282 3492 3349 excellit,
3513 3284 3585 3337 ad
3616 3299 3747 3340 eam

2095 3372 2482 3444 intelligimus
2515 3371 2804 3444 pertinere
2835 3372 3108 3438 formam,
3160 3388 3289 3443 quae
3338 3370 3581 3426 ditanda
3626 3374 3751 3427 erat

2099 3464 2271 3516 tanta‘e
2302 3459 2743 3533 glorificationis
2760 3463 3096 3532 augmento.
3122 3461 3184 3515 In
3199 3459 3387 3515 forma
3410 3459 3633 3533 quippe
3652 3459 3752 3516 Dei

2098 3549 2339 3621 aequalis
2371 3551 2497 3604 erat
2527 3546 2708 3603 Filius
2742 3547 2921 3618 Patri,
2943 3553 3001 3603 et
3029 3548 3182 3603 inter
3211 3547 3545 3603 Genitorem
3576 3551 3750 3621 atque

2100 3637 2474 3710 L‘nigenitum
2506 3635 2668 3691 nulla
2680 3640 2805 3691 erat
2832 3636 2895 3691 in
2919 3635 3176 3693 essentia
3195 3636 3488 3704 discretio,
3516 3635 3755 3693 nullain

2102 3727 2404 3797 majestate
2436 3724 2742 3780 diversitas
2773 3743 2785 3793 ;
2821 3740 2925 3779 nec
2955 3740 3058 3797 per
3085 3724 3501 3780 incarnationis
3533 3729 3757 3797 myste-

2102 3815 2252 3871 rium
2277 3814 2496 3886 aliquid
2512 3814 2842 3870 decesserat
2860 3814 3072 3882 Verbo,
3097 3815 3252 3886 quod
3268 3814 3331 3886 (ί)
3353 3813 3403 3870 ei
3427 3813 3613 3870 Patris
3630 3829 3759 3870 mus

2101 3921 2237 3960 nere
2267 3904 2626 3959 redderetur.
2657 3903 2869 3959 Forma
2899 3907 3094 3959 autem
3127 3902 3296 3969 servi,
3320 3919 3424 3977 per
3442 3920 3622 3976 quam
3643 3903 3757 3959 im-

2103 3992 2401 4065 passibilis
2418 3992 2608 4047 Deitas
2622 3997 3056 4049 sacramentum
3071 4009 3295 4065 magna:
3313 3992 3544 4065 pietatis
3556 3991 3760 4065 imple-

2100 4081 2200 4149 vit,
2226 4081 2487 4136 humana
2518 4079 2827 4137 humilitas
2860 4086 2970 4151 est,
3004 4098 3130 4154 quae
3165 4081 3224 4137 in
3269 4080 3516 4154 gloriam
3546 4081 3755 4138 divinae

2103 4170 2406 4242 potestatis
2435 4173 2629 4225 evecta
2659 4172 2767 4241 est,
2799 4169 2858 4224 in
2883 4172 3106 4226 tantam
3160 4170 3446 4227 unitatem
3496 4171 3569 4226 ab
3627 4170 3756 4242 ipso

2101 4263 2380 4331 conceptu
2406 4258 2662 4331 Virginis
2686 4259 2901 4316 Deitate
2922 4263 2980 4315 et
3008 4259 3374 4316 humanitate
3398 4261 3758 4325 eonnexa,ut

2103 4366 2207 4405 nec
2238 4348 2364 4404 sine
2396 4347 2631 4402 homine
2662 4347 2878 4415 divina,
2913 4364 3018 4404 nec
3045 4348 3171 4402 sine
3194 4348 3309 4403 Deo
3332 4344 3760 4417 agerenturhu-

2103 4455 2297 4494 mana.
2335 4436 2575 4508 Propter
2597 4436 2751 4507 quod
2784 4436 3237 4491 sicutDominus
3260 4433 3587 4505 majestatis
3608 4432 3758 4488 dici-

338 4533 597 4588 aetiones
623 4549 636 4599 ;
667 4548 735 4587 ea
764 4531 895 4602 ipsa
915 4534 1135 4594 tamen,
1162 4546 1289 4600 qua:
1324 4527 1789 4600 inseparabiliter
1838 4529 1989 4584 facta
2018 4534 2064 4600 D
2100 4532 2194 4582 tur
2223 4524 2559 4589 crucifixus,
2592 4525 2671 4580 ita
2703 4524 2802 4595 qui
2835 4520 3646 4595 exsempiternitatemqualis
3667 4524 3757 4578 est

336 4624 499 4689 sunt,
518 4620 677 4675 nulla
695 4618 1075 4691 permixtione
1088 4616 1532 4684 confundimus;
1553 4617 1652 4672 sed
1668 4617 1805 4688 quid
1820 4618 1910 4688 euj
1923 4634 1989 4673 us

335 4710 539 4764 formae
559 4708 653 4776 sit,
669 4725 736 4764 ex
750 4724 990 4779 operum
1007 4705 1289 4776 qualitate
1319 4705 1627 4761 sentimus.
1663 4704 1775 4760 Nec
1797 4706 1993 4761 divina

335 4797 496 4854 enim
512 4796 788 4852 humanis
803 4795 1202 4869 przejudicant,
1221 4810 1322 4850 nec
1338 4794 1839 4860 humanadivinis,
1857 4811 1992 4850 cum

337 4888 421 4942 ita
453 4886 511 4941 in
543 4886 799 4959 idipsum
826 4889 1071 4956 utraque
1091 4887 1459 4950 concurrant,
1483 4887 1545 4937 ut
1570 4883 1625 4937 in
1645 4883 1728 4939 eis
1751 4901 1855 4939 nec
1870 4902 1995 4956 pro-

336 4974 558 5046 prietas
573 4975 940 5041 absumalur,
959 4990 1062 5028 nec
1079 4989 1325 5046 persona
1343 4971 1685 5043 geminctur.
1704 4973 1773 5043 (e)
1792 4974 1996 5028 Dicant

332 5064 522 5137 igitur
544 5064 639 5120 isti
658 5062 1111 5136 pbantasmatici
1132 5060 1465 5128 Christiani,
1492 5078 1618 5131 quae
1664 5063 1997 5119 substantia

408 5190 490 5262 (ᾳ)
521 5188 849 5262 Vindebon.
883 5186 1106 5243 collect.
1138 5187 1251 5241 5st
1268 5184 1396 5240 Vat.
1422 5184 1647 5240 collect.
1707 5188 1799 5254 24,
1861 5205 1996 5244 cum

339 5259 648 5325 Sichardo,
684 5259 884 5327 delent
911 5276 945 5314 α
973 5263 1141 5313 terra.

407 5333 484 5469 éb)
507 5332 682 5386 Codd.
716 5330 939 5387 collect.
974 5330 1039 5383 21
1067 5328 1480 5411 adduntbene.
1942 5403 1954 5415 .

432 5403 480 5469 e)
513 5402 836 5458 Pronomen
867 5418 924 5457 se
972 5401 1137 5456 deest
1165 5399 1223 5454 1d
1255 5398 1578 5457 Vindebon.
1603 5399 1827 5457 collect.
1850 5403 1904 5469 5,
1940 5421 1954 5458 ι

432 5398 480 5483 e)
513 5402 848 5483 Pronomen
867 5418 924 5457 se
972 5401 1137 5483 deest
1165 5399 1235 5483 id.
1255 5398 1578 5457 Vindebon.
1603 5399 1827 5457 collect.
1850 5403 1904 5471 5,
1940 5403 1999 5459 in

338 5471 474 5529 Vat;
514 5473 643 5529 coll.
675 5475 766 5540 24,
800 5478 974 5545 atque
996 5471 1297 5527 Sichardo.

417 5543 493 5617 (ά)
527 5545 826 5617 Habentur
840 5544 959 5599 haec
990 5543 1049 5598 in
1082 5559 1257 5617 serm.
1288 5544 1378 5609 65,
1401 5559 1454 5609 e,
1487 5542 1540 5599 l.

417 5615 496 5691 (e)
526 5619 657 5674 Haec
674 5615 970 5673 habentur
997 5615 1202 5671 eodem
1229 5630 1495 5672 sermone
1523 5616 1613 5687 65,
1640 5634 1689 5674 c.
1724 5616 1774 5674 4.

668 5742 934 5813 Pareat.
980 5740 1130 5806 LIV.

2102 4617 2167 4688 (j)
2182 4616 2318 4680 Deo,
2333 4614 2364 4668 d
2377 4614 2548 4668 icitur
2561 4612 2867 4667 exaltatus.
2894 4612 3006 4667 Nec
3020 4612 3258 4666 interest
3273 4627 3341 4666 ex
3353 4628 3469 4683 qua
3490 4610 3758 4667 Christus

2086 4714 2128 4760 ‘s
2140 4702 2435 4759 abstantia
2450 4701 2803 4767 nominetur,
2820 4717 2956 4755 cum
2980 4698 3468 4772 inseparabiliter,
3491 4702 3763 4756 manente

2107 4794 2325 4849 unitate
2357 4807 2638 4862 personae,
2673 4788 2829 4845 idem
2871 4788 2947 4844 sit
2997 4793 3054 4845 et
3102 4794 3261 4846 totus
3295 4789 3555 4846 hominis
3603 4788 3763 4844 ﬁlius

2104 4870 2346 4954 proptér
2374 4895 2634 4946 carnem,
2666 4881 2723 4932 et
2753 4881 2910 4935 totus
2932 4877 3030 4934 Dei
3057 4878 3240 4935 Filius
3286 4883 3523 4952 propter
3580 4892 3762 4933 unam

2104 4986 2236 5026 eum
2272 4969 2439 5023 Patre
2475 4967 2776 5022 Deitatem.
2810 4967 3101 5040 Quidquid
3135 4985 3271 5041 ergo
3306 4968 3362 5022 in
3387 4971 3649 5038 tempore
3665 4979 3764 5020 ac-

2179 5193 2247 5264 (f)
2280 5190 2442 5264 Unus
2470 5188 2601 5244 Vat.
2634 5190 2859 5264 collect.
2891 5193 2980 5258 2|,
3015 5185 3489 5264 exegeritzalius,
3519 5185 3586 5264 ab
3625 5185 3762 5264 ipsis

2179 5208 2247 5264 υ)
2283 5208 2442 5246 unus
2481 5208 2601 5244 vat.
2634 5208 2859 5247 coucct.
2891 5208 2980 5258 ιιι,
3015 5208 3286 5313 excipient:
3313 5208 3489 5253 auus,
3519 5208 3586 5240 au
3625 5208 3762 5255 zpszs

2108 5262 2393 5353 discipulis
2423 5263 2685 5353 emegierit’.
2711 5263 2843 5353 Mox
2873 5264 3012 5353 uersi
3034 5258 3437 5353 iLnuJindebon.
3463 5255 3684 5312 collect.
3704 5257 3762 5327 5,

2110 5351 2175 5391 ac
2209 5331 2332 5388 Vat.
2366 5331 2600 5405 collect.
2620 5335 2710 5397 24,
2745 5338 2918 5405 atque
2947 5332 3243 5387 Sichardo.

2180 5405 2257 5482 (ρ)
2285 5405 2463 5482 Codd.
2498 5402 2723 5482 collect.
2746 5402 2839 5471 2t,
2869 5407 2920 5458 et
2939 5405 3098 5482 qui."
3318 5470 3327 5481 .
3413 5472 3422 5482 ⁸

2205 5456 2259 5547 hi
2651 5456 2722 5529 ’ῑῆ
2746 5456 2982 5547 'iﬁér‘gj;
3017 5456 3192 5547 Alias,
3224 5470 3468 5527 unionis.

2270 5548 2367 5621 Dei
2396 5548 2588 5621 Patris
2608 5546 2667 5601 in
2700 5562 2843 5621 mss.
2870 5542 3091 5621 ciollect.
3122 5544 3213 5599 21.

2184 5616 2252 5697 (j)
2278 5619 2438 5677 Idem
2465 5617 2713 5691 codices,
2747 5616 2851 5674 Deo
2881 5616 3056 5673 Patri.

3374 5741 3456 5813 34
