4036 6176
402 278 444 340 ’1
456 277 573 337 067

412 406 1183 483 cepitChristus,secundum
1197 404 1496 460 hominem
1513 403 2068 476 accepit,cui(a)qua:
2097 404 2151 471 Α

411 516 528 554 non
558 496 767 553 habuit
796 496 1197 552 conferuntur.
1218 494 1366 549 Nam
1390 495 1715 550 secundum
1747 492 2066 565 potentiam

407 585 601 652 Verbi,
635 584 1031 640 indifferenter
1050 582 1248 641 omnia
1266 601 1392 656 qua:
1410 583 1583 638 habet
1599 583 1769 638 Pater
1789 583 1963 637 etiam
1980 582 2068 635 Fi-

408 674 525 729 lius
556 673 752 740 habet,
786 677 843 729 et
873 689 998 745 quae
1028 672 1088 729 in
1113 674 1301 729 forma
1317 671 1465 728 servi
1491 689 1525 726 a
1545 671 1713 727 Patre
1746 672 1952 727 1242
1976 686 2069 725 ac-

411 762 585 836 cepit,
619 762 823 819 eadem
847 762 1117 818 informa
1162 760 1352 817 Patris
1395 761 1569 816 etiam
1629 760 1756 832 ipse
1813 760 2069 815 donavit.

411 851 488 923 (b)
506 851 609 907 Est
624 851 779 907 idem
799 851 924 924 ipse
945 853 1002 906 et
1029 850 1193 906 dives
1214 854 1271 905 et
1292 866 1513 922 pauper
1535 849 1603 921 (II
1631 848 1752 904 Cor.
1809 862 1932 915 V111,
1993 846 2066 919 9).

415 939 613 1006 Dives,
639 940 783 1012 quia
813 940 871 995 in
898 940 1177 1011 principio
1203 942 1322 994 erat
1358 939 1605 1004 Verbum,
1628 941 1679 992 et
1705 938 1932 993 Verbum
1956 939 2075 991 erat

419 1027 565 1100 apud
596 1029 791 1097 Deum,
823 1032 874 1083 et
902 1029 1042 1083 Deus
1068 1031 1186 1083 erat
1219 1027 1466 1082 Verbum.
1494 1028 1601 1082 Hoc
1625 1034 1744 1083 erat
1774 1027 1831 1081 in
1862 1027 2073 1098 princi-

415 1119 508 1189 pio
535 1116 680 1189 apud
709 1120 903 1173 Deum.
934 1117 1131 1174 Omnia
1156 1133 1258 1189 per
1287 1118 1463 1188 ipsum
1492 1116 1637 1187 facta
1659 1122 1803 1183 sunt,
1855 1121 1906 1171 et
1955 1120 2077 1170 sine

421 1208 535 1278 ipso
558 1206 768 1277 factum
796 1214 872 1262 est
900 1206 1044 1261 nihil
1063 1206 1240 1278 (Joan.
1275 1222 1316 1270 ι,
1352 1205 1480 1275 1-3).
1506 1204 1729 1276 Pauper
1759 1220 1913 1269 vero,
1940 1202 2077 1275 quia

427 1294 655 1351 Verbum
685 1310 812 1350 caro
842 1297 1047 1365 factum
1077 1302 1174 1361 est,
1199 1302 1249 1350 et
1268 1294 1537 1349 habitavit
1595 1295 1651 1348 in
1680 1293 1835 1348 nobis
1893 1291 2073 1364 (Ibid.,

423 1383 531 1455 14).
547 1385 680 1449 Qua:
699 1387 894 1445 autem
913 1386 1002 1439 est
1017 1384 1064 1453 ej
1080 1400 1150 1438 us
1171 1382 1508 1450 exinanitio,
1527 1399 1722 1454 quaeve
1742 1388 2073 1454 paupertas,

426 1472 538 1528 nisi
555 1471 752 1528 formae
785 1471 1011 1527 servilis
1032 1471 1316 1545 acceptio,
1342 1489 1443 1544 per
1462 1488 1663 1542 quam,
1695 1470 1865 1526 Verbi
1891 1471 2077 1542 maje-

428 1564 577 1618 state
601 1560 808 1629 velata,
843 1559 1205 1633 dispensatio
1226 1560 1497 1616 humanae
1521 1559 1942 1632 redemptionis
1962 1558 2078 1615 im-

422 1648 581 1722 pleta
604 1648 737 1706 est?
754 1649 899 1705 Nam
918 1648 1056 1722 quia
1076 1647 1432 1721 captivitatis
1459 1653 1670 1703 nostrae
1712 1646 1922 1703 resolvi
1962 1646 2076 1702 ori-

405 1737 643 1812 .ginalia
666 1737 899 1794 vincula
921 1756 1036 1795 non
1058 1742 1325 1811 poterant
1347 1738 1436 1809 (c),
1458 1736 1569 1792 nisi
1603 1737 1874 1793 existeret
1903 1736 2078 1791 homo
2109 1772 2156 1837 Β

424 1827 567 1884 ostri
606 1826 835 1899 generis
861 1831 1187 1899 nostraeque
1220 1830 1459 1894 naturae,
1477 1842 1649 1896 quem
1672 1823 1884 1880 veteris
1897 1823 2073 1880 debiti

426 1916 764 1988 prejudicia
780 1933 892 1972 non
909 1920 1193 1984 tenerent,
1208 1920 1265 1972 et
1287 1916 1385 1987 qui
1400 1913 1778 1970 immaculato
1791 1912 2080 1985 sanguine

428 2021 535 2062 suo
558 2004 1012 2078 chirographum
1055 2003 1270 2061 lethale
1301 2003 1549 2059 dilueret
1595 2002 1823 2075 (Coloss.
1862 2019 1924 2070 ιι,
1966 2002 2076 2071 44).

402 2128 407 2133 ~
428 2094 583 2150 sicut
603 2093 676 2150 ab
700 2093 865 2150 initio
886 2096 1010 2149 erat
1025 2093 1307 2149 divinitus
1328 2092 1569 2164 prmordi
1579 2096 1777 2147 natum
1799 2091 1875 2163 (ἀ)
1894 2092 1974 2147 ita
1993 2094 2081 2147 est

428 2183 488 2239 in
524 2181 887 2255 plenitudine
908 2182 1177 2255 praetiniti
1202 2181 1482 2253 temporis
1514 2180 1755 2248 factum,
1782 2186 1847 2235 ut
1880 2180 2082 2236 multis

428 2271 621 2328 modis
635 2270 961 2343 signiﬁcata
976 2270 1286 2343 promissio
1310 2269 1367 2324 in
1390 2270 1488 2325 diu
1514 2274 1908 2341 exspectatum
1932 2270 2084 2325 veni-

430 2364 518 2416 ret
538 2360 807 2416 etl‘ectum
831 2378 844 2428 ;
872 2376 977 2416 nec
1000 2364 1196 2432 posset
1227 2375 1356 2415 esse
1379 2358 1724 2431 ambiguum
1749 2358 1905 2430 quod
1944 2375 2083 2414 con-

430 2448 614 2505 tinuis
635 2450 701 2521 (e)
723 2448 1233 2506 testificationibus
1253 2464 1486 2520 semper
1509 2448 1700 2503 fuerat
1722 2448 2080 2504 nuntiatum.

503 2542 636 2594 CAP.
662 2538 810 2593 VIII.
835 2570 904 2578 —
930 2538 1252 2593 Destructis
1276 2537 1572 2609 itaquetot
1592 2536 1933 2604 hmresibus,
1959 2552 2085 2608 qum

432 2643 538 2699 per
559 2631 822 2683 sanctam
840 2626 1199 2684 devotionem
1221 2624 1656 2698 praesidentium
1670 2625 1905 2679 Patrum
1920 2642 1954 2680 a
1969 2641 2088 2679 cor-

434 2732 574 2787 pore
596 2720 735 2772 sunt
749 2715 1046 2772 catholicae
1068 2714 1309 2770 unitatis
1349 2714 1645 2778 abscissae,
1680 2729 1925 2785 quaeque
1959 2712 2087 2769 ideo

437 2807 695 2859 extorres
716 2820 751 2858 a
773 2804 999 2859 Christo
1016 2820 1145 2859 esse
1167 2807 1525 2870 meruerunt,
1550 2802 1690 2873 quia
1713 2801 1884 2856 Verbi
1908 2802 2091 2857 incar-

436 2891 758 2959 nationem,
777 2908 902 2963 qum
925 2892 1242 2963 singularis
1254 2895 1341 2946 est
1361 2894 1509 2946 recte
1522 2889 1881 2946 credentium
1905 2890 2085 2960 salus,

438 2982 701 3036 tecerunt
721 2979 832 3034 sibi
855 2978 1111 3051 lapidem
1129 2978 1469 3034 offensionis
1490 2983 1548 3033 et
1559 2982 1778 3050 petram
1804 2980 2086 3035 scandali.

439 3067 485 3139 (Ι
515 3069 663 3122 Petr.
697 3085 760 3133 ιι,
792 3070 847 3136 8)
882 3085 895 3135 ;
925 3067 1107 3122 miror
1135 3064 1503 3123 dilectionem
1526 3072 1776 3123 vestram
1798 3068 1855 3123 in
1878 3068 2090 3125 discer-

436 3156 628 3212 nendo
656 3155 918 3213 veritatis
950 3156 1171 3212 lumine
1195 3155 1477 3211 laborare.
1511 3156 1723 3211 Etcum
1749 3156 1954 3213 multis
1972 3176 2090 3214 ma-
2117 3131 2160 3198 (δ
2200 3164 2263 3215 ut
2283 3159 2596 3214 uniendam
2620 3157 2730 3230 ipsi
2751 3173 2984 3212 carnem
3001 3158 3070 3212 de
3088 3174 3195 3213 sua
3212 3131 3802 3216 substantiaministra-

434 3245 908 3301 nifestationibus
939 3244 1297 3301 declaratum
1321 3244 1589 3316 sitquam
1623 3249 1775 3301 recte
1804 3251 1862 3301 et
1889 3247 2088 3303 Nesto-

433 3333 585 3390 rium
617 3338 676 3390 et
698 3333 989 3407 Eutychen
1013 3350 1148 3389 cum
1169 3333 1437 3389 Dioscoro
1463 3334 1606 3390 fides
1637 3333 1965 3391 Christiana
1986 3336 2088 3390 da-

432 3423 742 3491 mnaverit,
775 3439 880 3479 nec
909 3422 1277 3480 Christianus
1291 3421 1476 3495 possit
1502 3422 1693 3477 vocari
1717 3421 2088 3494 quivelillius

430 3510 521 3568 vel
550 3512 757 3567 horum
788 3511 1077 3584 impietati
1109 3511 1324 3584 praebet
1373 3528 1703 3578 assensum,
1764 3512 1929 3567 doleo
1984 3530 2087 3569 vos

433 3600 778 3674 evangelica:
808 3605 866 3657 et
896 3600 1231 3673 apostolicae
1260 3600 1556 3665 doctrinae,
1590 3605 1656 3655 ut
1677 3601 1873 3670 audio,
1909 3601 2089 3657 resul-

434 3695 558 3746 tare
589 3690 931 3763 exagitando
967 3690 1355 3746 seditionibus
1383 3689 1661 3757 civitates,
1686 3691 2087 3746 conturbando

435 3778 745 3847 Ecclesiae,
779 3795 883 3833 nec
913 3778 1103 3834 solum
1127 3778 1395 3850 injurias,
1420 3778 1519 3833 sed
1552 3777 1727 3833 etiam
1748 3779 1932 3834 caedes
1955 3797 2086 3851 pre-

436 3866 686 3937 sbyteris
715 3869 891 3938 atque
912 3865 1201 3938 episcopis
1220 3867 1518 3921 inferendo
1548 3882 1561 3920 :
1599 3871 1662 3921 ut
1692 3883 1805 3938 prae
1824 3867 2014 3924 furore
2030 3873 2090 3925 et

436 3953 674 4022 sevitia,
692 3957 757 4025 (Γ)
778 3953 1059 4025 propositi
1080 3954 1326 4027 vestriiet
1346 3954 1729 4025 professionis
1745 3954 1876 4011 sitis
1890 3956 2090 4013 imme-

434 4057 646 4097 mores.
680 4040 786 4095 Ubi
814 4046 903 4097 est
930 4041 1133 4113 regula
1154 4042 1627 4097 mansuetudinis
1642 4046 1697 4097 et
1718 4042 1970 4113 quietis?
1988 4046 2086 4100 ubi

432 4128 850 4203 longanimitas
872 4130 1204 4202 patientiae?
1226 4128 1325 4185 ubi
1348 4128 1745 4201 tranquillitas
1770 4132 1967 4203 pacis?
1988 4133 2086 4188 ubi

434 4219 871 4274 firmamentum
889 4218 1219 4275 dilectionis
1230 4224 1286 4274 et
1297 4217 1612 4274 tolerantiae
1629 4218 1942 4275 fortitudo?
1952 4223 2085 4286 Quae

432 4324 534 4364 vos
564 4309 636 4364 ab
667 4307 972 4381 Evangelia
1002 4306 1215 4363 Christi
1247 4312 1346 4363 aut
1365 4308 1666 4380 persuasio
1697 4308 1958 4382 abduxit,
1986 4316 2087 4366 aut

433 4396 758 4469 persecutio
776 4396 1102 4470 separavit?
1119 4396 1215 4453 Vel
1231 4413 1357 4469 qua:
1373 4400 1535 4452 tanta
1556 4397 1777 4453 exstitit
1794 4399 2085 4472 decipien-

429 4486 508 4542 tis
539 4487 772 4554 astutia,
796 4491 861 4542 ut
881 4485 1042 4542 obliti
1094 4486 1512 4559 prophetarum
1552 4489 1609 4540 et
1665 4487 2085 4558 apostolorum,
2117 4498 2164 4562 Ι)

503 4603 582 4670 (ιι)
603 4601 909 4681 Eaemplar
929 4602 1215 4681 Sicbardi;
1247 4603 1511 4681 quodnon
1531 4601 1740 4681 habuit
1786 4606 2081 4681 confertur.

433 4671 495 4752 In
527 4670 698 4752 epist.
869 4688 919 4727 c.
954 4678 1005 4728 8.
1041 4670 1269 4752 aliquot
1284 4674 1511 4730 codices
1531 4670 1751 4730 habent
1779 4670 2084 4745 conferren-

431 4750 524 4798 tur
542 4740 688 4795 {alii
721 4747 936 4808 tamen,
960 4740 1335 4808 conferuntur.

499 4812 575 4898 (b)
609 4812 932 4898 Vindebqn.
959 4812 1293 4898 .collect‘..5.:
1328 4818 1389 4898 Et
1404 4816 1546 4871 idem
1575 4817 1688 4898 ipse
1718 4820 1861 4898 estet
1893 4816 2080 4898 diues;

429 4882 520 4939 cui
545 4882 1005 4959 lectioniafﬁnis
1035 4889 1123 4959 est
1146 4885 1481 4953 Sichardus,
1519 4882 1611 4959 qui
1648 4888 1834 4941 solum
1865 4890 2081 4944 omittit

427 4960 523 5011 est.
556 4954 821 5010 Concinit
850 4956 1002 5026 epist
1036 4958 1154 5011 165.
1186 4973 1235 5011 c.
1270 4958 1321 5012 8.

499 5029 568 5100 (ι’)
596 5026 829 5100 Vulgati
854 5027 1079 5099 antiqui
1098 5043 1233 5082 cum
1258 5026 1521 5100 exemplo
1544 5027 1809 5085 Sicbardi
1832 5030 2077 5100 addunt,

426 5102 479 5154 et
508 5098 574 5153 ab
591 5097 758 5170 hostis
789 5097 1017 5170 imperio
1047 5099 1312 5154 relaxari.
1349 5097 1571 5170 Desunt
1602 5104 1727 5154 tum
1767 5101 1827 5156 in
1860 5097 2078 5159 nostris

423 5173 563 5243 tum,
586 5170 644 5243 i_n
672 5168 964 5243 Qucsn'elli
999 5170 1199 5243 codd”,
1226 5186 1328 5243 nec
1360 5186 1472 5243 non
1503 5169 1561 5224 in
1586 5171 1739 5243 epist
1773 5174 1894 5239 165,
1920 5190 1970 5229 c.
2022 5176 2076 5229 9.

497 5241 574 5314 (gi)
604 5240 786 5296 Iidem
810 5241 1026 5314 vulgati
1059 5245 1115 5297 et
1145 5240 1488 5314 Sichardus.
1509 5240 1772 5298 non'vero
1824 5245 2075 5314 codices,

425 5311 671 5385 addunt,
701 5316 753 5368 et
765 5311 1171 5385 prophetarum
1198 5313 1437 5385 oraculis
1461 5316 1921 5385 praenuntiatum.

494 5382 739 5457 (e)_Unus
764 5382 892 5439 Vat.
909 5384 1132 5440 collect.
1153 5384 1214 5439 2|
1244 5400 1377 5439 cum
1394 5382 1601 5438 iisdem
1618 5382 2075 5457 vulgatis,signi-

421 5453 790 5522 ﬁcationibus.

492 5523 559 5592 (f)
593 5523 723 5578 Haec
751 5524 1015 5581 indicant
1045 5542 1372 5582 sermonem
1402 5542 1530 5582 esse
1565 5542 1699 5581 cum
1749 5528 2073 5586 monachis.

419 5592 763 5664 Quosnellus
794 5601 911 5654 not.
948 5598 969 5658 1
1000 5598 1281 5659 Carosum
1303 5600 1359 5655 et
1374 5596 1732 5658 Dorotheum
1757 5598 1935 5659 duces
1952 5617 2075 5659 mo-

1545 270 1612 333 s.
1658 267 1937 333 LEONIS
1982 267 2233 333 MAGNI
2276 252 2705 332 EPISTOLE.

3630 270 3758 334 ιθδε

2181 402 2342 459 obliti
2366 403 2611 474 symboli
2632 402 2907 458 salutaris
2920 399 3364 456 etconfessionis
3375 416 3539 472 quam
3554 404 3767 475 pronun'

2178 493 2392 548 tiantes
2423 493 2629 549 I243
2656 507 2853 547 coram
2877 489 3081 546 multis
3104 489 3372 555 testibus,
3393 496 3767 551 sacramentum

2181 582 2455 655 baptismi
2484 580 2848 654 suscepistis,
2866 578 3171 635 diabolicis
3183 595 3283 634 vos
3296 577 3641 636 illusionibus
3658 583 3769 637 sub-

2181 671 2394 727 deretis
2409 671 2436 725 ?
2457 670 2603 735 Quid
2628 670 2782 743 apud
2803 686 2902 724 vos
2923 672 3135 724 acturae
3157 666 3385 723 fuerant
3404 666 3638 740 ungules,
3658 671 3770 742 quid

2182 775 2334 815 saeva
2350 763 2661 820 tormenta,
2685 758 2733 814 si
2758 759 2826 813 ad
2854 756 3299 830 expugnandam
3322 754 3454 811 ﬁdei
3469 758 3773 814 vestreinte-

2182 847 2451 921 gritatem
2474 852 2701 902 tantum
2726 864 2874 902 vana
2921 845 3326 901 haereticorum
3375 850 3679 902 commenta
3701 865 3774 903 va-

2183 935 2463 991 luerunt?
2494 936 2599 991 Pro
2632 936 2745 991 ﬁde
2763 952 2867 990 vos
2888 950 3058 1007 agere
3079 932 3337 1000 creditis,
3361 937 3419 988 et
3432 931 3557 988 fidei
3586 940 3775 990 contra-

2184 1025 2302 1080 itis.
2323 1023 2590 1081 Ecclesia:
2610 1024 2848 1080 nomine
2870 1022 3201 1089 armamini,
3219 1025 3277 1077 et
3295 1024 3495 1076 contra
3512 1020 3777 1079 Ecclesiam

2184 1113 2496 1170 dimicatis.
2531 1114 2783 1169 Hoccine
2812 1131 2847 1168 a
2866 1111 3186 1184 prophetis,
3210 1110 3322 1166 hoc
3344 1110 3417 1166 ab
3440 1111 3777 1183 evangelistis.

2185 1202 2291 1258 hoc
2314 1203 2386 1258 ab
2409 1201 2688 1275 apostolis
2708 1200 2995 1257 didicistis
3016 1200 3043 1255 ?
3068 1203 3131 1255 ut
3152 1203 3434 1272 negantes
3454 1215 3631 1254 veram
3657 1198 3783 1255 Chri-

2187 1292 2258 1348 sti
2290 1297 2619 1358 carnem,et
2636 1291 2822 1362 ipsam
2843 1288 3349 1361 Verbi1essentiam
3374 1286 3785 1360 passionimorti-

2186 1399 2299 1453 que
2329 1382 2665 1448 subdentes,
2691 1379 2940 1435 alienam
2961 1377 3185 1433 faciatis
3208 1381 3470 1432 nostram
3493 1393 3525 1431 a
3544 1392 3640 1432 suo
3655 1393 3785 1450 repa-

2187 1475 2374 1525 ratore
2396 1475 2689 1539 naturam,
2722 1473 3027 1540 totumque
3059 1467 3216 1540 quod
3240 1483 3384 1522 crux
3406 1465 3613 1533 intulit,
3661 1468 3783 1538 quod

2187 1558 2386 1614 lancea
2414 1557 2757 1624 vulneravit,
2791 1557 2949 1628 quod
2972 1554 3393 1628 sepulcrilapis
3416 1552 3488 1625 (g)
3512 1556 3786 1628 suscepitet

2188 1647 2460 1715 reddidit,
2484 1645 2676 1702 solum
2727 1647 2911 1701 fuisse
2958 1662 3107 1716 opus
3139 1644 3355 1700 divinae
3403 1645 3671 1716 potentiae,
3698 1662 3784 1701 non

2187 1736 2360 1791 etiam
2380 1735 2729 1791 humilitatis
2751 1733 3317 1805 liumanaz‘?Pr0pter
3337 1749 3514 1804 quam
3530 1732 3787 1805 Apostolus

2188 1824 2359 1879 dicit:
2393 1826 2508 1880 Non
2536 1826 2684 1879 enim
2714 1825 2963 1879 erubesco
2992 1824 3363 1896 Evangelium
3407 1822 3573 1894 (Rom.
3603 1839 3637 1888 ι,
3681 1824 3783 1892 16):

2188 1914 2465 1986 quoniam
2498 1918 2734 1969 noverat
2754 1912 2926 1985 quale
2955 1911 3312 1968 Christianis
3329 1912 3401 1967 ab
3426 1911 3663 1966 inimicis
3675 1911 3787 1981 obji-

2189 2007 2417 2060 ceretur
2441 2002 2839 2076 opprobrium.
2877 2002 3089 2056 Etidco
3111 2001 3292 2056 etiam
3326 2001 3602 2056 Dominus
3640 2005 3784 2072 prote-

2190 2093 2458 2148 stabatur
2486 2091 2719 2147 dicens:
2754 2092 2860 2160 Qui
2885 2107 2971 2146 me
2998 2093 3278 2162 confessus
3308 2091 3480 2161 fuerit
3522 2106 3683 2145 coram
3718 2090 3787 2144 ho-

2188 2182 2454 2245 minibus,
2490 2184 2540 2235 et
2570 2197 2666 2249 ego
2702 2180 2994 2250 conﬁtebor
3052 2180 3215 2235 illum
3274 2196 3460 2235 coram
3512 2180 3660 2235 Patre
3698 2194 3787 2235 meo

2193 2270 2399 2343 (Matth.
2432 2289 2488 2337 χ,
2509 2269 2621 2339 32).
2659 2269 2720 2324 Ili
2755 2270 2910 2325 enim
2946 2286 3058 2325 non
3083 2274 3261 2324 erunt
3289 2269 3450 2341 digni
3484 2269 3787 2325 confessione

2193 2358 2608 2423 FiliietPatris,
2630 2358 2849 2430 quibus
2865 2374 3015 2413 nunc
3034 2375 3166 2414 caro
3188 2358 3406 2414 Christi
3440 2357 3787 2415 verecundiam

2195 2448 2331 2505 facit
2354 2466 2367 2517 ;
2400 2448 2846 2520 probabuntque
2877 2446 3174 2503 senullam
3196 2447 3272 2502 de
3294 2447 3463 2520 signo
3475 2447 3648 2503 crucis
3664 2463 3788 2502 sum-

2196 2539 2384 2610 psisse
2410 2538 2704 2604 virtutem,
2728 2537 2869 2608 quid
2899 2536 3054 2608 quod
3081 2537 3511 2608 prmferendum
3555 2535 3790 2591 frontibus

2196 2629 2563 2696 acceperunt,
2591 2640 2855 2696 promere
2884 2623 3056 2679 labiis
3077 2625 3458 2680 erubescunt.

2266 2719 2399 2769 CAP.
2437 2714 2523 2769 ΙΧ.
2558 2745 2623 2754 -
2650 2712 2958 2780 Declinatc,
2996 2711 3118 2779 filii,
3151 2713 3225 2768 ab
3261 2712 3357 2769 his
3389 2712 3669 2769 diabolicis
3694 2728 3791 2785 per-

2198 2802 2573 2860 suasionibus
2591 2800 2734 2856 decli
2746 2805 2895 2856 nate.
2911 2800 3231 2856 Veritatem
3246 2802 3353 2857 Dei
3368 2802 3526 2858 nulla
3544 2818 3628 2858 res
3641 2800 3795 2865 violat,

2197 2893 2297 2950 sed
2321 2891 2548 2947 Veritas
2571 2908 2675 2946 nos
2707 2889 2815 2945 nisi
2852 2889 2908 2946 in
2936 2893 3138 2946 nostra
3157 2907 3344 2947 came
3378 2909 3494 2948 non
3522 2891 3699 2948 salvat.
3730 2892 3799 2944 Ve-

2196 2984 2333 3037 ritas
2365 2981 2597 3053 quippe,
2622 2979 2773 3034 sicut
2790 2979 3070 3051 propheta
3100 2980 3200 3047 ait,
3234 2980 3314 3037 de
3326 2985 3473 3037 terra
3495 2984 3606 3039 orla
3631 2983 3695 3036 est
3714 2981 3798 3050 (Ps.

2202 3088 2424 3135 anv,
2450 3070 2532 3139 12)
2558 3087 2570 3135 ;
2603 3073 2659 3124 et
2690 3068 2774 3124 sic
2804 3067 3062 3123 Verbum
3087 3068 3269 3124 Maria
3339 3071 3513 3143 Virgo
3568 3067 3797 3139 concepit,

2197 3253 2302 3318 ret,
2336 3264 2441 3303 nec
2462 3263 2596 3303 cum
2621 3247 2943 3318 adjectione
2973 3262 3252 3317 personae,
3286 3265 3405 3304 nec
3442 3264 3569 3304 cum
3602 3260 3799 3302 evacua-

2197 3336 2354 3392 tione
2386 3341 2606 3391 natura:
2646 3353 2659 3391 :
2693 3334 2971 3406 quoniam
3003 3334 3103 3407 qui
3134 3335 3349 3392 eratin
3375 3338 3559 3392 forma
3604 3335 3701 3402 Dei,
3742 3334 3800 3387 ita

2198 3425 2419 3497 accepit
2440 3424 2684 3479 formam
2711 3422 2880 3491 servi,
2905 3428 2969 3478 ut
2999 3441 3152 3478 unus
3177 3428 3362 3496 atque
3394 3425 3542 3481 idem
3576 3425 3625 3480 in
3655 3424 3800 3478 forma

2196 3518 2445 3584 utraque
2463 3510 2819 3567 sitChristus
2843 3529 2855 3565 :
2883 3511 3203 3568 inclinante
3232 3528 3293 3568 se
3335 3513 3451 3570 Deo
3467 3511 3712 3585 usquead
3732 3510 3798 3564 in-

2199 3600 2719 3664 ﬁrmahominis,et
2735 3600 3069 3671 proﬁciente
3081 3600 3327 3657 homine
3340 3602 3601 3674 usquead
3615 3613 3799 3656 summa

2200 3689 2456 3756 Deitatis,
2482 3687 2993 3758 dicenteApostolo
3019 3704 3032 3743 :
3066 3693 3321 3760 Quorum
3351 3692 3558 3759 Patres,
3578 3692 3623 3745 et
3640 3705 3699 3744 ex
3713 3686 3801 3759 qui-

2198 3780 2293 3835 bus
2328 3778 2573 3833 Christus
2594 3777 2889 3832 secundum
2918 3794 3158 3846 carnem,
3191 3780 3288 3849 qui
3320 3788 3400 3835 est
3453 3794 3610 3851 super
3657 3776 3801 3832 omnia

2195 3872 2333 3926 Deus
2367 3866 2670 3921 benedictus
2693 3867 2750 3920 in
2782 3866 3006 3922 macula.
3041 3866 3209 3921 Amen
3236 3866 3420 3937 (Rom.
3449 3884 3525 3935 IX,
3546 3868 3616 3939 5).

2544 3973 2751 4029 ηιμ
2790 3971 3130 4027 EPISTOLA
3170 3972 3251 4043 (Ιι)
3289 3972 3509 4029 cxxv.

2433 4063 2593 4132 (τ’)Αι)
2632 4077 2925 4116 JULIANUM
2967 4076 3228 4115 cosxssu
3268 4077 3604 4117 EPISCOPUM.

2634 4149 2741 4204 Per
2762 4149 3036 4204 comitem
3073 4148 3410 4205 Rodanum.

2195 4242 2268 4296 De
2295 4241 2510 4295 silentio
2539 4240 2749 4295 Iuliani
2770 4240 2944 4321 amice
2968 4239 3307 4363 efpostulat;
3344 4240 3411 4295 dc
3444 4238 3677 4295 omnibus
3710 4231 3799 4289 ruit

2906 4326 2994 4363 ms
3023 4326 3130 4363 rm.

2906 4326 3106 4364 mstrm
3119 4352 3130 4363 .

2493 4403 2599 4454 Leo
2632 4398 2942 4471 episc0pus
2970 4398 3216 4453 JULIANO
3237 4399 3533 4472 episcopo.

2264 4486 2323 4559 ti)
2354 4486 2685 4558 Saepissime
2706 4485 3075 4542 dilectionem
3106 4491 3268 4541 tuam
3291 4488 3365 4543 ad
3392 4487 3542 4543 hanc
3559 4498 3734 4542 curam
3755 4483 3799 4536 et

2195 4603 2517 4675 nachorum
2551 4601 2847 4675 intelligit.
2869 4605 2938 4655 At
2961 4601 3019 4675 hi
3043 4599 3677 4675 Constantinopolitani,
3698 4610 3793 4675 non

2193 4692 2322 4730 vero
2353 4672 2627 4730 Palestini
2662 4669 2924 4745 fuerunt.
2973 4673 3228 4745 Respicit
3258 4675 3315 4729 S.
3354 4669 3794 4745 LeoiPalmstinos

2193 4745 2530 4811 monachos,
2557 4744 2824 4815 quiduce
2864 4740 3191 4800 Theodosio
3241 4750 3425 4801 totam
3475 4740 3793 4815 Palmstinam

2191 4817 2342 4872 bello
2375 4821 2430 4871 et
2459 4810 2714 4870 caedibus
2742 4815 3181 4886 perturbarunt,
3203 4821 3265 4870 ut
3299 4816 3563 4886 pluribus
3595 4810 3793 4886 narrant

2196 4888 2524 4943 Mari-ianus
2550 4886 2603 4941 in
2626 4879 2871 4957 cpistola
2895 4879 3465 4942 Chalcedonensibus
3485 4884 3652 4957 gestis
3680 4879 3789 4957 sub:

2181 4963 2390 5031 jecta,
2422 4964 2477 5031 et
2534 4948 2813 5031 Evagrius
2859 4957 2957 5031 lib.
3008 4974 3154 5031 (II_c.
3201 4959 3254 5013 5.
3307 4948 3518 5014 Confer
3564 4948 3785 5011 annot.1

2190 5028 2331 5103 (Col.
2369 5029 2617 5103 i()I4_,_n.
2648 5032 2692 5100 0)
2712 5028 2970 5103 inepist.
2997 5029 3118 5103 109.

2262 5101 2333 5172 (g)
2356 5105 2476 5156 Duo
2497 5091 2627 5156 Vat.
2675 5091 2906 5156 collect.
2950 5101 3039 5170 21,
3089 5102 3342 5173 suscepit,
3383 5097 3597 5155 creditis
3643 5091 3787 5149 solum

2216 5188 2632 5315 ηξῗῖιίγῖἔέᾮδ.
2657 5241 2790 5315 Qum
2823 5246 3017 5315 autem
3040 5244 3331 5299 an.ea125
3358 5244 3497 5307 erat,
3522 5251 3662 5293 nunc
3686 5228 3780 5287 156.

2187 5312 2416 5386 Scripta
2442 5316 2513 5369 25
2541 5312 2700 5386 Junii
2735 5330 2826 5369 an.
2857 5314 2978 5386 1153.
3483 5380 3495 5386 _
3610 5330 3623 5345 ε

2232 5368 2615 5479 :(z‘jEigstatin
2646 5368 3031 5441 mss.collcct.
3061 5388 3143 5451 12,
3174 5385 3256 5452 18,
3285 5387 3372 5451 24,
3397 5398 3462 5437 ac
3481 5380 3536 5435 in
3560 5368 3780 5479 exemplo

2185 5456 2726 5604 Sfagaﬁglgatiante
2749 5530 2985 5599 Quesn.,
3010 5527 3486 5602 Frcqueulissime,
3506 5523 3557 5579 et
3585 5518 3636 5575 in
3658 5527 3777 5571 mar-

2184 5599 2338 5678 gine,
2373 5599 2701 5678 Sapissime.
