4130 6168
270 331 425 401 ιω

734 472 1077 530 EPISTOLA
1117 471 1194 546 (α)
1234 471 1471 530 CXXXI.

485 578 561 650 (b)
591 596 665 636 an
701 596 999 637 JULIANUM
1036 598 1353 637 EPISCOPUM
1395 597 1677 637 COENSEM.

271 703 573 779 Svuoesm.
598 708 1023 779 —I.Julianum
1045 707 1109 779 dc
1128 710 1357 779 receptis
1388 698 1626 763 Proterii
1646 708 1811 762 Alex.
1829 708 1923 761 lit-

348 778 480 851 teris
493 785 671 833 monet
690 795 711 840 ;
731 778 978 851 suamiad
993 778 1321 834 Flavianum
1339 780 1621 851 epistolam
1644 796 1713 834 ex
1732 779 1925 851 Latino

352 850 412 902 in
442 846 687 921 Graecum
717 850 785 905 ab
816 850 994 904 eodem
1028 852 1328 921 transferri
1366 846 1533 921 'cupit
1561 868 1625 904 ac
1678 850 1923 917 mandat,

357 935 523 993 quam
549 919 647 975 sub
673 923 956 989 signaculo
978 919 1207 993 Augusti
1249 919 1479 977 missam
1534 921 1931 977 Alexandriam

344 991 497 1062 plebi
518 993 579 1045 in
598 992 837 1047 Ecclesia
858 991 1086 1048 recitari
1114 995 1250 1049 vult.
1275 1026 1344 1034 —
1369 993 1435 1048 lI.
1459 995 1534 1049 Dc
1553 994 1816 1049 Paschale
1844 1007 1927 1047 se-

354 1064 568 1133 quentis
589 1064 728 1119 anni
750 1072 808 1118 ut
838 1067 1191 1119 rescribatur.

741 1206 852 1261 Leo
888 1207 1136 1263 JULIANO
1174 1207 1465 1281 episcopo.

360 1349 496 1406 CAP.
517 1350 559 1405 Ι.
578 1379 647 1391 -
665 1350 930 1423 Sumptis
954 1350 1151 1406 fratris
1174 1354 1232 1406 et
1253 1350 1577 1423 coepiscopi
1603 1350 1786 1409 nostri
1804 1351 1935 1406 Pro-

288 1438 418 1494 terii
442 1437 814 1495 Alexandrini
829 1438 1110 1495 antistitis
1123 1438 1334 1494 litteris
1348 1439 1445 1495 ind
1456 1440 1747 1497 ubitanter
1762 1457 1937 1513 agno-

286 1528 342 1583 vi
373 1526 676 1584 catholicas
703 1543 838 1583 eum
895 1528 1130 1583 studere
1163 1528 1461 1584 doctrinae.
1495 1533 1551 1585 et
1580 1533 1734 1585 recto
1764 1529 1938 1584 corde

290 1615 580 1677 haereticis
601 1615 834 1672 obviare
857 1634 870 1672 :
893 1620 956 1672 ut
979 1617 1184 1674 merito
1216 1633 1452 1690 sperare
1482 1618 1780 1689 possimus
1801 1635 1934 1673 eum

294 1704 557 1762 Ecclesiae
603 1706 809 1762 1260
860 1705 949 1760 cui
976 1706 1269 1778 praesidet,
1301 1710 1358 1762 et
1386 1706 1649 1779 exemplo
1682 1723 1935 1773 morum,

290 1798 349 1851 et
372 1794 765 1851 insinuatione
795 1795 927 1850 fidei
963 1796 1354 1867 profuturum.
1391 1795 1497 1851 Sed
1533 1796 1669 1869 quia
1703 1814 1814 1851 non
1839 1814 1936 1868 pa-

290 1898 424 1949 rum
437 1883 550 1956 ipsi
564 1883 1280 1956 laborisEutychianorum
1295 1885 1646 1942 factionibus
1659 1886 1943 1943 excitatur

291 1975 395 2045 qui
424 1973 732 2047 epistolam
751 1990 942 2031 meam
974 1974 1047 2028 ad
1076 1975 1255 2029 beatae
1288 1974 1580 2030 memoriae
1602 1974 1942 2031 Flavianum

291 2063 518 2131 datam,
533 2061 723 2121 fallaci
740 2061 1216 2133 interpretatione
1227 2066 1561 2134 corruptam
1576 2063 1945 2136 simplicibus

292 2152 636 2224 quibusque
654 2150 1021 2206 autindoctis
1041 2150 1408 2207 itatlicuntur
1422 2151 1700 2224 ingerere,
1716 2157 1780 2208 ut
1796 2170 1948 2225 quae-

293 2241 437 2296 dam
460 2239 589 2296 loca
606 2238 946 2295 Nestoriano
969 2255 1288 2312 congruere
1316 2240 1622 2297 videantur
1649 2242 1829 2297 errori
1854 2247 1950 2298 :ut

292 2330 420 2385 haec
442 2328 784 2401 malignitas
806 2345 922 2384 non
943 2329 1662 2400 possitdeconturbatione
1686 2332 1948 2389 ﬁdelium

294 2417 560 2492 gloriari,
583 2418 692 2474 hoc
712 2417 1060 2474 fraternitati
1082 2421 1194 2473 tuae
1208 2417 1425 2474 laboris
1443 2419 1706 2492 injungo,
1721 2425 1951 2477 uteam-

299 2507 432 2563 dem
455 2505 767 2580 epistolam
789 2522 1004 2575 meam,
1032 2524 1211 2579 quam
1244 2506 1303 2561 in
1317 2507 1591 2564 omnibus
1620 2509 1949 2580 apostolicae

295 2596 649 2655 concordem
680 2596 959 2652 doctrinae
983 2595 1364 2651 consonantia
1384 2597 1673 2667 majorum
1687 2599 1953 2671 exempla

300 2686 616 2749 testantur,
636 2681 906 2756 diligenti
928 2683 1402 2756 interpretatione
1415 2700 1483 2741 ex
1500 2685 1703 2742 Latino
1721 2686 1778 2741 in
1803 2688 1952 2744 Grae-

298 2788 437 2829 cum
466 2772 776 2827 transferre
807 2772 1090 2845 digneris,
1115 2789 1292 2844 quam
1324 2772 1789 2845 gloriosissimus
1809 2780 1867 2832 et
1883 2776 1949 2831 ﬁ-

300 2860 642 2917 delissimus
672 2860 943 2932 princeps
962 2837 1032 2915 ad
1068 2860 1490 2917 Alexandrinos
1513 2862 1767 2932 judices,
1800 2864 1953 2920 sicut

299 2949 751 3022 (c)poposci,sub
764 2948 1049 3021 signaculi
1063 2949 1950 3022 suiimpressionetransmittat,

305 3039 651 3097 Christiana;
662 3038 816 3111 plebi
835 3039 893 3093 in
910 3038 1163 3095 Ecclesia
1181 3040 1562 3104 recitandum,
1584 3056 1719 3097 cum
1744 3043 1954 3114 praedi-

1614 330 1997 400 EPISTOLA
2045 328 2340 396 CXXXII.

1947 465 2005 533 Α
2107 467 2240 525 CAP.
2266 469 2335 524 II.
2371 500 2439 510 —
2469 466 2550 527 De
2581 469 2777 529 futuro
2805 471 3107 542 Paschate,
3127 476 3193 533 ut
3213 473 3500 549 saepejam
3534 474 3678 531 scri-
3714 526 3719 529 _

3516 330 3676 400 51082

2029 557 2143 629 psi,
2175 562 2301 614 esto
2333 556 2641 629 sollicitus,
2674 563 2733 616 et
2760 560 3222 620 clementissimo
3268 564 3519 639 principi
3551 581 3678 621 meo

2031 646 2667 719 hominenpportunius
2679 648 2847 705 intim
2857 652 3189 725 ato,utquid
3206 654 3315 709 sibi
3328 655 3679 727 rescriptum

2034 737 2109 791 sit
2130 737 2303 793 faciat
2325 740 2626 794 certiorem
2638 780 2651 804 ,
2667 737 2944 811 quoniam
2961 740 3271 798 imminent
3289 744 3416 800 dies
3430 748 3493 799 ut
3508 761 3681 800 nosse

2035 827 2331 898 possimus
2353 844 2527 900 quem
2552 828 2705 884 diem
2723 829 3008 884 Formatis
3032 830 3319 886 ascribere
3337 833 3678 902 debeamus,

2036 921 2093 972 et
2119 917 2383 974 omnium
2413 935 2481 973 ex
2509 919 2620 974 hac
2652 923 2814 991 parte
2851 919 3109 990 suscipio
3141 920 3467 977 evidentius
3497 924 3683 994 possit

2038 1006 2284 1061 absolvi.
2311 1007 2381 1078 (e)
2408 1007 2550 1063 Data
2572 1023 2629 1063 ιν
2648 1007 2782 1063 idus
2815 1007 3203 1077 Martii,Aetio
3234 1013 3290 1065 et
3320 1010 3524 1066 Studio
3544 1010 3684 1067 viris

2040 1093 2386 1152 clarissimis
2417 1096 2778 1153 consulibus.

2364 1213 2565 1269 I261
2608 1213 2960 1269 EPISTOLA
3000 1215 3063 1287 (χ)
3102 1215 3363 1272 CXXXII.

2045 1299 2121 1371 (g)
2142 1318 2398 1358 ANATOLII
2420 1319 2673 1358 EPISCOPI
2697 1320 3342 1363 CONSTANTINOPOLITANI
3369 1324 3442 1363 an
3467 1324 3688 1364 LEONEM

2757 1392 2962 1431 PAPAM.

2117 1462 2416 1517 Smorsrs.
2437 1492 2502 1505 -—
2525 1463 2568 1517 Ι.
2588 1464 2662 1518 De
2690 1464 2999 1520 intermisso
3030 1466 3340 1523 litterarmr
3372 1470 3691 1526 commercio

2116 1535 2713 1609 amicehconqgeritur.
2748 1537 2993 1591 Debitam
3043 1539 3291 1609 pontiﬁci
3333 1541 3693 1597 obedientiam

2116 1605 2369 1660 ostendit.
2385 1636 2453 1645 —-
2466 1605 2536 1660 II.
2556 1606 2773 1661 Aetium
2799 1605 3110 1664 restitutam
3124 1605 3253 1671 esse.
3279 1612 3551 1669 Andream
3566 1629 3692 1669 vero

2117 1676 2418 1753 depositum
2447 1677 2652 1753 scribit.
2678 1677 3097 1753 —-‘_l_ll.ALitt_cris
3124 1684 3301 1753 sancti
3326 1684 3597 1753 pontiﬁcis
3613 1700 3693 1738 re-

2117 1748 2297 1822 creari
2348 1752 2617 1822 pcroplat.
2643 1779 2718 1822 —-_
2735 1747 2824 1822 IV.
2841 1747 3385 1822 Ambitionisculpa'm
3401 1772 3435 1808 α
3471 1747 3525 1809 se
3540 1771 3691 1810 amo-

2122 1819 2276 1893 litur,
2303 1835 2531 1893 eumque
2582 1821 2639 1873 in
2669 1819 2806 1893 διίξνὶ
2833 1819 3411 1893 sitiepiscOporuinque
3442 1826 3692 1880 Orienta-

2125 1890 2265 1945 lium
2292 1890 2535 1945 stullium
2560 1891 2820 1963 refundit.
2856 1890 3134 1947 Gestorum
3182 1890 3697 1951 Chalcedonensium

2121 1963 2464 2087 ciopﬁrma'io
2518 1963 2823 2034 pontiﬁcis:
2872 1964 3187 2020 auctoritati
3239 1973 3515 2023 reservata
3578 1971 3695 2023 tra-

2123 2052 2135 2085 l
2160 2050 2177 2087 2
2208 2050 2291 2087 ur.

2123 2034 2291 2088 ditur.

2054 2137 2438 2217 Sanctissimo
2469 2154 2534 2195 ac
2567 2140 2910 2217 beatissimo
2940 2141 3282 2217 coepiscopo
3328 2159 3488 2217 papas
3519 2145 3699 2203 Leon:

2375 2213 2693 2267 Axa'rouus
2724 2210 2782 2266 in
2815 2210 3063 2269 Domino
3089 2210 3362 2271 salu-teni.

2130 2326 2265 2381 CAP.
2304 2327 2344 2381 l.
2378 2358 2444 2368 —
2479 2327 2662 2383 Omne
2684 2328 2922 2399 quidem
2954 2328 3229 2385 solatium
3251 2348 3494 2403 prorsus
3524 2335 3703 2406 atque

2059 2415 2339 2471 auxilium
2374 2416 2527 2487 quod
2549 2415 2679 2471 vita:
2701 2415 3003 2473 laboriosa:
3020 2418 3295 2491 curisque
3315 2418 3541 2477 vallatis
3554 2422 3703 2479 ratio

2059 2504 2365 2576 ﬂagitaret,
2379 2504 2440 2560 in
2454 2509 2645 2561 vestra
2660 2506 2916 2577 positum
2929 2522 3315 2580 speransesse
3323 2509 3701 2578 beatitudine,

2059 2592 2240 2649 totius
2255 2594 2543 2650 seminam
2567 2593 3292 2653 mihisollicitudinisinde
3304 2598 3516 2655 merito
3534 2597 3706 2656 levio-

2060 2698 2179 2737 rem
2206 2683 2324 2738 fore
2345 2684 2703 2743 credideram
2730 2702 2743 2749 ;
2767 2700 2922 2740 nunc
2942 2701 3074 2740 vero
3097 2687 3325 2743 cunctis
3347 2690 3385 2743 1
3400 2687 3553 2745 παι
3575 2687 3706 2745 aliis

2060 2772 2251 2827 acrior
2272 2788 2365 2828 me
2381 2773 2597 2844 pressit
2616 2772 2897 2840 anxietas,
2929 2790 3102 2846 quam
3123 2776 3199 2846 (ἡ)
3226 2774 3454 2832 diutina
3485 2777 3707 2850 peperit

2060 2864 2263 2916 vestra:
2293 2878 2408 2917 non
2430 2860 2601 2917 solita
2623 2862 2955 2918 sanctitatis
2977 2863 3335 2921 intermissio
3356 2864 3704 2935 litterarum,

2064 2949 2318 3005 maxime
2347 2967 2481 3005 cum
2515 2950 2827 3023 mihi,quaa
2849 2953 3079 3025 scripta:
3102 2958 3298 3009 essent
3325 2971 3358 3010 a
3378 2956 3705 3025 vobisaliis,

2063 3039 3211 3114 ostenderenturepistolze,quae(i)majus
3225 3042 3709 3101 facerentdoloris

304 3128 635 3185 cationibus
649 3131 986 3183 sanctorum
1001 3127 1262 3183 vivorum
1277 3127 1378 3199 qui
1400 3128 1513 3199 ipsi
1537 3128 1804 3185 Ecclesiae
1818 3149 1956 3203 prse-
2065 3132 2471 3200 augmentum,
2491 3128 2589 3199 qui
2614 3129 2981 3199 frequentius
3000 3147 3274 3202 cuperem
3308 3131 3481 3203 potiri
3503 3133 3712 3189 vestris

302 3214 1953 3289 fueruntzquofaciliusbiqui(d)ignoranterﬂuctuaredi-
1985 3208 2028 3274 C
2068 3215 2341 3271 affatibus
2366 3231 2378 3270 :
2404 3219 2470 3270 ut
2501 3215 2602 3271 illa
2620 3216 2785 3272 vobis
2820 3217 3142 3274 obcdiendo
3171 3218 3546 3291 complerem,
3580 3237 3710 3293 qua;

300 3310 537 3373 cuntur,
559 3304 799 3369 veritate
825 3308 1142 3389 comperta,
1169 3303 1363 3375 pravis
1385 3306 1872 3376 persuasionibus
1891 3308 1951 3364 in

302 3411 559 3453 errorem
580 3392 830 3448 ulterius
861 3409 976 3449 non
1017 3393 1441 3449 trabantur.Ne
1474 3398 1669 3449 autem
1690 3397 1956 3453 fraterni-

300 3488 485 3540 tatem
508 3487 673 3537 tuam
697 3481 920 3553 aliquid
945 3482 1286 3554 praeteriret,
1311 3481 1507 3553 qualia
1530 3482 1599 3537 ad
1630 3482 1954 3540 clementis-

301 3573 524 3629 simum
539 3570 947 3644 imperatorem
963 3569 1045 3625 vel
1065 3570 1135 3624 ad
1159 3568 1354 3641 ipsum
1378 3569 1777 3627 Alexandrinae
1793 3574 1956 3630 urbis

300 3659 645 3734 episcopum
671 3658 890 3731 scripta
909 3658 1499 3726 dircxerim,subdita
1529 3658 1665 3716 huic
1695 3660 1955 3732 epistolas

299 3749 569 3821 exempla
597 3746 1030 3804 monstrabunt.

383 3890 463 3962 (α)
478 3888 638 3944 Alias
651 3890 774 3962 102.
793 3890 928 3953 Quae
942 3891 1139 3962 autem
1159 3891 1331 3943 antea
1353 3889 1447 3943 131
1466 3892 1609 3957 erat,
1633 3906 1808 3946 nunc.
1831 3893 1924 3948 161
1942 3937 1955 3950 .

308 3961 548 4018 Scripta
568 3962 637 4015 10
658 3961 828 4016 Mart.
862 3977 957 4014 an.
990 3961 1118 4015 454.

383 4030 465 4106 (ὁ)
478 4033 562 4106 Ex
576 4030 909 4088 Grimanico
939 4030 1135 4086 codice
1163 4030 1379 4086 editam
1398 4047 1532 4086 cum
1549 4031 1959 4106 Ratisponensi

307 4103 651 4160 relegimus.

386 4121 430 4159 ie
476 4121 651 4159 imus.

386 4121 471 4300 (ff
486 4174 666 4256 Epist.
699 4174 822 4230 139.

386 4251 404 4300 (
444 4249 460 4300 l
492 4246 713 4300 Rattsn.
747 4260 822 4300 ou

385 4244 460 4319 (ά)
486 4244 713 4319 Hatisp.
747 4244 966 4319 omittit
994 4246 1334 4319 ignoranlcr.

344 4314 457 4445 eSi)
484 4317 569 4398 Ita
586 4314 879 4373 ex'eodem
894 4314 1139 4388 Ratiqu
1155 4315 1289 4395 utin
1310 4314 1807 4400 duabusepistolis
1820 4337 1961 4392 prm-

422 4388 676 4444 entibus.
708 4385 1053 4445 Ouesnellus
1082 4403 1149 4442 ex
1179 4386 1533 4445 Grimanico.
1563 4405 1641 4443 vn
1674 4389 1814 4445 idus.

306 4385 676 4445 cedentibus.
708 4385 1149 4453 Ouesnellus—ex
1179 4386 1533 4452 Grimanico,
1563 4385 1641 4443 vn
1674 4389 1814 4445 idus.

388 4460 456 4532 (ﬂ
484 4458 644 4515 Alias
674 4464 827 4532 post.
844 4457 1026 4532 epist.
1052 4459 1173 4532 105.
1207 4459 1341 4532 Quis
1399 4464 1593 4532 autem
1637 4466 1823 4532 antea
1857 4461 1962 4517 132

311 4527 466 4596 erat,
500 4546 655 4585 nunc
676 4527 807 4587 162.
836 4527 1067 4601 Scripta
1096 4529 1251 4585 circa
1278 4527 1459 4601 April.
1493 4531 1744 4601 ξιῐιη454.

389 4602 467 4672 (g)
482 4602 579 4657 Est
594 4602 652 4656 in
681 4618 801 4657 una
828 4599 1167 4657 collectione
1188 4601 1250 4655 t6
1271 4599 1961 4672 Thessalonicensi.Con-

306 4671 564 4729 tulimus
581 4687 716 4728 cum
738 4672 866 4728 cod.
892 4672 1125 4737 Barber,
1148 4672 1307 4736 3336,
1328 4687 1396 4726 ex
1426 4688 1540 4742 quo
1557 4671 1719 4727 illam
1738 4674 1961 4730 Holstc-

310 4745 453 4801 nius
476 4743 682 4800 edidit.
714 4746 860 4799 Ante
889 4759 1025 4799 eum
1052 4760 1188 4799 vero
1216 4742 1484 4797 eamdem
1515 4743 1780 4800 ediderat
1804 4744 1964 4802 Alla-

310 4816 440 4871 tius
456 4816 515 4871 in
544 4815 867 4871 Concordia
892 4813 1147 4870 Ecclesia
1162 4813 1457 4868 Occident.
1481 4829 1551 4869 ex
1571 4816 1770 4871 codice
1798 4818 1963 4872 Vati-

313 4903 487 4953 cano,
500 4887 909 4958 quemtrustra
926 4885 1323 4957 quaesivimus.
1344 4885 1541 4950 Quoad
1553 4889 1806 4957 tempus,
1822 4889 1962 4944 dum

316 4959 435 5030 Leo
466 4957 557 5013 die
584 4960 620 5013 8
650 4956 840 5030 Martii
866 4957 1005 5030 anni
1037 4955 1342 5027 praesentis
1372 4956 1739 5030 Iosiscripsit
1758 4960 1962 5030 episto-

306 5029 440 5084 lam
472 5028 1002 5095 128,nondumhas
1027 5042 1175 5097 quas
1206 5027 1575 5097 exspectabat
1597 5027 1670 5083 ab
1699 5027 1965 5086 Anatolio

312 5100 547 5173 litteras
574 5103 909 5173 acceperat;
936 5097 1273 5173 ibidemque
1292 5097 1508 5152 idcirco
1528 5100 1599 5154 ab
1616 5099 1966 5173 imperatore

396 5170 508 5243 tiit,
529 5170 784 5227 efficeret
811 5175 877 5227 ut
895 5170 1049 5226 idem
1073 5170 1391 5243 episcopus
1405 5186 1471 5224 ea
1484 5170 1965 5243 rescribbrotquae

358 5241 415 5298 is
445 5241 660 5299 litteris
691 5244 1087 5299 continentur.
1110 5240 1182 5297 ’ld
1218 5240 1550 5312 Marcianus
1588 5240 1877 5312 praestitit,
1902 5252 1967 5301 ut

314 5313 508 5387 liquet
536 5330 605 5369 ex
623 5315 791 5387 capi
815 5312 1073 5387 epistolas
1097 5311 1417 5387 praesentis.
1436 5312 1547 5387 Leo
1574 5311 1772 5369 autem
1795 5316 1963 5387 epist.

314 5330 508 5383 nque:
536 5330 605 5369 ex
623 5330 791 5386 cap.1
815 5330 845 5370 e
888 5330 1073 5369 lamiae
1097 5330 1417 5385 pressantis.
1436 5330 1545 5368 Leo
1574 5330 1772 5369 autem
1795 5330 1963 5387 epist.

312 5386 443 5456 136,
473 5385 613 5456 data
668 5385 762 5441 die
811 5330 901 5453 28,
938 5384 1094 5450 Maii,
1137 5401 1288 5456 cap.,
1324 5385 1375 5449 1,
1408 5399 1473 5439 se
1532 5382 1685 5439 hanc
1714 5387 1968 5443 Anatolii

314 5454 627 5529 epistolam
683 5472 833 5529 nunc
860 5456 1154 5529 accepisse
1208 5454 1468 5529 testatur
1492 5471 1609 5510 una
1639 5472 1773 5511 cum
1808 5459 1966 5529 ejus—

312 5526 453 5582 dem
483 5527 853 5599 imperatoris
884 5526 1094 5583 litteris
1130 5528 1335 5599 {unde
1358 5526 1621 5596 utrisque
1652 5526 1854 5584 statim
1884 5546 1968 5585 re-

315 5598 558 5672 spondit
576 5598 761 5670 epist.
797 5600 906 5672 135_
927 5603 993 5672 et
1014 5598 1226 5672 -l36.__Ut
1253 5602 1449 5655 autem
1484 5614 1809 5672 congruum
1827 5606 1966 5656 tem-

314 5669 433 5743 pus
466 5669 639 5725 detur
664 5669 1099 5726 transmissioni
1133 5669 1456 5731 litterarum
1487 5686 1553 5725 ac
1575 5669 1967 5743 responsioni,

2062 3303 2272 3359 vestris
2303 3303 2674 3359 omnifariam
2706 3304 3147 3376 perfectissimis
3180 3307 3454 3363 sensibus
3496 3308 3711 3380 placita

2060 3392 2427 3449 videbantur.
2462 3393 2606 3448 Nam
2636 3392 2868 3465 penitus
2898 3394 3052 3450 absit
3081 3399 3146 3448 ut
3174 3394 3258 3450 eis
3283 3410 3389 3469 ego
3412 3412 3706 3469 quaecum-

2065 3498 2177 3552 que
2210 3480 2353 3535 mihi
2389 3481 2634 3536 fuissent
2656 3482 2935 3537 mandata
2964 3499 3066 3554 per
3096 3481 3318 3539 litteras
3350 3485 3704 3543 adversarer.

2065 3569 2212 3633 Quia
2240 3572 2434 3625 tamen
2461 3568 2766 3641 piissimus
2782 3573 2838 3624 et
2859 3569 3705 3648 Christianissimus.princeps,

2067 3658 2167 3730 qui
2206 3657 2657 3713 consultissima:
2690 3675 2809 3713 sua:
2843 3656 3216 3730 providentia
3246 3661 3401 3716 bono
3459 3666 3580 3717 tam
3615 3677 3709 3719 res

2068 3747 2368 3803 universas
2392 3745 2538 3819 regit
2565 3746 2876 3815 humanas,
2897 3762 3072 3818 quam
3096 3747 3467 3823 philosophia
3486 3748 3711 3808 divina-

2068 3889 2218 3945 hanc
2232 3887 2537 3960 epistolam
2551 3886 2797 3960 Anatolii
2810 3893 2944 3960 post
2964 3888 3238 3945 Martium
3259 3894 3316 3946 et
3336 3895 3469 3948 ante
3490 3891 3709 3950 Maium

2069 3959 2387 4037 exaratam,
2413 3976 2515 4037 seu
2543 3959 2694 4037 cifca
2714 3959 2964 4037 Aprilem
2981 3960 3357 4037 collocamus.
3375 3969 3450 4019 Cu
3461 3980 3521 4037 m7
3538 3981 3709 4037 porro

2070 4032 2129 4087 in
2148 4033 2279 4109 lino
2298 4031 2556 4109 dicatur.
2575 4031 2641 4109 Et
2670 4033 2995 4109 subscriptio
3009 4033 3210 4109 litteris
3226 4034 3444 4109 Grtecis,
3466 4031 3560 4109 hic
3576 4054 3711 4109 pro-

2072 4102 2349 4176 culdubio
2378 4103 2674 4176 indicatur
2694 4102 3057 4176 autographa
3086 4104 3274 4176 ipsius
3304 4105 3554 4163 Anatolii
3578 4102 3712 4164 sub-

2071 4174 2437 4299 scri‘ptio,qui
2452 4190 2520 4229 cu
2531 4190 2585 4228 m
2604 4174 2863 4230 Latinam
2878 4174 3224 4247 scripturam
3244 4177 3713 4299 ignoraret,er

2072 4245 2155 4299 cis
2211 4246 2394 4299 ittcris
2422 4262 2567 4299 usus
2596 4249 2703 4299 est.
2730 4245 2873 4299 Hinc
2903 4247 3077 4299 etiam
3107 4247 3257 4299 signi
3306 4254 3488 4299 catur-
3512 4266 3709 4299 exem-

2072 4245 2155 4318 cis
2186 4245 2394 4318 litteris
2422 4262 2567 4318 usus
2596 4249 2703 4318 est.
2730 4245 2873 4301 Hinc
2903 4245 3077 4301 etiam
3107 4245 3488 4318 significatur,
3512 4266 3709 4305 exem-

2073 4316 2237 4388 plum
2252 4316 2695 4388 hujusepistolaa
2714 4318 2783 4372 ad
2797 4318 3048 4388 Leonem
3066 4316 3508 4388 transmissum,
3531 4320 3712 4375 fuisse

2072 4387 2364 4460 Scriptum
2390 4387 2613 4460 Latine,
2644 4392 2702 4443 et
2726 4387 2911 4460 solam
2942 4387 3188 4460 Anatolii
3218 4389 3707 4460 subscriptionem

2070 4457 2325 4530 Graacam
2340 4457 2540 4530 fuisse.
2556 4458 2887 4530 Anatolium
2908 4459 3145 4530 quidem
3159 4458 3352 4514 Graece
3371 4457 3714 4518 lucubrasse

2071 4528 2221 4585 hanc
2257 4528 2584 4600 epistolam,
2618 4529 2769 4584 sicut
2789 4528 2980 4584 Griece
3011 4528 3249 4600 scripsit
3273 4531 3579 4600 epistolam
3617 4534 3709 4590 101

2070 4618 2250 4672 quam
2282 4598 2437 4672 nunc
2460 4601 2718 4672 primum
2739 4598 3714 4672 edidimus,nihildubitandumvié-

2074 4668 2262 4745 detur.
2292 4677 2365 4726 At
2387 4668 2559 4745 sicuti
2582 4668 2922 4745 S.Cyrillus_
2941 4675 3006 4745 ut
3035 4673 3456 4745 promptiorem
3487 4678 3545 4731 et
3573 4675 3713 4733 faci-

2073 4743 2276 4819 liorem
2304 4742 2606 4819 (‘mlestino
2633 4758 2796 4814 papae
2828 4742 3091 4819 redderet
3106 4742 3412 4801 lectionem
3428 4764 3713 4819 quorum-

2072 4817 2209 4871 dam
2243 4815 2752 4891 docume_nt_orum_
2777 4830 2904 4891 qua
2955 4816 3147 4891 Graece
3177 4821 3343 4891 erant
3378 4815 3625 4891 scripta,
3643 4836 3717 4891 ea

2075 4891 2246 4942 antea
2262 4885 2916 4957 Latineinterpretanda
2929 4887 3174 4957 curavit,
3192 4904 3257 4943 ac
3275 4889 3473 4945 Latine
3491 4885 3719 4945 reddita

2075 4959 2147 5013 ad
2180 4958 2452 5039 eumdem
2474 4956 3004 5039 pontiﬁcemmisit,
3020 4960 3718 5039 quemad_m_odu_m_liquet

2075 5045 2144 5085 ex
2175 5027 2418 5101 epistola
2444 5027 2709 5101 ejusdem
2739 5027 3105 5085 octavainter
3133 5030 3410 5101 epistolas
3425 5027 3715 5101 Caelestini

2646 5099 2760 5134 inm
2797 5116 2935 5134 natm
2989 5102 3023 5134 (Ι
3077 5099 3357 5134 ἶῦιι-ηὶῖαηῆ
3416 5099 3638 5134 Άηῃιηιῖ

2074 5098 2229 5172 apud
2266 5099 2325 5153 P.
2358 5099 2762 5154 Constantium
2797 5116 2959 5154 num.
2989 5102 3042 5167 9,
3077 5098 3361 5156 ita‘etiam
3411 5098 3716 5182 Anatolius

2076 5171 2225 5252 hanc
2257 5169 2562 5252 epistolam
2598 5171 2803 5252 absnse
2836 5171 3073 5252 quidem
3104 5174 3624 5252 Grzcc‘e_scri.plam,
3658 5175 3718 5252 at

2077 5243 2278 5299 Latine
2299 5241 2402 5314 per
2423 5241 2568 5314 alios
2589 5241 2899 5314 redditam,
2917 5247 2974 5297 et
2990 5242 3096 5314 abs
3144 5259 3205 5296 se
3253 5241 3481 5314 litteris
3505 5242 3719 5314 Gracis

2076 5310 2369 5387 signatam
2388 5314 2461 5369 ad
2479 5313 2728 5387 Leonem
2750 5311 2993 5387 misisse
3008 5311 3266 5387 videtur;
3289 5311 3441 5366 unde
3462 5310 3557 5387 hic
3572 5311 3719 5387 Lati-

2075 5381 2187 5442 mis
2206 5389 2399 5458 textus
2419 5384 2661 5458 proipso
2678 5382 2951 5457 originali
2968 5381 3217 5438 Anatolii
3231 5398 3407 5438 manu
3429 5383 3721 5458 subscrip-

2075 5463 2135 5513 to
2170 5457 2371 5513 haberi
2405 5457 2594 5513 debet.

2148 5529 2225 5655 ἕζι)
2257 5529 2523 5612 Allatius,
2557 5528 2840 5607 diuturna.

2171 5602 2211 5655 il
2244 5600 2329 5655 lta
2349 5600 2560 5655 melius
2583 5596 2829 5653 Allatlus

2171 5592 2218 5669 i)'
2244 5600 2329 5655 lta
2349 5592 2560 5657 melius
2583 5596 2829 5653 Allatius
2862 5610 3041 5666 quam
3075 5592 3221 5650 alias
3246 5598 3440 5668 magis.

2154 5658 2159 5665 ι
