4130 6168
308 324 476 390 "1097

1640 316 2065 398 EPIS'l‘OL/E‘
2092 334 2407 397 cxxxw.

3556 318 3728 405 ’1098

314 461 911 532 recederes,fraterno
933 465 1128 521 animo
1152 465 1440 537 missis(a)
1462 467 1960 525 litterisadmone-
1997 470 2041 536 Α
2077 468 2439 536 charissima,
2474 474 2580 535 est,
2616 473 2769 543 quod
2802 473 3034 531 dilectio
3066 466 3167 532 tua
3198 474 3592 549 id-profitetur
3611 477 3723 533 sibi

318 550 483 605 rem?
510 551 595 606 Ad
629 566 776 623 quas
807 568 941 608 cum
974 571 1087 610 non
1119 555 1487 623 rescriberes,
1516 557 1638 627 ipse
1663 561 1714 611 te
1737 575 1769 611 a
1795 557 1966 613 collo-

315 638 872 710 quiimeiconsortio
887 645 1191 716 separasti.
1213 644 1762 717 Deniqueindcjam
1788 647 1964 712 tacui,

315 729 419 784 sed
450 728 907 786 clementissimo
939 732 1210 805 principi,
1243 734 1471 789 custodi
1503 734 1637 791 fidei
1678 735 1967 807 frequenti

316 816 640 874 litterarum
676 819 951 891 petitione
982 821 1269 895 suggessi,
1304 826 1369 877 ut
1390 839 1492 894 pro
1525 840 1662 896 pace
1682 824 1966 879 Ecclesia-

317 923 473 974 rum,
507 925 684 980 quam
708 907 812 965 tibi
835 909 1086 966 maxime
1104 912 1380 983 prodesse
1409 914 1615 969 1218
1641 913 1965 986 cognoscis,

319 995 442 1052 hac
473 1013 600 1068 qua
633 1014 789 1052 nunc
819 1015 851 1052 a
880 1003 982 1054 tua
1010 999 1323 1057 dilectione
1376 1002 1530 1056 facta
1578 1006 1717 1057 sunt
1758 1001 1968 1074 imple-

317 1089 540 1141 rentur.
571 1085 674 1141 Cui
704 1086 1027 1143 ineffabiles
1056 1090 1276 1161 gratias
1308 1106 1438 1163 ago,
1461 1090 1616 1162 quod
1640 1091 1966 1146 secundum

317 1174 706 1231 eruditionem
739 1176 994 1247 Spiritus
1021 1178 1229 1245 sancti,
1257 1180 1428 1251 cujus
1460 1184 1550 1235 est
1579 1179 1794 1234 virtute
1845 1178 1965 1252 ple-

318 1263 622 1331 nissimus,
642 1265 984 1321 sacerdotali
997 1266 1074 1338 (b)
1088 1267 1366 1340 dignatur
1378 1269 1611 1323 studere
1624 1268 1964 1334 concordia,

305 1353 508 1410 sciens
530 1353 640 1409 sibi
663 1354 955 1411 orationes
971 1356 1429 1428 supplicantium
1452 1357 1746 1430 copiosius
1768 1356 1965 1429 profu-

302 1446 503 1508 turas,
534 1442 583 1499 si
619 1443 823 1498 famuli
856 1444 1032 1500 unius
1063 1445 1290 1501 Domini
1320 1447 1379 1501 in
1412 1446 1574 1503 nullo
1606 1447 1725 1502 sint
1761 1464 1793 1501 a
1823 1462 1966 1501 vera

318 1530 478 1603 pacis
510 1530 731 1588 unitate
759 1532 949 1589 divisi.

389 1621 522 1676 CAP.
556 1620 624 1675 II.
658 1652 726 1661 -—
756 1620 917 1685 Quod
951 1638 1087 1695 ergo
1120 1622 1177 1677 in
1196 1623 1842 1696 Constantintipolitana
1862 1624 1964 1678 Ec-

317 1708 496 1764 clesia
522 1710 786 1781 quaedam
813 1711 868 1764 in
894 1711 1099 1767 officiis
1120 1712 1458 1767 clericorum
1485 1718 1770 1768 corrrccta
1795 1712 1970 1783 signi-

323 1798 485 1866 ﬁcas,
511 1802 575 1853 ut
600 1803 655 1854 et
673 1798 988 1868 (1:)Aetium
1015 1800 1419 1871 presbyterum
1442 1802 1501 1856 in
1529 1803 1776 1874 gratiam
1802 1807 1962 1857 tuam

318 1886 802 1959 aﬂ'ectionemque
835 1888 1210 1952 revocaveris,
1244 1894 1300 1944 et
1330 1890 1616 1945 Andream
1651 1891 1721 1944 ab
1774 1889 1966 1945 archi-

230 1976 235 1979 ⁷
319 1975 545 2032 diaconi
560 1976 784 2032 actione
806 1976 1368 2044 submoveris,nobis
1381 1978 1669 2049 placuisse
1684 1978 1965 2033 rescribo:

318 2066 457 2137 quia
483 2065 973 2120 existimationem
1002 2070 1184 2131 tuam,
1213 2071 1276 2120 ut
1306 2066 1603 2137 optabam,
1646 2066 1966 2139 plurimum

294 2137 489 2227 Oerigit
509 2159 683 2225 atque
703 2154 1227 2209 commcndatEtm
1246 2155 1391 2209 crito
1407 2160 1538 2226 post
1553 2137 1965 2210 correctionem

316 2241 379 2297 in
394 2239 744 2297 oblivionem
761 2242 1118 2314 perducitur,
1146 2243 1298 2314 quod
1328 2243 1762 2315 reprehensioni
1797 2244 1969 2298 obno-

314 2331 482 2385 xium
512 2330 837 2396 videbatur,
870 2347 1002 2385 cum
1038 2330 1440 2387 hareticorum
1482 2333 1865 2403 provectione,
1912 2337 1966 2387 et

317 2417 749 2490 discipulorum
772 2422 984 2473 sancta
1006 2420 1302 2474 memoria
1324 2419 1579 2474 Flaviani
1603 2418 1817 2490 injuria
1838 2436 1967 2492 gra-

317 2508 560 2573 vareris,
594 2523 720 2578 qua
766 2524 920 2562 nunc
953 2507 1128 2563 simul
1159 2508 1231 2562 ab
1265 2507 1425 2563 omni
1456 2508 1791 2575 offensione,
1834 2526 1967 2564 cum

319 2595 427 2661 tui,
458 2594 689 2650 utvolui
708 2594 877 2650 laude
896 2597 1391 2668 cessaruntzquia
1412 2597 1469 2651 in
1483 2598 1743 2652 ordinem
1770 2615 1964 2665 suum,

302 2688 446 2756 qua
479 2683 706 2739 fuerant
733 2684 984 2751 turbata,
1020 2685 1641 2740 redierunt.Andream
1666 2702 1827 2752 sane,
1865 2686 1965 2757 qui

304 2768 742 2828 rationabiliter
771 2772 1162 2833 archidiaconi
1219 2779 1306 2828 est
1349 2774 1611 2845 privatus
1651 2774 1861 2840 officio,
1913 2780 1969 2830 ct

298 2861 636 2926 ‘Eufratam,
670 2860 765 2933 qui
818 2866 1030 2916 sancta
1086 2863 1378 2917 memoria
1413 2862 1685 2931 Flaviani,
1720 2868 1783 2917 ut
1815 2880 1968 2919 com-

300 2949 458 3022 peri,
487 2950 795 3021 improbus
826 2950 1046 3004 exstitit
1066 2955 1388 3018 accusator,
1422 2951 1471 3005 si
1504 2952 1969 3023 professionibus

317 3038 661 3110 plenissime
675 3038 908 3110 scriptis
924 3055 1037 3093 non
1054 3039 1249 3094 minus
1265 3040 1683 3111 Eutychianam
1698 3041 1774 3112 (ά)
1798 3041 1969 3097 hare-

317 3128 432 3181 sim
471 3143 649 3199 quam
681 3127 1092 3182 Nestorianum
1127 3129 1477 3184 exsecrabile
1504 3130 1717 3201 dogma
1754 3131 1968 3186 conde-

2080 558 2407 628 displicere,
2443 561 2592 629 quod
2628 564 2767 615 tunc
2781 562 2957 618 etiam
2973 565 3198 636 placere
3216 582 3331 621 non
3355 566 3575 622 debuit.
3600 567 3729 621 Suf-

2077 647 2197 701 ticit
2220 647 2274 700 in
2298 649 2497 718 gratia
2532 652 2617 704 n+3
2634 652 2725 704 ἴε)
2742 652 3072 708 communis
3086 669 3418 725 regressum
3443 656 3727 728 professio

2076 738 2406 795 dilectionis
2455 742 2588 804 tua,
2631 744 2687 793 et
2725 740 3017 796 attestatio
3062 742 3344 814 principis
3386 743 3721 800 Christiani.

2080 828 2195 882 Nec
2227 826 2454 881 videtur
2481 827 2649 881 tarda
2677 827 2975 896 correctio,
3010 829 3103 884 cui
3135 833 3255 885 tam
3268 831 3615 887 venerabilis
3634 848 3726 888 as-

2078 920 2267 971 sertor
2298 915 2565 971 accessit.
2593 914 2913 985 Abjiciatur
2942 917 3175 988 penitus
3202 918 3523 975 inconcessi
3550 920 3726 992 juris,

2078 1004 2179 1076 qui
2206 1004 2631 1060 dissensionem
2668 1004 2895 1073 fecerat,
2918 1006 3231 1078 appetitus.
3252 1007 3559 1063 Sufﬁciant
3578 1009 3730 1063 limi-

2078 1096 2185 1161 tes,
2209 1109 2356 1165 quos
2371 1096 2705 1148 sanctorum
2723 1093 2955 1149 Patrum
2970 1094 3486 1166 providentissima
3497 1096 3729 1153 decreta

2078 1185 2427 1253 posuerunt:
2459 1186 2523 1236 ut
2545 1181 2737 1253 quieta
2761 1182 2836 1237 sit
2858 1183 2982 1238 suis
3004 1183 3229 1239 meritis
3252 1188 3308 1240 et
3324 1184 3582 1257 antiquis
3599 1185 3721 1257 pri-

2071 1270 2298 1343 vilegiis
2329 1270 2585 1342 dignitas
2604 1270 2867 1326 omnium
2892 1272 3286 1327 sacerdotum.
3312 1273 3644 1328 Renovetur
3663 1278 3722 1329 et

2078 1363 2311 1414 maneat
2341 1358 2398 1413 in
2424 1362 2479 1414 te
2515 1359 2822 1414 Dominica
2842 1360 3145 1416 charitatis
3168 1361 3414 1431 affectio,
3439 1362 3510 1417 ad
3540 1377 3718 1434 quam

2076 1447 2445 1503 dilectionem
2463 1451 2623 1502 tuam
2640 1448 2852 1520 sapius
2868 1448 3204 1505 cohortatus
3218 1465 3372 1519 sum,
3393 1467 3527 1505 cum
3547 1455 3722 1506 tratre

2078 1540 2135 1590 et
2166 1535 2512 1607 coepiscopo
2546 1540 2744 1591 nostro
2773 1536 3030 1603 Juliano,
3064 1538 3165 1609 qui
3194 1555 3566 1594 communem
3596 1554 3727 1611 gra-

2075 1623 2214 1676 tiam
2233 1639 2463 1694 semper
2479 1623 2695 1695 optavit
2712 1641 2725 1689 ;
2742 1623 2909 1693 cujus
2924 1624 3216 1680 industria
3229 1632 3284 1681 et
3298 1625 3723 1682 sollicitudines

2076 1716 2185 1765 ture
2210 1710 2701 1777 relevabuntur,ei
2729 1711 3171 1767 fidescatholica
3192 1715 3508 1769 munietur.
3538 1716 3725 1787 Super

2077 1799 2272 1855 omnia
2304 1804 2497 1854 autem
2530 1800 2783 1855 fraterna
2813 1799 3095 1856 charitate
3126 1800 3325 1855 hortor
3354 1805 3410 1857 et
3432 1818 3636 1858 moneo
3661 1808 3725 1859 ut

2077 1905 2145 1944 ea
2165 1905 2291 1960 qua
2324 1888 2393 1943 ad
2424 1888 2668 1960 gloriam
2690 1887 2775 1942 vel
2800 1890 2867 1942 ad
2895 1889 3197 1943 munimen
3224 1890 3519 1961 pertinent
3540 1907 3725 1946 sacer-

2077 1976 2289 2031 dotalis
2319 1976 2515 2043 officii,
2548 1976 2910 2031 Nicanorum
2943 1993 3233 2032 canonum
3256 1977 3605 2033 universalis
3624 1979 3725 2033 Ec-

2077 2065 2265 2121 clesia
2300 2081 2501 2137 pacem
2533 2065 2824 2119 servantia
2847 2066 3078 2120 decreta
3108 2067 3426 2122 custodias.
3458 2067 3549 2121 Sic
3568 2067 3723 2123 enim

2075 2154 2226 2208 inter
2246 2153 2475 2208 Domini
2503 2153 2833 2208 sacerdotes
2856 2154 3128 2209 inviolata
3141 2155 3396 2211 charitas
3417 2172 3721 2227 permane-

2077 2243 2181 2311 bit,
2216 2243 2262 2297 si
2297 2242 2535 2313 paribus
2566 2242 2799 2307 studiis,
2833 2258 2960 2313 qua
2992 2247 3132 2297 sunt
3154 2260 3188 2298 a
3208 2242 3428 2299 sanctis
3452 2242 3721 2301 Patribus

2076 2332 2413 2397 constituta,
2439 2335 2720 2385 servetur.
2738 2330 2882 2385 Data
2903 2332 3034 2402 (ριν
3056 2330 3334 2387 kalendas
3355 2332 3537 2401 Junii,
3561 2335 3722 2389 Actio

2074 2425 2130 2476 et
2160 2418 2362 2475 Studio
2391 2419 2532 2474 viris
2564 2418 2905 2474 clarissimis
2937 2418 3297 2475 consulibus.

2457 2534 2581 2589 EPI
2608 2533 2880 2589 STOLA
2912 2534 2985 2605 (g)
3017 2534 3344 2590 CXXXVI.

2432 2624 2511 2695 (ὁ)
2543 2640 2615 2677 AD
2648 2639 2994 2678 MARCIANUM
3025 2639 3360 2679 AUGUSTUM.

2536 2714 2610 2766 Dc
2635 2712 2964 2766 correctione
2986 2712 3248 2766 Anatolii.

2076 2806 2373 2859 Smorsrs.
2406 2833 2474 2841 -—
2508 2802 2549 2855 Ι.
2585 2800 2695 2854 Cur
2724 2800 2973 2854 Anatolio
3002 2800 3236 2855 scribere
3253 2801 3625 2859 intermiscrit.
3650 2833 3719 2844 —-

2148 2874 2214 2927 ll.
2252 2873 2457 2940 Quibus
2485 2871 2886 2927 conditionibus
2901 2871 2992 2924 illi
3012 2871 3411 2927 reconcilietur.
3432 2904 3500 2914 —-
3525 2874 3618 2928 III.
3643 2874 3719 2929 De

2145 2944 2362 2998 Andrea
2390 2944 2457 2996 ab
2478 2942 2929 2996 archidiaconatu
2959 2941 3180 3012 dejeeto,
3221 2950 3275 2997 et
3312 2944 3533 3000 Iuliano
3568 2960 3719 3000 com-

2144 3015 2414 3070 mendato.
2448 3044 2514 3053 --
2548 3014 2633 3068 IV.
2664 3015 2727 3069 Ut
2755 3014 2989 3069 Caresus
3008 3013 3310 3068 manna/tus
3327 3019 3716 3087 compescatur.

2345 3102 2805 3173 Lno'episcopus
2839 3101 3143 3157 MARCIANO
3172 3104 3453 3175 Augusto.

321 3215 839 3287 mnant,quoniam
862 3216 1030 3270 venia
1051 3219 1107 3271 et
1127 3218 1457 3287 praestanda
1475 3218 1773 3284 correctis,
1814 3235 1969 3289 pres-
1997 3204 2039 3271 C
2078 3218 2212 3274 CAP.
2246 3218 2286 3271 Ι.
2317 3248 2382 3257 --
2417 3216 2765 3269 Litterarum
2800 3214 3118 3270 clementia
3168 3220 3372 3271 vestra
3418 3217 3724 3290 multiplex

317 3305 551 3376 byteros
584 3304 989 3359 consecrabis:
1023 3309 1087 3359 ut
1131 3304 1243 3371 sibi
1303 3306 1622 3360 remedium
1677 3306 1971 3361 catholica

318 3392 456 3449 fidei
486 3392 745 3448 sentiant
768 3393 1077 3463 profuisse,
1113 3392 1295 3448 electo
1328 3392 1600 3464 primitus
1626 3398 1683 3449 et
1703 3394 1969 3466 probato,

301 3481 423 3552 'qui
439 3480 829 3535 archidiaconi
847 3481 1106 3536 officium
1124 3480 1647 3552 possitimplere,id
1663 3486 1772 3548 est,
1798 3499 1972 3554 quem

326 3566 493 3624 nulla
517 3585 800 3640 umquam
832 3569 1241 3640 pradictarum
1275 3569 1638 3641 impietatum
1686 3570 1841 3625 fama
1886 3586 1972 3625 re-

323 3658 634 3729 sperserit.
671 3657 870 3713 Cateri
893 3674 1046 3724 vero,
1081 3675 1229 3729 quos
1266 3675 1371 3729 par
1419 3663 1614 3713 reatus
1658 3658 1979 3713 involverat

308 3746 365 3802 si
389 3747 621 3802 veniam
653 3745 846 3801 simili
880 3746 1242 3819 professione
1277 3763 1410 3801 cum
1442 3746 1841 3802 satisfactione
1882 3748 1976 3803 de-

306 3839 577 3907 poscunt,
602 3834 727 3891 suis
742 3835 1050 3891 ordinibus
1072 3836 1493 3890 reformentur:
1530 3835 1624 3890 his
1649 3840 1879 3891 tantum
1902 3837 1971 3892 ad

306 3923 637 3978 officiorum
669 3923 983 3995 primatum
1009 3923 1308 3989 admissis,
1338 3940 1486 3994 quos
1511 3924 1583 3978 ab
1599 3925 1758 3979 omni
1779 3942 1977 3981 errore

312 4011 530 4067 liberos
556 4012 737 4069 fuisse
766 4012 1112 4068 constiterit.

387 4103 523 4158 CAP.
547 4103 634 4156 ΠΙ.
651 4133 714 4141 —
730 4100 897 4156 Illam
914 4106 1105 4157 autem
1126 4100 1387 4173 culpam,
1412 4119 1585 4173 quam
1609 4103 1678 4158 de
1711 4104 1977 4176 augenda

302 4195 630 4263 potestate,
666 4190 853 4245 aliena
875 4191 892 4261 (
902 4194 963 4245 ut
986 4190 1222 4257 asseris)
1249 4190 1651 4247 adhortatione
1673 4196 1977 4248 contraxe-

320 4295 443 4346 ras,
474 4278 768 4333 efficacius
800 4283 975 4351 atque
1005 4277 1290 4334 sincerius
1322 4282 1425 4333 tua
1455 4279 1710 4334 charitas
1760 4279 1975 4336 deluis-

321 4371 437 4433 set,
468 4366 516 4422 si
549 4368 702 4439 quod
734 4368 943 4423 tentari
979 4367 1103 4424 sine
1132 4371 1233 4422 tua
1263 4367 1560 4423 voluntate
1599 4385 1711 4422 non
1767 4369 1974 4440 potuit,

321 4472 445 4511 non
467 4456 537 4511 ad
563 4455 688 4511 sola
719 4455 1059 4512 clericorum
1088 4455 1334 4511 consilia
1369 4455 1796 4511 transtulisses.
1830 4457 1978 4524 Quia

2078 3306 2265 3379 gratia
2295 3305 2489 3359 debita
2520 3321 2553 3357 a
2575 3319 2667 3357 me
2684 3302 3055 3358 veneratione
3080 3308 3354 3375 suscepta
3378 3310 3484 3371 est,
3513 3309 3569 3359 et
3588 3322 3725 3378 gra-

2077 3395 2333 3450 tulanter
2365 3391 2571 3464 agnovi
2604 3408 2783 3462 quam
2815 3390 2970 3461 piam
3002 3408 3203 3447 curam
3227 3392 3568 3448 Christiana
3592 3393 3722 3450 reli-

2080 3483 2290 3556 gionis,
2324 3485 2389 3535 ut
2419 3478 2825 3545 consuevistis,
2860 3479 3064 3534 I280
3092 3480 3356 3536 habeatis
3380 3499 3392 3548 ;
3418 3498 3546 3537 cum
3574 3481 3728 3538 inter

2083 3570 2310 3627 Domini
2342 3568 2669 3624 sacerdotes
2702 3583 2830 3621 eam
2860 3567 3040 3622 vultis
3072 3569 3303 3623 firmare
3333 3571 3727 3639 concordiam,

2082 3676 2207 3732 qua
2237 3664 2293 3713 et
2323 3655 2635 3712 universali
2673 3654 2938 3710 Ecclesia
2962 3660 3019 3711 et
3049 3655 3243 3710 divino
3276 3661 3412 3728 apta
3427 3657 3502 3712 sit
3523 3657 3729 3712 cultui.

2085 3748 2189 3803 Illa
2218 3748 2374 3803 enim
2407 3743 2728 3817 probabilis
2760 3761 2871 3816 pax
2899 3748 2956 3798 et
2987 3744 3239 3799 charitas
3257 3761 3391 3800 vera
3411 3749 3518 3812 est,
3555 3762 3733 3818 quam

2085 3836 2424 3910 plenissime
2438 3834 2644 3889 beatus
2660 3832 2957 3905 apostolus
2979 3833 3256 3905 pradicat
3285 3834 3514 3903 dicens;
3542 3822 3734 3891 Chari-

2084 3936 2165 3983 tas
2194 3926 2259 3981 de
2287 3924 2442 3979 corde
2465 3938 2628 3995 puro,
2679 3926 2728 3977 et
2779 3924 3112 3978 conscientia
3161 3924 3318 3991 bona,
3376 3928 3428 3979 et
3474 3924 3582 3995 ﬁde
3626 3940 3737 3980 non

2084 4015 2247 4087 ﬁcta(
2281 4016 2307 4069 Ι
2335 4015 2467 4068 Tim.
2498 4031 2535 4083 ι,
2558 4015 2633 4083 5).
2670 4012 3014 4083 Obsequens
3048 4012 3245 4083 itaque
3274 4017 3330 4068 et
3360 4013 3609 4069 libenter
3638 4030 3738 4070 as-

2086 4104 2346 4161 sentiens
2369 4103 2587 4157 sanctis
2600 4106 2799 4157 vestra
2825 4100 3055 4172 pietatis
3084 4101 3434 4172 hortatibus,
3462 4104 3658 4158 fratris
3685 4107 3742 4159 et

2085 4192 2409 4265 coepiscopi
2434 4192 2547 4246 mei
2578 4189 2827 4246 Anatolii
2861 4190 3097 4260 scriptis
3119 4191 3434 4262 reciproco,
3453 4196 3517 4245 ut
3542 4191 3738 4259 debui,

2086 4296 2354 4338 sermone
2387 4278 2787 4351 respondi,qui
2821 4279 3209 4333 cessationem
3232 4279 3468 4349 alloquii
3498 4279 3609 4334 mei
3629 4295 3736 4333 suo

2089 4370 2323 4427 silentio
2359 4369 2418 4440 (τ’)
2449 4368 2649 4423 debuit
2680 4369 3000 4438 imputare:
3036 4383 3171 4420 cum
3202 4367 3271 4420 ad
3306 4365 3527 4420 litteras
3550 4382 3732 4433 meas,

2088 4459 2305 4530 quibus
2324 4473 2458 4511 cum
2482 4457 2734 4511 fraterna
2749 4454 3031 4510 charitate
3054 4469 3396 4508 monueram
3420 4456 3529 4507 uta
3548 4468 3739 4524 repre-

322 4544 485 4600 sieut
514 4546 574 4599 in
607 4544 762 4600 mala
788 4545 1061 4601 suasione
1092 4544 1482 4616 delinquitur,
1520 4544 1599 4599 ita
1637 4548 1695 4600 et
1724 4546 1784 4600 in
1825 4545 1982 4602 mala
2009 4564 2058 4630 D
2092 4545 2367 4602 hensibili
2397 4543 2715 4599 ambitione
2745 4542 3092 4605 discederet,
3118 4540 3364 4596 ulterius
3388 4541 3745 4612 respondere

321 4635 400 4707 (ε)
432 4633 811 4691 consensione
842 4638 1135 4707 peccatur.
1161 4633 1272 4689 Sed
1303 4636 1534 4705 gratum
1586 4633 1752 4701 mihi,
1803 4635 1982 4691 frater

399 4859 478 4929 (α)
510 4857 690 4929 Epist.
720 4858 841 4912 106.

428 4876 478 4929 τι)
512 4876 841 4982 aptaque.

428 4932 482 4999 b)
513 4932 557 4983 A
588 4970 624 4995 .,
658 4929 945 5000 dignetur.

426 5006 476 5067 ε)
504 5000 646 5054 Vide
676 4999 797 5054 net.
828 5001 865 5053 5
889 4999 1103 5062 Quesn.

401 5068 995 5151 (d)_Vocem_liéere_sim
1027 5087 1061 5151 a
1087 5068 1398 5151 Quesnello
1430 5069 1707 5151 omissam
1734 5086 1799 5125 ex
1818 5080 1981 5127 ante-

325 5141 588 5198 riOribus
620 5141 812 5204 editis,
847 5146 902 5195 et
926 5141 1141 5196 nostris
1172 5141 1342 5196 codd.
1389 5141 1804 5196 revocavimus.

401 5212 475 5283 (θ)
496 5211 851 5283 Quesnellus
861 5228 928 5267 ex
942 5211 1275 5267 Grimanico
1292 5214 1639 5283 confessione,
1656 5217 1714 5267 et
1735 5212 1795 5267 in
1830 5230 1983 5268 mar-

306 5282 474 5358 gine
496 5284 732 5339 lectioni
753 5282 1038 5358 vulgata,
1066 5282 1434 5358 consensione,
1470 5300 1646 5358 quam
1672 5299 1741 5358 ex
1771 5286 1984 5340 nostris

325 5354 501 5410 codd.
537 5359 595 5410 et
637 5371 705 5410 ex
752 5354 1062 5409 Hincmaro
1111 5354 1501 5424 restituimus,
1554 5354 1740 5408 affixit
1788 5361 1985 5411 notam

327 5426 512 5493 male;
545 5429 908 5481 cumtamen
950 5425 1156 5481 melior
1199 5429 1257 5480 et
1301 5426 1490 5479 verior
1541 5424 1645 5491 sit;
1697 5425 1989 5495 significat

327 5496 489 5565 enim
514 5496 857 5552 clericorum
880 5496 1141 5552 consiliis
1167 5496 1535 5552 consensisse
1554 5497 1988 5565 Anatolium,de

326 5563 458 5639 qu'o
487 5568 599 5623 Leo
630 5568 776 5622 dixit
805 5567 980 5639 paulo
1011 5573 1177 5623 ante:
1207 5567 1355 5635 Quod
1385 5570 1586 5625 tentari
1613 5570 1732 5623 sine
1756 5572 1850 5624 tua
1894 5563 1984 5625 co-

333 5640 554 5696 luntate
576 5654 688 5694 non
716 5641 912 5696 notuit.

414 5710 481 5787 (γ’)
515 5711 654 5772 Cod.

612 5920 617 5925 η
658 5835 924 5905 ΡΑτιιοῑ..
976 5835 1127 5902 LIV.

735 5710 859 5768 arb.
886 5707 1113 5768 collect.
1147 5708 1236 5777 -ΙΙ,
1280 5712 1518 5769 notante
1566 5709 1879 5779 Quesnello
1929 5712 1989 5773 in

2092 4634 2363 4709 neglexit.
2398 4633 2515 4705 Ego
2546 4647 2701 4698 vero,
2736 4630 2835 4702 qui
2859 4629 3014 4701 apud
3036 4628 3201 4683 illum
3223 4628 3400 4698 tacui,
3422 4629 3741 4686 clementia

2095 4854 2379 4928 margine,
2404 4870 2460 4908 1v
2473 4867 2646 4928 nonas
2666 4851 2825 4918 Julii,
2850 4848 3024 4928 male,
3051 4850 3265 4928 quippe
3285 4850 3419 4928 Vat.
3430 4852 3573 4928 _379_t
3589 4854 3746 4925 ejus-

2092 4921 2482 4982 demvcollect.
2520 4926 2607 4978 tt.
2642 4939 2774 4976 cum
2805 4921 3029 4977 cateris
3059 4921 3305 4978 aliarum
3338 4921 3744 4979 collectionum

2094 5015 2264 5061 mss.,
2292 4997 2532 5060 habent,
2569 5012 2626 5049 1v
2658 4993 2764 5048 kal.
2788 4995 2965 5059 Junii,
2994 4994 3315 5065 eademque
3337 4994 3459 5048 dies
3479 4994 3747 5065 signatur

2092 5071 2150 5123 in
2185 5066 2430 5139 epistola
2452 5065 2741 5135 sequenti,
2758 5082 2888 5136 qua
2900 5064 3074 5121 simul
3091 5064 3308 5136 scripta
3325 5069 3384 5119 et
3401 5064 3748 5118 transmissa

2092 5140 2226 5195 fuit.

2167 5211 2242 5281 (g)
2274 5207 2432 5281 Alias
2456 5208 2736 5281 {07.01183
2755 5212 2949 5262 autem
2972 5210 3144 5262 antea
3170 5207 3425 5271 lBGerat,
3448 5219 3602 5258 nunc
3621 5204 3741 5259 168.

2096 5279 2325 5353 Scripta
2356 5280 2426 5333 29
2457 5279 2591 5353 Maii
2627 5296 2698 5353 an
2733 5281 2855 5353 454.

2169 5344 2248 5423 (h)
2279 5352 2439 5406 Hanc
2453 5350 2760 5423 epistolam
2778 5351 3004 5423 primus
3018 5348 3200 5423 edidit
3216 5347 3399 5423 Lucas
3412 5344 3745 5423 Holstenius

2097 5417 2344 5479 ex'mss.
2378 5417 2549 5476 Barb.
2584 5422 2726 5476 3336
2756 5417 2979 5476 collect.
3008 5420 3092 5472 16.
3118 5417 3394 5472 Eamdem
3417 5418 3749 5473 emendavit

2097 5492 2445 5560 Qucsncllus
2476 5510 2543 5548 ex
2574 5492 2759 5548 Grim.
2794 5490 3013 5545 collect.
3050 5491 3137 5542 18.
3169 5487 3285 5542 Nos
3326 5487 3656 5544 invenimus
3686 5489 3746 5546 in

2100 5566 2505 5637 Ratisponensi
2540 5564 2764 5621 collect.
2799 5563 2886 5630 49,
2920 5577 2989 5615 ex
3018 5576 3131 5630 quo
3181 5576 3296 5614 non
3348 5576 3534 5630 pauca
3584 5561 3747 5618 resti-

2096 5640 2341 5695 tuimus.

2172 5707 2241 5787 (i)
2273 5708 2451 5769 Codd.
2480 5708 2650 5767 Barb.
2685 5708 2741 5763 et
2763 5702 2985 5778 Ratisp.
3009 5718 3141 5759 cum
3172 5702 3491 5775 Holstenio,
3545 5708 3744 5783 potuit.

3348 5833 3426 5903 35
