4084 6356
410 364 513 422 38."?
1210 372 1266 425 S.
1307 370 1589 426 JOANNIS
1635 370 2125 428 CIIRYSOSTUMI
2178 372 2490 427 AIICIIIEI‘.
2537 373 3077 433 CONSTANTINOP.

3742 380 3857 433 336

1675 557 1824 631 “931
1900 571 2293 658 ΟΜΙΛΙΛ
2370 568 2561 657 MB’.

855 692 1327 790 Ἐξανασιιίντες
1364 723 1431 777 δὲ
1472 728 1527 778 οἱ
1552 725 1767 794 ἄνδρες
1795 726 2143 797 ἐπέϐλεψαν
2170 731 2269 783 ἐπὶ
2298 731 2620 798 πρόσωπον
2648 730 2926 800 Σοδόμων
2958 730 3054 785 καὶ
3090 732 3415 801 Γομόρῤας.

476 866 547 917 a'.
586 854 894 928 Ἐμάθομεν
924 859 987 910 ἐκ
1016 857 1125 909 τῶν
1154 856 1279 926 χθὲς
1298 857 1747 927 ἀνεγνωσμένων,
1780 860 2073 930 ἀγαπητοὶ,

405 953 504 1023 τὴν
535 952 839 1026 ὑπερϐολὴν
869 952 967 1021 τῆς
995 951 1086 1004 τοῦ
1112 952 1321 1004 δικαίου
1360 950 1660 1020 φιλοξενίας
1680 968 1691 980 ’
1726 953 1857 1024 φέρε
1891 953 1954 1025 δὴ
1986 955 2081 1007 καὶ

404 1048 644 1118 σήμερον
691 1046 759 1099 τά
812 1046 938 1115 ἐξῆς
987 1045 1322 1109 ἐπελθόντες,
1359 1046 1520 1100 πάλιν
1551 1049 1952 1119 καταμάθωμεν
1985 1050 2080 1105 τοῦ

405 1144 741 1214 πατριάρχου
770 1142 831 1195 τὸ
861 1142 1212 1211 φιλόστοργον
1240 1141 1336 1195 καὶ
1362 1144 1661 1211 συμπαθές.
1680 1145 1949 1215 Ἐκάστην
1973 1144 2079 1217 γὰρ

404 1240 511 1293 τῶν
544 1239 751 1312 ἀρετῶν
805 1238 920 1309 μεθ’
943 1238 1248 1309 ὑπερϐολῆς
1280 1240 1307 1291 6
1344 1239 1551 1303 δίκαιος
1602 1235 1753 1304 οὗτος
1798 1241 2078 1312 ἐκέκτητο.

406 1336 539 1389 Οὐδέ
592 1335 701 1406 γάρ
763 1335 922 1406 μόνον
975 1334 1346 1405 φιλόστοργος,
1379 1336 1498 1389 οὐδέ
1546 1335 1819 1405 φιλόξενος
1870 1334 1937 1409 ἦν
1988 1340 2082 1392 καὶ

407 1430 720 1501 συμπαθὴς,
756 1430 891 1483 ἀλλά
939 1430 1032 1482 καὶ
1080 1428 1178 1492 τὰς
1219 1429 1380 1493 ἄλλας
1426 1431 1627 1501 ἀρετάς
1674 1433 1891 1497 ἁπάσας
1944 1435 2082 1504 μετά

403 1525 683 1595 δαψιλείας
718 1526 1077 1577 ἐπεδείκνυτο.
1102 1525 1199 1576 Ἂν
1227 1541 1285 1576 τε
1321 1524 1430 1595 γάρ
1464 1526 1736 1597 ὑπομονήν
1762 1527 1857 1601 δέῃ
1885 1528 2084 1581 ἐπιδεί-

408 1619 625 1686 ξασθαι,
672 1620 925 1691 εὑρήσεις
959 1619 1123 1671 αὐτὸν
1147 1619 1226 1681 εἰς
1258 1619 1427 1690 αὐτὴν
1468 1620 1567 1691 τὴν
1616 1621 1789 1692 ἄκραν
1838 1624 2084 1695 κορυφὴν

406 1716 821 1788 ἀναϐεϐηκότα·
862 1716 928 1769 άν
964 1733 1023 1768 τε
1068 1716 1587 1787 ταπεινοφροσύνην,
1615 1718 1735 1787 ὄψει
1781 1718 1942 1772 πάλιν
1988 1720 2085 1773 καὶ

406 1808 641 1863 ἐνταῦθα
672 1808 850 1862 οὐδενὶ
883 1808 1337 1881 παραχωροῦντα,
1367 1809 1504 1863 ἀλλά
1544 1811 1749 1873 πάντας
1782 1810 2084 1883 ὑπερακον-

405 1905 623 1970 τίζοντα
642 1922 655 1935 ⁸
690 1906 792 1958 κᾶν
822 1904 1002 1957 πίστιν
1030 1903 1398 1969 ἐπιδείξασθαι
1424 1905 1541 1977 δέῃ,
1574 1907 1667 1959 καὶ
1694 1908 1752 1959 ἐν
1782 1906 1958 1978 τούτῳ
1986 1908 2086 1962 πά-

405 2004 490 2059 λιν
518 2002 716 2073 μᾶλλον
747 2001 1101 2073 εὑρεθήσεται
1125 2001 1233 2055 τῶν
1262 2001 1437 2054 ἀλλων
1474 2001 1728 2055 ἀπάντων
1756 2002 2079 2074 εὐδοκιμῶν.

408 2098 672 2168 Καθάπερ
697 2097 803 2169 γὰρ
833 2096 995 2151 εἰκών
1033 2114 1119 2160 τις
1162 2096 1398 2167 ἔμψυχός
1438 2098 1584 2151 ἐστιν
1616 2100 1650 2166 ἡ
1689 2097 1883 2151 τούτου
1911 2098 2079 2170 ψυχὴν

406 2196 476 2248 τά
513 2195 743 2266 διάφορα
787 2192 889 2264 τῆς
934 2193 1136 2262 ἀρετῆς
1165 2192 1430 2263 χρώματα
1460 2193 1518 2246 ἐν
1548 2194 1715 2264 ἐαυτῇ
1741 2194 2079 2251 δεικνύουσα.

408 2293 543 2344 Ποία
590 2287 689 2345 οὖν
728 2291 859 2360 ἡμῖν
886 2289 1238 2341 ὑπολείπεται
1266 2288 1455 2342 λοιπὸν
1494 2289 1781 2358 ἀπολογία,
1809 2291 1935 2344 ὅταν
1965 2292 2085 2357 ἐνὸς

408 2379 695 2459 ἀνθρώπου
735 2386 912 2448 πάσας
952 2385 1050 2449 τὰς
1097 2386 1297 2457 ἀρετὰς
1343 2386 1401 2438 ἐν
1447 2384 1626 2456 ἐαυτῷ
1673 2388 2082 2459 περιφέροντος,

412 2487 569 2556 ἡμεῖς
597 2483 768 2546 οὑτως
802 2483 998 2554 ἔρημοι
1040 2483 1419 2554 τυγχάνωμεν,
1462 2483 1537 2547 ώς
1579 2483 1847 2555 μηδεμίαν
1880 2486 2085 2557 ἀρετὴν

411 2582 693 2654 βούλεσθαι
724 2580 1023 2651 κατορθοῦν
1044 2597 1059 2646 ;
1081 2582 1205 2634 Ὅτι
1227 2580 1335 2650 γάρ
1360 2581 1420 2633 οὐ
1452 2579 1604 2652 παρὰ
1623 2580 1684 2633 τὸ
1707 2581 1784 2652 μὴ
1801 2580 2081 2645 δύνασθαι,

406 2680 543 2734 ἀλλά
571 2677 723 2749 παρὰ
765 2677 827 2732 τδ
866 2677 942 2748 μὴ
982 2676 1266 2747 βούλεσθαι
1296 2676 1496 2748 ἔρημοι
1528 2676 1748 2731 πάντων
1782 2678 1948 2748 ἐσμὲν
1972 2678 2085 2731 τῶν

406 2773 645 2845 ἀγαθῶν,
679 2773 853 2845 σαφής
879 2773 1152 2840 ἀπόδειξις
1178 2773 1238 2826 τὸ
1263 2773 1492 2837 πολλοὺς
1519 2773 1628 2828 τῶν
1653 2774 1932 2844 ὁμογενῶν
1952 2776 2083 2847 ήμῖν

406 2872 583 2943 εὑρεῖν
615 2869 1016 2939 διαλάμποντας
1054 2870 1111 2922 ἐν
1139 2870 1325 2941 ἀρετῇ.
1367 2868 1478 2923 Καὶ
1509 2868 1641 2923 αὐτὸ
1672 2869 1729 2923 δέ
1761 2870 1919 2924 τοῦτο
1933 2884 1983 2935 ιι,
2022 2872 2084 2925 τὸ

404 2966 498 3020 τὸν
525 2964 871 3038 πατριάρχην
893 2966 987 3019 καὶ
1018 2964 1126 3035 πρὸ
1148 2966 1247 3036 τῆς
1271 2965 1513 3035 χάριτος,
1540 2964 1638 3018 καὶ
1666 2966 1774 3037 πρὸ
1801 2967 1894 3020 τοῦ
1922 2968 2085 3040 νόμου

406 3063 688 3133 γεγονότα,
736 3060 948 3115 οἴκοθεν
986 3060 1083 3115 καὶ
1121 3060 1230 3114 ἀπὸ
1273 3060 1373 3131 τῆς
1422 3062 1480 3113 ἐν
1510 3062 1576 3131 τῇ
1622 3060 1783 3130 φύσει
1828 3060 2089 3135 κειμένης

407 3158 661 3229 γνώσεως
685 3157 766 3222 είς
785 3155 1038 3212 τοσοῦτον
1069 3156 1261 3228 μέτρον
1284 3157 1489 3228 ἀρετῆς
1515 3150 1712 3221 ἐλθεῖν,
1742 3158 1921 3230 πάσης
1939 3161 2087 3231 ἡμᾶς

410 3253 710 3322 ἀπολογίας
756 3251 1133 3322 ἀποστερῆσαι
1183 3251 1494 3323 δυνήσεται.
1533 3251 1673 3304 Ἀλλ’
1727 3251 1857 3315 ἴσως
1902 3254 2087 3323 ἐροῦσί

411 3364 579 3415 τινες,
611 3350 691 3402 δτι
720 3346 922 3419 πολλῆς
949 3346 1225 3401 ἀπέλαυσε
1252 3347 1352 3416 τῆς
1384 3345 1536 3418 παρά
1565 3346 1662 3400 τοῦ
1689 3346 1826 3401 Θεοῦ
1852 3348 2086 3420 κηδεμο-

412 3446 532 3510 νίας
559 3447 587 3498 6
615 3445 775 3515 ἀνὴρ,
797 3443 892 3497 καὶ
922 3442 1120 3513 πολλὴν
1148 3442 1461 3506 ἐπεδείξατο
1488 3442 1585 3514 τήν
1615 3444 1741 3515 περὶ
1774 3444 1933 3497 αὐτὸν
1963 3446 2091 3515 πρό-

410 3556 559 3595 νοιαν
590 3542 618 3594 6
643 3539 751 3592 τῶν
793 3538 928 3591 ὅλων
953 3537 1106 3601 Θεός.
1140 3535 1266 3602 Ναὶ,
1298 3537 1545 3608 ὁμολογῶ
1568 3555 1582 3571 ο
1617 3538 1734 3592 ἀλλ’
1761 3541 1809 3591 εἰ
1858 3538 1932 3609 μὴ
1960 3538 2090 3609 πρό-

409 3653 563 3710 τερος
596 3637 662 3691 τά
692 3633 824 3705 παρ’
845 3632 1038 3689 ἑαυτοῦ
1069 3634 1163 3686 καὶ
1193 3633 1355 3696 αὐτὸς
1386 3623 1719 3699 ἐπεδείξατο,
1752 3635 1852 3687 οὐκ
1888 3634 1953 3688 ἂν
1980 3635 2089 3687 τῶν

412 3735 560 3807 παρά
599 3731 692 3787 τοῦ
737 3731 1006 3785 Δεσπότου
1056 3729 1359 3802 ἀπήλαυσε.
1397 3730 1489 3801 Μὴ
1520 3729 1703 3785 τοίνυν
1730 3731 1891 3785 τοῦτο
1930 3732 2090 3802 μόνον

410 3833 532 3903 δρα,
584 3829 721 3884 ἀλλά
769 3827 890 3881 καθ’
914 3826 1144 3880 ’ἑκαστον
1184 3823 1454 3891 ἐξετάζων
1506 3826 1913 3898 καταμάνθανε,
1974 3828 2091 3892 πῶς

412 3927 673 3998 πρότερον
698 3925 795 3995 τῆς
824 3923 1025 3986 οἰκείας
1054 3922 1255 3994 ἀρετῆς
1283 3924 1342 3975 ἐν
1372 3922 1508 3975 πᾶσι
1539 3922 1638 3991 τὴν
1666 3922 1899 3993 βάσανον
1950 3941 2091 3994 παρ-

412 4022 685 4094 εσχηκὼς,
722 4018 895 4082 οὑτως
923 4018 1137 4086 ἠξιοῦτο
1165 4018 1261 4087 τῆς
1293 4018 1443 4087 παρά
1471 4017 1566 4070 τοῦ
1590 4017 1725 4070 Θεοῦ
1752 4018 2089 4089 συμμαχίας.

413 4120 523 4173 Καὶ
551 4117 725 4171 ταῦτα
756 4114 1016 4177 πολλάκις
1042 4112 1170 4184 ὑμῖν
1199 4113 1503 4183 ἐδείξαμεν,
1535 4112 1701 4183 ἡνίκα
1728 4113 1796 4166 τὰ
1830 4114 1972 4167 κατά
1992 4112 2091 4186 τὴν

418 4214 744 4286 μετάστασιν
779 4208 944 4263 αὑτοῦ
976 4207 1074 4276 τὴν
1121 4210 1187 4261 ἐκ
1230 4208 1334 4278 γῆς
1382 4208 1481 4279 τῆς
1524 4207 1783 4279 πατρῴας
1833 4209 2088 4275 ἐποιεῖτο,

414 4310 561 4374 ὅπως
584 4304 705 4362 οὑδέ
724 4306 832 4360 ἀπὸ
854 4305 1132 4375 προγόνων
1154 4304 1444 4375 σπέρματα
1469 4300 1750 4367 εὐσεϐείας
1778 4303 2090 4372 δεξάμενος,

415 4407 624 4462 οἴκοθεν
650 4403 744 4457 καὶ¹
774 4402 904 4472 παρ’
936 4399 1137 4453 ἐαυτοῦ
1171 4398 1305 4451 πολὺ
1336 4397 1399 4451 τὸ
1438 4397 1683 4467 φιλόθεον
1726 4398 2089 4463 ἐπεδείκνυτο,

416 4502 510 4556 καὶ
557 4501 843 4570 ἄνθρωπος
892 4498 1016 4567 ἄρτι
1066 4494 1165 4567 τῆς
1203 4493 1477 4557 Χαλδαίας
1510 4492 1872 4562 μεταναστὰς,
1900 4493 2094 4563 ἀθρόον

415 4588 770 4657 κελευόμενος
818 4581 917 4656 τήν
960 4580 1248 4654 ἀλλοτρίαν
1276 4581 1376 4653 τῆς
1403 4582 1611 4643 οἰκείας
1637 4579 2091 4645 ἀνταλλάξασθαι,

416 4678 517 4730 οὐκ
546 4674 867 4737 ἐνεδοίασεν,
894 4671 995 4724 οὐκ
1018 4668 1362 4733 ἀνεϐάλλετο,
1393 4667 1506 4721 ἀλλ’
1530 4666 1731 4731 εὐθέως
1766 4666 2007 4736 ἐπλήρου
2030 4666 2092 4718 τὸ

417 4760 728 4832 ἐπιταχθὲν,
763 4759 857 4812 καὶ
887 4756 1060 4810 ταῦτα
1087 4753 1186 4810 οὐκ
1218 4754 1373 4817 εἰδὼς
1399 4755 1534 4807 ὃπου
1560 4755 1818 4825 στήσεται
1839 4751 1994 4821 αὐτῷ
2023 4752 2092 4805 τά

416 4851 514 4920 τῆς
561 4846 790 4916 πλάνης,
828 4846 924 4899 καὶ
952 4843 1177 4897 ἔσπευδε
1207 4843 1301 4895 καὶ
1340 4841 1619 4911 ἠπείγετο,
1652 4838 1726 4904 ώς
1758 4841 1849 4893 ἐπὶ
1881 4840 2090 4909 ὡμολο-

420 4936 699 5007 γημένοις.
725 4936 838 4997 τοῖς
872 4931 1110 5001 ἀδήλοις,
1139 4928 1203 4984 τὸ
1225 4929 1319 4982 τοῦ
1353 4929 1488 4982 Θεοῦ
1516 4928 1843 4997 πρόσταγμα
1876 4927 2091 4980 πάντων

420 5017 812 5090 προτιμότερον
851 5013 1171 5083 ἡγούμενος.
1204 5007 1359 5074 Εἶδες
1392 5011 1509 5075 πῶς
1559 5010 1617 5076 ἐξ
1661 5008 1837 5080 ἀρχῆς
1885 5007 1983 5061 καὶ
2026 5008 2093 5061 ἐκ

419 5107 717 5180 προοιμίων
761 5104 831 5157 τά
871 5104 1000 5174 παρ’
1034 5100 1228 5155 ἑαυτοῦ
1261 5100 1537 5172 εἰσέφερε,
1563 5100 1658 5153 καὶ
1686 5098 1775 5151 διὰ
1804 5097 1962 5152 τοῦτο
1998 5096 2092 5149 καὶ

421 5197 489 5249 τά
518 5192 668 5262 παρά
697 5192 790 5244 τοῦ
818 5188 953 5242 Θεοῦ
984 5189 1103 5241 καθ’
1135 5188 1373 5257 ἑκάστην
1394 5184 1702 5257 ἐκαρποῦτο
1731 5185 1869 5255 μετὰ
1894 5182 2093 5251 πολλῆς

422 5278 525 5346 τῆς
564 5275 878 5342 δαψιλείας
926 5270 1083 5343 [424]
1112 5270 1218 5323 Τὸν
1245 5269 1406 5321 αὐτὸν
1434 5268 1501 5340 δὴ
1525 5269 1726 5338 τρόπον
1775 5266 1870 5320 καὶ
1909 5267 2090 5335 ἡμεῖς,

424 5360 721 5428 ἀγαπητοὶ,
748 5358 797 5409 εί
830 5355 1155 5425 βουλοίμεθα
1182 5353 1284 5422 τῆς
1309 5352 1516 5405 ἀνωθεν
1537 5351 1830 5405 ἀπολαύειν
1858 5348 2092 5409 εὐνοίας,

426 5446 763 5516 ζηλώσωμεν
788 5444 881 5496 τὸν
913 5441 1277 5511 πατριάρχην,
1308 5439 1398 5491 καὶ
1447 5437 1519 5507 μή
1563 5434 1922 5504 ἀναδυώμεθα
1958 5433 2093 5516 πρὸς

424 5515 521 5599 τὴν
573 5526 794 5597 ἀρετὴν,
841 5526 954 5579 ἀλλ’
996 5524 1232 5592 ἑκάστην
1275 5520 1659 5584 ἀπολαϐόντες,
1705 5517 1848 5570 οὑτω
1894 5515 2095 5583 ταύτην

432 5615 567 5685 μετά
602 5612 835 5681 σπουδῆς
872 5609 1259 5681 μετερχώμεθα
1280 5651 1293 5672 ,
1326 5607 1401 5669 ώς
1434 5606 1527 5658 τὸν
1560 5604 1860 5673 ἀκοίμητον
1888 5603 2094 5653 ἐκεῖνον

432 5697 701 5766 ὖφθαλμδν
723 5694 1129 5748 ἐπισπάσασθαι
1152 5690 1287 5763 πρὸς
1305 5691 1402 5761 τὴν
1427 5691 1524 5758 τῆς
1550 5688 1783 5756 ἀμοιϐῆς
1803 5685 2091 5739 ἀντίδοσιν.

441 5789 497 5837 'U
542 5784 651 5853 γὰρ
694 5782 761 5835 τά
794 5781 1082 5851 ἀπόρρητα
1108 5782 1209 5848 τῆς
1236 5777 1469 5839 διανοίας
1513 5774 1669 5845 ἡμῶν
1712 5771 2091 5841 ἐπιστάμενος,

490 5894 516 5922 ⁸
542 5889 672 5940 Savil
714 5892 762 5938 ei
789 5888 871 5939 alii
898 5889 973 5936 καὶ
998 5887 1115 5935 αὐτὸ
1138 5886 1225 5948 γὰρ
1248 5884 1407 5932 τοῦτο.

2184 865 2403 918 ἐπειδὰν
2433 864 2516 935 ἴδῃ
2541 866 2667 935 ὑγιῆ
2694 864 2918 937 γνώμην
2949 866 3443 936 ἐπιδεικνυμένους,
3461 864 3555 917 καὶ
3576 864 3712 936 πρὸς
3733 867 3866 929 τοῦς

2182 965 2285 1037 τῆς
2333 968 2534 1039 ἀρετῆς
2588 968 2805 1037 ἀγῶνας
2851 967 3181 1022 ἀποδύεσθαι
3219 964 3640 1029 ἐσπουδακότας,
3676 982 3871 1036 παρα-

2183 1070 2371 1140 χρῆμα
2416 1069 2507 1123 καὶ
2538 1069 2637 1140 τὴν
2674 1071 2804 1141 παρ’
2828 1067 3023 1122 ἐαυτοῦ
3069 1068 3297 1138 παρέχει
3346 1066 3538 1137 ῥοπὴν,
3587 1066 3723 1137 ὁμοῦ
3766 1068 3869 1119 καὶ

2182 1170 2307 1232 τούς
2336 1169 2528 1232 πόνους
2557 1171 2687 1239 ἡμῖν
2716 1169 3101 1238 ἐπικουφίζων,
3126 1169 3217 1220 καὶ
3250 1166 3310 1219 τὸ
3343 1166 3563 1229 ἀσθενὲς
3595 1166 3695 1235 τῆς
3725 1167 3873 1236 ήμε-

2182 1272 2347 1344 τέρας
2392 1270 2604 1341 φύσεως
2638 1271 2995 1342 ἐπιρῥωννὺς,
3038 1268 3132 1321 καὶ
3176 1266 3417 1335 δαψιλεῖς
3464 1267 3563 1328 τὰς
3613 1266 3871 1335 ἀμοιϐὰς

2184 1370 2451 1440 χορηγῶν.
2484 1371 2592 1423 Καὶ
2639 1371 2732 1422 ἐπὶ
2780 1368 2879 1439 μὲν
2920 1369 3027 1421 τῶν
3064 1366 3451 1436 Ὀλυμπιακῶν
3484 1364 3713 1433 ἀγώνοιν
3761 1368 3875 1419 οὐκ

2183 1472 2248 1526 ἄν
2285 1489 2415 1525 ποτε
2464 1473 2643 1543 εὐροις
2694 1490 2746 1524 τι
2794 1471 3033 1525 τοιοῦτον
3074 1470 3391 1541 γινόμενον·
3427 1469 3539 1522 ἀλλ’
3560 1469 3791 1538 ἕστηκεν
3840 1468 3877 1519 6

2184 1571 2556 1643 παιδοτρίϐης,
2578 1571 2774 1642 θεατὴς
2800 1570 2959 1641 μόνον
2980 1570 3259 1640 γινόμενος
3288 1570 3393 1622 τῶν
3419 1568 3872 1636 ἀγωνιζομένων,

2184 1672 2280 1725 καὶ
2310 1672 2461 1725 οὐδὲν
2494 1672 2681 1743 ἕτερον
2719 1673 3145 1739 συνεισενεγκεῖν
3173 1670 3487 1740 δυνάμενος,
3518 1668 3631 1722 ἀλλ’
3654 1668 3872 1737 ἀναμέ-

2184 1790 2291 1825 νων
2321 1772 2420 1843 τὴν
2448 1771 2601 1841 νίκην
2629 1770 2879 1840 γενέσθαι
2904 1787 2918 1801 ·
2949 1771 2977 1822 6
3003 1770 3059 1822 δέ
3089 1770 3366 1839 Δεσπότης
3397 1770 3426 1821 6
3455 1767 3733 1838 ἡμέτερος
3760 1766 3874 1835 οὐχ

2185 1872 2375 1936 οὑτως,
2401 1871 2535 1926 ἀλλά
2579 1873 2672 1925 καὶ
2706 1870 3149 1940 συναγωνίζεται,
3185 1870 3278 1923 καὶ
3322 1871 3479 1939 χεῖρα
3524 1867 3729 1939 ὀρέγει,
3768 1868 3873 1917 καὶ

2187 1969 2606 2039 συνεφάπτεται,
2637 1971 2729 2023 καὶ
2766 1968 3051 2039 μονονουχὶ
3084 1967 3418 2038 πανταχόθεν
3450 1967 3542 2019 τὸν
3569 1965 3875 2019 ἀντίπαλον

2186 2071 2616 2141 ὑποτεταγμένον
2664 2072 2793 2141 ἡμῖν
2843 2068 3200 2140 παραδίδωσι,
3239 2067 3333 2119 καὶ
3366 2066 3544 2120 πάντα
3592 2066 3738 2116 ποιεῖ
3769 2065 3873 2115 καὶ

2189 2169 2656 2239 πραγματεύεται,
2690 2169 2830 2222 ὥστε
2857 2168 3151 2238 δυνηθῆναι
3178 2168 3327 2236 ἡμᾶς
3361 2163 3877 2233 καταγωνίσασθαι,

2189 2269 2284 2322 καὶ
2325 2269 2424 2341 τὴν
2472 2270 2629 2340 νίκην
2676 2269 2932 2342 ἄρασθαι,
2966 2268 3055 2320 ἵνα
3084 2266 3177 2321 τὸν
3209 2265 3573 2337 ἀμαράντινον
3604 2265 3905 2334 στέφανον.

2189 2368 2349 2440 ἐπιθῇ
2378 2372 2445 2440 τῇ
2477 2370 2719 2440 ἡμετέρᾳ
2759 2368 2988 2437 κεφαλῇ.
3028 2358 3337 2435 Στέφανον
3369 2365 3496 2433 γάρ,
3531 2364 3723 2433 φησὶν,
3758 2379 3879 2431 χη-

2182 2468 2365 2537 ρίτων
2392 2468 2536 2537 δέξῃ
2565 2468 2650 2536 σῇ
2685 2466 2939 2536 κορυφῇ.
2970 2467 3080 2521 Καὶ
3115 2468 3173 2519 ἐν
3201 2466 3300 2536 μέν
3326 2466 3438 2529 τοῖς
3473 2464 3879 2534 Ὀλυμπιακοῖς

2188 2567 2396 2631 τούτοις
2432 2568 2637 2636 ἀγῶσιν
2662 2571 2690 2621 6
2720 2568 2980 2636 στέφανος
3016 2565 3152 2637 μετά
3188 2564 3287 2636 τήν
3315 2564 3470 2635 νίκην
3499 2564 3653 2617 οὐδὲν
3679 2563 3879 2634 ἔτερόν

2189 2666 2416 2737 ἐστιν,ἢ
2460 2666 2631 2735 φύλλα
2675 2666 2901 2737 δάφνης,
2941 2665 3037 2719 καὶ
3069 2665 3281 2736 κρότος,
3314 2664 3408 2717 καὶ
3446 2662 3542 2733 βοὴ
3587 2660 3744 2732 παρά
3776 2658 3881 2712 τοῦ

2189 2758 2361 2837 δήμου
2394 2766 2671 2837 γινομένη,
2693 2766 2833 2835 άπερ
2864 2764 3102 2829 ἀπάντα,
3134 2765 3232 2836 τῆς
3262 2764 3500 2833 ἑσπέρας
3526 2760 3879 2815 καταλαϐού-

2194 2882 2313 2936 σης,
2338 2866 2725 2937 κατεμαράνθη
2758 2867 2850 2919 καὶ
2880 2866 3125 2919 ἀπώλετο
3144 2880 3160 2897 ο
3210 2868 3238 2919 6
3279 2866 3334 2918 δέ
3368 2864 3509 2935 ὑπὲρ
3537 2864 3641 2933 τῆς
3665 2864 3883 2934 ἀρετῆς

2192 2965 2287 3019 καὶ
2313 2966 2419 3018 τῶν
2456 2966 2656 3035 ταύτης
2686 2966 2920 3037 ἱδρώτων
2954 2966 3214 3034 στέφανος
3244 2965 3395 3018 οὐδὲν
3440 2962 3703 3034 αἰσθητὸν
3732 2960 3883 3031 ἔχει,

2178 3057 2311 3117 ὀὐδὲ
2338 3066 2398 3119 ἐν
2416 3066 2491 3137 τῷ
2516 3067 2669 3119 αἰῶνι
2688 3066 2863 3138 τούτῳ
2884 3067 3410 3138 συγκαταλυόμενον,
3434 3065 3571 3120 ἀλλά
3589 3062 3880 3135 διηνεκὴς.

2180 3163 2474 3228 ἀθάνατος,
2507 3164 2677 3219 ἅπασι
2709 3166 2822 3227 τοῖς
2862 3165 3019 3218 αἰῶσι
3046 3162 3677 3236 συμπαρεκτεινόμενος.
3708 3159 3824 3212 Καὶ
3856 3160 3888 3211 6

2196 3264 2296 3335 μὲν
2341 3264 2503 3328 πόνος
2546 3266 2683 3336 πρὸς
2711 3266 2899 3337 χρόνον
2937 3265 3165 3336 βραχὺν,
3196 3267 3229 3335 ή
3261 3264 3319 3317 δέ
3348 3263 3489 3333 ὑπὲρ
3530 3262 3643 3314 τῶν
3692 3259 3889 3312 πόνων

2194 3363 2396 3435 ἀμοιϐὴ
2422 3364 2574 3429 τέλος
2616 3365 2714 3419 οὐκ
2760 3361 2921 3429 οἶδεν,
2951 3365 3070 3419 οὐδέ
3104 3365 3239 3418 εἴκει
3268 3364 3346 3434 τῷ
3373 3362 3578 3434 χρόνῳ,
3611 3359 3736 3413 οὐδέ
3766 3376 3885 3428 μα-

2195 3470 2453 3542 ραίνεται.
2481 3472 2591 3525 Καὶ
2622 3472 2707 3524 ἵνα
2744 3471 2972 3541 μάθητε,
3008 3470 3116 3523 ἰδού
3141 3469 3283 3522 πόσα
3316 3467 3411 3537 ἐτη
3440 3462 3747 3534 διελήλυθε,
3782 3463 3889 3513 καὶ

2192 3570 2359 3623 πόσαι
2400 3571 2601 3639 γενεαὶ,
2630 3569 2692 3634 ἐξ
2719 3565 2779 3623 οὑ
2812 3568 3155 3641 πατριάρχης
3199 3561 3351 3629 οὗτος
3396 3565 3619 3633 γέγονε·
3658 3562 3758 3614 καὶ
3802 3562 3888 3623 ὡς

2191 3668 2317 3739 χθὲς
2344 3670 2439 3722 καὶ
2468 3672 2725 3741 σήμερον,
2756 3671 2898 3724 οὑτω
2928 3668 3321 3738 διαλάμπουσιν
3344 3666 3509 3718 αὐτοῦ
3537 3663 3585 3716 οἰ
3608 3661 3753 3731 ὑπὲρ
3776 3661 3890 3729 τῆς

2191 3769 2391 3840 ἀρετῆς
2425 3769 2696 3838 στέφανοι,
2729 3770 2823 3823 καὶ
2859 3768 3021 3838 μέχρι
3052 3766 3153 3833 τῆς
3191 3763 3501 3825 συντελείας
3532 3761 3713 3829 αὐτῆς
3740 3760 3890 3810 πᾶσι

2192 3870 2303 3931 τοῖς
2341 3862 2399 3921 εὖ
2429 3866 2684 3939 φρονοῦσι
2713 3866 3061 3928 διδασκαλίας
3093 3864 3352 3925 ὑπόθεσις
3377 3861 3613 3928 γίνεται.

2265 3968 2331 4037 β’.
2374 3968 2526 4020 Ἐπεὶ
2546 3962 2637 4019 οὖν
2665 3966 2887 4035 τοιαύτη
2909 3965 3001 4017 τοῦ
3025 3961 3235 4016 δικαίου
3273 3960 3466 4013 τούτου
3496 3960 3530 4029 ή
3560 3955 3761 4028 ἀρετὴ,
3804 3955 3891 4016 είς

2193 4067 2351 4137 ζῆλον
2373 4064 2561 4118 τούτου
2587 4064 2973 4135 διεγερθῶμεν,
3004 4064 3097 4116 καὶ
3117 4062 3213 4130 ὀψὲ
3236 4059 3365 4129 γοῦν
3388 4074 3521 4110 ποτε
3542 4056 3645 4127 τὴν
3666 4054 3893 4107 οἰκείαν

2193 4166 2503 4235 ἐπιγνόντες
2535 4165 2830 4232 εὐγένειαν,
2860 4163 2951 4218 τὸν
2979 4163 3322 4234 πατριάρχην
3354 4154 3759 4231 μιμησώμεθα,
3787 4157 3894 4207 καὶ

2193 4265 2400 4318 ἔννοιάν
2425 4281 2544 4317 τινα
2576 4263 2827 4334 λάϐωμεν
2865 4262 2964 4332 τῆς
3009 4259 3279 4331 σωτηρίας
3314 4259 3415 4328 τῆς
3443 4254 3755 4327 ἡμετέρας,
3787 4255 3895 4305 καὶ⁵

2194 4364 2393 4434 πολλὴν
2436 4362 2753 4432 ἐπιμέλειαν
2796 4358 3098 4431 ποιώμεθα,
3145 4357 3285 4410 ὥστε
3321 4357 3397 4428 μὴ
3423 4355 3486 4407 τὸ
3515 4354 3681 4423 σῶμα
3716 4352 3894 4423 μόνον

2195 4463 2474 4529 ὑγιαίνειν,
2509 4461 2647 4515 ἀλλὰ
2672 4462 2766 4515 καὶ
2788 4462 2887 4531 τῆς
2912 4459 3091 4530 ψυχῆς
3114 4456 3184 4510 τά
3205 4456 3438 4525 διάφορα
3463 4452 3597 4523 νοσή
3607 4468 3764 4522 ματα
3802 4452 3892 4503 ἱα-

2193 4562 2572 4634 τρεύειν.Ἐάν
2609 4561 2717 4632 γὰρ
2745 4558 3060 4630 βουλώμεθα
3088 4558 3281 4628 νήφειν
3330 4555 3424 4608 καὶ
3476 4550 3891 4622 ἐγρηγορέναι,

2192 4664 2302 4718 τῶν
2347 4662 2443 4717 τοῦ
2488 4660 2737 4732 σώματος
2780 4658 2966 4711 παθῶν
3023 4655 3389 4724 εὐκολώτερον
3428 4652 3499 4705 τά
3543 4649 3649 4718 τῆς
3698 4649 3895 4719 ψυχῆς

2200 4762 2459 4831 ἰασόμεθα
2487 4763 2786 4831 νοσήματα.
2817 4752 2941 4811 Οἷον
2962 4740 3069 4825 γάρ
3097 4754 3163 4808 ἂν
3190 4752 3381 4822 ἐνοχλῇ
3411 4752 3545 4821 ἡμῖν
3569 4748 3775 4811 πάθος,
3792 4748 3894 4800 ἐὰν

2196 4855 2469 4924 ἐθέλωμεν
2496 4854 2709 4907 εὐσεϐεῖ
2733 4849 2976 4919 λογισμῷ
3003 4850 3059 4901 ἐν
3091 4844 3167 4915 νῷ
3189 4843 3477 4897 ἀναλαϐεῖν
3501 4840 3562 4893 τὸ
3591 4840 3895 4910 κριτήριον

2193 4951 2298 5020 τῆς
2324 4950 2557 5020 φοϐερᾶς
2595 4946 2805 5017 ἐκείνης
2829 4944 3058 5016 ἡμέρας,
3085 4941 3178 4994 καὶ
3209 4939 3285 5009 μὴ
3318 4937 3455 5009 πρὸς
3484 4936 3547 4989 τὸ
3572 4935 3759 5006 παρὸν
3783 4935 3892 5003 ήδὺ

2195 5044 2426 5107 ἀπιδεῖν,
2462 5043 2595 5097 ἀλλά
2617 5042 2713 5111 τὴν
2743 5040 2878 5109 μετά
2903 5038 3075 5090 ταῦτα
3094 5034 3285 5103 ὀδύνην
3314 5030 3682 5101 ἐγγινομένην
3724 5032 3889 5101 ἡμῖν,

2196 5139 2455 5208 παραχρῆ
2465 5155 2538 5207 μα
2562 5137 2931 5205 ἀποπτήσεται
2957 5133 3050 5186 καὶ
3067 5127 3410 5197 ἀποπηδήσει
3427 5126 3458 5165 ι’
3478 5126 3579 5196 τῆς
3599 5126 3780 5196 ήμετέ
3790 5144 3891 5194 ραι,

2195 5233 2393 5303 ψυχῆς.
2419 5233 2508 5301 Μὴ
2533 5231 2709 5285 τοίνυν
2737 5227 3084 5299 ρᾳθυμῶμεν,
3107 5221 3219 5276 ἀλλ’
3242 5222 3443 5283 εἰδότες
3467 5222 3552 5273 ὅτι
3582 5219 3740 5287 ἀγών
3767 5221 3888 5275 ἐστι

2196 5321 2293 5373 καὶ
2320 5318 2689 5387 παλαίσματα,
2723 5317 2849 5368 καὶο
2886 5314 2965 5365 δεῖ
3001 5306 3409 5379 παρατετάχθαι
3462 5305 3603 5376 πρὸς
3636 5306 3745 5374 τὴν
3784 5308 3892 5375 μά-

2196 5422 2319 5476 χην,
2348 5404 2468 5477 καθ’
2490 5405 2721 5472 ἑκάστην
2742 5395 3117 5471 ήμέρανήμῶν
3145 5392 3234 5444 τὸν
3260 5391 3523 5461 λογισμὸν
3555 5392 3892 5461 ἀκμάζοντα

2198 5491 2290 5544 καὶ
2317 5476 2506 5560 νεαρὸν
2528 5489 2758 5559 ἔχωμεν,
2776 5487 2863 5537 ἵνα
2883 5483 2979 5551 τῆς
3001 5478 3203 5533 ἄνωθεν
3229 5476 3554 5547 συμμαχίας
3575 5478 3895 5531 ἀπολαύονο

2194 5594 2308 5640 τες,
2339 5576 2429 5627 τοῦ
2479 5574 2708 5644 πονηροῦ
2759 5569 2945 5622 τούτου
2984 5564 3193 5634 θηρίου,
3229 5561 3384 5633 [425]
3425 5562 3523 5614 τοῦ
3584 5562 3891 5616 ἐπιϐούλου

2196 5663 2340 5731 λέγω
2359 5662 2455 5731 τῆς
2477 5660 2747 5730 σωτηρίας
2769 5657 2866 5721 τῆς
2887 5651 3175 5722 ἡμετέρας,
3192 5648 3289 5719 τήν
3316 5647 3564 5717 κεφαλὴν
3588 5650 3892 5719 συντρῖψαι

2260 5810 2288 5850 b
2310 5811 2457 5858 Sasil.
2490 5815 2541 5857 el
2561 5794 2745 5867 aifqnnl
2760 5818 2884 5872 .mss.
2907 5807 3193 5910 παραχρῆμα
3210 5798 3485 5874 Ίάοίπταται
3516 5798 3602 5846 καὶ
3625 5800 3887 5867 ἀποπηδᾷ,

2265 5874 2288 5901 ε
2312 5872 2623 5910 Γηιιίιιιιριίνιι
2649 5868 2882 5910 mmcula
2901 5878 2928 5910 ρ
2952 5871 3061 5910 LOIS
3087 5898 3097 5910 .
3123 5868 3174 5910 el
3197 5864 3309 5910 δαν.
3336 5861 3575 5910 suppleta
3602 5869 3704 5910 εει,
3742 5865 3885 5910 Επιτ-

2265 5874 2288 5901 ε
2312 5872 2623 5931 Conjuncuva
2646 5861 2882 5929 'particula
2901 5878 2928 5911 ο
2952 5861 3097 5914 Cois}.
3123 5868 3174 5911 el
3197 5861 3309 5911 δαν.
3336 5861 3575 5923 suppleta
3602 5869 3704 5912 est.
3742 5861 3885 5914 limi:
