4084 6356
1295 414 1365 470 ΙΝ
1401 414 1552 470 CAP.
1594 411 1777 469 XVIII.
1819 411 2061 469 GENES.
2103 408 2334 467 IIOMIL.
2375 405 2537 462 XLII.

1441 756 1965 853 HOMILIA
2026 754 2341 847 XLII.

502 1023 632 1080 Cum
671 1021 1023 1077 surrexissent
1055 1026 1235 1075 autem
1259 1018 1381 1083 uiri,
1425 1016 1765 1087 respexerunt
1793 1013 1846 1066 in
1880 1011 2066 1082 faciem
2100 1011 2449 1069 Sodomorum
2485 1015 2535 1060 et
2572 1005 2875 1062 Comorrlm:
2916 1001 3066 1068 (Gen.
3103 1000 3189 1055 18.
3229 998 3339 1068 16).

382 1287 433 1342 l.
468 1284 758 1342 Didicimus
783 1297 847 1338 ex
887 1276 1135 1336 hesterna
1166 1277 1416 1343 lectione,
1446 1272 1732 1339 carissimi,
1773 1270 1886 1325 exi-

309 1382 467 1437 miam
507 1378 632 1447 justi
674 1373 1082 1445 hospitalitatem
1111 1366 1127 1425 ἑ
1154 1384 1251 1441 age
1283 1378 1337 1425 et
1365 1382 1427 1423 ea
1455 1381 1572 1437 quae
1595 1372 1891 1433 sequuntur

310 1478 621 1533 tractantes,
653 1466 811 1521 hodie
831 1465 1100 1521 discamus
1128 1459 1509 1529 benignitatem
1530 1465 1586 1511 et
1603 1455 1889 1510 commise-

311 1561 572 1615 rationem
589 1554 924 1628 patriarchas.
945 1550 1193 1609 PosSedit
1218 1550 1361 1606 enim
1388 1547 1583 1603 eximie
1604 1546 1780 1616 justus
1805 1540 1893 1598 ille

313 1654 539 1709 virtutes
582 1638 809 1706 Omnes.
838 1646 1023 1717 Neque
1068 1644 1211 1699 enim
1258 1648 1460 1697 tantum
1498 1639 1634 1693 bene
1674 1636 1896 1711 allectus

314 1753 436 1800 crat
456 1744 508 1798 in
538 1741 830 1813 proximos,
861 1752 1035 1808 neque
1060 1733 1337 1804 hospitalis
1369 1740 1570 1787 tantum
1598 1739 1651 1784 et
1684 1726 1897 1782 miseri-4

317 1851 463 1903 cors,
508 1833 602 1890 sed
632 1842 688 1888 et
711 1832 845 1887 alias
873 1830 1097 1885 virtutes
1123 1840 1311 1883 omnes
1337 1822 1565 1879 ubertim
1588 1820 1892 1877 exhibebat.

321 1927 454 1983 Nam
494 1926 607 1981 sitre
649 1922 957 1993 patientiam
996 1917 1250 1975 exhibere
1289 1929 1423 1984 opus
1450 1912 1541 1981 sit,
1568 1910 1804 1966 invenies
1830 1908 1897 1964 il-

322 2020 431 2074 lum
462 2018 514 2072 in
536 2029 802 2072 summum
824 2014 962 2069 illius
986 2010 1241 2067 Verticem
1263 2019 1600 2078 progressum
1629 2021 1644 2059 :
1675 2003 1785 2058 sive
1801 2001 1903 2056 huo‘

321 2110 598 2165 utilitatem
622 2106 882 2176 requiras,
911 2102 1119 2159 videbis
1146 2110 1202 2157 et
1230 2101 1283 2156 in
1313 2100 1412 2155 hac
1438 2097 1570 2153 nulli
1599 2095 1901 2164 cedentem,

323 2199 417 2255 sed
439 2213 623 2254 omnes
641 2195 1108 2253 transcendentem
1132 2211 1145 2249 :
1174 2194 1289 2249 sive
1318 2191 1449 2247 fides
1474 2187 1791 2246 declaranda
1809 2187 1900 2255 sit,

324 2292 460 2346 etin
497 2290 598 2345 hoc
644 2304 755 2360 przc
781 2287 1028 2345 omnibus
1070 2286 1186 2341 aliis
1213 2284 1424 2339 laudem
1465 2281 1776 2338 merebitur.
1808 2280 1905 2336 Est

325 2379 466 2436 e't'iim
493 2381 668 2435 anima
698 2379 814 2451 ejus
842 2378 1016 2449 imago
1041 2376 1282 2448 quasdam
1314 2376 1566 2438 animata,
1597 2374 1775 2428 varios
1793 2372 1910 2427 vir-3

329 2478 496 2526 tntum
523 2471 729 2526 colores
746 2470 798 2524 in
819 2483 878 2525 se
905 2470 1203 2525 ostentans.
1235 2466 1364 2535 Quae
1389 2466 1545 2537 igitur
1575 2465 1728 2519 nobis
1755 2473 1906 2534 post-

331 2562 430 2618 hac
457 2563 640 2617 relicta
678 2570 762 2618 est
788 2560 1083 2627 excusatio,
1124 2573 1246 2614 cum
1285 2571 1423 2612 unus
1471 2556 1633 2611 homo
1687 2562 1908 2610 cunctas

329 2653 383 2707 in
411 2666 470 2707 se
498 2652 720 2707 virtutes
748 2650 1038 2721 possideat,
1067 2663 1166 2705 nos
1193 2662 1321 2703 vero
1351 2648 1419 2702 ita
1449 2654 1696 2716 expertes
1723 2660 1906 2701 earum

329 2746 518 2812 simus,
552 2753 611 2800 ut
652 2753 721 2799 ne
769 2758 928 2799 unam
956 2742 1170 2813 quidem
1221 2754 1474 2796 exercere
1518 2736 1710 2809 juvet?
1756 2722 1909 2806 Quod

331 2836 474 2890 e‘uim
519 2849 623 2890 non
663 2834 785 2904 quia
835 2847 942 2888 non
974 2845 1275 2902 possumus,
1308 2828 1403 2885 sed
1431 2830 1550 2900 quia
1582 2829 1849 2894 nolumus,
1878 2828 1910 2883 a

334 2926 490 2981 benis
535 2924 781 2981 omnibus
815 2924 984 2979 simus
1011 2922 1188 2989 alieni,
1224 2921 1354 2978 illud
1385 2921 1669 2977 manifeste
1712 2921 1913 2977 indicat

332 3015 477 3088 quod
498 3016 648 3072 multi
673 3015 910 3086 ejusdem
934 3024 1139 3071 naturai
1168 3015 1413 3070 homines
1439 3014 1774 3070 inveniantur
1799 3014 1910 3069 vir-

334 3108 535 3164 tutibus
573 3107 869 3178 conspicui.
902 3107 967 3162 Et
994 3121 1120 3162 vero
1148 3106 1285 3161 istud
1309 3108 1481 3177 ipsum
1515 3106 1654 3176 quod
1684 3105 1911 3175 patriar-

331 3199 455 3267 cha,
501 3198 593 3270 qui
636 3206 760 3254 ante
806 3199 993 3269 gratiae
1042 3207 1251 3269 tempus
1291 3206 1346 3253 et
1382 3205 1504 3252 ante
1536 3197 1708 3267 legem
1738 3194 1854 3261 fuit,
1883 3211 1914 3251 a

334 3292 513 3360 seipse
535 3296 589 3346 et
611 3304 641 3345 a
669 3287 890 3345 scientia
920 3304 1040 3361 quae
1081 3297 1287 3345 naturae
1312 3289 1469 3344 insita
1497 3298 1601 3356 est,
1628 3289 1680 3343 in
1707 3296 1912 3343 tantum

336 3382 577 3453 pervenit
597 3382 808 3437 virtutis
844 3380 1134 3451 fastigium,
1171 3380 1367 3436 sufficit
1390 3390 1448 3435 ut
1490 3394 1679 3435 omnes
1706 3389 1916 3435 nostras

334 3476 706 3531 excusationes
736 3466 950 3531 refutet.
982 3476 1052 3529 At
1081 3474 1217 3529 forte
1244 3473 1423 3529 dicent
1446 3472 1609 3543 aliqui
1643 3490 1657 3528 :
1691 3472 1784 3528 Vir
1828 3465 1917 3528 ille

336 3552 558 3622 multam
584 3580 615 3620 a
656 3566 766 3621 Deo
790 3565 1014 3637 gratiam
1043 3574 1403 3636 consequutus
1439 3575 1521 3620 est
1552 3606 1568 3629 ,
1600 3574 1655 3620 et
1680 3564 1915 3619 omnium

340 3660 594 3714 Detuinus
617 3658 733 3729 ejus
756 3656 1080 3730 singularem
1108 3658 1290 3714 habuit
1317 3673 1521 3713 curam.
1553 3657 1750 3723 Etiam,
1781 3657 1834 3712 id
1864 3663 1920 3711 et

339 3752 439 3822 ego
464 3751 635 3808 fateor
677 3769 693 3807 :
743 3768 929 3808 verum
973 3752 1077 3808 nisi
1117 3753 1323 3823 primus
1365 3761 1420 3806 et
1449 3752 1563 3822 ipse
1590 3750 1732 3821 quod
1760 3765 1919 3806 suum

338 3852 454 3898 erat
494 3842 725 3910 fecisset,
772 3854 878 3899 non
906 3847 1050 3900 tanta
1090 3857 1121 3898 a
1166 3843 1391 3898 Demino
1429 3842 1767 3898 obtinuisset.
1817 3842 1921 3897 Ea-

340 3936 559 4004 p'ropter
583 3935 691 3989 non
717 3934 818 3989 hoc
843 3934 1017 3990 solum
1044 3934 1273 4004 respice,
1297 3933 1389 3988 scd
1413 3934 1464 3988 in
1491 3948 1809 4004 unoquoque
1839 3932 1922 3989 dio

341 4024 567 4093 ligenter
607 4025 843 4092 attende,
875 4024 1141 4096 quo‘modo
1187 4026 1417 4095 primum
1448 4025 1500 4079 in
1538 4024 1785 4079 omnibus
1810 4023 1920 4078 vir-

340 4117 471 4171 tutis
498 4131 610 4172 sute
629 4118 1053 4188 experimentum
1064 4118 1381 4185 exhibuerit,
1404 4120 1563 4188 atque
1585 4118 1663 4173 sic
1680 4117 1920 4172 divinum

338 4209 597 4264 meruerit
625 4210 948 4280 praesidium.
990 4208 1115 4265 Haec
1154 4224 1297 4280 saepe
1322 4209 1473 4265 vobis
1514 4209 1919 4277 declaravimus,

340 4299 490 4354 illum
532 4314 744 4371 nempe,
772 4301 985 4373 quando
1027 4316 1056 4356 a
1090 4302 1255 4372 patria
1286 4316 1380 4357 sua
1414 4301 1695 4373 ttiigrabat,
1736 4317 1844 4358 non
1891 4318 1920 4354 a

342 4391 769 4461 progenitoribus
805 4390 991 4448 semen
1033 4392 1157 4447 fidei
1203 4391 1497 4462 accepisse,
1549 4391 1643 4447 sed
1683 4398 1713 4447 a
1741 4393 1921 4463 seipso

341 4482 495 4538 valde
528 4482 830 4553 religiosam
849 4492 1008 4554 atque
1037 4485 1177 4553 piam
1215 4485 1451 4540 mentem
1486 4484 1792 4541 exhibuisse
1821 4498 1836 4551 ;
1868 4488 1923 4541 ct

341 4572 616 4629 hominem
645 4573 815 4642 illum,
844 4590 970 4631 cum
993 4582 1164 4645 nuper
1186 4590 1217 4630 a
1236 4570 1487 4632 Chaldrea
1519 4576 1807 4632 translatus
1832 4592 1923 4633 es-

338 4671 440 4727 set,
492 4665 689 4721 iterum
732 4667 910 4723 subito
952 4669 1161 4737 jussum
1195 4666 1303 4722 alio
1328 4670 1570 4739 pergere,
1614 4676 1669 4723 et
1692 4667 1923 4725 alienam‘

340 4757 540 4811 térram
555 4770 666 4812 suae
692 4757 963 4828 prmferre‘,
994 4773 1099 4814 non
1125 4760 1411 4815 ﬂuctuasse
1429 4758 1607 4814 animo
1625 4799 1644 4826 ,
1671 4774 1779 4815 non
1806 4759 1924 4816 diss

340 4846 549 4910 tulisse,
580 4846 675 4903 sed
720 4848 901 4904 statim
926 4849 1181 4919 imperata
1221 4848 1412 4905 fecisse
1434 4889 1451 4916 ,
1482 4849 1639 4919 idque
1679 4852 1802 4906 cum
1831 4866 1927 4906 ne-

338 4930 501 4992 sciret
516 4937 730 4994 ubinam
757 4938 971 4995 errandi
990 4940 1197 4995 futurus
1220 4949 1362 4995 esset
1386 4939 1526 5007 linis,
1548 4950 1601 4996 et
1623 4941 1919 5009 festinasse,

340 5038 396 5086 et
423 5038 755 5099 properasse,
798 5040 856 5087 ut
883 5030 974 5103 qui
1010 5032 1065 5087 in
1095 5032 1158 5087 iis
1182 5048 1299 5103 quae
1327 5034 1483 5104 plane
1512 5034 1711 5088 incerta
1740 5044 1919 5104 erant,

346 5143 616 5206 tamquam
642 5146 787 5191 certa
827 5130 1028 5205 essent,
1058 5138 1365 5193 mandatum
1395 5134 1486 5193 Dei
1510 5120 1758 5192 omnibus
1779 5135 1917 5206 pric-

337 5218 619 5282 fe’rendum
642 5225 880 5283 duceret.

415 5414 659 5475 Facientt'
678 5416 813 5485 quad
836 5416 890 5469 in
917 5411 971 5469 s'e
998 5418 1072 5468 est
1111 5410 1244 5466 Deus
1262 5410 1510 5465 auxilium
1536 5412 1637 5466 non
1662 5422 1827 5480 negat.
1855 5438 1925 5451 —-

347 5512 535 5567 Vidisti
561 5508 832 5580 quomodo
860 5506 928 5561 ab
959 5506 1109 5561 initio
1136 5519 1257 5576 quae
1298 5518 1329 5558 a
1358 5504 1644 5574 semetipso
1671 5498 1823 5559 erant
1849 5503 1926 5559 at-

346 5600 550 5666 tulerit,
576 5604 633 5653 et
652 5600 933 5668 propterea
954 5595 1132 5650 divina
1159 5592 1396 5665 quotidie
1424 5592 1655 5648 ubertim
1678 5592 1923 5662 suscepe-

240 5764 243 5767 η
346 5693 460 5747 rit?
502 5689 710 5746 Eodem
753 5687 936 5753 mede,
972 5684 1173 5754 dilecti,
1200 5685 1363 5742 etiam
1392 5686 1509 5749 nos,
1533 5685 1579 5739 si
1608 5682 1931 5740 Volueriinus

351 5796 581 5853 superna
631 5780 733 5837 frui
774 5780 965 5852 gratia,
1011 5779 1281 5834 imitemur
1328 5777 1705 5850 mtriarCham,
1759 5772 1815 5832 et
1866 5791 1933 5834 ne

352 5872 671 5932 cunctentur
723 5861 873 5931 obire
923 5872 1197 5940 virtutem,
1244 5871 1337 5929 scd
1385 5885 1809 5948 unamquamque
1865 5871 1933 5925 ita

1991 1284 2357 1336 exerceamus,
2387 1280 2444 1325 ut
2470 1270 2681 1325 oculum
2709 1274 2874 1337 Illum,
2902 1268 2992 1341 qui
3019 1273 3181 1341 sopiri
3207 1274 3397 1339 nescit,
3439 1291 3593 1339 θυεμ,

1992 1359 2233 1413 ciliemus
2258 1358 2411 1415 nobis
2437 1359 2503 1415 ad
2532 1356 2835 1415 mercedem
2857 1361 3209 1417 tribuendam.
3243 1363 3455 1419 Etenim
3483 1368 3572 1433 qui

1991 1450 2094 1504 scit
2120 1464 2315 1505 arcana
2364 1453 2560 1506 montis
2601 1462 2817 1517 nostrae,
2844 1452 2969 1507 eum
2999 1453 3189 1509 viderit
3213 1468 3398 1510 sanam
3424 1472 3575 1511 meu-

1994 1548 2103 1595 tem
2149 1550 2407 1609 nostram,
2439 1550 2494 1598 et
2521 1558 2619 1598 nos
2648 1544 2835 1623 conari
2859 1553 2914 1599 et
2952 1530 3079 1600 eniti
3110 1547 3174 1600 ad
3217 1547 3427 1623 virtutis
3452 1563 3575 1603 cer-

1996 1636 2213 1704 tamina,
2239 1637 2419 1694 statim
2441 1637 2889 1693 nutuetsnbsidio
2914 1653 3011 1694 suo
3036 1654 3135 1716 nos
3157 1639 3392 1710 adjuvat,
3417 1642 3575 1697 simul

1994 1738 2049 1785 et
2088 1730 2299 1786 labores
2328 1738 2538 1786 nostros
2566 1724 2921 1799 imminueris,
2962 1742 3014 1787 et
3042 1731 3305 1789 infirmam
3335 1744 3577 1789 naturam

1997 1832 2234 1876 nostram
2264 1821 2542 1888 roborans,
2578 1823 2877 1892 uberesque
2922 1823 3300 1880 retributiones
3325 1826 3579 1896 suppedi-

1999 1922 2141 1969 tans.
2172 1900 2312 1970 Sane
2344 1908 2397 1969 in
2416 1910 2711 1995 Olympicis
2736 1915 3112 1971 certaminibus
3134 1918 3440 1988 neutiquam
3459 1919 3579 1988 quis

2000 2007 2103 2062 tale
2124 2006 2250 2078 quid
2282 2002 2517 2063 inveniet
2545 2024 2559 2061 :
2590 2006 2685 2062 sed
2710 1996 2815 2063 stat
2841 2008 3155 2078 pmdotriba,
3190 2010 3352 2082 fitquc
3374 2024 3581 2082 specta-

2002 2108 2084 2153 tor
2106 2094 2313 2154 tantum
2340 2099 2677 2164 certantium,
2707 2114 2880 2169 neque
2909 2100 2964 2155 in
3009 2102 3114 2156 ulla
3141 2116 3200 2157 re
3226 2112 3395 2173 potest
3426 2105 3581 2169 adiu-

2001 2204 2147 2255 vare,
2177 2189 2270 2244 sed
2302 2184 2580 2261 exspectat
2624 2189 2797 2246 donec
2839 2191 3059 2268 victoria
3101 2193 3442 2250 declaretur:
3472 2196 3582 2250 Du-

2003 2282 2177 2337 min‘us
2221 2278 2401 2339 autem
2444 2292 2629 2340 noster
2665 2299 2771 2339 non
2816 2285 2910 2353 ita,
2960 2285 3055 2340 sed
3102 2286 3257 2341 simul
3307 2288 3583 2344 uobiscum

2002 2383 2191 2443 certat,
2232 2384 2288 2455 et
2334 2391 2549 2431 manum
2590 2378 2831 2449 porrigit,
2863 2387 2917 2433 et
2952 2377 3111 2433 simul
3140 2380 3501 2451 congreditur,
3533 2393 3587 2436 et

2003 2467 2153 2537 quasi
2177 2466 2413 2537 undique
2436 2468 2655 2523 enititur
2681 2477 2739 2523 ut
2771 2467 3134 2525 adversarium
3157 2481 3399 2527 nostrum
3429 2473 3582 2527 nobis

2008 2557 2203 2636 tradat,
2231 2558 2467 2629 nihilque
2508 2573 2616 2613 non
2659 2559 2789 2629 agit,
2836 2569 3082 2632 satagens
3114 2561 3248 2617 utin
3299 2564 3589 2619 certamine

2010 2650 2407 2718 prtevaleamus,
2432 2660 2487 2705 et
2510 2651 2805 2717 vincamus,
2832 2666 2939 2722 quo
2963 2653 3123 2722 capiti
3164 2664 3348 2710 nostro
3369 2656 3586 2711 inrmar.

2008 2742 2309 2797 cescibilem
2337 2743 2575 2812 imponat
2611 2757 2886 2798 coronam.
2918 2743 3169 2799 Coronam
3198 2747 3362 2812 enim,
3399 2747 3590 2817 inquit,

2010 2833 2288 2904 gratiarum
2326 2833 2546 2904 accipies
2589 2833 2642 2887 in
2677 2834 2844 2904 capite
2870 2843 2957 2891 tuo
2986 2832 3170 2907 (Prov.
3203 2835 3253 2891 Ι.
3286 2835 3362 2900 9).
3394 2818 3509 2892 Iani
3540 2840 3592 2894 in

2013 2924 2118 2979 illis
2165 2923 2459 2996 Olympicis
2499 2919 2886 2981 certaminibus
2920 2930 3115 2983 corona
3162 2936 3283 2998 post
3315 2929 3592 2985 vietoriam

2013 3016 2143 3071 nihil
2184 3016 2325 3071 aliud
2364 3026 2466 3084 est,
2497 3032 2659 3089 quam
2687 3018 2811 3073 folia
2840 3019 2998 3085 lauri,
3027 3034 3185 3090 quam
3223 3020 3513 3090 applausus
3540 3035 3596 3078 et

2012 3109 2327 3166 acclamatio
2352 3110 2518 3181 vulgi,
2541 3126 2661 3182 quas
2690 3106 2869 3167 omnia
2896 3120 3180 3183 appetente
3207 3118 3427 3184 vespera
3455 3131 3596 3172 mar-

2013 3210 2232 3256 cescunt
2255 3210 2307 3257 et
2336 3210 2559 3271 pereunt
2582 3219 2597 3259 :
2627 3211 2682 3257 at
2705 3217 2902 3259 corona
2928 3218 3047 3274 quae
3069 3217 3163 3272 pro
3186 3203 3448 3262 virtutect
3476 3206 3595 3276 ejus

2015 3290 2298 3348 sudoribus
2327 3293 2502 3360 datur,
2540 3292 2671 3348 nihil
2715 3292 2876 3349 habet
2908 3293 3185 3361 sensibile,
3212 3307 3387 3366 neque
3414 3298 3466 3353 in
3498 3297 3599 3360 hoc

2015 3380 2211 3437 sateulo
2241 3382 2518 3438 nobiscum
2545 3383 2879 3450 dissolvitur,
2909 3385 3004 3440 sed
3034 3396 3286 3456 perpetua
3314 3398 3396 3442 est
3423 3398 3479 3444 et
3500 3389 3601 3444 im-

2016 3466 2279 3541 mortalis,
2322 3470 2619 3528 eittendens
2656 3489 2714 3529 se
2766 3476 2818 3529 in
2867 3475 3046 3531 omnia
3096 3477 3312 3532 srccula.
3359 3479 3424 3533 Et
3452 3478 3601 3536 labor

2018 3565 2231 3635 quidem
2272 3576 2354 3621 est
2391 3567 2539 3636 parvi
2568 3569 2825 3638 temporis
2853 3583 2869 3633 ;
2897 3570 3106 3625 merces
3134 3578 3310 3626 autem
3361 3572 3601 3628 laborum

2020 3654 2178 3711 finem
2222 3672 2327 3711 non
2354 3655 2534 3723 habet,
2574 3672 2747 3728 neque
2776 3652 2918 3713 cedit
2948 3660 3193 3729 tempori,
3242 3676 3412 3731 neque
3455 3679 3601 3718 mar-

2019 3750 2203 3806 cescit.
2234 3749 2302 3805 Et
2342 3759 2400 3805 ut
2427 3750 2667 3816 discatis,
2714 3765 2841 3806 ecce
2883 3761 3013 3821 quot
3050 3752 3175 3806 anni
3209 3756 3599 3822 przcterierunt,

2019 3841 2557 3912 quotgenerationes,
2581 3855 2612 3895 a
2638 3856 2744 3911 quo
2770 3841 3064 3909 patriarcha
3097 3842 3183 3897 hic
3214 3843 3266 3898 in
3298 3844 3431 3898 vivis
3459 3844 3557 3900 fuit
3586 3865 3599 3900 :

2020 3940 2076 3986 et
2097 3931 2234 3985 sicut
2250 3928 2367 3985 heri
2390 3938 2445 3986 et
2473 3929 2652 3995 hodie,
2679 3930 2750 3985 ita
2773 3930 2975 4001 fulgent
3010 3931 3127 4001 ejus
3155 3948 3250 4002 pro
3282 3934 3473 3989 virtute
3499 3950 3598 3990 co-

2022 4037 2191 4089 ronae,
2223 4029 2278 4077 et
2305 4035 2473 4092 usque
2498 4020 2565 4076 ad
2603 4023 3118 4078 consummationem
3144 4024 3323 4079 saeculi
3357 4026 3602 4083 omnibus

2021 4117 2112 4187 qui
2157 4124 2302 4171 recte
2351 4114 2589 4185 sapiunt,
2619 4123 2986 4186 argumentum
3017 4120 3100 4172 e'st
3141 4118 3403 4173 sermonis
3431 4129 3484 4174 ct
3508 4120 3603 4173 do—

2022 4206 2228 4262 clrintn.

2093 4298 2149 4353 2.
2178 4297 2408 4353 Facilius
2431 4298 2689 4352 medemur
2710 4297 2895 4353 animo:
2917 4337 2932 4363 ,
2963 4314 3116 4368 quam
3141 4301 3367 4370 corporis
3393 4303 3600 4359 morbis.

2024 4421 2094 4433 —
2122 4383 2353 4447 Proinde
2367 4390 2490 4461 quia
2520 4390 2643 4445 talis
2664 4398 2747 4446 est
2774 4390 2944 4445 virtus
2966 4390 3119 4461 justi,
3150 4392 3216 4447 ad
3247 4393 3606 4449 temulandum

2026 4482 2177 4538 illum
2224 4482 2678 4563 expergisCamur,
2726 4488 2782 4536 et
2817 4481 2900 4536 vel
2943 4482 3326 4539 serotandem
3372 4492 3607 4541 [nostran

2027 4573 2385 4646 agnoscentes
2428 4572 2782 4639 nobilitatem,
2823 4570 3176 4643 patriarcham
3238 4574 3525 4641 imitemur,
3557 4592 3609 4630 ιι

2024 4668 2094 4723 de
2122 4667 2292 4723 salute
2321 4671 2504 4721 nostra
2543 4665 2861 4735 cogitemus,
2893 4666 3060 4720 multa
3107 4665 3341 4721 adhibita
3384 4668 3606 4738 diligen-

2028 4759 2123 4825 tia,
2154 4766 2213 4813 ut
2239 4771 2345 4812 non
2375 4755 2547 4811 solum
2576 4768 2772 4826 corpus
2800 4770 2989 4811 sanum
3014 4756 3103 4822 sit,
3131 4756 3226 4812 sed
3249 4766 3303 4812 et
3328 4768 3385 4812 ut
3407 4758 3603 4814 divcusi

2027 4852 2219 4907 animae
2237 4849 2408 4907 morbi
2434 4856 2704 4905 curentur.
2742 4846 2875 4902 Nam
2897 4846 2942 4902 si
2964 4845 3287 4902 voluerimus
3299 4848 3466 4904 sobrii
3493 4865 3613 4905 esse

2027 4959 2091 5000 ac
2105 4944 2307 5014 vigiles,
2325 4941 2533 4997 facilius
2547 4940 2765 4996 morbos
2783 4939 2973 4993 anima:
2990 4952 3149 5010 quam
3169 4940 3411 5010 corporis
3424 4956 3608 4995 emcn-

2026 5034 2293 5091 dahimus.
2343 5020 2476 5088 Nam
2503 5032 2713 5102 quoties
2744 5043 2844 5085 nos
2868 5028 3082 5085 affectio
3110 5030 3372 5100 quaepiam
3402 5040 3615 5099 pertur-

2029 5130 2141 5194 bat,
2172 5127 2218 5183 si
2244 5120 2570 5181 voluerimus
2610 5125 2694 5195 pia
2744 5123 3098 5193 religiosaque
3138 5131 3317 5178 mente
3370 5123 3610 5192 cogitare

2024 5219 2281 5291 judicium
2310 5217 2414 5273 diei
2463 5212 2606 5272 illius
2640 5214 2912 5281 terribilis,
2955 5224 3010 5270 et
3051 5227 3156 5269 non
3192 5212 3259 5269 ad
3286 5221 3606 5284 praesentem

2029 5312 2357 5383 voluptatem
2390 5316 2655 5380 spectare,
2705 5304 2798 5363 sed
2840 5305 2907 5362 ad
2930 5306 3196 5361 cruciatus
3229 5320 3368 5377 quos
3398 5316 3616 5378 propter

2032 5404 2181 5459 illam
2201 5399 2451 5463 feremus,
2480 5401 2658 5455 statim
2687 5398 2757 5454 ab
2776 5398 2951 5454 anima
2979 5405 3162 5453 nostra
3191 5398 3393 5453 resiliat
3411 5407 3466 5454 et
3481 5413 3616 5457 avoc

2031 5484 2180 5549 lahit.
2224 5492 2519 5562 EaprOpte'r
2548 5505 2616 5545 ne
2658 5488 2839 5544 simus
2855 5488 3209 5558 negligentes,
3244 5489 3340 5544 sed
3384 5490 3617 5547 scientes

2031 5588 2257 5654 agonem
2284 5596 2404 5638 esse
2443 5582 2500 5637 et
2526 5588 2822 5645 certamen,
2850 5588 2910 5633 ut
2942 5578 3003 5633 in
3031 5577 3216 5648 praslio
3243 5577 3488 5636 hostibus
3516 5595 3617 5636 nos

2031 5677 2346 5747 objiciamus
2387 5682 2637 5745 oportet,
2666 5671 2905 5744 quotidie
2945 5680 3255 5739 renovetur,
3288 5686 3351 5727 ac
3376 5673 3614 5745 vigorem

2028 5769 2317 5842 juvenilem
2361 5769 2584 5827 recipiat
2614 5768 2825 5822 animus
2866 5774 3068 5831 noster,
3115 5776 3175 5822 ut
3216 5782 3451 5838 superno
3493 5766 3617 5823 freti

2038 5860 2305 5933 praesidio,
2336 5860 2488 5916 mala:
2517 5858 2674 5929 hujus
2704 5858 2909 5926 nestiar,
2934 5856 3262 5914 insidiatoris
3287 5859 3408 5915 dico
3428 5857 3618 5915 salutis
