4084 6356
451 332 551 388 387

453 462 668 516 unstra‘,
694 450 1065 521 capnt'tstatim
1103 458 1383 505 conterere
1422 450 1710 505 valeamus.
1740 450 1856 520 Ipse
1882 450 2025 505 enim

456 542 715 595 Dominus
742 540 895 594 nobis
919 540 1181 610 promisit,
1204 537 1390 593 dicens
1419 555 1432 593 :
1467 540 1594 594 Ecce
1630 540 1743 593 dedi
1770 541 1907 595 vobis
1933 556 2028 610 po-

451 643 673 685 testatem
698 630 930 685 calcandi
950 647 1102 701 super
1129 641 1382 701 serpentes
1402 642 1448 685 et
1475 632 1781 702 scorpiones,
1811 640 1859 685 et
1878 649 2033 701 super

450 740 645 777 munem
673 724 903 777 virtutem
932 723 1125 777 inimici
1154 723 1304 792 (Luc.
1339 724 1426 779 10.
1460 724 1573 794 l9).
1605 724 1890 796 Vigilemus
1929 724 2029 795 igi-

450 826 555 879 tur,
584 815 830 875 obsecro,
865 824 921 869 ut
957 815 1179 885 vestigia
1205 816 1361 885 hujus
1402 816 1714 884 patriarcha:
1744 826 2033 887 sequentes

447 908 512 959 ad
561 906 809 961 virtutem
848 907 1205 962 exercendam
1240 949 1256 973 ,
1300 908 1514 962 easdem
1559 923 1788 963 coronas
1836 908 2032 963 mereri

448 999 733 1067 possimus,
758 1009 813 1054 et
839 998 903 1054 ad
928 999 1046 1069 ejus
1083 1001 1232 1055 sinus
1270 1000 1567 1070 pervenire,
1600 1010 1652 1055 et
1676 1001 1911 1071 ell’ugere
1941 1017 2032 1070 ge-

447 1090 639 1144 hennae
672 1105 906 1160 pinnam,
932 1101 987 1147 et
1029 1093 1246 1161 assequi
1296 1093 1432 1146 bona
1464 1092 1549 1147 illa
1583 1093 1883 1148 inetl'abilia.
1920 1092 2028 1148 Vc-

446 1198 563 1236 rum
592 1192 648 1237 ut
685 1183 914 1253 amplior
959 1183 1049 1238 ﬁat
1090 1192 1268 1238 vestra
1317 1184 1607 1250 aemulatio,
1647 1194 1702 1239 et
1748 1187 1916 1256 magis
1960 1186 2029 1240 ad

446 1275 758 1330 imitandum
790 1276 929 1330 hunc
944 1275 1143 1346 justum
1166 1289 1261 1330 vos
1289 1291 1644 1346 provocemus
1674 1294 1687 1331 :
1711 1292 1812 1348 age
1837 1279 2027 1333 iterum

442 1384 503 1424 es
531 1370 751 1425 historia
772 1371 911 1425 illius
930 1385 1053 1425 eum
1071 1380 1248 1426 vestra
1276 1371 1498 1425 caritate
1527 1371 1917 1441 colloquentes,
1941 1388 2026 1426 see

442 1464 657 1533 quentia
692 1463 1082 1535 aggrediamur.
1118 1462 1277 1533 Igitur
1308 1471 1425 1532 post
1456 1463 1652 1533 largam
1676 1463 1819 1517 illam
1846 1462 2031 1534 hospi-

444 1556 723 1621 talitatem,
756 1572 915 1626 quam
943 1556 1214 1619 exercuit,
1247 1570 1351 1610 non
1387 1556 1588 1610 lautitia
1611 1556 1693 1611 vel
1725 1556 2030 1627 multiplici-

444 1656 553 1703 tate
578 1647 898 1703 ferculorum
924 1689 940 1714 ,
972 1647 1067 1702 sed
1094 1644 1368 1702 alacritate
1394 1657 1447 1701 et
1490 1647 1806 1703 liberalitate
1833 1648 2027 1702 mentis

440 1739 777 1805 aestimatam,
810 1738 987 1793 statim
1015 1738 1386 1809 hospitalitatis
1416 1738 1716 1793 mercedem
1743 1738 1972 1794 obtinuit
2007 1757 2021 1793 :

441 1839 495 1885 et
521 1830 705 1885 didicit
729 1830 971 1900 quisnam
1004 1844 1239 1900 prazsens
1285 1830 1373 1884 ille
1399 1840 1572 1893 esset,
1598 1839 1651 1883 ct
1674 1839 1870 1901 quanta
1910 1830 2027 1899 ejus

442 1923 631 1977 virtus.
664 1922 915 1977 Abituros
945 1921 1087 1976 illinc
1113 1920 1181 1975 ad
1210 1920 1563 1976 subvertenda
1597 1920 1826 1974 Sodoma
1850 1922 2029 1991 sequi-

442 2022 525 2067 tur
549 2014 886 2085 patriarcha,
916 2022 973 2068 et
1014 2012 1233 2067 honoris
1272 2027 1429 2067 causa
1469 2012 1787 2074 comitatur.
1833 2013 2023 2082 inquit.

444 2103 572 2159 Vide
603 2104 810 2158 Domini
830 2104 1166 2158 clementiam
1194 2111 1249 2156 et
1277 2112 1474 2172 quanta
1506 2102 2022 2173 benignitateindul-

440 2201 720 2268 gentiaque
742 2212 887 2261 usus,
920 2196 1076 2251 simul
1093 2195 1237 2263 justo
1261 2194 1517 2249 honorem
1551 2195 1825 2265 impendit,
1846 2207 1898 2251 ct
1915 2196 2024 2250 vir-

441 2299 604 2344 tutem
636 2289 689 2344 in
726 2289 901 2343 anima
941 2289 1058 2358 ejus
1098 2288 1349 2342 latentem
1388 2288 1640 2358 dett-gere
1692 2289 1873 2344 voluit.
1932 2291 2018 2345 lli.

439 2383 565 2438 Cum
591 2383 1123 2444 surrexissentantem,
1156 2381 1345 2449 inquit,
1375 2382 1493 2448 viri,
1522 2393 1845 2453 respexerunt
1870 2384 1919 2437 in
1941 2388 2024 2455 fa-

440 2476 565 2528 ciem
595 2474 939 2529 Sodomorum
961 2483 1007 2528 et
1031 2473 1347 2527 Gomorrhar.

511 2568 650 2622 Deus
669 2568 925 2621 Abraham
939 2566 1267 2621 consiliorum
1287 2582 1493 2619 suorum
1506 2566 1802 2637 participat.
1820 2567 2025 2636 Quanto

441 2662 630 2714 honore
644 2660 849 2731 justum
861 2658 1101 2729 dignatur
1121 2656 1278 2713 Deus.
1301 2687 1376 2698 —
1405 2658 1478 2713 De
1497 2658 1699 2729 angelis
1725 2659 1874 2714 dicit.
1888 2658 2021 2715 Nam

443 2754 531 2809 ltic
555 2753 768 2825 quidem
796 2754 849 2807 in
879 2752 1225 2808 tabernaculo
1249 2752 1499 2818 Abraltm,
1542 2762 1597 2807 et
1626 2752 1819 2823 angeli,
1845 2761 1901 2807 et
1926 2768 2023 2807 co-

442 2862 557 2899 rum
589 2844 843 2898 Dominus
872 2860 968 2915 per
982 2844 1125 2899 idem
1151 2853 1365 2913 tempus
1391 2844 1486 2899 visi
1504 2853 1628 2899 sunt
1652 2861 1664 2897 :
1691 2853 1872 2914 postea
1895 2860 2023 2900 vero

443 2937 517 2991 illi
557 2936 772 3007 quidem
805 2945 860 2990 ut
889 2936 1117 2990 ministri
1147 2936 1292 2990 missi
1338 2944 1463 2990 sunt
1509 2933 1576 2990 ad
1618 2936 2021 2991 subversionem

443 3030 647 3084 illarum
700 3028 993 3094 civitatum,
1046 3027 1161 3097 ipse
1203 3036 1382 3081 autem
1433 3026 1686 3081 Dominus
1728 3027 1941 3093 mansit,
1971 3038 2026 3082 et

441 3120 589 3191 quasi
611 3120 812 3174 amicus
842 3119 1015 3173 amico
1035 3118 1182 3188 justo
1209 3118 1636 3173 communicabat
1663 3133 1907 3187 quietiam
1948 3117 2027 3172 fa-

447 3221 633 3268 cturus
660 3220 820 3266 esset.
848 3210 1002 3266 Unde
1045 3210 1149 3263 illis
1186 3209 1460 3279 profectis,
1498 3210 1585 3264 l7.
1624 3209 1788 3275 Dixit,
1834 3209 2022 3279 inquit,

446 3303 745 3357 Dominus:
792 3300 913 3356 Non
951 3300 1122 3355 celabo
1148 3300 1402 3355 Abraham
1430 3316 1643 3371 puerum
1686 3316 1869 3361 meum,
1914 3314 2035 3369 qua?

442 3413 532 3467 ego
552 3398 754 3468 faciant.
785 3395 966 3465 Magna
999 3394 1088 3449 Dei
1120 3392 1464 3461 indulgentia,
1496 3405 1549 3446 et
1573 3406 1783 3447 onmem
1823 3406 2029 3446 sermo-

444 3506 565 3545 nem
605 3504 862 3560 superans
888 3489 1031 3558 justo
1082 3488 1251 3540 honor
1279 3487 1584 3541 exhibetur.
1634 3484 1766 3539 Vide
1796 3499 2026 3554 namque

443 3597 547 3654 quo
586 3591 740 3653 pacto
774 3581 947 3653 ipsum
988 3579 1288 3650 alloquatttr
1332 3578 1482 3647 quasi
1529 3577 1688 3631 homo
1728 3575 2029 3645 hominem,

445 3676 823 3730 demonstrans
852 3673 1026 3739 nobis,
1054 3683 1255 3743 quanto
1283 3672 1485 3725 honore
1510 3671 1757 3741 dignetur
1784 3670 2028 3724 homines

445 3768 636 3821 virtute
658 3764 928 3835 praeditos.
952 3765 1015 3818 Et
1036 3773 1090 3818 ut
1115 3778 1182 3818 ne
1201 3772 1353 3833 putes
1380 3761 1638 3816 honorem
1661 3770 1864 3815 tantum
1879 3760 2026 3829 justo

443 3873 755 3913 concessum
768 3858 942 3913 solius
957 3855 1152 3911 divina:
1180 3870 1302 3910 esse
1328 3854 1600 3918 bonitatis,
1620 3853 1740 3909 vide
1761 3853 2029 3923 quomodo

443 3953 621 4006 divina
650 3950 922 4021 Scriptura
965 3950 1155 4005 doceat
1200 3963 1324 4016 nos,
1352 3948 1524 4018 ipsum
1552 3947 1651 4001 sibi
1683 3947 1778 4016 ipsi
1811 3947 2035 4002 honoris

452 4044 613 4099 fuisse
645 4052 920 4098 auctorem
938 4083 954 4107 ,
996 4040 1260 4096 mandatis
1287 4054 1477 4111 nempe
1506 4039 1699 4093 divinis
1726 4054 1919 4109 magna
1943 4053 2031 4094 se-

443 4136 667 4191 dulitate
695 4134 1075 4205 obsequutttm.
1102 4133 1389 4202 Postquam
1417 4130 1560 4185 enim
1592 4130 1727 4185 dixit
1754 4148 1766 4183 :
1799 4129 1920 4184 Non
1938 4147 2026 4184 ce-

443 4229 557 4282 labo
583 4228 839 4282 Abraham
864 4242 1074 4296 puerum
1102 4240 1286 4291 meum,
1316 4238 1430 4294 qua:
1454 4240 1545 4294 ego
1568 4223 1777 4294 faciam,
1804 4238 1908 4276 non
1924 4233 2033 4276 sta-

445 4321 536 4374 tim
579 4320 709 4375 dicit
737 4318 863 4389 quid
908 4316 1143 4371 futurum
1186 4315 1253 4370 sit
1289 4333 1302 4370 :
1347 4328 1680 4385 consequens
1707 4313 1851 4368 enim
1891 4324 2035 4380 erat,

447 4421 502 4466 ut
527 4426 750 4481 pergens
773 4409 976 4464 diceret
992 4423 1051 4464 se
1080 4411 1421 4463 incensurum
1444 4404 1698 4462 Sodoma.
1722 4405 1793 4460 At
1815 4404 2029 4474 dignum

443 4511 545 4566 cst,
575 4510 632 4556 ut
657 4516 830 4572 neque
861 4500 988 4554 illud
1030 4507 1458 4569 praetereamus:
1492 4512 1666 4568 neque
1691 4497 1835 4552 enim
1862 4497 2030 4569 sylla—

444 4597 588 4660 bam,
643 4607 818 4662 neque
859 4590 1064 4662 apicem
1109 4590 1162 4645 in
1209 4588 1387 4645 divina
1434 4588 1708 4659 Scriptura
1759 4587 2033 4659 prattet-ire

444 4692 675 4755 oportet.
720 4683 943 4750 Quanta:
990 4682 1135 4735 enim
1158 4679 1431 4751 dignitatis
1464 4694 1586 4735 esse
1627 4687 1779 4750 putas
1808 4679 1858 4734 id
1888 4678 2030 4750 quod

445 4776 594 4839 dicit,
623 4774 881 4828 Abraham
906 4788 1118 4844 puerum
1148 4788 1311 4825 meum
1330 4771 1549 4841 ?quanti
1565 4772 1828 4827 allectus?
1848 4773 2030 4841 quanti

447 4866 690 4922 amoris?
718 4866 829 4920 lloc
853 4862 996 4922 enim
1029 4864 1361 4933 potissimum
1386 4874 1650 4918 monstrat
1673 4864 1923 4919 eximiam
1950 4865 2033 4918 di-

445 4962 702 5031 gnitatem
728 4970 782 5014 et
804 4958 1060 5013 honorem
1084 4957 1228 5027 justo
1249 4956 1567 5011 exhibitutn.
1597 4957 1797 5011 Deinde
1819 4956 1867 5010 id
1890 4955 2030 5027 quod

444 5052 712 5117 dicebam,
742 5060 1020 5122 postquam
1050 5049 1204 5116 dixit,
1240 5048 1358 5103 Non
1388 5049 1559 5103 celabo
1587 5065 1605 5104 :
1632 5066 1736 5103 non
1762 5048 2039 5103 statitnaf-

448 5150 552 5201 l'ert
572 5156 627 5201 et
650 5144 780 5200 dicit
808 5142 951 5212 quod
974 5153 1089 5197 erat
1118 5141 1349 5196 futurum
1376 5159 1391 5207 ;
1425 5141 1517 5195 sed
1547 5141 1707 5211 quid?
1750 5140 1815 5197 Ut
1853 5140 2029 5195 disca-

447 5254 564 5294 mus
591 5256 696 5294 non
743 5238 944 5308 absque
982 5252 1171 5301 causa,
1197 5250 1369 5305 neque
1407 5245 1609 5291 temere
1635 5235 1798 5289 Deum
1829 5244 2031 5289 tantum

446 5350 569 5403 erga
617 5334 762 5388 illum
799 5330 1074 5386 declarare
1102 5329 1356 5395 studium,
1400 5329 1569 5399 inquit
1599 5347 1611 5382 :
1644 5329 1731 5383 l8.
1776 5328 2033 5381 Abraham

445 5436 613 5476 autent
639 5426 837 5489 futuras
864 5432 934 5475 est
976 5422 1030 5475 in
1062 5430 1259 5491 gentem
1288 5436 1522 5490 magnam
1560 5429 1605 5473 et
1634 5418 1865 5482 multam,
1898 5429 1945 5473 et
1981 5419 2034 5472 in

445 5519 556 5581 ipso
597 5515 950 5569 benedicentur
976 5531 1148 5569 omnes
1175 5524 1347 5585 gentes
1387 5524 1552 5567 terrae.
1588 5513 1674 5569 19.
1723 5511 1859 5567 Novi
1902 5513 2035 5567 enim

450 5612 583 5679 quod
610 5611 875 5663 constituet
896 5608 1018 5677 [iliis
1043 5620 1088 5662 et
1109 5609 1284 5661 domui
1305 5623 1412 5662 sua:
1432 5615 1541 5676 post
1569 5622 1643 5672 se,
1671 5616 1717 5661 et
1753 5606 2035 5660 custodierit

447 5702 560 5755 vias
604 5704 808 5756 Domini
848 5702 963 5767 Dei,
1005 5711 1059 5755 ut
1105 5702 1295 5772 faciant
1319 5701 1573 5770 justitiam
1613 5708 1660 5753 et
1679 5699 1953 5769 judicium,
1982 5707 2038 5752 ut

449 5802 672 5855 adducat
700 5799 946 5853 Dominus
967 5813 1116 5867 super
1140 5796 1399 5850 Abraham
1428 5795 1595 5847 omnia
1619 5807 1943 5863 quiscumque
1960 5792 2035 5848 lo-

1196 329 1249 389 S.
1290 331 1566 389 JOANNIS
1601 331 2070 397 CIIRYSOSTQMI
2109 332 2426 393 ARCIIIEP.
2466 336 2999 400 CONSTANTINOP.

3618 348 3721 405 383

2141 460 2328 517 quatas
2352 462 2427 507 est
2449 454 2518 506 ad
2542 471 2675 509 eum.
2707 456 2883 528 Papm,
2913 467 3107 529 quanta
3136 460 3477 532 benignitatis
3508 460 3720 519 Domini

2142 543 2478 610 magnitudo!
2510 545 2769 615 Quoniam
2790 560 2971 619 postea
2999 552 3309 607 iuducturus
3324 565 3439 609 erat
3454 555 3721 614 excidium

2140 632 2519 698 Sodomorum.
2567 654 2707 692 nunc
2756 641 2901 709 prius
2942 643 3301 712 patriarchatn
3350 645 3416 699 ad
3473 646 3720 703 ﬁduciam

2140 725 2396 789 concitat,
2426 725 2582 781 simul
2608 729 2861 797 pollicens
2884 732 2931 784 ei
2957 733 3382 789 benedictionem
3407 738 3710 801 maximam,

2140 813 2418 885 ipsumque
2460 818 2511 871 in
2554 835 2798 888 magnam
2839 823 3229 878 multitudinem
3270 827 3503 881 laturum
3553 843 3718 883 esse:

2137 905 2339 961 docens
2384 925 2505 963 cum
2558 912 2698 979 quod
2748 913 3049 970 mercedem
3091 915 3227 971 hanc
3264 918 3363 986 pi:e
3390 935 3499 974 suae
3528 921 3720 975 mentis

2135 1011 2455 1069 accepturus
2502 1002 2589 1055 sit.
2635 1003 2817 1074 Cogita
2860 1006 3002 1060 enim
3044 1019 3238 1076 quanta
3290 1010 3359 1063 sit
3408 1011 3719 1079 patriarcha:

2136 1092 2325 1159 virtus,
2366 1095 2579 1164 quando
2610 1096 2746 1150 Deus
2767 1096 2895 1152 dicit
2923 1115 2939 1155 :
2968 1098 3088 1153 Scio
3114 1102 3249 1154 enim
3277 1108 3411 1172 quod
3454 1101 3719 1157 constituet

2134 1184 2256 1252 ﬁliis
2285 1185 2389 1237 suis
2416 1196 2525 1254 post
2564 1203 2637 1251 se,
2667 1198 2712 1240 et
2739 1189 3018 1242 custodierit
3037 1191 3145 1244 vias
3171 1190 3375 1245 Domini
3396 1190 3509 1245 Dei.
3534 1192 3717 1264 Magna

2135 1277 2249 1333 hmc
2269 1290 2350 1333 est
2370 1282 2576 1335 virtutis
2600 1282 2867 1337 accessio:
2893 1298 2995 1337 non
3023 1287 3165 1340 enim
3193 1294 3393 1340 tantum
3419 1286 3719 1342 mercedem

2133 1371 2326 1440 accipit
2349 1371 2470 1440 quia
2494 1374 2607 1443 ipse
2633 1372 2768 1429 bene
2788 1374 2928 1445 egit;
2957 1375 3051 1429 sed
3080 1386 3135 1431 ct
3161 1378 3280 1446 quia
3310 1379 3561 1447 prascepit
3582 1379 3721 1432 natis

2132 1460 2266 1527 suis,
2299 1463 2470 1532 largas
2499 1464 2875 1520 retributiones
2916 1468 3125 1536 accipit.
3172 1467 3329 1536 idque
3356 1472 3547 1524 merito
3590 1487 3605 1524 ;
3638 1472 3715 1523 si-

2131 1553 2345 1621 quidem
2393 1554 2506 1624 ipse
2544 1556 2792 1612 omnibus
2830 1557 3083 1628 deinceps
3124 1559 3377 1629 magister
3429 1571 3483 1615 et
3532 1560 3719 1616 doctor

2130 1647 2316 1701 evasit.
2348 1648 2395 1703 Is
2420 1650 2561 1703 enim
2587 1650 2673 1720 qtti
2700 1649 3016 1720 principium
3051 1652 3251 1721 prtebet
3278 1667 3341 1707 ac
3362 1653 3528 1717 initia,
3556 1655 3717 1709 etiam

2130 1753 2315 1792 eorum
2350 1756 2468 1809 qua:
2488 1742 3018 1809 postcalluntauctor
3054 1753 3159 1796 cst.

2202 1829 2254 1884 3.
2297 1830 2362 1884 Et
2386 1830 2507 1886 vide
2537 1831 2743 1887 Domini
2774 1831 3085 1887 bonitatem.
3109 1832 3227 1889 Non
3253 1835 3424 1889 solum
3454 1851 3549 1908 pro
3578 1850 3718 1905 prae-

2131 1921 2285 1975 terita
2318 1922 2533 1988 virtute,
2562 1922 2654 1977 sed
2683 1932 2738 1979 et
2767 1939 2865 1995 pro
2894 1923 3067 1977 l'ntura
3098 1924 3299 1995 justum
3324 1937 3711 1982 remuneratur.

2131 2009 2252 2065 Scio
2280 2012 2433 2075 enim,
2466 2013 2655 2083 inquit,
2680 2014 2816 2083 quod
2840 2017 3102 2069 constituet
3129 2017 3249 2085 ﬁliis
3273 2016 3399 2071 suis.
3431 2016 3714 2085 Quoniam,

2130 2103 2330 2173 inquit,
2385 2105 2615 2173 praenovi
2638 2104 2765 2173 justi
2796 2116 3054 2171 mentem,
3096 2107 3297 2161 idcirco
3326 2110 3716 2163 remuneratio-

2130 2193 2286 2248 nibus
2317 2195 2603 2263 prteveuio.
2631 2194 2742 2251 Scit
2786 2198 2928 2251 enim
2969 2197 3145 2252 abdita
3187 2199 3365 2254 cordis
3407 2202 3571 2253 llOall‘l
3596 2243 3611 2265 ,
3662 2210 3718 2254 et

2128 2286 2342 2351 quando
2384 2289 2526 2343 videt
2566 2289 2911 2345 consulentes
2942 2301 2997 2345 ttt
3023 2300 3233 2360 oportet
3275 2308 3336 2346 ac
3380 2307 3560 2346 sanam
3607 2309 3718 2363 prta

2129 2392 2188 2433 se
2217 2377 2448 2434 ferentes
2474 2390 2730 2446 mentem,
2762 2397 2976 2436 manuni
3007 2383 3245 2452 porrigit,
3279 2393 3333 2437 et
3359 2393 3479 2437 autc
3506 2384 3718 2438 lab0rt~s

2130 2470 2433 2526 mercedem
2466 2472 2670 2540 tribuit,
2720 2473 3010 2529 alacriores
3058 2475 3155 2528 hac
3196 2474 3400 2529 ratione
3432 2475 3712 2532 efﬁciens:

2128 2563 2181 2618 id
2217 2564 2359 2634 qttod
2410 2565 2462 2619 in
2504 2565 2665 2633 justis
2706 2566 2953 2621 omnibus
2980 2566 3090 2621 ﬁeri
3119 2568 3374 2622 invenies.
3426 2567 3553 2621 Nam
3592 2584 3714 2621 cunt

2128 2655 2262 2710 sciat
2283 2654 2697 2711 imbecillitatem
2724 2656 2969 2713 humanae
2997 2667 3219 2721 naturae.
3239 2669 3295 2713 ut
3324 2673 3430 2713 non
3459 2660 3510 2713 in
3536 2658 3717 2712 arduis

2130 2745 2292 2801 homo
2310 2746 2546 2801 animum
2572 2747 2919 2818 despondeat,
2940 2748 3077 2804 inter
3098 2748 3442 2805 laborandum
3469 2750 3538 2803 ita
3559 2765 3718 2805 suum

2128 2837 2384 2895 auxilium
2419 2847 2474 2893 et
2502 2841 2962 2895 rentunerationes
2988 2841 3207 2911 przebet,
3252 2850 3309 2896 ut
3332 2850 3389 2898 et
3412 2840 3560 2897 labor
3587 2843 3717 2896 sub-

2128 2932 2355 2998 levetur,
2406 2942 2461 2986 et
2509 2930 2684 2985 fervor
2725 2940 2951 2986 crescat.
3007 2930 3320 2997 Novieniru,
3348 2932 3537 3001 inquit,
3580 2935 3717 3001 quod

2128 3027 2392 3096 eopstitnet
2420 3025 2540 3093 ﬁliis
2568 3026 2691 3083 suis.
2720 3034 2765 3078 et
2790 3025 3069 3079 custodierit
3091 3025 3200 3079 vias
3230 3025 3436 3079 Domini
3458 3024 3571 3079 Dei.
3600 3025 3716 3080 Non

2129 3118 2300 3172 solum
2328 3118 2395 3171 de
2423 3117 2547 3187 ipso
2562 3116 2819 3187 prmdicit,
2837 3115 3131 3179 Constituet,
3158 3117 3249 3172 sed
3272 3127 3327 3172 et
3344 3116 3414 3173 de
3436 3116 3555 3171 liliis
3577 3116 3716 3187 ejus,

2128 3209 2419 3266 Custodient
2446 3211 2555 3264 vias
2588 3209 2790 3263 Domini
2816 3208 2934 3274 Dei,
2980 3209 3122 3264 Isaac
3147 3219 3201 3264 et
3229 3208 3393 3265 Jacob
3421 3210 3714 3265 insinuans.

2142 3302 2260 3356 Vias
2306 3300 2530 3367 Domtni,
2578 3301 2680 3355 hoc
2705 3309 2809 3365 est,
2858 3301 3105 3356 mandata
3131 3312 3187 3357 et
3213 3311 3498 3372 prteccpta.
3549 3301 3615 3357 Ut
3640 3307 3723 3373 fa-

2130 3394 2286 3460 ciunt,
2331 3394 2518 3462 inquit,
2535 3393 2789 3463 judicium
2821 3401 2869 3446 et
2888 3393 3144 3462 justitiam
3176 3412 3189 3447 :
3221 3393 3353 3448 nihil
3390 3394 3722 3463 prtelcrendo

2127 3485 2363 3557 iustitiae,
2414 3495 2468 3539 et
2510 3485 2743 3541 vivendo
2785 3485 2916 3541 citra
2958 3500 3174 3539 omnem
3215 3484 3548 3555 iujustitiam.
3594 3484 3722 3539 lla-c

2131 3580 2276 3636 enim
2318 3580 2552 3634 maxima
2580 3580 2746 3634 virtus
2772 3588 2856 3635 est
2884 3597 2897 3632 :
2928 3589 3209 3649 pmptcrea
3248 3580 3497 3634 evenient
3543 3578 3721 3633 omnia

2132 3687 2251 3742 qua:
2295 3672 2546 3742 loquutus
2575 3681 2656 3724 est
2680 3671 2727 3727 ei
2763 3671 3035 3725 Dominus.
3066 3669 3268 3739 Opinor
3292 3677 3471 3723 autem
3497 3678 3552 3723 et
3576 3667 3720 3722 aliud

2132 3763 2386 3833 quiddam
2423 3764 2743 3833 signiﬁcare,
2775 3777 2897 3817 cum
2935 3762 3065 3815 dicit
3095 3778 3107 3814 :
3136 3760 3393 3814 Abraham
3434 3770 3603 3813 autem
3632 3764 3718 3829 fu-

2133 3865 2280 3909 turus
2304 3866 2374 3908 est
2406 3856 2456 3908 iu
2496 3863 2692 3925 gentem
2733 3871 2971 3923 magnam
2999 3864 3047 3906 et
3078 3853 3289 3906 ntultant
3320 3868 3339 3906 :
3362 3853 3513 3921 quasi
3540 3851 3721 3923 dicat;

2132 3949 2212 4004 Tu
2243 3947 2456 4019 quidem
2485 3948 2573 4018 qui
2600 3946 2852 4001 virtutem
2882 3944 3222 4014 amplexaris,
3255 3953 3308 3999 et
3338 3944 3472 3998 meis
3509 3944 3719 3998 obtem-

2136 4057 2291 4113 peras
2322 4041 2619 4112 praeceptis,
2643 4038 3104 4106 obedientiamque
3129 4052 3237 4107 pr.e
3266 4046 3318 4090 te
3350 4034 3470 4096 fers,
3511 4034 3562 4089 in
3589 4049 3721 4104 geu-

2138 4147 2243 4191 tem
2283 4150 2530 4205 magnam
2567 4147 2622 4187 et
2647 4133 2869 4187 multam
2893 4131 3001 4185 eris
3031 4148 3043 4185 :
3073 4130 3219 4200 impii
3244 4138 3421 4183 autem
3449 4128 3523 4182 illi
3554 4126 3725 4182 Sodo-

2136 4242 2348 4281 morum
2407 4225 2681 4294 regionem
2730 4221 3085 4277 inbabitantes
3126 4217 3460 4287 disperibunt
3509 4230 3715 4271 omnes.

2135 4320 2269 4374 Nam
2310 4318 2448 4373 sicut
2490 4319 2658 4371 virtus
2696 4315 2883 4369 salutis
2911 4328 3068 4367 causa
3094 4322 3177 4366 est
3210 4326 3328 4366 eam
3355 4308 3719 4379 operantibus.

2137 4413 2216 4469 ita
2234 4421 2287 4465 ct
2313 4410 2510 4466 malitia
2536 4408 2800 4464 interitus.
2832 4407 2999 4462 Porro
3028 4413 3307 4477 postquam
3336 4401 3720 4463 benedictioni-

2137 4506 2237 4561 bus
2264 4516 2317 4559 et
2346 4503 2589 4560 laudibus
2616 4501 2863 4557 ﬁduciam
2883 4498 3141 4569 majorem
3168 4495 3370 4551 addidit
3393 4494 3561 4563 justo,
3588 4494 3722 4546 inci-

2137 4599 2214 4669 pit
2250 4597 2301 4652 id
2347 4594 2488 4667 quod
2532 4584 2773 4650 dicturus
2817 4600 2954 4656 erat,
2984 4600 3038 4645 ct
3061 4588 3134 4642 ait
3160 4606 3173 4643 :
3202 4588 3291 4643 20.
3325 4586 3528 4642 Clamor
3555 4585 3725 4640 Sodo-

2136 4706 2335 4743 morum
2380 4696 2427 4741 et
2474 4685 2772 4741 Gomorrhcc
2810 4681 3169 4749 multiplicatus
3205 4690 3280 4734 est
3320 4679 3457 4749 apud
3503 4693 3615 4742 me,
3676 4686 3723 4729 et

2137 4790 2340 4851 peccata
2364 4793 2536 4832 eorum
2562 4790 2745 4844 magna
2762 4771 2927 4827 valde.
2948 4771 3036 4826 2i.
3058 4770 3185 4825 Cum
3211 4770 3364 4840 igitur
3394 4767 3718 4828 descendere,

2137 4872 2309 4925 videbo
2332 4879 2499 4923 utrum
2519 4869 2673 4938 juxta
2697 4866 2969 4919 clamorem
2991 4863 3240 4933 ipsorum,
3272 4861 3359 4931 qui
3386 4859 3455 4913 ad
3475 4875 3551 4911 me
3572 4859 3723 4923 venit,

2140 4962 2431 5034 perﬁciunt,
2472 4974 2563 5014 nec
2606 4973 2688 5022 ne,
2741 4965 2795 5010 ut
2840 4956 3017 5009 sciant.
3063 4951 3341 5007 Terribilia
3386 4951 3570 5005 verba.
3607 4950 3728 5003 Cla-

2139 5071 2270 5122 ntor,
2320 5051 2520 5121 inquit,
2570 5048 2910 5103 Sodomorum
2951 5056 2998 5099 et
3038 5043 3352 5098 Gomorrhat.
3383 5041 3636 5110 Quamvis
3673 5048 3729 5095 et

2138 5145 2256 5198 alia:
2301 5143 2545 5197 civitates
2588 5137 2746 5192 simul
2794 5135 3069 5207 perierint,
3119 5132 3213 5189 sed
3249 5132 3369 5202 quia
3399 5131 3482 5186 ha:
3512 5131 3759 5187 luerunt-

2141 5237 2423 5300 clariores,
2474 5235 2616 5302 ipsas
2654 5231 2828 5285 solum
2861 5226 3317 5283 commemoravit.
3354 5224 3728 5294 Maltiph‘catns

2138 5339 2211 5383 est
2234 5326 2374 5397 apud
2399 5341 2497 5392 me,
2530 5333 2575 5376 ct
2602 5332 2808 5393 peccata
2834 5335 3005 5374 eorum
3030 5333 3213 5387 magna
3242 5315 3406 5369 ualde.
3432 5315 3567 5372 Vide
3591 5332 3727 5386 quo-

2140 5420 2301 5476 modo
2325 5417 2461 5473 mala
2488 5421 2889 5470 coaeerventur.
2918 5408 3034 5464 Non
3058 5409 3231 5462 solum
3265 5422 3452 5477 magna
3481 5414 3565 5461 est
3594 5405 3725 5460 mul-

2142 5510 2314 5569 titudo
2377 5510 2659 5570 clamoris,
2706 5504 2800 5559 scd
2853 5502 3013 5556 etiam
3043 5491 3334 5569 injustitizc.
3392 5497 3526 5553 Nam
3575 5498 3727 5564 illud,

2142 5603 2345 5659 Clamor
2384 5602 2725 5656 Sodomorum
2770 5605 2815 5648 et
2856 5592 3155 5661 Gomonhw
3203 5591 3566 5660 multiplicatus
3612 5602 3728 5657 est,

2140 5698 2332 5766 opinor
2368 5691 2667 5763 signiﬁcare
2687 5731 2701 5753 ,
2730 5688 2873 5756 ipsos
2901 5698 3024 5738 cum
3062 5682 3400 5761 inenarrabili
3425 5691 3481 5738 et
3519 5683 3731 5737 veniant

2144 5789 2345 5845 nullam
2388 5793 2626 5841 merente
2670 5779 2948 5849 iniquitate
2988 5776 3181 5833 multas
3229 5775 3390 5829 etiam
3446 5774 3730 5842 injustuias
