4084 6356
276 364 381 420 387

274 478 610 550 δυνηθῶμεν.
640 480 809 544 Αὐτὸς
847 480 953 551 γάρ
984 479 1114 550 ἡμῖν
1142 480 1171 532 6
1197 477 1470 549 Δεσπότης
1502 477 1835 549 ἐπήγγελται
1858 476 1950 530 λέ-

273 584 419 635 γων·
476 565 623 621 Ἰδοὺ
672 565 902 622 δέδωκα
952 566 1098 635 ὑμῖν
1146 565 1438 629 ἐξουσίαν
1488 565 1699 620 πατεῖν
1747 563 1949 618 ἐπάνω

275 656 472 724 ὄφεων
503 655 600 707 καί
638 654 965 723 σκορπίων,
1001 653 1099 707 καί
1141 654 1239 707 ἐπὶ
1275 652 1484 711 πᾶσαν
1532 652 1648 721 τὴν
1692 653 1948 723 δύναμιν

273 742 384 796 τοῦ
414 742 653 813 ἐχθροῦ.
676 742 953 812 Νήφωμεν
977 743 1178 806 τοίνυν,
1211 740 1527 814 καρακαλῶ,
1553 742 1638 795 ἴνα
1663 741 1782 794 κατ’
1805 741 1949 810 ίχνος

270 829 369 882 τοῦ
401 829 736 900 πατριάρχου
762 827 952 880 τούτου
970 828 1068 898 τὴν
1094 828 1293 898 ἀρετὴν
1321 827 1612 898 μετιόντες,
1637 826 1747 881 τῶν
1767 826 1948 879 αὑτῶν

271 916 470 986 ἐκείνῳ
517 915 796 984 στεφάνων
840 915 1136 987 ἀξιωθῆναι
1182 914 1519 985 δυνηθῶμεν,
1563 914 1656 968 καὶ
1697 915 1777 977 είς
1820 914 1948 978 τοὺς

268 1006 462 1059 τούτου
510 1004 845 1074 καταντῆσαι
880 1003 1131 1067 κόλπους,
1166 1002 1260 1057 καὶ
1306 1002 1588 1071 διαφυγεῖν
1634 1001 1733 1072 τὴν
1774 1001 1833 1055 ἐν
1878 1004 1945 1073 τῇ

271 1092 469 1164 γεέννῃ
500 1091 743 1151 κόλασιν,
792 1090 882 1145 καὶ
931 1090 1040 1145 τῶν
1086 1090 1412 1163 ἀπορρήτων
1454 1089 1678 1143 ἐκείνων
1726 1087 1949 1158 ἀγαθῶν

267 1181 590 1250 ἀξιωθῆναι.
609 1178 749 1231 Ἀλλ’
778 1179 866 1231 ἵνα
895 1178 1120 1232 πλείονα
1142 1177 1304 1248 ζῆλον
1327 1179 1387 1231 ἐν
1407 1177 1536 1247 ὑμῖν
1562 1176 1945 1248 ἐργαζώμεθα,

270 1267 531 1337 καὶπρὸς
574 1266 671 1336 τὴν
711 1265 805 1319 τοῦ
839 1264 1052 1319 δικαίου
1089 1266 1280 1318 τούτου
1311 1264 1542 1335 μίμησιν
1576 1264 1720 1334 ὑμᾶς
1751 1263 1951 1331 διεγεί-
2000 1272 2013 1287 ⁸

274 1370 476 1424 ρωμεν,
498 1352 634 1424 φέρε
663 1353 823 1407 πάλιν
851 1354 917 1406 ἐκ
940 1354 1040 1423 τῆς
1070 1352 1188 1406 κατ’
1211 1351 1371 1406 αὑτὸν
1394 1350 1631 1422 ἱστορίας
1653 1350 1951 1422 διαλεχθῶ-

273 1459 375 1511 μεν
420 1442 557 1513 πρὸς
596 1440 695 1512 τὴν
741 1440 1014 1510 ὑμετέραν
1061 1440 1301 1508 ἀγάπην,
1335 1438 1653 1502 ἐπελθόντες
1682 1438 1790 1492 τῶν
1820 1439 1948 1508 ἐξῆς

268 1527 369 1600 τὴν
402 1527 743 1581 ἀκολουθίαν.
780 1526 931 1580 Μετὰ
960 1525 1067 1596 γάρ
1102 1525 1198 1596 τὴν
1238 1525 1435 1595 δαψιλῆ
1475 1524 1774 1593 φιλοξενίαν
1802 1524 1947 1577 ἐκεί-

270 1632 391 1685 νην,
425 1615 487 1667 οὑ
515 1617 579 1685 τῇ
607 1613 853 1683 ποιότητι
883 1613 915 1684 ἢ
942 1614 1195 1683 ποσότητι
1220 1612 1329 1664 τῶν
1355 1612 1665 1682 ἐδεσμάτων
1696 1610 1950 1682 κρινομέ-

270 1718 388 1770 νην,
407 1700 542 1755 ἀλλά
562 1702 627 1772 τῇ
652 1700 952 1771 προθυμίᾳ,
974 1699 1035 1753 τὸ
1056 1698 1277 1767 δαψιλὲς
1298 1698 1397 1769 τῆς
1415 1698 1639 1769 γνώμης
1660 1697 1951 1769 δεξάμενος

272 1789 613 1859 παραχρῆμα
641 1788 741 1858 τῆς
770 1786 1071 1857 φιλοξενίας
1099 1785 1197 1849 τὰς
1230 1785 1465 1855 ἀμοιϐὰς
1494 1785 1806 1857 ἐχαρίσατο.
1838 1784 1950 1838 Καὶ

273 1876 461 1946 μαθὼν
508 1875 591 1939 τίς
637 1892 697 1927 τε
743 1874 829 1945 εἴη
877 1875 905 1928 6
953 1872 1361 1944 παραγεγονὼς,
1394 1874 1489 1926 καὶ
1517 1873 1658 1945 πόση
1694 1874 1728 1944 ἡ
1760 1871 1949 1926 τούτου

270 1962 521 2033 δύναμις,
556 1963 840 2033 μέλλουσιν
872 1961 1079 2015 ἐκεῖθεν
1115 1960 1208 2014 ἐπὶ
1234 1959 1332 2031 τὴν
1358 1960 1607 2031 Σοδόμων
1642 1976 1950 2031 καταστρο-

271 2051 377 2120 φὴν
416 2051 592 2121 όρμᾷν
622 2048 987 2120 ἠκολούθησεν
1032 2049 1061 2101 6
1103 2048 1448 2120 πατριάρχης
1473 2046 1950 2119 συμπροπέμπωνι

272 2140 605 2210 φησίν.”ορα
634 2138 906 2191 Δεσπότου
936 2135 1368 2207 φιλανθρωπίαν,
1400 2137 1499 2207 ὄσῃ
1544 2134 1951 2204 συγκαταϐάσει

270 2228 556 2298 κέχρηται,
585 2226 720 2297 ὁμοῦ
751 2226 845 2281 καὶ
873 2226 971 2296 τὴν
1015 2227 1095 2289 εἰς
1134 2225 1224 2279 τὸν
1265 2224 1473 2277 δίκαιον
1518 2223 1682 2295 τιμὴν
1714 2224 1947 2289 δεικνὺς,

271 2317 366 2369 καὶ
389 2314 693 2383 ἐκκαλύψαι
716 2314 1035 2385 βουλόμενος
1053 2312 1149 2384 τὴν
1174 2311 1373 2383 ἀρετὴν
1396 2310 1495 2382 τὴν
1523 2312 1950 2382 ἐναποκειμένην

269 2403 438 2458 αὑτοῦ
466 2405 532 2473 τῇ
571 2402 736 2473 ψυχῇ.
767 2400 1243 2467 Ἐξαναστάντες
1280 2399 1367 2465 δὲ,
1416 2400 1602 2469 φησιν,
1637 2402 1691 2453 οί
1734 2399 1949 2468 ἄνδρες

271 2491 651 2559 κατέϐλεψαν
693 2489 794 2543 ἐπὶ
821 2491 1148 2558 πρόσωπον
1172 2487 1452 2557 Σοδόμων
1478 2487 1576 2540 καί
1614 2489 1946 2557 Γομόρρας.

270 2579 409 2642 Τοὺς
431 2578 695 2647 ἀγγέλους
718 2577 904 2648 φησίν.
924 2575 1189 2629 Ἐνταῦθα
1222 2575 1321 2646 μὲν
1344 2574 1453 2646 γὰρ
1481 2575 1540 2627 ἐν
1568 2577 1633 2646 τῇ
1661 2578 1831 2646 σκηνῇ
1855 2572 1948 2628 τοῦ

283 2664 537 2736 ’Λϐραάμ
585 2665 679 2718 καὶ
724 2665 774 2717 οί
805 2664 1045 2733 ἄγγελοι,
1079 2663 1172 2716 καὶ
1196 2664 1224 2715 6
1256 2661 1461 2715 τούτων
1492 2662 1769 2732 Δεσπότης
1807 2660 1950 2715 κατά

270 2753 466 2805 ταύτὸν
490 2753 749 2822 ὤφθησαν
770 2768 785 2783 ·
805 2752 994 2804 λοιπὸν
1014 2751 1072 2805 δέ
1096 2753 1144 2805 οί
1172 2751 1271 2823 μὲν
1297 2750 1373 2813 ὡς
1398 2749 1667 2821 ὑπηρέται
1692 2749 1952 2803 ἀπεστέλ-

271 2841 424 2893 λοντο
469 2842 561 2894 ἐπὶ
592 2842 693 2911 τὴν
720 2838 1105 2911 καταστροφὴν
1154 2838 1264 2891 τῶν
1308 2836 1517 2890 πόλεων
1565 2836 1809 2903 ἐκείνων,
1835 2838 1864 2891 6
1889 2837 1948 2891 δὲ

272 2930 455 2999 ἔμενε,
490 2928 739 2999 καθάπερ
773 2928 923 2997 φίλος
952 2928 1112 2997 φίλῳ,
1147 2925 1425 2997 μονονουχὶ
1472 2924 1951 2996 κοινολογούμενος

270 3018 350 3089 τῷ
375 3017 590 3088 δικαίῳ,
612 3016 754 3087 ἆπερ
778 3016 969 3087 ἔμελλε
996 3016 1190 3069 ποιεῖν.
1209 3013 1573 3067 Ἀπελθόντων
1600 3013 1780 3067 τοίνυν
1810 3013 1952 3067 ἐκεί-

272 3122 378 3158 νων
395 3144 410 3169 ,
440 3101 606 3165 Εἷπε,
633 3104 819 3173 φησὶν,
850 3106 883 3157 o'
908 3105 1122 3172 Κύριος
1145 3118 1159 3133 ⁸
1186 3103 1267 3157 Οὺ
1292 3100 1380 3170 μὴ
1418 3101 1665 3170 κρύψωει
1693 3099 1807 3170 ἐγὼ
1828 3101 1947 3155 ἀπὸ

286 3191 536 3262 Ἀϐραὰμ
574 3192 684 3246 τοῦ
726 3190 940 3257 παιδός
977 3208 1117 3260 μου,
1143 3188 1320 3260 ᾰέγὼ
1362 3187 1532 3245 ποιῶ.
1557 3188 1807 3259 Μεγίστη
1852 3187 1948 3241 τοῦ

272 3278 409 3332 Θεοῦ
438 3281 472 3347 ὴ
502 3278 926 3346 ωγκατάϐασις,
954 3280 1048 3331 καὶ
1075 3278 1252 3333 πάντα
1290 3276 1448 3345 λόγον
1481 3274 1883 3346 ὑπερϐαίνουσα
1913 3277 1948 3348 ἡ

272 3370 350 3432 εἰς
381 3367 472 3421 τὸν
502 3367 707 3421 δίκαιον
735 3367 1040 3437 τιμή.”υρα
1073 3366 1183 3436 γὰρ
1213 3364 1330 3427 πῶς
1354 3364 1488 3434 πρὸς
1516 3364 1677 3418 αὑτὸν
1704 3363 1950 3433 διαλέγε-

271 3473 384 3519 ται,
413 3454 614 3507 ώσανεὶ
656 3452 940 3524 ἄνθρωπος
988 3453 1260 3523 ἀνθρώπῳ
1309 3451 1701 3522 διαλεξόμενος,
1734 3452 1949 3516 δεικνὺς

272 3544 404 3614 ἡμῖν
432 3543 562 3613 ὅσης
591 3542 641 3595 οἱ
668 3542 911 3613 ἐνάρετοι
938 3539 1210 3606 ἀξιοῦνται
1246 3540 1347 3610 τῆς
1388 3540 1538 3610 παρά
1563 3538 1656 3592 τοῦ
1695 3538 1830 3591 Θεοῦ
1864 3555 1947 3591 τι-

276 3631 405 3701 μῆς.
436 3632 548 3685 Καὶ
576 3630 662 3683 ἴνα
688 3630 762 3700 μὴ
789 3630 1016 3701 νομίσῃς
1045 3629 1142 3700 τῆς
1163 3628 1257 3681 τοῦ
1288 3627 1422 3680 Θεοῦ
1454 3626 1614 3698 μόνον
1642 3624 1780 3680 εἶναι
1813 3627 1950 3696 ἀγα-

273 3719 496 3791 θότητος
531 3718 628 3790 τὴν
655 3718 921 3789 τοσαύτην
948 3720 1026 3781 εἰς
1062 3718 1150 3770 τὸν
1183 3716 1391 3770 δίκαιον
1422 3715 1605 3786 τιμὴν,
1638 3716 1737 3784 ὅρα
1769 3715 1887 3778 πῶς
1911 3714 1948 3787 ἡ

274 3806 395 3861 θεία
423 3807 615 3878 Γραφὴ
641 3806 880 3860 διδάσκει
915 3806 1083 3877 ἡμᾶς,
1120 3805 1201 3859 ὃτι
1232 3802 1391 3865 αὑτὸς
1425 3802 1601 3873 ἐαυτῷ
1626 3801 1830 3874 ταύτης
1851 3802 1950 3871 τῆς

271 3896 441 3966 τιμῆς
470 3897 638 3959 αἴτιος
684 3895 941 3965 κατέστη,
973 3895 1110 3964 μετὰ
1158 3892 1358 3964 πολλῆς
1400 3892 1498 3963 τῆς
1541 3891 1787 3962 ὑπακοῆς
1836 3892 1949 3955 τοῖς

272 3985 426 4056 παρά
464 3983 561 4037 τοῦ
608 3983 743 4036 Θεοῦ
791 3982 1109 4053 πειθόμενος
1154 3980 1543 4051 ἐπιτάγμασιν.
1578 3977 1763 4032 Είπὼν
1795 3980 1944 4050 γάρ·

276 4073 360 4126 Οὐ
398 4071 487 4141 μὴ
523 4071 731 4139 κρύψω
775 4069 893 4126 άπὸ
931 4068 1177 4138 Ἀϐραὰμ
1205 4067 1313 4122 τοῦ
1345 4066 1560 4133 παιδός
1590 4085 1734 4136 μου,
1766 4065 1806 4120 ά
1832 4065 1949 4135 ἐγὼ

279 4160 443 4214 ποιῶ.
481 4161 582 4213 οὑκ
616 4158 816 4223 εὑθέως
860 4158 1007 4225 λέγει
1045 4156 1107 4210 τὸ
1141 4156 1333 4228 μέλλον
1371 4154 1622 4209 ἔσεσθαιο
1657 4153 1947 4210 ἀκόλουθον

276 4248 383 4318 γὰρ
422 4243 490 4318 ἦν
529 4247 828 4315 ἐπαγαγεῖν
856 4246 951 4298 καὶ
975 4246 1167 4310 εἰπεῖν,
1199 4243 1283 4297 ὅτι
1311 4242 1495 4314 μέλλει
1521 4242 1593 4296 τά
1618 4242 1825 4313 Σόδομα
1851 4243 1950 4312 ἐμ-

278 4336 504 4405 πιπρᾷν.
521 4334 661 4386 Ἀλλ’
688 4334 836 4398 ἄξιον
875 4332 1007 4404 μηδέ
1034 4332 1209 4385 ἐκεῖνο
1243 4330 1620 4402 παραδραμεῖν
1640 4346 1653 4360 ⁸
1686 4329 1807 4382 ούδέ
1837 4328 1948 4400 γὰρ

277 4421 542 4491 συλλαϐὴν
576 4421 697 4477 οὑδέ
729 4419 957 4492 κεραίαν
986 4419 1351 4490 παρατρέχειν
1378 4417 1483 4490 χρὴ
1509 4418 1617 4471 τῶν
1645 4419 1703 4471 ἐν
1726 4418 1793 4489 τῇ
1830 4415 1949 4488 θείᾳ

274 4511 463 4581 Γραφῇ
493 4509 783 4579 κειμένων.
817 4508 997 4579 Πόσης
1030 4510 1138 4579 γάρ
1163 4510 1263 4562 οἴει
1290 4506 1459 4579 τιμῆς
1501 4502 1639 4560 εῖναι
1670 4504 1764 4559 καὶ
1789 4503 1949 4558 τοῦτο

272 4599 403 4653 αὑτὸ
434 4600 495 4653 τὸ
517 4598 720 4668 λέγειν,
765 4599 1012 4668 Ἀϐραὰμ
1043 4598 1151 4653 τοῦ
1186 4597 1403 4664 παιδός
1425 4615 1544 4667 μου
1555 4611 1575 4662 ;
1626 4595 1794 4649 πόσου
1824 4594 1947 4666 φίλ-

271 4704 436 4759 τρου;
465 4687 640 4758 πόσης
671 4686 995 4752 διαθέσεωςς
1022 4687 1192 4740 Τοῦτο
1219 4685 1331 4757 γάρ
1360 4685 1593 4756 μάλιστα
1621 4684 1857 4738 δείκνυσι
1885 4683 1947 4738 τὸ

274 4775 425 4848 [426]
455 4776 750 4846 ἐξαίρετον,
792 4776 888 4829 καὶ
917 4775 1016 4846 τὴν
1065 4776 1146 4839 εἰς
1192 4774 1284 4829 τὸν
1321 4773 1527 4828 δίκαιον
1573 4773 1760 4844 τιμήν.
1793 4768 1945 4837 Εἶτα,

270 4865 409 4934 ὅπερ
442 4863 646 4931 ελεγον,
679 4862 871 4927 εἰπὼν,
907 4864 992 4917 Οὐ
1020 4860 1107 4930 μὴ
1134 4863 1365 4931 κρύψω,
1394 4861 1495 4914 οὑκ
1522 4859 1727 4924 εὐθέως
1752 4860 1946 4928 ἐπάγει

274 4952 368 5004 καὶ
399 4949 547 5019 λέγει
575 4950 637 5003 τὸ
660 4950 965 5020 γινόμενον,
993 4948 1129 5025 ἀλλά
1159 4949 1241 5013 τί;
1271 4950 1387 5003 Ἵνα
1427 4948 1688 5019 μάθωμεν
1728 4947 1811 5001 ὅτι
1846 4947 1947 5018 οὑχ

273 5037 460 5100 ἁπλῶς
505 5036 629 5091 οὐδὲ
658 5037 781 5107 εἰκῆ
820 5036 1089 5107 τοσαύτην
1140 5038 1269 5108 περ)⁸
1314 5035 1476 5089 αὑτὸν
1526 5034 1799 5089 δείκνυται
1846 5036 1947 5106 τὴν

273 5125 618 5194 κηδεμονίαν,
661 5123 852 5195 φησίν·
898 5124 1145 5192 Ἀϐραὰμ
1181 5122 1247 5176 δὲ
1293 5123 1605 5192 γινόμενος
1648 5122 1819 5176 ἔσται
1859 5123 1946 5188 είς

272 5210 449 5276 ἔθνος
474 5210 629 5281 μέγα
659 5210 760 5264 καὶ
783 5210 965 5277 πολὺ,
998 5209 1098 5265 καί
1122 5208 1709 5284 ἐνευλογηθήσονται
1740 5207 1811 5262 ἐν
1839 5209 1947 5261 αὺ-

272 5297 354 5363 τῷ
379 5296 578 5353 πάντα
606 5300 678 5353 τὰ
704 5299 848 5368 ἔθνη
878 5296 986 5367 τῆς
1020 5297 1371 5369 γῆς.”ῌδειν
1391 5297 1501 5367 γὰρ
1536 5296 1625 5350 ότι
1658 5294 1946 5360 συντάξει

272 5387 400 5452 τοῖς
442 5386 596 5454 υἱοῖς
635 5386 845 5450 αὐτοῦ,
892 5386 992 5441 καί
1036 5380 1116 5454 τῷ
1159 5386 1303 5453 οῖκφ
1345 5383 1530 5439 αὑτοῦ
1572 5383 1699 5453 μετ’
1737 5384 1943 5447 αὐτὸν,

271 5474 375 5528 καί
404 5472 756 5543 φυλάξουσι
797 5472 907 5540 τὰς
943 5473 1125 5541 ὀδοὺς
1165 5472 1384 5541 Κυρίου
1417 5469 1524 5525 τοῦ
1552 5468 1721 5534 Θεοῦ,
1753 5469 1948 5523 ποιεῖν

272 5561 669 5629 δικαιοσύνην
710 5563 807 5616 καί
857 5561 1082 5631 κρίσιν,
1112 5562 1271 5627 ὅπως
1303 5558 1381 5614 ἂν
1418 5556 1686 5628 ἐπαγάγῃ
1731 5558 1949 5626 Κύριος

272 5651 373 5703 ἐπὶ
408 5650 655 5721 Ἀϐραὰμ
691 5648 906 5715 πάντα,
943 5649 983 5704 ἁ
1008 5648 1279 5716 ἐλάλησε
1320 5646 1471 5714 πρὸς
1510 5645 1717 5698 αὐτόν.
1754 5644 1948 5711 Βαϐαὶ,

275 5738 442 5791 πόσον
490 5739 587 5809 τῆς
646 5736 739 5791 τοῦ
789 5737 1060 5790 Δεσπότου
1124 5733 1534 5805 φιλανθρωπίας
1581 5731 1642 5783 τὸ
1695 5729 1944 5800 μέγεθος.

287 5823 505 5894 Ἐπειδὴ
536 5822 718 5893 μέλλει
746 5821 885 5893 μετά
924 5821 1095 5875 ταῦτα
1124 5820 1349 5890 ἐπάγειν
1380 5817 1448 5871 τά
1483 5816 1623 5870 κατά
1645 5815 1743 5885 τὴν
1773 5830 1945 5867 κατα-

336 5943 353 5966 ⁸
385 5941 441 5993 In
464 5942 637 5993 Bibliis
662 5941 845 5994 (Συνωρὶς
870 5940 1052 6005 legitur
1079 5944 1143 6005 μή
1170 5941 1461 6004 κρύψωφθι·
1485 5936 1937 6000 interrogationem.

1400 364 1463 417 IN
1502 363 1654 418 CAP.
1697 359 1857 416 XVIII
1896 361 2141 418 GENES.
2183 362 2411 417 IIOMIL.
2458 363 2613 419 XLII.

3620 367 3723 421 588

2056 477 2297 550 στροφὴν
2322 477 2591 550 Σοδόμων,
2621 480 2909 550 προλαϐὼν
2932 480 3027 533 νῦν
3056 479 3466 553 παραθαρῤύνει
3500 480 3588 533 τὸν
3616 499 3724 533 πα·-

2049 566 2337 638 τριάρχην,
2370 566 2503 637 ὁμοῦ
2537 567 2629 620 καὶ
2660 566 2758 639 τὴν
2786 568 3051 639 μεγίστην
3087 567 3336 641 εὑλογίαν
3360 566 3511 637 αὑτῷ
3553 568 3725 636 ἐπαγ-

2051 653 2391 726 γελλόμενος,
2421 655 2513 708 καὶ
2542 654 2625 709 ὅτι
2655 656 2735 718 εἰς
2767 655 2969 726 πλῆθος
2987 655 3141 709 ἐσται
3160 655 3326 727 μέγα,
3345 656 3440 710 καὶ
3459 656 3725 710 διδάσκων

2050 742 2214 797 αὑτὸν
2244 743 2328 797 ὅτι
2356 743 2589 814 ἀμοιϐὴν
2620 742 2823 813 ταύτην
2850 744 3114 815 λαμϐάνει
3143 744 3246 813 τῆς
3276 743 3523 812 φιλοθέου
3560 745 3727 798 αὑτοῦ

2050 830 2295 902 γνώμης.
2334 831 2615 901 Ἐννόησον
2655 830 2764 903 γὰρ
2812 832 2910 901 ὃση
2963 832 3110 885 ἐστὶν
3158 833 3193 902 ὴ
3236 830 3335 884 τοῦ
3386 831 3724 903 πατριάρχου

2049 918 2243 991 ἀρετὴ,
2275 920 2403 973 ὅταν
2435 921 2465 972 6
2501 920 2636 983 Θεὸς
2674 920 2807 991 λέγῃ
2832 936 2845 950 ·
2899 919 3105 992 ’ᾙδειν
3159 921 3268 990 γὰρ
3302 919 3393 974 ὅτι
3434 920 3725 984 συντάξει

2049 1006 2176 1073 τοῖς
2217 1007 2370 1073 υίοῖς
2413 1008 2601 1063 αὐτοῦ
2651 1009 2780 1077 μετ’
2804 1009 3012 1071 αὐτὸν,
3061 1009 3158 1063 καί
3217 1009 3563 1078 φυλάξουσι
3619 1009 3726 1075 τὰς

2050 1093 2232 1160 ὀδοὺς
2264 1095 2507 1163 Κυρίου,
2545 1095 2720 1167 Πολλὴ
2767 1096 2867 1166 τῆς
2908 1096 3109 1167 ἀρετῆς
3140 1097 3173 1167 ἡ
3202 1096 3449 1160 ἐπίτασις
3472 1113 3488 1128 ο
3522 1098 3583 1150 οὑ
3617 1098 3727 1166 γὰρ

2053 1181 2215 1250 μόνον
2246 1182 2387 1253 ὑπὲρ
2413 1176 2488 1235 ὧν
2518 1183 2679 1244 αὑτὸς
2714 1183 2923 1253 μέτεισι
2951 1186 3050 1254 τὴν
3079 1183 3298 1254 ἀρετὴν,
3345 1184 3443 1247 τὰς
3493 1184 3725 1254 ἀμοιϐὰς

2048 1267 2285 1340 δέχεται,
2337 1268 2473 1324 ἀλλά
2522 1270 2617 1324 καὶ
2657 1270 2797 1341 ὑπὲρ
2850 1263 2927 1326 ὦν
2973 1272 3254 1338 διετάξατο
3289 1275 3403 1336 τοῖς
3452 1271 3512 1337 ἐξ
3560 1272 3724 1325 αὑτοῦ

2050 1358 2312 1428 τεχθεῖσι,
2344 1356 2598 1428 δαψιλοῦς
2630 1357 2875 1424 ἀξιοῦται
2921 1359 3022 1428 τῆς
3068 1359 3387 1422 ἀντιδόσεως
3412 1376 3425 1390 ·
3460 1360 3685 1423 εἰκότως
3709 1379 3723 1391 ί

2050 1446 2215 1510 αὑτὸς
2238 1445 2346 1518 γὰρ
2374 1446 2557 1499 λοιπὸν
2585 1447 2755 1500 ἀπασι
2783 1446 3101 1511 διδάσκαλος
3143 1448 3385 1516 γέγονεν.
3403 1450 3461 1501 '0
3489 1449 3596 1521 γὰρ
3626 1450 3726 1521 τὴν

2048 1532 2225 1605 ἀρχὴν
2262 1535 2355 1587 καὶ
2397 1532 2462 1586 τά
2494 1533 2752 1605 προοίμια
2781 1533 3103 1606 παρασχὼν,
3143 1528 3298 1600 οὗτος
3329 1536 3422 1589 καὶ
3449 1535 3558 1590 τῶν
3588 1538 3727 1607 μετά

2053 1620 2224 1674 ταῦτα
2249 1620 2548 1690 γινομένων
2574 1620 2746 1684 αἴτιος
2772 1621 2841 1675 ἂν
2869 1622 2976 1692 εἴη.

2124 1712 2196 1775 γ’.
2236 1706 2345 1759 Καὶ
2382 1707 2486 1778 ὅρα
2512 1704 2606 1760 τοῦ
2637 1707 2907 1762 Δεσπότου
2952 1707 3050 1779 τὴν
3082 1707 3412 1779 ἀγαθότητα.
3446 1709 3520 1763 Οὑ
3568 1709 3725 1780 μόνον

2052 1793 2193 1865 ὑπὲρ
2232 1796 2332 1865 τῆς
2386 1798 2444 1848 ἐν
2502 1796 2579 1866 τῷ
2644 1796 2966 1867 παρελθόντι
3027 1796 3232 1868 ἀρετῆς
3287 1797 3574 1867 ἀμείϐεται
3632 1798 3725 1850 τὸν

2049 1882 2276 1946 δίκαιον,
2324 1882 2461 1936 ἀλλά
2514 1885 2607 1937 καὶ
2652 1885 2791 1953 ὑπὲρ
2846 1886 2946 1955 τῆς
2992 1884 3311 1957 μελλούσης.
3366 1886 3572 1957 ’ῌδειν
3593 1888 3727 1956 γάρ,

2050 1971 2238 2043 φησιν,
2266 1971 2356 2024 ὅτι
2384 1971 2671 2035 συντάξει
2708 1972 2834 2036 τοῖς
2867 1971 3023 2038 υἱοῖς
3046 1972 3257 2027 αὐτοῦ.
3296 1972 3537 2042 Ἐπειδὴ,
3568 1975 3723 2043 φησὶ,

2050 2058 2410 2129 προγινώσκω
2440 2057 2535 2110 τοῦ
2578 2057 2788 2111 δικαίου
2845 2059 2942 2127 τὴν
2971 2057 3219 2129 γνώμην,
3255 2059 3343 2113 διὰ
3365 2059 3525 2112 τοῦτο
3589 2078 3724 2130 προ-

2049 2147 2312 2218 λαμϐάνω
2351 2148 2468 2208 ταῖς
2527 2146 2805 2214 ἀμοιϐαῖς.
2838 2142 2959 2199 Οἵδε
3007 2147 3117 2218 γάρ
3165 2148 3234 2200 τά
3286 2148 3577 2217 ἀπόρρητα
3624 2149 3725 2218 τῆς

2046 2234 2285 2297 διανοίας
2316 2233 2492 2305 ἡμῶν,
2529 2234 2623 2287 καὶ
2649 2234 2777 2287 ὅταν
2818 2233 3084 2304 θεάσηται
3128 2233 3197 2287 τά
3241 2233 3433 2287 δέοντα
3486 2236 3728 2304 βουλευο.

2053 2322 2248 2392 μένους
2269 2322 2364 2374 καί
2400 2321 2527 2391 ὑγιῆ
2552 2320 2649 2391 τὴν
2676 2319 2906 2391 γνώμην
2930 2320 3428 2392 ἐπιδεικνυμένους,
3452 2323 3545 2374 καὶ
3565 2326 3734 2393 κεῖραι

2044 2408 2252 2479 ὀρέγει,
2283 2407 2378 2461 καὶ
2408 2408 2514 2479 πρὸ
2556 2409 2663 2460 τῶν
2708 2407 2886 2462 πόνων
2923 2407 3231 2478 ἀμείϐεται,
3278 2409 3724 2481 προθυμοτέρους

2046 2494 2217 2566 ταύτῃ
2266 2495 2729 2558 κατασκευάζωνσ
2768 2494 2864 2548 καὶ
2910 2494 3072 2549 τοῦτο
3132 2495 3199 2549 ἂν
3259 2495 3438 2567 εὕροις
3480 2499 3573 2550 ἐπὶ
3617 2499 3731 2551 τῶν

2048 2583 2272 2638 δικαίων
2313 2584 2567 2637 ἀπάντων
2612 2585 2919 2655 γινόμενον.
2965 2583 3135 2646 Εἰδὼς
3207 2583 3312 2655 γὰρ
3363 2585 3462 2657 τῆς
3522 2587 3727 2658 ἀνθρωη

2051 2673 2212 2743 πίνης
2237 2669 2451 2741 φύσεως
2504 2670 2605 2742 τὴν
2660 2672 2966 2736 ἀσθένειαν,
3022 2672 3165 2727 ὥστε
3216 2673 3291 2744 μὴ
3346 2674 3737 2745 ἀπαγορεῦσαι

2050 2759 2187 2831 πρὸς
2212 2758 2281 2812 τά
2305 2758 2565 2831 δυσχερῆ,
2602 2758 2804 2829 μεταξὺ
2833 2759 2942 2813 τῶν
2972 2759 3150 2814 πόνων
3180 2760 3441 2825 πολλάκις
3468 2763 3566 2832 τὴν
3593 2763 3726 2832 παρ’

2050 2849 2245 2904 ἐαυτοῦ
2266 2848 2551 2922 ἀντίληψιν
2588 2848 2680 2902 καὶ
2717 2848 2819 2913 τάς
2858 2848 3097 2920 ἀμοιϐάς
3134 2850 3385 2921 παρέχει,
3434 2850 3576 2904 ὥστε
3634 2854 3743 2906 καὶ·

2049 2937 2140 2992 τὸν
2168 2939 2329 2991 πόνον
2358 2938 2731 3006 ἐπικουφίσαι,
2766 2937 2861 2991 καὶ
2892 2937 2991 3008 τὴν
3010 2938 3192 3009 όρμὴν
3224 2939 3730 3012 ἐπιτεῖναι.’ζιδειν

2053 3028 2183 3100 γάρ,
2215 3026 2399 3099 φησὶν,
2429 3026 2519 3081 ὅτι
2551 3026 2842 3091 συντάξει
2866 3025 3155 3095 τοῖςυίοῖς
3177 3029 3387 3092 αὑτοῦ,
3411 3029 3511 3082 καί
3534 3029 3730 3099 βουλάν

2051 3116 2229 3183 ξουσι
2252 3115 2360 3181 τὰς
2383 3114 2563 3181 ὀδοὺς
2585 3115 2830 3183 Κυρίου.
2863 3116 2938 3169 υὺ
2975 3115 3138 3186 μόνον
3182 3117 3313 3187 περὶ
3335 3116 3501 3171 αὑτοῦ
3533 3117 3729 3188 προλέ-

2047 3216 2153 3269 γει,
2176 3199 2257 3252 ὃτι
2295 3197 2609 3263 Συντάξει,
2651 3198 2787 3251 ἀλλά
2824 3199 2920 3252 καὶ
2967 3199 3096 3269 περὶ
3126 3199 3236 3253 τῶν
3258 3200 3389 3253 υίῶν
3410 3201 3603 3268 αὑτοῦ,
3636 3203 3719 3255 ὅτι

2050 3280 2398 3346 Φυλάξουσι
2419 3282 2525 3346 τὰς
2552 3280 2733 3345 ὀδοὺς
2756 3278 3007 3347 Κυρίου,
3040 3281 3131 3335 τὸν
3166 3282 3376 3342 Ἰσαὰκ,
3409 3281 3501 3336 τὸν
3533 3282 3727 3336 Ἰακὼϐ

2048 3364 2436 3436 αἰνιττόμενος.
2470 3362 2581 3430 Τὰς
2620 3362 2802 3429 ὀδοὺς
2851 3362 3095 3431 Κυρίου,
3146 3364 3292 3418 τοῦτ’
3319 3365 3435 3419 ἐστι
3462 3366 3531 3420 τά
3562 3384 3729 3436 προσ-

2047 3449 2322 3519 τάγματα,
2351 3445 2449 3510 τὰς
2480 3446 2720 3510 ἐντολάς.
2746 3445 2946 3500 Ποιεῖν
2966 3445 3097 3519 γάρ,
3134 3448 3289 3518 φησί,
3326 3448 3729 3516 δικαιοσύνην

2051 3532 2147 3586 καὶ
2174 3532 2399 3600 κρίσιν’
2436 3528 2603 3600 μηδὲν
2624 3526 2718 3582 τοῦ
2745 3528 2956 3583 δικαίου
2980 3532 3273 3602 προτιμᾷν,
3305 3532 3462 3592 ἐκτὸς
3482 3533 3727 3601 γίνεσθαι

2050 3613 2231 3683 πάσης
2262 3611 2494 3674 ἀδικίας.
2528 3610 2701 3665 Τοῦτο
2753 3610 2863 3682 γάρ
2900 3614 2932 3682 ἡ
2978 3612 3211 3683 μεγίστη
3260 3614 3461 3685 ἀρετὴο
3514 3615 3604 3668 διά
3645 3634 3731 3669 τοι

2046 3694 2204 3749 τοῦτο
2224 3694 2401 3747 πάντα
2434 3696 2515 3757 εἰς
2543 3694 2702 3765 ἔργον
2743 3694 3058 3766 ἐκϐήσεται,
3113 3696 3215 3749 ὃσα
3249 3696 3480 3768 ἐλάλησε
3522 3699 3727 3772 Κύριος

2051 3779 2186 3850 πρὸς
2209 3777 2394 3831 αὑτόν.
2415 3773 2583 3846 Οἶμαι
2609 3776 2666 3830 δὲ
2697 3777 2793 3831 καὶ
2817 3776 3005 3848 ἕτερόν
3028 3794 3080 3831 τι
3096 3776 3426 3839 αίνίττεσθαι
3449 3779 3611 3835 αὑτὸν
3636 3783 3731 3835 διάη

2045 3862 2139 3915 τοῦ
2174 3861 2374 3930 λέγειν,
2435 3859 2685 3928 Ἀϐραὰμ
2715 3858 2786 3913 δὲ
2824 3861 3141 3931 γινόμενος
3189 3860 3362 3915 ἕσται
3412 3864 3500 3929 εὶς
3547 3864 3723 3932 ἔθνος

2044 3944 2197 4017 μέγα
2215 3944 2315 3998 καί
2340 3942 2521 4011 πολὺ,
2541 3941 2663 3997 ἀντὶ
2679 3942 2796 4009 τοῦ,
2816 3943 2888 3995 Σὺ
2922 3944 3022 4015 μὲν
3048 3945 3077 3998 6
3105 3943 3204 4014 τὴν
3230 3944 3431 4016 ἀρετὴν
3448 3946 3721 4015 ἐλόμενος,

2054 4029 2146 4083 καὶ
2184 4028 2299 4090 τοῖς
2326 4026 2481 4097 ἐμοῖς
2535 4024 2926 4097 προστάγμασι
2969 4024 3316 4097 πειθόμενος,
3360 4028 3456 4081 καὶ
3486 4030 3584 4100 τὴν
3623 4032 3725 4083 ὑπ-

2047 4110 2216 4181 ακοὴν
2244 4107 2711 4188 ἐπιδεικνύμενος,
2745 4111 2827 4172 εἰς
2859 4108 3012 4172 ἐθνος
3035 4109 3286 4180 μέγακαὶ
3314 4110 3448 4163 πολὺ
3479 4115 3686 4188 γενήσῃ
3708 4138 3720 4149 ο

2047 4194 2096 4247 οί
2122 4194 2180 4246 δὲ
2206 4192 2512 4265 παράνομοι
2535 4185 2683 4245 οὗτοι
2707 4192 2758 4245 οί
2802 4191 2948 4246 κατὰ
2974 4192 3076 4262 τὴν
3111 4192 3222 4246 τῶν
3262 4193 3512 4264 Σοδόμων
3539 4185 3723 4268 χώραν

2046 4275 2343 4343 οἰκοῦντες,
2361 4274 2823 4346 ἀφανισθήσονται
2845 4274 3104 4339 ἀπαντες.
3138 4275 3353 4348 Ὠσπερ
3371 4278 3477 4349 γάρ
3498 4281 3531 4348 ἡ
3554 4280 3723 4353 ἀρετὴ

2047 4360 2320 4430 σωτηρίας
2350 4356 2604 4421 ὑπόθεσις
2657 4356 2871 4425 γίνεται
2912 4358 3027 4421 τοῖς
3068 4356 3274 4428 ταύτην
3308 4359 3604 4429 μετιοῦσιν,
3640 4363 3724 4415 οῦ-

2045 4459 2153 4505 τως
2202 4443 2235 4513 ή
2286 4439 2523 4510 πονηρία
2582 4437 2898 4509 ἀφανισμοῦ
2969 4438 3117 4494 αἰτία
3182 4440 3530 4497 καθίσταται.
3588 4441 3722 4500 Εἶτα

2048 4523 2236 4594 ἐπειδὴ
2282 4523 2377 4577 καὶ
2406 4522 2494 4575 διὰ
2534 4523 2631 4593 τῆς
2673 4522 2945 4593 εὐλογίας,
2993 4524 3087 4577 καὶ
3117 4523 3208 4577 διὰ
3247 4525 3357 4579 τῶν
3383 4527 3619 4582 ἐπαίνων
3642 4533 3722 4593 εἰς

2046 4605 2267 4658 πλείονα
2287 4603 2601 4676 παρρησίαν
2624 4604 2799 4674 ἤγαγε
2829 4602 2981 4676 [42η
3009 4605 3101 4658 τὸν
3122 4605 3351 4671 δίκαιον,
3372 4608 3597 4679 ἄρχεται
3622 4612 3725 4681 τῆς

2044 4688 2376 4753 ὑποθέσεως,
2405 4686 2498 4739 καί
2531 4703 2664 4756 φησι
2682 4705 2695 4717 ·
2720 4686 2961 4756 Κραυτὴ
2984 4686 3262 4757 Σοδόμων
3287 4690 3385 4744 καί
3414 4694 3720 4761 Γομόρρας

2046 4770 2463 4839 πεπλήθυνται
2491 4769 2641 4838 πρός
2664 4785 2761 4838 με,
2797 4769 2897 4823 καὶ
2925 4771 2988 4823 αἱ
3018 4769 3295 4839 ἁμαρτίαι
3323 4772 3525 4828 αὐτῶν
3541 4776 3721 4845 μεγά-

2044 4857 2149 4909 λαι
2203 4851 2460 4921 σφόδρα.
2514 4852 2788 4917 Καταϐὰς
2841 4846 2958 4907 οὖν
3012 4852 3258 4923 ὄψομαι,
3307 4857 3362 4909 εί
3409 4857 3562 4910 κατὰ
3605 4859 3721 4926 τὴν

2045 4935 2318 5005 κραυγὴν
2339 4932 2541 4988 αὐτῶν
2575 4933 2691 5003 τὴν
2714 4933 3051 5005 ἐρχομένην
3086 4936 3238 5004 πρός
3258 4954 3331 5006 με
3353 4941 3721 4994 συντελοῦν-

2045 5034 2166 5074 ται’
2198 5021 2251 5071 εἰ
2272 5016 2340 5071 δὲ
2356 5017 2468 5087 μὴ,
2502 5016 2603 5070 ἵνα
2636 5016 2780 5086 γνῶ.
2820 5017 3031 5090 Φοϐερά
3055 5017 3128 5072 τά
3150 5019 3437 5090 εἰρημένα.
3472 5022 3718 5091 Κραυγὴ

2045 5101 2347 5169 Σοδόμων,
2368 5099 2521 5170 φησὶ,
2563 5099 2663 5153 καί
2699 5101 3030 5170 Γομόρρας.
3066 5102 3259 5156 Καίτοι
3297 5104 3391 5156 καὶ
3413 5103 3597 5173 ἕτεραι
3622 5106 3719 5158 πό-

2045 5183 2155 5246 λεις
2180 5181 2487 5254 μετάὑτῶν
2520 5181 2919 5254 ὴφανίσθησαν,
2951 5183 3068 5237 ἀλλ’
3091 5184 3277 5255 ἐπειδὴ
3311 5179 3471 5240 αὗται
3502 5184 3642 5257 ἦσαν
3659 5191 3716 5242 aI

2046 5264 2533 5337 περιφανέστεραι,
2566 5263 2771 5319 τούτων
2814 5266 3238 5337 ἐμνημόνευσεν.
3293 5268 3718 5337 Πεπλήθυνται

2047 5349 2201 5417 πρός
2239 5364 2338 5417 με,
2382 5346 2482 5401 καί
2522 5351 2584 5402 αἱ
2623 5347 2903 5417 άμαρτίαι
2932 5348 3132 5405 αὐτῶν
3164 5348 3420 5421 μεγάλαι
3457 5353 3712 5420 σφόδρα.

2047 5433 2194 5504 Ὅρα
2220 5432 2329 5486 τῶν
2356 5430 2546 5486 κακῶν
2571 5432 2672 5503 τὴν
2709 5432 2983 5487 ἐπίτασιν.
3028 5432 3102 5486 Οὑ
3138 5433 3301 5504 μόνον
3324 5434 3459 5487 πολὺ
3490 5435 3552 5487 τὸ
3579 5437 3717 5505 151?;-

2048 5514 2142 5579 θος
2159 5514 2263 5586 τῆς
2292 5516 2561 5587 κραυγῆς,
2591 5514 2727 5569 ἀλλά
2749 5516 2843 5569 καὶ
2864 5513 2965 5585 τῆς
2977 5514 3211 5580 ἀδικίας.
3243 5516 3714 5589 Τὸγάρ,Κραυτίρ

2045 5599 2332 5667 Σοδόμων
2367 5598 2469 5652 καί
2510 5598 2821 5668 Γομόρρας
2863 5596 3300 5667 πεπλήθυνται,
3341 5594 3495 5670 οἶμαι
3516 5601 3715 5671 σημαίμ

2046 5699 2177 5745 νειν,
2207 5683 2290 5735 ὅτι
2327 5681 2467 5752 μετά
2487 5682 2586 5753 τῆς
2624 5681 2970 5752 παρανομίας
3006 5681 3221 5753 ἐκείνης
3248 5681 3349 5753 τῆς
3376 5684 3584 5752 ἀφάτου
3620 5686 3715 5737 καὶ

2045 5764 2225 5832 πάσης
2260 5762 2589 5833 συγγνώμης
2628 5763 3099 5834 ἀπεστερημένης,
3142 5764 3237 5818 καὶ
3271 5764 3464 5836 ἐτέρας
3503 5766 3714 5831 ἀδικίας

2051 5845 2251 5909 πολλὰς
2310 5846 2707 5912 ἐπεδείκνυντο,
2738 5846 2789 5899 οί
2805 5845 3159 5918 δυνατώτεροι
3201 5846 3713 5919 κατεξανιστάμενοι

2057 5928 2164 5982 τῶν
2195 5927 2619 5999 ἀσθενεστέρων,
2650 5928 2700 5983 οί
2738 5928 2980 5984 πλούσιοι
2995 5928 3103 5987 τῶν
3132 5928 3400 6002 πενήτων.
3440 5935 3515 5987 υὺ
3552 5935 3715 6003 μόνον
