4084 6356
364 344 466 401 389

366 462 561 524 τοίνυν,
586 457 740 529 φησί,
772 458 904 513 πολὺ
954 458 1051 527 τῆς
1078 452 1323 527 κραυγῆς
1350 455 1412 508 τὺ
1437 453 1650 517 πένθος,
1684 454 1818 508 ἀλλά
1843 453 1937 506 ml
1964 455 2019 508 αί

363 544 629 618 ἁμαρτίαι
649 544 828 598 αύτῶν
854 544 953 613 οὐχ
986 545 1042 597 αἱ
1070 541 1329 614 τυχοῦσαί
1360 542 1519 602 εἰσιν,
1546 540 1683 593 ἀλλά
1720 540 1815 594 καὶ
1854 540 2024 610 μεγά-

364 635 478 700 λαι,
500 632 594 687 ml
613 632 819 706 σφόδρα
851 628 1104 701 μεγάλαι.
1135 626 1296 687 Ξένον
1317 628 1426 699 γάρ
1450 626 1649 698 τρόπον
1678 627 2024 698 παρανομίας

367 719 687 790 ἐπενόησαν,
730 718 823 771 ml
854 716 1173 781 ἀλλοκότους
1222 715 1315 769 ml
1357 714 1631 785 ἀθέσμους
1670 712 1780 766 τῶν
1823 713 2022 783 μίξεων

364 805 559 876 νόμους
608 804 854 878 ἐφεῦρον,
902 804 997 863 καὶ
1040 800 1276 872 τοσαύτη
1319 802 1417 871 τῆς
1450 800 1648 863 κακίας
1677 800 1711 870 ή
1752 798 1913 869 φορά,
1949 798 2024 862 ῶς

365 893 608 955 ἅπαντας
644 892 743 962 τῆς
780 888 958 962 λύμης
987 888 1396 961 ἀναπλησθῆναι
1413 887 1609 957 πάσης,
1633 886 1726 939 ml
1753 885 2023 958 μηδεμίαν

366 980 549 1033 λοιπὸν
589 979 874 1051 διόρθωσιν
928 978 1131 1042 αὐτοὺς
1168 975 1535 1047 ἐπιδέχεσθαι,
1569 974 1687 1029 ἀλλ’
1714 970 2022 1044 ἀφανισμοῦ

363 1066 569 1120 δεῖσθαι
591 1064 883 1129 παντελοῦς
906 1080 922 1095 ·
950 1064 1070 1129 ούδέ
1099 1064 1207 1135 γὰρ
1236 1063 1475 1134 ἰατρείαν
1502 1060 1685 1115 λοιπὸν
1712 1059 2022 1131 ἐπιδέχεται

364 1154 434 1208 τά
456 1154 657 1209 τούτων
680 1153 825 1224 πάθη
850 1151 1045 1225 ἀνίατα
1094 1148 1376 1221 γεγονότα.
1416 1144 1544 1202 Εἶτα
1582 1146 1849 1219 παιδεύων
1880 1146 2021 1219 ἀπα-

366 1259 464 1293 σαν
491 1239 599 1293 τῶν
627 1238 929 1314 ἀνθρώπων
963 1237 1060 1310 τὴν
1086 1238 1270 1306 φύσιν,
1297 1236 1399 1290 κᾶν
1429 1232 1691 1308 μεγάλαῇ
1721 1234 1927 1307 σφόδρα
1951 1233 2021 1288 τά
2056 1275 2073 1293 .

364 1328 738 1398 ἁμαρτήματα
766 1326 859 1383 ml
874 1324 1286 1399 ὡμολογημένα,
1305 1323 1379 1394 μὴ
1393 1324 1657 1397 πρότερον
1684 1322 1782 1386 τάς
1809 1320 2023 1393 ψήφους

365 1415 636 1485 ἐκφέρειν,
673 1413 801 1483 πρὶν
837 1406 1177 1482 ἀν’ἐναργεῖς
1221 1409 1520 1475 ἀποδείξεις
1544 1409 1826 1478 γένωνται,
1853 1409 2018 1479 φησί·

364 1501 633 1580 ματαὸὰς
671 1500 911 1569 ὄψομαι,
945 1500 1000 1553 εί
1026 1500 1175 1553 κατά
1204 1497 1317 1566 τὴν
1355 1496 1629 1568 κραυγὴν
1642 1498 1840 1565 αὐτῶν
1870 1510 2022 1551 συν-

365 1587 680 1641 τελοῦνται
705 1585 819 1654 τὴν
834 1585 1169 1655 ἐρχομένην
1182 1585 1333 1653 πρός
1344 1600 1420 1654 με
1441 1600 1455 1615 ο
1478 1587 1531 1638 εί
1544 1584 1612 1637 δέ
1625 1584 1736 1654 μὴ,
1753 1585 1854 1649 ἵνα
1880 1582 2018 1657 γνῶ,

366 1676 432 1727 Τί
474 1674 720 1746 βούλεται
751 1673 852 1744 τῆς
908 1672 1105 1739 λέξεως
1145 1672 1179 1744 ή
1236 1671 1674 1746 πγκατάϐασιςς
1731 1672 2021 1736 Καταϐἀς,

366 1764 551 1833 φησὶν,
584 1762 822 1831 ὄψομαι.
849 1759 1025 1813 Τόπον
1052 1758 1162 1831 γὰρ
1200 1759 1264 1812 ἐκ
1309 1758 1473 1829 τόπου
1517 1758 1831 1829 μεταϐαίνει
1856 1760 1885 1811 ό
1918 1758 2026 1812 τῶν

364 1852 501 1904 ὅλων
530 1850 695 1914 Θεός;
722 1850 877 1919 Οὐχὶ,
912 1848 987 1919 μὴ
1007 1848 1236 1916 γένοιτο.
1266 1848 1339 1901 Οὐ
1366 1847 1524 1901 τοῦτο
1552 1847 1722 1923 λέγει,
1752 1846 1865 1900 ἀλλ’
1889 1847 2025 1923 ὅπερ

367 1938 624 2001 πολλάκις
646 1937 801 2008 έφην,
831 1938 896 2007 τῇ
916 1935 1184 2005 παχύτητι
1214 1938 1314 2005 τῆς
1347 1935 1545 1999 λέξεως
1562 1937 1707 2006 ἡμᾶς
1736 1935 2025 2005 παιδεῦσαι

367 2026 639 2096 βούλεται,
655 2026 736 2078 ὅτι
763 2024 844 2077 δεῖ
858 2022 1023 2093 πολλῇ
1048 2025 1115 2093 τῇ
1144 2021 1397 2093 ἀκριϐείᾳ
1413 2022 1733 2103 κεχρῆσθαι,
1758 2023 1854 2075 καὶ
1887 2025 2025 2095 μήτε

364 2113 473 2166 ἀπὸ
496 2112 667 2182 ἀκοῆς
696 2109 1078 2186 καταδικάζειν
1104 2108 1233 2181 τοὺς
1274 2109 1683 2179 ἡμαρτηκότας,
1734 2110 1869 2181 μήτε
1898 2110 2023 2165 ἄνευ

363 2199 689 2265 ἀποδείξεως
743 2198 843 2269 τᾲς
883 2197 1097 2268 ψήφους
1140 2196 1415 2267 ἐκφέρειν.
1493 2195 1803 2267 ’ᾼκούωμεν
1853 2197 2027 2251 ταῦτα

365 2289 625 2350 ἅπαντες.
665 2286 739 2339 Ού
782 2278 902 2355 γάρ’
925 2284 1084 2358 μόνον
1114 2282 1164 2336 οἱ
1196 2283 1288 2336 τὸν
1329 2282 1640 2337 δικαστικὸν
1692 2284 1880 2354 θρόνον
1930 2287 2027 2338 ἐπ-

365 2377 601 2446 έχοντες,
631 2372 818 2426 τοῦτον
849 2368 1366 2443 παραφυλάττεσθαι
1414 2369 1686 2439 ὀφείλουσι
1719 2372 1813 2425 τὸν
1843 2372 2023 2442 νόμον,

365 2462 504 2516 ἀλλά
532 2461 624 2514 ml
649 2457 806 2531 ήμῶν
860 2456 1089 2519 ἕκαστος
1117 2456 1384 2529 μηδέποτε
1426 2456 1536 2510 ἀπὸ
1577 2456 1741 2529 ψιλῆς
1776 2458 2028 2530 διαϐολῆς

367 2548 714 2619 κατακρίνειν
742 2546 832 2599 τὸν
860 2544 1103 2614 πλησίον.
1144 2542 1245 2597 Διά
1271 2543 1379 2615 γάρ
1400 2543 1557 2597 τοῦτο
1572 2545 1664 2599 ml
1695 2545 1831 2617 μετὰ
1859 2546 2028 2601 ταῦτα

366 2641 395 2690 ό
428 2636 694 2706 μακάριος
725 2624 878 2695 οὗτος
904 2630 1146 2701 Μωῦσῆς
1180 2630 1541 2701 ἐνηχούμενος
1577 2630 1683 2685 ὑπὸ
1722 2631 1819 2686 τοῦ
1863 2632 2029 2687 Πνεύ-

370 2739 538 2793 ματος
567 2717 1005 2791 παρῄνει,λέγων
1027 2733 1041 2747 ·
1077 2716 1299 2783 Ἀκοὴν
1315 2717 1575 2786 ματαίαν
1589 2717 1675 2791 μὴ
1700 2719 2025 2790 παραδέξῃ.

367 2810 532 2863 Καὶό
568 2808 834 2878 μακάριος
881 2806 936 2859 δέ
990 2803 1200 2867 Παῦλος
1254 2804 1481 2874 γράφων
1526 2805 1691 2859 ἐϐόα·
1735 2807 1821 2863 Σὺ
1858 2807 1927 2860 δὲ
1971 2808 2030 2862 τί

368 2896 591 2964 κρίνεις
612 2892 718 2945 τὸν
743 2891 1013 2960 ἀδελφόν
1040 2905 1201 2954 σου;
1244 2891 1356 2944 Καὶ
1407 2891 1435 2943 6
1470 2891 1706 2962 Χριστὸς
1746 2892 2029 2947 διατασσό-

370 2998 529 3053 μενος
584 2982 695 3043 τοῖς
747 2979 1032 3050 μαθηταῖς,
1067 2976 1163 3030 καὶ⁵
1213 2975 1482 3030 διδάσκων
1523 2978 1629 3033 τῶν
1677 2980 1945 3035 Ἰουδαίων
1969 2982 2029 3035 τὸ

367 3068 589 3138 πλῆθος,
618 3068 742 3130 τοὺς
769 3063 1129 3135 γραμματέας
1156 3063 1335 3118 αὐτῶν
1365 3064 1459 3116 ml
1475 3064 1818 3135 Φαρισαίους,
1845 3066 2026 3137 ἔλεγε·

367 3160 425 3210 Μ
432 3154 464 3221 ὴ
499 3154 751 3222 κρίνετε,
768 3153 870 3205 ἵνα
884 3151 970 3220 μὴ
1001 3146 1262 3220 κριθῆτε.
1280 3148 1347 3202 Τί
1372 3149 1501 3220 γὰρ,
1528 3152 1682 3222 φησὶ,
1705 3152 1813 3224 πρὸ
1836 3154 2029 3223 καιροῦ

366 3240 634 3321 ἀρπάζεις
653 3240 714 3292 τὸ
739 3238 834 3292 τοῦ
862 3236 1115 3292 δικαστοῦ
1148 3235 1392 3307 ἀξίωμα;
1422 3237 1477 3290 τί
1507 3239 1910 3310 προλαμϐάνεις
1931 3242 2031 3313 τὴν

368 3328 581 3399 ἡμέραν
608 3325 822 3395 ἐκείνην
844 3323 941 3395 τὴν
966 3322 1237 3394 φοϐεράν;
1264 3323 1451 3377 Βούλει
1479 3325 1670 3397 κριτὴς
1696 3321 1868 3395 εῖναι;
1895 3328 2032 3381 Σαυ-

366 3408 462 3467 τοῦ
496 3414 669 3482 γίνου,
702 3412 797 3465 ml
819 3410 929 3465 τῶν
956 3427 1037 3463 σοι
1067 3408 1219 3482 [428]
1250 3411 1820 3483 πεπλημμελημένων.
1845 3415 2031 3480 Οὐδεὶς

366 3503 397 3565 ό
429 3499 671 3565 κωλύων.
696 3486 850 3552 Οὕτω
876 3496 987 3568 γάρ
1014 3497 1110 3551 ml
1134 3496 1204 3551 τά
1229 3498 1594 3570 ἡμαρτημένα
1622 3516 1703 3552 σοι
1735 3500 2026 3572 διορθώσῃ,

368 3587 464 3650 καὶ
482 3584 737 3661 οὐδεμίαν
770 3585 835 3637 ἐκ
858 3582 953 3661 τοῦ
981 3582 1308 3655 πράγματος
1343 3585 1623 3657 ύποστήση
1664 3586 1887 3659 βλάϐην.
1905 3589 2029 3643 Ἐὰν

367 3676 425 3735 δὲ
449 3657 519 3727 τά
544 3657 689 3749 κατά
725 3658 920 3747 σαυτὸν
955 3670 1272 3725 καταλιπὼν
1305 3672 1525 3743 ἐτέρους
1564 3672 1769 3745 καθέζῃ
1804 3657 2027 3743 κρίνων,

372 3760 595 3833 μείζονα
613 3759 793 3833 σαυτῷ
823 3758 894 3813 τά
919 3757 1116 3830 φορτία
1146 3757 1257 3813 τῶν
1304 3760 1719 3831 ἁμαρτημάτων
1757 3763 2031 3833 συλλέγων

368 3849 470 3901 οὐκ
516 3846 767 3919 αἰσθάνῃ.
830 3846 906 3915 Δι’
949 3844 1001 3910 ὃ,
1058 3846 1385 3917 παρακαλῶ,
1422 3847 1713 3919 φεύγωμεν
1755 3850 1932 3922 πάντη
1971 3851 2033 3905 τὸ

371 3932 752 3998 καταδικάζειν
811 3933 938 4003 τοὺς
986 3932 1233 4003 πλησίον.
1271 3933 1335 3987 El
1378 3933 1488 4005 γάρ
1518 3936 1615 3988 ml
1651 3939 1749 4007 τῆς
1783 3937 2033 4005 ἐξουσίας

370 4024 466 4092 τῆς
494 4020 810 4091 δικαστικῆς
841 4021 902 4074 οὐ
933 4019 1201 4090 μετέχεις.
1229 4019 1445 4093 ἀλλάτῇ
1458 4022 1650 4095 γνώμῃ
1683 4026 2029 4098 κατέκρινας.

371 4110 464 4163 ml
515 4107 812 4161 ὑπεύθυνον
863 4106 941 4176 τῷ
993 4107 1348 4179 ἁμαρτήματι
1400 4110 1726 4181 πεποίηκας,
1778 4114 2031 4186 οὐδεμίαν

370 4192 646 4257 ἀπόδειξιν
699 4191 1010 4261 δεξάμενος,
1055 4192 1193 4248 ἀλλά
1244 4193 1503 4257 πολλάκις
1547 4195 1606 4263 ἐξ
1653 4198 1885 4267 ὑποψίας
1938 4204 2033 4256 ml

370 4279 623 4350 διαϐολῆς
642 4278 823 4349 ψιλῆς.
855 4277 955 4331 Διά
1003 4277 1112 4351 γάρ
1168 4279 1325 4333 τοῦτο
1371 4281 1461 4335 ml
1492 4283 1521 4335 6
1570 4284 1839 4355 μακάριος
1867 4288 2032 4343 Δαυῒδ

372 4367 503 4420 ἐϐόα
538 4366 728 4433 λέγων·
768 4362 884 4417 Τὸν
932 4365 1389 4421 καταλαλοῦντα
1411 4367 1599 4436 λάθρα
1630 4371 1736 4425 τοῦ
1767 4375 2034 4442 πλησίον

370 4452 577 4517 αὐτοῦ,
602 4451 818 4506 τοῦτον
845 4450 1185 4515 ἐξεδίωκον.

441 4592 502 4646 δ’.
545 4586 697 4654 Εἶδες
727 4590 928 4661 ἀρετῆς
960 4590 1294 4662 ύπερϐολήνς
1315 4592 1390 4645 Οὐ
1422 4592 1581 4663 μόνον
1606 4594 1667 4663 ού
1702 4597 2030 4669 παρεδέχετο

373 4679 533 4741 αὐτὸς
551 4678 621 4732 τά
644 4678 933 4749 λεγόμενα,
955 4677 1094 4733 ἀλλά
1122 4679 1217 4732 ml
1249 4679 1528 4751 ἀπήλαυνε
1554 4680 1645 4735 τὸν
1672 4682 1767 4747 τοῦ
1793 4684 2028 4757 ἀδελφοῦ

375 4765 698 4829 καταλαλεῖν
762 4765 1104 4835 βουλόμενον.
1148 4764 1276 4819 Ἐὰν
1320 4767 1500 4820 τοίνυν
1560 4767 1880 4841 βουλώμεθα
1933 4776 2031 4829 ml

373 4854 533 4922 ἡμεῖς
557 4850 813 4909 ἐλαττοῦν
845 4851 913 4904 τὰ
939 4852 1153 4915 ἑαυτοῖς
1193 4853 1553 4923 ἐπταισμένα,
1596 4854 1755 4909 τοῦτο
1792 4859 2028 4927 μάλιστα

375 4939 591 4992 πάντων
622 4937 1036 5009 φυλαττώμεθα,
1070 4940 1208 5011 μήτε
1240 4941 1713 5010 καταψηφίζεσθαι
1735 4944 1844 4999 τῶν
1872 4947 2032 5002 ἀδελ-

374 5026 488 5091 φῶν
515 5026 622 5078 τῶν
652 5025 955 5098 ἡμετέρων,
983 5029 1121 5097 μήτε
1137 5028 1263 5092 τοὺς
1280 5028 1600 5082 καταλαλεῖν
1620 5032 2029 5103 ἐπιχειροῦντας

374 5112 713 5181 προσίεσθαι,
744 5111 939 5183 μᾶλλον
982 5113 1039 5165 δὲ
1072 5113 1214 5167 κατὰ
1256 5114 1348 5167 τὸν
1373 5118 1658 5188 προφήτην
1684 5119 2029 5188 ἀπελαύνειν,

373 5199 467 5253 ml
500 5198 676 5269 πάντη
731 5199 1189 5272 ἀποστρέφεσθαι.
1228 5202 1397 5255 Τοῦτο
1451 5203 1560 5272 γάρ
1620 5199 1773 5275 οἶμαι
1812 5208 1907 5261 ml
1944 5210 2032 5265 τὸν

374 5285 658 5353 προφήτην
686 5285 928 5355 Μωῦσῆν
958 5285 1151 5357 δηλοῦν
1187 5286 1274 5341 διά
1313 5288 1408 5340 τοῦ
1452 5288 1654 5357 λέγειν,
1695 5292 2033 5363 Ἀκοὴνμα-

373 5371 546 5422 τοίαν
561 5370 647 5438 μὴ
687 5372 1014 5441 παραδέξῃ.
1052 5374 1151 5427 Διά
1174 5375 1424 5428 τοιτοῦτο
1452 5377 1546 5429 ml
1574 5374 1669 5429 νῦν
1697 5378 1726 5431 ὁ
1754 5379 1863 5433 τῶν
1894 5382 2031 5435 ὅλων

376 5456 651 5526 Δεσπότης
702 5459 937 5531 τοσαύτῃ
990 5460 1258 5533 παχύτητι
1330 5461 1529 5529 λέξεως
1580 5464 1851 5534 ἐχρήσατο
1894 5470 2031 5538 πρὸς

375 5542 640 5611 ὠφέλειαν
669 5544 778 5597 τῶν
831 5547 1111 5618 ἡμετέρων
1143 5548 1349 5619 ψυχῶν,
1414 5550 1508 5603 καί
1560 5567 1690 5620 φησι
1717 5569 1730 5583 ⁸
1762 5557 2031 5624 Κατίιϐὰς

378 5628 615 5698 ὄψομαι.
667 5630 731 5682 Τί
775 5632 915 5702 γάρ,;
951 5633 1066 5686 Οὐκ
1107 5634 1405 5703 ἠπίστατο;
1431 5635 1531 5689 οὐκ
1580 5637 1777 5707 nam?)
1802 5640 2031 5709 μέγεθος

378 5717 486 5795 Ιιτῶν
531 5719 967 5792 ἁμαρτημάτων,
1010 5724 1105 5777 οὐκ
1146 5725 1407 5795 ἐγίνωσκε
1464 5725 1523 5779 τὸ
1565 5725 1885 5798 ἀδιόρθωτον
1924 5731 2027 5787 τῶν

1151 340 1209 395 S.
1246 335 1529 396 JOANNIS
1566 332 2042 394 CHRYSOSTOMI
2081 333 2399 392 ARCIIIEP.
2438 331 2981 393 CONSTANTINOP.

3675 336 3781 393 590

2129 451 2539 522 ἐπταισμένων;
2583 452 2722 505 Ἀλλ’
2777 450 2963 522 ὥσπερ
3002 449 3297 518 ἀπολογίαν
3337 450 3457 503 τινὰ
3514 452 3780 516 συντιθεὶς

2124 540 2237 602 τοῖς
2268 538 2404 608 μετά
2440 539 2613 592 ταῦτα
2631 537 3003 609 ἀναισχύντως
3031 536 3280 605 ἐγκαλεῖν
3310 537 3668 607 βουλομένοις,
3687 539 3784 592 ml

2123 624 2335 688 δεικνὺς
2347 625 2526 677 αύτῶν
2545 625 2605 677 τὸ
2633 624 2956 688 ἀκάθεκτον,
2994 625 3087 678 καὶ
3111 624 3209 695 τὴν
3237 624 3435 695 πολλὴν
3467 626 3659 679 σπάνιν
3681 625 3783 694 τῆς

2123 712 2345 783 ἀρετῆς,
2376 713 2612 784 τοσαύτῃ
2641 712 2905 783 κέχρηται
2938 714 3004 783 τῇ
3053 712 3421 782 μακροθυμίᾳ.
3450 712 3601 782 Τάχα
3633 712 3690 765 δέ
3718 714 3782 766 ού

2123 795 2211 849 διά
2240 797 2397 851 τοῦτο
2420 799 2602 868 μόνον,
2630 797 2745 851 ἀλλ’
2786 797 2927 851 ὥστε
2967 798 3062 851 καὶ
3118 798 3197 869 τῷ
3264 798 3459 870 δικαίῳ
3515 798 3781 871 ἀφορμὴν

2125 887 2425 956 παρασχεῖν
2452 884 2622 949 δεῖξαι
2645 884 2743 955 τῆς
2775 883 2998 956 γνώμης
3022 884 3187 939 αὑτοῦ
3215 885 3276 939 τὸ
3298 887 3575 956 συμπαθὲς
3602 888 3697 940 ml
3719 888 3787 941 τὸ

2126 970 2493 1043 φιλόστοργον.
2514 972 2577 1024 Ol
2613 972 2712 1042 μὲν
2736 967 2827 1025 οῦν
2846 970 3085 1039 άγγελοι,
3104 970 3355 1042 καθάπερ
3391 970 3561 1044 ἔφθην
3590 972 3783 1038 εἰπὼν,

2124 1057 2363 1127 ἀπῆλθον
2387 1059 2469 1123 είς
2494 1059 2561 1112 τά
2588 1058 2820 1130 Σόδομα·
2842 1059 2871 1111 6
2896 1058 2953 1113 δέ
2982 1059 3323 1133 πατριάρχης
3353 1059 3597 1131 εἱστήκει
3628 1060 3785 1115 ἐναν-

2124 1145 2238 1199 τίον
2263 1145 2487 1217 Κυρίου.
2519 1146 2629 1200 Καὶ
2664 1146 2932 1216 ἐγγίσας,
2987 1147 3172 1218 φησὶν,
3231 1147 3477 1217 Ἀϐραὰμ
3502 1144 3652 1202 εἷπε·
3682 1148 3783 1228 Μὴ

2124 1234 2558 1302 συναπολέσῃς
2592 1232 2827 1288 δίκαιον
2869 1233 3020 1303 μετὰ
3059 1234 3340 1303 ἀσεϐοῦς,
3396 1235 3495 1289 καὶ
3554 1236 3727 1290 ἔσται
3750 1238 3785 1291 ό

2124 1321 2352 1388 δίκαιος
2381 1322 2461 1388 ὡς
2481 1325 2514 1376 ό
2545 1321 2807 1391 ἀσεϐής;
2862 1324 2928 1375 Ὠ
2955 1321 3055 1392 τῆς
3090 1322 3184 1376 τοῦ
3210 1321 3417 1376 δικαίου
3446 1322 3784 1397 παρρησίας,

2128 1408 2329 1479 μᾶλλον
2348 1408 2426 1474 δέ,
2444 1407 2677 1480 ὣψυχῆς
2700 1408 3031 1480 συμπάθεια·
3055 1408 3201 1474 ὅπως
3222 1411 3288 1481 τῇ
3312 1408 3413 1479 τῆς
3437 1409 3787 1479 συμπαθείας

2131 1496 2270 1579 μέθη
2302 1496 2571 1569 καρωθεὶς
2601 1498 2721 1551 οὐδὲ
2748 1496 2778 1550 ὃ
2802 1497 2949 1566 λέγει
2981 1496 3214 1566 συνίησι.
3258 1498 3368 1550 Καὶ
3408 1497 3723 1551 δεικνύουσα
3747 1500 3785 1579 ἡ

2128 1574 2482 1655 θείαΤραφὴ,
2506 1584 2588 1637 ὃτι
2616 1583 2754 1655 μετὰ
2779 1584 2946 1653 φόϐου
2976 1584 3170 1638 πολλοῦ
3204 1585 3299 1638 καὶ
3319 1585 3526 1656 τρόμου
3554 1587 3651 1658 τὴν
3675 1574 3787 1639 ίκεὲ

2128 1668 2247 1727 σίαν
2271 1671 2521 1735 ποιεῖται,
2549 1669 2728 1740 φησίν·
2757 1670 3034 1740 Ἐγγίσας
3067 1670 3311 1741 Ἀϐραὰμ
3333 1666 3484 1724 εἷπε·
3517 1671 3615 1739 Μὴ
3632 1688 3786 1725 avr-

2125 1758 2436 1827 ἀπολέσῃς
2471 1757 2707 1812 δίκαιον
2758 1756 2911 1826 μετὰ
2938 1757 3239 1831 ἀσεϐοῦς;
3294 1758 3359 1831 Τί
3392 1760 3584 1830 ποιεῖς,
3609 1752 3656 1813 ὧ
3679 1776 3788 1830 μα-

2128 1844 2283 1915 κάριε
2345 1845 2688 1917 πατριάρχας
2736 1845 2849 1915 Τῆς
2899 1845 3051 1916 παρά
3086 1844 3181 1898 σοῦ
3210 1845 3787 1919 δεῖταιπαρακλήσεως

2126 1931 2155 1983 6
2181 1932 2475 2003 Δεσπότης,
2522 1931 2663 1985 ὥστε
2701 1932 2775 2003 μὴ
2804 1932 2962 1985 τοῦτο
2999 1934 3225 2004 ποιῆσαι
3257 1949 3272 1997 ;
3322 1932 3483 2005 Ἀλλά
3522 1932 3597 2005 μὴ
3628 1932 3790 2002 τοῦτο

2126 2019 2424 2089 νοήσωμεν·
2454 2018 2575 2071 ούδέ
2599 2010 2707 2089 γάρ
2722 2018 2798 2081 ὡς
2810 2018 2905 2071 τοῦ
2927 2019 3196 2072 Δεσπότου
3213 2018 3370 2073 τοῦτο
3391 2022 3563 2073 ποιεῖν
3577 2014 3790 2092 μέλλον-

2127 2122 2217 2169 τος
2241 2105 2408 2174 λέγει,
2457 2105 2571 2158 ἀλλ’
2598 2104 2783 2179 ἐπειδὴ
2813 2103 2873 2179 ἐξ
2898 2105 3112 2169 εὐθείας
3136 2104 3223 2158 διὰ
3241 2105 3331 2159 τὸν
3360 2105 3677 2177 ἀδελφιδοῦν
3708 2107 3788 2159 εί-

2128 2195 2249 2245 πεῖν
2269 2192 2367 2245 ούκ
2399 2190 2639 2263 ἐθάρρει,
2696 2182 2880 2260 κοινὴν
2933 2192 3074 2264 ὑπὲρ
3119 2193 3372 2247 ἁπάντων
3425 2196 3659 2247 ποιεῖται
3686 2194 3789 2263 τὴν

2132 2280 2357 2338 ἱκεσίαν,
2377 2279 2695 2350 βουλόμενος
2718 2279 2976 2349 μετὰτῶν
2996 2280 3169 2335 ἀλλων
3213 2281 3309 2334 ml
3348 2280 3538 2335 τοῦτον
3585 2280 3790 2343 διασῶγ

2133 2384 2244 2430 σαι,
2311 2369 2405 2420 ml
2461 2367 2598 2437 μετά
2648 2365 2836 2420 τούτου
2892 2367 2985 2421 καὶ
3044 2368 3165 2431 τοὺς
3216 2367 3407 2433 ἄλλους
3460 2368 3785 2439 ἐξαρπάσαι·

2132 2454 2225 2507 ml
2253 2454 2479 2524 ἄρχεται
2503 2454 2602 2526 τῆς
2648 2454 3062 2525 παρακλήσεως,
3112 2454 3205 2509 καί
3240 2471 3425 2526 φησιν·
3488 2455 3632 2511 Ἐὰν
3672 2451 3788 2511 ὦσι

2130 2542 2505 2610 πεντήκοντα
2538 2540 2752 2610 δίκαιοι
2769 2542 2839 2596 ἐν
2858 2540 2931 2610 τῇ
2957 2542 3150 2631 πόλει,
3169 2542 3493 2631 ἀπολέσεις
3527 2544 3788 2631 αὐτούςς

2079 2683 2091 2716 ι
2134 2630 2255 2684 Οὐκ
2284 2628 2539 2698 ἀνήσεις
2572 2628 2808 2695 ἅπαντα
2834 2628 2942 2682 τὸν
2966 2629 3154 2684 τόπον
3182 2630 3393 2684 ἕνεκεν
3413 2631 3532 2684 τῶν
3568 2628 3789 2699 πεντή-

2087 2718 2091 2729 ‘
2129 2732 2313 2770 κοντα
2374 2714 2642 2782 δικαίων,
2699 2714 2808 2772 ἐὰν
2855 2710 3009 2771 ὦσιν
3047 2716 3117 2770 ἐν
3144 2716 3683 2793 αὺτῇ;Μηδαμῶς·
3715 2710 3789 2779 οὐ

2131 2804 2407 2872 ποιήσεις
2443 2804 2510 2856 τὸ
2530 2803 2697 2873 ῥῆμα
2728 2802 2905 2857 τοῦτο
2928 2813 2968 2868 ⁸,
2999 2804 3105 2858 τοῦ
3150 2804 3495 2859 ἀποκτεῖναι
3552 2806 3791 2871 δίκαιον

2125 2888 2275 2959 μετά
2307 2889 2583 2955 ἀσεϐοῦς,
2607 2889 2887 2943 καὶὲσται
2916 2892 2949 2943 ό
2971 2889 3198 2963 δίκαιος
3221 2891 3302 2961 ὠς
3328 2893 3363 2945 ό
3393 2891 3639 2969 ἁσεόῄς.
3665 2896 3789 2960 Μη-

2130 2976 2345 3046 δαμῶς.
2380 2975 2530 3048 [129]
2560 2976 2613 3028 Ὁ
2649 2977 2868 3044 κρίνων
2893 2974 3099 3032 πᾶσαν
3126 2976 3243 3046 τὴν
3274 2976 3392 3049 γῆν
3416 2980 3488 3033 οὺ
3516 2969 3792 3047 ποιήσεις

2130 3068 2368 3135 κρίσιν;
2401 3067 2543 3137 Ὅρα
2573 3065 2690 3128 πῶς
2730 3066 2824 3118 ml
2867 3066 2925 3119 ἐν
2972 3069 3038 3137 τῇ
3084 3066 3263 3137 ἱκεσία
3317 3066 3583 3122 δείκνυσιν
3623 3056 3790 3139 αὐτοῦ

2131 3154 2228 3221 τῆς
2256 3152 2479 3223 γνώμης
2500 3152 2561 3204 τὸ
2590 3152 2852 3221 φιλόθεον,
2875 3154 2969 3205 ml
2993 3154 3185 3223 κριτὴν
3208 3153 3388 3225 πάσης
3418 3155 3517 3231 τῆς
3536 3155 3640 3225 γῆς
3662 3158 3792 3226 όμο-

2131 3238 2297 3306 λογεῖ,
2331 3240 2426 3292 ml
2457 3238 2598 3304 ἀξιοῖ
2627 3238 2701 3311 μὴ
2731 3240 3090 3293 συναπολέσαι
3116 3241 3323 3294 δίκαιον
3357 3243 3494 3313 μετά
3536 3243 3790 3308 ἀσεϐοῦς.

2131 3321 2264 3377 Εἶτα
2291 3326 2320 3377 6
2343 3324 2547 3395 ἥμερος
2584 3324 2680 3378 καὶ
2713 3324 3090 3396 φιλάνθρωπος
3116 3326 3250 3390 Θεὸς
3278 3327 3517 3382 ἐπινεύει
3539 3331 3605 3399 τῇ
3637 3331 3791 3401 αἰτή-

2134 3428 2238 3476 σει,
2270 3412 2361 3465 καί
2392 3429 2548 3483 φησι·
2577 3412 2720 3467 Ποιῶ
2750 3414 2885 3485 ὅπερ
2906 3413 3155 3485 εἴρηκας,
3203 3415 3297 3468 ml
3320 3415 3545 3487 δέχομαί
3581 3434 3672 3470 σου
3695 3417 3795 3487 τὴν

2080 3520 2085 3525 ί
2134 3498 2497 3569 παράκλησιν.
2537 3500 2679 3553 Ἐὰν
2720 3499 3005 3567 εὑρεθῶσι
3061 3500 3439 3568 πεντήκοντα
3467 3503 3684 3558 δίκαιοι
3722 3505 3795 3558 ἐν

2134 3587 2208 3656 τῇ
2265 3588 2461 3651 πόλει,
2513 3586 2589 3639 δι’
2619 3588 2892 3655 ἐκείνους
2933 3588 3149 3658 ἀφήσω
3189 3588 3387 3645 πάντα
3439 3591 3548 3645 τὸν
3583 3593 3788 3647 τόπον.

2133 3675 2461 3745 Χαρίζομαι,
2487 3674 2639 3745 φησὶ,
2656 3677 2766 3739 τοῖς
2786 3677 3117 3747 πεντήκοντα
3132 3677 3380 3747 δικαίοις,
3397 3678 3493 3733 ἐάν
3506 3680 3789 3750 εὑρεθῶσι,

2133 3763 2240 3816 τῶν
2261 3762 2461 3815 λοιπῶν
2488 3764 2585 3834 τὴν
2607 3763 2899 3834 σωτηρίαν,
2939 3765 3033 3818 ml
3056 3764 3153 3835 τὴν
3184 3766 3402 3837 αἴτησιν
3436 3766 3536 3837 τὴν
3580 3768 3681 3838 σὴν
3712 3770 3790 3832 εἰς

2134 3849 2293 3920 ἔργον
2339 3848 2553 3919 ἀγάγω.
2620 3850 2761 3903 Ἀλλ’
2807 3850 3005 3921 ῖδωμεν
3028 3850 3120 3904 τὸν
3163 3850 3370 3907 δίκαιον
3400 3852 3611 3918 τοῦτον,
3644 3856 3793 3926 ὅπως

2135 3937 2447 4009 παρρησίας
2480 3936 2886 4008 ἐπιλαϐόμενος,
2919 3938 3013 3991 ml
3046 3937 3139 3991 τοῦ
3167 3938 3303 3992 Θεοῦ
3354 3939 3455 4010 τὴν
3489 3940 3795 4014 φιλανθρω-

2136 4024 2264 4077 πίαν
2290 4023 2465 4089 εἰδὼς,
2497 4023 2657 4078 πάλιν
2677 4024 2934 4096 δευτέραν
2964 4024 3181 4095 αἴτησιν
3198 4026 3487 4097 προσάγει,
3514 4028 3609 4096 καί
3636 4046 3790 4109 φησιέ

2132 4112 2262 4167 Νῦν
2279 4112 2556 4181 ἠρξάμην
2578 4110 2845 4181 λαλῆσαι
2866 4112 3014 4181 πρὸς
3042 4113 3149 4167 τὸν
3180 4114 3402 4182 Κύριόν
3418 4131 3561 4184 μου·
3588 4116 3701 4185 ἐγὼ
3724 4116 3793 4187 δέ

2132 4202 2246 4269 ειμι
2271 4198 2345 4269 γῆ
2370 4200 2467 4261 καὶ
2492 4199 2739 4265 σποδός.
2772 4198 2864 4269 Μὴ
2891 4200 3137 4272 νομίσῃς,
3195 4201 3350 4271 φησὶ,
3390 4203 3655 4273 Δέσποτα,
3692 4207 3795 4274 ἀγ-

2133 4288 2273 4339 νοεῖν
2312 4303 2379 4355 με
2411 4286 2669 4356 ἐμαυτὸν,
2715 4287 2810 4339 ml
2853 4286 3200 4357 ὑπερϐαίνειν
3234 4305 3302 4358 με
3340 4288 3403 4342 τὸ
3438 4290 3659 4361 μέτρον,
3700 4294 3795 4347 ml

2132 4373 2367 4446 τοσαύτῃ
2396 4372 2691 4444 κεχρῆσθαι
2734 4376 2800 4445 τῇ
2826 4373 3127 4445 παρρησίᾳ.
3161 4368 3292 4427 Οἶδα
3337 4375 3448 4447 γάρ
3470 4378 3553 4430 ὃτι
3578 4379 3649 4449 γῆ
3678 4382 3793 4451 είμι

2136 4459 2229 4513 καὶ
2265 4459 2479 4523 σποδός·
2510 4459 2627 4512 ἀλλ’
2660 4458 2849 4531 ὥσπερ
2875 4459 3033 4512 τοῦτο
3059 4456 3200 4523 οἶδα,
3233 4462 3328 4515 καὶ
3355 4464 3543 4532 σαφῶς
3568 4466 3797 4520 ἐπίστα-

2139 4564 2260 4618 μαι,
2283 4546 2455 4610 οὕτως
2480 4547 2602 4600 ούδέ
2629 4550 2805 4601 ἐκεῖνο
2838 4546 3036 4615 ἀγνοῶ,
3064 4548 3147 4601 ὅτι
3174 4549 3308 4603 πολὺ
3340 4550 3400 4604 τὸ
3431 4551 3654 4622 μέγεθος
3691 4555 3794 4625 τῆς

2135 4634 2236 4703 σῆς
2265 4633 2690 4705 φιλανθρωπίας,
2714 4635 2808 4687 ml
2841 4635 2921 4687 ὅτι
2954 4633 3207 4701 πλούσιος
3233 4632 3286 4689 εῐ
3318 4638 3376 4690 ἐν
3408 4638 3702 4710 ἀγαθότητι
3739 4643 3793 4708 δ,

2135 4722 2230 4775 ml
2278 4721 2457 4792 βούλει
2501 4723 2708 4785 πάντας
2737 4722 3057 4793 ἀνθρώπους
3086 4723 3346 4794 σωθῆναι.
3387 4725 3446 4778 '0
3469 4726 3577 4798 γάρ
3610 4728 3674 4781 ἐκ
3697 4710 3791 4784 τοῦ

2137 4811 2212 4882 μὴ
2241 4812 2390 4874 ὄντος
2406 4810 2759 4881 παραγαγὼν,
2776 4810 2892 4873 πῶς
2915 4810 2979 4864 άν
3006 4828 3135 4865 ποτε
3156 4813 3479 4884 γενομένους
3498 4817 3790 4890 ἀπολέσῃς,

2134 4899 2182 4951 εί
2213 4899 2288 4968 μὴ
2313 4897 2481 4969 πολλὴ
2499 4898 2608 4952 τῶν
2645 4897 3058 4969 ἁμαρτημάτων
3084 4894 3152 4970 ἦν
3184 4901 3217 4970 ή
3247 4902 3421 4972 φορά;
3448 4904 3525 4954 Δι’
3552 4903 3580 4956 6
3600 4904 3791 4976 δέομαι

2136 4984 2298 5037 πάλιν
2332 4985 2427 5038 ml
2453 4983 2608 5051 ἀξιῶ,
2654 4984 2786 5037 Ἐὰν
2806 4984 3096 5052 ἐλάττους
3130 4985 3249 5039 τῶν
3284 4988 3660 5055 πεντήκοντα
3694 4995 3793 5047 εὑ-

2126 5069 2365 5139 ρεθῶσι,
2397 5070 2493 5124 καὶ
2524 5070 2978 5138 τεσσαράκοντα
3034 5072 3213 5127 πέντε
3230 5068 3467 5129 ὧσινέν
3510 5075 3585 5145 τῇ
3616 5080 3793 5135 πόλει

2133 5150 2367 5223 δίκαιοι,
2395 5159 2466 5212 οὐ
2488 5157 2707 5224 σώσεις
2738 5157 2853 5225 τὴν
2876 5161 3059 5213 πόλιν
3078 5177 3099 5225 ;
3121 5160 3230 5215 Καὶ
3252 5158 3442 5216 εἶπεν·
3461 5164 3601 5218 Ἐὰν
3626 5168 3792 5233 εὑρε-

2134 5244 2279 5299 θῶσι
2311 5246 2761 5313 τεσσαράκοντα
2788 5245 2987 5308 πέντε,
3015 5249 3087 5301 οὐ
3120 5247 3208 5316 μὴ
3242 5249 3544 5304 ἀπολέσω.
3593 5252 3688 5314 Τίς
3722 5253 3791 5307 ἂν

2134 5331 2255 5382 κατ’
2278 5330 2433 5393 ἀξίαν
2481 5331 2572 5383 τὸν
2620 5330 2729 5384 τῶν
2781 5332 2917 5385 ὅλων
2960 5332 3091 5384 Θεὸν
3112 5334 3371 5405 ὑμνήσειε
3394 5338 3493 5404 τῆς
3520 5337 3793 5409 τοσαύτης

2137 5410 2513 5487 μακροθυμίας
2538 5418 2632 5471 ml
2686 5420 3162 5487 συγκαταϐάσεως,
3188 5422 3221 5493 ἢ
3250 5422 3342 5476 τὸν
3367 5423 3574 5477 δίκαιον
3607 5444 3793 5496 μακα-

2138 5504 2306 5575 ρίσειε
2338 5500 2606 5578 τοσαύτης
2636 5506 3017 5561 ἀπολαύσαντα
3064 5509 3414 5580 παρῤησίας;
3458 5512 3569 5565 Καὶ
3603 5529 3793 5581 προσ-

2197 5620 2222 5691 ξ
2334 5619 2501 5691 Bibliis
2523 5620 2704 5691 Graecig
2727 5625 2953 5691 μηδαμῶς
2983 5624 3039 5691 ού
3064 5627 3277 5691 ποιήσεις
3299 5630 3361 5683 ὡς
3397 5628 3451 5675 τὸ
3485 5630 3610 5691 ῥῆμα
3626 5629 3786 5678 τοῦτο.

2438 5683 2516 5757 ὅτι⁸
2544 5678 2865 5757 ’πηγάζεὶςὲκί
2885 5678 3174 5745 έιγαθότητι.¹
3202 5678 3325 5739 Τῐέδ
3350 5678 3469 5755 Τυδε-
3486 5678 3572 5737 ’ὄτι
3601 5694 3788 5757 πηγάζῃ

2145 5743 2206 5790 ἐν.
2239 5742 2411 5793 Morel.
2433 5750 2487 5793 ut
2505 5742 2553 5793 in
2576 5752 2733 5795 textu.
2928 5742 2937 5745 ⁷
3082 5742 3087 5744 ⁷
3358 5751 3361 5755 ’
3657 5742 3689 5753 ’⁸
3743 5742 3782 5767 ’⁸
