4084 6356
345 355 450 412 2589

342 466 477 519 alias
524 466 837 523 exhibuisse
870 484 883 520 :
912 476 967 522 et
1000 467 1352 524 insurrexisse
1382 466 1707 539 potentiores
1740 476 1928 523 contra

344 554 712 624 invalidiorcs,
761 559 1086 629 ditioresque
1129 569 1315 614 contra
1361 575 1641 629 pauperes.
1706 559 1933 614 Proinde

344 662 450 700 non
481 648 676 714 solum,
720 649 907 718 inquit,
953 665 1176 719 magnus
1218 659 1336 704 erat
1380 638 1930 718 planctus-clamoris,

345 736 439 790 sed
464 748 516 791 et
548 748 761 806 peccata
788 740 1025 808 ipsorum
1053 754 1160 794 non
1191 741 1424 810 vulgaria
1471 739 1637 804 fuere,
1686 741 1779 795 sed
1823 756 1935 793 ma-

341 842 467 896 gna,
517 836 674 897 atque
721 829 974 899 ingentia.
1024 830 1298 885 lnsolitum
1339 832 1486 886 enim
1512 831 1801 901 iniquitatis
1828 845 1934 884 mo-

344 918 470 971 dum
513 919 979 988 excogitaverunt,
1009 928 1065 976 et
1108 922 1311 977 alienas
1360 932 1411 977 et
1452 922 1670 977 illicitas
1708 921 1931 976 coeundi

346 1009 490 1077 leges
540 1011 874 1066 invenerunt.
923 1013 1097 1084 Atque
1137 1024 1279 1068 tanta
1326 1024 1441 1068 erat
1483 1015 1697 1070 malitia:
1742 1015 1934 1085 procli-

341 1103 499 1169 vitas,
551 1112 606 1157 ut
650 1118 838 1159 omnes
884 1107 1027 1160 omni
1073 1109 1213 1161 malo
1260 1108 1613 1178 replerentur,
1653 1118 1707 1162 et
1732 1107 1931 1163 nullam

343 1196 530 1262 postea
583 1197 971 1252 correctionem
1019 1199 1396 1265 admitterent,
1459 1201 1707 1271 dignique
1752 1210 1933 1257 essent

340 1284 431 1353 qui
490 1289 700 1356 penitus
741 1289 1084 1344 abolerentur
1124 1309 1140 1345 :
1189 1307 1361 1362 neque
1413 1292 1557 1347 enim
1611 1292 1931 1349 incurabiles

341 1376 553 1432 illorum
579 1380 748 1433 morbi
779 1381 1017 1436 medicos
1042 1382 1302 1438 ferebant.
1330 1385 1519 1439 Postea
1547 1384 1743 1439 docens
1773 1400 1931 1441 omne

340 1470 618 1527 hominum
647 1490 836 1545 genus,
882 1476 1006 1530 licet
1034 1492 1223 1547 magna
1255 1477 1412 1532 valde
1439 1488 1495 1532 et
1522 1479 1793 1547 explorata
1824 1477 1931 1533 sint

340 1576 577 1632 peccata,
605 1580 711 1618 non
730 1576 885 1621 antea
918 1577 1092 1621 tamen
1116 1569 1560 1637 pronuntiandam
1586 1570 1927 1637 sententiam,

339 1673 496 1724 quam
542 1658 837 1713 manifesta:
886 1661 1227 1729 probationes
1268 1661 1467 1727 adsint,
1518 1662 1690 1732 inquit
1736 1679 1752 1717 :
1796 1660 1925 1716 Cum

338 1750 660 1819 descendere,
708 1753 884 1806 videbo
938 1763 1106 1806 utrum
1140 1756 1295 1823 juxta
1342 1754 1614 1808 clamorem
1661 1755 1886 1824 ipsorum
1906 1794 1924 1821 ,

338 1842 425 1911 qui
468 1842 536 1896 ad
581 1860 663 1898 me
704 1845 855 1910 venit,
894 1846 1176 1914 per/iciant,
1221 1862 1396 1910 necne,
1447 1854 1500 1898 ut
1528 1846 1703 1900 sciam.

410 1934 532 1989 Non
580 1947 697 1990 sunt
748 1937 927 1990 auditu
974 1937 1083 1991 solo
1128 1937 1500 1991 condemnandi
1548 1938 1641 1991 rei.
1683 1966 1757 1977 —
1791 1936 1927 2003 Quid

337 2026 439 2080 sibi
485 2028 618 2092 vult,
659 2036 715 2083 et
759 2044 857 2083 cur
901 2043 1206 2083 sermonem
1255 2043 1410 2083 suum
1455 2030 1524 2083 ita
1573 2030 1929 2099 attemperat?

338 2117 467 2170 Cum
492 2119 812 2184 descendero,
849 2120 1036 2189 inquit,
1084 2120 1278 2174 videbo.
1309 2121 1571 2191 Numquid
1611 2121 1678 2177 de
1719 2123 1834 2178 loco
1876 2124 1926 2177 in

338 2207 514 2262 locum
562 2210 751 2264 transit
800 2210 1170 2266 universorum
1218 2212 1514 2267 Dominus?
1584 2214 1755 2267 Absit.
1809 2213 1925 2269 Non

338 2300 441 2355 hoc
481 2301 581 2355 sibi
628 2302 777 2367 vult;
832 2302 926 2357 sed
976 2312 1031 2357 ut
1080 2302 1209 2371 dixi,
1241 2303 1489 2358 crassiori
1540 2319 1789 2360 sermone
1830 2320 1928 2360 nos

339 2393 615 2448 instituere
657 2394 837 2463 cupit,
898 2409 1086 2465 magna
1140 2409 1273 2464 opus
1319 2409 1440 2449 esse
1485 2395 1753 2465 diligentia
1808 2412 1822 2448 :
1873 2404 1928 2451 et

338 2500 443 2538 non
502 2485 683 2540 auditu
737 2487 855 2540 solo
919 2498 1225 2555 peccatores
1286 2487 1721 2543 condemnandos
1766 2504 1924 2557 esse,

336 2592 509 2645 neque
538 2578 858 2632 sententiam
889 2577 1178 2644 ferendam,
1225 2578 1327 2633 nisi
1383 2580 1751 2649 comprobatio
1779 2595 1922 2650 pra:-

334 2669 509 2723 cedat.
566 2669 859 2724 Audiamus
884 2669 999 2725 haac
1024 2684 1230 2725 omnes.
1260 2670 1376 2725 Non
1406 2671 1549 2726 enim
1578 2672 1751 2727 solum
1777 2672 1810 2726 ii
1836 2673 1926 2743 qui

339 2774 437 2829 pro
464 2759 717 2815 tribunali
757 2761 965 2828 sedent,
1009 2762 1304 2818 observare
1332 2762 1472 2818 hanc
1506 2763 1679 2835 legem
1707 2764 1921 2832 debent,

338 2854 432 2909 sed
465 2865 519 2910 et
549 2855 727 2911 nullus
766 2872 1019 2927 umquam
1048 2856 1116 2912 ob
1145 2856 1341 2911 nudam
1379 2859 1772 2913 accusationem
1799 2874 1926 2928 pro-

336 2948 539 3001 ximum
572 2948 912 3004 condemnet.
964 2948 1166 3004 Idcirco
1201 2950 1345 3005 enim
1367 2958 1425 3005 et
1454 2959 1574 3019 post
1598 2950 1711 3005 haec
1739 2951 1926 3006 beatus

338 3040 513 3094 Moses
548 3039 745 3111 Spiritu
777 3051 963 3096 sancto
991 3040 1202 3095 afﬂatus
1226 3040 1506 3106 admonet,
1551 3041 1739 3097 dicens
1765 3057 1780 3094 :
1812 3040 1920 3095 Au-

336 3134 496 3186 ditum
532 3150 717 3188 vanum
756 3150 819 3188 ne
864 3133 1084 3205 accipias
1133 3132 1346 3205 (Exod.
1372 3134 1464 3187 23.
1494 3135 1518 3188 l
1546 3131 1588 3201 ).
1632 3133 1699 3187 Et
1741 3133 1926 3189 beatus

337 3224 553 3291 Paulus,
608 3225 871 3292 scribens,
918 3225 1182 3279 clamabat
1215 3243 1229 3279 :
1259 3223 1336 3277 Tu
1377 3235 1546 3278 autem
1596 3240 1685 3277 cur
1718 3226 1926 3295 judicas

337 3318 545 3385 fratrem
572 3326 714 3369 tuum
762 3315 939 3385 (Rom.
968 3317 1055 3370 l4.
1084 3316 1215 3386 10)?
1242 3316 1484 3371 Christus
1528 3331 1739 3386 quoque
1786 3332 1923 3386 pra:-

336 3407 539 3475 cipiens
580 3407 853 3476 discipulis
880 3407 1011 3471 suis,
1043 3415 1097 3461 et
1121 3406 1320 3460 docens
1348 3405 1656 3460 Judazorum
1683 3406 1926 3461 multitu—

335 3498 539 3563 dinem,
583 3500 785 3554 scribas
822 3514 1031 3565 eorum,
1064 3509 1118 3552 et
1148 3498 1466 3563 Pharisaros,
1504 3497 1695 3565 Nolite,
1734 3499 1923 3568 inquit,

326 3588 588 3660 judicare,
628 3603 680 3645 ut
719 3610 822 3646 non
846 3592 1147 3662 judicemini
1191 3591 1404 3663 (Matth.
1438 3593 1490 3645 7.
1526 3592 1598 3661 i).
1623 3591 1730 3646 Cur
1757 3591 1922 3658 enim,

336 3683 526 3753 inquit,
575 3694 700 3738 ante
742 3692 951 3753 tempus
991 3683 1197 3737 invadis
1241 3683 1436 3753 judicis
1467 3684 1593 3752 jus?
1635 3700 1731 3739 cur
1781 3700 1923 3753 pra:-

338 3777 489 3830 venis
516 3776 657 3831 diem
686 3776 834 3831 illum
864 3775 1191 3831 terribilem?
1226 3776 1313 3830 \‘is
1334 3775 1496 3844 judex
1528 3776 1694 3832 esse?
1739 3775 1924 3831 iudica

339 3868 702 3937 temetipsum,
745 3878 801 3922 et
830 3877 918 3922 tua
947 3867 1158 3922 delicta.
1188 3866 1373 3921 Nullus
1398 3877 1479 3922 est
1506 3868 1593 3936 qui
1620 3876 1781 3923 vetet.
1836 3867 1925 3923 Sic

337 3960 481 4012 enim
522 3968 577 4013 et
619 3969 835 4029 peccata
864 3969 950 4013 tua
977 3958 1309 4025 emendabis,
1339 3968 1393 4014 et
1421 3958 1552 4014 nihil
1581 3975 1645 4013 ex
1692 3959 1794 4014 hoc
1845 3963 1925 4014 in-

338 4049 605 4103 commodi
644 4050 841 4121 capies.
871 4050 1023 4118 Quod
1053 4049 1099 4103 si
1128 4049 1326 4104 relictis
1352 4049 1512 4109 rebus
1537 4049 1640 4104 tuis
1674 4050 1829 4105 sedes
1856 4050 1923 4105 ad

336 4139 681 4209 iudicandum
715 4140 869 4208 alios,
920 4139 1151 4209 majores
1179 4148 1231 4194 te
1259 4138 1352 4194 tibi
1383 4139 1479 4209 ipsi
1506 4139 1758 4209 colligere
1798 4154 1925 4209 pec-

340 4240 580 4285 catorum
612 4231 849 4286 sarcinas
875 4246 979 4285 non
1009 4229 1195 4285 sentis.
1229 4229 1453 4295 Idcirco,
1484 4230 1729 4296 obsecro,
1761 4230 1927 4301 fugia-

344 4337 460 4376 mus
481 4322 701 4376 omnino
723 4337 754 4376 a
778 4320 1197 4377 condemnandis
1224 4320 1364 4376 aliis.
1406 4320 1540 4375 Nam
1576 4321 1674 4377 etsi
1701 4321 1927 4390 judicia-

344 4417 436 4467 riae
465 4415 740 4483 potestatis
777 4429 883 4469 non
921 4415 996 4469 sis
1040 4414 1339 4485 particeps,
1399 4423 1632 4469 attamen
1676 4415 1924 4483 judicasti

343 4514 544 4570 mente,
570 4513 625 4558 et
652 4513 870 4573 peccato
910 4504 1079 4559 fecisti
1118 4513 1168 4559 te
1194 4505 1504 4571 obnoxium,
1546 4506 1758 4575 quando
1786 4507 1927 4561 nulla

343 4594 796 4663 demonstratione
832 4604 1082 4664 accepta,
1133 4593 1228 4650 sed
1269 4610 1640 4663 saepenumero
1682 4596 1791 4650 sola
1838 4612 1925 4651 su-

342 4689 603 4757 spicione,
624 4697 678 4743 et
696 4688 837 4742 tenui
866 4689 1202 4742 accusatione
1228 4688 1574 4743 condemnas.
1594 4689 1927 4758 Quapropter

348 4781 533 4835 beatus
569 4780 735 4835 David
764 4779 1027 4835 clamabat
1062 4780 1245 4835 dicens
1290 4799 1301 4833 :
1338 4779 1694 4834 Detraltentem
1739 4790 1927 4835 secreto

349 4875 576 4941 proximo
612 4890 724 4935 suo,
768 4874 900 4927 hunc
941 4873 1269 4943 persequebar
1307 4873 1481 4943 (Psal.
1528 4873 1649 4928 100.
1685 4872 1761 4943 5).

416 4966 469 5016 Δ.
511 4962 702 5017 Aliena:
726 4967 877 5034 [amre
902 4962 1229 5033 parcendum.
1252 4992 1324 5002 -—
1342 4961 1530 5017 Vidisti
1553 4962 1762 5021 virtutis
1791 4962 1930 5017 emi-

348 5055 623 5108 nentiam?
655 5053 771 5109 Non
797 5055 972 5109 solum
1000 5068 1105 5107 non
1128 5054 1417 5123 recipiebat
1443 5070 1562 5124 quae
1589 5053 1924 5119 dicebantur,

347 5145 442 5198 sed
471 5154 524 5198 et
544 5144 790 5215 abigebat
814 5143 1081 5199 volentem
1101 5144 1247 5198 fratri
1278 5159 1375 5199 suo
1398 5145 1733 5200 maledicere.
1766 5144 1930 5214 Igitur

346 5240 389 5291 si
438 5248 493 5291 et
540 5251 637 5293 nos
681 5245 896 5306 peccata
942 5246 1123 5292 nostra
1158 5236 1474 5293 imminuere
1500 5238 1771 5303 volumus,
1828 5237 1931 5291 hoc

351 5329 581 5382 maxime
624 5329 863 5383 omnium
908 5342 1204 5393 servemus,
1247 5341 1347 5381 nec
1385 5328 1803 5383 condemnemus
1828 5328 1931 5382 fra-

350 5431 460 5474 tres
486 5429 717 5483 nostros,
746 5433 917 5488 neque
942 5418 1226 5473 detrahere
1252 5418 1525 5487 cupientes
1552 5418 1929 5473 admittamns:

354 5514 460 5565 imo
486 5512 776 5567 secundum
804 5511 1112 5580 prophetam
1134 5510 1428 5580 abigamus,
1454 5519 1508 5564 et
1537 5511 1753 5565 omnino
1782 5525 1933 5564 aver-

351 5620 551 5659 semur.
577 5604 689 5659 lloc
708 5604 849 5658 enim
879 5603 1066 5671 opinor
1086 5612 1139 5657 et
1168 5601 1481 5673 prophetam
1514 5601 1710 5656 Mosem
1734 5601 1934 5655 insinu-

352 5710 465 5759 are,
504 5710 625 5749 cum
664 5694 824 5749 dicit:
853 5693 1094 5747 Auditum
1135 5709 1319 5747 vanum
1360 5708 1421 5746 ne
1453 5693 1700 5759 acceperis
1739 5690 1935 5760 (Exod.

356 5786 445 5843 23.
495 5784 565 5859 l).
607 5787 670 5842 Et
705 5786 803 5842 hac
838 5783 903 5841 de
937 5798 1097 5841 causa
1140 5784 1299 5841 etiam
1342 5798 1479 5839 nunc
1525 5778 1778 5838 Dominus
1825 5789 1933 5836 tam

1364 353 1427 408 IN
1465 340 1615 410 CAP.
1657 310 1842 406 xviii.
1882 340 2385 406 GENES.HO.\1IL.
2420 348 2586 404 ‘XLll.

3507 362 3611 421 390

2040 481 2222 521 crasso
2262 482 2512 524 sermone
2569 483 2695 525 usus
2740 479 2823 525 est
2878 471 2940 527 in
2979 473 3257 530 utilitatem
3317 476 3612 532 animarum

2036 570 2359 612 nostrarum.
2388 559 2523 616 Dicit
2544 560 2685 616 cnim
2719 578 2734 616 :
2762 562 2889 618 Cum
2911 563 3216 620 descendero
3237 572 3625 632 autem,videbo.

2033 648 2145 703 Cur
2186 649 2375 704 enim?
2419 648 2552 705 Num
2612 653 2914 708 nesciebat?
2970 655 3316 724 ignorabatne
3372 671 3615 729 peccato-

2036 755 2174 817 rum~
2198 742 2659 812 magnitudinem?
2699 758 2767 797 an
2803 746 3075 801 nesciebat
3117 747 3294 818 lapsos
3322 753 3614 806 correctio-

2037 845 2158 885 nem
2188 847 2295 887 non
2322 834 2712 901 suscepturus?
2750 836 2920 890 Absit.
2966 838 3162 893 Verum
3204 842 3353 911 quasi
3399 844 3613 898 satisfa-

2034 925 2264 980 ctionem
2292 926 2574 995 quamdam
2611 926 2763 982 affert
2810 929 2873 983 iis
2911 931 2999 1000 qui
3025 932 3246 1001 posthac
3280 934 3618 1005 impudenter

2034 1031 2287 1074 accusare
2338 1020 2541 1085 volent,
2595 1030 2649 1075 et
2675 1022 3018 1077 monstrando
3042 1038 3225 1079 eorum
3265 1028 3614 1097 pervicaciam

2034 1117 2095 1177 et,
2124 1109 2332 1165 virtutis
2366 1113 2676 1182 penuriam,
2727 1123 2871 1169 tanta
2901 1130 3028 1171 usus
3057 1126 3141 1172 est
3164 1121 3433 1188 patientia.
3477 1123 3611 1178 ιιότ-

2036 1190 2190 1258 tassis
2216 1212 2392 1259 autem
2423 1220 2528 1260 non
2557 1214 2775 1275 propter
2798 1207 2898 1262 hoc
2923 1209 3117 1275 solum,
3167 1212 3260 1267 sed
3303 1222 3358 1267 et
3384 1222 3443 1269 ut
3470 1214 3618 1285 justo

2033 1295 2189 1350 detur
2212 1297 2423 1351 occasio
2446 1296 2751 1352 declarandi
2791 1310 3021 1353 mentem
3056 1316 3206 1356 suam
3238 1304 3617 1360 misericordia:

2034 1388 2266 1457 plenam,
2313 1400 2366 1443 et
2393 1390 2529 1444 bene
2554 1390 2607 1443 in
2632 1390 2765 1445 alios
2792 1390 3059 1447 affectam.
3100 1395 3293 1464 Angeli
3334 1396 3510 1464 enim,
3557 1408 3618 1454 ut

2032 1479 2181 1545 dixi,‘
2212 1480 2456 1535 abierant
2501 1481 2556 1536 in
2600 1481 2831 1537 Sodoma
2884 1482 2963 1552 (υ.
2985 1484 3085 1552 22)
3111 1503 3124 1539 :
3154 1487 3455 1556 patriarcha
3490 1504 3617 1545 vero

2030 1571 2211 1627 ςιίιὺςιι
2257 1587 2439 1627 coram
2482 1573 2709 1627 Domino
2752 1589 2767 1627 :
2813 1575 2902 1630 23.
2951 1575 3017 1629 Et
3062 1586 3133 1629 ut
3160 1579 3617 1649 appropinquavit,

2033 1661 2221 1730 inquit,
2244 1661 2524 1731 Abraham,
2561 1664 2690 1717 dixit
2716 1680 2737 1719 :
2764 1663 3028 1735 Numquid
3047 1668 3224 1737 perdes
3243 1669 3395 1723 simul
3416 1670 3617 1739 justum

2024 1767 2149 1805 eum
2183 1752 2363 1819 impio,
2408 1761 2456 1807 et
2493 1754 2588 1807 erit
2606 1755 2780 1823 justus
2817 1755 2947 1809 sicut
2983 1757 3216 1827 impius?
3250 1758 3296 1814 Ο
3340 1758 3469 1828 justi
3516 1761 3616 1816 viri

2030 1842 2314 1898 fiduciam!
2347 1844 2476 1910 imo,
2519 1861 2552 1898 ο
2594 1856 2787 1915 quanta
2829 1847 2991 1901 animi
3031 1851 3455 1905 commiseratio!
3483 1867 3615 1923 quo-

2029 1933 2193 1988 modo
2233 1936 2712 1990 commiserationis
2740 1937 2996 1993 ebrietate
3023 1949 3270 2008 gravatus
3297 1943 3464 1998 nescit
3486 1944 3612 2013 quid

2030 2025 2192 2079 dicat.
2226 2024 2295 2079 Et
2322 2026 2613 2081 ostendens
2640 2027 2817 2082 divina
2846 2028 3147 2099 Scriptura,
3201 2033 3373 2100 ipsum
3422 2051 3615 2106 magno

2032 2117 2223 2172 timore
2243 2128 2296 2172 et
2326 2130 2769 2189 tremore-preces
2796 2120 3048 2188 fundere,
3078 2124 3152 2178 ait
3180 2140 3193 2176 :
3230 2123 3298 2178 Ut
3335 2130 3617 2198 appropin~

2029 2210 2200 2279 quavit
2238 2212 2512 2275 Abraham,
2556 2212 2683 2266 dixit
2710 2227 2730 2267 :
2756 2210 3022 2284 Numquid
3049 2218 3225 2286 perdes
3252 2217 3406 2271 simul
3416 2220 3617 2288 justum

2029 2317 2143 2353 cum
2168 2302 2361 2372 impia?
2380 2302 2516 2369 Quid
2545 2302 2692 2369 facis,
2725 2320 2757 2358 ο
2781 2304 2936 2359 beate
2960 2307 3290 2375 patriarcha?
3317 2310 3452 2377 Quid
3481 2326 3616 2381 opus

2033 2393 2192 2448 habet
2232 2404 2318 2449 tua
2357 2398 2734 2468 deprecatione
2762 2398 3038 2465 Dominus,
3089 2410 3150 2456 ut
3188 2418 3256 2458 ne
3291 2404 3394 2460 hoc
3423 2406 3615 2461 faciat?

2032 2484 2229 2541 Verum
2270 2504 2337 2543 ne
2377 2490 2475 2544 hoc
2518 2491 2815 2560 cogitemus
2850 2507 2996 2547 :non
3038 2494 3180 2548 enim
3207 2496 3357 2565 quasi
3387 2497 3615 2553 Domino

2032 2576 2135 2631 hoc
2163 2575 2365 2632 facturo
2396 2577 2542 2646 dicit,
2586 2581 2678 2635 sed
2709 2581 2833 2650 quia
2863 2582 3144 2639 manifeste
3181 2596 3399 2659 propter
3431 2587 3611 2642 fratris

2032 2666 2197 2721 ﬁlium
2224 2666 2403 2722 dicere
2426 2682 2533 2722 non
2561 2671 2826 2737 audebat,
2873 2686 3186 2728 communes
3228 2690 3325 2744 pro
3364 2676 3616 2732 omnibus

2029 2758 2203 2814 fundit
2244 2773 2449 2828 preces,
2492 2762 2676 2816 volens
2713 2778 2833 2817 cum
2881 2764 3000 2820 aliis
3044 2774 3099 2821 et
3149 2766 3291 2822 hunc
3355 2782 3611 2837 servare,

2027 2861 2085 2907 et
2131 2867 2254 2908 cum
2288 2853 2391 2908 hoc
2419 2853 2578 2908 etiam
2608 2855 2741 2909 alios
2772 2856 3020 2925 eripere:
3054 2857 3343 2930 incipitque
3379 2863 3612 2931 palmei-

2029 2943 2170 3010 nari,
2215 2958 2279 2999 ac
2322 2944 2453 2999 dicit
2496 2960 2509 2998 :
2558 2942 2650 2999 24.
2682 2945 2742 3001 Si
2772 2946 2961 3018 fuerint
2995 2948 3359 3020 quinquaginta
3386 2952 3519 3023 justi
3559 2953 3615 3009 in

2027 3036 2245 3102 civitate,
2288 3051 2409 3089 num
2434 3036 2613 3093 perdes
2651 3036 2923 3091 eosiNon
2942 3055 3119 3109 parces
3161 3043 3251 3095 toti
3275 3042 3384 3097 loco
3409 3053 3616 3115 propter

2027 3127 2390 3198 quinquaginta
2434 3132 2619 3193 iustos,
2650 3128 2694 3182 si
2732 3128 2917 3183 inventi
2957 3131 3148 3201 fuerint
3180 3132 3233 3187 in
3261 3135 3363 3189 ea?
3384 3134 3475 3191 25.
3501 3134 3615 3191 Nc-

2026 3235 2281 3287 quaquam
2324 3219 2485 3291 {acies
2521 3222 2727 3275 “rimus
2779 3221 2893 3286 hoc,
2937 3231 2991 3275 ut
3034 3224 3238 3279 occidas
3266 3227 3467 3295 justum
3503 3244 3616 3283 cum

2027 3310 2211 3381 impio,
2259 3319 2306 3364 et
2332 3311 2395 3365 sit
2406 3312 2584 3384 justus
2605 3314 2732 3367 sicut
2760 3312 2966 3382 impius.
3003 3311 3363 3385 Nequaquam.
3396 3317 3498 3385 Qui
3524 3320 3618 3391 ju-

2028 3400 2168 3454 dicas
2202 3416 2402 3455 omnem
2425 3411 2630 3465 terram,
2666 3419 2767 3457 non
2794 3403 2950 3472 facies
2981 3403 3237 3473 judicium
3260 3406 3286 3459 .9
3321 3406 3454 3463 Vide
3482 3424 3617 3479 quo.

2030 3490 2189 3546 modo
2233 3500 2289 3546 et
2324 3492 2377 3545 in
2429 3490 2530 3547 hac
2572 3494 2816 3549 oratione
2847 3507 2998 3548 suam
3036 3495 3339 3566 religiosam
3375 3507 3431 3553 et
3472 3499 3613 3570 piam

2029 3594 2264 3640 mentem
2310 3584 2585 3648 declarat,
2642 3595 2695 3640 et
2736 3585 2971 3655 iudicem
3010 3589 3187 3643 omnis
3236 3598 3393 3645 teme
3443 3592 3617 3647 confi-

2032 3684 2191 3741 tetur,
2263 3685 2617 3746 precaturque
2664 3691 2733 3730 ne
2780 3686 2963 3745 pereat
3002 3678 3179 3747 justus
3222 3695 3344 3735 cum
3390 3680 3615 3750 injuste.

2030 3768 2218 3823 Postea
2249 3769 2393 3824 mitis
2419 3777 2474 3824 et
2511 3768 2772 3837 benignus
2820 3770 3075 3825 Dominus
3122 3773 3309 3827 annuit
3350 3774 3613 3842 petitioni,

2029 3868 2085 3914 ct
2132 3859 2262 3915 dicit
2303 3876 2317 3913 :
2367 3858 2528 3915 Facio
2572 3859 2623 3913 id
2663 3860 2789 3928 quid
2814 3859 3013 3923 dixisti,
3042 3870 3097 3916 et
3124 3863 3327 3932 accipio
3350 3872 3492 3918 tuam
3521 3879 3617 3935 pe-

2033 3950 2293 4005 titionem.
2337 3950 2429 4005 26.
2480 3950 2543 4006 Si
2603 3951 2919 4005 invenientur
2973 3951 3338 4025 quinquaginta
3386 3955 3519 4024 justi
3560 3956 3618 4011 in

2031 4044 2247 4110 civitate,
2293 4053 2500 4114 propter
2526 4041 2645 4098 illos
2698 4060 2903 4113 parcam
2946 4046 3037 4099 toti
3075 4045 3213 4103 loco.
3270 4047 3418 4103 Dabo
3467 4048 3571 4105 hoc
3595 4092 3613 4117 ,

2031 4137 2220 4206 inquit,
2264 4137 2639 4207 quinquaginta
2660 4136 2841 4206 justis,
2871 4136 2918 4192 si
2948 4138 3149 4193 inventi
3172 4137 3393 4207 fuerint,
3416 4151 3471 4197 et
3495 4143 3616 4199 aliis

2031 4230 2253 4283 salutem
2306 4230 2644 4298 impertiam,
2701 4237 2757 4284 et
2798 4230 3109 4300 petitionem
3159 4240 3303 4287 tuam
3360 4233 3613 4304 implebo.

2035 4319 2229 4375 Verum
2284 4320 2558 4375 videamus
2591 4320 2791 4390 justum
2844 4321 3029 4389 illum,
3089 4324 3359 4390 quomodo
3403 4337 3617 4399 arrepta

2033 4411 2248 4479 fiducia,
2283 4421 2337 4465 et
2359 4411 2534 4481 agnita
2561 4410 2845 4465 clementia
2886 4410 3024 4479 Dei,
3067 4412 3257 4467 iterum
3291 4413 3449 4469 aliam
3480 4417 3618 4484 peti-

2034 4504 2235 4559 tionem
2281 4502 2455 4567 aﬂ‘ert,
2500 4511 2555 4557 et
2596 4502 2767 4571 inquit
2815 4518 2830 4555 :
2874 4502 2963 4561 2.7.
3013 4500 3169 4557 Nunc
3209 4506 3338 4575 coepi
3376 4506 3514 4577 loqui
3550 4506 3624 4561 ad

2034 4594 2310 4647 Dominum
2358 4609 2545 4655 meum,
2580 4608 2674 4663 ego
2718 4601 2887 4646 autem
2934 4609 3047 4646 sum
3093 4603 3226 4648 terra
3268 4596 3490 4651 etcinis.
3540 4598 3620 4652 Ne

2034 4694 2206 4754 putes,
2256 4684 2443 4753 inquit,
2500 4682 2753 4747 Domine,
2804 4698 2891 4738 me
2938 4683 3183 4753 ignorare
3227 4686 3510 4755 meipsum,
3566 4699 3621 4743 et

2036 4774 2333 4845 transgredi
2383 4788 2727 4837 mensuram,
2784 4780 2840 4827 et
2892 4782 3034 4827 tanta
3080 4774 3153 4828 uti
3210 4774 3420 4834 fiducia.
3492 4777 3619 4833 Scio

2034 4871 2200 4933 enim,
2252 4881 2337 4920 me
2386 4874 2583 4920 terram
2623 4880 2742 4919 esse
2795 4872 2851 4919 et
2892 4864 3126 4919 cinerem
3161 4867 3291 4920 :sed
3337 4867 3475 4922 sicut
3519 4867 3621 4923 hoc

2035 4958 2166 5021 scio,
2196 4966 2251 5010 et
2274 4955 2554 5011 manifeste
2581 4956 2714 5019 scio,
2742 4954 2813 5008 ita
2844 4968 3018 5024 neque
3055 4956 3180 5009 illud
3212 4957 3414 5026 ignem,
3439 4959 3624 5027 copio-

2037 5064 2151 5104 sam
2193 5062 2312 5101 esse
2355 5057 2459 5100 tua:
2488 5045 2785 5101 clementia:
2811 5045 3249 5115 magnitudinem,
3292 5054 3346 5100 et
3385 5055 3439 5102 te
3484 5048 3626 5102 divi-

2039 5146 2145 5193 tem
2196 5152 2315 5191 esse
2369 5135 2634 5200 bonitate,
2691 5134 2932 5203 velleque
2960 5150 3147 5189 omnes
3178 5137 3417 5190 homines
3441 5137 3628 5191 salvos

2040 5231 2176 5285 ﬁeri.
2226 5228 2357 5282 Nam
2401 5242 2535 5297 quos
2573 5242 2638 5281 ex
2688 5226 2853 5281 nihilo
2879 5226 3191 5297 produxisti,
3230 5226 3498 5296 quomodo
3549 5228 3628 5281 fa-

2040 5332 2155 5376 ctos
2187 5320 2463 5391 perderes,
2502 5318 2603 5373 nisi
2642 5333 2832 5388 magna
2880 5327 3024 5373 esset
3065 5328 3404 5386 peccatorum
3430 5320 3626 5389 copia?

2041 5414 2241 5469 Idcirco
2277 5413 2471 5473 iterum
2501 5426 2596 5466 oro
2622 5419 2674 5465 et
2701 5424 2909 5479 precor,
2942 5410 3032 5464 28.
3074 5410 3135 5463 Si
3170 5411 3432 5479 pauciores
3470 5414 3623 5482 quin-

2041 5506 2282 5576 quaginta
2333 5502 2522 5558 inventi
2566 5502 2774 5573 fuerint,
2805 5509 2852 5555 et
2887 5499 3222 5570 quadraginta
3265 5502 3484 5572 quinque
3537 5507 3619 5574 fu-

2044 5598 2173 5650 erint
2219 5596 2271 5651 in
2319 5595 2519 5649 civitate
2554 5594 2704 5663 justi,
2752 5609 2851 5647 non
2881 5592 3099 5646 salvabis
3126 5592 3419 5647 civitatem?
3443 5592 3512 5647 Et
3541 5595 3595 5647 di
3607 5617 3633 5630 -

2043 5687 2118 5739 xit
2166 5702 2185 5741 .‘
2226 5685 2287 5740 Si
2322 5683 2509 5742 inventi
2530 5688 2717 5755 fuerint
2745 5682 3085 5752 quadraginta
3121 5684 3358 5754 quinque,
3383 5701 3481 5738 non
3506 5703 3625 5754 pcr-

2050 5780 2185 5834 dam.
2230 5779 2358 5848 Quis
2395 5794 2493 5850 pro
2527 5776 2778 5848 dignitate
2804 5775 3083 5835 Dominum
3112 5777 3347 5833 omnium
3382 5776 3631 5846 laudarit.
