4084 6356
482 361 581 419 891

483 482 555 537 ob
599 488 799 539 suam
848 475 1155 547 patientiam
1194 484 1354 544 atque
1400 470 1783 542 indulgentiam
1814 487 1829 527 ι
1858 467 1939 525 vel
1984 464 2071 535 ju-

482 584 626 629 stum
651 572 866 625 beatum
893 566 1216 639 praedicarit,
1240 572 1383 619 tanta
1414 562 1697 636 prmditum
1728 559 1953 616 ﬁducia?
1977 556 2070 615 29.

485 664 557 721 Et
599 663 813 735 adjecit,
864 660 1055 731 inquit,
1099 659 1237 713 ultra
1266 658 1421 729 loqui,
1468 666 1517 712 et
1556 657 1738 711 dixit:
1783 654 1845 711 Si
1886 654 2074 708 inuenti

481 759 670 827 fuerint
693 755 762 809 ibi
788 749 1172 826 quadraﬁnta?
1216 742 1285 806 Et
1313 751 1441 805 dixit
1486 763 1506 804 :
1544 748 1666 803 Non
1694 746 1904 820 perdam
1948 762 2072 815 pro-

481 862 593 922 pter
635 846 999 921 quadraginta.
1050 844 1187 903 Exin
1230 844 1384 915 quasi
1430 842 1696 898 reveritus
1743 837 2071 896 ineﬂ‘abilem

482 944 575 998 Dei
625 941 933 1013 patientiam
974 939 1171 1011 justus,
1221 946 1278 993 et
1317 936 1515 993 timens
1539 948 1608 991 ne
1636 932 1777 989 forte
1804 929 2072 1003 precando

481 1035 725 1091 videatur
766 1031 1155 1091 transcendere
1182 1028 1424 1097 modum,
1455 1027 1583 1084 dicit
1614 1046 1629 1083 :
1658 1026 1749 1085 ω
1782 1023 2066 1097 Numquid,

481 1125 721 1194 Domine,
761 1125 807 1180 si
845 1125 1025 1198 loquar
1065 1140 1086 1180 :
1135 1122 1197 1179 Si
1240 1122 1431 1179 inventi
1477 1120 1663 1192 fuerint
1702 1118 1774 1175 ibi
1823 1116 2072 1190 triginta?

478 1218 614 1287 Quia
656 1225 902 1289 paratum
943 1216 1147 1271 invenit
1189 1213 1258 1270 ad
1299 1210 1758 1276 misericordiam,
1818 1222 1923 1264 non
1957 1206 2070 1278 jam

480 1312 735 1383 paulatim
776 1308 1047 1374 diminuit,
1098 1321 1271 1378 neque
1316 1305 1554 1376 quinque
1591 1302 1767 1373 justos
1795 1299 2068 1366 detrahit,

478 1407 574 1462 sed
623 1405 835 1471 decem,
893 1411 951 1460 et
997 1402 1077 1459 sic
1116 1400 1272 1457 alfert
1318 1397 1675 1471 patrocinium
1716 1412 1729 1449 :
1779 1394 1842 1451 Si
1886 1392 2072 1448 inventi

481 1502 667 1574 fuerint
694 1500 802 1555 illic
826 1496 1081 1569 triginta?
1109 1494 1177 1553 Et
1204 1494 1331 1550 dixit
1356 1509 1375 1548 :
1397 1491 1519 1547 Non
1541 1489 1774 1561 perdam,
1800 1488 1843 1544 si
1865 1488 2070 1543 irruens-

480 1594 578 1648 rim
602 1594 709 1648 illic
750 1590 979 1661 triginta.
1022 1586 1405 1644 Animadverte
1432 1591 1629 1655 quanta
1655 1580 1785 1653 justi
1813 1588 2069 1637 constan-

481 1685 593 1750 tia;
642 1683 797 1756 quasi
824 1684 939 1754 ipse
967 1679 1106 1737 foret
1132 1676 1399 1735 obnoxius
1424 1675 1729 1739 sementim,
1755 1673 1826 1728 ita
1862 1672 2073 1740 eripere

478 1775 659 1832 studet
704 1790 739 1831 a
785 1788 942 1846 paena
974 1771 1371 1831 Sodomitarum
1395 1777 1629 1841 gentem.
1659 1768 1747 1823 3t.
1802 1766 1871 1821 Et
1899 1765 2068 1833 dixit,

478 1867 720 1931 quoniam
747 1882 953 1935 possum
974 1865 1110 1935 loqui
1136 1863 1206 1918 ad
1233 1862 1507 1917 Dominum
1542 1877 1561 1917 :
1589 1860 1650 1915 Si
1673 1860 1860 1914 inventi
1885 1857 2072 1931 fuerint

480 1959 550 2014 ibi
576 1958 791 2031 viginti?
840 1955 911 2011 Et
952 1955 1081 2010 dixit
1133 1970 1155 2009 .°
1197 1952 1319 2009 Non
1366 1953 1574 2023 perdam
1634 1962 1841 2022 propter
1872 1951 2067 2023 viginti.

479 2050 706 2108 Omnem
735 2064 1039 2105 sermonem
1070 2045 1399 2103 transcendit
1439 2054 1495 2101 et
1538 2060 1751 2100 omnem
1792 2044 2072 2115 cogitatio-

479 2155 605 2202 nem
634 2139 844 2196 Domini
870 2139 1098 2199 bonitas.
1128 2138 1261 2206 Quis
1288 2137 1430 2192 enim
1459 2147 1720 2199 nostrum,
1761 2137 1849 2206 qui
1881 2136 1931 2189 in
1962 2150 2075 2190 me-

479 2233 572 2289 dio
615 2231 943 2288 inlinitorum
990 2229 1255 2285 malorum
1301 2242 1599 2292 versamur,
1648 2227 1810 2283 vellet
1854 2226 2074 2283 ferendo

478 2324 800 2379 sententiam
830 2330 1019 2378 contra
1047 2321 1321 2391 proximos
1353 2328 1501 2376 tanta
1530 2320 1607 2375 uti
1634 2318 1961 2391 indulgentia
1987 2328 2073 2378 at-

479 2428 585 2485 que
608 2413 928 2469 clementia?

551 2505 608 2561 5.
649 2502 1031 2565 Verumtamen
1054 2504 1231 2573 justus
1257 2503 1351 2559 ille
1386 2502 1577 2558 videns
1601 2500 1815 2557 divitias
1836 2501 2074 2557 clemen-

481 2595 570 2649 tia:
599 2593 715 2662 Dei,
743 2608 849 2650 non
867 2595 1128 2657 subsistit,
1150 2594 1245 2651 sed
1260 2596 1461 2651 ilerum
1481 2594 1611 2651 dicit
1632 2613 1646 2650 :
1666 2594 1758 2651 32.
1786 2594 2073 2665 Numquid,

480 2686 703 2747 Domine
722 2727 738 2752 ,
771 2686 815 2741 si
843 2686 1023 2759 loquar
1049 2686 1221 2741 adhuc
1246 2686 1441 2742 semel?
1467 2686 1600 2743 Nam
1644 2688 1765 2759 quia
1793 2686 2076 2743 ineffabilia

483 2788 601 2835 erat
636 2777 940 2843 tolerantia,
970 2787 1186 2849 pr0pter
1210 2778 1314 2835 hoc
1351 2778 1614 2835 reveritus
1638 2794 1705 2835 ne
1732 2788 1789 2836 et
1830 2779 2074 2851 indigna-

487 2871 686 2925 tionem
712 2870 969 2926 adversus
997 2885 1056 2927 se
1073 2880 1312 2927 moveret
1329 2872 1445 2941 ejus
1469 2870 1560 2941 qui
1589 2871 1894 2943 rogabatur,
1920 2872 2073 2929 dicit:

489 2961 781 3035 Numquid,
811 2960 1069 3017 Domine?
1095 2962 1231 3018 Num
1254 2964 1594 3020 temerarium
1619 2963 1868 3035 quiddam
1897 2964 2076 3021 facio?

484 3053 660 3117 dicit:
690 3067 817 3108 num
860 3052 1247 3124 impudentiam
1289 3070 1401 3127 pra:
1446 3070 1533 3110 me
1574 3055 1728 3111 fero?
1773 3072 1901 3113 num
1940 3070 2076 3127 Opus

486 3144 937 3203 condemnatione
962 3143 1184 3215 dignum
1213 3143 1369 3210 facio,
1393 3150 1438 3200 s‘t
1456 3153 1644 3214 loquar
1669 3144 1844 3202 adhuc
1869 3147 2076 3203 semel?

481 3235 589 3296 Pro
610 3250 801 3305 magna
812 3244 867 3290 ct
884 3234 1225 3294 inenarrabili
1239 3234 1475 3291 bonitate
1488 3251 1575 3291 tua
1587 3252 1761 3292 aunuc
1776 3253 1934 3293 unam
1955 3254 2075 3293 ora-

477 3331 677 3387 tionem
693 3327 919 3397 accipito
938 3344 968 3382 a
980 3329 1157 3394 me,Si
1172 3339 1338 3384 autent
1358 3330 1540 3385 inventi
1551 3332 1739 3401 fuerint
1757 3330 1865 3385 illic
1878 3331 2077 3387 decem?

476 3420 546 3477 Et
570 3419 741 3475 dixit:
772 3418 894 3474 Non
917 3419 1127 3491 perdam
1141 3431 1347 3493 propter
1365 3422 1555 3476 decem.
1577 3422 1643 3478 Et
1671 3423 1791 3494 quia
1816 3424 1965 3493 prius
1988 3423 2074 3479 di-

478 3515 562 3572 xit
594 3533 608 3570 :
639 3516 821 3570 Adhuc
843 3515 997 3571 semel
1023 3516 1247 3587 loquar?
1274 3517 1363 3572 55.
1387 3516 1542 3585 Abiit,
1601 3519 1793 3589 inquit,
1827 3518 2074 3575 Dominus

479 3618 745 3679 postquam
763 3618 1042 3665 cessauerat
1057 3609 1197 3682 loqui
1216 3608 1469 3677 Abrahae;
1491 3621 1535 3665 et
1560 3610 1818 3666 Abraham
1848 3628 2073 3669 reuersus

475 3710 548 3758 est
567 3702 623 3757 in
653 3700 823 3758 locum
849 3720 1017 3759 suum.
1044 3703 1261 3759 Vidistis
1291 3704 1574 3758 Dominum
1609 3703 1677 3759 ad
1716 3714 1952 3760 nostram
1984 3707 2072 3761 in-

477 3794 782 3850 ﬁrmitatem
810 3809 872 3851 se
902 3795 1301 3852 demittentem?
1338 3796 1546 3851 vidistis
1564 3806 1619 3852 et
1641 3798 1911 3869 justierga
1939 3799 2073 3855 alios

472 3884 763 3942 allectum?
808 3885 1071 3942 didicistis
1111 3894 1311 3958 quanta
1337 3887 1418 3942 vis
1455 3887 1527 3943 sit
1553 3903 1739 3944 eorum
1767 3890 1856 3960 qui
1894 3891 2067 3945 virtu-

470 3978 587 4033 tem
608 3979 904 4035 exercent?
926 3978 984 4035 Si
1009 3978 1154 4034 enim
1186 3980 1385 4035 inventi
1415 3979 1630 4045 fuerint,
1660 3980 1851 4052 inquit,
1881 3983 2068 4041 decem

469 4066 632 4136 justi,
682 4076 902 4139 propter
953 4068 1077 4125 illos
1111 4070 1361 4126 omnibus
1412 4072 1784 4130 remissionem
1831 4077 2068 4131 concedo

480 4167 851 4230 peccatorum.
881 4159 997 4215 Non
1023 4160 1162 4217 bene
1187 4161 1449 4229 dicebam,
1470 4163 1587 4221 haec
1606 4167 1783 4221 omnia
1814 4166 1950 4223 facta
1974 4183 2066 4224 es-

476 4261 559 4319 se,
590 4259 653 4309 ut
679 4252 824 4309 nulla
850 4261 1037 4324 postea
1063 4254 1399 4326 relinquatur
1429 4256 1771 4329 impudenter
1800 4259 2067 4331 loquenti-

470 4343 575 4405 bus
598 4346 996 4404 contradicendi
1024 4349 1273 4404 occasio?
1298 4348 1432 4406 Sunt
1447 4351 1589 4405 enim
1610 4351 1762 4409 multi
1790 4352 2063 4409 insanien-

471 4438 627 4503 tium,
657 4438 749 4510 qui
794 4439 989 4498 inl'reni
1039 4440 1214 4512 lingua
1239 4450 1295 4497 et
1339 4443 1738 4513 reprehendere
1776 4454 1832 4501 et
1882 4445 2061 4502 dicere

470 4531 672 4588 audent
706 4548 721 4588 :
763 4532 941 4601 Quare
986 4532 1208 4590 incensa
1249 4541 1375 4590 sunt
1417 4535 1689 4591 Sodoma?
1716 4537 1772 4593 Si
1802 4539 2064 4607 patienter

470 4622 681 4679 tulisset
719 4637 816 4680 eos
866 4624 1155 4693 Dominus,
1207 4625 1344 4683 forte
1387 4628 1758 4699 paenitentiam
1804 4632 2057 4701 egissent.

471 4715 701 4788 Propter
728 4716 832 4773 hoc
856 4718 1200 4774 ostendittibi
1231 4720 1481 4791 nequitiae
1506 4724 1957 4793 exsuperantiam;
1988 4723 2060 4779 ita

468 4809 610 4865 utin
642 4818 787 4865 tanta
822 4810 1162 4866 multitudine
1210 4820 1353 4867 tanta
1390 4813 1603 4870 virtutis
1630 4816 1846 4885 penuria
1876 4815 2056 4884 fuerit,

469 4908 528 4955 ut
555 4900 662 4956 alio
685 4899 917 4972 quodam
958 4902 1160 4959 diluvio
1186 4903 1469 4975 lndigeret,
1514 4914 1570 4962 et
1612 4908 1769 4977 quale
1811 4908 1961 4979 prius
2004 4910 2056 4964 in

468 4990 671 5051 mundo
706 4990 823 5046 fuit.
858 4991 963 5049 Sed
1015 4994 1137 5063 quia
1159 4995 1444 5065 promissio
1465 4996 1559 5053 Dei
1592 5009 1696 5065 est,
1744 5009 1799 5054 ut
1830 5016 1936 5056 nou
1978 5001 2060 5056 ul-

466 5092 548 5138 tra
575 5084 682 5140 tale
716 5082 974 5141 inferatur
1014 5087 1359 5158 supplicium,
1388 5100 1669 5160 propterea
1698 5092 1863 5150 alium
1880 5110 2054 5166 pmnte

464 5175 685 5231 modum
711 5176 997 5248 excogitat,
1025 5178 1182 5234 simul
1203 5179 1272 5236 de
1296 5180 1402 5236 illis
1428 5197 1613 5251 pteuas
1634 5198 1854 5240 sumens
1879 5196 1933 5242 et
1954 5203 2055 5257 po-

465 5266 627 5322 steris
654 5268 905 5324 omnibus
937 5280 1250 5340 perpetuam
1276 5273 1519 5342 praebens
1548 5275 1867 5333 doctrinam.
1906 5280 2053 5348 Quo-

463 5357 609 5413 niam
627 5359 770 5415 enim
789 5371 995 5418 natura;
1014 5362 1158 5434 leges
1182 5365 1576 5434 subverterant,
1623 5379 1679 5426 et
1718 5362 1931 5428 alienos
1947 5375 2052 5431 illi-

727 5455 1099 5549 exeogitarant
1120 5459 1315 5525 coitus,
1339 5460 1539 5518 ideirco
1555 5464 1825 5523 insolitum
1846 5484 1906 5523 su
1913 5470 2051 5549 ppli-

461 5542 532 5596 cii
583 5543 800 5599 modum
831 5546 1040 5604 induxit
1081 5560 1305 5622 propter
1351 5552 1564 5611 illorum
1592 5558 1925 5630 iniquitatem
1950 5542 1975 5616 ί
1995 5575 2051 5620 et

462 5642 623 5699 terra:
644 5635 849 5694 viscera
878 5638 1083 5697 inutilia
1111 5642 1363 5710 reddens,
1394 5656 1449 5701 et
1474 5646 1661 5704 relicto
1684 5652 1911 5719 posteris
1929 5669 2049 5710 mo-

1195 354 1254 411 S.
1293 350 1573 414 JOANNIS
1603 346 2086 417 CIIRYSOSTOII
2122 345 2444 419 DRCIUEP.
2482 351 3019 417 CONSTANTINOP.

2108 1274 2156 1319 κε

3664 361 3771 419 392

2180 478 2311 539 gere
2337 466 2520 526 videre
2551 470 2721 541 Ipsam
2750 482 2947 528 terram
2966 514 2981 539 ,
3009 480 3067 529 ut
3102 472 3171 527 ita
3201 471 3372 529 dicam
3391 516 3407 542 ,
3450 474 3771 534 clamantem

2178 568 2234 613 et
2260 560 2635 618 ostentlcutem
2663 564 2907 635 supplicii
2925 566 3145 637 vestigia
3165 576 3283 637 post
3310 578 3417 623 tam
3447 570 3591 623 multa
3615 586 3641 623 s
3668 585 3762 624 an-

2178 668 2299 722 nos,
2333 655 2484 724 quasi
2516 655 2631 711 heri
2674 659 2760 713 vel
2801 658 2963 715 hodie
3001 660 3257 731 impressa
3289 677 3303 715 :
3349 674 3457 719 tam
3490 664 3769 719 manifesta

2177 746 2477 803 ostenditur
2505 748 2819 821 indignatio.
2843 751 2969 807 Ideo
2986 753 3236 821 obsecro,
3256 764 3312 809 ttt
3339 755 3497 811 alieni
3525 758 3766 826 supplicii

2176 838 2423 908 exemplo
2454 854 2552 894 nos
2567 841 2909 913 castigemur.

2251 928 2352 987 Hic
2367 933 2573 1005 impune
2593 944 2849 1004 peccantes
2865 937 3094 991 acerbius
3115 937 3386 1006 punientur
3396 939 3448 993 in
3468 940 3628 994 altera
3644 944 3772 1007 vita;

2174 1021 2449 1093 proborum
2478 1041 2633 1080 causa
2672 1024 2811 1081 Deus
2842 1030 3087 1097 patienter
3112 1032 3210 1101 fert
3242 1040 3632 1100 peccatores.—
3660 1031 3767 1088 Sed

2175 1113 2313 1172 forte
2353 1116 2549 1173 dixerit
2587 1118 2821 1189 aliquis:
2855 1119 2994 1188 Quid
3022 1122 3189 1193 ergo?
3215 1138 3311 1177 cur
3337 1123 3409 1178 illi
3448 1139 3632 1194 pmnas
3669 1126 3768 1181 de-

2174 1206 2392 1265 derunt?
2416 1223 2596 1266 nonne
2621 1220 2746 1265 sunt
2771 1212 2932 1267 etiam
2955 1228 3095 1268 nunc
3124 1214 3276 1269 multi
3297 1215 3384 1284 qui
3407 1215 3595 1271 eadem
3614 1216 3770 1271 com-

2173 1298 2392 1356 mittunt
2412 1301 2637 1367 scelera,
2673 1317 2846 1372 neque
2877 1312 3051 1357 tamen
3073 1304 3399 1373 puniuntur?
3426 1306 3605 1361 Etiam
3633 1325 3648 1362 :
3672 1308 3767 1363 sed

2175 1390 2281 1448 hoc
2319 1392 2651 1463 potissimum
2682 1394 2942 1465 majorem
2974 1411 3187 1465 pmnam
3225 1397 3533 1452 conciliabit
3562 1398 3628 1453 iis
3676 1400 3767 1469 qni

2176 1482 2301 1537 talia
2326 1493 2635 1555 perpetrant
2660 1485 2699 1539 ⁸.
2720 1484 2945 1553 Quando
2971 1487 3115 1542 enim
3141 1502 3248 1542 non
3271 1488 3593 1558 castigamur
3609 1506 3674 1544 ex
3704 1490 3771 1545 iis

2175 1587 2294 1641 quas
2318 1572 2423 1629 illis
2440 1574 2752 1631 acciderunt
2770 1616 2785 1641 ,
2811 1586 2991 1634 etnec
3030 1577 3301 1649 quidpiam
3333 1580 3485 1636 nobis
3527 1584 3772 1651 provenit

2168 1662 2307 1719 iucri
2334 1679 2399 1719 ex
2423 1666 2676 1736 patientia
2691 1666 2804 1729 Dei.
2836 1669 3008 1738 cogita
3033 1669 3303 1738 quomodo
3329 1670 3478 1727 illum
3508 1672 3770 1727 inexstin-

2175 1758 2429 1829 guibilem
2459 1759 2634 1830 ignem
2668 1760 3036 1817 vehementius
3058 1762 3460 1834 nobismetipsis
3490 1765 3773 1820 succendi-

2176 1864 2316 1917 mus,
2366 1860 2423 1906 et
2467 1852 2721 1907 acerbum
2768 1869 3005 1908 vermem
3052 1870 3321 1925 paramus.
3366 1855 3768 1923 Verumtamen,

2175 1942 2299 2013 quia
2321 1954 2538 2013 propter
2561 1946 2783 2015 gratiam
2818 1946 2911 2003 Dei
2938 1956 3063 2001 sunt
3102 1956 3160 2002 et
3208 1962 3350 2002 nunc
3380 1949 3531 2003 multi
3574 1950 3773 2005 virtute

2178 2036 2405 2106 pnediti,
2438 2038 2527 2108 qui
2580 2038 2794 2108 placare
2834 2050 3057 2109 possunt
3097 2040 3411 2103 Dominum.
3459 2042 3596 2096 sicut
3646 2053 3772 2098 tunc

2178 2126 2476 2197 patriarcha
2506 2146 2520 2181 :
2556 2130 2763 2184 tametsi
2789 2145 2911 2195 nos,
2944 2144 3065 2187 cum
3096 2146 3197 2187 nos
3224 2133 3370 2203 ipsos
3410 2135 3769 2202 attendimus,

2175 2226 2233 2275 et
2258 2226 2497 2275 nostram
2525 2220 2767 2276 videmus
2792 2220 3073 2289 desidiam,
3106 2232 3354 2293 putamus
3384 2226 3572 2280 miram
3598 2228 3768 2281 virtu-

2180 2311 2248 2365 tis
2270 2310 2550 2367 raritatem
2580 2329 2592 2365 :
2620 2321 2859 2369 attamen
2887 2323 3107 2383 propter
3139 2314 3354 2370 illorum
3386 2316 3657 2384 virtutem,
3684 2334 3770 2372 er-

2178 2418 2244 2475 ga
2264 2404 2399 2461 alios
2428 2406 2566 2461 Deus
2608 2407 2916 2477 patientiam
2954 2405 3192 2462 exhibet.
3226 2406 3295 2461 Et
3320 2416 3378 2461 ut
3410 2409 3549 2465 scias
3586 2410 3770 2465 talium

2179 2499 2456 2556 hominum
2519 2500 2713 2558 ﬁducia
2760 2502 2917 2557 nobis
2957 2501 3050 2557 Dei
3110 2500 3420 2572 patientiam
3470 2503 3768 2573 conciliari,

2176 2590 2302 2646 audi
2339 2606 2407 2646 ex
2460 2591 2560 2647 hac
2605 2592 2719 2663 ipsa
2764 2591 3008 2661 historia,
3039 2593 3167 2663 quid
3210 2593 3356 2649 dicat
3400 2595 3719 2665 patriarcha:
3755 2614 3767 2649 :

2181 2682 2245 2739 Si
2272 2684 2442 2739 decem
2478 2685 2645 2755 justos
2688 2686 2923 2741 inuenero
2945 2726 2960 2751 ,
2995 2702 3097 2741 non
3146 2686 3358 2758 perdam
3391 2687 3661 2743 civitatem.
3707 2690 3771 2745 Et

2178 2774 2305 2846 quid
2334 2774 2456 2831 dico
2482 2775 2667 2832 decem
2693 2776 2907 2846 justus?
2935 2777 3119 2833 Nullus
3146 2778 3393 2835 inventus
3423 2780 3528 2836 illic
3570 2781 3639 2837 ab
3668 2782 3771 2836 ini.

2178 2866 2381 2937 quitate
2422 2868 2649 2934 alienus,
2682 2869 2785 2925 nisi
2810 2869 2958 2926 solus
2987 2866 3297 2941 Letjustus,
3326 2881 3381 2927 et
3415 2872 3531 2943 ejus
3552 2872 3673 2929 dum
3704 2872 3771 2928 ﬁ—

2181 2958 2286 3016 lias.
2319 2958 2467 3017 Uxor
2494 2960 2641 3016 enim
2675 2972 2894 3033 propter
2923 2962 3095 3034 ipsum
3138 2964 3275 3019 forte
3303 2978 3519 3034 pmnam
3541 2965 3771 3022 civitatis

2179 3050 2382 3122 effugit,
2411 3061 2595 3123 postea
2623 3062 2797 3110 tamen
2820 3069 3034 3124 poenam
3050 3054 3196 3110 dedit
3211 3054 3432 3126 ignavia:
3456 3072 3587 3111 suae.
3619 3056 3771 3113 Nune

2178 3153 2357 3200 autem
2394 3153 2615 3215 propter
2654 3146 2977 3202 inelfabilem
3010 3147 3104 3202 Dei
3144 3148 3603 3216 misericordiam,
3646 3150 3768 3220 quia

2124 3292 2146 3305 ,
2179 3239 2351 3310 pietas
2382 3240 2772 3296 incrementum
2816 3240 3068 3311 sumpsit,
3116 3241 3265 3297 multi
3294 3243 3455 3298 etiam
3498 3244 3549 3298 in
3579 3244 3771 3299 mediis

2134 3400 2140 3407 ί
2175 3332 2483 3389 civitatibus
2510 3333 2737 3388 latentes
2772 3342 2997 3403 possunt
3035 3332 3245 3403 placare
3276 3334 3462 3397 Deum,
3491 3343 3547 3389 et
3578 3334 3668 3389 alii
3716 3335 3769 3391 in

2179 3424 2449 3480 montibus
2472 3424 2835 3496 etspeluneis,
2867 3439 3262 3496 paucorumque
3291 3426 3458 3482 virtus
3483 3427 3772 3486 multorum

2179 3524 2359 3588 tegere
2376 3517 2516 3572 valet
2534 3516 2813 3572 malitiam.
2840 3515 3001 3572 Multa
3026 3517 3169 3572 enim
3191 3517 3400 3573 Domini
3430 3518 3638 3572 bonitas
3659 3529 3765 3586 est,

2176 3618 2231 3664 et
2256 3624 2399 3679 saepe
2446 3608 2583 3663 solet
2601 3609 2762 3664 etiam
2789 3617 3007 3679 propter
3032 3623 3232 3679 paucos
3260 3607 3442 3663 multis
3467 3608 3596 3664 dare
3620 3608 3768 3663 salu—

2178 3710 2307 3757 tem.
2348 3701 2417 3756 Et
2442 3700 2567 3771 quid
2610 3701 2751 3765 dico,
2808 3710 3028 3773 propter
3070 3715 3271 3771 paucos
3314 3701 3527 3770 justus?
3580 3700 3763 3772 Saepe.

2174 3794 2389 3867 quando
2414 3810 2519 3850 non
2545 3794 2795 3851 iuventus
2818 3803 2900 3849 est
2933 3794 2984 3847 in
3016 3794 3267 3863 prtesenti
3301 3793 3612 3862 vitajustus,
3645 3808 3768 3863 pro.

2174 3899 2295 3961 pter
2332 3888 2705 3945 defunctorum
2731 3890 2981 3945 virtutem
3003 3930 3017 3956 ,
3059 3887 3348 3943 viventium
3388 3887 3675 3942 miseretur
3712 3896 3768 3942 et

2173 3995 2357 4038 curam
2387 3981 2547 4037 habet
2571 3997 2586 4034 :
2611 3981 2752 4037 unde
2768 3981 2962 4037 clamat
2981 3980 3166 4035 dicens
3187 3996 3200 4033 :
3222 3978 3497 4050 Protegam
3516 3980 3766 4033 civitatem

2174 4073 2307 4129 Itane
2350 4083 2555 4145 propter
2583 4089 2682 4139 me,
2718 4083 2766 4127 et
2810 4082 3018 4143 propter
3063 4071 3230 4126 David
3258 4087 3475 4142 puerum
3513 4087 3678 4127 meum
3709 4072 3765 4138 (4

2173 4165 2304 4238 Reg.
2335 4164 2421 4219 l9.
2453 4164 2590 4233 54);
2633 4164 2785 4233 quasi
2814 4162 3019 4218 diceret
3047 4177 3062 4216 :
3096 4162 3245 4218 Licet
3283 4162 3383 4234 ipsi
3414 4160 3615 4233 indigni
3657 4162 3767 4216 sint

2170 4258 2260 4330 qtti
2285 4265 2588 4320 serventur,
2610 4264 2664 4310 et
2689 4255 2888 4311 nullam
2916 4255 3102 4310 salutis
3128 4253 3361 4309 habeant
3387 4255 3761 4309 occasionem:

2170 4366 2355 4406 verum
2380 4350 2505 4421 quia
2535 4348 2723 4405 solitus
2761 4363 2880 4401 sum
2924 4346 3341 4403 misericorditer
3387 4362 3569 4417 agere,
3609 4354 3667 4401 et
3693 4346 3762 4400 ad

2170 4441 2532 4498 miserandum
2584 4450 2861 4511 promptus
2883 4455 3002 4495 sum
3027 4449 3081 4495 et
3102 4438 3170 4493 ad
3204 4438 3537 4509 eripiendum
3566 4455 3597 4493 c
3622 4440 3764 4493 cala-

2168 4537 2295 4591 mita
2303 4535 2459 4600 tibus,
2493 4543 2713 4606 propter
2726 4533 3013 4604 meipsum,
3032 4540 3089 4587 et
3103 4541 3323 4602 prepter
3340 4546 3565 4602 puerum
3581 4546 3759 4587 meum

2170 4627 2335 4684 David
2367 4637 2642 4698 protegam
2668 4642 2682 4680 :
2705 4634 2759 4682 et
2779 4626 2870 4696 qui
2905 4632 3030 4679 ante
3057 4632 3135 4678 tot
3174 4638 3345 4679 annos
3370 4639 3401 4679 e
3426 4624 3533 4678 vita
3560 4626 3763 4694 migra-

2165 4720 2260 4786 vit,
2296 4718 2382 4775 hic
2409 4728 2594 4775 auctor
2623 4726 2707 4775 est
2733 4717 2917 4773 salutis
2947 4717 3013 4771 iis
3036 4716 3125 4787 qui
3151 4731 3246 4771 sua
3270 4730 3390 4771 sese
3416 4714 3761 4785 perdiderant

2165 4812 2390 4869 desidia.
2409 4811 2601 4867 Vidisti
2621 4810 2960 4868 clementiam
2987 4807 3508 4880 Domini,quomodo
3536 4822 3631 4865 eos
3666 4808 3756 4881 qui

2168 4905 2373 4961 virtute
2428 4903 2667 4975 pollent,
2732 4903 2937 4958 honore
2976 4901 3176 4970 afﬁcit,
3217 4900 3511 4971 praeponit,
3551 4910 3608 4956 et
3660 4900 3758 4959 toti

2165 4994 2494 5051 multitudini
2514 4994 2845 5066 aequiparat?
2868 4992 3205 5065 Quapropter
3224 5001 3279 5046 et
3301 4990 3496 5047 Paulus
3519 4990 3755 5048 diccbat:

2168 5086 2631 5143 Obambulaverunt
2648 5086 2705 5141 in
2729 5084 3227 5156 ouillis'capi'inisque
3250 5082 3489 5153 pellibus,
3506 5083 3755 5149 destituti,

2165 5180 2344 5250 pressi,
2372 5179 2562 5252 afﬂicti,
2597 5178 2778 5249 quibus
2802 5177 3044 5249 indignus
3064 5185 3171 5231 erat
3192 5174 3410 5229 mundus
3438 5173 3461 5247 (
3483 5173 3643 5229 Hebr.
3664 5177 3754 5231 ll.

2163 5273 2252 5329 37.
2277 5272 2389 5344 58).
2421 5271 2590 5327 Totus
2611 5311 2626 5337 ,
2660 5270 2859 5342 inquit,
2906 5270 3007 5325 iste
3052 5266 3284 5323 mundus
3306 5307 3323 5334 ,
3350 5276 3407 5322 et
3435 5275 3577 5321 totus
3609 5267 3757 5322 orbis

2164 5380 2271 5419 non
2293 5377 2375 5420 est
2401 5362 2757 5420 conferendas
2786 5364 2853 5417 iis
2880 5361 2971 5432 qui
3016 5360 3070 5415 in
3109 5357 3492 5415 afﬂictionibus
3517 5366 3574 5414 et
3605 5372 3755 5427 pres-

2171 5458 2331 5523 suris,
2362 5465 2417 5513 et
2434 5446 2672 5511 nuditate
2696 5462 2860 5525 agunt
2882 5461 2937 5508 et
2979 5449 3343 5516 obambulant,
3370 5458 3425 5505 et
3461 5448 3515 5504 in
3540 5447 3757 5519 spelun-

2160 5550 2239 5606 cis
2264 5557 2547 5604 versantur
2566 5556 2783 5621 propter
2811 5546 2999 5601 Deum.

2225 5667 2243 5698 ί
2278 5664 2416 5713 Savil.
2445 5670 2498 5714 et
2515 5671 2727 5726 quatuor
2742 5667 2846 5726 Mss.
2873 5670 2885 5706 :
2904 5654 3061 5726 Etiam
3081 5653 3201 5726 :_._sed
3221 5652 3308 5705 hoc
3324 5652 3630 5726 potissimum
3648 5665 3749 5726 ma-

458 5728 702 5784 nimento
732 5736 1009 5801 perpetuo,
1036 5743 1092 5788 ut
1129 5750 1200 5790 ne
1241 5738 1427 5794 eadem
1457 5713 1699 5811 aggressi
1736 5746 1787 5800 in
1831 5744 2048 5805 easdem
2149 5713 2629 5811 ξίῖνξηὲἐὲᾗξξίαέῖἶῗῖξ
2840 5713 3751 5811 Ἦξξξξῗρίηξξῗζξξιῗξῖίέξ,ξθιξ¹λξῗξ,⁰ζ

458 5816 697 5895 incidam
718 5836 927 5904 pmngs.
959 5824 1301 5903 Licetautem
1326 5833 1521 5895 volenti
1551 5836 1621 5893 ad
1644 5836 1757 5895 loca
1784 5840 1876 5897 illa
1914 5856 2040 5919 per.

2156 5776 2494 5846 irematorelli,
2518 5799 2630 5849 qua:
2652 5784 2823 5835 melior
2846 5782 3057 5850 videtur.
3082 5776 3379 5850 retinemus;
3402 5777 3493 5827 sub
3516 5776 3621 5826 hac
3643 5787 3748 5832 ma-

2158 5865 2256 5922 gna
2279 5840 2566 5908 obserata}
2591 5850 2769 5914 10,9185.
2796 5851 2848 5897 et
2864 5843 2990 5910 apud
3008 5840 3150 5901 sant.
3174 5844 3403 5894 varietas.
