4084 6356
285 360 379 415 591

281 472 472 542 έθηκε,
503 475 688 548 φησὶν,
719 479 1107 552 ἕτιλαλῆσαι,
1144 483 1443 541 ναίετπεν·
1461 489 1597 543 Ἐὰν
1617 487 1939 557 δὲεύρεθῶ-

284 575 386 613 σιν
411 562 543 616 ἐκεῖ
568 568 1053 638 τεσσαράκοντα;
1080 574 1191 627 Kal
1224 570 1422 629 εἶπενο
1440 577 1522 630 Οὐ
1541 574 1629 646 μὴ
1658 575 1943 630 ἀπολέσω

284 646 490 703 ἕνεκεν
514 652 633 705 τῶν
670 658 1138 725 τεσσαράκοντα.
1169 657 1303 717 Εἶτα
1344 663 1529 718 λοιπὸν
1560 662 1748 735 ὥσπερ
1793 663 1940 716 αίδε-

284 735 436 822 σθεὶς
474 739 570 792 τοῦ
616 740 749 795 Θεοῦ
781 744 877 815 τὴν
906 744 1114 815 άφατον
1147 751 1528 822 μακροθυμίαν
1549 750 1816 817 ὀδίκαιος,
1847 750 1942 804 καὶ

280 821 470 887 δεδιὼς
495 826 705 898 μήποτε
735 831 828 883 καὶ
853 831 978 905 δόξῃ
1009 836 1379 907 ὑπερϐαίνειν,
1405 821 1502 892 καὶ
1544 837 1690 909 πέρα
1730 835 1823 891 τοῦ
1848 837 1942 907 μέ-

283 925 412 978 τρου
442 911 539 985 τήν
567 915 776 971 ίκεσίαν
799 921 1088 987 ποιεῖσθαι,
1145 924 1300 995 φησί·
1326 925 1423 995 Μή
1478 941 1556 990 τι,
1595 925 1796 993 Κύριε,
1832 924 1942 978 ἐὰν

285 998 555 1083 ίῖαλήσω
592 1002 732 1057 Ἐὰν
753 1006 1081 1075 εὑρεθῶσιν
1099 1010 1233 1065 ἐκεῖ
1243 1012 1597 1082 τριάκοντα;
1630 1011 1847 1083 Ἐπειδὴ
1872 1004 1944 1063 εῖ-

278 1081 367 1135 δεν
397 1084 615 1158 ἕτοιμον
664 1091 799 1161 πρὸς
838 1081 1280 1169 φιλανθρωπίαν,
1308 1100 1408 1154 οὐκ
1444 1100 1527 1154 ἔτι
1575 1100 1717 1155 κατά
1745 1081 1939 1170 μικρὸν

282 1170 628 1261 καθυφίησιν,
682 1180 803 1233 οὐδὲ
844 1181 1005 1237 πέντε
1050 1185 1292 1250 δικαίους
1347 1186 1671 1261 παραλιπὼν
1701 1200 1753 1252 ι,
1806 1184 1939 1239 ἀλλὰ

280 1256 431 1323 δέκα,
461 1261 602 1316 οὕτω
633 1269 899 1338 προσάγει
921 1272 1022 1343 τήν
1044 1275 1412 1346 παράκλησιν,
1433 1256 1528 1329 καί
1558 1290 1743 1347 φησιν·
1796 1271 1940 1328 Ἐὰν

280 1347 602 1434 εύρεθῶσιν
614 1353 745 1408 ἐκεῖ
758 1357 1071 1424 τριάκοντα
1084 1377 1104 1425 ;
1120 1363 1229 1417 Καὶ
1239 1360 1426 1418 εἶπενο
1448 1366 1531 1418 Οὐ
1539 1363 1625 1434 μὴ
1639 1360 1937 1426 ἀπολέσω,

277 1430 386 1485 ἐὰν
411 1436 563 1503 εὕρω
617 1439 738 1494 ἐκεῖ
781 1444 1115 1511 τριάκοντα.
1152 1450 1350 1503 Σκόπει
1380 1450 1522 1521 πόση
1545 1450 1638 1503 τοῦ
1672 1449 1882 1504 δικαίου
1905 1449 1939 1518 ἡ

279 1522 515 1610 ε-ύτονία·
548 1527 798 1602 καθάπερ
838 1534 1003 1599 αὐτὸς
1053 1537 1262 1607 μέλλων
1316 1537 1615 1602 ὑπεύθυνος
1668 1541 1736 1610 τῇ
1773 1537 1939 1608 ψήφῳ

276 1608 545 1705 γίνεσθαι,
579 1614 719 1705 οὕτω
752 1618 951 1691 πολλὴν
995 1622 1200 1678 τίθεται
1232 1626 1336 1696 τὴν
1371 1625 1604 1697 σπουδὴν
1634 1608 1939 1694 ἐξαρπάσαι

279 1698 377 1784 ’ξῇς
415 1698 714 1773 μελλούσης
758 1706 1062 1775 ὲττάγεσθαι
1095 1714 1365 1784 τιμωρίας
1394 1713 1454 1767 τὸ
1499 1713 1607 1767 τῶν
1633 1710 1939 1783 Σοδομιτῶν

276 1779 447 1846 ἔθνος.
475 1787 584 1840 Kal
604 1786 793 1845 εἶπενο
811 1794 1048 1866 Ἐπειδὴ
1080 1779 1198 1868 ἔχω
1223 1779 1491 1869 λαλῆσαι
1525 1800 1672 1867 πρὸς
1696 1779 1803 1853 τὸν
1824 1798 1942 1853 Κύ-

274 1883 427 1934 ριον,
470 1871 611 1926 Ἐὰν
635 1875 704 1929 δὲ
731 1881 1058 1947 εὑρεθῶσιν
1089 1885 1462 1953 ἐκεῖεῑκοσι;
1491 1886 1601 1941 Kal
1637 1882 1827 1940 εἶπεν·
1856 1888 1938 1941 Οὐ

274 1954 682 2056 ξθάπολέσια
712 1966 921 2056 ἕνεκεν
953 1972 1074 2027 τῶν
1116 1975 1332 2029 εἴκοσι.
1386 1976 1571 2030 Πάντα
1591 1974 1747 2044 λόγον
1772 1974 1940 2045 ὑπερ-

274 2040 451 2095 ϐαίνει
487 2048 579 2101 καὶ
608 2052 784 2107 πᾶσαν
813 2055 1023 2111 ἐννοιαν
1048 2060 1081 2131 ἡ
1110 2060 1204 2113 τοῦ
1238 2062 1507 2114 Δεσπότου
1533 2040 1823 2133 άγαθότης.
1843 2040 1940 2124 Τνίς

279 2134 386 2224 γάρ
420 2139 577 2206 ἡμῶν
604 2142 712 2195 τῶν
752 2147 810 2200 ἐν
858 2149 1009 2221 μέσῳ
1069 2152 1280 2223 μυρίων
1324 2152 1510 2207 κακῶν
1556 2151 1939 2224 στρεφομένων

277 2222 451 2278 είλετό
482 2245 605 2281 ποτε
636 2234 776 2288 κατὰ
804 2235 911 2289 τῶν
945 2222 1221 2307 ὁμογενῶν
1253 2238 1432 2310 ψῆφον
1463 2222 1708 2311 ἐκφέρων
1743 2236 1940 2292 τοσαύ-

275 2326 345 2382 τῃ
376 2315 681 2400 χρήσασθαι
707 2324 1112 2389 συγκαταϐάσει
1142 2327 1236 2380 καὶ
1261 2328 1665 2400 φιλανθρωπίας

348 2398 411 2454 ε’.
438 2401 575 2455 Ἀλλ’
588 2404 736 2475 ὅμως
756 2410 784 2461 ὀ
803 2409 1009 2475 δίκαιος
1030 2408 1183 2477 οὗτος
1206 2415 1351 2486 ὀρῶν
1370 2398 1468 2468 τὸν.
1487 2398 1715 2469 πλοῦτον
1730 2416 1828 2485 τῆς
1846 2412 1938 2466 τοῦ

278 2484 431 2560 [450]
453 2489 587 2546 Θεοῦ
614 2493 1023 2567 φιλανθρωπίας
1051 2500 1148 2571 ούχ
1176 2484 1409 2566 ἵσταται,
1427 2502 1561 2557 ἀλλὰ
1586 2502 1747 2556 πάλιν
1775 2484 1936 2571 φησί·

276 2578 336 2628 Μ
341 2575 373 2640 ἠ
392 2594 465 2661 τι,
486 2580 681 2648 Κύριε,
703 2583 812 2637 ἐὰν
839 2586 1095 2653 λαλήσω
1113 2589 1201 2643 ἔτι
1222 2589 1384 2655 ἅπαξ
1389 2606 1408 2655 ;
1436 2590 1650 2659 Ἐπειδὴ
1669 2588 1776 2661 γὰρ
1796 2590 1940 2658 ἄφα-

277 2659 504 2737 τοςῆνὴ
528 2669 903 2741 μακροθυμία,
920 2672 1008 2727 διὰ
1026 2674 1183 2729 τοῦτο
1212 2675 1463 2740 δεδοικὼς
1493 2676 1567 2749 μὴ
1591 2677 1685 2729 καὶ
1705 2659 1783 2739 είς
1803 2678 1940 2745 ἀγα-

277 2751 539 2824 νάκτησιν
564 2755 661 2827 τὴν
683 2762 807 2811 κατ’
833 2760 998 2814 αὐτοῦ
1031 2765 1270 2835 κινήσειε
1297 2763 1389 2819 τὸν
1431 2763 1939 2837 παρακαλούμενον,

278 2840 412 2910 φησί
435 2858 446 2869 ·
469 2844 526 2895 Μ
534 2842 565 2911 ’ᾗ
594 2861 668 2907 τι,
700 2846 910 2914 Κύριε;
941 2849 1032 2921 Μὴ
1055 2851 1325 2921 προπετές
1347 2868 1400 2905 τι
1445 2850 1618 2919 ποιῶ;
1674 2849 1748 2922 μὴ
1787 2850 1942 2904 ἀναί-

277 2930 507 2997 σχυντόν
535 2948 585 2985 τι
615 2934 982 3006 ἐπιδείκνυμι;
1019 2938 1092 3010 μὴ
1116 2940 1508 3009 καταγνώσεως
1534 2941 1681 3007 ἄξιον
1710 2941 1942 3012 πρᾶγμα

279 3014 702 3091 διαπράττομαι,
730 3022 826 3076 ἐάν
855 3023 1070 3097 λαλήσω
1103 3025 1181 3080 ἐτι
1207 3026 1389 3095 ama;
1416 3027 1574 3082 Μετὰ
1605 3028 1705 3098 τῆς
1740 3027 1943 3098 πολλῆς

276 3102 495 3174 ἐκείνης
533 3106 869 3179 ἀγαθότητος
903 3111 984 3165 ἔτι
1015 3114 1143 3184 μίαν
1173 3115 1381 3168 ἱκεσίαν
1433 3113 1580 3180 δέξαι
1607 3115 1736 3186 παρ’
1783 3114 1940 3186 ἐμοῦ.

292 3190 427 3243 Ἐὰν
454 3192 523 3245 δὲ
561 3195 888 3261 εὑρεθῶσιν
937 3199 1066 3253 ἐκεῖ
1097 3199 1271 3265 δέκα;
1325 3201 1439 3256 Kal
1481 3198 1681 3256 εἷπεν’
1715 3203 1798 3255 Οὐ
1854 3201 1940 3271 μὴ

273 3278 558 3335 ἀπολέσω
593 3283 804 3339 ἕνεκεν
858 3284 977 3339 τῶν
1031 3286 1196 3341 δέκα.
1255 3290 1367 3343 Kal
1417 3289 1602 3361 ἐπειδὴ
1660 3287 1943 3361 προλαϐὼν

277 3360 453 3429 εἶπεν,
505 3369 627 3421 Ἔτι
656 3368 819 3435 ἅπαξ
869 3372 1160 3439 λαλήσω;
1206 3373 1484 3444 Ἀπῆλθε,
1516 3360 1671 3446 φησὶ,
1703 3360 1939 3444 Κύριος,

273 3452 358 3519 ὡς
387 3454 696 3511 ἐπαύσατο
718 3458 925 3513 λαλῶν
950 3458 1030 3525 τῷ
1065 3460 1312 3531 Ἀϐραάμ
1331 3479 1345 3493 ·
1374 3462 1475 3516 καὶ
1528 3463 1782 3531 Ἀϐραὰμ
1828 3463 1944 3518 ὐπ-

277 3539 572 3611 έστρεψεν
602 3546 692 3612 εἰς
720 3548 826 3601 τὸν
854 3548 1042 3602 τόπον
1071 3550 1281 3603 αὑτοῦ.
1337 3549 1518 3603 Είδετε
1544 3550 1636 3603 τοῦ
1671 3550 1940 3603 Δεσπότου

276 3627 377 3698 τὴν
413 3632 820 3699 συγκατάϐασιν
839 3652 854 3700 ;
874 3636 1042 3689 εἴδετε
1068 3635 1161 3690 τοῦ
1182 3636 1391 3690 δικαίου
1407 3636 1505 3709 τήν
1530 3637 1940 3710 φιλοστοργίαν;

277 3714 511 3783 ἐμάθετε
541 3718 640 3790 ὅση
671 3720 703 3791 ἡ
741 3721 894 3790 ίσχίις
924 3722 1033 3776 τῶν
1065 3724 1165 3793 τὴν
1214 3724 1414 3796 ἀρετὴν
1450 3724 1777 3794 μετιόντων;
1816 3725 1942 3779 Ἐὰν

277 3802 387 3874 γάρ
408 3804 694 3876 εύρεθῶσι,
726 3810 881 3881 φησὶ,
908 3810 1039 3864 δέκα
1063 3812 1284 3877 δίκαιοι,
1311 3813 1378 3867 δι’
1407 3813 1649 3877 ἐκείνους
1676 3815 1811 3868 πᾶσι
1843 3814 1942 3885 τήν

279 3891 630 3965 συγχώρησιν
664 3895 773 3951 τῶν
805 3900 1212 3970 ἡμαρτημένων
1277 3900 1578 3973 δωροῦμαι.
1633 3903 1707 3957 Οὐ
1761 3903 1943 3967 καλῶς

277 3975 485 4048 ἔλεγον,
526 3981 608 4036 ὅτι
636 3983 809 4039 ταῦτα
838 3987 1014 4041 πάντα
1036 3987 1273 4058 ἐγένετο,
1309 3990 1395 4043 ἵνα
1435 3990 1676 4063 μηδεμία
1721 3990 1943 4046 καταλί-

275 4080 450 4136 πηται
486 4071 601 4133 τοῖς
632 4070 774 4141 μετά
820 4073 995 4129 ταῦτα
1017 4076 1461 4147 ἀναισχυντοῦσιν
1483 4078 1791 4148 ἀντιλογίας
1838 4080 1944 4149 ἀφ-

272 4154 421 4226 ορμή
444 4172 458 4220 ;
486 4155 606 4209 Εἰσὶ
626 4158 732 4229 γάρ
748 4159 932 4214 πολλοὶ
954 4162 1061 4215 τῶν
1092 4164 1430 4235 μεμηνότων,
1449 4165 1745 4221 ἀκόλαστον
1771 4165 1942 4235 γλῶτ-

276 4258 376 4294 ταν
388 4242 719 4313 ἔχοντες,καὶ
734 4248 1011 4303 αἰτιᾶσθαι
1035 4249 1348 4323 βουλόμενοι
1371 4254 1465 4307 καλ¹
1484 4253 1731 4322 λέγοντες
1746 4270 1761 4285 ⁸
1779 4253 1940 4318 Τίνος

274 4328 463 4385 ἕνεκεν
490 4333 801 4408 ἐνεπρήσθη
826 4337 895 4391 τά
923 4338 1130 4410 Σόδομα
1152 4356 1166 4405 ;
1195 4341 1259 4394 El
1293 4341 1674 4413 μακροθυμίας
1699 4341 1942 4414 ἀπήλαυ-

282 4434 405 4481 σαν,
438 4421 567 4485 ἴσως
596 4423 664 4477 ἂν
704 4426 1059 4498 μετενόησαν.
1092 4428 1191 4481 Διά
1222 4428 1380 4482 τοῦτο
1437 4428 1675 4485 δείκνυσί
1729 4446 1813 4483 σοι
1843 4429 1942 4500 τῆς

280 4505 480 4571 κακίας
514 4507 613 4579 τήν
639 4510 887 4566 ἐπίτασιν
901 4513 951 4579 ιι,
979 4514 1074 4568 καὶ
1116 4514 1201 4568 ὅτι
1232 4514 1291 4568 ἐν
1315 4514 1556 4585 τοσούτῳ
1612 4514 1810 4586 πλήθει
1850 4533 1942 4569 το-

277 4592 452 4667 σαύτη
480 4592 548 4668 ἦν
579 4597 776 4662 σπάνις
798 4598 1020 4671 ἀρετῆς,
1053 4601 1129 4665 ὡς
1163 4601 1350 4674 ἐτέρου
1379 4600 1670 4656 κλυδωνίου
1696 4602 1939 4656 τοιούτου

275 4678 504 4748 δεῖσθαι,
529 4678 643 4739 οἷον
670 4686 935 4759 πρότερον
964 4687 1230 4743 κατέλαϐε
1252 4689 1350 4761 τὴν
1403 4689 1749 4762 οίκουμένην.
1801 4690 1940 4745 Ἀλλ’

277 4768 466 4842 ἐπειδὴ
494 4771 789 4844 ὑπόσχεσις
810 4776 927 4829 ἐστι
959 4776 1054 4829 τοῦ
1086 4777 1252 4844 Θεοῦ,
1281 4777 1421 4831 ὥστε
1458 4777 1656 4849 μηκέτι
1689 4776 1942 4848 τοιαύτην

274 4855 633 4931 ἐπενεχθῆναι
666 4864 957 4934 τιμωρίαν,
982 4864 1071 4918 διὰ
1113 4864 1269 4920 τοῦτο
1316 4866 1503 4940 ἕτερον
1545 4867 1745 4939 τρόπον
1772 4884 1943 4937 τιμω-

278 4943 403 5016 ρίας
432 4946 649 5015 ἐπάγει,
676 4950 812 5019 ὁμοῦ
866 4951 1154 5021 κάκείνους
1183 4953 1287 5008 ὑπὸ
1335 4955 1435 5027 τὴν
1474 4954 1744 5027 τιμωρίαν
1770 4956 1938 5024 ἄγων,

276 5032 375 5086 καὶ
409 5037 524 5098 τοῖς
553 5035 683 5107 ἐξῆς
718 5037 891 5092 ἆπασι
927 5039 1149 5111 διηνεκῆ
1175 5041 1273 5112 τήν
1327 5041 1675 5096 διδασκαλίαν
1702 5043 1940 5113 παρεχό-

279 5136 462 5190 μενος.
498 5123 715 5196 Ἐπειδὴ
740 5125 849 5198 γὰρ
876 5126 1178 5198 ἀνέτρεψαν
1198 5128 1323 5192 τοὺς
1360 5129 1463 5200 τῆς
1487 5129 1702 5199 φύσεως
1722 5130 1939 5201 νόμους,

275 5207 374 5261 καὶ
406 5206 564 5273 ξένας
585 5212 679 5265 καὶ
707 5213 1060 5285 παρανόμους
1091 5214 1395 5286 ἐπενόησαν
1432 5217 1628 5289 μίξεις,
1659 5217 1749 5271 διά
1785 5217 1942 5273 τοῦτο

277 5292 431 5358 ξένον
454 5298 725 5370 τιμωρίας
761 5301 855 5355 τὸν
898 5302 1099 5374 τρόπον
1126 5303 1394 5375 ἐπήγαγε,
1436 5305 1525 5359 διὰ
1570 5305 1671 5377 τὴν
1717 5305 1941 5361 ἐκείνων

275 5384 627 5454 παρανομίαν
650 5389 745 5440 καὶ
763 5387 867 5458 τῆς
882 5388 985 5459 γῆς
1001 5388 1099 5461 τήν
1114 5389 1356 5462 γαστέρα
1368 5409 1442 5463 πη
1450 5390 1652 5463 ρώσας,
1667 5394 1761 5447 καὶ
1776 5410 1941 5447 κατα-

274 5466 453 5523 λιπὼν
502 5471 803 5545 ὑπόμνημα
848 5476 1093 5546 διηνεκὲς
1128 5480 1250 5542 ταῖς
1296 5479 1434 5549 μετά
1484 5480 1657 5535 ταῦτα
1702 5482 1937 5549 γενεαῖς,

275 5554 419 5608 ὥστε
450 5556 526 5628 μή
551 5562 665 5624 τοῖς
694 5562 877 5627 αὐτοῖς
905 5564 1223 5638 ἐπιχειρεῖν,
1260 5566 1346 5620 ἵνα
1374 5567 1449 5640 μὴ
1474 5570 1587 5633 τοῖς
1623 5568 1808 5634 αὐτοῖς
1838 5586 1938 5623 πε-

342 5709 368 5775 _'
392 5708 587 5775 5'5un
608 5726 722 5759 mss.
748 5714 1050 5775 παραλαϐών.

338 5768 370 5812 δ
390 5768 497 5821 Sex'
511 5787 626 5824 mss.
652 5782 734 5835 τῆς
758 5768 909 5832 αἰτίας
928 5778 1011 5838 τὴν
1031 5777 1257 5828 ἐπίτασιν.

1370 370 1433 426 ΙΝ
1466 371 1623 432 CAP.
1663 369 1831 429 XVIII
1865 367 2109 427 GENES.
2153 369 2385 428 llOMlL.
2426 372 2579 427 XLII.

3600 374 3704 433 δια
3724 408 3725 411 η

2049 487 2335 560 ριπέσωσι.
2388 491 2498 544 Kal
2527 489 2705 556 ἔξεστι
2743 489 2821 560 τῷ
2884 488 3189 560 βουλομένῳ
3233 489 3314 553 είς
3344 489 3469 554 τοὺς
3509 492 3704 559 τόπους

2048 585 2397 655 ἀφικνεῖσθαι
2425 587 2688 650 ἐκείνους,
2718 587 2812 639 καὶ
2832 586 2965 658 ὀρᾷν
3014 584 3203 657 αὐτὴν,
3252 584 3329 649 ὡς
3375 587 3568 655 εἰπεῖν,
3602 590 3703 661 τὴν

2045 681 2151 751 γῆν
2178 680 2386 753 βοῶσαν
2414 682 2510 737 καὶ
2543 681 2892 736 δεικνύουσαν
2920 681 3020 753 τῆς
3042 680 3310 754 τιμωρίας
3333 682 3403 738 τὰ
3432 683 3577 757 ἴχνη,
3607 688 3701 741 καὶ

2052 776 2191 847 μετά
2222 775 2490 831 τοσούτων
2512 777 2649 831 ἐτῶν
2676 776 2930 849 ἀριθμὸν,
2968 776 3045 841 ὡς
3086 777 3214 848 χθές
3245 778 3341 833 καὶ
3388 778 3581 852 πρώην
3606 782 3703 835 ἐπ-

1985 918 1994 924 .
2042 871 2300 945 ἀχθείσης
2328 873 2428 946 τῆς
2453 873 2742 946 τιμωρίας,
2764 872 2906 927 οὕτω
2930 874 3246 947 καταφανὴς
3273 876 3306 947 ἡ
3331 875 3701 948 ἀγανάκτησις

2043 967 2332 1026 δείκνυται.
2372 972 2452 1024 Δι’
2480 970 2529 1037 ὃ,
2570 969 2873 1042 παρακαλῶ
2896 1010 2911 1037 ,
2947 969 3007 1035 ἐξ
3049 963 3123 1025 ὧν
3159 970 3337 1043 ἐτεροι
3391 973 3491 1043 τὴν
3544 973 3703 1047 δίκην

2046 1065 2235 1121 ἔδοσαν
2289 1068 2452 1140 ἡμεῖς
2482 1064 3124 1138 σωφρονιζώμεθα.Ἀλλ’
3156 1068 3287 1132 ἴσως
3312 1069 3453 1122 εἴποι
3478 1086 3562 1134 τις
3590 1070 3658 1125 ἀν
3680 1088 3698 1104 ο

2047 1163 2112 1215 Τί
2148 1159 2270 1229 οῦν;
2309 1163 2496 1235 ἐπειδὴ
2510 1164 2707 1217 ἐκεῖνοι
2733 1162 2905 1227 οὕτως
2933 1162 3321 1234 ἐκολάσθησαν,
3348 1165 3447 1219 οὐκ
3468 1165 3575 1219 είσὶ
3606 1166 3701 1221 καὶ

2042 1256 2136 1310 νῦν
2187 1257 2376 1311 πολλοὶ
2401 1256 2471 1311 τὰ
2520 1258 2660 1313 αύτά
2704 1257 2933 1322 ἐκείνοις
2982 1258 3444 1330 παρανομοῦντες,
3494 1261 3586 1314 καὶ
3622 1259 3699 1333 μὴ

2042 1351 2431 1423 κολαζόμενοις
2496 1352 2605 1406 Ναί
2623 1369 2636 1384 ’
2677 1352 2814 1407 ἀλλά
2843 1350 3000 1407 τοῦτο
3030 1353 3230 1425 μᾶλλον
3266 1354 3532 1427 τιμωρίαν
3560 1372 3700 1427 προ-

2041 1449 2253 1523 ξενήσει
2280 1462 2303 1491 ε
2333 1454 2443 1516 τοῖς
2464 1450 2687 1507 τοιαῦτα
2712 1451 3110 1525 παρανομοῦσι.
3131 1452 3299 1507 Ὅταν
3327 1452 3437 1525 γάρ
3471 1453 3606 1526 μήτε
3634 1453 3701 1507 ἐκ

2039 1543 2148 1596 τῶν
2191 1545 2271 1608 είς
2306 1545 2547 1610 ἐκείνους
2590 1544 3013 1617 συμϐεϐηκότων
3042 1544 3520 1618 σωφρονιξώμεθα,
3559 1547 3697 1617 μήτε

2040 1636 2147 1690 ἀπὸ
2168 1636 2267 1706 τῆς
2286 1638 2664 1710 μακροθυμίας
2692 1638 2784 1693 τοῦ
2819 1639 2950 1693 Θεοῦ
2974 1657 3035 1693 κε
3046 1639 3342 1711 ρδαίνωμέν
3363 1658 3434 1705 τι,
3448 1640 3698 1707 ἐννόησον

2038 1722 2131 1776 καὶ⁸
2147 1724 2291 1788 ὅπως
2307 1726 2480 1779 ἐκεῖνο
2494 1725 2555 1778 τδ
2569 1726 2827 1780 ἄσϐεστον
2844 1726 2916 1780 πῦ
2927 1744 2956 1797 ρ
2987 1726 3338 1798 σφοδρότερον
3364 1727 3572 1790 ἑαυτοῖς
3598 1727 3701 1779 ὑπ-

2037 1812 2386 1885 ανάπτωμεν,
2399 1817 2491 1870 καὶ
2504 1816 2596 1870 τὸν
2612 1816 2865 1888 σκώληκα
2881 1817 3075 1889 πικρὸν
3098 1816 3473 1888 ἐργαζώμεθα.
3494 1816 3700 1882 Ἄλλως

2037 1899 2113 1965 δέ,
2130 1902 2316 1975 ἐπειδὴ
2335 1902 2517 1956 πολλοὶ
2530 1903 2617 1957 διά
2638 1903 2738 1976 τήν
2756 1905 2848 1958 τοῦ
2865 1904 2997 1957 Θεοῦ
3017 1905 3175 1976 χάριν
3196 1906 3301 1957 εἰσὶ
3319 1904 3468 1977 [451]
3492 1906 3582 1958 καὶ
3605 1905 3700 1958 νῦν

2037 1988 2300 2060 ἐνάρετοι,
2315 1990 2580 2044 δυσωπεῖν
2596 1991 2878 2062 δυνάμενοι
2893 1991 2986 2045 τὸν
3004 1990 3297 2061 Δεσπότην,
3310 1990 3558 2062 καθάπερ
3579 1990 3698 2044 τότε

2038 2077 2067 2129 ὀ
2096 2077 2472 2149 πατριάρχης·
2499 2078 2549 2130 εί
2572 2079 2666 2131 καὶ
2693 2078 2852 2149 ἡμεῖς
2881 2078 2945 2131 ἐκ
2967 2076 3061 2131 τοῦ
3091 2077 3159 2131 τά
3187 2078 3307 2132 καθ’
3324 2077 3549 2140 ἑαυτοὺς
3569 2094 3699 2130 σκο-

2041 2167 2183 2230 πεῖν,
2216 2166 2479 2236 καὶπρὸς
2505 2166 2605 2238 τὴν
2658 2165 2931 2237 ρᾳθυμίαν
2980 2166 3192 2237 ἀφορᾷν
3249 2165 3349 2236 τήν
3394 2164 3698 2236 ἡμετέραν,

2040 2253 2335 2324 νομίζομεν
2366 2254 2567 2325 πολλὴν
2589 2250 2729 2307 εἶναι
2756 2254 2856 2325 τὴν
2902 2253 3099 2308 σπάνιν
3148 2252 3251 2324 τῆς
3275 2252 3509 2325 ἀρετῆς·
3550 2254 3699 2323 ὅμως

2039 2340 2130 2394 διὰ
2158 2341 2257 2413 τήν
2283 2342 2505 2395 ἐκείνων
2530 2341 2732 2413 ἀρετὴν
2760 2342 2860 2412 τὴν
2890 2342 3017 2411 περὶ
3051 2339 3274 2406 τούτους
3321 2339 3700 2411 μακροθυμίαν

2041 2428 2429 2484 ἐπιδείκνυται.
2457 2429 2568 2483 Kal
2591 2430 2675 2483 ἵνα
2705 2428 2881 2501 μάθῃς
2910 2429 2992 2482 ὅτι
3037 2429 3072 2499 ἡ
3109 2427 3218 2481 τῶν
3253 2426 3509 2481 τοιούτων
3557 2429 3701 2499 παρ-

2043 2516 2206 2586 ρησία
2233 2516 2333 2585 τῆς
2359 2516 2740 2589 μακροθυμίας
2762 2518 2894 2586 ἡμῖν
2918 2514 3177 2587 πρόξενος
3212 2513 3443 2583 γίνεται,
3468 2513 3701 2567 ἄκουσον

2038 2600 2098 2667 ἐξ
2125 2602 2296 2671 αὐτῆς
2318 2602 2522 2674 ταύτης
2535 2602 2636 2673 τῆς
2657 2601 2915 2673 ἱστορίας,
2940 2600 2994 2653 τί
3016 2617 3150 2670 φησι
3167 2599 3300 2671 πρὸς
3326 2598 3416 2652 τὸν
3440 2601 3701 2671 πατριάρ-

2037 2706 2159 2759 χην,
2184 2690 2265 2742 ὃτι
2309 2689 2451 2743 Ἐὰν
2478 2687 2623 2743 δέκα
2662 2688 2935 2754 δικαίους
2966 2688 3139 2755 εὕρω,
3177 2688 3250 2741 οὺ
3273 2685 3361 2755 μὴ
3418 2684 3702 2741 ἀπολέσω

2038 2774 2154 2843 τὴν
2174 2778 2374 2830 πόλιν.
2404 2776 2515 2829 Kal
2533 2774 2585 2829 τί
2610 2775 2752 2843 λέγω
2784 2774 2916 2828 δέκα
2951 2773 3225 2838 δικαίους;
3268 2770 3459 2836 Οὐδεὶς
3500 2773 3698 2844 εὑρέθη

2042 2864 2160 2916 ἐκεῖ
2179 2866 2278 2936 τῆς
2300 2863 2641 2935 παρανομίας
2664 2862 2842 2925 ἐκτὸς,
2879 2862 2929 2914 εἰ
2954 2862 3029 2932 μὴ
3059 2861 3215 2931 μόνος
3246 2859 3370 2914 Λὼτ
3400 2861 3429 2914 ὁ
3473 2859 3699 2924 δίκαιος,

2043 2952 2136 3004 καὶ
2167 2952 2223 3003 al
2244 2949 2432 3004 τούτου
2475 2950 2567 3003 δύο
2616 2949 2934 3021 θυγατέρες.
2996 2950 3061 3001 Ἦ
3091 2948 3200 3018 γὰρ
3229 2945 3368 3018 γυνὴ
3423 2947 3491 3000 δι’
3539 2947 3701 3000 αὑτὸν

2042 3038 2173 3101 ῐσως
2195 3037 2293 3108 τὴν
2321 3038 2378 3092 ἐν
2405 3039 2471 3108 τῇ
2496 3037 2649 3090 πόλει
2676 3038 2946 3109 τιμωρίαν
2969 3035 3322 3105 διαφυγοῦσα,
3353 3034 3575 3104 ὕστερον
3601 3034 3701 3103 τὴν

2040 3123 2196 3192 δίκην
2246 3122 2413 3176 ἔδωκε
2466 3122 2531 3175 δι’
2583 3122 2790 3175 οἰκείαν
2844 3121 3136 3194 ρᾳθυμίαν.
3190 3121 3327 3174 Νυνὶ
3361 3119 3418 3173 δέ
3451 3119 3539 3172 διὰ
3600 3120 3702 3189 τὴν

2041 3210 2246 3279 ἄφατον
2278 3209 2372 3262 τοῦ
2403 3208 2538 3263 Θεοῦ
2561 3208 2991 3280 φιλανθρωπίαν,
3026 3206 3213 3278 ἐπειδὴ
3240 3206 3480 3260 ἐπέδωκε
3504 3204 3573 3258 τὰ
3602 3206 3703 3276 τῆς

2043 3296 2343 3360 εὐσεϐείας,
2376 3296 2561 3350 πολλοὶ
2591 3298 2686 3350 καὶ
2715 3297 2773 3349 ἐν
2804 3295 2999 3366 μέσαις
3034 3297 3155 3358 ταῖς
3183 3294 3369 3347 πόλεσι
3407 3293 3700 3348 λανθάνον-

2041 3386 2133 3450 τές
2164 3388 2289 3449 εἰσι,
2346 3386 2631 3455 δυνάμενοι
2665 3384 2934 3439 δυσωπεῖν
2980 3385 3071 3438 τὸν
3120 3383 3273 3449 Θεὸν,
3326 3383 3423 3437 καὶ
3454 3382 3513 3435 ἐν
3549 3381 3704 3452 ὀρεσι

2041 3472 2137 3527 καὶ
2167 3472 2450 3544 σπηλαίοις
2475 3472 2671 3545 ἕτεροι,
2709 3472 2805 3525 καὶ
2837 3473 2869 3541 ἡ
2900 3471 3007 3524 τῶν
3054 3470 3250 3540 ὀλίγων
3298 3468 3503 3522 τούτων
3531 3466 3703 3538 ἀρετή

2040 3558 2138 3630 τὴν
2167 3559 2276 3613 τῶν
2317 3559 2527 3613 πολλῶν
2579 3558 2777 3613 κακίαν
2838 3556 3153 3628 ἀποκρύψαι
3205 3555 3425 3610 δύναται
3460 3572 3476 3587 ο
3512 3550 3700 3625 ἐπειδὴ

2041 3645 2212 3718 πολλὴ
2250 3646 2344 3700 τοῦ
2370 3644 2641 3700 Δεσπὸτου
2668 3647 2701 3717 ἡ
2732 3645 3028 3715 ἀγαθότης,
3071 3644 3168 3699 καὶ
3206 3643 3465 3706 πολλάκις
3491 3639 3600 3694 οἶδε
3629 3640 3700 3694 δι’

2039 3734 2255 3803 ὀλίγους
2278 3734 2517 3797 δικαίους
2540 3734 2649 3788 τῶν
2673 3732 2884 3787 πολλῶν
2912 3731 3231 3805 χαρίζεσθαι
3261 3732 3363 3803 τήν
3406 3730 3699 3800 σωτηρίαν.

2038 3823 2151 3876 Kal
2178 3822 2231 3875 τί
2261 3821 2404 3891 λέγω
2430 3818 2498 3875 δι’
2528 3820 2741 3890 ὀλίγους
2787 3820 3065 3887 δικαίους;
3100 3818 3386 3883 Πολλάκις,
3444 3817 3573 3871 ὅταν
3624 3816 3701 3887 μὴ

2042 3909 2240 3981 εὑρεθῇ
2266 3911 2324 3963 ἐν
2351 3908 2429 3980 τῷ
2451 3907 2678 3978 παρόντι
2710 3907 2811 3978 βίῳ
2833 3907 3061 3971 δίκαιος,
3082 3905 3172 3959 διὰ
3197 3904 3296 3977 τὴν
3320 3905 3432 3957 τῶν
3459 3903 3703 3958 τετελευ-

2039 3997 2283 4067 τηκότων
2304 3996 2505 4068 ἀρετὴν
2533 3995 2643 4049 τῶν
2683 3993 2899 4059 ζώντων
2942 3994 3188 4066 κήδεται,
3224 3992 3320 4047 καὶ
3347 3991 3447 4063 βοᾷ
3475 3990 3648 4060 λέγων
3681 4006 3697 4021 ·

2051 4086 2418 4154 Ὑπερασπιῶ
2461 4085 2572 4153 τῆς
2610 4085 2844 4150 πόλεως
2883 4085 3107 4151 ταύτης
3150 4082 3224 4136 δι’
3261 4082 3368 4153 ἐμὲ
3385 4121 3403 4147 ,
3453 4084 3555 4137 καί
3602 4082 3701 4136 διὰ

2039 4174 2220 4229 Δαυῒδ
2243 4174 2350 4227 τὸν
2369 4172 2551 4226 παῖδά
2573 4189 2712 4242 μου.
2741 4172 2804 4226 El
2824 4171 2920 4225 καὶ
2946 4170 3119 4235 αὐτοὶ,
3147 4169 3334 4241 φησὶν,
3356 4168 3562 4236 ἀνάξιοί
3591 4169 3699 4223 είσι

2039 4260 2135 4314 τοῦ
2166 4258 2456 4324 σώζεσθαι,
2488 4260 2583 4315 καὶ
2609 4260 2866 4330 οὐδεμίαν
2894 4257 3150 4331 ἀφορμὴν
3189 4257 3370 4328 έχουσι
3402 4256 3698 4328 σωτηρίας,

2040 4347 2156 4402 ἀλλ’
2195 4346 2382 4419 ἐπειδὴ
2421 4346 2483 4400 τὸ
2534 4343 3078 4416 φιλανθρωπεύεσθαι
3127 4342 3355 4415 σύνηθες
3407 4342 3551 4413 ἐμοὶ,
3604 4342 3701 4395 καὶ

2041 4434 2170 4506 περὶ
2193 4433 2254 4487 τὸ
2279 4434 2450 4487 ἐλεεῖν
2474 4434 2589 4505 εἰμι
2621 4433 2858 4503 ἕτοιμος,
2889 4433 2984 4486 καλ⁵
3002 4429 3333 4500 ἐξαρπάζειν
3350 4428 3459 4483 τῶν
3488 4428 3697 4492 δεινῶν,

2039 4520 2106 4574 δι’
2135 4520 2369 4591 ἐμαυτὸν
2400 4522 2611 4591 ποιήσω
2639 4520 2733 4574 καὶ⁸
2757 4519 2847 4572 διὰ
2870 4517 2960 4572 τὸν
2987 4517 3154 4572 παῖδά
3198 4534 3298 4588 μου
3344 4515 3506 4572 Δαυῖδ
3529 4516 3700 4586 ὑπερ-

2041 4609 2314 4679 ασπισμόν
2342 4623 2358 4639 ο
2415 4607 2562 4661 καὶὸ
2601 4606 2709 4678 πρὸ
2748 4604 3019 4660 τοσούτων
3047 4605 3182 4659 ἐτῶν
3230 4602 3324 4658 τοῦ
3370 4602 3487 4674 βίου
3543 4618 3703 4673 μεταν-

2043 4695 2195 4760 στάς,
2218 4690 2370 4758 οὗτος
2396 4694 2566 4758 αἴτιος
2590 4694 2688 4764 τῆς
2744 4692 3017 4765 σωτηρίας
3048 4691 3256 4762 γίνεται
3290 4692 3404 4754 τοῖς
3461 4688 3568 4743 ῦπὺ
3593 4688 3695 4759 τῆς

2039 4784 2247 4846 οἰκείας
2283 4782 2552 4855 ῥᾳθυμίας
2609 4780 3040 4852 προδεδομένοις.
3092 4774 3246 4842 Εἶδες
3288 4774 3700 4848 φιλανθρωπίαν

2041 4871 2333 4934 Δεσπότου,
2361 4870 2479 4934 πῶς
2503 4871 2641 4941 τιμᾷ
2664 4869 2794 4931 τοὺς
2829 4870 2886 4921 ἐν
2910 4868 3078 4939 ἀρετῇ
3111 4865 3512 4936 διαλάμποντας
3538 4879 3553 4893 ο
3579 4861 3700 4925 πῶς

2040 4959 2238 5021 αὐτοὺς
2260 4956 2568 5029 προτίθησι,
2627 4955 2723 5010 καὶ
2750 4953 3031 5019 ἀνταξίους
3082 4954 3321 5007 δείκνυσι
3373 4949 3573 5013 παντὸς
3600 4947 3697 5002 τοῦ

2042 5046 2279 5118 πλήθους
2313 5044 2448 5110 ;Διά
2480 5043 2636 5098 τοῦτο
2667 5044 2764 5097 καὶ
2797 5042 3010 5105 Παῦλος
3043 5041 3233 5111 ἔλεγεν·
3258 5036 3589 5107 Περιῆλθον
3626 5038 3699 5089 έν

2033 5132 2359 5205 μηλωταῖς,
2382 5133 2453 5187 ἐν
2478 5131 2723 5201 αἰγείοις
2755 5130 3064 5200 δέρμασιν,
3094 5127 3537 5197 ὑστερούμενοι,
3572 5126 3699 5180 θλι-

2040 5226 2295 5293 ϐόμενοι,
2337 5221 2828 5291 κακουχούμενοι,
2849 5214 2936 5274 ὧν
2953 5220 3065 5274 οὐκ
3093 5214 3174 5288 ἦν
3199 5217 3370 5284 ἄξιος
3387 5218 3421 5271 ό
3446 5216 3695 5284 κόσμος.

1989 5334 2000 5341 ·
2040 5301 2209 5373 Οὗτος
2238 5308 2402 5373 ἅπας,
2435 5308 2621 5378 φησιν,
2653 5308 2683 5360 ὀ
2721 5306 2944 5377 κόσμος,
2991 5306 3021 5358 ὀ
3048 5303 3189 5358 κατά
3227 5303 3328 5373 τὴν
3366 5299 3697 5372 οἰκουμένην

2042 5398 2282 5463 ἃπασαν,
2308 5396 2411 5450 οὐκ
2434 5395 2499 5449 ἂν
2524 5395 2611 5465 εἴη
2644 5394 2944 5456 ἰσοστάσιος
2963 5391 3168 5446 τούτων
3190 5390 3300 5445 τῶν
3343 5390 3404 5444 ἐν
3457 5388 3694 5457 θλίψεσι,

2040 5486 2149 5539 τῶν
2180 5486 2238 5539 ἐν
2270 5483 2608 5554 κακουχίαις,
2651 5481 2761 5535 τῶν
2806 5479 3273 5552 γυμνητευόντων,
3309 5477 3422 5531 τῶν
3451 5475 3694 5548 περιιόν-

2042 5590 2171 5639 των,
2200 5572 2308 5625 τῶν
2339 5573 2398 5625 ἐν
2420 5569 2704 5641 σπηλαίοις
2721 5567 3013 5637 διαγόντων
3033 5566 3121 5621 διὰ
3157 5566 3247 5620 τὸν
3275 5565 3429 5620 Θεόν.

2104 5723 2125 5750 ο
2152 5720 2302 5769 Savil.
2354 5726 2407 5768 et
2428 5723 2651 5781 quatuor?
2671 5730 2783 5781 mss.
2828 5717 2949 5764 ἀλλὰ
2994 5732 3135 5765 τουτο
3162 5714 3331 5764 μᾶλλον
3373 5712 3561 5761 πλείονα
3583 5710 3694 5771 ἡμῖν

2041 5784 2123 5841 τὴν
2141 5782 2342 5843 ἀγωνίαν
2365 5780 2617 5839 ἐμποιῆσαι
2638 5780 2902 5837 δυνήσεται.
