4084 6356
376 343 488 402 393

448 457 698 520 ς’.’⁴οταν
728 453 820 513 οὖν
846 458 983 531 ἴδῃς,
1004 458 1274 533 άγαπητέ,
1294 462 1461 533 ἄνδρα
1482 463 1699 527 εὑτελές
1725 464 1824 535 μὲν
1854 464 2039 535 σχῆμα

371 542 573 609 ἔξωθεν
601 547 1001 618 περικείμενον,
1027 549 1227 620 ἀρετὴν
1250 550 1306 602 δὲ
1323 549 1533 604 ἔνδοθεν
1553 550 2039 621 περιϐεϐλημένον,

379 631 453 698 μὴ
479 631 822 704 ἐξευτελίσῃς
847 634 1034 688 τοῦτον
1063 635 1151 689 διά
1192 636 1254 690 16
1293 637 1638 707 φαινόμενον,
1658 636 1794 690 ἀλλὰ
1818 636 1907 690 τὸν
1938 637 2040 707 τῆς

374 716 551 787 ψυχῆς
578 718 806 773 πλοῦτον
832 721 1237 793 καταμάνθανε,
1256 724 1351 776 καὶ
1375 724 1473 794 τήν
1492 723 1637 777 ἔνδον
1659 722 2035 796 περιφάνειαν,

377 804 474 855 καὶ
501 804 619 857 τότε
651 805 768 876 δζιει
796 809 1129 879 πανταχόθεν
1156 810 1255 881 τὴν
1271 811 1470 883 ἀρετὴν
1494 811 1835 883 λάμπουσαν.
1854 809 2040 864 Τοιοῦ-

374 906 464 953 τος
501 885 568 962 ἦν
605 893 632 944 6
672 894 943 966 μακάριος
1006 897 1190 962 Ἠλίας
1215 915 1229 929 ’
1282 897 1535 969 μηλωτήν
1573 897 1733 968 μόνον
1775 894 1909 968 εἶχε,
1942 898 2040 952 καὶ

372 976 402 1027 6
435 979 532 1050 τὴν
565 982 870 1052 πορφυρίδα
918 984 1384 1057 περιϐεϐλημένος
1441 985 1640 1055 Ἀχαάϐ
1677 985 1774 1056 τῆς
1823 985 2034 1040 ἐκείνου

376 1066 628 1136 μηλωτῆς
648 1067 837 1122 ἐδεῖτο.
865 1066 1022 1135 Εἶδες
1060 1072 1155 1125 τοῦ
1200 1074 1297 1143 μὲν
1338 1073 1541 1144 Ἀχαάϐ
1575 1074 1675 1144 τὴν
1700 1072 1911 1139 πενίαν,
1938 1072 2033 1127 τοῦ

368 1152 427 1205 δὲ
470 1153 621 1208 Ἠλία
650 1156 743 1209 16v
768 1157 1028 1226 πλοῦτον;
1057 1161 1198 1231 Ὅρα
1230 1161 1327 1215 καὶ
1366 1160 1466 1231 τῆς
1492 1161 1771 1232 δυνάμεως
1798 1162 1922 1215 ὅσον
1974 1162 2034 1216 τὸ

372 1239 555 1308 μέσον.
609 1243 677 1296 Ἥ
712 1245 937 1318 μηλωτὴ
980 1246 1173 1301 τούτου
1206 1248 1298 1301 τὸν
1331 1247 1558 1321 οὐρανὸν
1588 1248 1901 1302 ἀπέκλεισε’
1926 1249 2033 1303 τῶν

370 1326 541 1382 ὑετῶν
592 1328 785 1401 ἔστησε
832 1332 930 1403 τήν
964 1336 1156 1406 φορὰν,
1184 1335 1281 1390 καὶ
1322 1337 1355 1407 ή
1382 1336 1604 1405 γλῶσσα
1635 1336 1729 1391 τοῦ
1754 1338 2031 1409 προφήτου

370 1416 584 1483 χαλινὸς
608 1419 823 1486 ἐγένετο
841 1420 919 1492 τῷ
951 1422 1186 1494 οὐρανῷ,
1216 1424 1311 1479 καὶ
1343 1425 1436 1477 ἐπί
1464 1425 1593 1495 τρία
1619 1424 1714 1496 ἔτη
1736 1425 1829 1478 καὶ⁵
1860 1426 2032 1497 μῆνας

368 1502 427 1569 ἒξ
454 1505 607 1568 ὑετὸς
628 1508 727 1561 οὑκ
754 1510 968 1577 ἐγένετο
982 1527 996 1543 ο
1029 1512 1123 1565 καὶ
1139 1514 1167 1565 6
1180 1511 1277 1582 τήν
1300 1512 1588 1585 ἁλουργίδα
1606 1513 1778 1567 καὶτὸ
1795 1513 2032 1585 διάδημα

369 1594 747 1664 περικείμενος
784 1600 1001 1670 περιῄει
1022 1598 1172 1672 [ιὸἳ]
1195 1601 1286 1656 τὸν
1311 1603 1597 1674 προφήτην
1626 1600 2029 1673 ἐπιζητῶν,καὶ

364 1680 518 1733 οὐδὲν
543 1682 839 1753 δυνάμενος
880 1688 1133 1759 κερδᾶναι
1166 1689 1232 1743 ἐκ
1266 1689 1364 1760 τῆς
1388 1690 1660 1761 τοσαύτης
1688 1690 2023 1755 δυναστείας.

380 1766 518 1820 Ἀλλ’
548 1769 649 1841 ὅρα
686 1774 956 1828 Δεσπότου
996 1776 1427 1849 φιλανθρωπίαν.
1477 1778 1694 1853 Ἐπειδὴ
1730 1777 1872 1834 εἶδεν
1918 1781 2028 1835 ἀπὸ

364 1854 529 1925 ζήλου
570 1858 662 1911 καὶ
689 1860 888 1932 πολλῆς
930 1862 1261 1935 θερμότητος
1286 1864 1377 1919 τὸν
1404 1868 1692 1939 προφήτην
1714 1868 2025 1941 κινηθέντα,

364 1942 459 1993 καὶ
498 1942 597 2014 τήν
646 1946 889 2019 μεγάλην
929 1950 1136 2022 ταύτην
1184 1952 1452 2023 τιμωρίαν
1499 1954 1851 2024 ἐπαγαγόντα
1886 1956 2028 2009 κατά

363 2030 544 2100 πάσης
568 2033 665 2102 τῆς
695 2037 814 2105 γῆς,
857 2035 998 2090 ὥστε
1043 2038 1120 2110 μὴ
1151 2040 1245 2093 καὶ
1280 2039 1442 2093 αὑτὸν
1479 2041 1884 2097 συναπολαῦσαι
1926 2046 2026 2117 τῆς

358 2119 649 2189 τιμωρίας,
699 2122 793 2176 καὶ
831 2124 1031 2194 ὁμοίιος
1056 2127 1122 2196 τῇ
1159 2126 1385 2183 ἐκείνων
1417 2128 1654 2201 πονηρίᾳ
1678 2129 2024 2199 κολάζεσθαι,

361 2206 497 2272 φησὶ
514 2206 649 2277 πρὸς
669 2208 848 2262 αὐτόν·
868 2210 1161 2280 Ἐγερθεὶς
1177 2216 1497 2283 πορεύθητι
1518 2218 1607 2285 είς
1629 2219 1902 2287 Σαρεπτὰ
1917 2219 2027 2289 τῆς

363 2292 668 2361 Σιδωνίας.
714 2297 869 2351 Ἐκεῖ
913 2299 1025 2367 γὰρ
1056 2299 1411 2371 ἐντελοῦμαι
1438 2305 1676 2374 γυναικὶ
1715 2305 1872 2375 χήρᾳ
1916 2309 2025 2362 τοῦ

360 2378 699 2449 διατρέφειν
742 2398 836 2437 σε.
885 2385 995 2439 Καὶ
1048 2386 1322 2455 ἀναστὰς
1365 2389 1679 2460 ἐπορεύθη.
1732 2394 1875 2464 Ὅρα
1928 2394 2023 2449 τοῦ

362 2465 675 2537 ΙΙνεύματος
728 2470 826 2541 τὴν
855 2472 1037 2543 χάριν,
1072 2476 1344 2548 ἀγαπητέ.
1387 2478 1497 2533 Καὶ
1530 2479 1641 2552 γὰρ
1670 2480 1765 2534 καὶ
1794 2482 1922 2553 χθές
1943 2485 2023 2547 είς

358 2553 658 2621 φιλοξενίαν
686 2559 817 2628 ήμῖν
836 2562 863 2613 6
887 2560 1044 2629 λόγος
1060 2562 1203 2628 ἄπας
1227 2565 1509 2637 κατέληξε,
1533 2568 1628 2621 καὶ
1656 2570 1893 2641 σήμερον
1912 2571 2021 2625 ἰδοὺ

359 2641 393 2709 ή
424 2642 698 2709 φιλόξενος
720 2645 860 2717 αὕτη
909 2649 1058 2720 χήρα
1102 2652 1184 2715 είς
1218 2652 1372 2717 τέλος
1406 2656 1540 2725 ἡμῖν
1568 2655 1723 2725 ἄγειν
1742 2656 1833 2711 τὸν
1864 2657 2021 2727 λόγον

357 2729 559 2814 μέλλει.
584 2732 693 2786 Καὶ
729 2736 1109 2804 παρεγένετο,
1144 2739 1298 2810 φησὶ,
1340 2743 1491 2809 πρὸς
1527 2742 1643 2811 τὴν
1674 2743 1888 2814 χήραν,
1920 2746 2021 2800 καὶ

353 2813 531 2884 εὗρεν
582 2820 777 2889 αὐτὴν
827 2826 1263 2896 συλλέγουσαν
1305 2828 1485 2896 ξύλα,
1537 2833 1640 2887 καί
1676 2813 1828 2901 φησι
1870 2835 2021 2903 πρὸς

352 2906 566 2975 αὐτήν·
604 2910 714 2975 Δός
724 2929 827 2980 μοι
855 2915 1074 2981 μικρὸν
1117 2916 1296 2986 ὓδωρ,
1343 2920 1442 2973 καὶ
1477 2921 1704 2990 πίομαι.
1744 2920 1806 2974 Ἦ
1828 2922 1884 2975 δὲ
1914 2924 2019 2976 ὑπο

355 2993 709 3062 ήκουσε.Καί
752 3014 903 3067 φησι
940 3003 1091 3070 πρὸς
1140 3004 1337 3073 αὐτὴν
1374 3004 1582 3060 πάλιν·
1613 3009 1881 3076 Ποίησον
1916 3029 2019 3079 μοι

354 3079 700 3151 ἐγκρυφίας,
733 3088 831 3140 καὶ
861 3088 1139 3158 φάγομαι.
1186 3092 1250 3145 'H
1274 3092 1330 3145 δὲ
1362 3093 1545 3147 λοιπὸν
1571 3095 2018 3151 ἐκκαλύπτειαὺ-

354 3168 452 3236 τῆς
480 3169 576 3241 τὴν
604 3172 1047 3243 ὑπερϐάλλουσαν
1100 3179 1315 3243 πενίαν,
1354 3181 1554 3250 μᾶλλον
1582 3183 1639 3236 δὲ
1663 3183 1756 3237 τὸν
1810 3185 2018 3254 ἄφατον

355 3255 603 3309 πλοῦτον·
631 3260 663 3328 ή
686 3259 795 3332 γάρ
816 3262 916 3331 τῆς
938 3262 1127 3328 πενίας
1157 3265 1405 3330 ἐπίτασις
1426 3268 1634 3323 ἐδείκνυ
1668 3271 1761 3324 τοῦ
1785 3272 2015 3328 πλούτου

353 3345 416 3397 16
454 3346 702 3413 μέγεθος,
752 3350 817 3401 Ἠ
841 3351 899 3404 δέ
932 3368 1117 3422 φησιν·
1148 3356 1269 3408 Οὐκ
1296 3356 1428 3410 ἐστι
1456 3357 1532 3426 τῇ
1552 3358 1740 3429 δούλῃ
1797 3376 1935 3427 σου,
1964 3366 2018 3418 εί

349 3435 436 3503 μὴ
462 3434 611 3502 δρὰξ
634 3438 913 3506 ἀλεύρου,
933 3441 1031 3494 καὶ
1058 3442 1265 3511 ὀλίγον
1286 3444 1493 3500 ἔλαιον
1508 3447 1578 3500 ἐν
1601 3448 1679 3514 τῷ
1705 3451 2012 3521 καμψάκῃ,

354 3522 455 3577 καὶ
482 3524 787 3592 φαγόμεθα
818 3527 931 3596 ἐγώ
962 3545 1028 3581 τε
1060 3529 1156 3583 καὶ
1182 3530 1253 3584 τὰ
1284 3532 1510 3596 παιδία,
1553 3535 1650 3588 καί
1676 3536 2014 3593 ἀποθανού-

347 3613 519 3698 μεθα.
560 3611 795 3667 Ἐλεεινά
827 3614 897 3667 τὰ
931 3616 1171 3687 ῥήματα,
1202 3618 1298 3671 καὶ¹
1336 3620 1507 3693 αὑτὴν
1539 3621 1747 3695 λιθίνην
1779 3625 1956 3698 ψυχὴν
1983 3640 2011 3671 ι

350 3697 517 3751 ίκανά
544 3700 872 3771 ἐπικάμψαι.
912 3704 1154 3775 Οὐδεμία
1194 3705 1398 3774 λοιπὸν,
1438 3711 1623 3781 φησὶν,
1670 3712 1822 3767 ἔσται
1854 3697 2013 3782 ἐλπὶς

352 3786 644 3874 σωτηρίας.
674 3788 795 3843 Ἐπὶ
821 3790 1011 3861 θύραις
1029 3791 1098 3847 16
1118 3793 1211 3846 106
1248 3792 1496 3851 θανάτου.
1514 3798 1684 3852 Τοῦτο
1701 3801 1859 3871 μόνον
1881 3805 2011 3874 ήμῖν

353 3872 736 3929 ὑπολέλειπται
758 3877 896 3948 πρὸς
923 3878 1089 3950 ζωὴν,
1122 3880 1151 3933 ὃ
1188 3882 1343 3952 μόλις
1370 3884 1597 3955 ἀρκέσει
1623 3888 1746 3957 ἐμοὶ
1775 3889 1868 3943 καὶ
1900 3872 2013 3956 τοῖς

351 3962 603 4025 παιδίοις.
648 3961 826 4036 Ὅπερ
857 3961 926 4036 ἦν
953 3983 1043 4036 μοι
1074 3966 1319 4035 δυνατὸν,
1358 3972 1653 4043 πεποίηκαο
1694 3975 1788 4029 τοῦ
1821 3976 2012 4043 ὓδατος

353 4048 651 4116 μετέδωκα.
701 4052 840 4105 Ἀλλ’
856 4053 943 4106 ῐνα
968 4054 1228 4126 μάθωμεν
1262 4058 1474 4130 καὶτῆς
1493 4063 1750 4129 γυναικὸς
1772 4062 1835 4117 τὸ
1858 4066 2010 4134 φιλό-

352 4134 521 4202 ξενον,
567 4138 660 4191 καὶ
690 4138 783 4192 τοῦ
827 4139 1036 4195 δικαίου
1077 4142 1178 4214 τήν
1208 4144 1409 4217 πολλήν
1463 4150 1797 4219 παρρησίαν,
1827 4152 1928 4224 ὅρα
1956 4155 2010 4209 τί

348 4224 577 4291 γίνεται.
619 4226 836 4295 Ἐπειδὴ
863 4226 1066 4297 ἔμαθεν
1103 4232 1132 4283 6
1161 4233 1447 4304 προφήτης
1479 4235 1659 4289 πάντα
1700 4239 1839 4307 μετά
1859 4241 2011 4311 ἀκρι-
2045 4254 2057 4266 ⁸

348 4311 523 4400 ϐείας,
554 4314 640 4400 ίνα
663 4314 947 4389 ἐκκαλύψῃ
994 4319 1126 4388 ἡμῖν
1176 4319 1275 4390 τὴν
1323 4322 1528 4394 ἀρετὴν
1555 4326 1654 4395 τῆς
1681 4330 1938 4395 γυναικὸς
1962 4332 2010 4400 (6

348 4398 459 4469 γὰρ
491 4399 619 4463 Θεδς
656 4402 684 4453 6
705 4400 895 4467 εἰπὼν,
935 4404 1017 4456 ὅτι
1061 4405 1442 4477 Ἐντέταλμαι
1483 4414 1720 4481 γυναικὶ
1750 4415 1855 4469 τοῦ
1882 4398 2008 4471 διά.

349 4486 587 4554 τρέφειν
607 4504 702 4550 σε,
733 4488 894 4550 αὐτὸς
919 4486 987 4561 ἦν
1018 4492 1046 4544 6
1076 4492 1165 4546 διὰ
1185 4494 1279 4548 τοῦ
1311 4498 1592 4569 προφήτου
1614 4500 1896 4571 ἐνεργῶν),
1916 4505 2007 4558 καί

347 4592 480 4643 φησι
506 4574 640 4644 πρὸς
672 4577 861 4646 αὑτήνο
878 4577 1149 4646 Ποίησον
1172 4582 1299 4651 ἐμοὶ
1320 4585 1573 4653 πρῶτον,
1604 4589 1701 4643 καὶ
1724 4590 2004 4661 φάγομαι,

348 4663 447 4716 καὶ
488 4663 621 4715 τότε
657 4663 779 4729 τοῖς
826 4666 1061 4732 τέκνοις
1107 4683 1239 4725 σου.
1301 4672 1570 4739 Ἀκούετε,
1618 4682 1892 4744 γυναῖκες,
1947 4683 2003 4734 αί

350 4749 562 4819 πλούτῳ
586 4750 1027 4823 περιρῤεόμεναι,
1058 4755 1153 4808 καὶ
1186 4757 1264 4821 είς
1298 4760 1465 4827 μυρία
1513 4762 1744 4834 ἀνόνητα
1801 4783 2002 4819 καταν-

347 4837 668 4890 αλίσκουσαι
721 4839 820 4910 τὴν
865 4842 1072 4896 οίκείαν
1138 4847 1493 4914 περιουσίαν,
1550 4851 1644 4903 καὶ
1707 4853 1826 4905 οὑδὲ
1865 4856 2004 4922 μετὰ

345 4926 441 4994 τὴν
471 4925 674 4978 οἰκείαν
726 4927 1023 4981 ἀπόλαυσιν
1085 4931 1344 4997 πολλάκις
1406 4937 1831 5008 καταδεχόμεναι
1884 4943 2003 4994 ὀϐο-

344 5015 469 5077 λοὺς
515 5014 609 5067 δύο
657 5015 918 5087 προέσθαι
956 5021 1070 5082 τοῖς
1122 5019 1414 5092 δεομένοις,
1459 5026 1675 5097 ἢάνδρί
1734 5046 1841 5082 τινι
1892 5031 2001 5085 τῶν

342 5102 612 5172 ἐναρέτων
643 5103 733 5155 διὰ
756 5104 848 5157 τὸν
880 5105 1011 5159 Θεὸν
1041 5108 1341 5180 πενομένῳ.
1377 5110 1524 5183 Αὕτη
1547 5114 1603 5167 δέ
1640 5115 1789 5168 οὐδὲν
1818 5116 2001 5189 ἕτερον

344 5190 677 5261 κεκτημένη,
709 5192 741 5262 ῆ
775 5192 871 5263 τὴν
924 5193 1100 5263 δράκα
1144 5196 1238 5249 τοῦ
1294 5197 1544 5270 ἀλεύρου,
1592 5202 1687 5254 καὶ
1736 5203 1999 5272 μέλλουσα

342 5278 483 5329 κατὰ
507 5280 722 5349 μικρὸν,
752 5282 876 5333 ὅσον
906 5282 1046 5335 κατὰ
1094 5282 1187 5337 τὸν
1216 5284 1411 5356 ἐαυτῆς
1437 5286 1712 5357 λογισμὸν,
1736 5290 1843 5343 τῶν
1876 5292 2001 5345 παί-

340 5364 445 5416 δων
469 5363 560 5416 τὸν
600 5365 828 5420 θάνατον
865 5369 1018 5439 ὁρᾷν,
1051 5369 1330 5423 ἀκούσασα
1382 5374 1533 5442 παρὰ
1570 5374 1661 5426 τοῦ
1693 5378 1994 5447 προφήτου,

339 5454 420 5503 ὅτι
466 5453 627 5521 Ἐμοὶ
658 5452 891 5521 πρῶτον
932 5457 1212 5523 ποίησον,
1266 5458 1367 5512 καὶ
1423 5461 1558 5513 τότε
1593 5461 1693 5514 σοὶ
1747 5464 1999 5533 καὶτοῖς

338 5538 600 5605 παιδίοις
653 5556 790 5603 σου,
825 5542 925 5595 οὐκ
972 5544 1345 5613 ἐδυσχέρανεν,
1387 5547 1488 5600 οὑκ
1520 5548 1847 5620 ήμέλλησεν,
1881 5554 1997 5607 ἀλλ’

336 5625 510 5679 ἐποίει
537 5625 597 5679 τὸ
626 5629 937 5699 ἐπιταχθὲν,
971 5631 1299 5687 παιδεύουσα
1323 5634 1532 5698 πάντας
1553 5638 1701 5707 ἡμᾶς
1726 5643 1997 5714 προτιμᾷν

394 5760 422 5788 ⁸
448 5759 592 5811 Cois].
616 5763 694 5812 καὶ
718 5763 839 5813 αὐτὰ
857 5766 1032 5826 λιθίνην
1052 5770 1103 5831 ψ.
1135 5768 1285 5818 Savil.
1312 5770 1395 5817 καὶ
1419 5769 1707 5829 αύτολιθίνην
1729 5773 1895 5837 ψυχήν.

1200 345 1255 401 S.
1289 345 1570 404 JOANNIS
1608 344 2091 403 CHRYSOSTOMI
2122 343 3008 404 ARCIIIEP;COHSTANTINOP.
3060 342 3063 345 ’

3698 348 3800 403 595
3814 372 3821 375 ν

2146 463 2244 533 τῆς
2279 465 2484 529 οἰκείας
2507 465 2865 524 ἀναπαύσεως
2886 460 3013 522 τοὺς
3044 456 3136 513 τοῦ
3168 457 3302 513 Θεοῦ
3330 458 3568 523 δούλους,
3592 463 3685 513 καὶ
3724 466 3801 533 μὴ

2146 550 2329 614 ἁπλῶς
2366 552 2730 623 παρατρέχειν
2757 550 2827 603 16
2864 547 3091 602 τοιαῦτα
3129 547 3316 618 κέρδη,
3348 547 3461 601 ἀλλ’
3491 548 3687 603 εἰδέναι
3716 550 3800 604 ὅτι

2142 637 2308 709 πολλὴ
2323 640 2356 710 ἡ
2373 639 2512 709 ὑπὲρ
2536 637 2737 691 τούτων
2752 638 2886 707 ἡμῖν
2900 634 3163 697 ἀντίδοσις
3182 633 3354 688 ἔσται.
3373 636 3513 704 Ὅρα
3534 634 3662 703 γοῦν
3678 637 3801 689 166-

2140 742 2239 794 την
2251 725 2348 795 τὴν
2364 727 2555 795 χήραν,
2576 723 2697 779 6V1}.
2714 724 2842 793 μιᾶς
2855 721 3051 794 δρακὸς
3068 720 3297 791 ἀλεύρου
3314 721 3404 774 καὶ
3420 721 3598 790 ὀλίγου
3616 723 3798 776 ἐλαίου

2139 811 2259 875 πῶς
2286 812 2506 883 διηνεκῆ
2540 811 2721 865 ἅλωνα
2748 810 3037 879 ἐκτήσατο.
3088 807 3245 861 Μετά
3295 808 3403 879 γὰρ
3431 808 3490 861 τὸ
3527 810 3797 879 τραφῆναι

2136 897 2229 951 τὸν
2262 900 2570 971 προφήτην,
2588 898 2712 952 οὔτε
2742 898 2776 969 ή
2809 896 2943 969 δράξ
2972 895 3065 950 τοῦ
3089 894 3320 966 ἀλεύρου
3344 895 3646 965 ἐπέλειψεν,
3672 897 3799 950 οὔτε

2135 987 2164 1039 6
2184 987 2483 1059 καμψάκης
2514 986 2607 1041 τοῦ
2638 985 2841 1046 ἐλαίου,
2861 986 3040 1056 πάσης
3063 985 3162 1056 τῆς
3182 984 3283 1055 γῆς
3312 983 3455 1055 λιμῷ
3491 984 3797 1055 διαφθειρο-

2141 1074 2327 1144 μένης.
2358 1074 2468 1129 Καὶ
2518 1073 2580 1127 16
2606 1073 2670 1144 δὴ
2725 1072 3035 1142 θαυμαστὸν
3072 1073 3167 1127 καὶ
3201 1071 3521 1141 παράδοξον,
3549 1073 3631 1126 ὅτι
3675 1073 3798 1126 οὑδδ

2141 1160 2289 1233 [455]
2330 1161 2543 1232 μόχθων
2562 1161 2731 1214 ἐδεῖτο
2760 1159 2963 1225 λοιπὸν,
2990 1158 3105 1213 ἀλλ’
3132 1154 3275 1229 εἶχεν
3296 1159 3511 1229 ἕτοιμον
3536 1159 3799 1230 διηνεκῶς

2135 1248 2197 1302 16
2220 1250 2448 1320 ἄλευρον
2477 1249 2572 1303 καὶ
2625 1248 2686 1301 16
2732 1247 2929 1314 ἔλαιον,
2971 1250 3065 1301 καὶ
3096 1245 3219 1300 οὕτε
3252 1247 3522 1318 γεωργίας
3544 1247 3795 1318 ἔχρῃζεν,

2135 1335 2258 1391 οῦτε
2293 1337 2391 1408 τῆς
2425 1336 2533 1389 τῶν
2566 1334 2703 1407 βοῶν
2754 1335 3062 1406 συνεργίας,
3113 1332 3234 1388 οὔτε
3272 1334 3465 1405 ἐτέρας
3492 1334 3635 1397 τινὸς
3675 1335 3797 1386 ἐπι-

2137 1424 2381 1493 μελείας,
2405 1424 2540 1478 ἀλλά
2573 1421 2725 1495 παρά
2748 1422 2907 1490 φύσιν
2922 1417 2989 1493 ἦν
3015 1422 3138 1476 ἰδεῖν
3160 1422 3373 1476 ᾶπαντα
3408 1420 3792 1491 συμϐαίνοντα.

2134 1508 2242 1561 Καὶ
2270 1508 2365 1560 τοῦ
2403 1506 2667 1576 βασιλέως
2700 1505 2793 1559 τοῦ
2816 1505 2877 1559 16
2901 1505 3137 1576 διάδημα
3166 1505 3548 1577 περικειμένου
3578 1506 3634 1557 ἐν
3651 1505 3796 1575 ἁμη-

2133 1595 2294 1667 χανίᾳ
2316 1595 2491 1658 ὄντος,
2522 1594 2617 1647 καὶ
2648 1592 2791 1664 λιμῷ
2804 1592 3271 1664 διαφθειρομένου,
3308 1593 3453 1662 χήρα
3475 1594 3510 1662 ή
3538 1591 3793 1663 πενιχρὰ,

2132 1682 2166 1753 ή
2192 1682 2409 1736 πάντων
2435 1680 2794 1753 ἐστερημένη,
2824 1680 3014 1751 ἐπειδὴ
3042 1680 3133 1734 τὸν
3156 1681 3443 1751 προφήτην
3476 1678 3792 1743 ὑπεδέξατο,

2131 1770 2189 1821 ἐν
2217 1767 2447 1839 εὐπορία
2480 1766 2745 1838 ἐτύγχανε
2774 1768 3027 1837 διηνεκεῖ.
3071 1766 3170 1820 Διά
3198 1766 3355 1820 τοῦτο
3388 1766 3482 1819 καὶ
3509 1766 3539 1818 6
3559 1764 3793 1837 Χριστὸς

2130 1855 2331 1923 ἔλεγεν·
2378 1855 2441 1907 '0
2468 1853 2791 1923 δεχόμενος
2806 1853 3121 1923 προφήτην
3138 1854 3226 1919 εὶς
3246 1853 3432 1922 ὄνομα
3459 1851 3791 1921 προφήτου,

2123 1941 2345 2009 μισθὸν
2372 1941 2681 2010 προφήτου
2698 1941 2976 2009 λήψεται.
3001 1936 3153 2003 Εἶδες
3176 1939 3303 2009 χθὲς
3333 1941 3503 1992 οἰωνὸ
3526 1940 3791 2010 πατριάρ-

2126 2044 2228 2098 χης
2252 2026 2482 2097 ἠξιώθην
2538 2025 2732 2097 δαψιλῆ
2779 2027 2878 2097 τὴν
2928 2025 3231 2095 φιλοξενίαν
3257 2022 3662 2095 ἐπιδειξάμενος
3697 2025 3791 2079 καὶ

2129 2114 2269 2185 μετὰ
2288 2114 2485 2185 πολλῆς
2517 2114 2618 2184 τῆς
2643 2114 2993 2184 θερμότητος’
3020 2114 3124 2183 ὅρα
3153 2113 3246 2166 καὶ
3274 2112 3477 2183 ταύτην
3501 2112 3598 2183 τὴν
3626 2112 3789 2165 Σιδω-

2125 2203 2241 2256 νίαν
2273 2202 2467 2272 ἀθρόον
2489 2202 2717 2256 πλοῦτον
2739 2202 2944 2270 ἄφατον
2971 2200 3339 2270 κτησαμένην.
3359 2199 3421 2252 Ἠ
3437 2199 3545 2270 γὰρ
3569 2198 3787 2268 γλῶσσα

2124 2288 2217 2341 τοῦ
2252 2289 2554 2359 προφήτου,
2586 2290 2619 2359 ή
2640 2286 2734 2341 τοῦ
2763 2286 2992 2359 ούρανοῦ
3014 2288 3111 2349 τὰς
3133 2286 3285 2357 ήνίας
3314 2285 3631 2356 ἐπισχοῦσα,
3650 2284 3786 2356 αὕτη

2121 2374 2216 2428 106
2243 2374 2474 2446 ἀλεύρου
2503 2374 2599 2447 τήν
2614 2375 2790 2447 δράκα
2818 2373 3065 2447 πηγάσαι
3094 2373 3339 2445 ἐποίησε,
3364 2374 3455 2428 ταλ⁵
3479 2371 3573 2427 τοῦ
3604 2373 3785 2426 ἐλαίου

2122 2463 2213 2517 τὸν
2251 2462 2573 2534 καμψάκην.

2192 2627 2257 2694 ζ’.
2298 2629 2511 2701 Ταύτην
2538 2629 2737 2693 πάντες
2758 2628 3129 2701 μιμείσθωσαν
3150 2630 3245 2683 καὶ
3267 2628 3460 2701 ἄνδρες
3482 2629 3575 2683 καὶ
3602 2631 3783 2698 γυναῖ-

2121 2734 2235 2781 κες.
2271 2716 2417 2786 Ἐγὼ
2454 2718 2552 2788 μὲν
2587 2717 2696 2788 γὰρ
2747 2716 3047 2788 ἐϐουλόμην
3097 2716 3176 2780 είς
3221 2716 3313 2770 τὸν
3353 2714 3448 2769 106
3504 2717 3785 2788 προφήτου

2120 2804 2280 2875 ζῆλον
2306 2805 2449 2875 ὑμᾶς
2476 2805 2784 2873 ἐναγαγεῖν,
2807 2804 2901 2857 καὶ
2928 2803 3029 2873 τῆς
3048 2802 3251 2875 ἀρετῆς
3269 2803 3367 2874 τήν
3392 2803 3639 2874 μίμησιν·
3669 2802 3785 2857 ἀλλ’

2119 2892 2306 2963 ἐπειδὴ
2332 2891 2489 2945 τοῦτο
2507 2891 2812 2962 ὑπέρογκον
2840 2892 2869 2944 ὑ
2877 2893 2967 2962 μῖν
2993 2892 3140 2944 δοκεῖ
3159 2887 3317 2955 εἶναι,
3336 2892 3512 2944 καίτοι
3535 2892 3783 2955 κάκεῖνος

2119 2979 2403 3050 ἄνθρωπος
2434 2974 2523 3050 ἦν,
2558 2979 2651 3032 καὶ
2681 2979 2861 3050 σάρκα
2903 2977 3209 3049 περιέκειτο
3242 2977 3425 3042 καθὼς
3464 2978 3558 3033 καὶ
3597 2980 3779 3049 ήμεῖς,

2120 3066 2332 3137 καὶτῆς
2360 3065 2532 3134 αὐτῆς
2555 3066 2685 3136 ήμῖν
2715 3068 2929 3136 μετεῖχε
2948 3064 3181 3135 φύσεως
3201 3064 3315 3118 ἀλλ’
3332 3065 3518 3137 ἐπειδὴ
3551 3065 3619 3119 16
3646 3065 3781 3134 παρ’

2120 3153 2315 3208 ἑαυτοῦ
2344 3152 2482 3225 μετὰ
2510 3152 2789 3222 δαψιλείας
2817 3153 3125 3224 εἰσήνεγκε,
3159 3151 3255 3205 καὶ
3283 3153 3382 3224 τὴν
3412 3152 3613 3223 ἀρετὴν
3646 3152 3781 3205 εἴλε-

2117 3260 2196 3309 το,
2230 3241 2432 3313 ήξιώθη
2459 3243 2551 3295 καὶ
2572 3244 2671 3312 τῆς
2705 3240 2909 3295 ἄνωθεν
2942 3242 3178 3312 χάριτος*
3219 3241 3356 3295 ἀλλά
3382 3242 3521 3305 τέως
3550 3240 3653 3295 κᾶν
3683 3243 3781 3313 τὴν

2116 3330 2351 3397 γυναῖκα
2378 3328 2583 3399 ταύτην
2613 3327 3005 3399 μιμησώμεθα,
3061 3328 3155 3382 καὶ
3208 3328 3334 3381 τότε
3383 3328 3524 3381 κατὰ
3583 3328 3781 3399 μικρὸν

2115 3416 2318 3487 ἥξομεν
2341 3417 2435 3468 καὶ
2462 3413 2554 3468 ἐπὶ
2581 3415 2677 3486 τήν
2693 3414 2786 3468 τοῦ
2818 3417 3093 3486 προφήτου
3115 3414 3366 3486 μίμησιν.
3396 3414 3781 3485 Μιμησώμεθα

2114 3503 2292 3557 τοίνυν
2327 3504 2427 3574 τὴν
2452 3502 2655 3571 ταύτης
2686 3502 3011 3573 φιλοξενίαν,
3044 3503 3139 3557 καὶ
3161 3503 3352 3575 μηδεὶς
3384 3503 3567 3556 λοιπὸν
3591 3502 3781 3556 πενίαν

2115 3589 2524 3661 προϐαλλέσθω.
2553 3583 2676 3653 Οἶος
2701 3590 2809 3661 γὰρ
2843 3590 2908 3644 ἂν
3010 3590 3200 3660 πένης,
3242 3591 3342 3643 οὑκ
3370 3591 3436 3644 ἂν
3457 3589 3542 3660 εῐη
3578 3589 3780 3660 ταύτης

2114 3676 2457 3748 πενέστερος,
2472 3677 2506 3746 ἥ
2540 3678 2674 3748 πρὸς
2694 3676 2824 3747 μίαν
2848 3677 3062 3748 ἡμέραν
3091 3678 3249 3749 μόνον
3268 3677 3530 3747 ἐκέκτητο
3548 3677 3777 3747 τροφὴν,

2114 3763 2208 3815 καὶ
2233 3764 2353 3817 οὑδέ
2380 3763 2551 3827 οὓτως
2586 3764 2918 3835 ὀκνηροτέρα
2945 3764 3134 3834 γέγονε
3161 3765 3289 3839 περὶ
3313 3764 3411 3836 τήν
3440 3764 3533 3818 τοῦ
3565 3764 3777 3819 δικαίου

2113 3850 2349 3924 αἴτησιν,
2381 3851 2517 3905 ἀλλά
2547 3851 2715 3923 πολλῇ
2766 3856 2831 3925 τῇ
2867 3853 3144 3925 προθυμίᾳ
3191 3852 3513 3924 χρησαμένη
3554 3856 3777 3923 ταχεῖαν

2113 3939 2210 4010 τὴν
2242 3940 2474 4012 ἀμοιϐὴν
2502 3939 2815 4009 ἐκομίσατο.
2843 3941 3078 3994 Τοιαῦτα
3097 3941 3203 4011 γὰρ
3235 3940 3303 3994 τὰ
3337 3940 3485 4012 παρὰ
3503 3939 3596 3993 τοῦ
3616 3940 3769 3996 Θεοῦ.

2128 4025 2273 4080 Ἀντὶ
2314 4026 2525 4097 μικρῶν
2567 4026 2687 4091 ἔθος
2730 4027 2880 4098 αὑτῷ
2924 4028 3135 4099 μεγάλα
3176 4028 3488 4100 δωρεῖσθαι.
3540 4028 3606 4081 Τί
3643 4028 3773 4098 γὰρ,

2111 4112 2233 4165 εἰπέ
2270 4130 2381 4183 μοι,
2417 4110 2668 4166 τοσοῦτον
2694 4113 3030 4183 εἰσήνεγκεν,
3060 4114 3183 4167 ὅσον
3211 4114 3536 4184 ἐκομίσατο;
3581 4114 3721 4167 Ἀλλ’
3744 4117 3775 4168 ὁ

2111 4199 2385 4271 Δεσπότης
2412 4201 2439 4253 6
2463 4200 2729 4272 ἡμέτερος
2770 4201 2829 4253 οὑ
2860 4204 2927 4272 τῇ
2964 4202 3220 4273 ποσότητι
3248 4203 3535 4274 προσέχειν
3562 4202 3772 4269 εἴωθεν,

2108 4288 2243 4343 ἀλλά
2276 4290 2341 4359 τῇ
2364 4286 2616 4359 δαψιλείᾳ
2647 4288 2744 4359 τῆς
2778 4288 3022 4358 γνώμης,
3060 4290 3152 4343 καὶ
3190 4290 3299 4343 ἀπὸ
3327 4290 3529 4360 ταύτης
3572 4292 3667 4343 καὶ
3704 4290 3776 4343 τὰ

2113 4375 2287 4447 μικρά
2316 4376 2528 4445 μεγάλα
2551 4376 2783 4445 γίνεται,
2828 4378 2921 4430 καὶ
2955 4377 3022 4430 16
3076 4377 3288 4447 μεγάλα
3336 4377 3593 4440 πολλάκις
3625 4376 3777 4443 ἐξευ-

2107 4464 2397 4529 τελίζεται,
2435 4465 2564 4516 ὅταν
2612 4462 2686 4535 μὴ
2727 4465 2889 4535 ἱλαρᾷ
2916 4467 2981 4536 τῇ
3030 4465 3307 4537 προθυμίᾳ
3338 4465 3657 4535 ἐπιτελῆται
3705 4464 3776 4518 16

2108 4552 2385 4622 γινόμενα.
2426 4550 2525 4603 Διά
2550 4550 2706 4604 τοῦτο
2733 4552 2827 4605 καὶ
2853 4554 2885 4623 ή
2908 4553 3051 4624 χήρα
3078 4552 3258 4624 ἐκείνη
3288 4554 3320 4623 ή
3342 4555 3396 4605 ἐν
3417 4552 3495 4623 τῷ
3519 4552 3768 4623 Εὑαγγε-

2106 4638 2226 4710 λίῳ,
2265 4638 2474 4691 πολλῶν
2505 4638 2675 4692 πολλὰ
2726 4638 2994 4709 βαλόντων
3026 4641 3083 4693 ἐν
3133 4640 3210 4711 τῷ
3239 4640 3642 4712 γαζοφυλακίῳ,
3672 4641 3768 4695 δύο

2106 4726 2277 4779 λεπτά
2338 4724 2574 4794 βαλοῦσα
2640 4726 2847 4789 πάντας
2907 4726 3365 4797 ὑπερηκόντισεν,
3418 4728 3517 4781 οὑκ
3576 4728 3764 4799 ἐπειδὴ

2106 4813 2325 4866 πλείονα
2345 4813 2451 4865 τῶν
2473 4813 2645 4867 ἄλλων
2671 4812 2882 4878 ἔϐαλεν,
2925 4814 3041 4867 ἀλλ’
3069 4815 3149 4868 ὅτι
3183 4816 3377 4886 δαψιλῆ
3402 4817 3500 4885 τὴν
3537 4816 3763 4887 γνώμην

2105 4900 2511 4966 ἐπεδείξατο.οί
2540 4901 2639 4970 μὲν
2658 4901 2766 4972 γάρ
2790 4901 2956 4967 ἄλλοι,
2986 4902 3170 4973 φησὶν,
3205 4905 3268 4956 ἐκ
3289 4903 3382 4955 τοῦ
3411 4903 3763 4975 περισσεύον-

2105 5006 2194 5051 τος
2214 4989 2398 5050 αὑτοῖς
2428 4987 2583 5039 τοῦτο
2598 4988 2836 5041 ἐποίουν’
2870 4988 3010 5059 αῦτη
3038 4989 3094 5041 δὲ
3117 4988 3330 5043 ἅπαντα
3366 4988 3773 5062 ἅπερθέκέκτη-

2104 5093 2165 5128 το
2203 5075 2413 5129 ἔϐαλεν.
2446 5075 2607 5128 ’Όλον
2640 5074 2749 5146 γὰρ
2793 5075 2883 5129 τὸν
2927 5075 3040 5145 βίον
3089 5076 3261 5145 αὑτῆς
3294 5076 3474 5129 ἔϐαλε.
3507 5078 3628 5131 Κᾶν
3670 5078 3771 5142 τάς

2104 5166 2364 5231 γυναῖκας
2392 5162 2759 5233 μιμησώμεθα
2785 5165 2833 5216 οί
2863 5164 3072 5236 ἄνδρες,
3098 5165 3190 5217 καὶ
3213 5164 3287 5235 μὴ
3310 5164 3563 5228 ἐλάττους
3586 5165 3765 5219 αὑτῶν

2102 5252 2376 5321 ὀφθῶμεν,
2408 5250 2546 5304 ἀλλὰ
2569 5251 2957 5321 σπουδάσωμεν
2988 5252 3062 5322 μὴ
3092 5252 3248 5321 μόνον
3276 5252 3412 5322 πρὸς
3440 5252 3539 5322 τὴν
3560 5252 3766 5305 οίκείαν

2103 5339 2406 5392 ἀπόλαυσιν
2433 5340 2613 5391 πᾶσαν
2646 5337 2745 5408 τὴν
2794 5338 2980 5391 ούσίαν
3012 5337 3449 5403 καταναλίσκειν,
3484 5338 3619 5392 ἀλλὰ
3670 5339 3767 5393 καὶ

2102 5427 2211 5479 τῶν
2232 5426 2498 5496 δεομένων
2529 5425 2727 5496 πολλὴν
2752 5425 3019 5477 ποιεῖσθαι
3045 5425 3319 5495 πρόνοιαν,
3344 5427 3439 5480 καὶ
3469 5426 3607 5497 μετὰ
3633 5443 3769 5497 προ‹

2104 5510 2303 5580 θυμίας
2354 5510 2449 5563 καὶ
2495 5510 2846 5581 φαιδρότητος
2875 5508 3032 5561 τοῦτο
3065 5512 3256 5564 ποιεῖν.
3282 5511 3392 5563 Καὶ
3421 5509 3570 5583 [454]
3598 5511 3707 5579 γάρ
3738 5512 3768 5564 ὁ

2106 5595 2349 5667 γεωργὸς
2382 5598 2462 5661 είς
2483 5598 2581 5669 τὴν
2609 5598 2711 5667 γῆν
2738 5594 3089 5650 καταϐάλλων
3115 5594 3184 5649 16
3204 5597 3516 5667 σπέρματα,
3537 5598 3599 5651 οὑ
3623 5597 3763 5668 μετὰ

2106 5686 2466 5756 στυγνότητος
2501 5686 2656 5740 τοῦτο
2709 5685 3022 5756 ἐργάζεται,
3063 5684 3198 5738 ἀλλά
3231 5686 3435 5756 χαίρων
3467 5688 3560 5739 καὶ
3595 5702 3762 5757 γεγη-

2112 5774 2239 5839 θὼς,
2272 5775 2364 5830 καὶ
2394 5775 2492 5843 ήδη
2524 5776 2587 5844 τῇ
2626 5771 2918 5846 προσδοκίᾳ
2958 5770 3027 5827 τὰ
3052 5772 3337 5847 δράγματα
3367 5772 3587 5845 βλέπειν
3612 5774 3762 5846 νομί·
