4084 6356
395 490 449 543 6.
492 484 675 558 Igitur,
694 486 909 553 dilecte,
933 485 1147 557 quando
1160 483 1357 542 videris
1379 485 1553 541 virum
1575 481 1667 537 vili
1690 488 1916 538 externo

328 578 511 633 habitu
551 580 825 644 vestitum,
877 579 1073 633 virtute
1105 592 1235 633 vero
1264 577 1591 631 intrinsecus
1637 574 1914 642 amictum,

324 686 391 725 ne
413 670 557 727 hunc
583 670 924 740 vilipendcris
964 678 1178 741 pr0pter
1227 668 1280 724 id
1331 668 1741 739 quod.apparet
1776 682 1788 717 :
1821 663 1916 719 sed

323 768 517 820 anima:
570 766 785 820 divitias
811 764 979 831 disce,
1017 774 1069 820 et
1097 765 1361 818 internam
1416 761 1665 832 gloriam,
1707 768 1763 813 et
1790 765 1916 812 tunc

326 857 530 911 videbis
550 857 784 927 undique
818 856 1104 927 fulgentem
1125 855 1397 909 virtutem.
1426 852 1570 907 Talis
1592 858 1709 906 erat
1729 849 1915 904 beatus

326 950 490 1015 Elias,
518 950 608 1019 qui
650 949 904 1004 melotem
938 958 1141 1002 tantum
1183 945 1398 1010 habuit;
1452 954 1508 1000 et
1547 943 1638 1014 qui
1679 955 1913 1012 purpura

323 1040 551 1094 vestitus
588 1048 705 1093 erat
730 1038 937 1104 Achab,
972 1038 1114 1092 illius
1145 1037 1341 1092 melote
1382 1034 1673 1105 indigebat.
1725 1029 1915 1087 Vidisti

323 1129 525 1185 Achabi
556 1129 812 1199 inopiam,
846 1129 976 1184 Elite
1019 1138 1195 1184 autem
1212 1126 1460 1183 divitias?
1507 1124 1639 1180 Vide
1663 1131 1718 1179 et
1741 1137 1916 1192 quan-

326 1231 437 1275 tum
464 1229 731 1291 potestate
770 1221 990 1276 distent.
1040 1219 1237 1275 Melote
1279 1218 1438 1289 hujus
1464 1217 1657 1272 cadum
1701 1213 1910 1280 clausit,

322 1311 623 1382 pluviarum
682 1310 1003 1367 descensum
1060 1310 1318 1375 inhibuit;
1382 1309 1561 1379 lingua
1637 1304 1911 1376 prOpbetze

324 1404 534 1459 frenum
579 1404 677 1459 fuit
731 1406 886 1472 caelo,
914 1404 1177 1475 annisque
1222 1404 1393 1457 tribus
1415 1411 1473 1457 et
1500 1416 1594 1455 sex
1637 1398 1913 1455 mensibus

324 1495 498 1564 pluvia
532 1494 797 1550 nonfuit:
829 1496 917 1551 ille
945 1504 1147 1561 autem,
1193 1508 1424 1565 purpura
1446 1494 1673 1547 amictus
1696 1500 1752 1546 et
1792 1490 1912 1545 dia-

319 1588 532 1642 demate
562 1587 862 1656 redimitus,
902 1588 1217 1644 circumibat
1257 1599 1503 1657 quaerens
1551 1583 1866 1655 prophetam
1890 1621 1909 1649 ,

318 1689 378 1739 et
430 1679 560 1739 nihil
598 1668 735 1734 lucri
764 1696 831 1741 ex
873 1689 1017 1739 tanta
1055 1689 1314 1750 potestate
1342 1677 1592 1733 habebat.
1644 1675 1909 1731 Cancrum

321 1771 442 1828 vide
475 1772 680 1829 Domini
702 1773 1061 1831 clementiam.
1090 1772 1222 1840 Quia
1246 1770 1376 1824 vidit
1400 1768 1712 1838 prophetam
1745 1766 1912 1821 multo

320 1870 435 1919 celo
452 1876 505 1919 et
526 1864 733 1921 fervore
762 1865 985 1932 moveri,
1009 1873 1062 1919 et
1078 1877 1319 1934 magnam
1343 1863 1479 1916 hanc
1505 1873 1715 1931 pinnam
1730 1857 1911 1913 int'erri

317 1966 504 2023 contra
535 1965 699 2010 totam
731 1964 947 2022 terram,
968 1971 1035 2017 ne
1063 1962 1118 2010 et
1161 1953 1276 2023 ipse
1300 1952 1460 2009 simul
1510 1951 1564 2007 in
1594 1948 1913 2019 supplicium

320 2049 581 2106 incideret
604 2063 727 2103 cum
782 2048 910 2115 illis,
956 2056 1011 2103 et
1042 2061 1227 2102 eorum
1250 2044 1497 2116 nequitiae
1526 2057 1711 2114 poenas
1736 2039 1911 2106 daret,

318 2140 449 2205 dicit
475 2141 564 2203 ei;
595 2140 781 2212 Surge,
806 2149 853 2195 et
891 2140 1018 2195 vade
1061 2141 1112 2193 in
1152 2139 1373 2209 Sarepta
1415 2136 1765 2192 Sidoniorum.
1793 2130 1912 2186 Illic

317 2234 452 2295 enim
484 2234 776 2304 prwcipiam
803 2230 1003 2286 mulieri
1019 2230 1199 2294 vidule,
1224 2240 1277 2283 ut
1293 2239 1342 2283 te
1363 2235 1557 2299 pascat.
1581 2225 1646 2280 Et
1671 2224 1908 2290 surrexit,

317 2337 367 2380 et
378 2326 495 2379 abiit
513 2328 591 2395 (5.
615 2326 736 2397 Iieg.
759 2326 845 2380 17.
862 2321 1174 2395 9.10).Vide
1185 2321 1414 2393 Spiritus
1435 2321 1679 2393 gratiam,
1696 2317 1910 2372 dilecte.

318 2418 529 2473 Etenim
557 2429 611 2474 ct
642 2417 927 2473 hcrinobis
959 2426 1099 2471 totus
1129 2430 1308 2472 sermo
1333 2414 1474 2470 circa
1495 2409 1910 2482 hospitalitatem

321 2510 621 2579 insutuplus
649 2519 752 2575 est,
790 2519 845 2565 et
870 2509 1029 2565 hodie
1071 2508 1346 2580 hospitalis
1373 2506 1474 2561 ista
1503 2505 1660 2560 vidua
1691 2501 1766 2575 (a)
1793 2516 1912 2557 ser-

318 2618 534 2658 monem
588 2612 826 2658 nostrum
856 2603 1164 2672 complebit.
1201 2601 1269 2658 Et
1297 2601 1453 2670 venit,
1501 2599 1704 2670 inquit,
1732 2598 1803 2651 ad
1836 2597 1912 2651 vi-

317 2696 496 2761 duam,
520 2707 567 2750 et
595 2696 779 2751 invenit
816 2712 927 2750 eam
947 2696 1266 2766 colligentem
1289 2695 1448 2766 ligna,
1475 2703 1523 2747 et
1554 2692 1678 2746 dicit
1706 2691 1752 2745 ei
1778 2706 1797 2743 :
1828 2688 1913 2744 Da

318 2788 443 2842 mihi
482 2805 662 2858 parum
683 2803 848 2855 aqum,
878 2798 923 2841 et
956 2789 1138 2841 bibunt.
1171 2787 1262 2841 Illa
1310 2784 1564 2840 obcdivit.
1602 2784 1666 2837 Et
1693 2783 1822 2836 dixit
1844 2782 1913 2835 ad

319 2900 429 2949 cum
450 2882 629 2935 iterum
657 2900 671 2934 :
697 2881 802 2935 Fac
821 2883 944 2936 milii
991 2881 1350 2936 subcinericios
1390 2897 1564 2951 panes,
1586 2888 1632 2933 et
1653 2877 1912 2932 comedunt

320 2974 495 3043 (Ibid.
527 2991 571 3027 v.
627 2977 745 3046 ll).
803 2976 891 3029 Illa
939 2990 1063 3029 vero
1108 2983 1289 3043 postea
1334 2972 1533 3042 detegit
1574 2969 1912 3025 immodicam

319 3081 469 3119 suam
482 3075 796 3136 egestatem,
817 3065 923 3119 imo
940 3064 1321 3120 inenarrabiles
1336 3061 1756 3130 divitias.Magna
1769 3061 1911 3115 enim

321 3167 602 3230 paupertas
632 3157 832 3211 indicat
863 3157 1168 3211 divitiarum
1207 3156 1347 3209 illius
1372 3153 1810 3224 magnitudinem.
1847 3152 1914 3206 Et

319 3250 448 3303 dicit
475 3267 489 3302 :
522 3249 643 3304 Non
679 3260 753 3304 est
792 3251 992 3304 ancilla:
1019 3260 1118 3304 tua:
1142 3249 1239 3303 nisi
1283 3250 1503 3319 pugillus
1526 3248 1728 3317 farinae,
1752 3257 1797 3302 et
1820 3264 1915 3317 pa-

320 3359 433 3394 rum
454 3343 550 3395 olei
575 3343 626 3395 in
652 3342 921 3411 amphora.
950 3353 995 3395 et
1023 3342 1339 3396 comedemus
1367 3358 1458 3412 ego
1480 3351 1526 3394 et
1557 3343 1721 3411 pueri,
1738 3349 1784 3394 et
1802 3357 1913 3394 mo-

318 3434 510 3486 rientur
543 3432 704 3502 (Ibid.
748 3449 797 3486 v.
832 3433 943 3504 19.).
987 3433 1303 3488 liliserabilia
1340 3432 1499 3488 verba
1524 3473 1539 3495 ,
1580 3448 1699 3502 ψιω
1744 3431 1913 3502 ipsam

321 3527 582 3596 lapideam
616 3529 848 3581 animam
903 3527 1175 3583 inflectere
1204 3537 1440 3595 possent.
1492 3525 1644 3581 Nulla
1694 3526 1919 3595 posthac

321 3619 477 3673 nobis
514 3633 637 3689 spes
683 3619 888 3673 salutis.
921 3619 1063 3673 Mors
1094 3620 1145 3673 in
1189 3618 1394 3672 foribus
1432 3627 1533 3673 est.
1587 3618 1700 3673 Hoc
1741 3619 1913 3674 solum

321 3715 476 3772 nobis
507 3714 751 3770 relictum
801 3725 884 3770 est
912 3714 980 3769 ad
1014 3715 1196 3781 vitam,
1229 3714 1369 3786 quod
1397 3716 1483 3769 vix
1527 3715 1757 3769 Sufficiet
1783 3714 1914 3770 mihi

321 3816 374 3859 et
404 3806 659 3875 puerulis,
685 3805 738 3861 Id
760 3806 905 3875 quod
922 3815 1035 3861 erat
1062 3807 1115 3860 in
1142 3822 1259 3861 mea
1289 3816 1550 3876 potestate
1573 3806 1692 3869 feci;
1722 3822 1912 3876 aquam

320 3900 732 3963 communicavi.
768 3898 963 3955 Verum
1006 3908 1065 3955 ut
1092 3899 1360 3955 discamus
1386 3909 1440 3954 et
1468 3899 1707 3954 mulieris
1729 3898 1915 3969 hospi-

324 3996 601 4059 talitatem,
635 4004 690 4048 et
713 3995 839 4063 justi
870 4009 1117 4065 magnam
1164 3993 1447 4059 ﬁduciam,
1477 3992 1600 4048 vide
1637 3992 1763 4063 qnid
1800 3994 1910 4046 fiat.

325 4086 424 4142 Ubi
456 4086 715 4157 propheta
760 4086 1042 4157 diligenter
1078 4086 1191 4141 htrc
1220 4086 1396 4141 omnia
1418 4085 1621 4151 didicit,
1670 4095 1727 4140 ut
1766 4086 1916 4140 dete-

322 4188 474 4247 geret
499 4178 650 4234 nobis
676 4179 924 4233 virtutem
955 4178 1191 4235 mulieris
1216 4178 1360 4251 (nam
1394 4178 1533 4234 Deus
1562 4177 1651 4248 qui
1679 4177 1912 4233 dixerat:

330 4268 559 4341 I’ra‘cepi
585 4269 808 4337 mulieri,
829 4279 883 4323 ut
905 4278 951 4322 te
977 4279 1152 4340 pascat
1174 4268 1337 4339 (Ibid.
1358 4286 1404 4323 v.
1438 4270 1519 4341 9),
1554 4270 1666 4339 ipse
1686 4278 1800 4323 erat
1825 4268 1916 4336 qui

326 4369 451 4416 tunc
496 4376 592 4430 per
622 4360 933 4430 prophetam
957 4362 1338 4431 operabatur),
1367 4359 1496 4415 dicit
1519 4360 1568 4415 ei
1598 4374 1612 4413 :
1646 4358 1756 4412 Fac
1792 4358 1918 4412 mihi

325 4455 566 4523 primunt,
595 4463 642 4506 et
661 4453 941 4519 comedam,
970 4464 1014 4507 et
1036 4463 1154 4507 tunc
1179 4454 1299 4521 ﬁliis
1323 4454 1442 4507 tuis.
1468 4453 1683 4513 Audite.
1720 4453 1914 4507 mulie-

328 4561 434 4610 res,
461 4560 580 4615 qua:
606 4544 804 4599 divitiis
833 4543 1073 4612 aflluitis,
1106 4528 1238 4599 etin
1270 4545 1436 4599 multa
1474 4545 1679 4599 inutilia
1711 4555 1918 4600 vestras

328 4636 609 4691 facultates
638 4636 927 4703 insumitis,
955 4651 1018 4690 ac
1055 4646 1176 4705 post
1222 4636 1308 4690 illa
1340 4638 1516 4691 omnia
1562 4636 1697 4691 duos
1732 4637 1919 4691 obolos

326 4728 707 4798 indigentibus,
731 4729 814 4783 vel
832 4728 947 4783 viro
970 4730 1200 4799 cuipiam
1224 4730 1424 4784 virtute
1448 4729 1673 4799 prmdito
1700 4743 1919 4801 propter

334 4819 496 4874 Deum
519 4835 710 4889 egeno,
744 4820 1054 4891 impendere
1099 4837 1204 4875 non
1233 4823 1413 4877 vultis.
1445 4821 1549 4876 Ista
1579 4832 1757 4878 autem
1785 4825 1920 4879 nihil

330 4910 518 4964 horum
540 4913 839 4980 possidens,
864 4913 959 4968 sed
984 4922 1183 4967 tantum
1209 4914 1687 4985 pugillumfarintn,
1715 4926 1762 4971 et
1793 4932 1922 4985 pau-

329 5005 381 5058 lo
422 5017 540 5074 post
583 5008 874 5060 secundum
906 5023 1054 5060 suam
1082 5008 1388 5076 opinionem
1422 5008 1649 5063 filiorum
1692 5020 1920 5064 tnortcm

329 5109 652 5166 Spectatura,
686 5110 742 5154 ut
767 5100 971 5154 audivit
991 5117 1022 5155 a
1055 5101 1310 5170 propheta
1342 5120 1355 5155 :
1389 5101 1500 5155 Fac
1524 5103 1649 5155 mihi
1674 5103 1918 5173 primunt,

328 5204 374 5244 et
405 5202 521 5245 tunc
554 5193 641 5245 tibi
669 5203 716 5245 et
748 5193 971 5261 puerulis
1002 5194 1100 5245 tuis
1128 5208 1148 5245 :
1176 5210 1282 5247 non
1312 5210 1454 5263 :egre
1480 5195 1616 5259 tulit,
1649 5210 1757 5249 non
1785 5209 1919 5248 cun-

329 5294 470 5336 t'tata
514 5293 616 5347 est,
667 5285 763 5339 sed
806 5284 929 5340 fecit
956 5285 1212 5354 imperata
1240 5303 1256 5339 :
1286 5286 1538 5340 erudiens
1573 5301 1762 5341 omnes
1802 5301 1922 5352 nos,

334 5370 698 5444 praeferendos
721 5387 915 5431 nostra:
946 5376 1318 5431 refocillationi
1349 5392 1534 5431 servos
1567 5378 1659 5432 Dei
1694 5394 1708 5430 :
1739 5385 1925 5432 etnon

335 5478 537 5523 temere
561 5469 681 5522 talia
702 5470 843 5523 lucra
868 5468 1253 5537 praetereunda,
1270 5468 1364 5523 sed
1387 5468 1765 5523 attendendum
1777 5467 1925 5522 mul-

336 5573 440 5615 tam
472 5562 598 5617 hinc
623 5562 778 5615 nobis
809 5563 1035 5616 ruituram
1080 5574 1201 5616 esse
1238 5560 1565 5615 mercedem.
1597 5560 1731 5616 Vide
1763 5560 1924 5630 igitur

399 5718 472 5779 (a)
507 5728 635 5770 tlanc
656 5727 963 5782 Sareptanam
1002 5716 1193 5782 viduam
1212 5714 1704 5782 pluribus__celebrat_
1725 5716 1923 5782 Chryso-

337 5791 520 5892 z'ovnns
542 5790 687 5832 't‘otno
714 5778 875 5844 ttt’sul
895 5795 945 5831 ra
972 5795 1015 5829 in
1047 5780 1247 5849 Humilia
1270 5780 1333 5830 de
1365 5778 1500 5829 Helia
1542 5785 1590 5828 et
1630 5779 1771 5828 vidua
1802 5778 1925 5829 Circa

371 5858 499 5892 aeni.

371 5858 499 5892 διεξιΠο

1323 384 1387 443 IN
1423 383 1578 441 CAP.
1624 382 1808 440 XVIII.
1848 380 2097 439 GENES.
2143 382 2375 439 IIO.\IIL.
2420 383 2580 440 XLII.

3503 392 3610 450 594

2023 478 2163 534 hanc
2192 479 2437 544 viduam,
2479 496 2577 551 pro
2616 481 2810 552 pugillo
2831 481 3050 551 farinae,
3115 492 3171 541 et
3210 485 3445 557 pauxillo
3488 488 3611 546 oleo

2021 570 2290 639 quomodo
2315 580 2628 641 perpetuum
2665 572 2916 628 horreum
2964 574 3067 630 sibi
3096 579 3487 645 comparaverit
3538 581 3610 650 (ὃ

2020 664 2152 735 Reg.
2183 664 2271 719 I7.
2296 665 2405 734 14)-
2431 664 2564 720 Nam
2592 677 2871 738 postquam
2900 670 3038 738 pavit
3068 672 3412 740 prophetam,
3436 690 3611 745 neque

2022 755 2247 825 pugillus
2272 754 2457 810 farinae
2483 756 2695 822 defecit,
2733 775 2906 830 neque
2933 761 3188 831 amphora
3233 764 3361 829 olei,
3385 780 3505 820 cum
3528 768 3610 821 in-

2021 847 2176 901 terim
2203 846 2342 902 fame
2373 857 2514 902 terra
2548 849 2724 905 omnis
2755 863 3183 911 consumeretur.
3216 855 3310 910 Est
3338 866 3514 913 autem
3554 869 3610 914 et

2019 936 2123 993 hoc
2149 938 2461 995 admirabile
2492 947 2548 994 et
2584 941 2904 1011 stupendum
2951 959 3069 999 eam
3118 961 3291 1016 neque
3336 947 3610 1004 laborilms

2020 1036 2202 1097 postea
2230 1042 2365 1099 opus
2390 1029 2673 1095 habuisse,
2704 1031 2797 1087 sed
2836 1042 3077 1103 paratum
3136 1048 3394 1107 perpetuo
3443 1040 3609 1096 fuisse

2018 1118 2242 1173 farinam
2295 1129 2351 1175 et
2392 1121 2591 1191 oleum,
2628 1132 2683 1178 et
2725 1138 2898 1195 neque
2929 1126 3251 1197 agricultura
3295 1130 3607 1203 indiguisse,

2018 1225 2194 1280 neque
2239 1210 2403 1266 boum
2452 1215 2870 1284 cooperatione,
2924 1232 3101 1288 neque
3147 1220 3253 1275 ulla
3299 1222 3406 1277 alia
3441 1229 3604 1291 cura;

2017 1303 2113 1358 sed
2138 1303 2319 1359 videre
2348 1314 2465 1360 erat
2510 1309 2689 1361 omnia
2722 1320 2916 1378 praeter
2969 1321 3217 1368 naturam
3259 1316 3496 1373 evenire.
3538 1319 3609 1377 Et

2017 1410 2137 1449 cum
2185 1412 2301 1465 rex,
2333 1398 2422 1467 qui
2460 1414 2711 1455 coronam
2740 1403 2911 1471 capite
2936 1403 3199 1472 gestabat,
3226 1407 3416 1463 anxius
3441 1419 3609 1480 esset,

2016 1496 2072 1540 et
2120 1485 2261 1542 fame
2301 1488 2604 1558 laboraret,
2652 1490 2808 1562 inops
2846 1492 3000 1547 vidua
3040 1494 3290 1551 omnibus
3328 1498 3605 1568 destituta,

2016 1575 2138 1645 quia
2163 1578 2474 1647 prophetam
2492 1593 2822 1651 susceperat,
2850 1584 2904 1637 in
2934 1593 3242 1655 perpetuam
3265 1589 3408 1644 venit
3434 1590 3608 1646 abun-

2016 1665 2270 1721 dantiam.
2301 1668 2589 1739 Propterea
2619 1672 2937 1727 etChristus
2952 1673 3163 1731 dicebat
3192 1694 3206 1731 :
3239 1677 3341 1745 Qui
3366 1696 3601 1751 suscepe-

2015 1758 2080 1811 rit
2118 1760 2415 1828 prophetam
2458 1761 2513 1814 in
2553 1763 2754 1816 nomine
2773 1763 3054 1833 prophetae,
3081 1770 3358 1824 mercedem
3384 1774 3604 1842 prop/te-

2017 1860 2083 1905 ta:
2109 1852 2314 1924 recipiet
2345 1852 2558 1926 (Matth.
2594 1848 3283 1928 I0.4I).Vidistiheriquid
3301 1864 3600 1930 patriarcha

2015 1946 2272 2003 meruerit
2295 1946 2444 2018 larga
2469 1963 2568 2003 sua
2599 1947 2962 2019 liOSpitalitate
3015 1958 3070 2002 et
3085 1947 3286 2004 fervida
3307 1950 3600 2008 alacritate:

2014 2031 2137 2087 vide
2160 2041 2214 2088 et
2243 2049 2383 2088 nunc
2414 2035 2549 2090 hanc
2579 2035 2854 2092 Sidoniam
2884 2049 3107 2109 repente
3128 2041 3369 2111 ingentes
3392 2042 3606 2100 divitias

2015 2125 2396 2196 possidentem.
2418 2127 2619 2199 Lingua
2636 2130 2778 2184 enim
2796 2132 3070 2203 propheta:
3091 2149 3208 2202 qua:
3227 2135 3340 2189 caeli
3369 2135 3605 2194 habenas

2015 2217 2412 2285 moderabatur,
2440 2221 2564 2277 fecit
2592 2231 2648 2276 nt
2671 2222 2859 2279 farina:
2879 2224 3108 2295 pugillus
3133 2236 3188 2281 et
3211 2228 3316 2283 olei
3341 2230 3601 2301 amphora

2011 2309 2209 2380 jugiter
2259 2314 2596 2368 scalurirent.

2087 2406 2141 2460 7.
2184 2404 2403 2461 Moralis
2432 2408 2809 2463 exltortatio.—
2831 2410 2980 2467 Hanc
3027 2428 3218 2468 omnes
3252 2414 3530 2472 imitentur
3550 2427 3607 2474 et

2014 2499 2115 2554 viri
2142 2508 2198 2555 et
2220 2500 2491 2556 mulieres.
2522 2501 2635 2572 Ego
2656 2503 2869 2572 quidem
2896 2505 3088 2560 vellem
3117 2522 3213 2562 vos
3235 2508 3300 2562 ad
3332 2510 3606 2579 propheta:

2015 2593 2208 2657 zelum,
2237 2603 2290 2648 et
2312 2592 2378 2647 ad
2405 2592 2521 2663 ejus
2548 2593 2758 2649 virtutis
2783 2595 3133 2651 imitationem
3163 2598 3430 2654 deducere
3461 2615 3477 2652 :
3508 2602 3605 2655 sed

2015 2687 2135 2756 quia
2160 2685 2262 2740 hoc
2280 2702 2567 2743 onerosum
2613 2688 2765 2744 vobis
2817 2689 3028 2746 videtur
3071 2706 3213 2757 esse,
3263 2695 3509 2763 quamvis
3550 2706 3608 2751 et

2016 2780 2106 2834 ille
2134 2779 2296 2834 homo
2323 2789 2458 2847 erat,
2487 2797 2814 2853 carnemque
2857 2786 2996 2839 sicut
3028 2799 3128 2840 nos
3170 2785 3604 2853 circumferebat,

2016 2881 2070 2927 et
2092 2872 2333 2927 eamdem
2359 2888 2516 2943 quam
2557 2889 2658 2929 nos
2697 2874 2925 2930 habebat
2952 2886 3195 2932 naturam
3228 2897 3243 2935 :
3271 2895 3455 2934 verum
3482 2884 3605 2949 quia

2016 2980 2134 3035 qua:
2161 2980 2254 3018 sua
2275 2974 2428 3020 erant
2454 2967 2672 3038 largiter
2686 2970 2881 3037 attulit,
2911 2981 3070 3042 atque
3120 2972 3367 3028 virtutem
3394 2976 3604 3044 ample-

2016 3065 2171 3111 xatus
2199 3067 2303 3126 est,
2334 3074 2621 3129 supernam
2652 3076 2861 3131 quoque
2886 3064 3109 3132 gratiam
3136 3076 3454 3137 asseqnutus
3483 3078 3603 3133 est;

2016 3158 2268 3205 cancrum
2296 3152 2508 3207 interim
2550 3169 2650 3208 nos
2691 3155 2774 3208 vel
2808 3156 3089 3210 mulierem
3141 3159 3279 3213 hanc
3314 3159 3604 3226 imitemur,

2016 3251 2071 3298 et
2096 3243 2172 3298 sic
2193 3244 2447 3314 paulatim
2478 3260 2544 3300 eo
2571 3246 2868 3315 veniemus,
2912 3252 3149 3304 utetiam
3179 3253 3453 3321 pr0phetm
3483 3253 3589 3307 imi-

2017 3344 2218 3390 tatores
2238 3335 2425 3391 simus.
2456 3335 2795 3393 [Emulemur
2823 3340 3002 3410 itaque
3028 3342 3144 3410 ejus
3170 3342 3604 3412 hoSpitalitatem,

2017 3439 2074 3484 et
2117 3431 2295 3485 nullus
2330 3429 2555 3501 posthac
2584 3432 2817 3503 inopiam
2845 3444 3125 3502 prtetexat.
3149 3436 3281 3490 Nam
3320 3448 3608 3506 quantum-

2017 3524 2098 3577 vis
2127 3524 2282 3593 inops
2311 3524 2381 3578 sit
2426 3524 2637 3594 aliquis,
2672 3542 2778 3580 non
2824 3529 2926 3581 erit
2966 3527 3068 3582 hac
3113 3529 3377 3599 egentior,
3402 3531 3486 3585 cui
3540 3531 3607 3584 ad

2019 3630 2182 3668 unum
2217 3623 2418 3668 tantmn
2463 3615 2604 3670 diem
2656 3625 2773 3670 erat
2820 3617 3176 3673 alimentum:
3208 3628 3264 3674 et
3310 3636 3485 3691 neque
3530 3621 3611 3675 sic

2018 3703 2116 3758 fuit
2142 3705 2356 3774 segnior
2383 3705 2447 3761 ad
2475 3706 2782 3774 petitionem
2816 3708 3114 3778 prophetae,
3155 3710 3251 3765 sed
3280 3726 3469 3780 magna
3493 3712 3606 3765 ala-

2018 3799 2209 3852 critate
2233 3798 2281 3852 ei
2312 3799 2505 3867 paruit,
2557 3808 2611 3854 ct
2640 3801 2941 3856 mercedem
2979 3803 3221 3872 protinus
3256 3804 3479 3874 recepit.
3507 3805 3610 3859 Ta-

2018 3890 2087 3945 lia
2115 3891 2259 3945 enim
2282 3900 2427 3958 sunt,
2468 3907 2585 3961 qua:
2611 3907 2641 3946 a
2688 3892 2796 3947 Deo
2828 3893 2976 3949 fiunt.
3024 3894 3140 3949 Mos
3167 3895 3216 3950 ei
3242 3895 3375 3951 dare
3416 3912 3607 3968 magna

2020 3998 2118 4053 pro
2140 3984 2334 4052 parvis.
2363 3982 2499 4051 Quid
2524 3983 2688 4051 enim,
2717 3984 2826 4052 dic,
2849 4001 2966 4053 oro,
2992 3996 3193 4042 tantum
3215 3989 3413 4057 attulit,
3433 4005 3605 4059 quan-

2021 4084 2130 4130 tum
2173 4074 2426 4144 accepit?
2482 4075 2677 4131 Verum
2738 4077 2998 4132 Dominus
3039 4086 3222 4145 noster
3265 4095 3370 4135 non
3413 4093 3609 4151 quanta

2019 4168 2213 4224 dentur
2257 4169 2534 4223 consuevit
2574 4169 2872 4236 attendere,
2922 4171 3017 4227 sed
3071 4172 3359 4228 voluntatis
3397 4173 3611 4245 largita-

2022 4269 2164 4325 tem;
2210 4270 2265 4314 et
2313 4261 2382 4315 ab
2428 4262 2527 4316 hac
2553 4279 2672 4332 quae
2702 4278 2862 4332 parva
2907 4275 3031 4319 sunt
3056 4281 3244 4337 magna
3288 4267 3608 4330 redduntur,

2020 4362 2075 4408 et
2099 4367 2289 4423 magna
2330 4367 2474 4423 Saepe
2525 4354 2648 4408 vilia
2677 4354 3013 4420 efficiuntur,
3065 4357 3280 4427 quando
3320 4374 3426 4413 non
3452 4359 3609 4413 hilari

2020 4455 2201 4510 animo
2237 4472 2357 4525 quae
2403 4456 2538 4511 fiunt
2593 4469 2934 4527 peraguntur.
2990 4458 3286 4528 Eapropter
3316 4458 3472 4513 vidua
3523 4458 3611 4512 illa

2021 4547 2350 4617 evangelica,
2375 4548 2557 4602 multis
2597 4549 2761 4603 multa
2813 4549 2866 4603 in
2895 4540 3337 4621 gazophylacium,
3358 4552 3616 4606 mittenti-

2023 4641 2141 4704 bus.
2197 4641 2448 4711 projectis
2494 4640 2706 4696 duobus
2733 4642 2951 4697 minutis
2976 4657 3165 4697 omnes
3187 4644 3312 4697 vicit
3339 4642 3489 4709 (Luc.
3518 4644 3609 4697 2i.

2023 4733 2076 4788 '5.
2106 4733 2180 4801 4),
2211 4749 2317 4787 non
2348 4733 2491 4809 quod
2537 4734 2818 4787 immiserit
2845 4735 2993 4804 plura
3014 4735 3154 4799 aliis,
3184 4735 3277 4789 sed
3308 4736 3449 4806 quod
3480 4737 3613 4790 libo-

2023 4826 2275 4880 raliorem
2323 4826 2649 4879 voluntatem
2700 4826 3016 4881 ostenderit.
3051 4827 3156 4881 Alii
3201 4828 3374 4891 enim,
3423 4828 3611 4897 inquit,

2024 4933 2092 4973 ex
2140 4934 2205 4972 eo
2231 4918 2371 4987 quod
2408 4918 2509 4972 sibi
2552 4919 2858 4973 abundabat
2887 4920 3280 4992 eleemosynam
3303 4922 3614 4991 erogabant,

2027 5008 2125 5062 ista
2151 5018 2328 5063 autem
2388 5009 2568 5063 omnia
2618 5026 2968 5080 qumcumque
3017 5013 3325 5081 possidebat
3375 5013 3611 5067 immisit.

2027 5102 2250 5155 Omnem
2303 5102 2447 5155 enim
2473 5102 2670 5156 victum
2716 5118 2890 5168 suum,
2927 5106 3116 5174 inquit,
3160 5105 3359 5176 injecit.

2104 5193 2434 5264 Elcemosyna
2455 5195 2950 5266 eroganda.—Ergo
2967 5198 3218 5252 mulieres
3238 5198 3425 5253 saltem
3453 5198 3618 5251 imite-

2029 5302 2149 5340 mur
2168 5286 2290 5351 viri,
2308 5294 2358 5341 ct
2374 5302 2476 5340 non
2496 5287 2775 5343 inferiores
2785 5288 2863 5344 eis
2879 5288 3179 5343 videamur:
3200 5289 3293 5344 sed
3312 5290 3623 5344 studeanms

2030 5394 2136 5433 non
2157 5380 2329 5432 solum
2348 5378 2414 5433 ad
2450 5389 2693 5434 nostrum
2718 5396 2872 5435 usum
2900 5397 3113 5435 onmem
3141 5382 3491 5436 substantiam
3522 5398 3620 5434 no-

2031 5478 2195 5523 stram
2227 5469 2555 5538 impendere,
2597 5470 2692 5524 sed
2735 5480 2790 5525 et
2831 5486 3120 5540 egenorum
3148 5487 3395 5541 magnam
3426 5471 3625 5525 habere

2031 5575 2249 5626 curam,
2300 5559 2459 5629 idque
2499 5576 2622 5616 cum
2666 5561 2940 5616 alacritate
2988 5572 3044 5617 et
3080 5562 3367 5617 hilaritate.
3411 5562 3622 5617 Etenim

2033 5650 2262 5720 agriCola
2291 5659 2447 5705 terrae
2484 5651 2816 5707 concredens
2841 5653 3067 5718 semina,
3097 5669 3202 5707 non
3246 5653 3345 5709 hoc
3373 5668 3496 5707 cum
3527 5652 3624 5706 tri-

2034 5744 2174 5798 stitia
2204 5743 2346 5810 facit,
2375 5744 2468 5799 scd
2498 5744 2735 5813 gaudens
2782 5754 2836 5799 et
2864 5744 3217 5812 Itetabundus,
3254 5756 3308 5800 ct
3336 5747 3487 5817 quasi
3513 5745 3625 5815 jam

2039 5851 2133 5907 spe
2154 5836 2454 5908 manipulos
2475 5835 2654 5892 videre
2679 5848 2737 5891 se
2764 5836 3094 5907 existimans,
3124 5837 3177 5892 in
3210 5846 3351 5893 terra
3375 5831 3609 5890 seminat
