4084 6356
464 377 570 437 395

468 492 532 545 Et
563 500 641 557 tu,
672 487 887 554 dilecte,
921 503 991 544 ne
1028 486 1202 543 solum
1228 483 1534 554 respexeris
1558 482 1625 537 ad
1652 497 1777 538 eum
1802 480 1892 552 qui
1918 476 2057 534 recl—

468 581 563 649 pit.
593 596 767 651 neque
801 581 866 635 ad
907 587 1150 648 sumptus
1174 577 1264 648 qui
1313 576 1481 639 fiunt;
1526 573 1620 630 sed
1654 575 1865 644 cogita,
1909 571 2061 627 illum

464 673 681 741 quidem
708 673 798 742 qui
828 688 856 725 a
889 681 941 727 te
965 672 1159 740 accipit
1202 685 1322 726 esse
1345 669 1609 725 visibilem
1629 708 1644 731 ,
1683 666 1848 721 alium
1879 674 2060 721 autem

465 779 588 833 qua:
614 766 665 818 in
687 764 837 818 illum
871 764 1023 823 ﬁunt,
1054 763 1155 819 sibi
1192 762 1329 818 facta
1358 762 1674 826 declarare;
1706 775 1883 831 neque
1909 760 2060 813 illum

466 857 736 923 vulgarem
777 854 1081 925 quempiam
1135 869 1290 922 esse,
1337 854 1432 910 sed
1474 853 1713 909 omnium
1754 851 2056 917 Dominum,

465 945 581 999 caeli
623 958 883 1016 terneque
924 944 1301 1011 Conditorem;
1329 952 1385 1000 et
1424 952 1696 1014 sumptum
1726 942 1872 998 illum
1919 942 2061 997 redi-

468 1046 618 1090 tuum
647 1036 821 1091 locum
850 1037 1113 1103 obtinere,
1145 1052 1244 1092 nec
1282 1036 1458 1091 solum
1499 1051 1605 1090 non
1647 1036 1889 1090 minuere
1926 1035 2058 1090 sub-

466 1127 717 1182 stantiam
747 1136 912 1195 tuam,
939 1128 1034 1183 sed
1061 1143 1257 1198 augere
1280 1128 1447 1199 magis
1483 1128 1527 1182 si
1571 1142 1695 1182 cum
1722 1126 1826 1182 fide
1855 1136 1909 1182 et
1947 1126 2061 1180 ala-

463 1218 656 1273 critate
698 1218 800 1273 hoc
828 1218 1039 1274 feceris.
1082 1219 1291 1275 Addam
1336 1219 1388 1274 id
1429 1218 1571 1289 quod
1613 1218 1935 1289 praecipuum
1978 1226 2058 1272 est

467 1306 703 1364 (nouum:
737 1320 930 1380 prseter
960 1311 1056 1367 hos
1085 1310 1289 1366 reditus
1314 1320 1370 1367 et
1411 1311 1577 1379 lucra,
1606 1326 1726 1381 qua:
1753 1325 1818 1365 ex
1844 1318 2057 1380 sumptu

470 1412 746 1468 parantur,
779 1410 994 1469 peccata
1021 1402 1184 1457 etiam
1209 1402 1579 1457 condonantur
1610 1420 1622 1457 :
1648 1402 1735 1457 cui
1763 1402 1904 1457 bono
1932 1401 2059 1472 quid

468 1505 564 1559 par
590 1505 710 1546 esse
738 1483 966 1561 poterit?
1009 1493 1065 1548 Si
1099 1492 1257 1564 igitur
1284 1494 1528 1549 volumus
1556 1508 1685 1549 vere
1720 1493 2055 1563 locupletari,

464 1592 523 1637 et
550 1597 670 1641 cum
697 1583 895 1639 divitiis
933 1585 1095 1640 etiam
1130 1594 1468 1655 peccatorqu
1512 1584 1749 1639 invenire
1790 1584 2056 1639 remissio-

467 1692 613 1740 nem,
655 1677 989 1734 ell'uudamus
1035 1694 1122 1734 res
1164 1688 1372 1734 nostras
1421 1678 1473 1734 in
1518 1692 1809 1748 egenorum
1846 1692 2056 1742 manus,

465 1767 855 1836 prauuittamus
880 1784 972 1824 eas
1004 1770 1058 1825 in
1083 1771 1296 1837 caelum,
1329 1770 1418 1825 ubi
1450 1785 1624 1841 neque
1651 1771 1750 1835 fur,
1785 1785 1957 1841 neque
1980 1771 2056 1824 la-

469 1869 575 1926 tro,
607 1875 781 1927 neque
812 1861 1069 1930 parietum
1111 1862 1356 1929 ell'ossor,
1401 1875 1574 1931 neque
1615 1860 1798 1915 famuli
1835 1861 2056 1928 malitia,

466 1965 641 2020 neque
668 1951 813 2005 aliud
840 1952 1128 2023 quidquam
1169 1968 1367 2008 nocere
1393 1954 1587 2023 poterit
1613 1952 1810 2006 divitiis
1842 1953 2055 2007 nostris.

466 2040 634 2113 Regio
659 2044 802 2098 enim
832 2044 918 2099 illa
957 2045 1207 2099 omnibus
1251 2044 1549 2100 istiusmodi
1580 2043 1789 2099 damnis
1818 2044 2059 2114 superior

463 2144 568 2189 est.
595 2134 824 2190 Tantum
851 2152 918 2191 ne
947 2152 1136 2191 vanam
1161 2137 1385 2208 gloriam
1416 2146 1703 2198 sectemur,
1731 2136 1824 2191 sed
1864 2152 2058 2207 sequa-

467 2242 591 2282 mur
618 2228 763 2298 leges
799 2243 829 2281 a
872 2226 1084 2283 Christo
1130 2229 1370 2296 traditas,
1417 2237 1476 2283 ut
1510 2242 1615 2284 non
1651 2228 1719 2283 ab
1760 2228 2061 2284 hominibus

467 2319 654 2376 laudes
678 2320 1054 2389 percipiamus,
1079 2320 1172 2375 sed
1195 2338 1222 2373 a
1249 2319 1518 2375 communi
1544 2320 1783 2374 omnium
1814 2320 2057 2386 Domino,

466 2428 536 2467 ne
562 2421 619 2466 et
656 2423 900 2482 sumptus
942 2411 1199 2467 faciamus
1224 2452 1240 2472 .
1288 2421 1344 2467 et
1385 2412 1536 2467 lucro
1576 2411 1948 2467 dcstituamur.
1991 2410 2061 2466 Ut

462 2502 609 2557 enim
636 2502 704 2558 ab
734 2502 939 2556 insidiis
963 2502 1082 2556 aliis
1105 2502 1354 2557 omnibus
1394 2511 1520 2557 tuta:
1558 2511 1681 2556 sunt
1725 2500 1923 2557 divitia:
1966 2516 2061 2570 per

464 2610 655 2650 manus
684 2610 975 2664 pauperum
1003 2609 1071 2650 eo
1101 2595 1389 2661 translata,
1431 2595 1502 2649 ita
1541 2609 1637 2664 per
1667 2609 1857 2650 vanam
1887 2594 2058 2649 stilum

464 2684 686 2756 gloriam
725 2684 1113 2752 absumuntur;
1165 2694 1305 2740 etut
1349 2686 1489 2741 tinea
1530 2696 1589 2741 et
1622 2700 1833 2741 vermes
1879 2695 2058 2740 vestes

465 2787 834 2845 corrumpunt,
880 2777 950 2830 ita
998 2786 1053 2832 et
1092 2777 1263 2832 inanis
1291 2777 1457 2847 gloria
1497 2777 1707 2832 divitias
1732 2793 1851 2847 qute
1892 2776 2057 2833 mise-

466 2868 692 2923 ricordia
723 2869 1065 2937 colliguntur.
1096 2868 1317 2935 Idcirco,
1349 2869 1594 2935 obsecro,
1635 2885 1740 2923 non
1768 2869 1938 2923 solum
1974 2868 2055 2923 fa-

461 2963 667 3016 ciamus
689 2962 1079 3033 clccmosynas,
1106 2961 1199 3016 sed
1230 2971 1283 3016 et
1307 2971 1461 3016 caute
1484 2961 1758 3024 faciamus,
1788 2970 1844 3015 ut
1870 2975 2059 3030 magna

467 3056 605 3109 bona
632 3056 983 3126 percipianms
1008 3070 1104 3125 pro
1122 3053 1317 3125 parvis,
1359 3063 1415 3109 et
1459 3070 1554 3125 pro
1583 3054 1852 3124 fragilibus
1880 3054 2060 3108 incor-

464 3148 756 3216 ruptibilia.
798 3156 852 3201 et
901 3162 1001 3218 pro
1045 3146 1424 3216 temporalibus
1465 3156 1688 3213 aztcrna,
1734 3155 1935 3199 etcum
1976 3143 2061 3201 bis

464 3242 716 3296 omnibus
743 3243 900 3294 etiam
932 3250 1268 3310 peccatorum
1298 3239 1666 3295 remissionem
1692 3238 1902 3309 assequi
1929 3252 2062 3308 pos-

466 3332 656 3393 simus.
700 3331 943 3400 bonaque
982 3331 1070 3386 illa
1113 3331 1398 3386 ineffabilia
1447 3348 1461 3390 :
1505 3330 1696 3401 quibus
1732 3346 1833 3386 nos
1871 3345 2061 3387 omnes

467 3422 625 3491 potiri
671 3422 965 3491 contingat,
1006 3422 1170 3491 gratia
1208 3430 1264 3477 ct
1307 3421 1671 3477 misericordia
1715 3419 1923 3476 Domini
1967 3436 2064 3476 no-

466 3514 563 3569 atri
590 3514 717 3570 Jesu
742 3514 964 3578 Christi,
991 3514 1075 3569 cui
1105 3528 1232 3569 cum
1273 3512 1431 3569 Patre
1460 3522 1516 3569 et
1539 3522 1726 3570 sancto
1750 3510 2063 3582 vivificoque

380 3624 384 3631 '
467 3609 666 3681 Spiritu
694 3609 764 3663 sit
782 3608 970 3679 gloria,
1003 3621 1143 3663 nunc
1168 3614 1222 3662 et
1241 3619 1473 3676 semper,
1503 3613 1558 3661 et
1586 3606 1637 3660 in
1664 3607 1859 3661 smcula
1887 3619 2063 3659 sazcu-

471 3701 665 3758 Iorum.
697 3701 891 3755 Amen.

1019 3827 1293 3884 IIO.\I|LIi\
1328 3824 1510 3881 XLIII.

482 3940 732 3999 Venerunt
758 3954 949 4013 autent,
991 3942 1177 4007 inquit,
1225 3941 1327 3993 duo
1361 3940 1530 4011 angeli
1561 3938 1787 3996 Soc’oma
1836 3955 2062 4010 vespere.

1080 4032 1231 4102 (Gen.
1266 4031 1353 4088 t9.
1388 4032 1461 4102 ι).

545 4184 596 4237 Ι.
625 4176 1081 4248 Quemadmodum
1098 4172 1342 4227 ﬂoridum
1356 4168 1623 4238 quoddam
1640 4176 1853 4236 pratum
1870 4166 2050 4222 varios

469 4286 529 4329 et
551 4272 868 4341 omnigenus
886 4266 1046 4321 ﬂores
1070 4264 1124 4317 in
1154 4278 1212 4317 se
1240 4268 1502 4322 ostentat,
1532 4259 1603 4311 ita
1631 4269 1685 4311 et
1706 4257 1884 4310 divina
1906 4258 2049 4311 Scri-

471 4374 631 4435 plura
664 4360 935 4430 iustorum
970 4355 1199 4409 virtutes
1234 4350 1388 4405 nobis
1417 4349 1749 4404 demonstrat
1780 4366 1793 4400 :
1825 4362 1928 4401 nou
1967 4358 2048 4412 ut,

471 4455 615 4509 sicut
639 4451 850 4506 illorum
877 4446 1066 4501 ﬂorum
1097 4440 1411 4513 fragrantia,
1436 4453 1603 4508 parvo
1632 4446 1873 4505 tempore
1902 4435 2050 4491 frua-

474 4539 750 4605 mur,xsed
776 4547 833 4592 ιιι
859 4544 1174 4606 perpetuam
1225 4531 1347 4585 inde
1389 4529 1672 4583 utilitatem
1702 4526 2047 4596 recipiamus.

472 4633 587 4689 Illic
611 4648 771 4688 manu
806 4638 1008 4684 tantum
1038 4626 1311 4696 carpimus
1338 4622 1521 4684 liores,
1547 4629 1601 4674 et
1634 4619 1880 4689 protinus
1907 4633 2048 4671 mar-

470 4732 752 4781 cescentes
766 4736 918 4776 suam
941 4719 1169 4788 gratiam
1198 4716 1449 4770 amittunt
1464 4731 1480 4767 :
1496 4712 1585 4768 hic
1607 4723 1909 4766 autemnon
1933 4709 2048 4764 sic:

474 4816 568 4871 sed
594 4812 810 4884 quando
837 4810 1059 4864 auribus
1088 4808 1359 4878 justorum
1389 4804 1616 4858 virtutes
1646 4790 1965 4871 accipimus,
1993 4808 2051 4854 et

472 4924 565 4961 eas
599 4905 650 4958 in
679 4904 800 4958 sinu
838 4902 1038 4956 mentis
1062 4897 1392 4969 reponimus,
1425 4910 1522 4967 per
1549 4909 1709 4950 omne
1740 4902 1973 4963 tempus,
2002 4892 2049 4948 si

472 5000 721 5052 volumus
749 5037 765 5059 ,
819 5010 1003 5051 eorum
1044 4994 1193 5048 suavi
1236 4993 1403 5050 odore
1448 4991 1550 5047 frui
1599 4988 1911 5059 poterimus.
1959 4992 2069 5057 Age

467 5106 622 5161 ergo,
657 5088 780 5159 quia
824 5097 968 5142 tanta
1008 5095 1315 5140 sanctorum
1347 5086 1398 5139 in
1424 5084 1602 5139 divina
1640 5082 1916 5153 Scriptura
1959 5079 2072 5135 fra-

472 5182 681 5250 grantia
705 5188 807 5246 est,
839 5177 998 5234 hodie
1026 5177 1143 5232 Loti
1172 5178 1366 5232 bonum
1394 5173 1612 5231 odorem
1639 5175 1990 5245 inquiramus,
2011 5180 2071 5226 ut

475 5272 703 5328 sciamus
728 5269 948 5339 liquido.
976 5269 1178 5336 justum
1208 5266 1349 5322 hunc
1392 5266 1444 5321 in
1484 5276 1689 5321 tantum
1717 5266 1928 5321 virtutis
1954 5264 2070 5333 api-

473 5377 591 5417 cem
621 5370 867 5417 evectum
894 5375 1015 5414 esse
1046 5359 1363 5429 patriarcha:
1399 5356 1807 5423 consuetudine,
1846 5372 1967 5426 qua:
1993 5354 2069 5409 ef—

472 5453 597 5510 iccit
626 5464 683 5508 ut
719 5455 941 5525 vestigia
984 5455 1124 5510 illius
1164 5462 1497 5525 sequeretur,
1528 5462 1584 5508 et
1614 5452 1948 5521 peculiariter
1976 5451 2070 5505 ho-

471 5548 811 5617 Spitalitatem
838 5560 1133 5605 exerceret.
1157 5549 1350 5603 Verum
1374 5557 1432 5602 ut
1457 5545 1786 5602 manifestior
1809 5545 1877 5600 sit
1893 5559 2071 5600 sermo

473 5653 672 5706 unstcr,
698 5656 877 5710 opera:
897 5642 1125 5711 pretium
1162 5641 1320 5696 fuerit
1359 5639 1650 5709 Scriptura:
1677 5636 1840 5693 verba
1861 5635 2067 5690 audire.

480 5732 793 5790 I.I’cncrunt
813 5743 999 5797 autent,
1021 5733 1211 5803 inquit,
1243 5733 1344 5787 duo
1370 5731 1542 5802 angeli
1574 5730 1801 5787 Sodoma
1819 5729 2068 5799 (Cap.l9)

474 5826 685 5895 nuperi.
723 5824 902 5895 Quare
944 5826 1022 5883 sic
1066 5825 1262 5897 incepit
1297 5834 1353 5883 et
1383 5824 1515 5881 dixit
1547 5841 1560 5879 :
1604 5821 1858 5878 Venerunt
1903 5829 2070 5877 autem

1239 369 1302 430 S.
1340 368 1619 429 .IOANNIS
1656 352 2138 425 CIIRYSOSTOSII
2174 357 2492 417 ARCIIIEI’.
2533 358 3067 416 CONSTANTINOP.

3651 365 3757 422 396

2170 474 2273 529 duo
2300 473 2470 536 angeli
2492 474 2720 529 Sodoma
2737 475 2926 545 vespa-5
2948 473 2974 528 Ρ
2997 473 3261 543 Quoniam
3281 487 3557 549 postquam
3573 480 3757 539 diver-

2167 564 2268 620 sati
2297 572 2422 619 sunt
2448 564 2585 629 apud
2632 563 3011 634 patriarcham,
3039 573 3096 621 et
3137 565 3260 621 inde
3298 578 3577 637 surgentes
3606 571 3756 627 abie-

2166 668 2322 722 runt;
2364 672 2428 712 ac
2464 657 2701 712 clemens
2737 657 2994 712 Dominus
3019 667 3073 712 et
3096 668 3332 724 curator,
3361 676 3458 729 pro
3483 677 3575 716 sua
3604 663 3757 720 boui-

2168 758 2278 806 tate
2321 751 2372 803 in
2416 748 2646 804 lmmana
2682 749 2846 818 figura
2888 749 3055 816 visus,
3105 752 3302 805 mansit
3346 754 3487 822 apud
3532 757 3753 823 patriar-

2165 843 2342 904 cham,
2377 842 2597 911 loquens
2618 856 2741 896 cum
2772 857 2860 907 eo,
2890 842 3032 897 sicut
3075 843 3188 898 heri
3216 845 3492 902 audivistis
3525 866 3539 901 :
3569 850 3753 904 volens

2165 948 2264 986 nos
2287 948 2474 986 omnes
2502 931 2698 988 docere
2723 941 2779 987 et
2818 933 3089 1004 ingentem
3136 936 3440 1005 patientiam
3484 955 3659 1001 suam.
3698 953 3756 997 et

2164 1024 2479 1093 patriarchm
2502 1023 2799 1091 caritatem,
2817 1025 2992 1095 angeli
3017 1034 3195 1081 autem
3217 1030 3609 1085 contendebant
3628 1041 3755 1087 tunc

2164 1130 2351 1169 versus
2374 1115 2605 1169 Sodoma
2630 1132 2644 1169 :
2675 1130 2897 1171 servans
2921 1117 3193 1187 Scriptura
3223 1132 3378 1172 suum
3400 1120 3644 1177 ordinem
3668 1124 3749 1176 di-

2164 1206 2238 1261 cit
2260 1208 2448 1260 iterum
2475 1225 2489 1261 :
2530 1205 2777 1261 Venerunt
2804 1216 2971 1261 autem
2994 1209 3098 1262 duo
3124 1209 3295 1281 angeli
3322 1211 3549 1266 Sodoma
3576 1227 3746 1282 vespe-

2162 1300 2229 1366 ri,
2255 1297 2444 1353 facturi
2466 1298 2607 1369 quod
2636 1298 2953 1370 imperatum
2981 1307 3118 1355 erat.

2235 1388 2351 1443 Lati
2379 1390 2697 1459 hospitalitas
2721 1390 3128 1446 laudatum—Et
3156 1390 3276 1447 vide
3293 1392 3621 1463 diligentiam
3649 1396 3749 1447 oh—

2161 1484 2627 1554 servationcmque
2651 1483 2846 1539 divina:
2884 1483 3194 1553 Scriptum,
3233 1486 3502 1554 quomodo
3541 1496 3752 1556 tempus

2182 1607 2288 1661 quo
2308 1592 2640 1647 advenerunt
2667 1589 2821 1645 nobis
2846 1589 3133 1644 declararit
3149 1604 3164 1641 :
3182 1588 3309 1642 dicit
3326 1587 3494 1652 enim,
3519 1587 3749 1657 Vesperi.

2179 1688 2248 1743 Et
2276 1702 2443 1758 quare
2481 1695 2691 1755 tempus
2719 1683 3075 1755 signiﬁcavit?
3103 1691 3158 1737 et
3185 1697 3352 1752 quare
3380 1682 3445 1736 ad
3472 1696 3750 1751 vesperam

2178 1794 2244 1835 eo
2269 1778 2570 1833 venerunt?
2600 1776 2669 1831 Ut
2697 1776 3074 1830 ostenderetur
3101 1774 3255 1829 nobis
3282 1789 3474 1843 magna
3502 1772 3619 1827 Loti
3648 1774 3750 1826 ho-

2175 1868 2459 1938 spitalitas.
2487 1867 2637 1922 Sicut
2655 1868 2797 1920 enim
2823 1864 3127 1933 patriarcha
3150 1864 3343 1919 sedens
3374 1872 3612 1933 tempore
3638 1879 3751 1917 mc-

2175 1957 2349 2022 ridiei,
2372 1958 2693 2012 observabat
2713 1964 3129 2027 prmtereuntes,
3156 1965 3212 2011 et
3237 1957 3572 2010 venatioaem
3594 1971 3747 2011 suam

2172 2046 2311 2101 hanc
2350 2047 2587 2101 studiose
2629 2046 2931 2111 exercebat,
2978 2055 3033 2101 et
3074 2049 3393 2102 occurrebat
3439 2062 3504 2101 ac
3553 2062 3749 2117 magno

2171 2136 2367 2208 gaudio
2393 2136 2627 2189 viatores
2661 2136 2989 2205 suscipiebat
3027 2154 3040 2189 :
3088 2134 3250 2189 simili
3283 2137 3444 2190 modo
3484 2147 3537 2191 et
3570 2136 3748 2204 justus

2172 2227 2282 2290 ille,
2308 2226 2561 2296 quoniam
2584 2224 2789 2279 sciebat
2813 2227 3221 2295 perversitatem
3246 2242 3433 2281 eorum
3456 2227 3544 2295 qui
3573 2228 3625 2279 iu
3648 2226 3748 2281 Sos

2168 2317 2343 2373 domis
2374 2316 2691 2371 habitabant
2718 2331 2891 2384 neque
2916 2318 3123 2384 vesperi
3147 2316 3478 2380 discedebat,
3508 2318 3600 2372 sed
3634 2334 3746 2370 tua-

2168 2411 2347 2472 nebat,
2379 2424 2446 2464 ne
2478 2410 2762 2463 thesaurus
2781 2407 2974 2477 aliquis
3002 2407 3099 2476 ipsi
3123 2406 3445 2471 elaberetur,
3476 2418 3531 2463 et
3561 2419 3619 2460 ut
3648 2408 3745 2461 ho-

2166 2501 2473 2572 spitaiitatis
2501 2500 2732 2556 fructum
2772 2501 3061 2569 decerpere
3088 2509 3289 2570 posset.
3322 2499 3458 2554 Vere
3486 2501 3740 2553 admirari

2164 2597 2515 2652 vehementer
2534 2594 2658 2649 licet
2677 2593 2808 2662 justi
2835 2594 2994 2662 hujus
3016 2594 3289 2659 virtutem,
3321 2595 3410 2661 qui
3438 2609 3660 2648 versans
3690 2595 3742 2645 in

2164 2691 2342 2745 medio
2372 2702 2477 2745 tam
2506 2690 2788 2759 impiorum
2817 2689 3116 2752 hominum,
3146 2704 3251 2743 non
3288 2687 3459 2743 solum
3492 2705 3597 2743 non
3628 2690 3752 2746 inde

2164 2782 2515 2851 negligentior
2540 2789 2623 2835 est
2658 2783 2847 2847 factus,
2877 2780 2970 2835 sed
3001 2789 3055 2834 et
3087 2780 3346 2848 majoer
3370 2782 3620 2837 virtutem
3644 2798 3754 2851 pra:

2164 2888 2223 2927 se
2248 2874 2364 2926 tulit
2401 2891 2413 2925 :
2445 2888 2675 2943 cumque
2716 2888 2923 2938 manes,
2974 2884 3031 2926 ut
3084 2874 3153 2926 ita
3179 2873 3373 2937 dicam,
3429 2875 3480 2927 in
3516 2890 3753 2943 praeceps

2163 2977 2399 3031 ruerent,
2432 2968 2543 3037 ipse
2569 2967 2713 3021 solus
2740 2967 2789 3019 iu
2813 2976 2955 3020 tanta
2980 2966 3315 3021 multitudine
3342 2978 3549 3022 rectam
3568 2969 3755 3023 ambu-

2163 3058 2292 3113 lavit
2311 3058 2470 3112 viam.
2490 3056 2591 3113 Ubi
2618 3072 2759 3112 nunc
2784 3057 3016 3127 suntqui
3039 3057 3240 3120 dicunt,
3266 3074 3369 3111 non
3397 3074 3552 3128 posse
3571 3075 3757 3130 qui-m-

2163 3151 2302 3221 piam
2322 3151 2373 3204 in
2396 3149 2792 3205 mcdiacivitate
2803 3158 3103 3205 versantem
3123 3150 3370 3204 virtutem
3396 3165 3609 3205 servare
3626 3167 3641 3206 :
3661 3152 3754 3207 sed

2164 3260 2298 3314 Opus
2312 3259 2431 3298 esse
2448 3257 2683 3311 secessu,
2699 3252 2753 3299 et
2775 3251 3022 3297 montana
3039 3242 3264 3313 quadam
3284 3241 3608 3300 habitatione
3626 3264 3639 3299 :
3658 3260 3759 3300 nec

2170 3351 2326 3405 posse
2364 3335 2545 3389 domui
2590 3350 2701 3390 suae
2744 3334 3075 3405 prmfectum,
3114 3343 3167 3389 et
3196 3351 3421 3390 uxorem
3450 3336 3758 3407 habentem,

2166 3438 2221 3482 et
2249 3428 2387 3482 filios
2409 3438 2684 3482 curantem
2706 3441 2768 3482 ac
2790 3425 3036 3491 famulos,
3066 3426 3263 3481 virtute
3289 3428 3569 3497 prarditum
3596 3445 3716 3485 esse
3731 3431 3760 3484 τ

2166 3517 2394 3572 Videant
2421 3533 2548 3587 ergo
2572 3519 2774 3586 justum
2816 3518 2964 3572 illum
3010 3534 3133 3573 cum
3175 3519 3419 3586 muliere,
3476 3522 3676 3589 pueris,
3704 3530 3761 3578 ct

2166 3609 2399 3674 famulis,
2431 3611 2483 3665 in
2512 3610 2727 3665 civitate
2754 3608 3059 3681 degentem,
3095 3618 3254 3681 atque
3274 3610 3415 3666 inter
3442 3619 3548 3666 tam
3592 3613 3761 3666 malos

2167 3718 2230 3758 ac
2260 3702 2450 3772 impios
2472 3712 2876 3759 conversantem
2902 3712 2958 3759 et
2981 3704 3130 3773 quasi
3155 3704 3437 3759 scintillam
3470 3704 3756 3774 quamdam

2169 3797 2222 3851 in
2248 3796 2424 3851 medio
2453 3797 2585 3851 mari
2629 3797 2913 3862 lucentem,
2959 3811 3060 3852 nec
3097 3796 3271 3852 solum
3319 3811 3449 3852 nom
3471 3799 3757 3867 exstingui.

2168 3888 2263 3944 sed
2291 3889 2527 3959 quotidie
2567 3889 2738 3945 lucem
2767 3888 3048 3944 clariorem
3075 3890 3339 3945 emittere.
3386 3889 3453 3944 Et
3492 3889 3606 3945 haec
3642 3891 3763 3945 dico

2173 3996 2277 4033 non
2311 3978 2597 4048 prohibens
2626 3995 2898 4036 secessum
2921 3980 2990 4034 ab
3025 3980 3267 4047 urbibus,
3298 3996 3477 4051 neque
3502 3982 3763 4036 interdico

2168 4071 2427 4125 montium
2456 4079 2510 4125 et
2533 4071 2879 4126 solitudinum
2906 4073 3368 4127 conversationem
3387 4088 3405 4139 ;
3423 4072 3513 4127 sed
3539 4073 3759 4128 ostendo

2176 4162 2376 4219 volenti
2406 4161 2584 4217 sobrie
2611 4175 2771 4230 agere
2802 4167 2857 4215 et
2880 4160 3134 4230 vigilare,
3166 4160 3298 4215 nihil
3332 4161 3457 4214 inde
3490 4160 3756 4216 obstaculi

2175 4268 2314 4310 esse.
2350 4252 2503 4307 Sicut
2530 4250 2692 4321 igitur
2720 4249 3007 4321 negligenti
3034 4265 3098 4305 ac
3133 4250 3325 4319 supino
3368 4249 3501 4303 nihil
3538 4248 3757 4317 prodest

2174 4342 2405 4399 solitudo
2429 4360 2440 4396 :
2464 4356 2638 4411 neque
2660 4341 2802 4395 enim
2826 4340 2975 4396 locus
3002 4356 3098 4395 nos
3118 4342 3319 4395 virtute
3333 4339 3462 4394 facit
3480 4340 3756 4410 praeditos,

2181 4436 2275 4493 sed
2306 4449 2457 4488 mens
2487 4442 2542 4488 et
2582 4447 2763 4488 mores
2792 4451 2804 4487 :
2849 4433 2919 4487 ita
2952 4441 3006 4487 et
3028 4434 3263 4502 prudens
3292 4440 3453 4501 atque
3482 4431 3609 4501 vigil
3650 4446 3757 4485 non

2176 4526 2484 4589 oll'cnditur,
2516 4526 2681 4580 etiam
2707 4525 2760 4579 in
2790 4525 2962 4579 media
2992 4525 3208 4579 civitate
3235 4524 3456 4594 degens.
3492 4522 3755 4589 Quocirca

2178 4617 2391 4681 vellem,
2413 4616 2553 4671 sicut
2578 4615 2792 4670 beatum
2814 4614 2983 4679 illum,
3006 4614 3206 4669 virtute
3227 4622 3546 4683 praestantes
3567 4614 3621 4667 in
3646 4628 3760 4666 me-

2179 4709 2285 4763 diis
2312 4709 2621 4764 civitatibus
2646 4722 2798 4772 esse,
2829 4716 2887 4760 ut
2918 4708 3069 4775 quasi
3106 4707 3428 4761 fermentum
3453 4705 3580 4759 facti
3612 4705 3754 4767 aliis,

2175 4799 2373 4856 multos
2415 4802 2481 4854 ad
2522 4799 2603 4854 sui
2655 4798 3013 4853 imitationem
3044 4799 3343 4853 traherent.
3384 4798 3584 4851 Verum
3628 4796 3755 4865 quia

2177 4893 2279 4948 hoc
2303 4892 2514 4947 ditlicile
2562 4893 2772 4947 videtur
2799 4907 2941 4957 esse,
2983 4891 3173 4947 saltem
3217 4891 3344 4946 illud
3375 4890 3604 4945 alterum
3644 4890 3755 4942 liat.

2176 4986 2385 5042 Transit
2424 4988 2558 5040 enim
2603 4986 2775 5055 ﬁgura
2824 4985 3007 5039 mundi
3047 4986 3204 5054 hujus
3234 4984 3285 5045 (I
3320 4984 3445 5038 Cor.
3472 4984 3525 5037 7.
3557 4980 3674 5051 5|),
3704 4990 3755 5034 et

2174 5079 2353 5134 brevis
2394 5087 2479 5132 est
2516 5078 2625 5132 vita
2664 5091 2901 5145 praesens
2937 5091 2951 5130 :
2984 5086 3038 5131 et
3077 5076 3177 5130 nisi
3209 5090 3368 5138 nunc,
3408 5089 3533 5129 cum
3577 5073 3755 5128 adhuc

2174 5173 2225 5226 in
2251 5171 2424 5226 stadio
2438 5186 2646 5235 sumus,
2672 5169 2882 5225 labores
2905 5170 3168 5223 virtutum
3191 5168 3586 5238 aggrediamur,
3601 5175 3657 5221 et
3677 5165 3754 5219 la-

2171 5277 2342 5331 queos
2380 5260 2595 5315 malitize
2619 5260 2958 5330 effugiam-is,
2987 5269 3173 5329 postea
3206 5259 3259 5313 in
3290 5273 3487 5312 vanum
3515 5266 3755 5313 nosmet-

2174 5350 2316 5421 ipsos
2346 5352 2798 5421 reprehendemus
2818 5393 2832 5414 ,
2861 5352 3074 5421 quando
3117 5350 3260 5403 nulla
3284 5350 3392 5404 erit
3415 5349 3751 5420 paenitentiae

2175 5442 2405 5497 utilitas.
2444 5442 2578 5495 Nam
2595 5442 2829 5511 quamliu
2855 5442 2907 5495 in
2933 5440 3180 5511 praesenti
3199 5441 3304 5494 vita
3326 5439 3606 5501 fuerimus,
3625 5454 3752 5507 pos-

2172 5542 2297 5590 sunt
2339 5532 2460 5588 inde
2511 5535 2832 5603 poenitentcs
2882 5531 3090 5587 lucrum
3137 5533 3404 5601 accipere,
3448 5540 3503 5586 et
3550 5530 3749 5584 ablutis

2173 5624 2441 5695 prioribus
2484 5626 2721 5693 peccatis
2760 5622 3185 5679 misericordiam
3233 5623 3441 5678 Domini
3481 5622 3695 5692 assequi
3730 5638 3744 5675 :

2172 5718 2313 5788 quod
2354 5717 2399 5772 si
2438 5716 2859 5787 prmtericrimus
2896 5723 3104 5783 tempus
3134 5730 3392 5786 praesens,
3423 5725 3751 5784 repenteque

2176 5812 2379 5882 abrepti
2403 5809 2698 5866 fuerimus:
2727 5808 3046 5879 ptenitcntia
3071 5808 3286 5882 quidem
3315 5817 3441 5864 tunc
3471 5808 3745 5873 ducemur,
