4084 6356
244 377 355 437 395

249 600 362 646 νυν,
398 584 674 654 ἀγαπητὴ
711 586 788 656 μὴ
810 586 946 656 πρὸς
975 587 1067 640 τὸν
1099 587 1440 660 λαμϐάνοντα
1460 592 1562 664 δρα
1581 594 1760 664 μόνον,
1788 596 1920 666 μηδέ

246 670 387 741 πρὸς
406 670 506 741 τὴν
529 671 775 742 δαπάνην
815 673 915 745 τὴν
943 676 1255 747 γινομένην,
1303 677 1418 731 ἀλλ’
1445 680 1614 736 ἐννόει
1654 682 1738 735 ὅτι
1767 677 1919 746 οὗτος

250 759 351 829 μέν
382 759 532 811 ἐστιν
560 763 588 813 6
612 760 911 831 ὁρώμενος,
933 764 964 815 6
1004 764 1158 834 παρὰ
1186 764 1279 818 σοῦ
1302 766 1611 840 δεχόμενος,
1652 769 1837 841 ἔτερος
1863 770 1921 823 δὲ

245 848 279 899 6
304 848 372 899 τά
392 849 474 910 είς
506 848 711 901 ἐκεῖνον
765 850 1022 921 γινόμενα
1078 853 1468 925 οἰκειούμενος,
1512 858 1607 911 καὶ
1637 858 1736 928 οὐχ
1772 860 1801 911 6
1827 876 1923 912 τυ-

246 934 382 1003 χὼν,
414 933 528 986 ἀλλ’
554 936 585 988 6
607 934 717 989 τῶν
739 936 878 990 ὅλων
903 938 1201 1010 Δεσπότης,
1225 942 1254 994 6
1273 942 1383 995 τῶν
1411 943 1668 997 ἁπάντων
1696 945 1919 1015 Κύριος,

246 1023 279 1073 ὀ
304 1021 533 1091 ούρανοῦ
596 1023 691 1076 καὶ
735 1024 845 1095 γῆς
900 1027 1150 1098 ποιητής⁸
1199 1029 1295 1082 καὶ
1337 1029 1421 1083 ὅτι
1454 1033 1488 1100 ή
1537 1030 1749 1104 δαπάνη
1779 1031 1920 1105 αὕτη

247 1108 511 1179 πρόσοδος
545 1109 772 1177 γίνεται,
813 1112 909 1166 καὶ
939 1113 1001 1167 οὐ
1058 1116 1218 1186 μόνον
1258 1116 1360 1170 οὐκ
1410 1117 1624 1173 ἐλαττοῖ
1681 1137 1777 1174 σου
1821 1120 1922 1193 τὴν

245 1196 459 1260 οὐσίαν,
480 1198 615 1253 ἀλλά
628 1201 724 1254 καὶ
748 1200 1029 1267 πλεονάζει
1051 1204 1273 1274 μᾶλλον,
1302 1206 1399 1261 ἐὰν
1415 1207 1481 1261 σὺ
1525 1207 1664 1279 μετά
1684 1209 1921 1275 πίστεως

245 1282 407 1337 ὀῦτο
433 1285 645 1356 ἐργάζῃ
682 1287 784 1340 καὶ
821 1289 1011 1360 ἱλαρᾶς
1041 1292 1141 1364 τῆς
1193 1292 1519 1364 προθυμίας.
1558 1296 1716 1350 Είπω
1737 1297 1799 1350 τὸ
1825 1314 1918 1351 κε-

246 1369 477 1438 φάλαιον
504 1372 615 1426 τῶν
651 1373 891 1443 ἀγαθῶν·
933 1377 1072 1446 μετά
1101 1378 1199 1447 τῆς
1236 1380 1503 1450 προσόδου
1547 1382 1647 1453 τῆς
1676 1384 1788 1437 ἀπὸ
1821 1384 1919 1455 τῆς

242 1458 494 1529 δαπάνης
512 1458 718 1532 ταύτης
736 1462 1035 1536 γινομένης
1071 1466 1165 1519 καὶ
1195 1466 1608 1538 ἁμαρτημάτων
1639 1472 1921 1544 συγχωρή-

247 1545 387 1610 σεώς
415 1563 497 1600 σοι
550 1548 808 1619 πρόξενος
858 1551 1089 1618 γίνεται,
1122 1548 1183 1607 οὗ
1212 1554 1266 1606 τί
1299 1554 1369 1608 ἂν
1406 1556 1615 1625 γένοιτο
1652 1559 1797 1625 ίσον;
1854 1560 1918 1613 Εἰ

243 1628 430 1683 τοίνυν
469 1630 795 1702 βουλοίμεθα
828 1634 1026 1689 εἰδέναι
1062 1636 1308 1693 πλουτεῖν
1344 1639 1435 1693 τὸν
1472 1641 1646 1714 ἀληθῆ
1668 1642 1917 1708 πλοῦτον,

245 1718 343 1770 καὶ
371 1719 509 1789 μετά
542 1720 639 1773 τοῦ
674 1719 907 1776 πλοότου
933 1724 1028 1777 καί
1057 1724 1166 1778 τῶν
1197 1726 1610 1800 ἁμαρτημάτων
1651 1730 1752 1801 τὴν
1790 1747 1921 1800 συγ-

246 1806 490 1877 χώρησιν
518 1808 800 1881 εὕρασθαι,
836 1810 1112 1882 ἐκχέωμεν
1140 1812 1211 1867 τά
1249 1815 1376 1869 δντα
1405 1819 1486 1880 είς
1527 1817 1629 1881 τὰς
1655 1818 1765 1873 τῶν
1801 1818 1919 1873 δεο-

250 1896 430 1964 μένων
460 1898 677 1968 χεῖρας,
709 1899 1225 1972 προαποστείλωμεν
1255 1903 1397 1958 αὐτά
1432 1907 1513 1969 είς
1554 1906 1645 1959 τὸν
1665 1906 1918 1980 οὐρανὸν,

245 1982 378 2035 ἔνθα
406 1983 531 2037 ούδέ
564 1984 825 2057 κλέπτης,
850 1987 969 2041 οὐδὲ
991 1986 1216 2061 λῃστὴς,
1246 1991 1308 2045 οὐ
1338 1993 1689 2066 τοιχωρύχος,
1711 1997 1811 2051 ούκ
1843 1998 1922 2051 ol-

245 2069 409 2122 κέτου
435 2072 765 2143 κακουργία,
794 2073 895 2128 ούκ
927 2074 1056 2129 ἄλλο
1079 2074 1230 2131 οὐᾶν
1263 2078 1603 2150 λυμήνασθαι
1632 2083 1920 2155 δυνήσεται

249 2159 340 2211 τὸν
363 2160 593 2215 πλοῦτον
618 2163 710 2216 τὸν
731 2165 1019 2236 ήμέτερον.
1052 2166 1126 2220 Τὸ
1149 2167 1258 2238 γάρ
1286 2169 1486 2239 χωρίον
1523 2170 1700 2225 ἐκείνο
1736 2172 1920 2245 πάσης

255 2248 507 2318 τοιαύτης
532 2248 735 2320 βλάϐης
765 2250 1054 2325 ἀνώτερον.
1090 2254 1267 2309 Μόνον
1320 2257 1394 2327 μὴ
1429 2257 1566 2327 μετὰ
1615 2259 1922 2326 κενοδοξίας

244 2334 407 2389 τοῦτο
433 2337 700 2408 ποιῶμεν,
753 2338 888 2394 ἀλλὰ
920 2341 1064 2396 κατά
1103 2343 1231 2407 τοὺς
1255 2343 1347 2396 ὑπ’
1391 2345 1556 2399 αὑτοῦ
1605 2346 1923 2418 δεδομένους

245 2421 468 2492 νόμους.
492 2422 634 2477 ῶστε
665 2426 742 2497 μὴ
765 2426 857 2480 τὸν
893 2428 1044 2499 παρά
1078 2429 1188 2484 τῶν
1207 2430 1510 2503 ἀνθρώπων
1543 2432 1765 2489 ἔπαινον
1793 2453 1924 2509 καρ-

246 2510 559 2577 πώσασθαι,
593 2512 728 2567 ἀλλά
767 2514 859 2567 τὸν
875 2516 1025 2588 παρὰ
1046 2517 1141 2571 τοῦ
1172 2519 1353 2573 κοινοῦ
1381 2520 1599 2575 πάντων
1625 2523 1919 2589 Δεσπότου,

247 2597 336 2650 ἵνα
366 2598 441 2669 μὴ
461 2599 558 2652 καὶ
583 2600 684 2671 τὴν
703 2601 950 2674 δαπάνην
975 2604 1380 2677 ὑπομείνωμεν,
1425 2608 1521 2660 καὶ
1556 2608 1653 2662 τοῦ
1696 2609 1921 2682 κέρδους

253 2687 747 2759 ἀποστερηθῶμεν.
776 2691 989 2761 ’Ὠσπερ
1017 2692 1126 2764 γὰρ
1178 2693 1383 2757 πάσαις
1430 2697 1553 2759 ταῖς
1589 2695 1776 2761 ἄλλαις
1802 2700 1924 2752 ἐπι-

246 2773 468 2839 ϐουλαῖς
498 2775 772 2841 ἀνάλωτός
796 2779 943 2832 ἐστιν
972 2781 1003 2833 6
1034 2779 1266 2857 πλοῦτος
1296 2782 1326 2835 6
1361 2783 1479 2836 ἐκεῖ
1503 2785 1925 2857 μετατιθέμενος

248 2861 337 2915 διὰ
378 2863 477 2934 τῆς
510 2863 620 2919 τῶν
640 2869 887 2937 πενήτων
917 2854 1118 2939 χειρὸς,
1152 2868 1296 2923 οὕτω
1326 2854 1604 2944 κενοδοξία
1654 2854 1791 2945 μόνη
1827 2874 1923 2929 ἀν-

250 2950 553 3005 αλίσκειςιιι⁸
587 2953 683 3008 καὶ
713 2953 852 3025 ὅπερ
883 2954 1034 3009 ἐστὶν
1061 2956 1294 3010 ἐνταῦθα
1327 2959 1356 3011 6
1390 2958 1488 3029 σὴς
1522 2960 1618 3012 καὶ⁹
1643 2960 1673 3011 6
1706 2960 1923 3032 σκώληξ

252 3036 390 3107 πρὸς
427 3038 528 3109 τὴν
556 3039 654 3109 τῆς
681 3040 908 3111 ἐσθῆτος
946 3042 1263 3115 διαφθορὰν,
1296 3043 1454 3098 τοῦτο
1482 3045 1755 3112 κενοδοξία
1777 3048 1922 3117 γίνε-

248 3142 339 3177 ται
361 3125 498 3197 πρὸς
522 3127 613 3181 τὸν
635 3129 743 3182 ἀπὸ
757 3132 856 3201 τῆς
876 3130 1000 3202 ἐλεη
1008 3133 1245 3203 μοσύνης
1266 3132 1653 3205 συλλεγόμενον
1674 3135 1922 3192 πλοῦτον.

248 3215 326 3265 Δι’
359 3214 408 3278 δ,
447 3217 771 3287 παρακαλῶ,
816 3218 891 3289 μὴ
935 3219 1096 3290 μόνον
1130 3219 1373 3292 ποιῶμεν
1412 3222 1509 3291 τὴν
1533 3222 1921 3297 ἐλεημοσύνην,

250 3300 387 3353 ἀλλά
410 3301 506 3355 καὶ
536 3304 675 3373 μετά
716 3305 1016 3375 ἀσφαλείας
1047 3306 1254 3378 ταύτην
1285 3307 1667 3381 ἐργαζώμεθα,
1697 3311 1785 3365 ἵνα
1803 3312 1925 3367 ἀντὶ

254 3388 469 3459 μικρῶν
520 3391 731 3462 μεγάλα
784 3393 1214 3466 καρπωσώμεθα
1261 3395 1462 3464 ἀγαθά,
1512 3397 1609 3452 καὶ
1653 3399 1775 3452 ἀντὶ
1814 3400 1924 3455 τῶν

250 3475 533 3549 ἐπικήρων
568 3478 637 3532 τά
685 3480 959 3552 ἄφθαρτα,
1010 3481 1107 3535 καὶ
1144 3480 1268 3536 ἀντὶ
1329 3482 1438 3536 τῶν
1475 3484 1825 3557 προσκαίρων
1854 3487 1925 3542 τά

250 3566 469 3632 αἰώνια,
500 3566 595 3620 καὶ
622 3569 761 3639 μετὰ
778 3568 985 3624 τούτων
1014 3570 1271 3635 ἁπάντων
1302 3572 1396 3625 καὶ
1419 3575 1518 3644 τῆς
1545 3574 1790 3643 ἀφέσεως
1818 3578 1925 3635 τῶν

251 3654 668 3726 ἁμαρτημάτων
722 3659 907 3727 τυχεῖν
934 3658 1274 3730 δυνηθῶμεν,
1324 3659 1554 3714 καὶτῶν
1597 3662 1926 3736 ἀπορρήτων

250 3740 744 3811 ἐκείνωνάγαθῶνο
769 3738 844 3799 ὧν
876 3744 1085 3814 γένοιτο
1104 3747 1311 3809 πάντας
1332 3749 1481 3818 ἡμᾶς
1512 3750 1807 3821 ἐπιτυχεῖν,
1838 3754 1928 3824 χά-

253 3845 364 3898 ριτι
393 3829 485 3882 καὶ
504 3829 885 3903 φιλανθρωπίᾳ
905 3832 1000 3886 τοῦ
1031 3833 1239 3903 Κυρίου
1267 3835 1423 3906 ήμῶν
1456 3837 1633 3907 Ἰησοῦ
1664 3841 1923 3911 Χριστοῦ,

256 3915 377 3983 μεθ’
406 3911 467 3971 οὗ
516 3918 595 3989 τῷ
640 3919 818 3992 Πατρὶ
871 3922 903 3992 ή
954 3920 1080 3989 δόξα
1109 3923 1229 3993 ἅμα
1271 3923 1349 3995 τῷ
1395 3924 1534 3997 ἀγίῳ
1560 3927 1655 3979 καὶ
1679 3928 1926 4002 ζωοποιῷ

255 4003 553 4073 Πνεύματι,
584 4005 680 4059 νῦν
696 4007 788 4060 καὶ
806 4006 913 4073 ἀεὶ,
941 4009 1036 4062 καὶ
1066 4010 1147 4073 είς
1184 4011 1309 4075 τοὺς
1339 4011 1541 4075 αἰῶνας
1562 4013 1669 4066 τῶν
1694 4013 1924 4072 αἰώνων.

263 4091 323 4142 Ἀ
332 4093 458 4163 μήν.

891 4167 1136 4220 ΟΜΙΛΙΑ
1163 4168 1297 4223 Ml".

252 4242 474 4303 Ἦλθον
491 4249 560 4303 δὲ
578 4293 592 4318 ,
615 4250 803 4322 φησιν,
823 4253 879 4306 οί
898 4252 1007 4308 δύο
1024 4253 1264 4325 ἄγγελοι
1282 4258 1371 4324 είς
1389 4258 1624 4330 Σόδομα
1639 4259 1924 4330 ἑσπέρας.

322 4358 391 4404 α’.
436 4351 703 4425 Καθάπερ
723 4353 928 4425 λειμών
954 4372 1040 4419 τις
1066 4356 1299 4430 εὐανθὴς
1324 4359 1556 4432 διάφορα
1588 4362 1681 4416 καὶ
1708 4364 1926 4418 ποικίλα

251 4438 320 4491 τά
349 4438 484 4511 ἄνθη
518 4440 576 4494 ἐν
602 4439 781 4511 ἐαυτῷ
812 4441 1105 4507 δείκνυσιν,
1137 4444 1311 4509 οὕτως
1338 4448 1373 4518 ή
1418 4446 1540 4504 θεία
1592 4450 1781 4523 Γραφὴ
1817 4453 1924 4505 τῶν

250 4524 474 4580 δικαίων
500 4526 602 4591 τὰς
622 4527 824 4598 ἀρετάς
851 4530 987 4601 ἡμῖν
1013 4529 1303 4599 δείκνυσιν,
1320 4533 1416 4604 οὐχ
1438 4534 1525 4587 ’ίνα
1552 4536 1805 4609 καθάπερ
1832 4538 1924 4592 ἐπὶ

251 4613 358 4665 τῶν
375 4613 554 4667 ἀνθῶν
572 4614 712 4687 πρὸς
742 4615 916 4688 βραχὺ
950 4617 1110 4689 μόνον
1138 4619 1535 4693 ἀπολαύσωμεν
1561 4624 1655 4695 τῆς
1672 4625 1921 4693 εὐωδίας,

198 4716 201 4719 ·
252 4700 366 4752 ἀλλ’
401 4702 491 4755 ἵνα
515 4702 741 4775 διηνεκῆ
774 4706 874 4777 τὴν
898 4706 1150 4762 ἐντεῦθεν
1182 4708 1450 4778 ὠφέλειαν
1475 4710 1920 4785 καρπωσώμεθα.

262 4789 413 4842 Ἐκεῖ
436 4789 536 4859 μὲν
567 4789 679 4863 γάρ
712 4791 872 4862 μόνον
895 4792 1195 4867 ἐδεξάμεθα
1224 4799 1291 4870 τῇ
1323 4798 1466 4869 χειρὶ
1495 4798 1649 4873 [455]
1667 4800 1735 4854 τά
1763 4800 1921 4872 ἄνθη,

250 4876 346 4929 καὶ
366 4879 482 4948 μετ’
501 4877 681 4948 ὀλίγον
703 4880 845 4936 αὑτά
866 4883 1210 4954 μαρανθέντα
1229 4886 1328 4958 τὴν
1345 4886 1550 4941 οἰκείαν
1565 4888 1724 4960 χάριν
1745 4889 1925 4960 ήμαύ-

253 4982 448 5037 ρωσεν·
476 4966 711 5022 ἐνταῦθα
731 4968 789 5022 δὲ
816 4970 915 5041 οὐχ
935 4969 1129 5037 οὕτως’
1148 4972 1263 5026 ἀλλ’
1289 4973 1507 5028 ἐπειδὰν
1532 4974 1811 5047 δεξώμεθα
1835 4977 1925 5031 διά

250 5053 351 5123 τῆς
374 5053 540 5125 ἀκοῆς
560 5054 658 5119 τάς
687 5055 888 5128 ἀρετὰς
916 5057 1025 5112 τῶν
1040 5058 1284 5124 δικαίων,
1306 5062 1400 5115 καὶ
1426 5062 1507 5125 εἰς
1538 5062 1664 5127 τοὺς
1691 5063 1925 5129 κόλπους

248 5142 351 5211 τῆς
386 5140 618 5206 διανοίας
639 5143 797 5215 ἡμῶν
820 5145 989 5209 αὐτὰς
1020 5147 1433 5219 ἐναποθώμεθα,
1468 5149 1556 5203 διὰ
1589 5150 1790 5216 παντὸς
1826 5151 1921 5205 τοῦ

251 5228 445 5298 χρόνου
500 5229 601 5301 τῆς
630 5231 834 5287 τούτων
868 5233 1097 5299 εὐωδίας
1142 5235 1434 5291 ἀπολαύειν
1479 5237 1776 5309 δυνάμεθα,
1828 5239 1923 5294 ἐάν

250 5315 548 5387 ἐθέλωμεν.
568 5318 704 5390 Φέρε
719 5315 833 5385 οῦν,
860 5322 1046 5392 ἐπειδὴ
1074 5322 1296 5395 τοιαύτη
1317 5325 1427 5379 τῶν
1457 5325 1515 5381 ἐν
1538 5329 1605 5398 τῇ
1633 5326 1753 5399 θείᾳ
1784 5328 1924 5400 Γρα-

253 5406 329 5474 φῇ
381 5406 652 5476 κειμένων
698 5409 870 5477 ἀγίων
904 5412 939 5482 ή
994 5411 1211 5478 εὐωδία,
1259 5413 1501 5485 σήμερον
1542 5414 1636 5468 τοῦ
1676 5414 1803 5469 Λὼτ
1824 5418 1925 5488 τὴν

252 5492 480 5547 εὐωδίαν
523 5496 953 5568 καταμάθωμεν,
993 5498 1080 5553 ἵνα
1125 5499 1344 5572 γνῶμεν
1372 5500 1638 5573 ἀκριϐῶς,
1662 5504 1811 5568 ὅπως
1844 5507 1926 5569 εἰς

251 5577 430 5650 ἄκραν
456 5580 559 5651 τῆς
584 5583 786 5656 ἀρετῆς
806 5585 905 5654 τὴν
925 5586 1167 5659 κορυφὴν
1193 5588 1228 5658 ή
1257 5586 1352 5640 τοῦ
1380 5589 1715 5661 πατριάρχου
1737 5608 1925 5645 συνου-

254 5666 347 5721 σία
364 5666 456 5721 τδν
482 5668 692 5725 δίκαιον
738 5672 927 5727 τοῦτον
956 5675 1222 5747 ἀνήγαγε,
1271 5676 1367 5730 καὶ
1408 5678 1530 5730 κατ’
1564 5678 1711 5748 ίχνος
1758 5678 1924 5733 αὑτοῦ
1960 5722 1987 5734 η-

248 5754 348 5808 καὶ
372 5755 534 5819 αὐτὸς
565 5757 665 5829 τὴν
686 5759 895 5816 οἰκείαν
922 5762 1225 5832 φιλοξενίαν
1254 5764 1347 5820 διά
1379 5765 1489 5818 τῶν
1520 5763 1696 5837 ἔργων
1724 5764 1925 5820 ἐπιδεί-

252 5858 463 5898 κνυται.
525 5845 665 5900 Ἀλλ’
696 5848 800 5905 ,ἵνα
861 5850 1193 5925 σαφέστερος
1242 5853 1375 5925 ἡμῖν
1414 5851 1619 5922 όλόγος
1674 5852 1919 5925 γένηται,

247 5926 403 5995 ἀξιον
453 5935 635 5989 αὐτῶν
677 5937 776 6009 τῆς
828 5938 1053 6011 Γραφῆς
1117 5940 1419 5996 ἐπακοῦσαι
1474 5942 1584 5995 τῶν
1640 5942 1919 6014 ῥημάτων.

224 6014 485 6095 ,Ἦλθον
516 6021 604 6093 δὲ,
635 6026 819 6098 φησὶν,
854 6028 910 6081 οι
947 6027 1057 6083 δύο
1104 6028 1345 6100 ἄγγελοι
1366 6032 1454 6098 εἰς
1481 6029 1715 6100 Σόδομα
1741 6030 1919 6086 ἐσπέ-

275 389 354 449 τ⁹5
1371 389 1439 445 IN
1472 391 1630 448 CAP.
1662 390 1781 448 XIX
1820 390 2064 448 GENES.
2110 392 2349 451 IIOMIL.
2390 391 2577 452 XLIII.

245 496 377 563 ζων,
395 497 559 562 ~.610);
587 500 666 562 εἰς
687 499 788 570 τὴν
816 500 922 571 γῆν
936 500 1129 572 ἀφίησι
1154 502 1227 558 τά
1257 504 1570 579 σπέρματα.
1603 506 1708 563 Καὶ
1730 509 1793 563 σὺ
1815 509 1919 562 τοί-
2014 525 2149 577 ρας.
2188 508 2347 574 Τίνος
2361 510 2547 564 ἐνεκεν
2571 510 2744 576 οὕτως
2773 511 2996 584 ῆρξατο,
3026 506 3253 568 Ἦλθον
3273 513 3342 567 δὲ
3366 517 3421 568 οί
3443 515 3552 571 δύο
3575 519 3668 587 ἁγ-

3577 401 3683 455 δ’ὶϋ

2017 596 2181 662 τελοι
2208 594 2294 659 είς
2323 592 2557 664 Σόδομα
2589 594 2885 663 ἐσπέρας;
2919 597 3136 669 Ἐπειδὴ
3168 597 3305 667 μετά
3330 599 3393 652 τὸ
3428 599 3678 665 ἐπιξενω-

2020 674 2286 745 θῆναιτῷ
2320 676 2653 748 πατριάρχῃ,
2708 678 3115 743 ἐξαναστάντων
3165 681 3346 734 αὐτῶν
3384 682 3610 744 ἐκεῖθεν,
3654 684 3685 736 6

2022 756 2121 826 μὲν
2144 756 2398 829 κηδεμὼν
2421 758 2514 811 καὶ
2546 760 2926 831 φιλάνθρωπος
2957 762 3091 826 Θεὸς
3116 763 3219 834 τὴν
3248 764 3453 817 οἰκείαν
3484 765 3682 833 ἀγαθό-

2016 856 2155 909 τητα
2205 840 2558 911 μιμούμενος,
2602 844 2698 898 καὶ
2736 846 2973 916 σχήματι
3017 845 3305 918 ἀνθρώπου
3337 847 3458 914 τότε
3495 848 3684 917 όφθείς

2019 922 2296 992 παρέμενε
2339 922 2417 993 τῷ
2462 924 2774 997 πατριάρχη
2804 927 3202 999 διαλεγόμενος,
3255 929 3506 1001 καθάπερ
3556 931 3683 1001 χθὲς

2018 1004 2306 1073 ἠκούσατε·
2359 1005 2678 1077 βουλόμενος
2733 1008 2979 1073 ἅπαντας
3026 1012 3174 1081 ἡμᾶς
3222 1010 3429 1076 διδάξαι
3465 1011 3682 1079 καὶτῆς

2018 1087 2213 1142 ἐαυτοῦ
2256 1090 2639 1161 μακροθυμίας
2681 1092 2781 1164 τήν
2810 1094 3135 1167 ὑπερϐολήν,
3169 1096 3264 1149 καὶ
3299 1095 3392 1149 τοῦ
3416 1095 3682 1167 πατριάρ-

2020 1189 2116 1241 χου
2144 1171 2205 1224 τὸ
2236 1170 2608 1241 φιλόστοργον,
2642 1175 2692 1228 οἰ
2725 1175 2782 1227 δὲ
2815 1176 3037 1245 ἄγγελοι
3069 1175 3336 1249 ὥρμησαν
3364 1178 3457 1232 ἐπὶ
3482 1177 3551 1231 τὰ
3586 1176 3683 1229 Σόο

2015 1253 2175 1325 δομαο
2210 1256 2323 1328 τήν]
2347 1258 2666 1312 ἀκολουθίαν
2691 1258 2891 1330 ἐαυτῆς
2936 1258 3265 1329 διατηροῦσα
3309 1260 3442 1331 ἡμῖν
3469 1260 3503 1330 ή
3562 1257 3684 1312 θεία

2016 1337 2207 1409 Γραφὴ
2238 1339 2334 1394 νῦν
2363 1359 2549 1414 φησιν·
2574 1339 2808 1397 ἾΙλθον
2856 1341 2925 1395 δὲ
2956 1344 3009 1395 οὶ
3051 1341 3159 1396 δύο
3193 1342 3432 1412 ἄγγελοι
3459 1343 3546 1407 εἰς
3580 1341 3687 1395 Σό-

2016 1420 2169 1491 δομα
2214 1422 2496 1492 ἑσπέρας,
2546 1425 2608 1478 16
2653 1425 2942 1496 ἐπιταχθὲν
2984 1423 3383 1497 πληρώσοντες.
3426 1423 3538 1477 Καὶ
3581 1423 3684 1494 ὅρα

2016 1504 2302 1576 ἀκρίϐειαν
2324 1507 2419 1560 καὶ
2450 1510 2836 1581 παρατήρησιν
2865 1510 2965 1580 τῆς
2997 1508 3148 1573 θείας
3173 1510 3416 1581 Γραφῆς,
3446 1506 3565 1570 πῶς
3592 1508 3686 1559 καὶ

2014 1585 2107 1639 τὸν
2134 1587 2324 1658 καιρὸν
2355 1590 2387 1659 ή
2398 1591 2489 1660 μίν
2528 1592 2787 1661 ἐσήμανε,
2818 1590 2940 1646 καθ’
2972 1592 3032 1646 ὃν
3062 1591 3445 1663 παρεγένοντο’
3472 1586 3686 1642 Ἐσπέο

2008 1685 2124 1737 ρας
2173 1671 2282 1742 γάρ
2311 1688 2461 1742 φησι.
2498 1672 2602 1727 Καὶ
2651 1673 2794 1739 τίνος
2841 1675 3026 1729 ἕνεκεν
3074 1676 3165 1729 τὸν
3193 1676 3384 1747 καιρὸν
3412 1674 3681 1746 ἐδήλωσε;

2016 1753 2111 1805 καὶ
2130 1752 2216 1807 διά
2231 1754 2283 1807 τί
2303 1754 2444 1809 κατά
2471 1756 2568 1828 τὴν
2590 1757 2829 1829 ἑσπέραν
2851 1758 3241 1829 παρεγένοντο;
3271 1760 3390 1812 Ἵνα
3422 1757 3520 1829 τὴν
3550 1755 3683 1810 πολ-

2014 1832 2112 1907 λὴν
2140 1839 2173 1906 ἠ
2182 1838 2275 1906 μίν
2312 1836 2563 1892 ἐπίτασιν
2581 1839 2732 1914 δείξῃ
2752 1841 2852 1911 τῆς
2881 1840 2976 1894 τοῦ
3004 1840 3131 1894 Λὼτ
3153 1840 3476 1911 φιλοξενίας.
3495 1838 3684 1892 Καθά⁴

2015 1932 2119 1989 περ
2145 1918 2302 1995 γάρλό
2334 1920 2678 1993 πατριάρχης
2702 1922 2844 1977 κατά
2878 1923 2969 1977 τὸν
2996 1922 3098 1993 τῆς
3124 1921 3469 1995 μεσημϐρίας
3490 1921 3683 1993 καιρὸν

2014 1992 2326 2073 καθήμενος
2370 2003 2627 2077 ἐπετήρει
2652 2007 2778 2071 τοὺς
2800 1992 3426 2080 παριόνταςξκαὶέργον
3450 1992 3684 2060 ἐποιεῖτο

2015 2086 2114 2155 τὴν
2141 2085 2347 2139 τούτων
2370 2086 2562 2158 θήραν,
2604 2090 2699 2142 καὶ
2727 2091 2989 2162 ἐπέτρεχε
3034 2092 3129 2146 καὶ
3164 2091 3305 2163 μετὰ
3330 2089 3684 2162 περιχαρείας

2012 2171 2141 2247 τοὺς
2162 2170 2342 2234 ὁδί-τας
2364 2172 2677 2242 ὑπεδέχετοο
2703 2172 2794 2227 τὸν
2816 2175 2978 2228 αὑτὸν
2994 2175 3058 2247 δὴ
3082 2175 3283 2245 τρόπον
3301 2175 3392 2228 καί
3414 2176 3444 2228 6
3479 2173 3685 2237 δίκαιος

2015 2244 2191 2318 οὗτος,
2218 2254 2405 2325 ἐπειδὴ
2439 2254 2555 2326 ¹ᾔδει
2579 2256 2675 2326 τῆς
2715 2257 2913 2321 κακίας
2967 2244 3074 2311 τῶν
3108 2244 3167 2310 ἐν
3191 2257 3445 2329 Σοδόμοις
3470 2253 3686 2309 οἰκούν-

2014 2353 2123 2390 των
2150 2336 2248 2408 τὴν
2274 2339 2558 2409 πονηρίαν,
2584 2340 2706 2393 ούδέ
2750 2341 2843 2395 τὸν
2891 2341 2992 2412 τῆς
3022 2341 3260 2416 ἑσπέρας
3297 2340 3487 2411 καιρὸν
3531 2356 3683 2409 παρ⁴

2016 2421 2315 2492 επέμπετο,
2336 2422 2470 2477 ἀλλά
2493 2424 2653 2495 μέχρι
2666 2424 2857 2478 τούτου
2876 2424 3173 2496 παρέμενε,
3199 2424 3380 2495 μήπου
3410 2422 3683 2495 θησαυρός

2014 2521 2101 2567 τις
2134 2505 2284 2575 αὐτῷ
2312 2507 2665 2580 παρεμπέσῃ,
2699 2509 2793 2561 καὶ
2819 2509 2910 2561 τὸν
2949 2508 3056 2561 ἀπὸ
3074 2508 3173 2579 τῆς
3201 2505 3502 2576 φιλοξενίας
3546 2520 3684 2577 καρ-

2017 2587 2118 2641 πὸν
2141 2588 2441 2658 δρέψασθαι
2497 2590 2719 2662 δυνηθῇ.
2780 2590 3020 2660 ’Δληθῶς
3063 2589 3338 2661 θαυμάσαι
3374 2588 3491 2642 ἐστι
3543 2587 3683 2659 μετά

2014 2669 2222 2742 πολλῆς
2252 2672 2352 2743 τῆς
2388 2672 2693 2743 ὑπερϐολῆς
2738 2673 2833 2726 τοῦ
2880 2674 3090 2728 δικαίου
3111 2672 3301 2727 τούτου
3334 2671 3435 2743 τὴν
3461 2671 3683 2742 ἀρετὴν,

2016 2748 2100 2806 ὅτι
2122 2754 2179 2805 ἐν
2211 2752 2361 2824 μέσῳ
2396 2754 2650 2808 τοιούτων
2695 2755 3029 2826 παρανόμων
3068 2754 3569 2826 ἀναστρεφόμενος,
3620 2753 3684 2807 οὐ

2020 2835 2181 2905 μόνον
2212 2837 2274 2889 ού
2312 2837 2500 2906 γέγονε
2534 2837 2925 2911 ρᾳθυμότερος,
2963 2837 3099 2891 άλλά
3122 2838 3216 2890 καὶ
3249 2834 3429 2906 πολλῷ
3462 2835 3686 2890 πλείονα

2016 2919 2119 2989 τὴν
2164 2918 2365 2991 ἀρετὴν
2393 2920 2755 2974 ἐπεδείκνυτο.
2800 2922 2909 2974 Καὶ
2936 2922 3171 2988 πάντων,
3207 2920 3283 2984 ὡς
3319 2921 3515 2985 εἰπεῖν,
3541 2919 3686 2972 κατά

2020 3003 2280 3074 κρημνῶν
2325 3004 2662 3075 φερομένων,
2701 2999 2854 3066 οὗτος
2905 3004 3064 3075 μόνος
3111 3006 3169 3058 ἐν
3210 3002 3451 3074 τοσούτῳ
3493 2999 3691 3073 πλήθει

2018 3086 2119 3156 τὴν
2145 3086 2357 3140 εὐθεῖαν
2377 3087 2581 3141 ὥδευεν
2620 3088 2759 3144 ὁδόν.
2801 3087 2912 3143 Ποῦ
2944 3087 3039 3141 νῦν
3066 3088 3208 3141 εἰσιν
3237 3088 3287 3140 οἰ
3308 3085 3579 3155 λέγοντες,
3607 3086 3691 3139 ὅτι

2019 3170 2119 3240 οὐχ
2138 3164 2249 3224 οἷόν
2281 3188 2338 3223 τε
2366 3172 2423 3224 ἐν
2461 3171 2599 3243 μέσῃ
2655 3171 2807 3225 πόλει
2852 3170 3219 3241 στρεφόμενόν
3257 3184 3381 3222 τινα
3427 3167 3690 3221 διασῶσαι

2018 3252 2118 3323 τὴν
2147 3253 2367 3326 ἀρετὴν,
2398 3253 2514 3308 ἀλλ’
2532 3254 2929 3325 ἀναχωρήσεως
2955 3252 3056 3317 δεῖ,
3087 3253 3182 3305 καὶ
3207 3252 3306 3322 τῆς
3332 3251 3521 3313 ἐντοῖς
3539 3249 3692 3320 δρεσι

2021 3334 2324 3408 διατριϐῆς,
2357 3337 2452 3392 καί
2486 3338 2547 3391 ού
2602 3336 2828 3390 δυνατὸν
2878 3336 2972 3390 τὸν
3000 3335 3178 3398 οἰκίας
3205 3331 3547 3406 προεστῶτα,
3596 3331 3692 3385 καὶ

2021 3421 2260 3486 γυναῖκα
2293 3418 2504 3491 ἔχοντα,
2534 3420 2630 3473 καὶ
2646 3419 2849 3472 παίδων
2881 3415 3307 3489 ἐπιμελούμενον
3324 3415 3418 3468 καὶ
3443 3415 3690 3479 οἰκετῶν,

2024 3503 2279 3573 ἐνάρετον
2318 3499 2490 3568 εἶναι;
2541 3502 2858 3575 Ὀράτωσαν
2891 3502 3069 3555 τοίνυν
3123 3500 3216 3554 τὸν
3263 3500 3469 3554 δίκαιον
3502 3499 3692 3553 τοῦτον

2028 3586 2166 3655 μετά
2195 3587 2451 3655 γυναικὸς
2482 3586 2577 3638 καὶ
2605 3585 2832 3640 παιδίων
2870 3586 2965 3639 καὶ
3005 3584 3254 3646 οἰκετῶν,
3299 3583 3394 3637 καὶ
3437 3586 3495 3636 ἐν
3540 3582 3693 3636 πόλει

2023 3668 2299 3737 διάγοντα,
2341 3670 2434 3723 καὶ⁹
2494 3669 2694 3739 μεταξὺ
2727 3668 2996 3723 τοσούτων
3035 3668 3288 3740 πονηρῶν
3317 3667 3411 3721 καὶ
3450 3667 3692 3739 παρανό-

2026 3767 2145 3821 μων
2170 3752 2535 3823 διατρίϐοντα,
2579 3753 2672 3804 καὶ
2704 3750 2957 3821 καθάπερ
2997 3750 3273 3820 σπινθῆρά
3303 3765 3427 3801 τινα
3452 3750 3509 3801 ἐν
3539 3747 3691 3819 μέσῳ

2024 3834 2251 3903 πελάγει
2280 3834 2781 3905 διαλάμποντα,καὶ
2799 3836 2860 3887 οὐ
2892 3834 3050 3905 μόνον
3069 3834 3129 3887 οὐ
3155 3834 3531 3905 σϐεννύμενον,
3555 3834 3692 3888 ἀλλά

2026 3919 2121 3973 κοιλ⁸
2149 3918 2526 3990 λαμπρότερον
2552 3918 2613 3971 τὸ
2644 3918 2759 3987 φῶς
2800 3917 3134 3973 δεικνύοντα.
3157 3919 3269 3973 Καὶ
3302 3920 3475 3973 ταῦτα
3525 3918 3689 3988 λέγω,

2023 4004 2085 4056 ού
2116 4001 2340 4056 κωλύων
2368 4002 2469 4073 τὴν
2497 4001 2845 4073 ἀναχώρησιν
2870 4004 2969 4073 τὴν
3002 4001 3152 4075 [456]
3181 4005 3291 4059 ἀπὸ
3320 4004 3429 4057 τῶν
3460 4002 3689 4066 πόλεων,

2025 4087 2122 4140 καὶ
2142 4086 2242 4156 τὴν
2279 4086 2339 4139 ἐν
2358 4088 2472 4148 τοῖς
2506 4084 2657 4156 ὄρεσι
2686 4086 2780 4139 καὶ
2807 4087 2927 4150 ταῖς
2962 4086 3216 4159 ἐρημίαις
3246 4086 3526 4159 διατριϐὴν
3544 4087 3690 4141 ἀπα-

2024 4168 2287 4239 γορεύων,
2318 4167 2457 4221 ἀλλά
2501 4167 2714 4232 δεικνὺς
2760 4169 2845 4222 ὅτι
2902 4170 2977 4240 τῷ
3031 4168 3335 4241 βουλομένῳ
3375 4170 3567 4239 νήφειν
3595 4168 3691 4221 καὶ

2021 4251 2384 4323 ἐγρηγορέναι
2410 4250 2565 4305 οὐδὲν
2588 4250 2795 4304 τούτων
2820 4250 3051 4323 κώλυμα
3084 4252 3313 4321 γίνεται.
3338 4253 3549 4323 ’Ὥσπερ
3564 4246 3690 4305 οὖν’

2021 4336 2115 4389 τὸν
2141 4336 2383 4407 ῥᾴθυμον
2408 4336 2503 4388 καὶ
2521 4336 2953 4389 ἀναπεπτωκότα
2967 4335 3088 4389 οὐδὲ
3119 4336 3153 4406 ή
3173 4333 3379 4406 ἔρημος
3408 4332 3690 4405 ὠφελῆσαί

2020 4436 2074 4472 τι
2100 4419 2341 4472 δύναταιο
2360 4418 2481 4472 οὐδὲ
2504 4417 2612 4489 γὰρ
2633 4418 2662 4470 6
2692 4418 2855 4482 τόπος
2893 4417 3041 4472 ἐστὶν
3067 4420 3096 4471 6
3132 4417 3229 4489 τὴν
3259 4418 3461 4489 ἀρετὴν
3489 4432 3690 4487 κατορ-

2025 4501 2156 4569 θῶν,
2178 4501 2292 4555 ἀλλ’
2320 4499 2563 4573 ήγνώμη
2590 4500 2685 4555 καὶ
2725 4500 2754 4552 6
2779 4501 3002 4571 τρόπος⁶
3035 4499 3178 4554 οὕτω
3209 4499 3299 4553 τὸν
3316 4501 3555 4571 νήφοντα
3596 4499 3690 4553 καὶ

2023 4584 2445 4655 διεγηγερμένον
2478 4582 2604 4636 οὔτε
2666 4584 2727 4637 τὸ
2785 4584 2845 4636 ἐν
2898 4585 3042 4658 μέσῃ
3084 4588 3150 4655 τῇ
3181 4585 3335 4638 πόλει
3393 4583 3690 4656 διατρίϐειν

2021 4670 2364 4740 καταϐλάψαι
2380 4686 2429 4721 τι
2444 4667 2750 4738 δυνήσεται.
2777 4666 2881 4722 Καὶ
2901 4668 2990 4723 διὰ
3002 4668 3159 4723 τοῦτο
3178 4668 3498 4741 ἐϐουλόμην,
3520 4667 3690 4722 καθά-

2025 4770 2133 4825 περ
2180 4752 2274 4806 τδν
2330 4751 2599 4822 μακάριον
2634 4749 2843 4816 τοῦτον,
2872 4752 3001 4815 τοὺς
3025 4751 3317 4823 ἐναρέτους
3360 4750 3596 4823 μάλιστα
3627 4752 3687 4805 ἐν

2027 4838 2182 4910 μέσῳ
2227 4833 2336 4888 τῶν
2365 4832 2573 4888 πόλεων
2595 4834 2759 4900 εἶναι,
2789 4834 2877 4888 ἵνα
2905 4833 3158 4906 καθάπερ
3191 4835 3337 4906 ζύμη
3359 4837 3474 4898 τοῖς
3510 4832 3690 4894 ἄλλοις

2023 4920 2317 4990 γινόμενοι,
2350 4915 2578 4979 πολλοὺς
2603 4917 2684 4979 είς
2713 4916 2806 4969 τὸν
2823 4918 3024 4970 οἰκεῖον
3054 4913 3214 4987 ζῆλον
3231 4915 3518 4985 ἐνάγωσιν.
3546 4913 3689 4967 Ἀλλ’

2023 5003 2211 5073 ἐπειδὴ
2251 5000 2511 5071 δυσχερὲς
2542 4998 2702 5053 τοῦτο
2728 4999 3123 5069 καταφαίνεται
3161 4994 3320 5064 εἶναι,
3369 4997 3473 5050 κᾶν
3510 4996 3689 5050 ἐκεῖνο

2025 5084 2275 5154 γινέσθω.
2303 5082 2559 5152 Παράγει
2587 5079 2699 5152 γὰρ
2732 5080 2952 5135 λοιπὸν
2979 5079 3048 5135 τὸ
3073 5078 3281 5149 σχῆμα
3317 5077 3425 5134 τοῦ
3453 5078 3689 5147 κόσμου

2020 5169 2256 5233 τούτου,
2292 5166 2385 5220 καὶ
2410 5164 2615 5237 βραχὺς
2632 5167 2662 5218 6
2687 5162 2877 5236 παρὼν
2903 5161 3035 5234 βίος·
3064 5162 3157 5216 καὶ
3181 5164 3228 5215 εἰ
3262 5161 3338 5233 μὴ
3362 5158 3478 5226 νῦν,
3509 5158 3585 5222 ὡς
3607 5157 3690 5211 ἐτι

2022 5252 2081 5305 ἐν
2110 5250 2189 5320 τῷ
2242 5250 2525 5319 σκάμματι
2579 5247 2908 5319 ἑστήκαμεν,
2954 5244 3063 5299 τῶν
3112 5244 3288 5297 πόνων
3336 5241 3438 5313 τῆς
3482 5240 3689 5313 ἀρετῆς

2027 5334 2316 5407 ἁψώμεθα,
2335 5333 2430 5386 καὶ
2450 5332 2517 5385 τά
2539 5331 2730 5385 δίκτυα
2769 5332 2871 5402 τῆς
2900 5330 3096 5392 κακίας
3127 5325 3497 5398 διαφύγωμεν,
3527 5324 3687 5379 60-1:-

2025 5438 2118 5492 ρον
2152 5418 2327 5490 μάτην
2371 5416 2593 5479 ἑαυτοὺς
2645 5414 3021 5484 αἰτιασόμεθα,
3051 5414 3139 5492 ὅτε
3163 5410 3317 5465 οὐδὲν
3361 5408 3552 5480 ὄφελος
3587 5409 3688 5479 τῆς

2027 5489 2443 5580 μεταγνώσεως.
2484 5499 2630 5562 Ἕως
2679 5498 2777 5568 μὲν
2820 5498 2928 5580 γὰρ
2967 5496 3033 5550 ἂν
3069 5489 3217 5580 ῶμεν
3249 5495 3308 5580 ἐν
3334 5495 3400 5580 τῇ
3438 5491 3690 5580 παρούσῃ

2024 5576 2161 5657 ζωῇ,
2195 5583 2418 5638 δυνατὸν
2451 5582 2815 5653 μεταγνόντας
2838 5578 2933 5668 τοῦ
2960 5578 3211 5668 ἐντεῦθεν
3237 5576 3538 5668 ἀπόνασθαι
3564 5576 3690 5668 κέρ-

2024 5670 2168 5733 δους,
2194 5667 2286 5722 καὶ
2329 5666 2400 5721 τὰ
2433 5665 2672 5738 πρότερα
2705 5661 3143 5734 ἀπονιψαμένους
3186 5662 3559 5733 ἁμαρτήματα
3586 5661 3691 5727 τῆς

2025 5750 2119 5805 τοῦ
2148 5749 2418 5804 Δεσπότου
2445 5746 2850 5819 φιλανθρωπίας
2864 5744 3179 5817 ἀξιωθῆναι·
3196 5747 3245 5799 εἰ
3273 5744 3331 5798 δὲ
3362 5744 3454 5798 τὸν
3487 5744 3689 5814 παρόν-

2030 5853 2100 5898 τα
2120 5835 2310 5907 καιρὸν
2335 5824 2648 5905 προϊέμενοι
2675 5830 2868 5903 ἀθρόον
2889 5828 3494 5903 πῳαναρπασθείημεν,
3521 5842 3691 5900 μετα·

2097 6040 2123 6068 ⁸
2151 6038 2366 6088 Sawll.et
2388 6037 2604 6099 quinque
2632 6048 2746 6085 mss.
2773 6035 2932 6100 ὥσπερ
2951 6051 3055 6099 γαρ.
