4084 6356
438 379 548 437 897

437 496 700 565 νοήσομεν
739 493 838 562 μὲν
889 492 982 547 καὶ
1013 493 1152 557 τότε,
1196 494 1454 565 οὐδεμίαν
1494 494 1551 548 δὲ
1587 494 1772 564 ὄνησιν
1805 494 1869 545 ἐκ
1901 491 2091 545 τούτου

436 580 650 651 ἕξομεν.
684 582 792 633 Καὶ
825 582 909 633 ἵνα
940 582 1135 653 μάθῃς,
1175 582 1334 635 ἄκουε
1365 582 1460 634 τοῦ
1502 581 1784 652 Προφήτω
1824 581 2094 648 λέγοντος,

450 669 554 722 Ἐν
584 669 651 720 δὲ
676 667 755 733 τῷ
781 669 896 735 ᾅδῃ
944 669 1036 733 τίς
1064 668 1572 738 ἐξομολογήσεταί
1608 684 1741 733 σοις
1787 669 1880 721 καὶ
1910 668 2095 729 πάλιν,

450 758 728 825 Ἀδελφός
765 760 836 810 οὐ
855 757 1195 824 λυτροῦται,
1234 756 1601 826 λυτρώσεται
1622 758 1964 824 ἇνθρωπος;
1991 757 2098 809 Οὐ-

435 844 566 908 δείς,
598 846 778 914 φησὶν,
821 845 971 897 ἐσται
1018 845 1135 897 ἐκεῖ
1174 845 1359 898 λοιπὸν
1409 847 1439 898 ὀ
1474 844 1857 915 ἐξαιρούμενος
1879 843 1967 896 τὸν
1994 843 2098 896 ὑπὸ

435 933 533 1001 τῆς
555 933 760 994 οἰκείας
793 933 1061 1003 ῥᾳθυμίας
1084 932 1491 1002 προδεδομένον,
1521 931 1643 984 οῦτε
1677 932 1742 984 ἂν
1772 930 2000 997 ἀδελφὸς
2038 925 2094 999 ᾖ,

436 1018 558 1071 οὕτε
586 1020 652 1072 ἂν
685 1021 885 1091 πατὴρ,
913 1018 1034 1075 οὔτε
1074 1019 1141 1072 ἂν
1185 1020 1387 1091 μήτηρ.
1430 1019 1539 1072 Καὶ
1570 1018 1621 1070 τί
1651 1017 1812 1085 λέγω,
1849 1015 2095 1084 ἀδελφὸς,

436 1108 530 1159 καὶ
561 1107 760 1178 πατὴρ,
790 1110 880 1160 καὶ
917 1109 1127 1177 μήτηρ;
1154 1105 1292 1160 Οὔτε
1322 1106 1476 1159 αὐτοὶ
1508 1106 1555 1157 οί
1586 1105 1781 1157 δίκαιοι
1811 1104 2097 1174 οἱπαρρη-

437 1193 560 1247 σίαν
585 1194 781 1264 πολλὴν
810 1195 1133 1263 κεκτημένοι
1164 1194 1283 1246 τότε
1306 1190 1675 1261 συμϐαλέσθαι
1696 1208 1748 1243 τι
1779 1190 2096 1260 δυνήσονται

434 1282 585 1350 ἡμῖν,
613 1284 660 1334 εἰ
690 1282 783 1334 νῦν
823 1281 1256 1351 ῥαθυμήσαιμεν.
1296 1281 1430 1333 Ἐὰν
1465 1278 1584 1346 στῇ
1630 1279 1757 1349 γάρ,
1799 1276 2097 1347 φησὶ,Νῶε

435 1368 533 1420 καί
582 1368 701 1420 Ἰὼϐ
717 1369 812 1421 καὶ
846 1367 1087 1435 Δανιὴλ,
1118 1367 1285 1432 υἱοὺς
1306 1367 1501 1421 αὐτῶν
1521 1366 1617 1419 καί
1652 1364 1973 1435 θυγατέρας
1992 1366 2098 1418 αὺ-

436 1456 553 1508 τῶν
582 1455 748 1524 οὺμὴ
773 1455 1107 1519 ἐξέλωνται.
1129 1456 1237 1508 Καὶ
1259 1456 1359 1526 ὅρα
1388 1455 1486 1524 τῆς
1509 1454 1736 1523 ἀπειλῆς
1759 1452 1820 1505 16
1846 1452 2096 1523 μέγεθος,

434 1543 529 1595 καὶ
559 1543 703 1605 οἴους
740 1543 979 1605 δικαίους
1013 1544 1091 1605 εἰς
1125 1542 1285 1612 μέσον
1317 1543 1662 1613 παρήγαγεν.
1705 1540 1920 1612 Ἐπειδὴ
1952 1534 2096 1595 οὗτοι

433 1629 542 1700 γάρ
566 1630 705 1683 κατά
729 1631 918 1702 καιρὸν
950 1632 1042 1683 καὶ
1077 1633 1283 1702 ἑτέροις
1328 1631 1597 1701 σωτηρίας
1638 1629 1895 1692 ὑπόθεσις
1936 1628 2096 1697 γεγό-

433 1736 603 1771 νασιν·
637 1720 663 1772 ὅ
690 1736 748 1771 τε
776 1720 884 1789 γάρ
910 1719 1053 1781 Νῶε,
1076 1720 1168 1772 τοῦ
1187 1718 1415 1789 φοϐεροῦ
1441 1718 1732 1772 κλυδωνίου
1765 1717 1969 1770 ἐκείνου
1996 1715 2095 1787 τὴν

432 1806 753 1877 οἰκουμένην
770 1807 1172 1877 κατειληφότος,
1199 1808 1293 1860 καὶ¹
1310 1806 1408 1877 τὴν
1428 1808 1657 1875 γυναῖκα
1672 1804 1766 1859 καὶ
1789 1805 1914 1867 τοὺς
1944 1804 2095 1868 υἱοὺς

430 1893 621 1945 ἔσωσε·
645 1896 735 1946 καὶ
772 1896 799 1946 6
843 1894 961 1947 Ἰὼϐ
989 1895 1188 1964 ὁμοίως
1215 1894 1549 1966 καὶοέτέροις
1587 1892 1859 1964 σωτηρίας
1896 1891 2097 1946 ὑπόθε-

435 1994 517 2042 σις
553 1980 763 2047 γέγονεο
793 1980 888 2034 καὶ
914 1984 941 2035 6
965 1982 1161 2054 Δανιὴλ
1190 1981 1247 2036 δέ
1272 1982 1499 2044 πολλοὺς
1530 1980 1807 2051 ἐξήρπασε
1838 1979 2093 2043 Θανάτου,

430 2066 591 2137 ήνίκα
614 2071 641 2121 ὀ
669 2067 939 2139 βάρϐαρος
966 2071 1170 2133 ἐκεῖνος
1194 2069 1467 2139 ἐπιζητῶν
1483 2068 1552 2122 τά
1583 2067 1720 2139 ὑπὲρ
1751 2066 2095 2138 ἀνθρωπίνην

432 2156 590 2223 φύσιν
609 2159 963 2227 τυγχάνοντα,
980 2159 1189 2212 ἀνελεῖν
1211 2159 1486 2229 ἐπεχείρει
1506 2159 1633 2222 τοὺς
1658 2156 1976 2222 Χαλδαίους,
2000 2158 2095 2211 καὶ

429 2243 555 2306 τοὺς
587 2244 810 2311 Μάγους
842 2246 938 2299 καὶ
969 2247 1095 2311 τοὺς
1118 2246 1483 2318 Γαζαρηνούς.

503 2332 568 2402 β’.
609 2334 717 2385 Καὶ
753 2333 840 2386 ἵνα
892 2334 966 2404 μὴ
1017 2334 1327 2404 νομίσωμεν
1382 2336 1467 2389 ὃτι
1510 2338 1605 2390 καὶ
1642 2338 1700 2389 ἐν
1735 2336 1813 2407 τῷ
1848 2334 2093 2407 μέλλοντι

429 2420 587 2473 αἰῶνι
628 2421 777 2474 ἐσται
827 2422 950 2474 τινὰ
1000 2422 1244 2486 τοιαῦτα,
1279 2425 1373 2477 καὶ
1424 2427 1473 2477 οἱ
1514 2426 1754 2497 ἐνάρετοι
1810 2426 1905 2478 καὶ
1951 2424 2092 2494 παῤ-

432 2510 625 2581 ρησίαν
652 2509 866 2577 ἔχοντες
894 2512 1020 2573 τοὺς
1051 2510 1187 2581 μετά
1232 2511 1502 2583 ῥᾳθυμίας
1539 2512 1772 2565 ἐνταῦθα
1810 2510 2095 2579 διάγοντας

428 2597 785 2667 ἐλευθερῶσαι
839 2598 940 2668 τῆς
998 2600 1114 2650 ἐκεῖ
1149 2599 1415 2670 τιμωρίας
1459 2600 1794 2669 δυνήσονταιι
1835 2601 1960 2663 τοὺς
1997 2599 2096 2653 αὑ·-

428 2683 536 2736 τῶν
602 2683 973 2753 ἐπιτηδείους’
1034 2685 1122 2737 διὰ
1163 2686 1323 2739 τοῦτο
1377 2687 1504 2750 τοὺς
1566 2687 1807 2750 δικαίους
1865 2674 2089 2749 τούτους

430 2772 750 2843 παρήγαγεν
794 2773 948 2842 ἡμῖν,
990 2771 1082 2825 τὸν
1136 2773 1301 2841 φόϐον
1345 2775 1477 2842 ἡμῖν
1520 2774 1950 2843 ἀνατεινόμενος,
1998 2773 2093 2826 καὶ

429 2858 700 2912 παιδεύων
734 2860 791 2911 ἐν
823 2861 934 2923 τοῖς
974 2859 1194 2923 οἰκείοις
1224 2860 1612 2931 κατορθώμασι
1647 2861 1785 2931 μετά
1822 2860 1918 2929 τὴν
1945 2860 2087 2914 ἀνω-

428 2947 520 3000 θεν
563 2946 722 3017 χάριν
769 2946 866 3010 τάς
898 2947 1116 3010 ἐλπίδας
1156 2948 1257 3017 τῆς
1292 2950 1571 3019 σωτηρίας
1606 2949 1763 3018 ήμῶν
1803 2948 1966 3018 ἔχειν,
1997 2949 2091 3002 καὶ

429 3034 566 3105 μήτε
597 3033 686 3085 ἐπὶ
718 3034 994 3105 προγόνων
1038 3035 1204 3107 ἀρετῇ
1266 3034 1411 3104 μέγα
1447 3036 1664 3104 φρονεῖ)
1699 3036 1747 3097 ⁸,
1774 3037 1821 3087 εἰ
1851 3032 2004 3086 αὐτοὶ
2033 3036 2091 3087 ἐν

428 3121 595 3192 κακία
620 3121 957 3191 τυγχάνομεν
1005 3120 1183 3183 ὀντες,
1241 3122 1376 3192 μήτε
1429 3121 1512 3173 ἐπ’
1545 3121 1690 3190 ἄλλῳ
1738 3122 1863 3182 τινἰ,
1892 3121 2005 3174 ἀλλ’
2032 3121 2091 3173 ἓν

427 3208 583 3262 τοῦτο
610 3208 766 3279 μόνον
797 3208 1132 3272 σπουδάζεινο
1169 3208 1271 3263 κᾶν
1302 3211 1598 3281 προγόνους
1630 3204 1777 3280 ὦμεν
1807 3210 2090 3281 ἐναρέτους

429 3294 579 3365 [457]
625 3295 934 3365 ἐσχηκότες,
995 3295 1278 3365 μιμεῖσθαι
1304 3296 1481 3348 αὐτῶν
1506 3296 1605 3367 τὴν
1636 3297 1855 3367 ἀρετήν·
1895 3296 1997 3349 κᾶν
2029 3296 2091 3350 τὸ

412 3370 666 3436 ἐναντίον
694 3383 858 3437 πάλιν
886 3383 1182 3453 συμϐαίηιι,
1212 3382 1307 3437 καὶ
1334 3383 1551 3451 φαύλων
1592 3376 1740 3453 ὦμεν
1786 3383 2087 3453 προγόνων,

431 3469 505 3540 μὴ
527 3470 765 3538 νομίζειν
776 3470 841 3523 ἐκ
858 3468 1046 3522 τούτου
1067 3487 1118 3522 τι
1140 3468 1777 3539 παραϐλάπτεσθαι,ἀλλά
1807 3469 1942 3540 πρὸς
1966 3469 2090 3532 τοὺς

426 3557 527 3626 τῆς
556 3556 756 3627 ἀρετῆς
805 3556 999 3619 πόνους
1045 3555 1462 3610 ἐπαποδύεσθαι·
1513 3556 1664 3609 οὐδὲν
1710 3556 1817 3627 γὰρ
1862 3558 1994 3627 ἡμῖν
2026 3558 2090 3611 ἐκ

426 3643 617 3703 τούτου
669 3643 859 3713 βλάϐος
891 3642 1064 3697 ἔσται.
1094 3644 1363 3707 Ἕκαστος
1401 3644 1511 3716 γὰρ
1544 3643 1601 3711 ἐξ
1631 3637 1706 3698 ὧν
1739 3644 2085 3715 διεπράξατο,

427 3731 461 3801 ἢ
501 3729 876 3798 στεφανοῦται,
909 3730 943 3801 ἢ
978 3731 1384 3801 κατακρίνεται,
1443 3731 1693 3803 καθάπερ
1725 3734 1815 3785 καὶ
1841 3735 1870 3786 ὀ
1908 3732 2089 3803 μακά-

428 3835 545 3889 ριος
579 3817 788 3881 Παῦλός
805 3834 991 3888 φησιν,
1038 3817 1163 3871 Ἵνα
1212 3818 1529 3887 κομίσηται
1583 3818 1841 3884 ἕκαστος
1884 3818 1956 3873 τὰ
1992 3819 2092 3873 διὰ

412 3906 533 3967 ¹τοῦ
570 3904 860 3975 σώματος,
905 3905 1055 3971 πρὸς
1093 3903 1133 3958 d
1156 3904 1418 3972 ἔπραξεν
1441 3947 1457 3971 ,
1494 3906 1615 3960 εἴτε
1668 3907 1913 3975 ἀγαθὸν,
1970 3908 2089 3961 εἶτε

410 3993 634 4053 ,κακόνο
660 3993 753 4046 καὶ
780 3992 964 4056 πάλιν,
993 3996 1093 4058 Ὃς
1116 3992 1411 4047 ἀποδώσει
1434 3993 1666 4059 ἑκάστῳ
1686 3994 1833 4049 κατὰ
1857 3997 1927 4049 τὰ
1947 3997 2089 4065 ἔργα

414 4078 632 4132 αὐτοῦ.
666 4079 845 4147 "Amp
873 4079 1088 4134 ἅπαντα
1110 4078 1309 4143 εἰδότες
1341 4077 1434 4135 καὶ
1460 4083 1637 4134 πᾶσαν
1658 4081 1932 4152 ρᾳθυμίαν
1953 4084 2089 4136 ἀπο-

425 4166 791 4236 τιναξάμενοι,
816 4165 984 4220 πολὺν
1012 4166 1111 4237 τῆς
1138 4167 1338 4239 ἀρετῆς
1378 4168 1730 4239 ποιησώμεθα
1760 4170 1936 4239 λόγον.
1979 4173 2087 4225 Καὶ

426 4254 503 4316 ὡς
527 4253 605 4307 ἔτι
648 4254 708 4306 ἐν
742 4252 822 4325 τῷ
866 4253 1148 4325 σκάμματί
1203 4255 1371 4329 ἐσμεν
1390 4296 1405 4317 ,
1469 4257 1598 4326 πρὶν
1627 4256 1660 4325 ἦ
1689 4256 2000 4328 διαλυθῆναι
2027 4257 2088 4311 16

426 4339 683 4409 θέατρον,
727 4338 1098 4412 φροντίσωμεν
1143 4340 1299 4409 ἡμῶν
1348 4340 1446 4409 τῆς
1480 4342 1771 4412 σωτηρίας,
1807 4342 1892 4395 ἵνα
1922 4344 1979 4397 ἐν
2007 4342 2084 4414 τῷ

427 4426 619 4497 βραχεῖ
646 4426 819 4495 τούτῳ
872 4426 1048 4495 χρόνῳ
1094 4424 1190 4496 τὴν
1236 4426 1437 4498 ἀρετὴν
1486 4428 1868 4498 μετελθόντες,
1920 4431 1978 4483 ἐν
2007 4431 2086 4502 τῷ

422 4513 660 4581 διηνεκεῖ
679 4512 833 4565 αἰῶνι
860 4513 958 4575 τὰς
986 4506 1127 4582 ὑπὲρ
1166 4512 1369 4584 ταύτης
1428 4513 1662 4584 ἀμοιϐάς
1708 4515 2082 4587 κομισώμεθα·

424 4601 675 4671 καθάπερ
698 4603 791 4655 καὶ
819 4600 847 4653 6
880 4600 1087 4662 δίκαιος
1121 4595 1293 4665 οὗτος,
1332 4604 1360 4653 6
1388 4601 1587 4671 μεταξὺ
1622 4602 1889 4657 τοσούτων
1919 4622 2085 4675 πονη-

424 4691 535 4761 ρῶν
565 4688 747 4749 οἰκῶν,
782 4688 875 4742 καὶ⁵
907 4688 1097 4741 ούδένα
1152 4688 1291 4758 ἔχων
1323 4688 1583 4759 ζηλοῦντα
1615 4689 1779 4743 αὐτοῦ
1829 4691 1927 4762 τήν
1958 4693 2086 4764 ἀρε-

421 4778 539 4848 τὴν,
567 4776 702 4829 ἀλλά
728 4776 823 4828 καὶ
846 4776 1050 4838 πάντας
1076 4776 1216 4848 ὀρῶν
1244 4775 1602 4845 χλευάζοντας
1622 4817 1636 4841 ,
1664 4778 2082 4849 κωμῳδοῦντας,

420 4866 481 4919 οὐ
519 4865 677 4937 μόνον
715 4865 1069 4935 ὀκνηρότερος
1120 4865 1218 4917 ούκ
1251 4864 1484 4931 ἐγένετο,
1511 4864 1645 4919 ἀλλά
1674 4868 1768 4919 καὶ
1813 4866 1955 4921 οὕτω
2006 4868 2083 4921 δι-

421 4953 679 5024 έλαμψεν,
720 4953 796 5016 ῶς
826 4952 1220 5023 καταξιωθῆναι
1250 4954 1342 5006 καὶ
1387 4953 1648 5022 ἀγγέλους
1696 4948 2077 5022 ύποδέξασθαι’

420 5041 514 5093 καὶ
542 5040 757 5094 πάντων
777 5038 946 5110 ἄρδην
976 5038 1378 5109 ἀπολλυμένων,
1408 5037 1569 5101 αὐτὸς
1620 5042 1781 5110 μόνος
1826 5044 1922 5096 σὺν
1962 5049 2082 5109 ταῖς

420 5128 718 5199 θυγατράσι
750 5126 972 5196 διέφυγε
1016 5126 1113 5198 τὴν
1166 5123 1547 5196 ἐπενεχθεῖσαν
1587 5126 1762 5200 δίκην.
1820 5131 1959 5185 Ἀλλ’
1988 5134 2081 5186 ἐπὶ

416 5214 518 5284 τὴν
563 5213 882 5268 ἀκολουθίαν
927 5211 1022 5267 τοῦ
1070 5213 1228 5282 λόγου
1276 5213 1675 5286 ἐπανέλθωμεν.
1736 5205 1959 5273 ’Ἦλθον
1989 5219 2077 5286 δὲ,

418 5301 604 5372 φησὶν,
633 5304 689 5356 οἱ
720 5300 833 5356 δύο
864 5300 1105 5372 ἄγγελοι
1145 5303 1233 5366 εἰς
1272 5301 1503 5371 Σόδομα
1542 5302 1824 5372 ἑσπέρας.
1865 5306 1925 5359 Ὁ
1953 5324 2078 5361 και-

418 5387 513 5459 ρὸς
569 5387 803 5457 μάλιστα
849 5387 1120 5443 δείκνυσιν
1168 5389 1299 5459 ἡμῖν
1334 5389 1430 5443 τοῦ
1474 5389 1680 5445 δικαίου
1734 5390 1924 5447 τούτου
1981 5394 2078 5466 τὴν

418 5474 858 5545 ὑπερϐάλλουσαν
880 5476 1103 5548 ἀρετὴν,
1144 5478 1225 5530 ὅτι
1255 5478 1349 5531 καὶ
1398 5478 1635 5550 ἑσπέρας
1667 5481 2077 5555 καταλαϐούσης

415 5561 713 5632 παρέμενε,
744 5562 839 5615 καὶ
861 5562 963 5616 οὐκ
988 5563 1270 5631 ἀφίστατο.
1308 5565 1525 5637 Ἐπειδὴ
1543 5566 1651 5637 γὰρ
1676 5567 1792 5637 ᾔδει
1810 5568 1873 5622 16
1894 5570 2076 5624 ἐντεῦοι

412 5647 509 5701 θεν
530 5648 676 5718 αύτῷ
707 5648 1022 5720 τικτόμενον
1049 5651 1253 5723 κέρδος,
1284 5652 1371 5705 διά
1395 5652 1551 5706 τοῦτο
1576 5653 1857 5725 ἐπιθυμῶν
1886 5656 2074 5712 ἐπιτυ-

414 5739 529 5807 χεῖν
548 5735 641 5789 τοῦ
668 5736 915 5799 πλούτου,
942 5738 1106 5810 πολλῇ
1133 5742 1197 5811 τῇ
1228 5740 1519 5812 προσεδρίᾳ
1551 5740 1830 5813 ἐκέχρητο,
1857 5745 1951 5798 καὶ
1974 5746 2072 5815 τῆς

414 5820 625 5892 ἡμέρας
663 5821 1036 5894 πληρωθείσης
1060 5825 1160 5878 οὐκ
1186 5824 1467 5896 ἀνεχώρει.
1519 5826 1768 5881 Τοιοῦτον
1787 5828 1895 5900 γὰρ
1921 5829 2067 5903 ψυχὴ

478 5925 502 5992 ξ
527 5923 673 5992 βοτη.
702 5929 755 5971 et
773 5925 957 5992 aliquot
981 5940 1091 5977 mss.
1124 5928 1301 5989 μεγάλα
1321 5930 1514 5992 φρονεῖν.

478 5985 503 6023 ι)
528 5987 669 6033 (:Uial.
700 5988 930 6049 συμϐαίνῃ
941 6026 948 6034 .

1225 378 1284 438 S.
1319 376 1600 435 JOAN-NIS
1634 375 2121 433 CHRYSOSTOMI
2158 376 2479 434 ARCHIEP.
2521 378 3068 437 CONSTANTINOP.

3750 376 3867 435 398

2198 492 2393 556 ζέουσα
2450 495 2543 548 καὶ
2601 495 3015 566 διεγηγερμένη·
3070 496 3165 566 οὐχ
3213 494 3316 550 ὑπό
3342 512 3502 549 τινων
3547 494 3871 549 κωλοτικῶν

2198 580 2547 649 ἐμποδίζεται
2572 581 2669 651 τὴν
2700 583 2906 634 οἰκείαν
2953 584 3153 654 ἀρετὴν
3193 583 3580 648 ἐπιδείξασθαι,
3614 584 3750 637 ἀλλά
3772 582 3870 636 καθ

2193 668 2259 721 δι’
2291 668 2472 722 αὐτῶν
2510 669 2743 740 μάλιστα
2789 670 2895 722 τῶν
2926 669 3241 723 κωλυόντων
3296 671 3574 724 ἐπιπλεῖον
3626 670 3876 741 αἴρεται,

2192 756 2291 809 καὶ
2323 755 2544 825 μείζονα
2570 754 2669 826 τὴν
2698 756 2870 826 φλόγα
2900 756 2998 825 τῆς
3052 757 3347 828 ἐπιθυμίας
3389 758 3640 811 ἀνάπτει.
3698 758 3877 811 Ἰδὼν

2194 842 2282 907 δὲ,
2336 844 2490 913 φησὶ,
2548 843 2700 909 Λὼτ,
2737 843 3031 910 ἐξανέστη
3086 846 3174 909 εἰς
3206 844 3585 911 συνάντησιν
3636 844 3872 908 αὐτοῖς.

2208 929 2581 983 Ἀκουέτωσαν
2618 932 2667 983 οί
2696 930 2789 983 καὶ
2822 930 3289 1001 παραγινομένους
3315 930 3574 993 πολλάκις
3595 930 3689 983 καὶ
3734 930 3876 982 καθ-

2199 1016 2656 1084 ικετεύοντας,καὶ
2687 1016 2887 1087 πολλὴν
2905 1017 3003 1087 τὴν
3036 1017 3361 1087 προσεδρίαν
3391 1017 3874 1086 ἐπιδεικνυμένους

2194 1104 2625 1176 διακρουόμενοι,
2651 1104 2747 1158 καὶ
2797 1103 2994 1173 πολλὴν
3027 1105 3124 1174 τὴν
3145 1103 3537 1175 ἀπανθρωπίαν
3562 1105 3874 1157 ἐπιδεικνύ-

2197 1192 2513 1262 μενοι.”ορα
2538 1190 2646 1262 γάρ
2674 1190 2764 1243 τὸν
2793 1191 2999 1243 δίκαιον
3023 1189 3232 1257 τοῦτον,
3264 1191 3413 1254 ὅπως
3465 1192 3564 1244 οὑκ
3613 1192 3871 1261 ἀνέμεινε

2197 1277 2600 1347 παραγενέσθαι
2628 1277 2762 1348 πρὸς
2786 1277 2966 1339 αὐτὸν,
3016 1276 3148 1330 ἀλλά
3169 1276 3417 1348 καθάπερ
3444 1279 3472 1330 ὀ
3500 1279 3869 1349 πατριάρχης,

2192 1366 2293 1418 οὐκ
2318 1366 2471 1428 εἰδὼς
2488 1364 2630 1428 τίνες
2655 1361 2792 1436 ἦσαν
2820 1366 2867 1417 οἱ
2891 1365 3341 1435 παραγεγονότες,
3370 1366 3483 1418 ἀλλ’
3511 1367 3689 1430 ὀδίτας
3709 1368 3871 1431 τινὰς

2192 1453 2388 1516 αὐτοὺς
2413 1450 2550 1506 εἶναι
2577 1453 2993 1517 ὑπολαμϐάνων,
3013 1453 3344 1523 θεασάμενος
3370 1455 3650 1525 μονονουχὶ
3678 1456 3870 1525 ἐσκίρ-

2190 1559 2345 1612 τησε,
2377 1541 2466 1595 καὶ
2498 1543 2799 1613 περιχαρὴς
2830 1541 3083 1609 γέγονεν,
3114 1541 3188 1604 ὡς
3232 1541 3501 1611 ἐπιτυχὼν
3535 1543 3635 1611 τῆς
3668 1543 3869 1613 θήρας,

2192 1629 2285 1682 καὶ
2318 1628 2393 1699 μὴ
2442 1626 2755 1699 διαμαρτὼν
2781 1628 2876 1681 τοῦ
2909 1628 3362 1698 σπουδαζομένου.
3407 1628 3565 1683 Ἰδὼν
3593 1629 3722 1699 γὰρ,
3753 1646 3863 1698 φη-

2193 1716 2295 1780 σὶν,
2320 1714 2617 1783 ἐξανέστη
2649 1716 2737 1781 είς
2780 1714 3159 1782 συνάντησιν
3183 1714 3406 1781 αὐτοῖς,
3439 1716 3537 1769 καὶ
3565 1718 3868 1783 προσεκύ-

2190 1816 2343 1869 νησε
2369 1801 2450 1867 τῷ
2475 1802 2772 1870 προσώπῳ
2793 1801 2891 1854 ἐπὶ
2915 1801 3031 1867 τὴν
3055 1800 3189 1872 γῆν.
3220 1802 3599 1874 Ηύχαρίστησε
3622 1802 3701 1873 τῷ
3715 1803 3862 1872 Θεῷ,

2188 1888 2269 1941 ὅτι
2301 1889 2633 1959 κατηξίωσεν
2659 1888 2819 1942 αὐτὸν
2846 1888 3205 1954 ὑποδέξασθαι
3239 1889 3366 1954 τοὺς
3391 1890 3703 1961 παριόντας.
3723 1891 3863 1943 Σ.κό-

2189 1994 2280 2030 πει
2306 1975 2484 2046 ψυχῆς
2511 1976 2729 2047 ἀρετήν.
2758 1974 3019 2045 Μεγάλην
3060 1975 3378 2046 εὐεργεσίαν
3414 1974 3564 2047 παρὰ
3592 1976 3687 2029 τοῦ
3720 1976 3861 2031 Θεοῦ

2187 2062 2389 2133 ταύτην
2410 2064 2670 2135 ἡγήσατο,
2697 2063 2760 2117 16
2787 2064 3061 2133 ἐπιτυχεῖν
3084 2062 3191 2116 τῶν
3223 2062 3450 2133 ἀνδρῶν,
3509 2063 3604 2116 καὶ
3626 2063 3713 2115 διά
3756 2063 3857 2132 τῆς

2184 2153 2269 2213 είς
2302 2150 2523 2214 τούτους
2548 2148 2845 2216 δεξιώσεως
2879 2150 2972 2203 τόν
3002 2151 3199 2203 οἰκεῖον
3242 2149 3405 2203 πόθον
3430 2150 3847 2220 ἀποπληρῶσαι.

2188 2239 2280 2310 Μὴ
2309 2239 2415 2310 γάρ
2448 2255 2537 2309 μοι
2557 2238 2701 2306 λέγε,
2736 2237 2818 2291 ὄτι
2840 2237 3056 2306 ἄγγελοι
3088 2232 3244 2307 ἦσαν·
3273 2236 3385 2290 ἀλλ’
3408 2238 3583 2290 ἐκεῖνο
3610 2236 3846 2305 λογίζου.

2182 2328 2269 2381 ,ὅτι
2318 2330 2346 2381 6
2383 2327 2589 2389 δίκαιος
2622 2320 2775 2390 οὗτος
2808 2325 3018 2379 οὐδέπω
3052 2324 3209 2377 τοῦτο
3243 2323 3397 2396 [458]
3419 2324 3708 2393 ἠπίστατο,
3733 2324 3849 2376 ἀλλ’

2188 2414 2263 2479 ὼς
2316 2413 2637 2484 ἀνθρώπους
2684 2411 2931 2481 ἀγνῶτας
2990 2407 3384 2481 παροδεύοντας
3444 2409 3853 2479 ὑποδεχόμενος,

2187 2500 2328 2554 οὕτω
2352 2500 2601 2554 διέκειτο.
2628 2500 2738 2553 Καὶ
2759 2499 2952 2553 εἰπενο
2996 2497 3172 2561 Ἰδοὺ,
3203 2497 3413 2564 κύριοι,
3440 2496 3856 2559 ὲκκλίνατεείς

2188 2587 2296 2641 τὸν
2321 2582 2488 2641 οἷκον
2513 2586 2621 2640 τοῦ
2663 2585 2877 2651 παιδὸς
2925 2585 3109 2653 ὑμῶν,
3141 2583 3236 2637 καί
3289 2584 3691 2645 καταλύσατε,
3752 2582 3852 2635 καί

2186 2676 2447 2743 νίψασθε
2470 2672 2611 2739 τοὺς
2638 2673 2827 2738 πόδας
2857 2672 3043 2743 ὑμῶν,
3074 2670 3170 2724 καὶ
3193 2670 3573 2739 όρθρίσαντες
3597 2668 3853 2722 ἀπελεύ-

2187 2765 2373 2816 σεσθε
2422 2764 2509 2828 εἰς
2538 2761 2654 2829 τὴν
2678 2761 2822 2815 ὁδὸν
2863 2759 3049 2829 ὑμῶν.
3110 2758 3292 2812 Ἰκανά
3318 2759 3388 2811 τά
3435 2758 3653 2831 ῥήματα
3680 2756 3853 2825 ταῦτα

2186 2850 2286 2920 τὴν
2309 2848 2735 2919 ἐναποκειμένην
2766 2848 2965 2918 ἀρετὴν
2993 2848 3057 2917 τῇ
3089 2845 3179 2899 τοῦ
3200 2845 3406 2899 δικαίου
3431 2845 3575 2914 ψυχῇ
3616 2843 3853 2896 ἐκκαλύ-

2187 2934 2305 3005 ψαι.
2336 2935 2400 2987 Τί
2452 2936 2561 3005 γάρ
2614 2935 2679 2989 ἀν
2735 2951 2816 2997 τις
2870 2932 3168 3003 ἐκπλαγείη
3209 2931 3307 3003 τὴν
3354 2930 3853 3001 ταπεινοφροσύνην

2188 3021 2644 3092 ὑπερϐάλλουσαν,
2674 3020 2771 3091 τὴν
2802 3019 3129 3091 θερμότητα,
3150 3020 3218 3090 ἣν
3271 3036 3336 3071 πε
3346 3020 3398 3090 ρὶ
3423 3019 3521 3087 τὴν
3548 3016 3853 3086 φιλοξενίαν

2186 3109 2563 3171 ἐπεδείκνυτο;
2596 3108 2764 3168 Ἰδοὺ,
2800 3108 2953 3181 φησὶ,
2998 3108 3206 3175 κύριοι,
3261 3105 3579 3159 ἐκκλίνατε
3616 3106 3701 3181 εἰς
3746 3104 3855 3156 τὸν

2186 3192 2354 3249 οἷκον
2380 3194 2485 3249 τοῦ
2513 3194 2723 3261 παιδὸς
2749 3180 2935 3262 ὑμῶν.
2966 3193 3265 3257 Κάκείνους
3290 3193 3511 3263 κυρίους
3548 3180 3723 3255 καλεί,
3754 3191 3853 3262 καὶ

2186 3280 2377 3334 ἐαυτὸν
2407 3280 2571 3334 παῖδα
2600 3280 2782 3334 αὐτῶν
2826 3279 3101 3351 ὀνομάζει.
3144 3279 3509 3349 Ἀκούσωμεν,
3552 3278 3851 3354 ἀγαπητοὶ,

2185 3367 2294 3421 τῶν
2328 3367 2587 3438 ῥημάτων
2610 3365 2816 3421 τούτων
2850 3368 2987 3437 μετά
3016 3367 3321 3438 ἀκριϐείας,
3355 3366 3447 3419 καὶ
3472 3364 3853 3438 παιδευθῶμεν

2186 3453 2281 3507 καὶ
2325 3434 2485 3523 ήμεῖς
2508 3450 2578 3505 τὰ
2607 3452 2768 3523 ὅμοια
2817 3434 3259 3523 διαπράττεσθαι.
3302 3453 3361 3506 '0
3392 3434 3655 3518 ἐπίδοξος,
3684 3452 3714 3503 6
3747 3467 3850 3527 πεξ-

2188 3540 2435 3612 ριφανής,
2455 3542 2484 3595 6
2514 3542 2573 3594 ἐν
2591 3541 2824 3611 τοσαύτῃ
2852 3542 3137 3613 περιουσίᾳ
3166 3540 3465 3612 τυγχάνων,
3498 3542 3526 3593 6
3543 3538 3855 3592 0ix0650'1r6-

2185 3646 2303 3699 της.
2332 3629 2455 3691 τοὺς
2474 3628 2669 3692 ὀδίτας,
2698 3629 2823 3691 τοὺς
2857 3628 3059 3694 ξένους,
3086 3630 3211 3690 τοὺς
3250 3628 3519 3703 ἀγνῶτας,
3548 3627 3673 3689 τοὺς
3700 3627 3853 3679 εύτε‹

2185 3713 2295 3777 λεῖς
2347 3711 2409 3766 16
2456 3714 2801 3784 φαινόμενον,
2854 3716 2982 3779 τοὺς
3037 3702 3527 3790 παριόνταςντοὺς
3559 3713 3854 3790 οὐδαμόθεν

2186 3801 2332 3872 αὐτῷ
2363 3802 2738 3873 προσήκοντας
2754 3802 2972 3873 κυρίους
3004 3800 3258 3873 ὀνομάζει
3286 3788 3383 3856 καί
3397 3816 3580 3872 φησιν’
3617 3788 3852 3855 Ἑκαλί-

2187 3905 2328 3943 νατε
2356 3891 2443 3955 είς
2468 3889 2574 3942 τὸν
2592 3884 2761 3942 οἷκον
2790 3889 2897 3943 τοῦ
2922 3889 3133 3954 παιδὸς
3154 3888 3320 3957 ὑμῶν
3335 3890 3429 3944 καί
3448 3888 3849 3942 καταλύσατε.

2201 3977 2435 4047 Ἑσπέρα
2473 3976 2602 4047 γάρ,
2642 3977 2797 4047 φησὶ,
2846 3975 3127 4030 κατέλαϐε.
3181 3975 3445 4044 Πείσθητέ
3500 3993 3609 4045 μοι,
3640 3974 3852 4028 καὶτὸν

2187 4063 2430 4135 κάματον
2454 4063 2554 4131 τῆς
2584 4062 2797 4133 ἡμέρας
2827 4062 3313 4134 παραμυθήσασθε,
3356 4063 3435 4125 εἰς
3461 4062 3551 4115 τὸν
3580 4059 3727 4114 οἶκον
3754 4061 3850 4114 τοῦ

2186 4150 2374 4214 παιδὸς
2390 4150 2543 4219 ὑμῶν
2573 4149 2994 4213 καταλύσαντες.
3022 4150 3113 4221 Μὴ
3139 4149 3269 4219 γάρ,
3296 4150 3447 4218 φησὶ,
3482 4149 3621 4219 μέγα
3637 4166 3689 4200 τι
3720 4149 3850 4218 ὑμῖν

2186 4238 2626 4308 ἐπαγγέλλομαι;
2650 4239 2924 4307 Νίψασθε
2954 4237 3098 4303 τοὺς
3130 4239 3319 4304 πόδας
3366 4238 3533 4306 ὑμῶν
3565 4238 3693 4299 τοὺς
3741 4238 3852 4291 ὑπδ

2186 4326 2282 4393 τῆς
2307 4324 2612 4395 ὁδοιπορίας
2642 4323 3007 4395 κεκμηκότας,
3044 4323 3143 4378 καί
3187 4323 3567 4391 ὁρίζρίσιιντες
3593 4323 3851 4377 ἀπελεύ-

2184 4414 2368 4465 σεσθε
2405 4412 2520 4478 τὴν
2541 4410 2685 4465 ὁδὸν
2718 4410 2905 4480 ὑμῶν.
2937 4410 3247 4482 Χαρίσασθε
3277 4406 3369 4464 οὖν
3401 4428 3490 4480 μοι
3512 4410 3715 4481 ταύτην
3746 4412 3849 4480 τὴν

2183 4500 2363 4570 χάριν,
2394 4500 2488 4551 καὶ
2532 4498 2607 4569 μὴ
2666 4498 2996 4569 ἀνανεύσητέ
3045 4517 3145 4570 μου
3174 4499 3309 4569 πρὸς
3345 4486 3442 4570 τήν
3475 4499 3844 4571 παράκλησινζ

2184 4586 2294 4640 Καὶ
2332 4583 2528 4652 εἶπαν,
2564 4587 2744 4657 φησίν·
2806 4578 2972 4654 Οὐχί,
2993 4573 3151 4666 ἀλλ”
3179 4586 3247 4639 ἐν
3278 4585 3363 4669 (τῇ
3395 4586 3647 4653 ἀλατείᾳ
3676 4598 3849 4661 κατα-

2182 4674 2471 4741 λύσομεν.
2508 4672 2617 4725 Καὶ
2652 4672 2791 4743 μετά
2835 4657 3099 4744 τοσαύτην
3128 4657 3469 4743 παράκλησιν
3505 4672 3624 4747 ίδὼν
3651 4658 3849 4738 αὖτοὺς

2184 4759 2544 4820 ἀνανεύοντας
2573 4759 2675 4812 οὐκ
2702 4758 3021 4829 ἐνάρκησεν,
3048 4760 3149 4813 οὐκ
3169 4761 3379 4832 ἀπέστη
3420 4758 3513 4813 τοῦ
3552 4759 3849 4825 σπουδαζο-

2186 4848 2370 4919 μένου,
2419 4847 2540 4900 οὐδὲ
2583 4845 2751 4900 ἔπαθέ
2782 4864 2835 4899 τι
2878 4845 3152 4912 τοιοῦτον,
3210 4842 3321 4901 οἷον
3368 4849 3530 4919 ἡμεῖς
3586 4847 3849 4912 πολλάκις

2183 4934 2462 5005 ποιοῦμεν·
2486 4932 2581 4985 καλ¹
2605 4934 2699 4985 ἐάν
2729 4933 2837 5003 ἄρα
2866 4933 2997 4986 ποτέ
3029 4950 3151 4986 τινα
3198 4934 3602 5004 προτρέψασθαι
3649 4935 3845 5009 βουλη-

2182 5020 2426 5091 θείημεν,
2456 5014 2572 5071 εἷτα
2604 5016 2931 5087 θεασώμεθα
2977 5018 3113 5090 πρὸς
3149 5019 3325 5087 ὀλίγον
3354 5019 3701 5085 ἀνανεύοντα,
3752 5022 3847 5074 εύ-

2182 5107 2276 5171 θὺς
2298 5104 2664 5176 ἀφιστάμεθα’
2715 5106 2811 5158 καὶ
2856 5104 3014 5161 τοῦτο
3041 5106 3326 5175 συμϐαίνει
3350 5098 3459 5160 ἀπὸ
3486 5107 3578 5160 τοῦ
3614 5108 3686 5180 μὴ
3720 5107 3849 5179 θερ-

2183 5188 2373 5265 μότητι
2406 5193 2499 5245 καὶ
2533 5186 2681 5262 πόθῳ
2709 5191 2865 5245 τοῦτο
2887 5195 3081 5259 ποιεῖν,
3108 5192 3243 5245 ἀλλά
3291 5194 3525 5263 μάλιστα
3558 5197 3652 5248 καὶ
3689 5197 3848 5265 νομί-

2179 5281 2293 5346 ζειν
2312 5278 2586 5351 ἀρκοῦσαν
2608 5278 2904 5348 ἀπολογίαν
2933 5279 3097 5351 ἔχειν,
3124 5278 3185 5333 16
3216 5266 3393 5350 λέγειν
3425 5282 3507 5335 ᾶτι
3546 5282 3606 5335 τό
3628 5299 3688 5350 γε
3717 5267 3848 5335 ἐαυ-

2176 5367 2284 5421 τῶν
2304 5360 2703 5439 πεποιήκαμεν.

2247 5442 2318 5521 γ’.
2333 5442 2405 5507 Τί
2427 5438 2621 5522 λέγεις,
2642 5446 2723 5508 ὅτι
2746 5452 2806 5508 τὸ
2823 5438 3025 5509 σαυτοῦ
3042 5455 3376 5527 πεποίηκας;
3410 5446 3721 5521 ’Ᾰτέώλεσας
3741 5459 3842 5529 τὴν

2178 5536 2370 5615 θήραν,
2405 5540 2699 5611 διήμαρτες
2746 5541 2840 5596 τοῦ
2894 5534 3196 5615 θησαυροῦ,
3226 5544 3321 5598 καὶ
3367 5542 3428 5596 τὸ
3479 5544 3703 5598 σεαυτοῦ
3738 5563 3837 5598 πε-

2177 5630 2438 5702 ποίηκας;
2466 5630 2599 5684 Τότε
2627 5629 2694 5683 ἂν
2724 5621 2793 5703 ἧς
2815 5624 2877 5683 16
2903 5631 3103 5684 σαυτοῦ
3134 5630 3467 5703 πεποιηκὼς,
3505 5636 3554 5686 εἰ
3593 5635 3668 5705 μὴ
3691 5622 3840 5705 ἐρρι-

2176 5720 2282 5791 ψας
2314 5719 2421 5774 ἀπὸ
2445 5719 2552 5773 τῶν
2578 5720 2772 5791 χειρῶν
2794 5719 2884 5772 τὸν
2904 5718 3253 5791 θαησαυρὸν,εἰ
3275 5721 3349 5791 μὴ
3374 5720 3720 5791 παρέδραμες
3739 5722 3839 5794 τὴν

2180 5808 2373 5879 ἄγραν,
2387 5808 2433 5860 εἰ
2454 5808 2527 5877 μὴ
2541 5807 2833 5877 ἀφοσιώσει
2847 5818 2869 5847 ε
2892 5811 2962 5879 τῇ
2984 5807 3146 5878 μέχρι
3162 5808 3417 5879 ῥημάτων
3432 5808 3528 5878 τὴν
3540 5808 3840 5876 φιλοξενίαν

2175 5895 2450 5958 ἐπεδείξω.
2470 5894 2604 5947 Ἀλλ’
2633 5895 2731 5965 οὐχ
2780 5896 2810 5946 ὀ
2865 5894 3070 5959 δίκαιος
3097 5896 3269 5958 οὓτως
3295 5912 3311 5927 ’
3349 5895 3482 5948 ἀλλά
3533 5896 3624 5963 τί;
3667 5895 3837 5967 Ὁρῶν

2240 6002 2261 6030 ⁸
2290 5999 2377 6051 llic
2401 6002 2633 6053 observes
2655 6003 2831 6051 iterum
2863 6004 3143 6068 άσοσιώσει,
3169 6001 3505 6067 ρερτιιιιτιονίε,
3534 6010 3583 6053 ιιι
3607 6016 3769 6067 supra.
