4084 6356
387 358 491 419 397

389 477 587 532 nullam
616 485 794 531 autem
827 475 1106 535 utilitatem
1136 472 1261 529 inde
1293 472 1585 542 capiemus.
1625 469 1779 537 Quod
1820 474 1875 522 ut
1905 466 1988 521 di-

387 586 527 636 scas,
562 570 687 625 audi
712 571 1025 640 prophetam
1052 570 1353 623 dicentem:
1383 565 1448 619 In
1474 565 1673 633 inferno
1695 572 1860 616 autem
1876 560 1987 630 quis

384 663 705 731 conﬁtebitur
725 665 812 717 tibi
839 663 858 736 (
888 663 1030 718 Psal.
1061 662 1114 720 6.
1144 662 1213 732 6)
1243 662 1266 714 ?
1313 669 1367 716 ct
1408 661 1599 713 iterum
1635 676 1648 713 :
1682 655 1863 709 Frater
1884 670 1986 707 non

386 753 608 819 redimit,
635 754 846 807 redimet
866 756 1014 807 homo
1034 752 1204 824 (Psal.
1228 752 1317 806 48.
1334 749 1425 821 8)?
1441 749 1648 813 Nullus,
1673 747 1861 816 inquit,
1885 744 1988 798 erit

384 846 491 902 illic
522 847 830 917 postea,qui
848 847 1037 917 eripiat
1065 861 1186 901 eum
1213 860 1373 914 quem
1400 858 1490 896 sua
1513 840 1714 895 desidia
1744 836 1985 907 prodide-

382 938 650 1010 rit,neque
671 940 713 993 si
739 939 900 994 frater
925 938 1099 1005 fuerit,
1133 954 1302 1007 neque
1325 936 1370 992 si
1398 944 1564 1005 pater,
1598 947 1772 1003 neque
1800 930 1844 983 si
1873 945 1986 984 ma-

383 1039 483 1085 ter.
513 1031 579 1085 Et
603 1031 729 1101 quid
752 1030 895 1095 dico,
917 1029 1100 1097 frater,
1122 1037 1292 1100 pater,
1325 1038 1380 1083 et
1402 1036 1571 1081 mater
1590 1026 1613 1079 ?
1630 1025 1813 1094 Neque
1830 1022 1979 1091 justi,

382 1122 575 1193 quibus
604 1131 749 1176 tanta
793 1123 931 1193 apud
966 1122 1130 1177 Deum
1174 1120 1367 1175 ﬁducia
1411 1128 1508 1184 est,
1543 1125 1791 1188 poterunt
1829 1115 1982 1170 nobis

384 1224 511 1269 tunc
536 1215 738 1285 aliquid
773 1214 1046 1285 prodesse,
1087 1214 1131 1268 si
1169 1229 1310 1267 nunc
1338 1211 1550 1267 desides
1580 1210 1854 1265 fuerimus.
1886 1208 1981 1263 Di-

380 1307 453 1360 cit
478 1307 619 1361 enim
647 1326 659 1362 :
686 1307 747 1362 Si
774 1308 999 1362 steterint
1045 1305 1160 1360 Noe
1190 1316 1235 1360 et
1264 1304 1362 1359 Job
1388 1313 1434 1358 et
1461 1302 1665 1366 Daniel,
1697 1303 1832 1370 filios
1859 1317 1979 1355 suos

379 1408 428 1452 et
452 1400 588 1463 ﬁlias
614 1416 713 1454 non
741 1402 952 1471 eripient
974 1399 1185 1472 (Ezech.
1207 1400 1294 1453 Μ.
1321 1398 1437 1464 20).
1473 1397 1538 1450 Et
1562 1396 1683 1450 vide
1712 1394 1974 1448 minarum

390 1494 729 1562 gravitatem,
759 1494 1051 1563 qualesque
1092 1492 1265 1562 justos
1306 1492 1360 1546 in
1399 1489 1632 1545 medium
1670 1486 1971 1542 adduxerit.

379 1587 641 1652 Quoniam
681 1586 755 1640 illi
783 1587 896 1641 suis
919 1585 1245 1654 temporibus
1271 1584 1430 1638 etiam
1457 1582 1573 1635 aliis
1598 1580 1783 1635 salutis
1813 1592 1974 1633 causa

377 1676 592 1732 fuerunt
618 1696 632 1731 :
661 1677 774 1736 Noe
798 1679 965 1743 enim,
995 1692 1117 1732 cum
1160 1674 1413 1730 terribilis
1440 1674 1527 1728 illa
1558 1672 1740 1728 diluvii
1772 1681 1976 1741 tempe-

378 1782 489 1824 stas
517 1780 710 1825 terram
736 1779 1067 1840 occupasset,
1095 1778 1151 1825 et
1177 1783 1425 1828 uxorem.
1449 1776 1503 1822 et
1533 1767 1669 1822 ﬁlios
1698 1766 1927 1822 servavit
1955 1781 1970 1818 :

376 1866 430 1918 et
450 1862 550 1917 Job
576 1864 821 1917 similiter
841 1863 960 1917 aliis
988 1862 1176 1916 salutis
1196 1868 1381 1915 auctor
1401 1859 1497 1914 fuit
1521 1876 1534 1913 :
1559 1858 1742 1914 Daniel
1762 1872 1972 1928 quoque

377 1952 571 2007 multos
615 1953 808 2024 eripuit
851 1969 879 2007 a
912 1962 1105 2019 morte,
1147 1951 1360 2022 quando
1390 1950 1766 2007 barbarus‘ille
1795 1950 1971 2019 inqui-

377 2044 529 2099 rehat
573 2062 692 2114 quze
740 2060 900 2115 supra
948 2045 1234 2099 humanam
1278 2051 1403 2098 sunt
1450 2050 1690 2098 naturam
1718 2081 1735 2108 ,
1781 2049 1835 2096 et
1886 2042 1968 2096 in-

378 2138 627 2195 terimerc
662 2139 875 2194 volebat
909 2137 1195 2194 Chaldrcos
1218 2178 1232 2204 ,
1279 2146 1332 2193 et
1376 2136 1554 2208 Magos
1600 2144 1759 2207 atque
1796 2135 1968 2192 Gaza-

376 2243 559 2283 l't‘llOS.

445 2320 500 2374 2.
522 2320 585 2375 1η
612 2325 783 2393 futuro
811 2321 996 2376 swculo
1014 2303 1354 2392 unusquisque
1375 2336 1468 2390 pro
1495 2335 1550 2374 se
1557 2318 1970 2390 judicabitur.—

376 2411 442 2467 Et
469 2428 537 2467 ne
565 2420 807 2482 putemus
837 2412 890 2467 in
922 2411 1100 2468 futuro
1125 2412 1322 2467 saeculo
1350 2410 1465 2466 fore
1505 2410 1648 2474 talia,
1678 2420 1729 2465 ct
1755 2425 1849 2466 eos
1877 2410 1966 2479 qui

375 2505 569 2559 virtute
591 2503 796 2573 prmditi
816 2513 960 2569 sunt,
977 2514 1032 2559 et
1053 2502 1297 2558 ﬁduciam
1320 2502 1518 2558 habent
1535 2504 1584 2556 in
1604 2503 1790 2566 Deum,
1810 2502 1964 2568 alios,

371 2599 463 2668 qui
490 2597 578 2653 hic
597 2598 926 2669 negligenter
944 2599 1209 2665 vixerunt,
1235 2599 1564 2653 necessarios
1590 2611 1716 2651 suos
1737 2597 1966 2652 liberare

373 2690 481 2746 illic
503 2706 533 2744 a
563 2690 824 2761 supplicio
850 2705 1044 2761 posse:
1073 2699 1353 2761 propterea
1381 2689 1599 2745 adduxit
1618 2689 1772 2744 nobis
1792 2688 1966 2759 justos

372 2783 515 2848 illos,
550 2793 809 2838 terrorem
841 2783 995 2839 nobis
1036 2783 1289 2848 inferens,
1321 2792 1375 2837 et
1415 2783 1615 2837 docens
1658 2782 1708 2835 in
1735 2781 1965 2859 ωορδ-ἥς

370 2874 526 2930 bonis
549 2874 804 2945 operibus
830 2890 952 2930 cum
982 2890 1212 2945 superna
1250 2875 1419 2945 gratia
1450 2888 1600 2943 spem
1633 2873 1821 2927 salutis
1862 2888 1963 2927 no-

369 2977 494 3023 strzc
513 2967 833 3034 habendam,
855 2975 909 3023 et
929 2982 1034 3023 non
1057 2969 1110 3022 in
1130 2967 1525 3038 progenit-trum
1546 2964 1847 3030 virtutibus,
1872 2979 1967 3019 ne-

369 3073 473 3129 que
502 3058 555 3113 in
582 3058 689 3114 alio
711 3058 963 3129 quopiam
985 3057 1424 3129 superbiendum,
1445 3057 1531 3112 vel
1561 3055 1959 3122 confidendum,

369 3148 415 3203 si
444 3165 543 3204 nos
569 3150 622 3203 in
653 3150 891 3220 peccatis
915 3163 1038 3205 esse
1065 3164 1172 3205 non
1202 3148 1520 3216 desinimus,
1553 3148 1649 3204 sed
1676 3146 1777 3204 hoc
1796 3164 1962 3203 unum

368 3240 687 3305 curandum,
721 3250 779 3296 ut
807 3242 852 3297 si
893 3249 1141 3313 parentes
1172 3240 1515 3297 habuerimus
1542 3241 1739 3297 virtute
1764 3242 1960 3306 claros,

368 3332 640 3389 imitemur
657 3350 845 3390 eorum
870 3335 1157 3391 virtutem:
1187 3344 1242 3392 et
1267 3335 1312 3393 si
1338 3350 1369 3392 e
1396 3337 1610 3392 diverso
1639 3336 1868 3404 accidat,
1907 3347 1962 3392 et

367 3441 431 3481 ex
460 3426 715 3496 improbis
744 3428 913 3483 simus
942 3428 1286 3499 parentibus,
1320 3442 1426 3483 non
1459 3427 1755 3499 putandum
1803 3428 1958 3483 nobis

366 3516 565 3588 aliquid
617 3516 863 3575 accidere
906 3520 1233 3585 nocumenti,
1278 3519 1571 3575 dummodo
1613 3534 1961 3575 exerceamur

367 3608 435 3661 ad
477 3609 732 3664 virtutum
773 3610 1020 3667 labores:
1057 3611 1262 3666 nullum
1302 3612 1445 3667 enim
1502 3611 1626 3668 hinc
1670 3612 1826 3667 nobis
1860 3613 1960 3667 da-

367 3714 549 3754 mnum
575 3700 698 3756 erit.
716 3700 849 3756 Nam
870 3702 1233 3775 unusquisque
1245 3718 1343 3773 per
1360 3716 1421 3758 ea
1440 3703 1523 3758 vel
1548 3713 1854 3769 coronatur,
1872 3705 1959 3759 vel

365 3793 778 3861 condemnatur,
830 3811 952 3867 qua:
1002 3798 1117 3867 ipse
1155 3797 1342 3867 gessit,
1400 3796 1852 3867 quemadmodum
1905 3805 1960 3852 ct

365 3883 553 3941 beatus
589 3886 785 3942 Paulus
812 3887 1019 3959 inquit:
1055 3886 1124 3943 Ut
1148 3895 1368 3959 reportet
1396 3888 1736 3957 unusquisque
1759 3905 1817 3942 ea
1845 3904 1960 3958 qua:

366 3976 458 4049 per
487 3995 672 4049 corpus
710 3979 860 4049 ﬁunt,
897 3981 1052 4051 juxta
1077 3980 1133 4034 id
1161 3980 1296 4051 quod
1320 3981 1459 4052 fecit,
1491 3980 1593 4035 sive
1618 3979 1825 4045 bonum,
1856 3985 1959 4036 sive

364 4070 554 4124 malum
568 4070 647 4140 (2.
663 4070 783 4127 Cor.
809 4071 995 4145 5.10);
1026 4079 1081 4128 et
1104 4071 1295 4127 iterum
1320 4089 1334 4125 :
1371 4072 1470 4140 Qui
1494 4072 1667 4126 reddet
1692 4072 1955 4137 unicuique

353 4165 508 4235 juxta
533 4182 688 4235 opera
714 4182 807 4220 sua
828 4165 849 4238 (
870 4165 1024 4221 Rom.
1049 4165 1105 4221 2.
1135 4164 1231 4239 6).
1261 4165 1393 4233 Quae
1424 4167 1601 4221 omnia
1652 4181 1774 4222 cum
1811 4166 1953 4222 scia-

363 4272 503 4325 mus,
548 4273 773 4315 excussa
827 4259 974 4314 omni
1024 4260 1365 4332 negligentia,
1416 4260 1627 4315 virtutis
1665 4259 1952 4315 maximam

363 4351 655 4407 habeamus
690 4353 973 4407 rationem.
1002 4352 1070 4408 Et
1106 4368 1227 4407 cum
1257 4352 1432 4407 adhuc
1459 4352 1512 4408 in
1543 4352 1717 4407 stadio
1744 4366 1949 4419 sumus,

358 4451 415 4499 et
438 4443 677 4498 certandi
707 4452 917 4514 tempus
939 4454 1043 4513 est,
1072 4444 1378 4515 priusquam
1406 4444 1730 4499 dissolvatur
1750 4453 1953 4514 specta-

358 4537 559 4602 culum,
609 4536 825 4592 solliciti
851 4538 1020 4593 simus
1058 4537 1127 4593 de
1168 4546 1350 4592 nostra
1390 4538 1581 4605 salute,
1620 4547 1678 4591 ut
1710 4538 1762 4593 in
1801 4537 1950 4593 brevi

363 4624 456 4683 i'lo
484 4637 724 4698 tempore
751 4628 980 4684 virtutes
1004 4629 1327 4694 exercendo,
1369 4629 1423 4683 in
1462 4629 1661 4684 saaculo
1690 4637 1950 4698 perpetuo

352 4718 569 4776 illarum
619 4722 898 4777 mercedes
941 4722 1304 4792 recipiamus:
1354 4722 1491 4779 sicut
1530 4732 1586 4777 et
1625 4721 1801 4792 justus
1836 4722 1948 4788 ille,

353 4811 446 4871 oui
488 4813 541 4866 in
586 4813 766 4867 medio
810 4821 888 4868 tot
922 4814 1185 4868 malorum
1228 4813 1494 4877 habitans.
1526 4824 1580 4869 et
1614 4814 1816 4869 nullum
1849 4814 1947 4869 ha-

350 4902 490 4958 bens
515 4904 607 4974 qui
632 4919 782 4959 suam
811 4905 1109 4961 imitaretur
1131 4906 1403 4972 virtutem,
1424 4906 1517 4961 sed
1545 4906 1733 4962 videns
1760 4922 1948 4962 omnes

349 4995 643 5051 irridentes
666 5006 720 5051 et
746 4995 1138 5052 subsannantes
1162 5037 1177 5063 ,
1204 5012 1309 5053 non
1339 4999 1511 5054 solum
1540 5013 1646 5053 non
1675 4997 1843 5053 factus
1866 5008 1949 5054 est

351 5086 592 5158 segnior,
638 5104 824 5143 verum
871 5096 1017 5143 tanta
1061 5089 1256 5144 virtute
1286 5090 1525 5155 emicuit,
1564 5097 1702 5145 utet
1728 5091 1948 5158 angelos

344 5181 626 5253 suscipere
648 5182 905 5238 meruerit
930 5191 1125 5252 :atque
1147 5197 1269 5237 cum
1298 5183 1372 5238 illi
1403 5182 1561 5238 simul
1591 5197 1781 5237 omnes
1812 5197 1943 5252 per-

347 5274 524 5339 iient,
565 5274 710 5327 solus
750 5273 864 5342 ipse
892 5288 1013 5328 cum
1041 5272 1249 5329 ﬁliabus
1299 5272 1545 5345 effugerit
1572 5289 1787 5346 poenam
1826 5290 1945 5345 qua:

350 5363 458 5417 illis
504 5364 648 5417 illata
690 5374 791 5418 est.
825 5364 1089 5419 Craterum
1124 5365 1190 5419 ad
1226 5366 1420 5420 seriem
1462 5369 1726 5428 sermonis
1750 5366 1944 5427 redea-

350 5469 491 5510 mus.
531 5454 785 5510 Venerunt
824 5467 995 5511 autem
1044 5457 1146 5511 duo
1170 5458 1338 5527 angeli
1380 5458 1433 5512 in
1470 5459 1697 5514 Sodoma
1729 5460 1944 5529 vesperi.

348 5544 482 5601 Justi
510 5548 669 5612 hujus
690 5548 1041 5604 excellentem
1069 5550 1323 5605 virtutem
1356 5559 1563 5621 tempus
1606 5551 1706 5607 hoc
1736 5553 1947 5622 potissi-

350 5654 493 5693 mum
542 5640 762 5706 indicat,
795 5640 918 5710 quia
956 5648 1013 5696 et
1051 5642 1331 5712 ingruente
1368 5657 1590 5712 vespera
1630 5644 1942 5714 permansit,

348 5741 403 5787 et
442 5747 548 5787 non
593 5732 820 5787 destitit.
860 5731 992 5788 Nam
1027 5735 1149 5805 quia
1181 5736 1380 5792 sciebat
1406 5736 1609 5794 lucrum
1641 5738 1780 5808 quod
1823 5738 1945 5793 inde

350 5826 686 5891 nascebatur,
714 5825 838 5880 ideo
859 5825 1022 5884 hasce
1048 5830 1258 5889 divitias
1288 5834 1499 5904 assequi
1523 5836 1762 5903 cupiens,
1785 5832 1940 5889 valde

1432 354 1500 412 IN
1529 353 1685 420 CAP,
1725 349 1871 407 XIX.
1911 349 2157 410 GENES.
2200 350 2431 408 llOMlL.
2466 352 2651 409 XLlll.

3580 358 3685 414 $98

2101 465 2321 523 sedulus
2369 477 2504 533 erat,
2546 477 2602 523 et
2645 483 2817 540 neque
2860 468 2950 525 die
2992 471 3211 541 impleto
3251 470 3575 528 discedebat.
3613 474 3682 528 ita

2096 559 2239 614 enim
2280 576 2339 615 se
2379 561 2539 617 habet
2586 565 2761 616 anima
2812 563 3013 618 fervida
3052 574 3107 618 et
3150 565 3392 634 vigilans,
3432 577 3487 621 ut
3525 567 3684 620 nullis

2092 650 2492 721 impedimentis
2541 655 2917 723 praepedtatur,
2960 658 3244 725 quominus
3275 674 3424 713 suam
3450 659 3679 714 declaret

2092 745 2343 801 virtutem
2377 765 2391 802 :
2421 747 2547 817 quin
2585 756 2642 803 et
2685 750 2870 804 istha-c
2910 750 3021 819 ipsa
3052 767 3171 820 qua:
3201 752 3486 820 prohibent
3512 755 3677 807 maxi-

2093 852 2202 903 me,
2233 839 2403 908 magis
2430 839 2671 903 incitant,
2703 853 2757 894 et
2783 856 3038 909 majorem
3067 843 3372 911 cupiditatis
3412 843 3682 898 ﬂammam

2091 929 2409 983 accendunt.
2446 929 2513 984 Ut
2556 941 2722 984 autem
2761 932 2914 997 vidit,
2947 933 3149 1001 inquit,
3195 933 3328 999 Lot,
3369 935 3586 988 surrexit
3628 937 3682 989 in

2092 1037 2356 1076 occursum
2382 1024 2505 1077 illis.
2538 1024 2771 1078 Audiant
2800 1024 2834 1079 ii
2856 1026 2943 1094 qui
2976 1025 3208 1080 advenas
3234 1037 3451 1082 orantes
3475 1036 3531 1082 et
3556 1042 3680 1095 sup-

2088 1112 2378 1181 plicantes,
2415 1128 2476 1168 ac
2502 1114 2692 1169 sedulo
2731 1130 2789 1169 se
2825 1130 3004 1169 coram
3036 1116 3115 1169 eis
3144 1116 3484 1171 demittentes
3515 1117 3677 1170 multa

2088 1203 2475 1261 inhumanitate
2522 1218 2840 1261 aversantur
2893 1216 2948 1261 et
3001 1208 3286 1275 repellunt.
3352 1209 3484 1263 Vide
3533 1210 3677 1262 cuitu

2086 1296 2356 1365 quomodo
2379 1298 2554 1365 justus
2584 1298 2672 1353 ille
2701 1314 2805 1351 non
2832 1300 3161 1368 exspectavit
3188 1300 3361 1354 donec
3386 1300 3451 1353 ad
3483 1316 3542 1355 se
3582 1318 3680 1355 ve—

2087 1388 2281 1454 nirent,
2310 1387 2406 1443 sed
2436 1390 2572 1442 sicut
2596 1390 2895 1459 patriarcha
2916 1432 2929 1456 ,
2961 1390 3212 1462 ignorans
3259 1393 3347 1462 qui
3375 1403 3557 1447 essent
3581 1393 3679 1447 ho.

2084 1478 2269 1547 Spites,
2300 1488 2355 1535 et
2381 1480 2659 1550 suSpicans
2684 1481 2918 1538 viatores
2946 1482 3202 1553 quosdam
3234 1499 3374 1551 esse,
3399 1486 3545 1555 quasi
3566 1500 3676 1555 prae

2080 1571 2275 1639 gaudio
2316 1573 2563 1640 saltabat,
2598 1575 2717 1643 quia
2747 1586 3065 1646 assequutus
3093 1586 3208 1632 erat
3232 1580 3507 1648 qua-sitam
3540 1585 3681 1650 pra»

2079 1660 2225 1727 dam,
2268 1674 2323 1718 et
2348 1679 2452 1719 non
2494 1665 2772 1722 aberrarat
2809 1667 2877 1722 ab
2906 1683 2972 1724 eo
2997 1670 3139 1739 quod
3170 1671 3435 1740 cupiebat.
3476 1671 3544 1727 Ut
3581 1689 3679 1725 an-

2078 1762 2175 1806 tem
2200 1754 2343 1819 vidit,
2386 1755 2578 1827 inquit,
2618 1759 2835 1813 surrexit
2876 1762 2930 1813 in
2969 1777 3228 1815 occursum
3255 1762 3380 1830 illis,
3411 1773 3459 1817 et
3483 1764 3678 1817 adora-

2078 1844 2161 1898 bat
2209 1846 2338 1916 [acie
2383 1864 2536 1918 super
2571 1859 2775 1904 terram.
2817 1850 3027 1907 Gratias
3064 1853 3172 1923 egit
3218 1854 3351 1918 Deo,
3403 1855 3544 1925 quod
3590 1855 3675 1909 tli-

2077 1944 2268 2008 gnatus
2307 1950 2452 1995 esset
2486 1956 2609 1997 eum
2638 1946 3078 2013 prietereuntium
3099 1949 3458 2016 susceptione.
3484 1950 3675 2003 Anim-

2075 2030 2299 2087 adverte
2344 2032 2483 2088 illius
2526 2035 2719 2091 anima:
2761 2037 3035 2094 virtutem.
3077 2038 3323 2109 Magnum
3369 2040 3461 2095 Dei
3496 2041 3673 2096 bene-

2076 2122 2251 2178 ficium
2279 2125 2638 2184 arbitrabatur
2664 2130 2917 2186 incidisse
2964 2131 3017 2185 in
3061 2131 3161 2188 hos
3187 2134 3331 2189 viros
3351 2175 3365 2197 ,
3398 2143 3457 2188 nt
3484 2149 3669 2191 susce-

2075 2214 2180 2283 ptis
2205 2215 2310 2270 illis
2343 2231 2497 2272 suum
2521 2220 2801 2290 perﬁceret
2820 2222 3169 2278 desiderium.
3198 2224 3317 2280 Jam
3349 2240 3417 2280 ne
3443 2225 3669 2291 dixeris,

2072 2306 2220 2378 ipsos
2261 2311 2485 2382 angelos
2526 2313 2723 2370 fuisse:
2768 2316 2866 2371 sed
2909 2316 3011 2372 hoc
3048 2319 3225 2388 potius
3253 2327 3426 2374 tecum
3452 2330 3664 2389 reputa,

2067 2399 2272 2470 justum
2320 2404 2467 2459 illum
2499 2406 2737 2462 nondum
2779 2408 2885 2463 hoc
2923 2410 3166 2474 scivisse,
3194 2410 3289 2466 sed
3312 2413 3462 2482 quasi
3489 2412 3666 2465 homic

2072 2507 2168 2547 nes
2195 2493 2409 2563 ignotos
2429 2507 2482 2551 et
2510 2509 2897 2566 praztereuntes
2933 2502 3252 2571 suscipiens,
3295 2504 3364 2557 ita
3410 2503 3667 2557 affectum

2070 2583 2256 2641 fuisse.
2302 2587 2357 2641 2.
2390 2588 2459 2642 Et
2493 2591 2623 2645 dixit
2645 2607 2664 2645 :
2695 2589 2847 2660 Ecce,
2875 2592 3087 2659 domini,
3118 2594 3341 2648 divertite
3373 2596 3426 2648 in
3456 2596 3666 2648 domum

2070 2677 2216 2744 pueri
2253 2681 2429 2746 vestri,
2465 2690 2512 2735 et
2554 2693 2767 2747 manete,
2818 2684 3073 2755 quiescite,
3107 2698 3152 2739 et
3191 2687 3354 2739 lavate
3388 2688 3535 2755 pedes
3576 2702 3662 2739 re-

2068 2778 2219 2829 stros,
2251 2779 2296 2821 et
2329 2770 2553 2826 diluculo
2582 2777 2719 2842 facto
2748 2775 3139 2844 proﬁciscemini
3172 2777 3224 2829 in
3255 2778 3387 2829 vium
3423 2789 3667 2831 vestram.

2071 2860 2356 2917 Sufficiunt
2404 2864 2519 2919 hzcc
2561 2867 2720 2921 verba
2753 2867 2820 2921 ad
2865 2867 3219 2938 detegendam
3260 2872 3512 2924 virtutem
3541 2874 3665 2938 quae

2069 2952 2121 3007 in
2148 2965 2365 3023 pectore
2384 2955 2512 3025 justi
2544 2957 2756 3013 latebat.
2787 2958 2856 3013 Et
2875 2960 2999 3030 quid
3030 2961 3221 3015 mirum
3244 2962 3287 3016 si
3317 2962 3437 3032 quis
3470 2963 3661 3017 obstu-

2068 3054 2254 3115 pescat
2288 3049 2547 3104 eximiam
2593 3049 2971 3120 humilitatem,
3017 3068 3080 3108 ac
3119 3053 3386 3109 fervorem
3419 3072 3575 3125 quem
3606 3057 3659 3111 in

2068 3136 2436 3207 hospitalitate
2462 3140 2771 3197 declarabat
2796 3143 2818 3196 ?
2849 3142 2997 3206 Ecce,
3028 3143 3216 3214 inquit,
3252 3144 3461 3211 domini,
3492 3147 3662 3201 diver-

2066 3229 2154 3283 tite
2179 3229 2233 3284 in
2269 3230 2474 3285 domum
2499 3233 2640 3303 pueri
2665 3235 2832 3288 vestri.
2863 3234 2929 3289 Et
2955 3234 3073 3291 illos
3100 3234 3347 3291 dominos
3379 3246 3554 3302 vocat,
3596 3252 3661 3293 ac

2066 3320 2303 3390 seipsum
2350 3322 2563 3378 illorum
2604 3340 2817 3380 servum
2845 3326 3101 3396 appellat.
3132 3326 3432 3383 Audiamus
3456 3336 3662 3385 attente

2066 3412 2181 3469 haec
2207 3414 2389 3481 verba,
2427 3416 2784 3484 dilectissimi,
2815 3427 2871 3474 et
2912 3420 3111 3474 similia
3154 3436 3254 3476 nos
3278 3437 3491 3492 quoque
3519 3439 3659 3492 pra--

2065 3514 2209 3561 stare
2234 3507 2527 3564 discamus.
2549 3510 2640 3565 Vir
2667 3511 2954 3581 gloriosus,
2978 3514 3193 3579 nobilis,
3224 3525 3327 3570 tam
3354 3517 3656 3581 abund-ms,

2066 3606 2247 3655 tantus
2292 3602 2701 3672 paterfamilias,
2755 3604 3011 3671 viatores,
3053 3606 3312 3677 hospites,
3342 3608 3570 3678 ignotos,
3600 3621 3658 3664 ut

2063 3692 2413 3762 apparebant,
2451 3694 2606 3761 viles,
2639 3704 3048 3765 prmtereuntes,
3079 3697 3317 3767 nihilque
3346 3699 3415 3753 ad
3444 3715 3502 3755 se
3527 3702 3656 3753 atti-

2063 3793 2276 3849 uentes,
2312 3784 2560 3840 dominos
2598 3787 2857 3853 nominat,
2895 3795 2951 3842 et
2983 3788 3153 3857 inquit
3180 3806 3194 3842 :
3220 3787 3467 3844 Dicet-tite
3490 3791 3542 3843 in
3562 3793 3655 3842 (lo-

2061 3894 2200 3931 mum
2232 3879 2371 3949 pueri
2408 3880 2578 3946 vestri,
2619 3888 2665 3933 et
2691 3881 2948 3949 quiescite.
2976 3880 3210 3951 Vespera
3251 3882 3417 3946 enim,
3460 3882 3650 3951 inquit,

2061 3969 2281 4041 ingruit.
2314 3970 2517 4026 Morem
2548 3971 2681 4026 mihi
2710 3972 2905 4042 gerite,
2946 3981 3002 4027 et
3041 3971 3408 4027 lassitudinem
3433 3972 3539 4027 diei
3566 3987 3653 4026 Stt-

2062 4063 2245 4119 lamini
2274 4065 2328 4119 in
2353 4064 2574 4119 domum
2612 4065 2755 4120 servi
2794 4066 2957 4121 vestri
2995 4065 3349 4121 divertentes.
3386 4065 3651 4137 Numquid

2059 4170 2312 4227 magnum
2341 4157 2497 4213 vobis
2525 4157 2822 4229 promitto?
2848 4156 3038 4212 Lavate
3072 4158 3223 4229 pedes
3246 4166 3433 4212 uestros
3462 4158 3654 4214 itinere

2059 4248 2217 4319 longo
2257 4248 2526 4321 fatigatos,
2568 4259 2618 4306 et
2659 4250 2883 4305 diluculo
2913 4251 3127 4321 pergetis
3159 4250 3214 4305 in
3248 4251 3379 4305 viam
3413 4260 3647 4306 vestram.

2061 4340 2210 4397 lianc
2236 4344 2457 4413 gratiam
2498 4342 2697 4398 donate
2744 4342 2895 4407 tnihi,
2926 4350 2983 4396 et
3023 4342 3334 4411 petitionem
3379 4358 3553 4397 meam
3582 4358 3650 4398 ne

2061 4432 2410 4490 frusttemini.
2440 4433 2508 4487 Et
2535 4434 2795 4501 dixerunt,
2829 4433 3020 4504 inquit,
3055 4432 3288 4498 Minime,
3326 4433 3413 4486 sed
3446 4434 3502 4486 in
3535 4434 3653 4505 plu-

2062 4535 2142 4580 tca
2190 4526 2520 4580 manebimus.
2573 4525 2746 4580 Etiam
2798 4533 2919 4597 post
2973 4534 3171 4580 tantam
3219 4525 3650 4583 exhortationem

2055 4634 2215 4689 quam
2252 4618 2478 4686 fecerat,
2505 4634 2627 4674 cum
2660 4618 2793 4673 vidit
2818 4634 2913 4673 eos
2943 4634 3192 4683 renuere,
3217 4634 3324 4673 non
3355 4618 3648 4688 obtorpuit,

2057 4725 2230 4782 neque
2264 4711 2333 4767 ab
2370 4712 2617 4766 instituto
2659 4726 2758 4765 suo
2802 4709 3034 4777 destitit,
3076 4726 3251 4781 neque
3291 4711 3415 4765 fecit
3445 4712 3519 4766 uti
3550 4727 3650 4766 nos

2057 4802 2324 4858 interdum
2379 4802 2606 4859 facimus
2650 4820 2665 4857 :
2710 4802 2802 4873 qui
2853 4803 2900 4858 si
2959 4801 3173 4873 quando
3227 4802 3456 4871 aliquem
3522 4801 3648 4856 hor-

2055 4898 2159 4953 tari
2203 4897 2504 4967 dignamur,
2546 4905 2602 4952 et
2639 4904 2823 4966 postea
2858 4896 3101 4951 videmus
3137 4910 3421 4965 parumper
3471 4893 3645 4949 detro.

2053 5000 2285 5047 ctantem
2330 5000 2385 5047 et
2435 4998 2774 5055 renuentem,
2820 4989 3000 5044 statim
3043 4987 3358 5044 desistimus
3386 4988 3474 5042 :id
3501 4988 3649 5058 quod

2053 5084 2337 5153 contingit,
2389 5082 2511 5153 quia
2563 5081 2695 5137 citra
2760 5080 3091 5136 desiderium
3131 5092 3187 5135 et
3226 5079 3496 5135 fervorem
3535 5079 3639 5135 hoc

2052 5175 2282 5245 agimus,
2309 5182 2364 5229 et
2386 5174 2619 5229 maxime
2644 5172 2767 5243 quia
2796 5181 3044 5243 putamus
3072 5172 3323 5227 sufficere
3343 5173 3645 5226 excusatio-

2052 5285 2200 5334 nem,
2218 5268 2263 5322 si
2283 5268 2464 5324 dicere
2485 5266 2755 5338 possimus
2780 5266 2975 5322 fecisse
2993 5280 3091 5320 nos
3114 5264 3349 5319 cilicium
3372 5272 3642 5320 nostrum.

2126 5362 2180 5415 5.
2208 5359 2344 5428 Quid
2374 5359 2475 5426 ais,
2506 5358 2744 5413 officium
2783 5364 2838 5411 te
2870 5367 3017 5410 tuum
3046 5354 3280 5409 fecisse?
3305 5355 3549 5412 Amisisti
3582 5356 3637 5411 in

2054 5455 2337 5511 venatione
2354 5452 2609 5523 praedam;
2632 5450 2893 5506 aberrasti
2907 5465 2937 5503 a
2956 5447 3229 5514 thesauro;
3251 5457 3306 5503 et
3321 5436 3415 5504 tuo
3429 5447 3649 5504 functus

2051 5562 2111 5603 es
2121 5545 2298 5601 ofﬁcio
2309 5546 2333 5599 ἲ
2344 5545 2494 5600 Tunc
2506 5553 2597 5599 tuo
2612 5542 2827 5597 functus
2840 5554 2989 5597 esses
3009 5539 3207 5607 officio,
3224 5540 3270 5595 si
3285 5556 3390 5595 non
3408 5541 3640 5609 abiecis-

2049 5654 2186 5696 sese
2209 5639 2452 5693 manibus
2482 5634 2875 5701 thesaurum,si
2905 5647 3011 5686 non
3039 5633 3372 5703 praeterisses
3396 5634 3459 5687 in.
3480 5648 3637 5687 vena.

2053 5734 2199 5790 tione
2212 5731 2467 5804 praedam,
2485 5730 2529 5785 si
2560 5744 2669 5783 non
2684 5725 3048 5796 perfunctorie
3075 5734 3129 5781 et
3153 5724 3327 5783 verbo
3345 5734 3497 5780 tenus
3528 5734 3645 5779 tau-

2057 5837 2167 5886 tum
2196 5824 2614 5899 hospitalitatem
2641 5820 2953 5889 iudicasses.
2981 5820 3047 5876 At
3080 5834 3187 5876 non
3218 5818 3401 5890 justus.
3419 5818 3509 5874 ille
3525 5819 3639 5876 sic:

3760 6257 3965 6291 Λ
