4084 6356
434 367 540 419 3ος»

433 483 527 536 sed
552 483 720 554 quid?
753 486 973 545 Videbat
991 491 1326 555 obluctantes
1341 499 1453 557 suis
1468 501 1738 573 precibus,
1756 510 1812 558 et
1827 501 1881 556 in
1907 498 2024 571 pla-

434 583 516 627 tea
541 591 759 633 manere
785 581 1046 639 volentes.
1071 585 1181 643 lloc
1212 598 1390 647 autem
1417 593 1682 649 faciebant
1703 595 1898 665 angeli,
1915 594 2024 650 vir-

435 676 601 721 tutem
611 668 741 738 justi
761 673 936 741 palam
960 676 1138 735 facere
1158 681 1419 750 volentes,
1435 695 1487 741 et
1509 701 1608 742 nos
1620 701 1808 742 omnes
1827 686 2024 741 docere

432 769 630 825 quanta
652 760 770 832 ejus
795 763 956 821 fuerit
982 768 1338 841 hospitalitas.
1367 775 1559 833 Postea
1584 788 1763 834 autem
1786 793 1893 835 non
1911 778 2024 849 jam

433 851 612 907 verbis
632 866 913 914 contentus
937 871 1022 917 est
1039 864 1334 935 exhortari,
1363 869 1457 926 sed
1495 881 1550 926 et
1577 872 1682 926 vim
1711 871 1856 927 facit.
1892 871 2025 927 Pro-

433 950 618 1035 pterea
640 955 694 1001 et
713 946 956 1008 Christus
972 953 1209 1011 dicebat:
1231 959 1444 1016 i't'oleuti
1470 964 1675 1033 rapiunt
1695 980 1905 1035 regnum
1924 979 2024 1018 ca:—

433 1032 598 1126 lorum
637 1037 850 1108 (Matth.
886 1045 974 1099 11.
1009 1047 1124 1118 l2).
1155 1049 1257 1107 Ubi
1287 1052 1431 1108 enim
1461 1032 2024 1126 spirituale'alfulserit

432 1123 659 1196 lucrum,
685 1137 995 1203 tempeStiva
1032 1141 1191 1196 fuerit
1228 1123 1511 1212 violentia,
1524 1155 1580 1203 et
1614 1146 1895 1202 laudabilis
1931 1161 2024 1202 co-

431 1219 595 1274 actio.
627 1222 681 1276 5.
698 1223 764 1276 Et
793 1231 1142 1299 compellebat,
1174 1235 1365 1306 inquit,
1383 1255 1488 1292 eos.
1517 1239 1642 1293 Mihi
1671 1239 1851 1296 autem
1874 1239 2024 1296 vide-

433 1319 522 1366 tur
554 1322 608 1367 et
643 1315 838 1373 invitos
866 1337 960 1378 eos
988 1327 1283 1385 attrahere.
1318 1330 1522 1386 Deinde
1547 1331 1639 1387 ubi
1662 1332 1913 1389 viderunt
1937 1333 2023 1404 ju-

429 1412 573 1459 stum
605 1406 677 1462 ita
719 1410 1034 1482 ferventem,
1063 1417 1442 1494 nolentemque
1467 1423 1750 1490 desistere,
1778 1425 1884 1482 nisi
1909 1426 2021 1482 voti

428 1510 651 1568 compos
691 1501 862 1571 fieret,
907 1505 1317 1580 Declinaverunt,
1365 1515 1556 1588 inquit,
1595 1518 1665 1572 ad
1702 1535 1838 1587 eum,
1869 1527 1913 1573 et
1940 1519 2022 1573 in-

428 1597 688 1646 traverunt
711 1595 764 1647 in
780 1596 988 1653 domum
1014 1602 1143 1670 ejus.
1165 1602 1236 1659 Et
1249 1605 1369 1675 fecit
1389 1609 1462 1662 eis
1490 1609 1792 1678 convivium,
1819 1618 1866 1664 et
1887 1610 2022 1663 coxit

428 1681 834 1759 infermentatos,
867 1702 914 1746 et
943 1697 1283 1765 comederunt,
1325 1702 1375 1756 4.
1421 1712 1692 1774 antequam
1725 1705 1853 1757 irent
1879 1702 2019 1757 cubi-

430 1785 559 1832 tum.
596 1777 782 1838 Vidisti
814 1793 868 1840 et
899 1787 984 1842 hic
1015 1805 1120 1846 non
1147 1791 1200 1846 in
1227 1803 1540 1865 sumptuosa
1568 1811 1750 1851 mensa
1775 1795 2018 1866 hospita-

429 1867 633 1926 litatem
687 1877 919 1946 ostendi,
971 1881 1066 1936 sed
1107 1884 1284 1953 potius
1336 1887 1390 1941 in
1427 1887 1745 1942 liberalitate
1775 1887 2020 1942 mentis?

427 1961 562 2018 Nam
588 1969 766 2023 statim
795 1981 851 2026 ut
879 1987 974 2028 eos
1000 1973 1253 2033 inducere
1291 1980 1463 2050 potuit
1499 1981 1553 2035 in
1589 1980 1805 2036 domum
1840 1994 2014 2046 suam,

427 2056 636 2113 nullum
682 2059 1061 2134 hospitalitatis
1108 2068 1346 2126 officium
1390 2073 1755 2142 praetermisit.
1793 2072 1862 2127 Et
1905 2073 2020 2142 ipse

427 2148 644 2217 quidem
674 2152 727 2208 in
757 2157 1056 2214 ministerio
1087 2172 1378 2233 occupatus
1403 2175 1537 2231 erat,
1569 2173 1626 2220 et
1655 2165 1805 2222 cibos
1847 2179 2020 2236 appo-

427 2242 555 2338 suit,
594 2253 650 2338 et
683 2259 896 2302 omnem
921 2249 1183 2308 honorem
1215 2256 1523 2338 cultumque
1551 2258 1811 2329 impendit
1837 2259 2021 2330 hospi-

429 2329 593 2422 tibus,
628 2333 875 2394 homines
899 2356 993 2396 eos
1020 2351 1076 2399 et
1108 2329 1349 2403 viatores
1365 2348 1624 2419 quosdam
1655 2365 1776 2406 esse
1801 2329 2016 2422 putans.

438 2421 549 2479 Viri
572 2436 740 2483 autem
779 2432 994 2490 civitatis
1024 2435 1305 2494 Sodomita:
1341 2443 1777 2499 circumdederunt
1805 2421 2020 2500 domum

426 2530 460 2568 a
493 2517 682 2586 juvene
705 2536 862 2592 usque
898 2525 967 2578 ad
1003 2543 1191 2596 senem,
1229 2531 1392 2587 omnis
1430 2533 1648 2603 papulas
1677 2534 1850 2601 simul,
1891 2536 1943 2593 5.
1970 2544 2020 2591 et

426 2621 755 2666 evocaverunt
773 2613 891 2682 Lat,
926 2627 973 2671 et
1002 2620 1236 2676 dixerunt
1260 2624 1339 2679 ei:
1371 2621 1470 2680 Ubi
1496 2637 1615 2681 sunt
1638 2629 1752 2694 viri,
1781 2629 1868 2700 qui
1899 2639 2018 2684 sunt

428 2700 642 2772 ingressi
662 2705 731 2758 ad
761 2715 807 2762 te
834 2711 1020 2765 nocte?
1039 2711 1189 2767 Educ
1213 2730 1296 2769 eos
1319 2715 1388 2769 ad
1417 2733 1529 2784 nos,
1559 2728 1617 2772 ut
1649 2735 1884 2774 coeamus
1901 2736 2016 2773 cum

425 2792 518 2847 eis.
549 2794 626 2850 Ne
654 2797 1014 2867 perfunctorie
1043 2813 1377 2862 transeamus
1404 2823 1523 2879 qua:
1550 2809 1693 2865 dicta
1723 2820 1884 2878 sunt,
1929 2826 2020 2867 ca-

425 2884 647 2954 rissimi,
688 2899 744 2944 et
789 2906 895 2946 non
941 2895 1115 2951 solum
1166 2897 1390 2954 istorum
1433 2900 1708 2956 videamus
1751 2903 2016 2958 insaniam

427 2977 573 3033 nulla
602 2981 755 3037 venia
787 2982 1112 3055 dignandam
1146 3005 1162 3056 ;
1193 2989 1289 3046 sed
1319 2998 1375 3046 et
1397 2993 1714 3062 cogitemus,
1746 2994 2018 3064 quomodo

423 3069 598 3140 justus
639 3071 694 3129 in
738 3076 920 3132 medio
946 3088 1052 3134 tam
1086 3081 1507 3138 truculentarum
1538 3085 1829 3140 bestiarum
1863 3086 2017 3142 habi-

425 3174 568 3235 tans,
593 3169 665 3224 ita
685 3172 968 3228 excellenti
991 3174 1186 3231 virtute
1212 3176 1440 3245 fulserit,
1468 3180 1739 3249 quomodo
1761 3181 1903 3237 ferre
1923 3197 2017 3252 po-

428 3261 590 3316 tuerit
620 3263 951 3335 iniquitatem
983 3283 1194 3337 eorum,
1235 3272 1506 3342 quomodo
1545 3288 1650 3328 non
1681 3273 1876 3345 fugerit
1919 3290 2016 3330 eo-

426 3365 545 3406 rum
566 3354 858 3424 civitatem,
881 3360 1152 3429 quomodo
1175 3363 1255 3417 eis
1283 3363 1427 3434 loqui
1456 3365 2014 3436 potuerit.Quomodo,

426 3456 528 3512 ego
556 3442 753 3500 dicam.
785 3447 1030 3504 Universi
1063 3451 1320 3509 Dominus
1362 3455 1666 3525 praevidens
1700 3458 2016 3528 stupendam

427 3534 640 3592 illorum
672 3540 985 3611 nequitiam,
1016 3543 1366 3613 dispensavit,
1397 3555 1454 3601 ut
1483 3547 1661 3618 justus
1688 3563 1754 3603 eo
1783 3549 1887 3604 loci
1916 3549 2017 3605 do—

429 3624 688 3685 micilium
721 3631 974 3699 haberet,
1003 3644 1063 3690 ut
1100 3637 1237 3692 sicut
1267 3639 1500 3707 optimus
1530 3640 1771 3696 medicus
1801 3641 2019 3696 morbos

427 3731 613 3773 eorum
656 3723 986 3780 emendaret.
1021 3725 1218 3782 Verum
1258 3728 1448 3784 videns
1486 3745 1547 3785 se
1589 3745 1717 3785 cura
1747 3746 1841 3785 sua
1885 3731 2018 3786 nihil

429 3811 710 3879 prolicere,
759 3823 816 3869 et
856 3814 978 3870 illos
1020 3816 1220 3872 nullam
1251 3818 1390 3873 velle
1425 3819 1691 3875 medelam
1717 3822 2015 3892 suscipere,

430 3915 536 3955 non
567 3915 851 3974 propterea
873 3921 902 3959 a
933 3922 1063 3962 cura
1090 3908 1316 3965 destitit.
1362 3911 1532 3967 [labet
1557 3913 1701 3969 enim
1734 3914 1876 3970 hunc
1901 3930 2016 3970 mo-

429 4007 544 4048 rem
569 3997 842 4053 medicus:
869 4002 1114 4070 quamvis
1139 4003 1315 4059 videat
1353 4006 1571 4061 morbos
1597 4021 1718 4061 esse
1743 4008 2018 4077 graviores

428 4101 588 4154 quam
621 4097 678 4142 ut
707 4099 822 4145 arte
852 4094 1027 4147 curari
1068 4096 1294 4163 possint,
1330 4113 1437 4152 non
1467 4099 1664 4154 omittit
1687 4109 1864 4156 tamen
1892 4100 2016 4155 ofﬁ-

428 4176 572 4232 cium
600 4193 780 4246 suum,
804 4191 882 4250 ut,
909 4185 954 4238 si
987 4185 1122 4242 forte
1152 4189 1321 4257 possit
1349 4205 1549 4260 :egrum
1577 4193 1659 4245 vel
1691 4193 1848 4263 longo
1879 4203 2017 4249 tem-

431 4284 559 4338 pore
579 4286 852 4342 reparare,
881 4279 1242 4345 praestantiam
1261 4281 1392 4335 artis
1408 4282 1683 4337 ostendat:
1703 4284 1846 4354 quod
1868 4285 1913 4338 si
1940 4285 2020 4339 ni-

431 4361 504 4416 hil
533 4365 758 4434 amplius
788 4369 1050 4436 proticiat,
1083 4371 1274 4427 habeat
1307 4375 1707 4431 excusationem
1735 4377 2016 4448 majorem,

427 4469 497 4508 eo
519 4457 660 4524 quod
692 4457 825 4512 nihil
849 4463 1255 4530 praetermiserit
1281 4465 1422 4535 quod
1449 4466 1515 4521 ad
1542 4482 1602 4522 se
1629 4469 1943 4537 pertineret.

503 4548 834 4604 Exsecranda
859 4552 1241 4609 Sodomitarum
1259 4558 1497 4628 nequitia.
1528 4589 1599 4600 —-
1625 4560 1681 4615 Id
1703 4576 1830 4617 sane
1849 4571 1904 4617 et
1932 4562 2020 4619 hic

431 4639 626 4694 factum
649 4652 753 4696 est.
778 4642 969 4700 Justus
994 4647 1137 4701 enim
1167 4647 1255 4702 hic
1291 4649 1382 4718 qui
1413 4651 1725 4706 versabatur
1745 4653 1799 4707 in
1841 4654 2019 4709 medio

431 4732 668 4799 illorum,
700 4735 860 4789 etiam
891 4737 969 4791 sic
987 4740 1183 4794 mansit
1203 4739 1400 4810 justus,
1431 4743 1760 4816 multamque
1783 4746 2019 4816 philoso-

430 4825 614 4891 phiam
661 4827 947 4882 exhibuit:
981 4830 1059 4885 illi
1111 4840 1289 4887 autem
1338 4845 1621 4905 propterea
1671 4837 1818 4892 omni
1863 4839 2019 4894 venia

428 4927 553 4973 sunt
581 4919 841 4989 destituti,
888 4923 1030 4992 quod
1071 4939 1176 4979 non
1223 4926 1395 4980 solum
1419 4942 1450 4982 a
1478 4929 1678 4983 malitia
1707 4945 1813 4984 non
1835 4945 2018 4986 cessa-

429 5011 556 5076 rint,
585 5011 682 5066 sed
705 5021 762 5069 et
783 5014 954 5084 magis
975 5029 1093 5070 eam
1119 5019 1381 5072 auxerint.
1415 5017 1550 5074 Vide
1575 5020 1716 5074 enim
1750 5039 1762 5073 :
1793 5020 2025 5075 Circum-

427 5105 697 5168 dederunt,
743 5105 934 5175 inquit,
975 5106 1182 5161 domum
1216 5126 1248 5162 a
1280 5111 1466 5181 juvene
1508 5127 1662 5177 usque
1713 5112 1780 5166 ad
1826 5129 2016 5180 senem,

429 5197 593 5252 omnis
620 5198 842 5269 populus
865 5199 1037 5255 simul.
1063 5201 1280 5257 Summa
1309 5203 1526 5257 malitiae
1550 5205 1897 5274 conspiratio,
1924 5221 2021 5261 ve-

429 5287 653 5344 hemens
688 5290 830 5346 male
865 5292 1058 5363 agendi
1088 5294 1346 5361 studium,
1398 5295 1767 5352 inenarrabilis
1795 5314 2018 5368 perver-

430 5381 604 5434 sitatis
647 5383 980 5476 magnitudo,
1031 5394 1254 5441 conatus
1282 5386 1427 5441 nulla
1445 5387 1600 5442 venia
1627 5388 1839 5459 dignus.
1864 5390 1907 5442 A
1928 5393 2020 5459 ju-

429 5485 586 5534 vene,
626 5470 816 5541 in'quit,
873 5489 1032 5545 usque
1070 5477 1140 5528 ad
1174 5493 1362 5530 senem.
1405 5475 1521 5531 Non
1550 5479 1757 5544 solum,
1803 5480 2016 5550 inquit,

425 5563 682 5634 juventus
711 5564 827 5620 lucc
849 5568 985 5621 mala
1012 5567 1314 5639 inquirebat
1342 5586 1355 5620 τ
1393 5570 1562 5626 sedet
1601 5582 1867 5641 provecta:
1887 5584 2018 5626 :L'la-

432 5657 502 5710 tis
551 5658 648 5712 viri
686 5659 944 5724 aderant,
1002 5670 1058 5717 et
1109 5663 1286 5717 omnis
1339 5665 1564 5733 pepulns
1608 5665 1787 5720 simul.
1831 5665 2018 5733 Neque

429 5750 822 5806 erubescebant
843 5761 949 5806 tam
978 5763 1151 5822 turpe,
1177 5763 1391 5825 tamque
1419 5755 1700 5826 impudens
1735 5755 2016 5826 flagitium,

430 5856 606 5915 neque
636 5843 936 5902 insomnem
964 5844 1175 5902 oculum
1216 5845 1557 5918 cogitabant,
1594 5861 1770 5919 neque
1814 5846 2016 5918 justum

1145 379 1204 435 S.
1246 373 1526 436 JOANNIS
1561 368 2044 430 CllRVSOSTOMl
2083 367 2402 426 ARCHIEP.
2434 367 2966 428 CONSTANTINOP.

3612 372 3718 430 ιοο

2133 482 2540 551 reverebantur,
2565 499 2738 556 neque
2761 485 2826 540 iis
2851 499 2986 554 quos
3015 482 3254 554 hospites
3275 483 3669 540 arbitrabantur
3697 523 3718 551 ,

2131 577 2331 648 quique
2385 577 2527 647 apud
2571 577 2778 647 justum
2807 577 3138 634 diverterant
3173 578 3540 649 hospitalitate
3588 578 3720 634 insi.

2129 683 2290 738 gnem
2314 708 2330 736 ,
2375 669 2665 738 parcebant
2697 687 2711 724 :
2745 669 2840 727 sed
2873 669 3077 741 absque
3097 669 3317 737 rubore,
3349 679 3405 725 et
3433 669 3578 725 nudo
3597 711 3612 736 ,
3659 678 3720 725 ut

2130 760 2314 827 aiunt,
2347 761 2543 830 capite,
2574 761 2811 818 libidinis
2836 777 2950 818 sua:
2986 761 3148 819 verba
3175 762 3440 831 dicentes,
3465 777 3717 818 necesse-

2130 863 2276 921 runt,
2304 863 2359 910 et
2405 865 2595 911 vocato
2621 854 2788 925 justo,
2822 855 3184 912 dixeruntei:
3221 855 3320 911 Ubi
3345 865 3464 911 sunt
3490 856 3588 911 viri
3631 858 3719 927 qui

2128 948 2344 1018 ingressi
2366 957 2484 1003 sunt
2529 951 2599 1002 ad
2627 947 2924 1003 vos?Educ
2967 965 3088 1014 eos,
3130 957 3184 1003 ut
3209 965 3572 1019 cognoscamus
3613 965 3718 1003 eos.

2128 1040 2358 1110 Propter
2397 1041 2539 1096 hunc
2580 1057 2766 1097 eorum
2817 1042 3060 1096 illicitum
3085 1051 3367 1109 conatum,
3396 1052 3453 1099 et
3500 1042 3716 1112 impiam

2129 1131 2541 1202 perversitatem
2565 1173 2581 1199 ,
2635 1133 2827 1204 Opinor
2867 1133 3068 1202 justum
3104 1148 3276 1204 usque
3309 1133 3377 1190 ad
3431 1148 3715 1204 vesperam

2128 1222 2356 1291 sedisse,
2388 1231 2447 1279 ut
2471 1239 2537 1278 ne
2562 1223 2764 1280 sineret
2794 1225 3026 1280 viatores
3051 1225 3264 1296 ignaros
3290 1224 3530 1281 incidere
3559 1226 3612 1281 in
3643 1226 3715 1282 il-

2127 1314 2302 1370 lorum
2326 1315 2567 1386 laqueos.
2599 1315 2664 1370 Et
2683 1315 2860 1385 justus
2887 1316 3101 1387 quidem
3128 1332 3250 1372 cum
3271 1317 3632 1387 hospitalitate
3658 1327 3718 1374 et

2127 1420 2318 1476 magna
2343 1406 2593 1477 pudicitia
2621 1405 2758 1461 hanc
2783 1423 2996 1477 quoque
3022 1407 3265 1463 adhibuit
3284 1408 3639 1479 diligentiam,
3658 1417 3720 1465 ut

2125 1511 2314 1553 omnes
2339 1508 2725 1568 prmtereuntes
2753 1500 3072 1570 susciperet,
3105 1500 3388 1571 nullusque
3426 1516 3550 1557 eum
3583 1501 3716 1557 late-

2125 1600 2241 1659 ret,
2272 1591 2397 1648 licet
2425 1607 2518 1648 eos
2556 1601 2680 1648 tunc
2728 1609 2833 1647 non
2864 1593 3084 1664 angelos
3115 1635 3132 1659 ,
3172 1593 3265 1648 sed
3313 1592 3559 1650 homines
3594 1608 3716 1649 esse

2130 1693 2363 1756 putaret.
2398 1684 2550 1756 [mpii
2578 1695 2755 1742 autem
2783 1687 2858 1742 illi
2887 1697 3243 1758 praeterquam
3280 1687 3421 1758 quod
3447 1687 3578 1742 nihil
3611 1687 3716 1742 tale

2124 1780 2372 1849 agebant,
2403 1779 2562 1851 quale
2591 1779 2769 1850 justus
2797 1779 2905 1846 ille,
2935 1795 2997 1835 ea
3028 1780 3205 1834 solum
3249 1788 3564 1851 perpetrare
3593 1787 3714 1834 stu-

2123 1870 2324 1926 debant
2347 1912 2364 1938 ,
2404 1887 2524 1943 qua:
2549 1873 2840 1944 nequitiam
2865 1888 3077 1928 omnem
3109 1873 3268 1944 longo
3297 1873 3578 1928 intervallo
3623 1887 3715 1927 su-

2124 1974 2398 2034 perarent.
2440 1965 2672 2034 Propter
2693 1966 2794 2020 hoc
2819 1981 2947 2036 ergo
2981 1966 3032 2020 in
3061 1967 3232 2036 platea
3259 1965 3507 2020 volebant
3531 1980 3714 2020 mane-

2123 2073 2204 2124 re,
2235 2067 2294 2114 ut
2322 2057 2516 2113 darent
2548 2058 2700 2127 justo
2725 2059 3066 2114 occasionem
3087 2057 3396 2113 declarandi
3429 2057 3712 2128 hOSpitali-

2125 2161 2290 2207 tatem
2317 2167 2440 2223 erga
2468 2153 2614 2222 ipsos
2635 2168 2807 2217 suam,
2829 2162 2883 2208 et
2907 2162 3266 2208 monstrarent
3294 2154 3344 2208 ei
3361 2154 3532 2224 reipsa
3553 2168 3712 2224 quam

2122 2245 2279 2316 digne
2299 2245 2573 2314 suppliciis
2598 2245 2674 2298 illi
2698 2245 3054 2314 plecterentur
3083 2244 3177 2315 qui
3214 2245 3267 2299 in
3295 2255 3404 2300 tam
3445 2244 3712 2316 stupenda

2121 2335 2320 2407 flagitia
2365 2345 2794 2407 prorumperent.

2193 2430 2249 2484 4.
2297 2428 2404 2484 Sed
2449 2429 2725 2484 videamus
2781 2429 2849 2484 de
2885 2437 3082 2484 czetero
3130 2428 3400 2499 ingentem
3439 2427 3568 2498 justi
3613 2427 3712 2481 viri

2123 2521 2396 2575 virtutem.
2429 2519 2482 2575 6.
2510 2519 2776 2591 Egressus,
2809 2520 3006 2590 inquit,
3038 2520 3106 2572 ad
3129 2535 3213 2574 eos
3256 2520 3325 2573 ad
3368 2519 3661 2573 vestibulum
3691 2558 3712 2585 ,

2114 2616 2334 2686 januam
2379 2613 2582 2684 quidem
2609 2613 2790 2668 clausit
2819 2623 2930 2684 post
2951 2629 3024 2679 se,
3055 2613 3279 2682 dixitque
3325 2612 3392 2665 ad
3421 2629 3525 2666 eos.
3577 2610 3714 2665 Vide

2121 2703 2395 2776 quomodo
2424 2707 2577 2760 timet
2601 2705 2799 2775 justus,
2831 2713 2884 2760 et
2915 2705 3095 2758 tremit
3119 2719 3216 2774 pro
3260 2704 3528 2773 hospitum
3558 2717 3714 2757 secu-

2120 2799 2295 2868 ritate.
2333 2797 2516 2868 Neque
2559 2798 2702 2852 enim
2735 2805 2939 2851 tantum
2965 2796 3181 2866 januam
3230 2795 3421 2852 clausit
3467 2802 3587 2864 post
3627 2807 3709 2860 se,

2121 2865 2412 2945 sed‘sciens
2435 2903 2620 2944 eorum
2653 2888 2913 2942 insaniam
2941 2897 2995 2942 et
3024 2886 3326 2952 audaciam,
3355 2895 3409 2940 et
3434 2885 3712 2956 suSpicans

2122 2997 2309 3037 eorum
2342 2981 2722 3047 temeritatem,
2750 2980 2946 3036 deinde
2995 2980 3167 3050 inquit
3213 2979 3281 3034 ad
3327 2993 3461 3033 eos:
3495 2976 3711 3046 Nequa-

2124 3091 2300 3145 quam,
2333 3077 2539 3145 fratres.
2589 3074 2633 3128 Ο
2657 3073 2786 3143 justi
2829 3073 2932 3126 viri
2982 3071 3350 3126 tolerantiam!
3381 3086 3414 3124 o
3441 3070 3711 3140 ingentem

2122 3167 2514 3222 humilitatem!
2551 3165 2674 3220 llaec
2711 3180 2841 3220 vera
2869 3165 3038 3220 virtus
3061 3173 3166 3228 est,
3203 3165 3275 3218 ita
3309 3171 3588 3218 mansuete
3628 3160 3711 3216 al-

2122 3261 2266 3332 loqui
2299 3261 2433 3317 tales
2468 3259 2738 3314 homines.
2770 3258 2956 3314 Nullus
3003 3259 3145 3315 enim
3175 3273 3376 3328 :egrnm
3401 3257 3586 3311 volens
3614 3270 3712 3310 cu-

2121 3368 2264 3419 rare,
2291 3361 2345 3408 et
2383 3351 2737 3407 insanientem
2766 3352 3047 3420 castigare,
3078 3365 3201 3405 cum
3236 3348 3511 3403 iracundia
3539 3356 3593 3402 et
3617 3362 3716 3400 au-

2122 3445 2363 3500 steritate
2395 3442 2498 3497 hoc
2525 3441 2673 3498 facit.
2705 3442 2774 3496 Et
2796 3442 3163 3496 animadverte
3191 3439 3462 3512 quomodo
3483 3453 3596 3501 eos,
3619 3438 3713 3508 qui

2123 3545 2232 3591 tam
2269 3534 2500 3590 absurda
2554 3545 2767 3604 patrare
2814 3534 3092 3597 volebant,
3117 3532 3313 3588 fratres
3350 3541 3525 3595 vocat,
3557 3540 3618 3585 ut
3659 3539 3716 3586 et

2121 3644 2308 3684 eorum
2337 3628 2696 3684 conscientias
2727 3636 2989 3698 tangeret,
3014 3635 3068 3682 et
3092 3642 3123 3682 a
3140 3625 3343 3682 nefario
3362 3624 3562 3695 ﬂagitio
3589 3623 3715 3679 illos

2123 3721 2430 3777 abduceret.
2467 3719 2841 3791 Nequaquam,
2897 3720 3084 3790 inquit,
3121 3721 3337 3790 fratres;
3365 3717 3522 3771 nolite
3543 3716 3715 3786 inique

2123 3833 2291 3887 agere.
2345 3815 2489 3871 Nihil
2520 3817 2629 3870 tale
2657 3815 2903 3885 cogitetis
2929 3855 2944 3881 ,
2973 3828 3042 3869 ne
3067 3811 3363 3868 admittatis
3393 3819 3500 3865 tam
3548 3823 3716 3879 grave

2124 3910 2299 3966 scelus
2325 3910 2376 3964 in
2409 3917 2641 3965 mentem
2669 3917 2927 3971 vestram,
2958 3921 3026 3961 ne
3047 3913 3291 3960 naturam
3331 3904 3500 3973 ipsam
3526 3901 3714 3956 tradu-

2124 4006 2280 4070 catis,
2328 4019 2395 4059 ne
2420 4004 2636 4059 illicitos
2667 4001 2980 4072 excogitetis
3005 4000 3177 4055 coitus
3207 3996 3339 4054 :sed
3365 3998 3411 4052 si
3438 3994 3715 4051 volueritis

2125 4097 2346 4151 insnnire
2397 4103 2591 4152 vestrae
2637 4095 2875 4149 furorem
2921 4091 3266 4157 demulcere,
3305 4103 3406 4159 ego
3458 4085 3714 4158 quiddam

2123 4189 2394 4259 praebebo,
2440 4202 2549 4257 quo
2593 4185 2854 4256 flagitium
2879 4193 3118 4240 vestrum
3145 4182 3315 4238 levius
3342 4180 3452 4235 fiat.
3489 4179 3542 4234 8.
3577 4179 3716 4234 Sunt

2124 4279 2247 4333 mihi
2275 4278 2391 4334 dua:
2419 4279 2560 4347 ﬁlim,
2581 4293 2692 4347 qua:
2719 4276 2853 4332 uiros
2881 4292 2981 4330 non
3007 4281 3362 4346 cognoverunt.
3395 4271 3603 4337 Adhuc,
3632 4270 3717 4324 in-

2125 4373 2270 4442 quit,
2302 4373 2598 4442 inexpertre
2651 4379 2778 4426 sunt
2830 4368 3083 4440 nuptialis
3109 4380 3454 4438 congressus,
3500 4365 3714 4420 intacta:

2125 4474 2270 4530 sunt,
2295 4464 2518 4534 juvenes
2544 4472 2689 4530 sunt,
2719 4471 2775 4519 et
2803 4461 2977 4515 adhuc
3007 4461 3059 4514 in
3090 4458 3220 4513 llore
3243 4457 3416 4513 :etatis
3446 4473 3460 4510 :
3491 4469 3584 4511 eas
3598 4469 3716 4509 om-

2126 4557 2281 4612 nibus
2312 4559 2582 4628 expositas
2611 4557 2705 4622 do,
2752 4564 2806 4611 et
2829 4553 3040 4610 utimini
3064 4553 3143 4607 eis
3166 4552 3304 4606 sicut
3332 4549 3487 4605 vobis
3514 4549 3712 4619 placet.

2126 4651 2380 4722 Acceptis
2427 4650 2535 4704 illis
2559 4691 2574 4716 ,
2606 4648 2795 4718 inquit,
2827 4645 3037 4716 explete
3065 4654 3299 4700 vestram
3328 4643 3383 4698 in
3423 4642 3502 4697 eis
3534 4639 3716 4695 libidi-

2127 4759 2248 4799 nem
2275 4784 2290 4808 ,
2338 4751 2394 4797 et
2462 4741 2732 4810 indulgete
2784 4749 2976 4794 vestra:
3018 4737 3173 4792 malae
3223 4732 3712 4806 concupiscentia):

2125 4837 2350 4891 Tantum
2388 4837 2442 4889 in
2462 4836 2594 4890 viros
2618 4833 2736 4888 illos
2763 4832 2891 4886 nihil
2923 4831 3139 4902 feceritis
3167 4831 3416 4900 iniquum,
3447 4834 3716 4897 propterea

2124 4931 2260 5000 quod
2283 4930 2592 4983 intraverunt
2620 4926 2712 4981 sub
2734 4936 2860 4980 tecta
2889 4926 3142 4996 tignorum
3163 4938 3406 4976 meorum.
3427 4917 3714 4988 Quoniam,

2128 5021 2319 5090 inquit,
2347 5019 2496 5089 coegi
2527 5032 2622 5073 eos
2645 5026 2700 5072 et
2740 5016 2923 5071 induxi
2953 5015 3051 5071 sub
3083 5023 3278 5070 tectum
3315 5026 3512 5077 meum,
3543 5016 3603 5064 ut
3645 5023 3717 5063 ne

2127 5113 2257 5166 mihi
2299 5109 2639 5165 adscribatur
2687 5107 2940 5179 iniquitas
2971 5107 3022 5161 in
3051 5121 3144 5162 eos
3169 5113 3399 5174 patrata,
3425 5110 3481 5158 et
3506 5115 3606 5172 ego
3635 5100 3715 5155 eis

2127 5211 2313 5256 auctor
2333 5201 2431 5255 sim
2455 5199 2816 5263 contumelize,
2850 5198 3050 5253 idcirco
3092 5210 3188 5265 pro
3214 5195 3293 5250 eis
3313 5195 3446 5250 duas
3469 5204 3620 5249 meas
3656 5186 3722 5239 li-

2126 5295 2224 5348 lias
2251 5293 2341 5352 do,
2376 5301 2433 5346 ut
2466 5291 2538 5345 illi
2587 5305 2617 5344 a
2645 5290 2892 5345 manibus
2919 5288 3114 5343 vestris
3159 5286 3476 5341 liberentur.
3501 5284 3717 5350 Quanta

2123 5387 2250 5457 justi
2280 5385 2490 5439 virtus?
2517 5399 2731 5438 omnem
2781 5384 3030 5438 virtutem
3085 5378 3465 5448 hospitalitatis
3492 5391 3716 5448 supera-

2127 5481 2220 5532 vit.
2256 5477 2392 5546 Quid
2425 5478 2566 5530 enim
2615 5477 2735 5546 quis
2780 5475 2908 5545 justi
2968 5474 3126 5541 hujus
3154 5472 3479 5543 benignitate
3507 5478 3591 5524 sat
3626 5467 3715 5522 di-

2126 5586 2286 5640 gnum
2321 5568 2623 5639 protulerit,
2653 5568 2746 5637 qui
2795 5580 2968 5635 neque
2995 5565 3201 5618 ﬁliabus
3243 5577 3465 5634 parcere
3495 5560 3664 5615 voluit
3691 5598 3713 5626 ,

2129 5673 2186 5716 ut
2209 5661 2489 5717 exhiberet
2515 5659 2812 5730 hospitibus
2840 5659 3122 5720 honorem,
3150 5665 3205 5711 et
3254 5657 3504 5710 liberaret
3546 5666 3643 5708 eos
3679 5668 3712 5705 κ

2129 5753 2478 5823 perversitate
2503 5751 2896 5807 Sodomitarum
2920 5749 2942 5803 ?
2971 5748 3038 5803 Et
3071 5747 3158 5803 ille
3191 5746 3406 5818 quidem
3437 5746 3571 5799 tilias
3587 5758 3715 5798 suas

2133 5845 2420 5916 prostituit,
2467 5851 2526 5900 ut
2573 5842 2812 5916 hospites
2839 5841 3070 5898 viatores
3100 5840 3317 5912 (iterum
3346 5838 3487 5895 enim
3518 5835 3708 5894 eadem
