4084 6356
199 284 305 339 309

191 398 589 461 ἀντιτείνοντας
620 398 713 451 καὶ
737 400 816 461 εἰς
843 399 941 468 τὴν
978 400 1231 452 πλατεῖαν
1266 398 1567 453 καταλῦσαι
1601 399 1861 470 βουλομέ-

194 502 321 548 νους
344 485 523 552 (τοῦτο
552 485 608 537 δὲ
643 486 858 538 ἐποίουν
884 487 933 538 υί
961 485 1201 554 ἄγγελοι,
1248 488 1340 540 ἐπὶ
1368 487 1528 539 πλέον
1562 486 1865 555 ἐκκαλύψαι

192 572 293 642 τὴν
315 573 516 641 ἀρετὴν
542 572 851 642 βουλόμενοι
900 574 991 626 τοῦ
1039 575 1270 637 δικαίου,
1298 575 1392 627 καὶ
1416 574 1701 628 παιδεῦσαι
1732 573 1868 627 πάν-

194 676 295 721 τας
319 661 485 729 ἡμᾶς,
521 661 619 730 ὂση
649 660 813 713 αὑτοῦ
840 664 872 731 ή
907 661 1219 731 φιλοξενία),
1255 662 1442 715 λοιπὸν
1469 663 1628 724 αὐτὸς
1657 662 1756 714 οὑκ
1786 660 1867 713 ἐτι

195 748 451 816 ἀνέχεται
478 748 564 800 διά
590 748 764 815 λόγων
793 749 889 817 τὴν
919 749 1261 818 παράκλησιν
1284 749 1571 812 ποιεῖσθαι,
1602 748 1737 801 ἀλλά
1774 749 1868 801 καὶ

199 834 321 903 βίαν
349 834 642 904 ἐπιτίθησι.
668 836 766 888 Διά
795 836 949 888 τοῦτο
969 836 1061 887 καὶ
1086 838 1114 888 6
1142 836 1375 906 Χριστὸς
1412 835 1586 903 ἐλεγεο
1615 833 1864 888 Βιασταὶ

197 921 525 989 ἁρπάζουσι
571 923 688 990 τὴν
724 923 1052 986 ,βασιλείαν
1088 923 1207 975 τῶν
1238 922 1524 989 οὐρανῶν.
1560 922 1725 974 Ἔνθα
1756 926 1864 991 γὰρ

199 1010 267 1061 ἂν
302 1010 669 1079 πνευματικὸν
708 1010 991 1081 πρόκειται
1036 1011 1247 1080 κέρδος.
1289 1008 1540 1080 εὔκαιρος
1584 1011 1617 1079 ἡ
1649 1010 1863 1079 ἀνάγκη

199 1097 352 1166 καὶὴ
388 1097 476 1166 βία
510 1099 787 1169 ἐπαινετή.
820 1099 925 1151 Καὶ
954 1095 1336 1161 κατεϐιάζετο,
1384 1097 1568 1166 φησὶν,
1621 1098 1861 1161 αὐτούς.

211 1185 364 1253 Ἐμοὶ
397 1185 543 1236 δοκεῖ
566 1186 659 1237 καὶ
680 1183 909 1247 ἄκοντας
932 1182 1125 1247 αὐτοὺς
1147 1184 1342 1236 ἐλκειν.
1375 1179 1505 1235 Εἶτα
1526 1183 1713 1253 ἐπειδὴ
1729 1179 1866 1234 εἶδον

195 1271 287 1322 τὸν
310 1271 514 1324 δίκαιον
533 1270 694 1341 ἔργον
732 1270 888 1324 τοῦτο
911 1271 1212 1340 τιθέμενον,
1244 1270 1336 1323 καῖ¹
1366 1270 1425 1322 οὑ
1450 1269 1717 1339 πρότερον
1762 1270 1867 1338 ἀφ-

198 1359 512 1430 ιστάμενον,
547 1360 595 1410 εἰ
625 1358 700 1429 μὴ
729 1358 789 1410 τὸ
817 1358 1245 1427 σπουδαζόμενον
1276 1355 1424 1426 αὑτῴ
1450 1359 1525 1419 είς
1546 1356 1705 1427 ἔργον
1734 1356 1868 1424 ἀγά-

196 1460 307 1511 γοι,
353 1442 716 1506 Ἐξέκλιναν,
754 1443 905 1511 φησὶ,
930 1442 1077 1509 πρὸς
1104 1440 1307 1503 αὐτὸν,
1342 1440 1439 1493 καὶ
1474 1440 1762 1506 εἰσῆλθον
1782 1441 1868 1503 είς

197 1532 303 1584 τὸν
332 1532 502 1585 οἷκον
519 1530 727 1585 αὐτοῦ.
774 1530 886 1583 Καὶ
928 1530 1215 1595 ἐποίησεν
1245 1527 1448 1593 αὐτοῖς
1478 1526 1627 1598 [459]
1659 1528 1865 1588 πότον,

197 1620 298 1671 καὶ
327 1617 584 1687 ἀζύμους
634 1620 863 1686 ἔστεψεν
923 1616 1149 1681 αὐτοῖς,
1184 1615 1283 1667 καί
1339 1615 1568 1683 ἔφαγον
1605 1614 1719 1683 πρὸ
1760 1615 1866 1668 τοῦ

197 1701 571 1771 κοιμηθῆναι.
629 1698 781 1764 Εἶδες
815 1701 910 1754 καὶ
936 1699 1169 1753 ἐνταῦθα
1197 1700 1299 1752 οὑκ
1322 1702 1380 1751 ἐν
1422 1699 1487 1768 τῇ
1550 1698 1867 1769 πολυτελείᾳ

194 1791 293 1858 τῆς
327 1789 604 1860 τραπέζης
626 1788 725 1859 τὴν
745 1787 1048 1857 φιλοξενίαν
1068 1787 1534 1857 ἐπιδεικνυμένην,
1565 1786 1699 1840 ἀλλά
1714 1787 1771 1839 ἐν
1800 1789 1865 1857 τῇ

194 1878 446 1947 δαψιλείᾳ
472 1879 568 1946 τῆς
598 1875 851 1947 γνώμηςς
893 1876 1108 1947 Ἐπειδὴ
1136 1877 1243 1947 γὰρ
1264 1878 1485 1945 ίσχυσεν
1514 1876 1711 1937 αὐτοὺς
1759 1877 1866 1928 εἰσ-

195 1968 425 2032 αγαγεῖν
459 1966 539 2027 είς
573 1966 662 2018 τὸν
693 1958 839 2017 οἶκον
868 1963 1054 2027 αὑτοῦ,
1078 1963 1279 2027 εὐθέως
1309 1963 1378 2016 τά
1421 1963 1523 2033 τῆς
1569 1962 1868 2031 φιλοξενίας

194 2053 557 2105 ἐπεδείκνυτο.
584 2052 695 2105 Καὶ
723 2053 929 2115 ἐκεῖνος
964 2052 1061 2121 μὲν
1093 2052 1229 2123 πρὸς
1257 2051 1356 2121 τὴν
1376 2050 1669 2122 θεραπείαν
1691 2050 1867 2103 αὑτῶν

194 2139 657 2211 παρεσκευάζετο,
690 2140 782 2192 καὶ
803 2138 871 2191 τά
907 2140 1006 2209 τῆς
1034 2138 1329 2202 ἑστιάσεως
1354 2140 1605 2209 παρεῖχε,
1637 2139 1731 2191 καὶ
1762 2140 1868 2191 πᾶ-

195 2247 294 2284 σαν
315 2228 655 2281 ἐπεδείκνυτο
677 2227 843 2299 τιμὴν
890 2228 985 2280 καὶ
1018 2225 1312 2297 θεραπείαν
1369 2226 1506 2297 πρὸς
1537 2227 1663 2290 τοὺς
1688 2244 1869 2297 παρα-

194 2316 538 2386 γενομένους,
584 2314 903 2386 ἀνθρώπους
943 2313 1141 2377 αὑτούς
1200 2330 1351 2376 τινας
1381 2313 1560 2377 δδίτας
1599 2311 1740 2367 εἶναι
1784 2330 1869 2365 νο-

196 2403 388 2472 μίζων.
418 2406 482 2455 Οἱ
518 2402 589 2454 δὲ
625 2401 840 2470 ἄνδρες
868 2400 980 2470 τῆς
1001 2402 1234 2465 πόλεως
1254 2402 1308 2453 οί
1342 2400 1649 2468 Σοδομῖται
1710 2414 1869 2467 περι-

193 2493 551 2545 εκύκλωσαν
576 2490 692 2557 τὴν
726 2490 922 2543 οὶκίαν
966 2488 1086 2542 ἀπὸ
1126 2490 1454 2545 νεανίσκου
1479 2489 1589 2555 ἕως
1619 2490 1871 2556 πρεσϐυ-

191 2579 385 2645 τέρου,
420 2577 539 2643 πᾶς
567 2581 601 2631 ό
624 2578 773 2643 λαὸς
803 2576 944 2646 ἅμα,
975 2576 1072 2629 καὶ
1118 2576 1519 2640 ἐξεκαλοῦντο
1554 2574 1664 2628 τὸν
1714 2575 1866 2641 Λὼτ,

193 2668 290 2721 καὶ
323 2669 536 2736 ἔλεγον
567 2668 716 2733 πρὸς
753 2668 957 2720 αὐτόν*
992 2665 1118 2719 Ποῦ
1155 2668 1311 2719 εἰσιν
1339 2668 1392 2719 οἱ
1419 2664 1633 2734 ἄνδρες
1660 2670 1712 2719 οἱ
1743 2668 1868 2718 είσ-

189 2755 467 2819 ελθόντες
550 2755 701 2822 πρὸς
753 2754 829 2806 σὲ
879 2753 994 2821 thr
1026 2754 1250 2816 νύκτα;
1321 2752 1602 2822 Ἐξάγ-ιιγε
1647 2753 1869 2818 αὐτοὺς

193 2843 342 2910 πρὸς
366 2840 544 2911 ἡμᾶς,
580 2843 680 2895 ἵνα
716 2842 1137 2910 συγγενώμεθα
1157 2840 1377 2906 αὐτοῖς.
1416 2840 1508 2911 Μὴ
1538 2840 1722 2903 ἁπλῶς
1770 2858 1869 2893 πα⁹

196 2930 586 2999 ραδράμωμεν,
621 2930 917 2999 ἀγαπητοὶ,
948 2928 1019 2980 τά
1048 2928 1330 2999 εἰρημένα,
1366 2928 1500 2999 μηδὲ
1537 2928 1694 2997 μόνον
1747 2927 1868 2980 τού-

194 3034 304 3069 των
331 3016 527 3085 ἴδωμεν
554 3016 651 3085 τὴν
687 3017 885 3086 μανίαν
911 3016 1007 3086 τὴν
1061 3016 1242 3086 πάσης
1265 3014 1593 3085 συγγνώμης
1641 3016 1868 3069 ἀπεστε-

200 3104 466 3174 ρημένην·
517 3104 632 3155 ἀλλ’
690 3105 1032 3175 ἐννοήσωμεν
1058 3143 1073 3167 ,
1120 3103 1237 3167 πῶς
1288 3106 1315 3157 6
1363 3104 1567 3166 δίκαιος
1624 3105 1680 3155 ἐν
1720 3103 1870 3174 μέσῳ

194 3192 450 3245 τοιούτων
484 3191 688 3263 θηρίων
711 3193 881 3255 οὑτως
915 3192 1216 3244 ἀλλοκότων
1238 3190 1421 3254 οίκῶν,
1439 3190 1581 3244 οὑτω
1611 3191 1868 3260 διέλαμψε

197 3283 291 3334 καὶ
316 3281 580 3351 τοσαύτης
601 3282 801 3353 ἀρετῆς
822 3281 1125 3353 ὑπερϐολὴν
1150 3282 1477 3346 ἐπεδείξατο,
1494 3281 1611 3343 πῶς
1630 3282 1870 3347 ἐνεγκεῖν

198 3368 432 3441 ἠδυνήθη
460 3368 559 3439 τὴν
582 3368 811 3439 ἀνομίαν
844 3369 1044 3431 αὑτῶν,
1087 3368 1203 3430 πῶς
1223 3370 1323 3421 οὑκ
1360 3369 1528 3438 ἔφυγε
1555 3369 1653 3440 τὴν
1684 3370 1870 3421 αὐτόθι

197 3458 433 3526 οἴκησιν,
464 3456 581 3519 πῶς
600 3458 697 3527 τῆς
728 3458 864 3527 πρὸς
886 3458 1081 3519 αὐτοὺς
1108 3456 1391 3521 διαλέξεως
1436 3458 1696 3527 ἠνείχετο.
1729 3457 1868 3521 Πῶς,

199 3544 310 3612 ἐγὼ
325 3545 489 3613 λέγω.
520 3545 792 3616 Προειδὼς
826 3547 854 3597 6
873 3546 979 3597 τῶν
1005 3545 1142 3597 ὅλων
1176 3545 1451 3614 Δεσπότης
1474 3546 1568 3614 τὴν
1599 3545 1872 3615 ὑπερϐάλ-

198 3631 395 3684 λουσαν
436 3631 614 3685 αὐτῶν
641 3632 923 3704 πονηρίαν,
977 3632 1293 3702 ᾠκονόμησε
1327 3632 1417 3683 τὸν
1444 3633 1650 3685 δίκαιον
1685 3632 1871 3685 τοῦτον

200 3718 387 3772 αὑτόθι
414 3720 756 3790 κατοικῆσαι,
782 3720 868 3771 ἵνα
896 3720 1148 3789 καθάπερ
1184 3720 1365 3789 ἰατρὸς
1389 3721 1610 3789 ἄριστος
1647 3720 1754 3772 τῶν
1770 3722 1871 3791 ἀρ-

202 3807 575 3875 ρωστημάτων
630 3807 808 3861 αὑτῶν
849 3806 1228 3877 περιγενέσθαι
1271 3807 1493 3877 δυνηθῇ.
1554 3808 1692 3859 Ἀλλ’
1730 3807 1873 3878 ὁρῶν

198 3895 397 3957 αὐτοὺς
428 3895 621 3947 ἀνίατα
662 3895 972 3958 νοσοῦντας,
1005 3894 1098 3947 καὶ
1137 3894 1404 3965 μηδεμίαν
1435 3893 1728 3966 θεραπείαν
1755 3897 1873 3947 ἐπι-

197 3980 455 4047 δέξασθαι
488 3981 871 4051 βουλομένους,
897 3981 1017 4035 οὑδὲ
1043 3981 1216 4042 οὑτως
1259 3981 1572 4049 ἀφίσταται.
1626 3980 1874 4034 Τοιοῦτον

200 4065 309 4135 γὰρ
337 4065 366 4117 6
402 4065 603 4134 ἰατρός·
644 4064 749 4117 κᾶν
779 4065 861 4135 ἴδῃ
894 4065 961 4117 τὰ
990 4064 1137 4134 πάθη
1173 4064 1409 4118 νικῶντα
1434 4064 1534 4135 τὴν
1563 4064 1777 4135 τέχνην,
1812 4066 1873 4117 οὑ

201 4147 439 4199 παύεται
465 4148 534 4200 τά
560 4150 689 4219 παρ’
735 4148 930 4201 ἐαυτοῦ
960 4148 1203 4218 πληρῶν,
1230 4148 1337 4215 ἵνα,
1373 4147 1439 4200 ἂν
1471 4148 1571 4218 μὲν
1600 4148 1678 4218 τῷ
1701 4149 1874 4219 χρόνῳ

201 4230 609 4301 ἀνακτήσασθαι
627 4244 652 4272 ιι
692 4232 890 4303 δυνηθῇ
913 4232 1003 4284 τὸν
1036 4232 1332 4302 κάμνοντα,
1355 4232 1503 4304 δείξῃ
1528 4233 1626 4303 τὴν
1652 4250 1873 4305 περιου-

204 4313 325 4365 σίαν
355 4314 453 4383 τῆς
474 4314 690 4383 τέχνης·
729 4316 777 4367 εί
828 4314 886 4367 δέ
916 4314 1082 4385 μηδὲν
1112 4314 1273 4366 πλέον
1301 4313 1475 4377 ἀνύει,
1517 4314 1614 4384 ἔχῃ
1648 4315 1747 4385 τὴν
1777 4332 1874 4384 με-

200 4396 393 4464 γίστην
427 4396 740 4463 ἀπολογίαν,
759 4397 839 4448 ὅτι
868 4397 1019 4449 οὐδὲν
1050 4397 1157 4449 τῶν
1192 4396 1576 4466 προσηκόντων
1607 4398 1685 4459 είς
1716 4396 1875 4448 αὑτὸν

202 4478 520 4549 παρέλιπεν·
553 4478 581 4530 6
602 4478 665 4547 δὴ
693 4478 783 4530 καὶ
814 4478 1046 4531 ἐνταῦθα
1085 4478 1393 4549 γεγένηται.
1437 4478 1493 4529 'U
1543 4478 1639 4547 μὲν
1663 4478 1771 4547 γάρ
1794 4477 1873 4529 δί-

202 4575 355 4622 καιος
378 4555 533 4622 οὗτος
566 4561 660 4612 καὶ
704 4559 909 4613 τούτων
943 4563 1000 4613 ἐν
1054 4562 1202 4631 μέσῳ
1254 4561 1744 4630 ἀναστρεφόμενος,
1784 4560 1875 4613 καὶ

201 4642 373 4705 οὕτως
407 4643 565 4713 ἔμενε
605 4644 812 4706 δίκαιος
847 4644 1048 4714 πολλὴν
1096 4645 1195 4715 τὴν
1244 4644 1560 4711 φιλοσοφίαν
1602 4644 1875 4697 ἐκδεικνύ-

204 4742 383 4796 μενος·
425 4730 622 4782 ἐκεῖνοι
642 4727 697 4780 δὲ
740 4728 833 4781 καὶ
865 4728 952 4781 διὰ
976 4729 1134 4781 τοῦτο
1161 4724 1302 4798 ἦσαν
1328 4727 1509 4798 πάσης
1549 4727 1875 4799 συγγνώμης

201 4810 660 4881 ἀπεστερημένοι,
707 4812 788 4864 ὅτι
818 4812 879 4864 οὑ
936 4810 1095 4882 μόνον
1128 4811 1227 4863 οὐκ
1257 4810 1451 4881 ἔληξαν
1507 4811 1607 4880 τῆς
1656 4811 1871 4876 κακίας,

203 4890 336 4943 ἀλλά
357 4892 449 4944 καὶ
482 4892 677 4961 μᾶλλον
712 4894 881 4963 αὑτὴν
913 4893 1214 4947 ἐπέτειναν.
1252 4894 1394 4963 Ὅρα
1443 4893 1572 4963 γάρ·
1603 4896 1873 4961 Περιεκύ-

206 4980 469 5041 κλωσαν,
490 4978 643 5049 φησὶ,
658 4980 773 5047 thr
787 4980 983 5034 οὶκίαν
1010 4980 1127 5033 ἀπὸ
1144 4981 1468 5034 νεανίσκου
1488 4980 1597 5046 ἕως
1621 4984 1877 5049 πρεσϐύ-

199 5082 332 5125 του,
368 5068 401 5119 ὁ
429 5065 578 5131 λαὸς
614 5066 753 5135 ἅμα.
808 5068 1053 5138 Μεγίστη
1088 5067 1186 5137 τῆς
1223 5068 1539 5139 πονηρίαςή
1567 5070 1873 5137 συμφωνία,

203 5147 375 5218 πολλὴ
419 5150 516 5219 τῆς
545 5150 745 5214 κακίας
796 5153 829 5221 ἡ
862 5151 1023 5220 φορὰ,
1065 5151 1267 5218 ἀφατος
1296 5152 1395 5221 τῆς
1443 5151 1789 5223 παρανομίας
1843 5155 1877 5223 ἡ

203 5235 501 5307 ὑπερϐολὴ,
550 5237 931 5305 ἀσύγγνωστος
980 5240 1013 5308 ή
1064 5239 1424 5308 ἐπιχείρησις.
1490 5238 1632 5291 Ἀπὸ
1682 5240 1878 5291 νεανί-

204 5334 390 5384 σκου,
422 5320 607 5390 φησὶν,
637 5321 748 5387 ἕως
786 5324 1145 5389 πρεσϐύτου.
1181 5322 1256 5373 Οὐ
1290 5321 1449 5389 μόνον
1476 5323 1509 5391 ή
1542 5322 1751 5389 νεότης,
1772 5340 1876 5391 φη-

180 5404 312 5464 σὶν,
342 5398 413 5473 ἦν
447 5405 480 5474 ή
518 5402 587 5456 τά
610 5406 898 5475 παράνομα
928 5406 1101 5459 ταῦτα
1134 5403 1485 5473 ἐπιζητοῦσα,
1545 5402 1683 5457 ἀλλά
1709 5404 1802 5457 καὶ
1828 5404 1877 5456 οί

204 5485 509 5555 πρεσϐῦται
544 5486 644 5557 τὴν
666 5487 903 5558 ἠλικίαν,
952 5489 1045 5542 καὶ
1083 5490 1239 5550 πᾶςό
1281 5486 1409 5549 λαὸς
1442 5486 1578 5557 ἅμα.
1614 5486 1725 5541 Καὶ
1755 5486 1877 5541 οὔτε

203 5568 305 5637 τὴν
330 5568 535 5637 τόλμαν
564 5570 664 5640 τὴν
693 5571 883 5641 ἀναιδῆ
914 5572 1008 5624 καὶ
1029 5571 1382 5641 ἀναίσχυντον
1402 5568 1605 5638 ταύτην
1632 5569 1876 5640 ῂδοῦντο,

182 5649 330 5702 οὔτε
350 5650 440 5704 τὸν
465 5652 763 5724 ἀκοίμητον
785 5654 1060 5724 ὀφθαλμὸν
1076 5656 1157 5718 είς
1182 5654 1390 5707 ἔννοιαν
1412 5652 1734 5721 ἐλάμϐανον,
1753 5653 1876 5708 οὔτε

278 5784 301 5811 ⁰
348 5783 586 5851 SaViI.__el
608 5787 800 5851 quidam
830 5800 943 5851 mss.
966 5789 1035 5850 τῷ
1058 5789 1215 5851 χρόνῳ
1242 5787 1562 5851 περιγένηται,
1604 5784 1875 5851 ἀνακτήσα-

214 5844 340 5901 σθαι,
357 5852 460 5915 _e|c.
491 5846 551 5895 Et
574 5844 720 5908 pa‘ulo
744 5858 854 5909 post.
890 5844 1037 5897 iidem
1059 5844 1270 5911 "Eliqinol
1291 5844 1574 5899 distrimiua
1614 5849 1748 5908 parvi
1771 5861 1875 5897 mo-

214 5913 368 5955 mqu
393 5908 645 5957 exhibcnl.

604 5989 875 6053 Ρηιιοι..
923 5992 1039 6053 Gn.
1062 5957 1247 6052 ἰιν.

1316 285 1380 338 IN
1422 285 1574 341 CAP.
1616 284 1735 339 XIX
1773 283 2019 340 GENES.
2061 282 2294 340 IIOMIL.
2336 284 2513 342 XLIII.

3526 284 3629 341 400

1971 400 2061 453 τὸν
2088 400 2292 454 δίκαιον
2321 401 2631 472 ᾐσχύνοντο,
2682 399 2804 454 οὔτε
2836 398 2945 453 τῶν
2972 398 3135 464 ξένων
3154 396 3519 469 νομιζομένων
3540 399 3634 451 καὶ

1969 485 2063 537 ἐπὶ
2110 485 2207 557 τὴν
2260 488 2354 539 τοῦ
2411 488 2619 540 δικαίου
2652 486 2955 557 φιλοξενίαν
3006 484 3191 538 αὐτόθι
3221 482 3636 537 καταλυσάντων

1967 572 2276 640 ἐφείδοντο,
2321 575 2448 627 ἀλλ’
2497 574 3029 647 ἀπηρυθριασμένως
3074 573 3167 626 καὶ
3203 574 3405 643 γυμνῇ,
3437 569 3512 633 ὡς
3554 570 3633 621 εἱ-

1967 662 2107 723 πεῖν,
2158 663 2224 731 τῇ
2257 661 2461 732 κεφαλῇ
2493 663 2561 715 τά
2612 663 2712 732 τῆς
2758 661 3042 728 ἀσελγείας
3079 662 3261 714 ἐκεῖνα
3304 661 3520 730 ῥήματα
3547 655 3634 707 λέ-

1967 764 2152 814 γοντες
2183 747 2331 821 [440]
2359 749 2634 821 προσίασι,
2675 751 2768 803 καὶ
2796 749 3123 812 καλέσαντες
3155 748 3246 800 τὸν
3277 747 3503 804 δίκαιον,
3527 743 3635 796 ἐλε-

1968 850 2062 902 γον
2099 836 2235 904 πρὸς
2263 836 2445 888 αὑτόν·
2477 837 2599 890 Ποῦ
2642 838 2798 889 εἰσιν
2834 838 2885 889 οἱ
2931 834 3146 903 ἄνδρες
3171 836 3224 887 οὶ
3256 833 3636 896 εἰσελθόντες

1968 922 2117 989 πρὸς
2138 922 2291 990 ὑμᾶς
2316 941 2335 989 ;
2377 923 2662 994 Ἐξάγαγε
2694 923 2935 988 αὐτοὺς,
2961 924 3063 977 ἵνα
3090 921 3510 992 συγγενώμεθα
3529 919 3636 971 αὺ-

1966 1012 2109 1077 τοῖς.
2137 1011 2236 1064 Διά
2267 1012 2469 1083 ταύτην
2499 1012 2679 1068 αὐτῶν
2702 1007 2853 1084 οἶμαι
2875 1013 2973 1083 τὴν
3016 1012 3379 1083 ἐπιχείρησιν,
3407 1009 3500 1062 καὶ
3536 1006 3636 1077 τὴν
3735 1032 3754 1047 -

1968 1100 2280 1169 παράνομον
2314 1101 2597 1171 πονηρίαν,
2634 1100 2726 1153 καλ⁸
2751 1100 2842 1153 τὸν
2871 1101 3076 1154 δίκαιον
3113 1098 3274 1169 μέχρι
3336 1096 3433 1166 τῆς
3474 1094 3637 1147 ἐσπέ-

1972 1203 2069 1256 ρας
2107 1186 2553 1257 παρακαθῆσθαι,
2601 1186 2742 1240 ὥστε
2781 1187 2972 1258 μηδεν)⁵
3006 1185 3361 1256 συγχωρῆσαι
3388 1182 3497 1236 τῶν
3528 1182 3639 1235 ὁδι-

1967 1274 2073 1327 τῶν
2102 1275 2379 1342 ἀγνοοῦντι
2412 1278 2727 1345 περιπεσεῖν
2780 1277 2898 1337 ταῖς
2930 1274 3153 1327 ἐκείνων
3187 1271 3411 1339 πάγαις.
3460 1269 3571 1323 Καὶ
3608 1269 3637 1322 6

1970 1361 2068 1429 μὲν
2104 1361 2307 1425 δίκαιος
2338 1362 2476 1433 μετά
2501 1363 2601 1430 τῆς
2653 1360 2978 1430 φιλοξενίας,
3036 1358 3129 1413 καὶ
3156 1358 3253 1428 τῆς
3284 1355 3635 1426 σωφροσύνης

1966 1449 2063 1518 τῆς
2126 1450 2331 1513 οἰκείας
2382 1449 2819 1519 ἐπιδεικνύμενος
2879 1448 2977 1519 τὴν
3026 1445 3371 1517 ὑπερϐολὴν,
3429 1441 3634 1511 ταύτην

1966 1536 2200 1589 ἐποιεῖτο
2231 1536 2330 1605 τὴν
2363 1536 2593 1606 σπουδὴν
2635 1536 2775 1589 ὥστε
2829 1536 3037 1597 πάντας
3068 1535 3193 1595 τοὺς
3243 1530 3636 1603 παροδεύοντας

1966 1621 2338 1691 ὑποδέχεσθαι,
2374 1623 2469 1676 καὶ
2521 1622 2710 1693 μηδεὶς
2738 1622 2899 1676 αὑτὸν
2956 1619 3129 1678 λάθοι,
3165 1619 3214 1671 εί
3244 1618 3338 1671 καὶ
3378 1616 3512 1679 τέως
3537 1617 3638 1668 οὑκ

1966 1708 2249 1776 ἀγγέλους,
2284 1708 2397 1762 ἀλλ’
2433 1708 2754 1779 ἀνθρώπους
2782 1704 2919 1760 εἶναι
2956 1706 3226 1776 ἐνόμιζεν.
3259 1705 3323 1757 Ol
3355 1703 3411 1756 δὲ
3462 1702 3638 1771 παρά-

1967 1812 2120 1864 νομοι
2142 1797 2336 1848 ἐκεῖνοι
2359 1794 2497 1865 μετὰ
2524 1795 2617 1848 τοῦ
2647 1795 2812 1865 μηδὲν
2833 1792 3073 1847 τοιοῦτον
3098 1789 3499 1844 ἐπιδείκνυσθαι
3526 1783 3636 1840 οἷον

1966 1881 1993 1932 6
2031 1881 2257 1945 δίκαιος,
2281 1883 2351 1933 τὰ
2378 1883 2556 1934 πᾶσαν
2583 1881 2780 1934 κακίαν
2806 1879 3229 1948 ἀποκρύπτοντα
3267 1878 3401 1947 μόνα
3434 1875 3636 1945 τολμᾷν

1967 1969 2306 2039 ἐπετήδευον.
2350 1968 2447 2021 Διά
2489 1968 2644 2021 τοῦτο
2685 1966 2778 2021 οὑν
2816 1969 2895 2030 εἰς
2934 1967 3033 2036 τὴν
3063 1966 3323 2019 πλατεῖαν
3354 1961 3636 2016 ἐϐούλοντο

1967 2056 2283 2119 καταλῦσαι,
2308 2057 2394 2109 ἵνα
2430 2056 2751 2126 παράσχωσι
2773 2054 2850 2124 τῷ
2870 2054 3064 2122 δικαίῳ
3086 2052 3337 2124 ἀφορμὴν
3370 2048 3637 2112 ἐπιδείξα-

1969 2143 2091 2196 σθαι
2118 2145 2216 2215 τὴν
2243 2147 2371 2214 περὶ¹
2399 2145 2595 2206 αὐτοὺς
2621 2142 2947 2211 φιλοξενίαν,
2975 2141 3072 2193 καὶ
3109 2138 3354 2205 δείξωσιν
3380 2135 3527 2205 αὑτῷ
3550 2134 3640 2187 διὰ

1967 2230 2075 2284 τῶν
2104 2231 2278 2303 ἐργων
2298 2233 2372 2295 ὡς
2400 2232 2556 2297 ἀξίαν
2584 2230 2866 2300 μέλλουσιν
2890 2226 3216 2295 ὑφίστασθαι
3232 2225 3328 2294 τὴν
3347 2222 3637 2294 τιμωρίαν,

1966 2316 2110 2371 οὑτω
2136 2319 2233 2388 τὴν
2266 2318 2606 2387 παρανομίαν
2637 2316 2755 2387 μεθ’
2782 2313 3084 2385 ὑπερϐολῆς
3118 2310 3565 2381 ἐπιδεικνύμενοι.

2036 2405 2096 2458 δ’.
2152 2404 2290 2458 Ἀλλ’
2325 2406 2522 2474 ἴδωμεν
2574 2403 2757 2456 λοιπὸν
2800 2400 2895 2454 τοῦ
2936 2400 3142 2453 δικαίου
3189 2400 3287 2469 τῆς
3330 2399 3534 2467 ἀρετῆς
3579 2393 3640 2447 τὸ

1971 2491 2215 2562 μέγεθος.
2235 2491 2547 2553 Ἐξελθὼν,
2564 2490 2720 2560 φησὶ,
2737 2488 2885 2558 πρὸς
2914 2486 3136 2551 αὐτοὺς
3165 2484 3313 2553 πρὸς
3340 2483 3407 2537 τὸ
3424 2482 3640 2549 πρόθυ-

1960 2596 2093 2645 ρον,
2115 2577 2227 2645 thr
2249 2578 2365 2647 μὲν
2393 2580 2581 2644 θύίαν
2608 2570 3117 2645 προσέῳξεν,εῒπε
3145 2571 3211 2624 δὲ
3226 2570 3377 2639 πρὸς
3396 2569 3640 2632 αὐτούς.

1971 2666 2109 2735 Ὅρα
2160 2664 2273 2728 πῶς
2302 2664 2540 2717 δέδοικεν
2584 2665 2611 2715 6
2638 2664 2842 2726 δίκαιος
2870 2662 2963 2715 καὶ
2999 2660 3191 2731 τρέμει
3216 2658 3356 2729 ὑπὲρ
3386 2657 3486 2727 τῆς
3530 2654 3640 2708 τῶν

1969 2752 2134 2817 ξένων
2177 2751 2493 2821 ἀσφαλείας.
2538 2750 2670 2804 Οὐδὲ
2718 2748 2824 2820 γὰρ
2876 2747 3060 2810 ἁπλῶς
3111 2746 3209 2817 τῆν
3266 2745 3435 2816 θύραν
3474 2760 3641 2814 προσ-

1968 2840 2132 2910 έῳξεν
2164 2840 2338 2893 ὀπίσω
2375 2838 2563 2901 αὑτοῦ,
2591 2836 2704 2891 ἀλλ’
2735 2836 2895 2900 εἰδὼς
2940 2833 3119 2890 αὑτῶν
3166 2833 3263 2904 τὴν
3304 2831 3500 2902 μανίαν
3547 2830 3643 2883 καὶ

1965 2930 2026 2981 τὸ
2049 2929 2334 3000 τολμηρὸν,
2374 2929 2467 2982 καὶ
2500 2925 2848 2998 ὑφορώμενος
2890 2924 3070 2979 αὐτῶν
3119 2922 3218 2994 τὴν
3276 2921 3639 2993 προπέτειαν,

1968 3012 2087 3070 ε’ίτά
2116 3034 2247 3087 φησι
2280 3016 2414 3086 πρὸς
2440 3013 2639 3077 αὐτούς
2662 3030 2675 3044 ·
2710 3011 3022 3082 Μηδαμῶς,
3047 3009 3315 3079 ἀδελφοί.
3341 3010 3404 3061 Ὢ
3425 3008 3523 3078 τῆς
3543 3008 3636 3061 τοῦ

1966 3104 2174 3157 δικαίου
2229 3102 2635 3173 μακροθυμίας,
2676 3100 2722 3154 ὣ
2772 3098 3274 3169 ταπεινοφροσύνης
3335 3095 3631 3167 ὑπερϐολή.

1973 3190 2146 3243 Τοῦτο
2179 3190 2393 3259 ἀληθῶς
2424 3188 2625 3260 ἀρετὴ,
2647 3188 2706 3240 τὸ
2749 3187 2864 3257 μετ’
2897 3186 3197 3248 ἐπιεικείας
3239 3186 3355 3245 τοῖς
3382 3181 3642 3247 τοιούτοις

1974 3276 2402 3348 προσφέρεσθαι.
2461 3276 2648 3338 Οὐδεὶς
2700 3276 2810 3343 γάρ
2856 3274 2946 3327 τὸν
3011 3270 3271 3326 νοσοῦντα
3309 3268 3643 3342 θεραπεῦσαι

1973 3364 2312 3434 βουλόμενος,
2342 3364 2435 3415 καὶ
2464 3362 2555 3415 τὸν
2587 3362 2905 3431 μαινόμενον
2933 3360 3285 3433 σωφρονίσαι,
3309 3358 3445 3428 μετά
3469 3356 3641 3427 θυμοῦ

1969 3454 2063 3505 καὶ
2098 3453 2395 3523 αὐστηρίας
2440 3451 2595 3504 τοῦτο
2643 3452 2783 3503 ποεῖ.
2838 3450 3039 3502 Σκόπει
3094 3448 3221 3517 γὰρ,
3265 3444 3383 3509 πῶς
3414 3442 3541 3504 τοὺς
3576 3442 3644 3494 τὰ

1969 3538 2192 3592 τοιαῦτα
2238 3542 2574 3609 παρανομεῖν
2629 3537 2983 3607 βουλομένους
3024 3535 3287 3604 ἀδελφοὺς
3335 3531 3526 3595 καλεῖ,
3554 3529 3645 3583 ἐν·

1969 3627 2164 3699 τρέψαι
2192 3626 2386 3689 αὐτοὺς
2418 3625 2758 3695 βουλόμενος,
2814 3624 2909 3676 καὶ
2953 3622 3274 3677 καθικέσθαι
3322 3618 3502 3674 αὑτῶν
3538 3616 3640 3686 τῆς

1974 3714 2348 3784 συνειδήσεως,
2379 3714 2473 3766 καὶ
2526 3711 2831 3781 ἀποστῆσαι
2869 3710 3066 3773 αὐτοὺς
3107 3711 3206 3780 τῆς
3248 3707 3643 3777 ἐπιχειρήσεως

1970 3802 2066 3871 τῆς
2103 3802 2319 3871 μιαρᾶς.
2350 3798 2663 3869 Μηδαμῶς,
2700 3798 2882 3868 φησιν,
2909 3796 3161 3865 ἀδελφοί
3194 3812 3207 3826 ·
3232 3794 3317 3864 μὴ
3346 3792 3646 3859 πονηρεύ-

1972 3891 2185 3956 σησθε.
2210 3887 2413 3957 Μηδὲν,
2449 3886 2602 3957 φησὶ,
2630 3885 2869 3938 τοιοῦτον
2899 3883 3210 3954 λογίσησθε,
3243 3882 3316 3952 μὴ
3345 3880 3445 3950 τὴν
3477 3894 3646 3946 πονη-

1977 3978 2075 4048 ρὰν
2113 3977 2318 4047 ταύτην
2347 3975 2547 4046 πρᾶξιν
2573 3973 2895 4045 ἐννοήσητε,
2940 3972 3073 4043 μηδὲ
3118 3969 3218 4041 τὴν
3269 3967 3431 4038 φύσιν
3475 3965 3648 4035 αὐτὴν

1976 4062 2535 4134 παραδειγματίσητε,
2573 4061 2705 4133 μηδέ
2756 4060 3028 4130 ἀθέσμους
3067 4058 3391 4128 ἐπινοήσητε
3421 4054 3593 4126 μίξεις
3629 4069 3644 4082 ·

1977 4154 2090 4206 ἀλλ’
2128 4153 2176 4205 εί
2201 4153 2294 4206 καὶ
2329 4150 2584 4220 βούλεσθε
2612 4150 2713 4219 τῆς
2743 4148 2939 4219 μανίας
2977 4147 3131 4217 ὑμῶν
3170 4146 3261 4198 τὸν
3291 4142 3506 4215 οἶστρον
3546 4158 3649 4195 πα-

1981 4240 2420 4312 ραμυθήσασθαι,
2459 4237 2569 4306 ἐγὼ
2609 4237 2766 4289 τοῦτο
2826 4234 3084 4307 παρέξω,
3137 4233 3277 4287 ὥστε
3322 4230 3651 4300 κουφότερον

1976 4328 2129 4398 ὑμῶν
2160 4326 2414 4396 γενέσθαι
2442 4326 2503 4379 τὸ
2530 4324 2805 4397 τόλμημα.
2828 4324 2964 4377 Εἰσί
2974 4340 3073 4392 μοι
3092 4320 3201 4375 δύο
3230 4314 3651 4389 θυγατέρες,ατ
3692 4382 3695 4385 _

1976 4416 2087 4467 οὐκ
2111 4414 2388 4482 ἔγνωσαν
2415 4411 2662 4479 ἄνδρας.
2711 4410 2853 4475 Ἔτι,
2910 4410 3097 4476 φησὶν,
3138 4405 3355 4477 ἄπειροί
3399 4406 3505 4457 είσι
3539 4418 3653 4470 γα·-

1980 4502 2143 4571 μικῆς
2175 4499 2496 4563 συνουσίας,
2550 4498 2820 4567 ἀνέπαφοι
2859 4496 3249 4565 τυγχάνουσιν,
3297 4495 3355 4545 ἐν
3398 4492 3537 4561 αὑτῇ
3585 4492 3651 4561 τῇ

1976 4589 2127 4659 ἀκμῇ
2156 4587 2257 4657 τῆς
2290 4586 2505 4658 ἡλικίας
2522 4585 2649 4651 εἰσὶ,
2675 4584 2987 4655 λάμπουσαι
3009 4584 3073 4653 τῇ
3095 4580 3234 4654 ῶρᾳ’
3271 4578 3468 4643 ταύτας
3488 4578 3651 4632 πᾶσιν

1978 4675 2227 4737 ἐκδότους
2269 4673 2480 4743 δίδωμι,
2509 4672 2603 4725 καὶ
2652 4670 2852 4742 χράσθε
2888 4671 3079 4732 αὑταῖς
3114 4667 3190 4730 ὡς
3222 4667 3443 4738 ἀρέσκει
3501 4666 3651 4737 ὑμῖν.

1978 4762 2247 4825 Λαϐόντες
2274 4761 2463 4824 αὑτὰς,
2499 4760 2652 4830 φησὶ,
2680 4757 3003 4829 πληρώσατε
3050 4755 3203 4827 ὑμῶν
3237 4756 3317 4818 είς
3360 4752 3531 4815 αύτάς
3555 4751 3654 4822 τὴν

1977 4850 2282 4917 ἀσέλγειαν,
2304 4850 2395 4903 καὶ
2424 4847 2773 4919 ἐμφορήθητε
2810 4847 2911 4916 τῆς
2937 4844 3229 4915 ἐπιθυμίας
3257 4841 3410 4913 ὑμῶν
3434 4842 3533 4911 τῆς
3557 4857 3654 4893 πο-

1982 4940 2171 5010 νηρᾶς.
2214 4938 2417 4992 Μόνον
2445 4939 2532 5002 είς
2560 4936 2700 5001 τοὺς
2739 4934 2968 5002 ἄνδρας
2996 4934 3247 4997 τούτους
3262 4929 3457 4998 μηδὲν
3492 4927 3656 4992 ποιή.

1981 5041 2131 5094 σητε
2156 5024 2384 5090 ἄδικον,
2423 5019 2494 5079 οὗ
2529 5023 2761 5076 εἵνεκεν
2815 5019 3111 5085 εἰσῆλθον
3131 5017 3249 5073 ὑπὸ
3270 5016 3387 5083 τὴν
3412 5015 3654 5081 σκέπην

1979 5114 2097 5167 τῶν
2117 5109 2313 5165 δοκῶν
2333 5129 2471 5181 μου.
2510 5109 2729 5181 Ἐπειδὴ
2757 5108 3084 5177 ἐϐιασάμην,
3104 5105 3287 5175 φησὶν,
3306 5103 3526 5166 αὐτοὺς,
3555 5102 3651 5154 καὶ

1979 5203 2267 5272 εἰσήγαγον
2300 5199 2405 5252 ὑπὸ
2428 5198 2527 5262 τὰς
2547 5198 2736 5260 δοκούς
2777 5213 2897 5267 μου,
2917 5196 3002 5248 ἵνα
3040 5194 3114 5264 μὴ
3152 5192 3275 5261 ἐμοὶ
3301 5192 3576 5261 ἐπιγραφῇ
3616 5192 3653 5261 ἡ

1981 5290 2061 5351 εἰς
2094 5286 2292 5349 αὐτοὺς
2324 5285 2585 5355 γινομένη
2616 5283 2928 5355 παρανομία
2948 5321 2962 5343 ,
2994 5281 3089 5332 καὶ
3118 5276 3230 5347 ἐγὼ
3268 5278 3450 5335 αὑτοῖς
3482 5276 3653 5339 αἴτιος

1978 5375 2079 5444 τῆς
2126 5374 2336 5446 ὕϐρεως
2368 5373 2573 5445 ταύτης
2620 5373 2895 5442 γένωμαι,
2942 5369 3030 5422 διὰ
3090 5365 3248 5420 τοῦτο
3298 5364 3440 5435 ὑπὲρ
3472 5363 3654 5418 αὐτῶν

1979 5461 2077 5525 τάς
2108 5461 2202 5515 δύο
2225 5479 2327 5532 μου
2344 5461 2646 5532 θυγατέρας
2666 5460 2879 5530 δίδωμι,
2900 5457 3039 5511 ὥστε
3049 5454 3271 5515 τούτους
3294 5450 3653 5522 ἐλευθερῶσαι

1980 5548 2088 5602 τῶν
2117 5550 2400 5620 ὑμετέρων
2413 5549 2629 5620 χειρῶν.
2654 5548 2802 5619 Πόση
2828 5545 2922 5600 τοῦ
2944 5543 3153 5598 δικαίου
3187 5541 3438 5613 ἡάρετή;
3470 5541 3653 5593 πᾶσαν

1984 5638 2189 5709 ἀρετὴν
2218 5637 2527 5706 φιλοξενίας
2555 5636 2791 5706 ἐνίκησε.
2828 5636 2893 5689 Τί
2944 5634 3053 5705 γὰρ
3106 5632 3172 5687 ἄν
3216 5648 3303 5693 τις
3345 5629 3492 5683 εἴποι
3528 5630 3651 5681 κατ’

1986 5725 2146 5790 ἀξίαν
2170 5726 2269 5796 τῆς
2295 5726 2389 5779 τοῦ
2418 5724 2625 5779 δικαίου
2649 5724 2839 5777 τούτου
2869 5719 3286 5793 φιλοφροσύνης,
3313 5717 3371 5780 ὃς
3400 5714 3522 5769 οὐδὲ
3542 5715 3653 5769 τῶν

1987 5812 2302 5884 θυγατέρων
2329 5813 2614 5881 φείσασθαι
2646 5810 2924 5881 ἠνέσχετο,
2963 5809 3051 5863 ἵνα
3084 5807 3181 5878 τὴν
3211 5808 3291 5868 είς
3314 5806 3439 5867 τοὺς
3468 5803 3652 5869 ξένους

1987 5900 2153 5973 τιμὴν
2179 5901 2530 5971 ἐπιδείξηται,
2558 5901 2651 5954 καὶ
2674 5899 3011 5969 ἐλευθερώσῃ
3048 5897 3145 5965 τῆς
3172 5893 3520 5964 παρανομίας
3540 5890 3647 5947 τῶν

3147 5987 3187 6029 9

3151 6027 3187 6045 ﬂ
