4084 6356
354 330 450 386 401

353 444 498 515 dico)
522 445 744 500 omnino
774 445 981 517 ignotos
1000 448 1231 517 eriperet
1251 449 1318 504 ab
1347 450 1629 520 impiorum
1661 460 1941 505 contume-

352 536 419 591 lia
448 552 463 588 :
495 551 596 590 nos
620 547 797 591 autem
827 538 1069 593 videntes
1085 554 1227 609 sazpe
1249 539 1441 595 fratres
1456 551 1668 596 nostros
1697 542 1748 596 in
1767 542 1940 611 ipsum

354 627 644 696 impietatis
674 631 1017 699 profundum,
1055 641 1110 686 et
1148 648 1311 702 prope
1367 634 1591 687 dixerim
1615 676 1631 698 ,
1663 634 1715 687 in
1762 632 1942 688 fauces

352 717 550 772 diaboli
590 719 803 785 cadere,
833 736 1006 790 neque
1033 737 1280 776 sermone
1321 738 1415 777 eos
1442 724 1742 791 dignamur,
1773 740 1944 794 neque

352 809 658 874 consulere,
692 826 867 880 neque
909 813 1087 866 verbis
1111 813 1429 873 admonere.
1457 823 1510 868 et
1535 815 1743 884 eripere
1769 830 1798 869 a
1824 831 1942 869 ma-

357 898 470 952 litia
489 941 503 963 ,
530 907 584 953 et
603 900 668 954 ad
697 901 953 957 virtutem
991 906 1368 959 manuducere.
1399 905 1621 973 Qualem
1651 907 1810 976 igitur
1841 909 1939 961 ha-

354 989 598 1046 bebimus
624 995 1027 1049 excusationem
1058 1036 1073 1059 ,
1121 1011 1241 1050 cum
1287 996 1464 1067 justus
1506 1013 1677 1068 neque
1732 999 1942 1054 filiabus

355 1092 556 1152 parcat,
581 1094 638 1137 ut
659 1084 927 1155 hospitum
960 1098 1136 1142 servet
1162 1104 1345 1143 curam
1371 1108 1383 1143 :
1409 1106 1507 1147 nos
1537 1101 1715 1147 autem
1749 1095 1816 1147 ita
1840 1094 1940 1148 im-

355 1173 778 1230 ntisericorditer
800 1192 923 1247 erga
943 1177 1134 1233 fratres
1162 1189 1370 1235 nostros
1395 1182 1707 1249 afficiamur,
1728 1193 1779 1237 et
1800 1199 1943 1253 saape

304 1324 314 1333 δ
355 1262 546 1333 frigida
575 1266 663 1319 illa
702 1276 757 1321 et
804 1268 1151 1324 absurditatis
1178 1273 1334 1341 plena
1382 1274 1540 1327 verba
1573 1276 1943 1345 proferamus?

355 1354 490 1422 Quid
520 1359 697 1425 enim,
756 1360 968 1430 inquit,
1025 1364 1155 1418 mihi
1199 1382 1319 1419 cum
1349 1382 1413 1421 eo
1455 1369 1773 1423 commune?
1812 1369 1941 1424 mihi

356 1463 461 1501 non
494 1457 576 1503 est
598 1466 760 1515 cura},
792 1453 923 1508 nihil
956 1455 1085 1508 mihi
1130 1457 1324 1526 negotii
1359 1473 1479 1512 cum
1501 1475 1583 1514 eo.
1612 1460 1747 1528 Quid
1768 1460 1900 1515 dicis
1922 1501 1939 1527 ,

359 1537 561 1593 homo?
588 1540 727 1595 Nihil
750 1544 841 1598 tibi
861 1559 1145 1602 commune
1171 1564 1293 1602 cum
1338 1552 1441 1603 eo?
1482 1551 1668 1606 Frater
1694 1562 1814 1607 tuus
1836 1564 1937 1621 est,

354 1630 594 1699 ejusdem
628 1642 803 1689 tecum
858 1647 1080 1703 naturae,
1138 1641 1237 1695 sub
1261 1641 1454 1697 eodem
1493 1646 1622 1699 e5tis
1677 1645 1936 1712 Domino,

360 1738 506 1793 saepe
529 1726 689 1780 etiam
719 1727 959 1797 ejusdem
991 1733 1277 1802 participes
1306 1749 1523 1800 meusm,
1560 1736 1850 1806 spiritualis
1870 1739 1937 1792 il-

360 1815 492 1884 lius,
535 1819 772 1890 inquam,
804 1830 857 1876 et
891 1825 1163 1892 terribilis,
1196 1836 1250 1880 et
1285 1826 1418 1882 dicis
1450 1846 1463 1881 :
1495 1828 1939 1887 Nihilconunune

360 1907 532 1965 habeo
566 1928 685 1965 cum
710 1929 802 1977 eo;
832 1926 883 1969 et
915 1917 1408 1974 immisericorditer
1438 1923 1697 1990 prmteris,
1738 1931 1793 1978 et
1835 1940 1940 1979 non

355 2002 583 2070 porrigis
607 2003 806 2072 jacenti
839 2006 1093 2060 manum?
1114 2009 1179 2063 Et
1207 2008 1403 2065 Judreis
1427 2012 1640 2082 quidem
1666 2015 1749 2067 lex
1776 2017 1941 2084 impe-

358 2091 534 2159 rabat,
596 2110 663 2149 ne
736 2097 1073 2153 inimicorum
1112 2100 1259 2170 lapsa
1306 2102 1548 2171 jumenta
1611 2106 1943 2176 negligerent

357 2182 552 2251 (Exod.
585 2186 674 2241 25,
701 2188 757 2256 5)
785 2206 798 2242 :
833 2197 887 2243 tu
908 2200 1087 2245 autem
1111 2190 1328 2247 fratrem
1346 2201 1491 2248 tuum
1520 2211 1547 2248 a
1567 2196 1778 2251 diabolo
1798 2213 1941 2266 sirpe

356 2278 647 2331 sauciatutn
669 2288 724 2334 et
757 2281 1024 2351 jacentem
1069 2299 1176 2340 non
1223 2302 1383 2355 super
1415 2295 1632 2356 terrain,
1657 2291 1750 2346 sed
1782 2306 1943 2361 super

356 2372 558 2437 peccati
583 2370 892 2428 barathrum
931 2374 1141 2442 videns,
1172 2386 1257 2431 tua
1288 2378 1662 2435 exhortatione
1701 2398 1806 2436 non
1855 2399 1941 2438 re-

361 2459 547 2523 trahis,
578 2477 683 2517 non
706 2465 1120 2522 admonitionem
1148 2478 1287 2522 tuam
1317 2470 1558 2538 adhibes,
1590 2488 1694 2527 non
1729 2474 1865 2527 alios
1887 2476 1942 2530 in

358 2554 614 2607 auxilium
657 2570 841 2623 vocas,
874 2565 934 2612 ut
958 2562 1002 2614 si
1032 2558 1147 2614 fieri
1183 2562 1371 2630 possit,
1405 2577 1434 2615 a
1469 2562 1709 2619 faucibus
1755 2566 1942 2621 bestia:

358 2645 655 2699 membrum
681 2655 827 2701 tuum
854 2664 1044 2705 eruere
1059 2652 1266 2717 valeas,
1297 2664 1350 2708 et
1377 2654 1443 2707 ad
1471 2670 1621 2709 suam
1670 2655 1931 2712 reducere

362 2736 691 2792 nobilitatem
722 2756 735 2792 :
765 2748 823 2794 ut
873 2750 927 2795 et
978 2742 1113 2812 ipse,
1165 2746 1207 2798 si
1235 2746 1449 2815 quando
1497 2747 1776 2810 cecideris,
1799 2749 1942 2818 quod

359 2827 535 2893 absit,
568 2829 620 2884 in
642 2831 861 2901 laqueos
887 2834 1287 2891 rnalidsemonis
1317 2838 1461 2893 illius
1482 2880 1496 2904 ,
1543 2840 1718 2909 pessis
1743 2840 1943 2895 habere

359 2918 571 2987 aliquos
603 2922 691 2991 qui
717 2932 768 2976 te
792 2922 1004 2992 juvcnt,
1039 2935 1093 2980 et
1120 2926 1349 2982 liberent
1373 2943 1403 2981 a
1429 2930 1674 2984 manibus
1709 2930 1943 2986 diaboli?

362 3008 452 3063 Sic
472 3021 526 3064 et
550 3011 746 3068 Paulus
771 3017 1015 3073 excitare
1047 3020 1232 3075 volens
1274 3021 1508 3088 Galatas,
1537 3032 1593 3078 ut
1621 3025 1732 3079 suis
1759 3027 1943 3096 provi-

359 3099 522 3155 deant
541 3105 821 3167 membris.
852 3107 1023 3178 inquit
1054 3127 1067 3163 :
1103 3110 1443 3167 Considerans
1477 3117 1790 3184 temetipsum
1820 3159 1836 3184 ,
1883 3135 1947 3173 ne

359 3201 408 3245 et
430 3202 483 3246 tu
508 3196 709 3250 tenteris
744 3196 937 3268 (Gatat.
980 3200 1034 3255 6.
1091 3201 1146 3273 1)
1172 3220 1184 3255 :
1209 3205 1361 3273 quasi
1392 3204 1617 3270 diceret,
1652 3208 1709 3264 Si
1742 3209 1943 3280 absque

360 3286 830 3345 commiseratione
856 3300 911 3345 et
936 3291 1225 3349 inhumane
1251 3297 1470 3352 fratrem
1502 3301 1767 3369 praeteris,
1807 3303 1945 3359 forte

362 3382 418 3429 et
449 3386 521 3443 te,
551 3378 594 3431 si
612 3380 903 3445 cecideris,
931 3383 1066 3439 alius
1097 3386 1344 3441 similiter
1365 3391 1677 3457 praateribit.
1710 3392 1763 3448 Si
1788 3394 1946 3463 igitur

365 3470 450 3523 vis
483 3486 586 3525 non
627 3474 827 3544 deSpici
874 3478 1046 3532 sicubi
1091 3478 1323 3546 labaris,
1358 3498 1425 3536 ne
1475 3482 1588 3551 ipse
1632 3485 1945 3556 despexeris

364 3561 528 3615 alium
557 3565 682 3618 :sed
710 3581 956 3636 magnam
984 3584 1095 3638 prre
1130 3578 1182 3625 te
1203 3569 1283 3625 fer
1307 3571 1710 3643 benignitatem,
1739 3587 1793 3632 et
1830 3577 1945 3634 the-

365 3669 582 3709 saurum
604 3658 767 3713 crede
798 3662 1119 3728 maximum,
1148 3665 1191 3717 si
1229 3680 1448 3722 servare
1483 3670 1656 3738 possis
1702 3670 1941 3727 fratrem.

364 3744 502 3802 Nihil
534 3750 674 3803 enim
704 3751 828 3807 huic
869 3769 1118 3824 umquam
1160 3773 1254 3826 par
1294 3758 1407 3812 fieri
1460 3763 1675 3827 poterit,
1706 3764 1846 3833 quod
1875 3764 1944 3819 ad

366 3838 613 3895 virtutem
644 3845 852 3897 attinet.
883 3845 1014 3901 Nam
1056 3848 1099 3900 si
1148 3849 1321 3902 solum
1379 3851 1698 3920 cogitaveris
1758 3855 1939 3921 illum,

365 3946 523 3999 quem
546 3932 777 4003 despicis
801 3944 855 3990 ct
893 3938 1155 4005 praeteris,
1179 3955 1209 3993 a
1233 3940 1458 3994 Domino
1491 3949 1580 3996 tuo
1604 3951 1749 3997 tanto
1766 3945 1817 3998 in
1843 3945 1944 3999 ho-

372 4038 503 4078 nore
548 4023 785 4080 habitum
832 4028 1014 4095 fuisse,
1050 4038 1108 4084 ut
1154 4040 1373 4100 prOpter
1403 4032 1574 4101 ipsum
1603 4049 1709 4088 non
1738 4035 1946 4106 refuge-

365 4116 435 4169 rit
459 4127 513 4171 et
535 4121 842 4189 sanguinem
868 4138 1023 4177 suum
1056 4124 1354 4191 effundere,
1384 4127 1522 4180 sicut
1548 4137 1603 4182 et
1624 4128 1821 4184 Paulus
1858 4131 1943 4184 di-

366 4208 443 4261 cit
468 4224 481 4259 :
519 4208 585 4261 Et
615 4212 790 4279 peribit
839 4214 1074 4282 inﬁrmus
1100 4218 1255 4285 frater
1299 4217 1353 4269 in
1383 4226 1467 4270 tua
1487 4220 1713 4284 scientia,
1743 4232 1949 4291 propter

365 4317 510 4370 quem
549 4301 779 4358 Christus
808 4316 1029 4359 mortuus
1055 4318 1125 4360 est
1173 4308 1248 4378 (l.
1283 4308 1400 4363 Cor.
1428 4309 1482 4364 8.
1520 4310 1646 4382 Il):
1678 4313 1947 4381 quomodo

368 4413 472 4451 non
516 4416 624 4468 pra:
664 4396 867 4469 pudore
901 4398 1001 4455 sub
1032 4408 1173 4455 terra
1231 4410 1282 4458 te
1315 4399 1656 4456 abscondes?
1685 4402 1743 4458 Si
1787 4403 1948 4474 igitur

365 4499 583 4559 propter
613 4492 760 4545 illum
806 4492 1046 4548 Christus
1091 4496 1401 4566 sanguinem
1442 4491 1645 4565 effudit,
1675 4495 1801 4569 quid
1841 4512 1948 4556 mae

362 4594 525 4649 gnum
553 4579 738 4646 facies,
770 4584 813 4636 si
848 4594 987 4636 tuam
1020 4584 1071 4637 in
1097 4601 1216 4639 eum
1247 4586 1488 4641 declares
1519 4587 1945 4645 benevolentiam

366 4680 420 4725 et
445 4672 815 4727 exhortatione
835 4677 1115 4729 verborum
1141 4677 1407 4747 jaccntem
1434 4680 1627 4749 erigas,
1646 4684 1944 4737 etanimam

364 4779 593 4819 mersam
625 4766 759 4821 forte
794 4776 849 4821 et
878 4768 1206 4823 submersam
1237 4772 1435 4825 referas
1466 4789 1531 4826 ex
1557 4773 1819 4842 profundo
1837 4792 1949 4828 tua-

366 4860 515 4924 litim,
548 4869 604 4914 et
633 4861 763 4914 illud
791 4872 1000 4931 salagas
1022 4873 1077 4917 ut
1104 4864 1272 4917 videat
1304 4866 1513 4920 virtutis
1538 4866 1732 4934 lucem,
1761 4883 1823 4922 ac
1840 4885 1946 4923 non

365 4962 608 5005 recurrat
633 4953 700 5006 ad
732 4953 983 5007 vitiorum
1020 4955 1338 5024 caliginem?

435 5042 490 5096 5.
525 5042 804 5098 Imitemur
832 5045 1009 5114 igitur,
1052 5046 1297 5113 obsecro,
1322 5048 1525 5117 justum
1560 5050 1708 5104 illum
1731 5093 1747 5125 τ
1798 5060 1853 5106 et
1904 5054 1948 5108 si

364 5131 777 5201 periclitandum
816 5136 976 5189 etiam
1006 5134 1170 5189 fuerit
1199 5152 1295 5205 pro
1328 5141 1499 5193 salute
1538 5142 1787 5209 proximi,
1843 5158 1947 5198 non

365 5225 468 5280 hoc
495 5228 961 5298 subterfugiamus.
992 5228 1124 5283 Nam
1147 5230 1249 5283 tale
1275 5232 1567 5300 periculum
1595 5234 1748 5290 nobis
1764 5236 1950 5293 salutis

364 5318 525 5374 fuerit
543 5321 773 5387 occasio,
800 5322 1127 5392 multamque
1154 5324 1458 5379 conciliabit
1504 5326 1772 5382 fiduciam.
1801 5331 1948 5384 Con-

366 5411 543 5466 sidera
570 5414 734 5478 enim,
767 5415 1016 5479 obsecro,
1062 5416 1333 5485 quomodo
1355 5417 1529 5486 justus
1555 5420 1645 5475 ille
1667 5424 1762 5476 toti
1784 5438 1951 5493 popu-

365 5498 441 5572 io,
482 5508 569 5577 qui
602 5507 673 5561 ita
700 5507 752 5561 in
778 5508 1035 5563 malitiam
1066 5509 1494 5578 conspiraverat,
1526 5526 1585 5566 se
1604 5516 1910 5584 opposuerit
1931 5557 1948 5585 ,

365 5610 421 5655 et
445 5616 690 5672 magnam
719 5601 1059 5657 clementiam
1109 5601 1541 5674 inetfabilemque
1584 5594 1949 5661 fortitudinem

369 5708 481 5762 pta:
506 5708 566 5748 se
595 5693 799 5757 tulerit,
821 5693 1064 5762 quamvis
1110 5708 1285 5763 neque
1330 5692 1409 5748 sic
1428 5696 1697 5766 corrigere
1719 5699 1952 5767 potuerit

373 5785 683 5843 indomitam
706 5786 914 5842 illorum
942 5786 1222 5841 insaniam.
1250 5785 1455 5858 Quippe
1480 5797 1603 5858 post
1632 5790 1793 5845 verba
1821 5788 1910 5844 illa
1929 5827 1947 5857 ,

1359 335 1426 391 IN
1462 336 1613 391 CAP.
1656 334 1801 391 XIX.
1841 334 2083 393 GENES.
2126 336 2358 394 HOMIL.
2400 338 2584 395 XLIII.

3527 345 3629 399 402

1988 460 2005 471 "
2051 458 2107 503 et
2138 459 2246 505 tam
2291 451 2539 506 eximiam
2590 453 3051 509 mansuetudinem
3078 494 3093 519 ,
3149 468 3270 510 cum
3319 455 3499 511 verbis
3529 458 3635 509 suis

2048 541 2196 610 quasi
2222 542 2467 598 manibus
2482 544 2845 612 prostituisset
2866 546 3020 611 filias,
3048 545 3174 616 quid
3200 545 3382 601 dicunt
3397 546 3464 599 ad
3482 548 3638 601 eum?

2049 632 2102 687 9.
2131 634 2327 689 Recede
2373 634 2516 690 illuc.
2547 635 2592 691 Ο
2632 651 2846 706 gravem
2892 639 3243 695 ebrietatem!
3280 654 3314 694 o
3365 640 3635 709 ingentem

2049 723 2440 795 insipientiam!
2475 726 2532 780 In
2577 726 2719 782 hunc
2764 728 2979 783 modum
3012 745 3069 783 se
3117 730 3279 785 habet
3337 730 3556 785 efferata
3585 740 3637 785 et

2050 815 2186 869 mala
2216 816 2385 871 bestia
2412 818 2843 888 concupiscentia
2869 838 2880 872 :
2909 820 3119 888 quando
3140 822 3401 876 rationem
3424 821 3634 886 vicerit,

2049 906 2180 961 nihil
2207 908 2462 963 decorum
2485 918 2538 963 et
2566 910 2846 965 honestum
2884 912 3067 967 videre
3096 913 3242 978 sinit,
3275 912 3369 968 sed
3397 914 3549 984 quasi
3584 914 3636 968 in

2048 998 2289 1052 tenebris
2316 1010 2369 1053 et
2396 1015 2568 1068 pugna
2603 1012 2863 1055 nocturna
2889 1001 3064 1055 omnia
3092 1000 3234 1055 facit.
3274 1003 3463 1057 Recede
3488 1003 3632 1067 illuc,

2047 1089 2262 1144 dicunt:
2287 1092 2461 1145 veniin
2487 1101 2541 1144 ut
2571 1107 2701 1145 esses
2721 1092 2937 1158 advena,
2962 1095 3204 1164 numquid
3233 1095 3383 1148 etiam
3407 1104 3461 1148 ut
3480 1095 3633 1165 judi-

2044 1181 2179 1233 cium
2210 1182 2455 1251 jndices?
2484 1181 2620 1252 Ergo
2648 1200 2780 1238 nunc
2805 1193 2850 1237 te
2870 1185 3140 1255 aﬂiigemus
3170 1187 3350 1255 magis,
3384 1202 3536 1254 quam
3564 1186 3633 1239 il-

2048 1272 2141 1326 los.
2172 1272 2307 1328 Vide
2337 1275 2604 1344 quomodo
2630 1276 2804 1345 justus
2828 1287 3101 1331 mansuete
3129 1292 3247 1331 cum
3266 1278 3344 1332 eis
3366 1278 3618 1348 loquitur,

2046 1364 2121 1417 illi
2160 1374 2336 1419 autem
2369 1377 2565 1437 quanta
2608 1367 2881 1423 ferocitate
2918 1370 3262 1438 respondent.
3315 1370 3468 1424 Enim
3503 1384 3632 1424 vero

2046 1456 2195 1525 quasi
2222 1472 2251 1509 a
2277 1457 2491 1512 diabolo
2531 1460 2803 1529 exagitati,
2848 1468 2993 1515 eteo
3042 1461 3290 1515 ducatum
3322 1462 3625 1531 praebente,

2046 1550 2116 1602 ita
2140 1558 2325 1604 contra
2350 1549 2554 1619 justum
2586 1553 2883 1623 insurgunt,
2916 1562 2971 1607 et
2995 1552 3177 1607 dicunt
3205 1570 3218 1607 :
3248 1552 3439 1607 Venisti
3460 1563 3513 1606 ut
3538 1554 3633 1606 ad-

2045 1656 2171 1692 vena
2199 1658 2348 1707 esses,
2379 1642 2624 1712 numquid
2649 1642 2798 1696 etiam
2818 1653 2871 1696 ut
2902 1644 3154 1713 judicium
3171 1645 3372 1716 jndices
3395 1646 3419 1698 ?
3446 1644 3629 1700 Adve-

2045 1747 2165 1785 nam
2224 1741 2295 1799 te,
2328 1733 2589 1802 inquiunt,
2631 1735 2961 1804 suscepimus
2994 1753 3007 1787 :
3035 1752 3157 1790 num
3181 1744 3233 1790 et
3259 1736 3420 1805 judex
3449 1747 3633 1791 uoster

2046 1837 2104 1876 es
2158 1822 2370 1877 factus?
2411 1823 2455 1879 Ο
2497 1834 2789 1878 extremam
2860 1826 3293 1895 improbitatem!
3339 1826 3632 1896 Oportebat

2045 1916 2380 1978 erubescere,
2411 1916 2690 1987 oportebat
2711 1917 2941 1972 revereri
2963 1919 3239 1973 consilium
3254 1918 3380 1988 justi
3407 1937 3420 1972 :
3445 1934 3627 1973 verum

2047 2007 2182 2060 sicut
2208 2009 2378 2061 insani
2402 2011 2560 2063 etiam
2586 2009 2848 2063 medicum
2895 2011 3152 2078 impetere
3174 2019 3453 2074 conantur,
3480 2011 3548 2062 ita
3576 2020 3631 2063 et

2046 2098 2122 2151 illi
2157 2115 2169 2150 :
2202 2097 2293 2163 Te,
2325 2101 2493 2164 aiunt,
2540 2101 2700 2170 magis
2728 2101 3020 2171 aﬁligemus,
3050 2118 3201 2171 quam
3246 2101 3380 2155 illos.
3436 2101 3490 2155 Si
3523 2115 3625 2154 non

2046 2191 2147 2257 vis,
2170 2192 2338 2258 aiunt,
2366 2193 2528 2248 silere
2553 2202 2607 2247 et
2637 2195 2936 2263 quiescere,
2967 2193 3143 2248 disces
3162 2203 3211 2249 te
3229 2195 3520 2264 patrocinio
3539 2203 3629 2248 tuo

2046 2282 2178 2336 nihil
2208 2283 2350 2338 aliud
2376 2283 2711 2352 effecturum,
2742 2296 3094 2354 prmterquam
3142 2286 3283 2355 quod
3308 2285 3383 2340 illi
3413 2287 3627 2356 quidem

2046 2373 2340 2442 periculum
2365 2373 2641 2443 effugient,
2675 2384 2729 2428 tu
2750 2382 2926 2429 autem
2955 2375 3006 2428 in
3048 2375 3221 2445 ipsum
3250 2374 3475 2430 incides.
3521 2375 3629 2429 Fa-

2045 2464 2239 2520 ciebant
2266 2478 2431 2520 autem
2451 2469 2550 2521 vim
2578 2467 2674 2521 Lot
2704 2469 2865 2522 valde.
2890 2468 3024 2523 Vide
3044 2468 3242 2537 justum
3278 2469 3424 2522 illum
3452 2484 3626 2538 quan-

2047 2566 2154 2611 tam
2181 2558 2543 2613 fortitudinem
2578 2559 2847 2626 declarat,
2885 2569 2939 2614 et
2990 2569 3148 2613 tanta:
3175 2559 3497 2614 multitudini
3527 2574 3623 2630 0p-

2046 2664 2246 2719 ponere
2276 2664 2333 2704 se
2380 2658 2563 2705 tentat.
2599 2650 2665 2703 Et
2705 2652 3259 2721 appropinquaverunt,
3309 2652 3514 2721 inquit,
3573 2660 3653 2711 ut,

2051 2749 2362 2793 contererent
2378 2742 2616 2811 januam.
2646 2741 2777 2796 Nam
2805 2744 3054 2811 qttoniam
3089 2758 3420 2812 egressurus,
3449 2753 3502 2798 et
3530 2741 3625 2797 ho-

2050 2848 2169 2887 rum
2199 2832 2457 2887 insaniam
2480 2834 2778 2903 praevidens
2805 2834 2995 2888 clausit
3022 2844 3140 2904 post
3167 2848 3227 2889 se
3251 2834 3489 2903 januam,
3516 2850 3628 2887 non

2047 2924 2280 2980 ferentes
2325 2924 2473 2994 impii
2512 2933 2566 2981 et
2612 2926 2824 2981 scelesti
2886 2926 2962 2981 illi
3016 2925 3430 2980 admonitionem
3474 2926 3627 2994 justi,

2048 3016 2220 3086 ipsum
2249 3018 2297 3071 vi
2324 3017 2657 3087 premebant,
2696 3026 2749 3072 et
2764 3017 2982 3087 januam
3029 3024 3306 3071 conterere
3336 3016 3630 3070 molieban-

2050 3116 2154 3162 tur.
2189 3108 2295 3164 Sed
2327 3108 2451 3179 quia
2478 3109 2731 3179 operibus
2759 3110 2889 3163 satis
2914 3109 3275 3164 demonstrata
3305 3106 3477 3162 fuerat
3496 3107 3626 3177 justi

2048 3201 2237 3269 virtus,
2281 3211 2336 3256 et
2374 3202 2706 3271 hospitalitas
2744 3216 2867 3272 erga
2920 3216 3014 3257 eos
3043 3202 3131 3270 qui
3184 3201 3446 3271 peregrini
3473 3211 3627 3271 puta-

2049 3292 2260 3356 bantur,
2288 3308 2387 3348 nec
2428 3310 2533 3348 non
2559 3304 2613 3347 et
2651 3293 2978 3362 conSpiratio
3019 3292 3180 3347 totius
3210 3292 3389 3362 pepuli
3427 3293 3477 3346 in
3510 3307 3626 3346 rua-

2050 3383 2179 3449 lum,
2215 3394 2343 3439 tunc
2363 3392 2418 3439 et
2450 3384 2482 3438 ii
2514 3385 2601 3454 qui
2625 3385 2971 3448 advenerant,
3006 3383 3415 3437 manifestarunt
3453 3397 3530 3437 se.
3559 3382 3628 3437 Et

2050 3478 2174 3546 quia
2211 3477 2452 3531 viderant
2486 3478 2684 3546 justum
2714 3492 2873 3531 omne
2899 3475 3134 3530 officium
3159 3492 3311 3531 suum
3340 3476 3588 3545 implesse
3611 3517 3626 3540 ,

2050 3586 2200 3626 suam
2232 3570 2566 3625 declarantes
2618 3570 2927 3638 potentiam,
2951 3569 3219 3639 suppetias
3245 3568 3420 3623 ferunt
3444 3568 3589 3636 justo
3612 3608 3628 3633 ,

2050 3662 2135 3717 cui
2169 3662 2249 3715 vis
2279 3661 2442 3715 fiebat
2468 3661 2535 3714 ab
2568 3660 2780 3714 illorum
2830 3660 3054 3713 insania.
3087 3659 3173 3713 10.
3209 3657 3408 3725 Itaque,
3438 3659 3629 3726 inquit,

2049 3755 2141 3808 viri
2168 3753 2397 3807 manibus
2423 3754 2633 3807 extentis
2674 3761 2985 3806 attraxerant
3015 3751 3110 3805 Lot
3136 3752 3204 3805 ad
3223 3768 3276 3805 se
3304 3752 3355 3806 in
3381 3751 3584 3806 domum
3614 3794 3628 3818 ,

2049 3856 2095 3897 et
2111 3845 2331 3914 januam
2357 3844 2538 3897 domus
2568 3843 2854 3897 clauserunt
2876 3860 2896 3907 ;
2928 3844 3014 3897 11.
3046 3843 3176 3896 viros
3197 3852 3363 3895 autem
3384 3842 3470 3913 qui
3493 3854 3634 3896 erant

2049 3935 2188 4006 apud
2215 3936 2432 4004 januam
2480 3942 2827 4003 percusserunt
2871 3934 3095 3987 ccecitate
3136 3949 3168 3985 a
3199 3949 3351 4003 parvo
3377 3949 3529 4002 usque
3567 3933 3636 3985 ad

2050 4045 2311 4098 magnum,
2338 4038 2385 4081 et
2409 4027 2640 4081 dissoluti
2658 4038 2774 4081 sunt
2792 4037 3067 4097 querentes
3086 4027 3323 4097 januam.
3352 4026 3511 4080 Vides
3530 4042 3636 4095 quo

2050 4130 2208 4189 pacto
2245 4119 2421 4189 justus
2465 4119 2557 4174 ille
2587 4119 2765 4172 statim
2798 4118 3175 4188 hospitalitatis
3215 4118 3407 4187 accipit
3433 4132 3639 4172 merce-

2050 4211 2212 4275 dem,
2251 4219 2305 4265 et
2346 4210 2493 4279 impii
2553 4210 2631 4264 illi
2675 4210 2832 4280 digna
2886 4209 3187 4278 plectuntur
3247 4209 3448 4280 paena?
3492 4209 3632 4264 Dicit

2051 4300 2194 4357 enim
2227 4320 2240 4355 :
2270 4302 2595 4355 Attraxerunt
2621 4299 2718 4354 Lot
2744 4302 2795 4353 in
2823 4300 3051 4366 domum,
3104 4311 3151 4354 et
3195 4301 3403 4366 ianuam
3431 4300 3627 4354 clause-

2051 4404 2207 4458 runt;
2232 4395 2364 4447 viros
2389 4402 2556 4446 autem
2604 4402 2957 4463 percusserunt
2985 4393 3209 4445 ctecitate
3250 4409 3280 4444 a
3308 4409 3458 4463 parvo
3480 4408 3635 4467 usque

2052 4487 2120 4546 ad
2140 4502 2401 4562 magnum,
2433 4494 2483 4545 et
2510 4483 2747 4543 dissoluti
2788 4499 2905 4543 sunt
2924 4498 3202 4558 quwrentes
3222 4492 3463 4559 januam.
3494 4488 3637 4556 Quo-

2053 4584 2194 4640 niam
2223 4583 2419 4637 mentis
2449 4596 2636 4636 eorum
2678 4580 2868 4635 oculus
2908 4589 3208 4635 excmcatus
3257 4589 3393 4642 erat,
3424 4590 3640 4649 propter

2054 4679 2159 4735 hoc
2183 4686 2237 4733 et
2253 4677 2368 4731 visu
2397 4676 2583 4746 privati
2611 4682 2735 4728 sunt
2761 4690 2775 4726 :
2798 4682 2855 4728 ut
2877 4672 3083 4741 discant
3102 4671 3229 4727 nihil
3259 4672 3358 4727 sibi
3388 4671 3640 4741 prodesse

2054 4768 2359 4842 corporales
2387 4767 2571 4822 oculos
2596 4807 2612 4833 ,
2642 4766 2689 4819 si
2714 4763 2856 4819 oculi
2906 4763 3102 4819 mentis
3143 4762 3341 4818 fuerint
3366 4764 3639 4816 excaecati.

2056 4863 2125 4917 Et
2144 4862 2266 4932 quia
2292 4859 2739 4928 conspiraverant
2775 4856 2830 4910 in
2865 4856 3086 4921 malitia,
3118 4862 3175 4910 et
3220 4871 3248 4907 a
3279 4853 3421 4909 malo
3448 4860 3640 4907 conatu

2057 4969 2231 5026 neque
2252 4967 2408 5007 senes
2430 4965 2602 5020 neque
2632 4949 2857 5019 juvenes
2899 4946 3259 5011 abstinebant,
3299 4945 3426 4999 ideo
3452 4957 3642 4998 omnes

2056 5045 2306 5102 excaecati
2335 5052 2458 5097 sunt
2488 5050 2581 5095 :et
2604 5055 2709 5095 non
2737 5039 2908 5094 solum
2939 5037 3211 5101 excmcati,
3244 5036 3337 5091 sed
3367 5043 3423 5089 et
3442 5035 3644 5089 viribus

2057 5137 2301 5208 corporis
2336 5134 2573 5190 destituti
2601 5139 2765 5187 sunt:
2799 5128 3228 5199 quandoquidem
3262 5127 3406 5183 enim
3434 5125 3643 5195 potiore

2058 5229 2290 5284 hominis
2319 5235 2472 5296 parte
2500 5223 2675 5278 anima
2710 5220 2974 5277 debilitati
3004 5228 3178 5282 erant,
3212 5217 3409 5273 idcirco
3440 5215 3644 5272 viribus

2059 5323 2221 5376 etiam
2267 5317 2511 5387 corporis
2539 5323 2662 5369 sunt
2704 5312 3056 5368 destituti:et
3107 5310 3195 5378 qui
3243 5308 3390 5376 prius
3426 5307 3643 5376 januam

2059 5424 2338 5469 conterere
2391 5408 2697 5463 nitebantur
2735 5403 3092 5472 adhibitisque
3142 5399 3300 5454 minis
3334 5412 3456 5452 cum
3498 5398 3646 5465 justo

2059 5504 2427 5576 loquebantur,
2455 5499 2630 5555 subito
2650 5504 2911 5552 steterunt
2934 5492 3128 5555 luxatis
3148 5489 3422 5555 membris,
3447 5499 3500 5543 et
3522 5497 3647 5543 ante

2059 5599 2245 5655 oculos
2265 5596 2421 5651 sitam
2446 5594 2664 5664 januam
2699 5605 2802 5645 non
2826 5587 3087 5642 videntes.
3112 5582 3262 5639 Tunc
3288 5583 3439 5653 quasi
3471 5582 3641 5651 κεδρί-

2063 5694 2202 5749 ravit
2253 5691 2448 5761 justus,
2495 5687 2683 5741 videns
2742 5681 2937 5753 quales
2997 5678 3234 5747 hospites
3301 5683 3520 5741 essent,
3588 5682 3667 5727 et-

2064 5802 2221 5859 quam
2251 5798 2456 5856 magna:
2490 5780 2722 5838 virtutis.
2756 5774 2844 5833 12.
2887 5774 3098 5832 Etenim
3142 5771 3392 5829 Dixerunt
3433 5770 3501 5824 ad
3528 5784 3646 5823 uiua
