4084 6356
403 412 651 473 etri:Est
682 414 794 479 quis
838 411 925 464 tibi
974 410 1052 461 hic
1106 424 1254 475 gener
1306 407 1380 458 vel
1430 404 1525 471 ﬁlii
1568 404 1643 457 vel
1692 401 1844 470 ﬁliae,
1895 398 1972 452 vel

403 509 535 560 alius
580 506 691 575 quis
737 504 788 556 in
837 498 1075 555 ciuitate?
1103 496 1234 551 Vide
1267 494 1533 565 quomodo
1569 492 1696 562 justi
1741 490 1977 559 hospita-

408 601 609 654 litatem
650 602 1020 656 remunerant,
1067 602 1123 647 et
1160 588 1426 660 quomodo
1473 588 1520 642 ei
1566 585 1743 656 largiri
1792 584 1977 638 volunt

408 692 641 746 afﬁnium
668 688 906 742 omnium
960 684 1203 738 salutem.
1238 680 1294 737 Si
1343 680 1460 750 quis
1496 688 1581 736 est
1621 678 1714 732 tibi
1738 719 1755 740 ,
1788 676 1975 747 inquit,

410 801 460 837 ιιι
520 782 733 835 civitate
761 820 776 843 ,
830 780 872 830 si
912 790 1069 845 quem
1109 788 1323 829 servare
1372 773 1541 841 cupis,
1594 771 1638 824 si
1673 785 1830 840 quem
1874 769 1980 823 scis

407 874 475 926 ab
506 874 726 926 istorum
748 869 970 923 crimine
998 866 1251 931 alienum,
1276 862 1424 916 Educ
1472 878 1534 916 ea:
1589 861 1681 915 hoc
1733 860 1842 915 loco
1868 899 1883 926 ,
1928 868 1983 913 et

408 963 477 1017 tle
532 972 706 1023 terra;
770 972 957 1012 omnes
1010 956 1101 1027 qui
1145 954 1239 1009 tibi
1292 953 1460 1024 juncti
1514 960 1637 1007 sunt
1686 950 1980 1006 educzli’).

411 1052 679 1106 I’erdimus
724 1049 858 1102 enim
907 1064 997 1100 nos
1047 1046 1210 1100 locum
1258 1045 1412 1098 hunc.
1448 1042 1648 1097 Deinde
1673 1051 1725 1096 et
1769 1055 1983 1096 causam

406 1144 677 1208 aderunt,
722 1142 923 1213 justum
978 1140 1155 1195 omnia
1204 1139 1488 1210 diligenter
1515 1137 1790 1191 docentes.
1852 1135 1987 1201 Quia

408 1236 657 1289 exaltatus
730 1244 825 1298 est,
904 1233 1103 1302 inquit,
1148 1232 1341 1284 clamor
1386 1245 1559 1283 eorum
1604 1244 1773 1281 coram
1810 1225 1989 1282 Domi-

410 1342 512 1392 no,
570 1335 616 1379 et
654 1325 785 1380 misit
823 1341 915 1379 nos
975 1323 1223 1377 Dominus
1256 1332 1311 1375 ut
1354 1333 1686 1375 extet-aremus
1728 1335 1830 1374 eos.
1878 1318 1990 1374 Hoc

408 1428 525 1473 erat
562 1418 702 1489 quod
765 1416 1038 1473 dicebatur
1079 1415 1394 1486 patriarchae
1451 1414 1679 1469 Abrahze
1729 1431 1741 1466 :
1789 1412 1991 1467 Clamor

411 1508 751 1564 Sodomorum
794 1519 840 1562 et
883 1506 1181 1561 Gomorrhtz
1218 1505 1581 1575 multiplicatus
1605 1514 1675 1557 est
1708 1504 1849 1573 apud
1890 1519 1988 1558 me.

416 1601 684 1654 Exaltatus
728 1610 818 1657 est.
873 1598 1062 1669 inquit,
1122 1598 1314 1652 clamor
1342 1614 1515 1651 eorum
1558 1613 1729 1650 coram
1775 1594 1993 1649 Domino

414 1693 565 1759 (Gen.
598 1694 684 1747 18.
716 1693 828 1762 20).

484 1787 536 1840 6.
567 1786 794 1841 Grandis
836 1784 1195 1854 perversitatis
1234 1798 1418 1838 eorum
1451 1784 1777 1851 magnitudo,
1822 1791 1878 1837 et
1906 1781 1990 1836 id-

415 1877 578 1941 circo,
608 1876 728 1945 quia
758 1876 1061 1929 incurabilis
1091 1876 1328 1936 morbus.
1360 1885 1414 1929 et
1444 1875 1633 1929 vulnus
1664 1875 1766 1929 boc
1796 1874 1993 1928 nullam

415 1982 595 2020 curam
628 1966 832 2035 recipit,
855 1966 999 2019 misit
1026 1980 1122 2019 nos
1141 1966 1393 2019 Dominus
1412 1976 1465 2018 ut
1489 1976 1853 2019 exterercmus
1881 1980 1993 2019 eos.

420 2058 481 2111 Et
510 2056 612 2111 hoc
638 2067 720 2112 est
743 2058 882 2126 quod
906 2058 1117 2113 dicebat
1142 2058 1304 2113 David
1331 2076 1343 2110 :
1376 2058 1474 2125 Qui
1504 2058 1625 2128 facit
1650 2059 1857 2128 angelos
1882 2074 1998 2112 suos

416 2150 642 2219 spiritus,
685 2159 730 2203 et
758 2151 1012 2203 ministros
1050 2166 1166 2205 suos
1194 2150 1454 2219 ﬂammam
1483 2150 1613 2220 ignis
1650 2148 1669 2220 (
1696 2147 1841 2203 Psal.
1875 2150 1996 2204 l05.

417 2240 497 2308 4).
527 2240 681 2306 Quia,
712 2241 900 2310 inquit,
932 2239 1244 2295 advenimus
1273 2240 1336 2294 ad
1366 2240 1503 2295 hanc
1526 2240 1794 2311 regionem
1817 2240 2001 2295 delen-

418 2332 539 2386 dam
592 2334 848 2402 (propter
895 2333 1147 2387 malitiam
1197 2332 1338 2387 enim
1387 2332 1791 2387 inhabitantium
1840 2334 2001 2387 etiam

421 2435 559 2479 terra
588 2440 798 2494 ptenam
825 2425 1106 2496 accipiet),
1135 2424 1390 2495 egredere
1416 2434 1471 2479 tu
1505 2424 1647 2479 hinc.
1676 2423 1802 2479 Haec
1827 2432 1884 2477 ut
1908 2440 2002 2477 au-

421 2514 555 2569 divit
574 2515 769 2584 justus,
794 2525 846 2570 et
866 2516 1048 2570 didicit
1072 2532 1287 2571 causam
1314 2526 1529 2587 propter
1554 2532 1710 2587 quam
1741 2515 2004 2572 affuerunt

423 2607 517 2659 viri
550 2607 780 2675 quidem,
814 2616 871 2662 ut
913 2609 1261 2677 apparebant,
1306 2609 1476 2679 angeli
1516 2619 1693 2663 autem
1723 2622 1909 2663 revera
1950 2616 2005 2662 et

424 2698 645 2751 ministri
670 2699 760 2752 Dei
787 2699 1042 2762 omnium,
1074 2701 1160 2754 14.
1185 2699 1434 2773 Egressus
1461 2699 1553 2753 Lot
1574 2700 1811 2767 loquutus
1834 2709 1906 2754 est
1925 2716 2004 2770 ge-

424 2797 551 2841 nerts
579 2790 702 2854 suis,
729 2791 816 2856 qui
838 2801 1132 2859 acceperant
1156 2793 1291 2861 ﬁlias
1320 2809 1447 2862 ejus.
1475 2792 1630 2862 Atqui
1657 2806 1818 2861 supra
1848 2792 1999 2847 dice—

424 2882 512 2937 bat
552 2882 727 2951 impiis
774 2884 897 2952 illis,
940 2884 1069 2939 Ecse
1105 2886 1231 2939 duas
1265 2885 1401 2955 ﬁlias
1432 2885 1607 2951 habeo,
1629 2900 1744 2955 qua:
1780 2884 2005 2938 nondum

428 2986 762 3043 cognoverunt
791 2978 921 3031 viros
947 2993 965 3031 :
990 2978 1257 3048 quomodo
1300 2979 1457 3048 igitur
1484 2979 1569 3033 bic
1605 2980 1750 3043 dicit,
1799 2978 2005 3033 Generis

421 3067 544 3130 suis,
568 3068 651 3135 qui
680 3079 971 3137 acceperant
992 3070 1125 3137 ﬁlias
1152 3071 1297 3139 ejus?
1320 3070 1397 3124 Ne
1424 3079 1575 3139 putes
1598 3072 1860 3125 contraria
1886 3086 2005 3127 esse

426 3159 539 3211 haec
573 3158 697 3221 illis,
729 3174 847 3227 quae
874 3162 1118 3228 superius
1146 3175 1177 3214 a
1211 3160 1354 3230 justo
1383 3169 1508 3215 sunt
1533 3161 1693 3215 dicta.
1725 3162 1837 3216 Mos
1862 3163 2003 3217 enim

426 3250 514 3303 ille
542 3251 809 3304 veteribus
830 3261 965 3315 erat,
995 3263 1119 3307 ante
1143 3253 1365 3307 multum
1396 3262 1604 3325 tempus
1629 3255 1892 3324 sponsalia
1926 3256 2003 3309 la-

424 3356 582 3395 cere:
612 3356 754 3412 sarpe
784 3343 910 3397 item
936 3355 989 3398 et
1013 3345 1318 3400 cohabitare
1348 3347 1679 3417 desponsatis
1698 3389 1713 3414 ,
1753 3358 1808 3404 et
1848 3350 2003 3404 simul

424 3450 543 3486 cum
592 3435 896 3502 parentibus
934 3437 1175 3491 versari:
1206 3438 1255 3492 id
1294 3438 1435 3508 quod
1478 3449 1531 3495 et
1561 3456 1700 3495 nunc
1742 3440 1922 3494 multis
1953 3442 2003 3493 in

427 3522 554 3577 locis
608 3524 719 3577 ﬁeri
769 3526 927 3580 solet.
973 3527 1104 3593 Quia
1146 3529 1302 3597 igitur
1324 3529 1434 3598 jam
1484 3530 1823 3601 deSponsatio
1870 3532 2002 3584 facta

425 3622 558 3679 erat,
601 3614 720 3668 ideo
751 3625 902 3669 vocat
930 3632 1024 3671 eos
1050 3634 1278 3687 generos
1306 3630 1359 3673 et
1389 3616 1539 3683 dicit,
1570 3620 1669 3686 Qui
1710 3631 2005 3691 acceperant

427 3706 560 3770 ﬁlias
586 3706 715 3775 ejus,
752 3709 1021 3778 proposito
1048 3710 1293 3765 videlicet
1319 3726 1381 3765 ac
1412 3721 1593 3767 mutuo
1618 3728 1903 3768 consensu.
1935 3712 2005 3767 Et

427 3794 546 3849 dicit
572 3813 590 3849 ε
621 3797 843 3868 Surgite,
867 3810 913 3852 et
943 3802 1071 3855 erile
1094 3804 1155 3855 de
1183 3802 1276 3856 hoc
1304 3804 1414 3857 loco
1438 3820 1457 3858 :
1482 3805 1601 3873 quia
1620 3806 1799 3860 exterit
1825 3805 2007 3861 Domi-

428 3904 521 3941 nus
548 3889 815 3945 civitatem.
856 3891 1001 3945 Visus
1025 3903 1096 3947 est
1121 3904 1286 3947 autem
1315 3894 1529 3948 ridicula
1560 3897 1702 3967 loqui
1717 3914 1887 3953 coram
1914 3916 2005 3970 ge-

428 3979 561 4032 neris
589 3981 711 4033 suis.
753 3983 879 4036 Vide
908 3985 1174 4051 quomodo
1202 4001 1232 4039 e
1262 3986 1402 4040 malo
1432 3987 1521 4041 illo
1552 3986 1813 4043 fermento
1854 4000 2007 4045 erant

428 4079 481 4124 et
512 4071 616 4124 isti.
649 4072 711 4125 Et
740 4085 1020 4142 propterea
1047 4077 1229 4131 volens
1258 4078 1395 4132 Deus
1422 4079 1528 4133 cito
1555 4079 1781 4135 liberare
1802 4081 2003 4151 justum

428 4160 495 4214 ab
523 4161 731 4217 illorum
751 4165 1031 4232 afﬁnitate,
1064 4184 1167 4221 non
1197 4170 1437 4237 permisit
1458 4179 1514 4225 ut
1538 4173 2008 4228 commiscerentur

431 4267 549 4306 cum
579 4254 783 4309 liliabus
805 4257 930 4326 justi
958 4262 1087 4313 :sed
1112 4277 1233 4315 cum
1271 4262 1445 4331 impiis
1471 4264 1631 4318 etiam
1670 4264 1789 4320 illos
1826 4266 2006 4336 perdi-

428 4344 525 4408 dit,
559 4358 616 4400 ut
652 4364 898 4416 egressus
922 4352 1097 4418 justus
1137 4370 1257 4407 emn
1291 4355 1496 4409 ﬁliabus
1530 4356 1784 4425 effugeret
1820 4374 2006 4414 eorum

432 4440 818 4505 cognationem.
865 4441 1042 4512 Itaque
1079 4460 1198 4498 cum
1230 4446 1472 4501 audirent
1499 4462 1529 4500 a
1565 4448 1709 4516 justo
1744 4451 2009 4504 terribiles

434 4528 548 4579 illas
574 4530 763 4597 minas,
794 4535 941 4599 quasi
978 4534 1394 4601 subsannabant,
1424 4547 1477 4591 et
1507 4538 1759 4607 putabant
1804 4540 2004 4594 delira-

434 4626 608 4671 menta
633 4634 751 4674 esse
776 4638 893 4689 qua:
913 4623 1243 4680 dicebantur.
1277 4627 1649 4684 Verumtamen
1667 4629 1843 4701 justus
1865 4631 2008 4701 quod

432 4724 585 4763 suum
612 4721 729 4766 erat
748 4712 989 4783 faciebat,
1016 4726 1070 4773 et
1093 4719 1213 4789 quia
1236 4722 1403 4776 semel
1432 4721 1535 4776 illis
1563 4722 1697 4777 tilias
1716 4722 2009 4795 desponsa-

433 4809 532 4866 rat,
564 4804 729 4859 voluit
752 4808 960 4877 eripere
985 4825 1077 4865 eos
1110 4826 1139 4864 a
1163 4812 1422 4881 supplicio
1452 4832 1466 4869 :
1498 4822 1553 4868 at
1583 4813 1656 4868 illi
1686 4814 1966 4871 noluerunt
1990 4859 2007 4884 ,

429 4896 525 4952 sed
555 4899 606 4952 in
634 4900 871 4956 moribus
896 4904 1005 4957 suis
1042 4916 1373 4975 manserunt,
1416 4916 1471 4963 et
1498 4909 1676 4979 reipsa
1713 4910 2012 4968 didicerunt

429 5003 488 5043 se
532 5005 726 5060 magno
763 5009 861 5047 suo
901 4995 1096 5051 damno
1131 4998 1408 5053 consilium
1446 4998 1575 5069 justi
1620 5003 1887 5072 rejecisse.
1923 5005 2009 5059 15.

434 5080 529 5136 Ubi
560 5094 747 5150 autem,
780 5086 968 5155 inquit,
991 5105 1137 5143 mane
1162 5089 1350 5158 factum
1378 5101 1468 5157 est,
1510 5095 1735 5149 studiose
1758 5097 2013 5150 adhortati

429 5181 549 5227 sunt
571 5176 736 5245 angeli
762 5174 857 5229 Lat
875 5219 887 5241 ,
916 5177 1134 5235 dicentes
1161 5196 1180 5234 :
1205 5179 1390 5252 Surge,
1416 5183 1589 5253 accipe
1613 5203 1820 5241 uxorem
1849 5198 2006 5253 tuam,

429 5274 476 5317 ct
501 5266 634 5333 ﬁlias
664 5268 811 5333 duas,
842 5285 966 5337 quas
991 5270 1160 5337 habes,
1185 5281 1231 5326 et
1258 5276 1356 5340 exi,
1383 5284 1437 5329 ut
1461 5292 1523 5330 ne
1547 5285 1594 5330 et
1621 5287 1673 5330 tu
1694 5296 1804 5332 cum
1828 5280 2012 5350 iniqui-

430 5357 612 5411 tatibus
636 5360 849 5415 civitatis
886 5363 1196 5432 ρενεαδιίϐ.
1228 5364 1297 5419 Et
1338 5366 1525 5421 turbati
1562 5379 1697 5424 sunt.
1719 5370 1796 5425 Ne
1838 5371 2010 5436 dill'er,

432 5449 601 5517 inquit
624 5466 637 5503 :
657 5450 766 5519 jam
782 5452 923 5506 enim
948 5454 1050 5509 illis
1067 5456 1328 5523 pernicies
1351 5457 1630 5528 inﬂigenda
1648 5468 1729 5516 est
1750 5478 1763 5515 :
1789 5461 2013 5530 teipsum

433 5540 592 5609 igitur
630 5550 685 5595 et
713 5558 932 5599 uxorem
979 5557 1032 5600 et
1059 5548 1195 5603 ﬁlias
1222 5564 1396 5604 serva.
1424 5548 1502 5604 Illi
1541 5551 1685 5605 enim
1710 5554 1799 5621 qui
1828 5553 2014 5607 nolui»

434 5642 559 5687 runt
582 5635 928 5691 admonitioni
960 5646 1061 5693 tua:
1091 5655 1298 5708 parere,
1335 5657 1440 5697 non
1469 5641 1624 5713 longe
1649 5653 1767 5712 post
1795 5645 2011 5713 partici-

437 5744 529 5800 pes
542 5739 697 5786 erunt
712 5732 1009 5787 communis
1040 5733 1303 5793 interitus.
1326 5735 1400 5791 Ne
1418 5735 1763 5807 igiturdifler,
1783 5750 1840 5792 ut
1863 5754 1930 5794 ne
1955 5751 2007 5796 et

1116 298 1168 351 S.
1209 292 1481 351 JO.\NNIS
1519 287 1994 347 CIIRYSOSTOMI
2036 286 2352 343 ARCIIIEP.
2394 288 2916 350 CONSTANTINOP.

3566 296 3668 353 ἀοι

2088 401 2199 468 ipse
2222 402 2600 458 internecionis
2622 405 2843 460 istorum
2869 407 3146 476 impiorum
3165 410 3431 480 particeps
3457 410 3569 466 llas.
3604 412 3670 465 l-‘t

2088 492 2271 545 turbati
2300 506 2438 561 sunt,
2472 506 2527 550 ut
2557 496 2672 551 lucc
2712 498 2993 553 audierunt
3023 499 3121 555 Lot
3158 510 3213 556 et
3238 517 3373 556 uxor
3410 513 3466 558 et
3509 502 3624 559 illis;
3655 524 3668 569 ;

2086 582 2297 638 Turbati
2330 597 2464 652 sunt,
2507 589 2694 658 inquit,
2729 590 2827 644 hoc
2856 601 2959 653 est,
2989 592 3194 647 attoniti
3242 592 3474 659 luerunt,
3516 605 3674 665 atque

2090 678 2141 732 in
2189 679 2407 734 nimium
2463 697 2711 751 pavorem
2764 685 3098 752 inciderunt,
3148 695 3203 741 et
3244 698 3462 757 propter
3505 690 3673 743 minas

2090 771 2228 826 anxii
2262 770 2430 826 fuere.
2476 774 2541 826 Et
2569 772 2690 829 ideo
2716 774 2913 845 Angeli,
2944 792 3127 831 curam
3149 788 3368 847 agentes
3402 778 3555 848 justi,
3583 796 3676 849 ap-

2092 863 2480 934 prchcndernnt,
2506 863 2693 932 inquit,
2718 882 2923 919 manum
2946 868 3073 937 ejus.
3098 866 3215 921 Jam
3245 884 3347 921 non
3373 878 3430 923 ut
3453 868 3521 923 de
3545 869 3675 923 viris

2094 955 2328 1024 loquitur
2364 956 2431 1009 de
2454 956 2531 1010 eis
2558 955 2831 1027 Scriptura
2861 957 3061 1021 divina,
3087 959 3180 1014 sed
3210 960 3333 1030 quia
3364 960 3570 1031 plagam
3599 962 3677 1016 in—

2093 1044 2285 1099 ﬂictnri
2305 1055 2476 1112 erant,
2499 1046 2716 1117 angelos
2741 1063 2834 1103 eos
2865 1050 3101 1103 nominat
3119 1049 3350 1104 etdicit:
3382 1050 3678 1122 Apprehen-

2093 1139 2269 1190 derunt
2287 1155 2490 1191 manum
2508 1142 2634 1208 ejus,
2654 1148 2700 1191 et
2713 1156 2917 1192 ntanum
2934 1143 3105 1194 uxoris
3115 1143 3247 1209 ejus,
3265 1152 3310 1195 et
3331 1159 3533 1197 manum
3557 1144 3686 1203 lilia-

2092 1246 2204 1281 rum
2220 1230 2409 1298 ejus,eo
2424 1230 2557 1299 quod
2570 1240 2793 1299 parceret
2807 1232 2852 1284 ei
2870 1230 3408 1289 Dominus.Fiduciam
3420 1234 3688 1289 addebant

2096 1318 2172 1373 eis
2181 1333 2429 1372 manuum
2447 1330 2689 1374 contactu
2702 1328 2757 1375 et
2767 1319 3343 1378 roboraverunteorum
3358 1324 3614 1391 animum,
3630 1332 3687 1378 ut

2098 1428 2163 1465 ne
2204 1412 2359 1464 limnr
2383 1426 2565 1465 eorum
2592 1412 2907 1468 dissolveret
2938 1414 3134 1479 robur;
3164 1424 3442 1484 propterea
3470 1416 3685 1485 adjecit,

2099 1501 2177 1555 Eo
2194 1502 2328 1573 quod
2344 1513 2571 1573 parceret
2599 1505 2643 1556 ei
2660 1502 2926 1560 Dominus.
2957 1506 3089 1572 Quia
3104 1507 3245 1561 enim
3266 1506 3518 1561 Dominus
3543 1506 3684 1576 judi-

2098 1596 2237 1647 cavit
2266 1610 2385 1648 eum
2426 1596 2593 1650 salute
2620 1595 2860 1667 dignum,
2904 1597 3102 1652 idcirco
3126 1608 3179 1653 et
3223 1599 3395 1669 angeli
3441 1600 3685 1655 volentes

2100 1702 2285 1741 eorum
2315 1688 2551 1743 animum
2596 1689 2870 1756 roborare,
2902 1704 3118 1744 manum
3148 1705 3333 1745 eorum
3383 1690 3685 1760 apprehen-

2100 1777 2249 1845 dunt,
2286 1780 2372 1833 l7.
2408 1779 2471 1833 Et
2498 1780 2762 1835 educentes
2785 1798 2866 1836 eos
2893 1783 3052 1852 foras,
3079 1783 3314 1837 dixerunt
3340 1799 3358 1837 :
3388 1783 3546 1838 Salva
3564 1786 3680 1837 ani-

2103 1887 2236 1923 mam
2263 1880 2399 1924 luant
2424 1888 2442 1924 :
2467 1888 2530 1925 ne
2549 1872 2788 1943 respicias
2816 1883 2926 1942 post
2954 1884 3147 1945 tergum
3182 1892 3195 1928 :
3226 1890 3288 1928 ne
3314 1884 3411 1929 stes
3450 1876 3501 1927 in
3547 1875 3686 1928 omni

2103 1962 2212 2015 loco
2235 1978 2324 2033 per
2350 1964 2614 2017 circuitum
2648 1980 2666 2017 :
2702 1965 2755 2018 in
2782 1976 2999 2019 montem
3028 1967 3224 2021 salvum
3253 1978 3300 2019 te
3332 1970 3435 2038 fac,
3465 1984 3527 2020 ne
3558 1967 3689 2036 forte

2102 2054 2254 2108 simul
2280 2055 2565 2127 abripiaris.
2594 2056 2853 2122 Quoniam
2880 2057 3167 2113 liberamus
3196 2068 3247 2113 te
3276 2059 3341 2112 ab
3368 2058 3542 2128 impiis
3562 2058 3685 2124 illis,

2104 2148 2295 2218 inquit,
2331 2165 2398 2205 ne
2443 2150 2576 2205 ultra
2605 2152 3001 2221 circumspicias
3046 2160 3167 2221 post
3210 2160 3437 2220 tergum,
3470 2165 3536 2205 ne
3562 2150 3691 2204 velis

2105 2243 2285 2299 videre
2312 2260 2431 2314 qua:
2471 2244 2574 2298 illis
2603 2252 2858 2299 eventura
2897 2251 3040 2307 sunt,
3068 2243 3160 2298 sed
3206 2243 3394 2297 festina
3421 2252 3477 2297 et
3511 2243 3689 2312 procul

2108 2348 2283 2405 perge,
2316 2342 2372 2388 ut
2391 2333 2622 2404 elfugere
2649 2348 2813 2404 queas
2835 2348 3046 2403 poenam
3071 2333 3148 2387 eis
3174 2331 3530 2402 inﬂigendam.
3556 2330 3689 2385 Exin

2102 2425 2277 2494 justus
2305 2426 2516 2487 timens.
2542 2440 2609 2479 ne
2650 2423 2785 2479 forte
2814 2441 2919 2479 non
2950 2433 3130 2493 posset
3158 2424 3489 2493 designatum
3520 2422 3586 2475 ab
3613 2423 3692 2475 eis

2108 2518 2284 2571 locum
2308 2516 2555 2587 ,assequi,
2586 2524 2641 2571 et
2667 2516 2717 2569 in
2747 2525 2986 2570 montem
3012 2514 3309 2585 pervenire,
3353 2515 3524 2584 inquit
3554 2532 3566 2567 :
3602 2515 3691 2567 18.

2111 2606 2234 2672 Oro,
2260 2606 2495 2672 Domine,
2528 2606 2614 2662 19.
2642 2606 2760 2677 quia
2786 2607 2971 2660 invenit
3001 2622 3127 2675 puer
3154 2615 3270 2659 tuus
3298 2605 3693 2661 miscricordimu

2108 2715 2278 2752 coram
2317 2708 2382 2765 te,
2429 2708 2476 2752 et
2504 2700 2842 2769 magniﬁcasti
2874 2700 3127 2768 justitiam
3171 2708 3327 2763 tuam,
3369 2715 3520 2768 quam
3566 2698 3694 2766 facis

2108 2809 2319 2858 mecum,
2349 2803 2403 2846 ut
2429 2794 2559 2846 vivat
2582 2793 2753 2846 anima
2779 2808 2889 2846 mea
2911 2807 2929 2845 :
2958 2808 3048 2861 ego
3071 2801 3239 2845 autem
3265 2807 3365 2845 non
3393 2802 3564 2862 potero
3588 2793 3695 2845 sut-

2107 2885 2214 2936 vari
2237 2885 2288 2936 in
2312 2895 2498 2947 monte,
2522 2900 2584 2937 ne
2604 2882 2981 2952 apprehendant
3006 2900 3083 2935 me
3110 2882 3267 2944 mala,
3297 2893 3343 2936 et
3364 2884 3572 2937 moriar.
3601 2882 3695 2936 20.

2111 2975 2244 3029 Ecce
2268 2976 2440 3029 civitas
2466 2976 2561 3029 ista
2590 2992 2767 3045 prope,
2796 2976 2864 3028 ad
2892 2993 3043 3046 quam
3073 2976 3364 3047 confugiam
3393 2993 3506 3045 ego,
3540 2993 3695 3044 parva

2108 3079 2179 3122 est
2212 3070 2225 3099 ¹
2251 3085 2264 3132 ;
2291 3068 2359 3121 ibi
2386 3067 2637 3133 servabor,
2670 3078 2716 3122 et
2738 3069 2861 3122 vivet
2890 3068 3060 3121 anima
3088 3084 3199 3121 mea
3233 3079 3436 3138 prapter
3467 3080 3532 3121 te.
3561 3070 3693 3134 Qma

2109 3161 2272 3226 enim,
2319 3160 2511 3230 inquit,
2552 3162 2718 3215 semel
2763 3160 3073 3215 decrevistis
3117 3158 3342 3214 salutem
3387 3160 3517 3214 mihi
3566 3176 3695 3213 con-

2111 3254 2271 3317 ferre,
2318 3253 2607 3310 ascendere
2633 3262 2813 3308 autem
2849 3256 2903 3308 in
2942 3254 3138 3308 montis
3175 3254 3448 3312 verticem.
3481 3253 3529 3307 id
3558 3255 3697 3309 vires

2110 3362 2254 3400 meas
2292 3355 2527 3415 supcrat,
2560 3344 2873 3414 ampliorem
2912 3344 3333 3399 misericordiam
3374 3344 3505 3398 mihi
3549 3346 3698 3400 exhi-

2109 3438 2249 3504 bclc,
2294 3447 2346 3492 ct
2377 3439 2608 3493 laborem
2638 3453 2813 3492 meum
2843 3436 3095 3492 leviorem
3115 3436 3342 3493 reddite.
3381 3436 3457 3491 Ne
3486 3438 3699 3507 quando

2113 3532 2270 3601 igitur
2293 3530 2662 3602 appreliendar
2686 3546 2716 3585 a
2748 3546 2901 3601 paena
2926 3546 3044 3601 quae
3071 3529 3322 3600 inﬂigitur
3348 3530 3470 3597 illis,
3498 3541 3552 3585 et
3579 3546 3693 3600 par-

2111 3624 2278 3693 ticeps
2318 3623 2442 3677 liam
2470 3623 2711 3678 interitus
2738 3638 2943 3686 eorum,
2990 3623 3256 3677 civitatem
3290 3623 3426 3677 hanc
3466 3624 3693 3677 vicinam

2108 3724 2165 3771 et
2183 3730 2397 3785 parvam
2424 3725 2698 3785 segregate
2718 3715 2871 3770 mihi.
2894 3714 3023 3768 Nam
3050 3714 3172 3769 licet
3199 3713 3318 3769 vilis
3344 3715 3412 3769 sit
3434 3723 3489 3769 et
3514 3730 3695 3784 parva,

2110 3818 2343 3864 attamen
2384 3809 2491 3863 illic
2518 3817 2780 3871 servatus,
2823 3822 3011 3862 secure
3055 3816 3237 3877 postea
3288 3821 3447 3877 agere
3491 3816 3695 3877 potero.

2108 3901 2197 3955 21.
2231 3900 2297 3954 Et
2322 3900 2450 3955 dixit
2475 3900 2521 3953 ei
2542 3915 2562 3953 :
2592 3898 2722 3954 Ecce
2746 3899 3027 3953 admiratus
3054 3916 3167 3953 sum
3192 3907 3331 3951 tuam
3356 3898 3538 3969 faciem
3567 3908 3613 3951 et
3642 3899 3693 3951 in

2109 3993 2254 4048 uerbo
2279 3994 2394 4059 hoc,
2426 4004 2480 4048 ut
2504 4011 2565 4048 ne
2586 3994 2864 4048 subvertam
2886 3993 3131 4048 civitatem
3156 3993 3220 4047 de
3238 4008 3338 4063 qua
3360 3993 3595 4063 loquutus
3621 4009 3693 4047 es.

2110 4087 2305 4155 Accepi
2333 4094 2450 4140 tuas
2499 4099 2708 4154 preces,
2755 4084 2943 4153 inquit,
2977 4093 3033 4140 et
3077 4084 3179 4140 hoc
3221 4084 3429 4148 faciam,
3457 4099 3521 4139 ac
3556 4085 3695 4154 quod

2111 4178 2289 4249 petisti
2328 4177 2584 4240 concedo,
2617 4184 2937 4245 propterque
2964 4183 3016 4230 te
3046 4176 3211 4230 etiam
3234 4174 3431 4229 civitati
3460 4190 3696 4245 parcam.

2108 4271 2199 4326 22.
2229 4269 2439 4324 Festina
2462 4270 2635 4340 igitur,
2668 4278 2714 4322 et
2744 4284 2935 4339 occupa
2959 4269 3145 4333 locum,
3176 4284 3237 4321 ac
3261 4268 3457 4322 salvare
3475 4284 3495 4323 :
3524 4283 3697 4337 neque

2111 4363 2255 4419 enim
2285 4362 2476 4417 faciam
2503 4359 2723 4430 aliquid,
2755 4360 2927 4416 donec
2958 4360 3081 4414 illuc
3107 4358 3311 4414 venias.
3340 4358 3461 4412 Non
3489 4368 3660 4428 potero
3679 4400 3695 4423 ,

2112 4456 2301 4527 inquit,
2326 4460 2490 4527 facere
2504 4453 2799 4524 quidquam,
2824 4462 3089 4522 antequam
3108 4461 3161 4504 tu
3180 4451 3303 4504 illuc
3322 4450 3624 4521 ingrediaris
3638 4452 3658 4481 '
3681 4468 3696 4513 ;

2111 4547 2234 4618 quia
2263 4560 2442 4602 curam
2471 4560 2571 4616 ago
2613 4552 2717 4599 tua:
2744 4544 2958 4607 salutis,
3004 4541 3321 4611 exspectabo
3364 4541 3533 4595 donec
3573 4541 3701 4596 illuc

2113 4640 2295 4705 abeas,
2344 4647 2400 4692 et
2443 4648 2569 4692 tunc
2610 4637 2690 4691 eis
2734 4635 2964 4704 indigam
3013 4648 3247 4702 pmnam.
3278 4633 3370 4687 25.
3404 4633 3499 4687 Sol
3545 4633 3698 4703 igitur

2114 4748 2341 4803 egressus
2364 4741 2435 4786 est
2456 4747 2607 4799 super
2623 4739 2827 4793 terram,
2851 4736 2896 4781 et
2912 4726 3007 4780 Lat
3025 4728 3227 4781 intravit
3254 4727 3308 4780 in
3334 4725 3517 4797 Segor.
3546 4724 3699 4781 Circa

2115 4825 2244 4880 solis
2270 4834 2468 4890 ortum,
2493 4823 2680 4892 inquit,
2709 4822 2854 4876 venit
2878 4821 2931 4874 in
2961 4820 3226 4875 civitatem
3253 4836 3267 4883 ;
3298 4829 3353 4875 et
3374 4820 3550 4875 statim
3575 4834 3697 4874 cum

2116 4916 2231 4986 ipse
2254 4925 2396 4971 esset
2422 4916 2558 4969 intra
2588 4914 2878 4979 civitatem,
2917 4911 2994 4966 illi
3020 4911 3281 4982 supplicio
3310 4911 3696 4979 plectebantur.

2116 5007 2207 5061 24.
2236 5006 2379 5061 Pluit
2404 5006 2560 5070 enim,
2589 5004 2778 5074 inquit,
2810 5003 3059 5058 Dominus
3088 5019 3239 5072 super
3266 5002 3491 5057 Sodoma
3519 5012 3566 5056 et
3597 5001 3699 5056 Go-

2117 5099 2323 5154 morrha
2359 5096 2574 5167 sulphur
2600 5105 2649 5151 et
2690 5096 2859 5167 ignem
2901 5112 2933 5150 a
2972 5093 3193 5149 Domino
3225 5094 3288 5147 de
3320 5092 3446 5148 ctelo
3470 5110 3488 5147 :
3514 5094 3603 5148 25.
3651 5105 3697 5147 et

2115 5194 2351 5249 subvertit
2374 5194 2593 5247 ciuitates
2616 5190 2753 5255 illas,
2778 5199 2822 5244 et
2840 5186 3085 5259 quidquid
3104 5187 3237 5240 circa
3257 5203 3341 5241 eas
3360 5187 3693 5249 habitabatur,

2119 5296 2165 5342 et
2186 5302 2354 5341 omnes
2394 5284 2479 5355 qui
2522 5282 2813 5336 habitabant
2855 5281 2908 5334 in
2946 5278 3247 5344 civitatibus,
3294 5288 3341 5332 et
3386 5294 3531 5332 omne
3566 5280 3699 5347 quod

2119 5378 2432 5434 moriebatur
2457 5376 2519 5430 de
2544 5384 2697 5429 terra.
2726 5374 2801 5427 Ne
2830 5372 2899 5427 ob
2925 5373 3065 5426 hunc
3095 5369 3345 5439 loquendi
3374 5368 3588 5424 modum
3606 5369 3699 5421 ad-

2118 5470 2398 5526 miratione
2424 5467 2673 5533 tenearis,
2702 5464 2927 5523 dilecte:
2961 5462 3257 5533 proprietas
3281 5462 3421 5517 enim
3448 5472 3531 5516 est
3557 5461 3700 5515 Scri-

2180 5569 2197 5595 ⁸
2233 5568 2443 5621 Quatuor
2464 5568 2591 5615 Mss,
2610 5571 2702 5623 non
2724 5571 2874 5623 purga
2890 5563 2975 5606 est.
3343 5616 3353 5623 _
3480 5621 3487 5623 _
3518 5614 3545 5623 η
3565 5614 3575 5623 .

2180 5628 2200 5656 ³
2235 5612 2284 5672 tu
2306 5612 2651 5693 Bibliisgratcis
2675 5612 2762 5693 hic.
2778 5620 3204 5693 elferturseusus:
3225 5616 3488 5693 restingunt
3509 5614 3575 5663 ibi
3590 5612 3693 5693 sal-

2116 5700 2259 5757 iens.
2284 5699 2377 5737 non
2398 5676 2525 5735 enim
2548 5690 2711 5747 potero
2733 5682 2894 5744 facere
2917 5679 3181 5743 quidquam
3216 5678 3367 5729 donec
3388 5676 3505 5728 illuc
3525 5688 3694 5739 peree-

2117 5764 2265 5801 nem.
