4084 6356
296 397 401 454 405

295 601 332 670 ἢ
358 604 472 655 ισίοί
507 601 545 670 ἧ
571 603 906 672 θυγατέρες,
938 606 978 675 ἢ
1003 607 1060 659 εἰ
1088 609 1180 674 τίς
1211 625 1311 663 σοι
1335 609 1522 677 ἄλλος
1555 613 1726 668 ἐστίν
1771 615 1841 668 ἐν
1886 602 1960 685 τῇ

295 691 468 742 πόλει
484 704 510 752 ;
530 690 672 753 Ὅρα
702 691 818 755 πῶς
838 695 938 763 τῆς
964 693 1264 762 φιλοξενίας
1279 696 1598 767 ἀμείϐονται
1617 699 1711 753 τὸν
1735 699 1960 767 δίκαιον,

296 779 390 830 καὶ
418 777 538 840 πῶς
562 777 713 848 αὐτῷ
732 779 1061 850 χαρίσασθαι
1090 781 1367 851 βούλονται
1392 783 1499 837 τῶν
1514 786 1728 840 οἰκείων
1745 787 1963 841 πάντων

293 863 392 933 τὴν
430 865 726 936 σωτηρίαν.
768 866 838 918 Εῖ
883 867 968 931 τίς
992 885 1096 930 σοι,
1137 870 1323 940 φησὶν,
1357 871 1416 924 ἐν
1448 874 1513 942 τῇ
1549 873 1723 937 πόλει,
1750 875 1804 928 εί
1817 890 1962 937 τινος

296 950 518 1023 ἀντέχῃ,
547 951 602 1004 εί
623 970 746 1005 τινα
773 947 920 1018 οῐδας
948 955 1105 1019 ἐκτὸς
1141 957 1399 1026 γεγονότα
1429 957 1530 1030 τῆς
1556 959 1759 1014 τούτων
1785 978 1962 1033 παρα-

295 1039 504 1110 νομίας,
557 1040 843 1112 Ἑξάγαγε
877 1043 946 1095 ἐκ
990 1044 1095 1098 τοῦ
1133 1045 1325 1100 τόπου
1375 1047 1590 1102 τούτου
1630 1049 1724 1102 καὶ
1769 1051 1833 1103 ἐκ
1860 1053 1960 1122 τῆς

295 1126 420 1196 γῆς,
447 1128 540 1180 καὶ
561 1127 769 1192 πάντας
790 1127 916 1192 τούς
945 1147 1026 1184 σοι
1050 1133 1426 1204 προσήκοντας
1459 1134 1715 1203 ἐξάγαγε.
1763 1136 1962 1190 Ἀπόλ-

293 1217 490 1282 λυμεν
511 1215 621 1284 γὰρ
658 1215 829 1284 ἡμεῖς
856 1216 964 1270 τὸν
981 1219 1169 1272 τόπον
1196 1218 1427 1276 τοῦτον.
1458 1219 1588 1277 Είτα
1617 1223 1712 1277 καὶ
1753 1224 1853 1294 τὴν
1881 1225 1961 1278 αί-

291 1302 414 1354 τίαν
447 1302 736 1372 ἐπάγουσι,
787 1304 1124 1371 διδάσκοντες
1173 1307 1265 1360 τὸν
1309 1308 1515 1364 δίκαιον
1549 1309 1768 1365 ἅπαντα
1819 1313 1959 1382 μετὰ

294 1390 596 1461 ἀκριϐείας.
637 1391 765 1444 Ὀτι
793 1389 1021 1460 ὑψώθη,
1040 1393 1224 1463 φησὶν,
1250 1395 1288 1464 η
1309 1395 1539 1466 κραυγὴ
1571 1397 1770 1452 αὐτῶν
1783 1399 1958 1452 ἐναν-

293 1479 423 1530 τίον
446 1475 690 1545 Κυρίου,
723 1478 821 1532 καί
859 1481 1220 1536 ἀπέστειλεν
1255 1483 1414 1553 ημᾶς
1447 1486 1660 1554 Κύριος
1680 1487 1954 1557 ἐκτρῖψαι

289 1566 534 1631 αὺτούς.
556 1564 725 1620 Τοῦτο
745 1561 814 1638 ἦν
851 1567 986 1638 ὅπερ
1016 1568 1167 1638 ἔλεγε
1195 1569 1274 1641 τῷ
1307 1574 1638 1645 πατριάρχῃ,
1670 1575 1948 1644 ὃτιΚραυ·

291 1653 369 1721 γὴ
393 1655 672 1725 Σοδόμων
714 1657 814 1711 καί
855 1660 1161 1728 Γομόρρας
1207 1663 1622 1732 πεπλήθυνται
1663 1668 1815 1734 πρός
1858 1683 1954 1736 με.

305 1739 565 1809 Ὑψώθη,
605 1743 793 1814 φησὶν,
822 1745 862 1814 ή
902 1746 1134 1817 κραυγὴ
1178 1748 1380 1803 αὐτῶν
1406 1750 1685 1806 ἐναντίον
1710 1751 1954 1820 Κυρίου.

365 1860 439 1919 ς’.
478 1854 618 1909 Πολὺ
651 1856 750 1928 τῆς
781 1860 1125 1931 παρανομίας
1155 1861 1332 1916 αὐτῶν
1364 1863 1426 1916 τὸ
1457 1863 1715 1935 μέγεθος,
1746 1865 1841 1918 καὶ
1869 1864 1958 1918 διά

290 1941 469 2007 τοῦτο,
527 1943 717 2016 ἐπειδὴ
763 1943 982 2010 ἀνίατός
1024 1948 1174 2001 ἐστιν
1208 1949 1242 2020 ὴ
1273 1949 1448 2017 νόσος,
1497 1951 1591 2005 καὶ
1636 1951 1696 2004 τὸ
1737 1950 1957 2024 τραῦμα

292 2029 547 2101 οὐδεμίαν
579 2031 871 2103 θεραπείαν
900 2033 1228 2105 ἐπιδέχεται,
1251 2035 1539 2090 ἀπέστειλε
1576 2036 1780 2110 Κύριος
1807 2041 1956 2111 ἡμᾶς

293 2117 546 2190 ἐκτρῖψαι
607 2119 796 2191 αὐτὴν.
866 2120 1036 2174 Τοῦτό
1088 2125 1235 2177 ἐστιν
1286 2124 1315 2176 ὃ
1363 2124 1548 2193 ἔλεγεν
1597 2113 1647 2179 δ’
1689 2127 1957 2197 μακάριος

295 2205 472 2259 Δαυῖδ·
533 2207 586 2260 '0
631 2207 820 2265 ποιῶν
857 2209 996 2275 τοὺς
1041 2209 1336 2280 ἀγγέλους
1384 2213 1571 2267 αὑτοῦ
1622 2215 1950 2283 πνεύματα,

293 2293 390 2346 καί
433 2292 573 2359 τοὺς
638 2294 1022 2365 λειτουργοὺς
1079 2297 1266 2352 αὺτοῦ
1342 2297 1532 2366 πυρὸς
1586 2300 1802 2370 φλόγα.
1869 2301 1956 2354 Ἐ-

299 2379 449 2452 πειδὴ
497 2380 786 2450 ἀφανίσαι,
848 2381 1002 2453 φησὶ,
1073 2385 1524 2456 παραγεγόναμεν
1587 2387 1765 2440 πᾶσαν
1821 2387 1954 2440 ταύ-

293 2486 392 2540 την
433 2467 532 2539 τὴν
579 2469 886 2540 περίχωρον
928 2468 1038 2538 (διὰ
1089 2471 1198 2541 γὰρ
1238 2472 1336 2543 τὴν
1391 2473 1652 2544 πονηρίαν
1684 2473 1792 2527 τῶν
1816 2477 1954 2527 ἐνοιο

293 2557 530 2609 κούντων
571 2557 666 2610 καί
717 2557 750 2628 ἡ
800 2557 871 2628 γῆ
921 2557 1018 2628 τὴν
1066 2561 1338 2631 τιμωρίαν
1394 2561 1644 2633 δέξεται),
1679 2562 1860 2627 ἔξελθε
1891 2565 1955 2618 σὺ

290 2643 560 2699 ἐντεῦθεν.
613 2642 798 2696 Ταῦτα
852 2643 1090 2708 ἀκούσας
1137 2647 1165 2698 0
1210 2647 1437 2713 δίκαιος,
1489 2649 1585 2702 καὶ
1637 2649 1824 2720 μαθὼν
1856 2651 1956 2721 τὴν

291 2731 491 2795 αἰτίαν,
534 2731 603 2784 δι’
654 2731 722 2803 ἢν
759 2733 1202 2804 παραγεγόνασιν
1259 2733 1452 2806 ἄνδρες
1489 2737 1588 2805 μὲν
1612 2737 1673 2788 :0
1695 2737 1955 2807 φαινόμε-

291 2837 401 2882 νον,
444 2819 660 2888 ἄγγελοι
713 2820 772 2873 δέ
815 2821 1182 2892 τυγχάνοντες
1218 2822 1314 2875 καὶ
1368 2823 1638 2894 ὑπηρέται
1693 2823 1790 2877 τοῦ
1847 2825 1954 2877 τῶν

287 2909 422 2961 ὅλων
456 2907 612 2973 Θεοῦ,
655 2909 949 2974 Ἐξελθὼν
973 2911 1242 2979 έλὰλησε
1287 2911 1438 2979 πρὸς
1480 2911 1622 2978 τοὺς
1662 2913 1956 2983 γαμϐροὺς

290 2995 476 3050 αὑτοῦ
512 2995 654 3062 τοὺς
692 2997 1017 3065 εἰληφότας
1056 2998 1165 3063 τὰς
1220 2996 1543 3066 θυγατέρας
1597 2998 1801 3053 αὐτοῦ.
1847 2998 1957 3052 Καὶ

295 3080 399 3152 μὴν
427 3082 540 3136 ἄνω
562 3081 714 3150 ἔλεγε
743 3086 855 3147 τοῖς
883 3085 1219 3154 παρανόμοις
1255 3085 1503 3149 ἐκείνοις,
1534 3085 1615 3138 ὅτι
1635 3083 1786 3157 [444]
1809 3086 1956 3140 Ἰδοὺ

291 3167 400 3223 δύο
421 3171 741 3239 θυγατέρας
772 3170 912 3240 ἔχω,
949 3171 1172 3242 αἵτινες
1222 3174 1332 3226 οὐκ
1386 3172 1662 3242 ἔγνωσαν
1703 3172 1952 3243 ἄνδρας’

293 3255 409 3319 πῶς
440 3251 532 3310 οὖν
561 3257 794 3312 ἐνταῦθά
837 3274 991 3327 φησι,
1032 3256 1189 3326 Πρὸς
1242 3258 1385 3326 τοὺς
1434 3259 1730 3329 γαμϐροὺς
1772 3260 1958 3316 αὑτοῦ

293 3343 434 3410 τοὺς
463 3345 789 3413 εἰληφότας
817 3345 924 3412 τὰς
967 3345 1294 3415 θυγατέρας
1325 3346 1546 3413 αὐτοῦ;
1579 3348 1671 3419 Μὴ
1731 3348 1960 3420 νομίσῃς

293 3430 510 3484 ἐναντία
543 3427 682 3505 εἶναι
719 3432 892 3486 ταῦτα
941 3434 1054 3495 τοῖς
1109 3433 1370 3505 πρότερον
1400 3435 1553 3506 παρά
1608 3433 1703 3488 τοῦ
1743 3435 1954 3488 δικαίου

294 3517 555 3589 Ιδηθεῖσιν.
594 3518 756 3583 Ἐθος
779 3517 890 3590 γάρ
923 3519 1082 3572 τοῦτο
1105 3515 1174 3590 ἦν
1205 3523 1316 3581 τοῖς
1346 3521 1597 3584 παλαιοῖς
1627 3521 1735 3593 πρὸ
1763 3521 1958 3575 πολλοῦ

293 3605 386 3658 τοῦ
412 3605 604 3676 χρόνου
633 3605 732 3670 τάς
758 3607 1054 3678 μνηστείας
1101 3608 1394 3674 ποιεῖσθαι,
1435 3609 1530 3663 καὶ
1559 3608 1818 3672 πολλάκις
1865 3609 1960 3663 καὶ

296 3694 560 3746 συνοικεῖν
581 3695 700 3755 ταῖς
727 3694 1188 3764 μνηστευθείσαις,
1213 3697 1308 3750 καὶ
1329 3697 1445 3767 ἅμα
1469 3699 1582 3762 τοῖς
1606 3695 1823 3765 γονεῦσι
1843 3697 1960 3750 δια-

292 3779 500 3849 τρίϐειν
519 3796 533 3810 ·
562 3779 590 3833 0
621 3781 712 3834 καὶ
731 3780 826 3835 νῦν
850 3784 966 3836 ἐστι
997 3782 1264 3854 πολλαχοῦ
1315 3784 1616 3854 γινόμενον.
1691 3783 1841 3836 Ἐπεὶ
1868 3780 1961 3837 οὖν

295 3867 394 3938 ἤδη
425 3867 493 3920 τὰ
515 3867 614 3938 τῆς
641 3868 935 3941 μνηστείας
959 3870 1223 3939 ἐγεγόνει,
1244 3871 1330 3924 διά
1367 3869 1523 3924 τοῦτο
1557 3871 1652 3924 καὶ
1678 3869 1962 3942 γαμϐροὺς

295 3956 491 4020 αὐτοὺς
519 3955 772 4028 ὀνομάζει
803 3960 894 4010 καί
927 3975 1083 4028 φησι,
1111 3959 1258 4024 Τοὺς
1286 3959 1608 4028 εἰληφότας
1641 3959 1748 4026 τὰς
1777 3963 1957 4030 θυγα-

296 4041 469 4110 τέρας
495 4042 680 4097 αὺτοῦ
701 4059 716 4075 ο
733 4045 798 4116 τῇ
823 4044 1018 4118 γνώμῃ
1051 4045 1160 4117 γὰρ
1187 4046 1282 4099 καὶ
1307 4048 1372 4117 τῇ
1403 4045 1796 4115 συγκαταθέσει
1816 4046 1961 4117 εἰλη-

299 4130 460 4198 φότες
493 4125 656 4202 ἦσαν.
690 4132 802 4184 Καί
825 4148 1016 4201 φησιν
1035 4147 1051 4163 ⁸
1094 4131 1440 4200 Ἀνάστητε,
1471 4134 1570 4188 καί
1599 4132 1872 4198 ἐξέλθετε
1891 4134 1960 4188 ἐκ

301 4217 404 4272 τοῦ
429 4219 616 4272 τόπου
663 4219 898 4284 τούτου,
932 4219 1022 4273 ὅτι
1059 4219 1310 4287 ἐκτρίϐει
1347 4220 1562 4290 Κύριος
1601 4219 1718 4300 τῂν
1757 4222 1956 4276 πόλιν.

301 4304 507 4370 Ἔδοξε
550 4304 619 4358 δέ
649 4305 970 4376 γελοιάζειν
995 4307 1274 4361 ἐναντίον
1303 4305 1421 4361 τῶν
1449 4306 1722 4378 γαμϐρῶν
1750 4307 1957 4364 αὑτοῦ.

299 4392 442 4463 Ὅρα
462 4391 578 4456 πῶς
599 4394 664 4446 ἐκ
685 4393 784 4463 τῆς
808 4392 986 4466 ζύμης
1012 4389 1380 4464 ἐκείνηςῆσαν
1401 4394 1499 4465 τῆς
1529 4395 1770 4465 πονηρᾶς
1791 4386 1956 4448 οὗτοι.

300 4479 407 4533 Καὶ
439 4479 527 4532 διά
557 4477 717 4533 τοῦτο
749 4479 1068 4550 βουλόμενος
1094 4482 1124 4534 0
1167 4481 1301 4544 Θεὸς
1340 4481 1553 4552 ταχέως
1597 4481 1960 4554 ἐλευθερῶσαι

297 4569 387 4620 τὸν
418 4567 620 4622 δίκαιον
640 4570 741 4640 τῆς
775 4568 911 4640 πρὸς
938 4569 1178 4633 ἐκείνους
1212 4569 1568 4638 συγγενείας,
1601 4569 1664 4622 οὑ
1715 4569 1960 4641 συνεχώ-

301 4672 464 4726 ρησεν
491 4655 612 4709 οὐδέ
649 4657 874 4727 μιγῆναι
913 4657 1098 4722 αὐτοῖς
1130 4659 1230 4721 τὰς
1270 4656 1576 4730 θυγατέρας
1601 4657 1695 4710 τοῦ
1729 4657 1958 4726 δικαίου,

295 4743 434 4798 ἀλλὰ
457 4745 850 4816 προανήρπασε
886 4746 1022 4818 μετά
1052 4745 1159 4798 τῶν
1191 4744 1446 4817 πονηρῶν
1478 4745 1572 4798 καὶ
1603 4743 1845 4811 τούτους,
1875 4746 1964 4800 ῖνα

296 4829 527 4896 ἐξελθὼν
551 4833 581 4884 0
610 4831 818 4894 δίκαιος
859 4831 999 4903 μετὰ
1044 4831 1155 4885 τῶν
1205 4830 1522 4902 θυγατέρων
1575 4830 1811 4902 διαφύγῃ
1862 4831 1963 4902 τὴν

297 4919 434 4989 πρὸς
457 4919 700 4984 ἐκείνους
729 4919 1067 4990 συγγένειαν.
1108 4919 1467 4984 ’Δκούσαντες
1487 4919 1663 4975 τοίνυν
1691 4921 1840 4991 παρά
1866 4920 1962 4974 τοῦ

295 5000 505 5056 δικαίου
519 5000 618 5073 τὴν
637 5001 875 5074 φοϐεράν
894 5002 1098 5072 ταύτην
1119 5003 1368 5074 ἀπειλὴν,
1390 5003 1672 5074 μονονουχὶ
1690 5003 1962 5074 διεχλεύα-

296 5089 413 5154 ζον,
441 5089 535 5142 καὶ
563 5089 811 5160 ἐνόμιζον
839 5089 1113 5163 ληρῳδίαν
1160 5086 1301 5145 εἶναι
1334 5090 1402 5144 τά
1437 5092 1564 5162 παρ’
1614 5091 1778 5144 αὐτοῦ
1809 5091 1961 5160 λεγό-

300 5193 459 5246 μενα.
505 5175 646 5229 Ἀλλ’
676 5177 826 5248 ὅμως
864 5179 893 5229 0
942 5177 1152 5239 δίκαιος
1192 5176 1260 5230 τὰ
1294 5177 1422 5249 παρ’
1453 5177 1646 5231 ἐαυτοῦ
1702 5178 1960 5249 ἐπλήρου,

296 5265 394 5318 καὶ
417 5264 604 5336 ἐπειδὴ
635 5263 781 5330 ἅπαξ
828 5263 1264 5336 ἐμνηστεύσαντο
1311 5265 1475 5319 αὐτοῦ
1503 5265 1602 5328 τὰς
1636 5263 1961 5336 θυγατέρας,

295 5351 562 5425 ἐϐουλήθη
593 5352 898 5425 ἐξαρπάσαι
929 5352 1126 5415 αὐτοὺς
1158 5351 1258 5422 τῆς
1287 5353 1586 5424 τιμωρίας·
1620 5351 1734 5404 ἀλλ’
1764 5353 1962 5405 ἐκεῖνοι

293 5438 417 5492 οὖδέ
445 5438 617 5502 οὕτως
650 5439 960 5510 ἠνέσχοντο,
992 5439 1108 5492 ἀλλ’
1141 5438 1405 5510 ἐπέμενον
1433 5438 1510 5510 τῷ
1537 5439 1722 5510 οἰκείῳ
1750 5439 1958 5511 τρόπῳ,

297 5527 390 5579 καὶ
415 5525 714 5598 ἐμάνθανον
739 5526 926 5581 λοιπὸν
963 5527 1029 5581 δι’
1055 5527 1234 5581 αὐτῶν
1270 5526 1379 5580 τῶν
1408 5525 1603 5597 ἔργων,
1637 5526 1712 5591 ὡς
1733 5527 1793 5580 οὐ
1825 5544 1889 5579 συ
1899 5545 1965 5598 μ-

298 5613 571 5684 φερόντως
615 5616 800 5677 αὐτοῖς
842 5613 936 5668 τοῦ
978 5615 1188 5668 δικαίου
1247 5614 1348 5684 τὴν
1385 5613 1694 5683 συμϐουλὴν
1719 5613 1965 5684 ἀπεπέμ-

296 5699 484 5767 ψαντο.
518 5700 729 5754 Ἠνίκα
757 5698 844 5761 δὲ,
873 5702 1059 5770 φησὶν,
1083 5701 1290 5770 ὄρθρος
1307 5700 1564 5770 ἐγένετο,
1589 5699 1965 5753 ἐπεσπούδα-

299 5785 400 5846 ζον
427 5789 482 5840 οἰ
518 5787 755 5857 ἄγγελοι
797 5788 905 5840 τὸν
930 5787 1077 5850 Λὼτ,
1117 5785 1426 5857 λέγοντες·
1479 5785 1771 5851 Ἀναστὰς
1818 5785 1966 5840 λάϐε

296 5873 415 5940 τὴν
434 5873 686 5941 γυναῖκὰ
713 5888 851 5936 σου,
883 5874 983 5927 καί
1007 5875 1112 5940 τὰς
1139 5875 1248 5928 δύο
1281 5872 1626 5941 θυγατέρας,
1677 5871 1750 5937 ἅς
1781 5871 1960 5940 ἔχεις,

300 5958 401 6013 καί
423 5959 650 6026 ἔξελθε,
677 5962 778 6015 ἵνα
800 5960 887 6030 μὴ
917 5961 1014 6015 καί
1048 5961 1129 6015 σὺ
1166 5963 1487 6028 συναπόλη
1529 5959 1656 6023 ταῖς
1687 5958 1960 6028 ἀνομίαις

301 6045 410 6117 τῆς
437 6048 684 6116 πόλεως.
719 6049 825 6105 Kal
851 6048 1286 6118 ἐταράχθησαν.
1315 6047 1406 6118 Μὴ
1439 6047 1631 6117 μέλλε,
1673 6047 1839 6117 φησί·
1878 6047 1961 6102 δεῖ

735 467 742 474 ,
1410 405 1479 461 IN
1511 407 1662 465 CAP.
1705 408 1824 465 XIX
1853 410 1958 467 εις]

2063 414 2098 469 5.
2144 413 2376 474 HOMIL.
2418 419 2599 478 XLIII.

293 513 669 612 fpc’tc-a-t":‘0r
686 517 738 569 οἰ
771 514 1016 612 ,ἄνδρες
1039 520 1230 612 ΜἜστι
1273 521 1372 612 τίςΔ
1396 538 1496 576 σοι
1527 522 1642 578 ὦδε
1679 528 1955 612 γαμϐρὸς,
2063 531 2172 612 γάρ
2207 533 2306 605 ήδη
2339 534 2430 588 τὸν
2456 536 2675 608 ὄλεθρον
2695 538 2902 602 τούτοις
2928 538 3232 609 ἐπιστῆναι.
3258 539 3475 592 ’Σαυτδν
3505 536 3596 593 οὖν
3629 542 3719 592 καὶ

3617 426 3720 481 4οί

2059 611 2158 680 τὴν
2173 614 2408 678 γυναῖκά
2436 630 2528 667 σου
2550 617 2644 668 καὶ
2673 617 2770 679 τὰς
2794 616 2888 668 δύο
2907 616 3210 688 θυγατέρας
3235 616 3521 670 διάσωσον.
3551 617 3722 670 Ἐκεῖ-

2059 706 2137 741 νοι
2162 689 2270 761 γὰρ
2303 693 2352 744 οἱ
2388 693 2462 764 μὴ
2491 692 2815 765 θελήσαντες
2853 695 3136 765 πεισθῆναί
3161 712 3254 748 σου
3281 697 3348 767 τῇ
3375 695 3719 765 παραινέσει,

2056 768 2156 846 οὐκ
2179 771 2260 833 εἰς
2284 772 2502 842 μακράν
2528 774 2626 844 τῆς
2656 773 2927 837 ἀπωλείας
2949 775 3331 846 κοινωνήσουσι
3361 778 3472 837 τοῖς
3495 775 3718 837 λοιποῖς.

2058 845 2149 916 Μὴ
2175 848 2354 901 τοίνυν
2384 849 2564 920 μέλλε,
2606 852 2692 904 ἵνα
2723 851 2798 923 μὴ
2846 852 2940 905 καὶ⁸
2991 845 3170 916 αὐτὸς
3209 855 3273 924 τῇ
3327 853 3572 922 ἀπωλείᾳ
3614 852 3723 904 τῶν

2059 925 2389 996 παρανόμων
2441 928 2642 982 τούτων
2714 931 3064 1001 κοινωνήσῃς.
3147 931 3254 986 Καὶ
3309 929 3724 998 ἐταράχθησαν

2056 1003 2230 1058 ταῦτα
2261 1005 2594 1070 ἀκούσαντες
2617 1009 2665 1061 οί
2693 1008 2821 1078 περὶ
2849 1009 2941 1061 τὸν
2973 1007 3096 1062 Λὼτ
3125 1010 3217 1062 καὶ
3241 1009 3339 1080 τὴν
3369 1011 3602 1077 γυναῖκα
3632 1013 3724 1062 καὶ

2057 1081 2158 1146 τὰς
2214 1083 2518 1156 θυγατέρας
2545 1103 2558 1118 ο
2607 1085 3057 1154 Ἐταρὰχθησαν
3081 1128 3095 1148 ,
3146 1088 3310 1158 φησὶ,
3365 1087 3509 1141 τοῦτ’
3555 1087 3721 1150 ἐστιν,

2057 1161 2286 1230 ἔμφοϐοι
2317 1164 2624 1232 γεγόνασιν,
2652 1167 2731 1228 εἰς
2756 1165 2954 1235 πολλὴν
2982 1165 3180 1220 δειλίαν
3201 1167 3561 1237 κατέστησαν,
3579 1169 3724 1237 ἡγω-

2057 1241 2248 1296 νίασαν
2267 1243 2368 1313 τὴν
2389 1243 2633 1315 ἀπειλήν.
2666 1245 2758 1297 Διὸ
2785 1245 3069 1316 κηδόμενοι
3101 1245 3196 1298 τοῦ
3229 1246 3438 1300 δικαίου
3465 1250 3527 1298 Οἱ
3551 1247 3722 1314 ἅγγε-

2055 1324 2153 1375 λοι
2183 1320 2543 1390 ἐκράτησαν,
2577 1324 2729 1391 φησὶ,
2760 1322 2870 1391 τῆς
2901 1323 3099 1392 χειρὸς
3122 1324 3330 1378 αὐτοῦ.
3363 1326 3477 1377 Οὐκ
3510 1325 3589 1377 ἔτι
3617 1325 3725 1378 λοι-

2058 1399 2162 1454 πδν
2185 1403 2262 1467 ὡς
2289 1403 2416 1474 περὶ
2448 1405 2657 1476 ἀνδρῶν
2705 1406 3014 1474 διαλέγεται
3053 1408 3086 1477 ὴ
3134 1406 3348 1478 Γραφὴ,
3395 1405 3507 1458 ἀλλ’
3539 1408 3725 1476 ἐπειδὴ

2060 1481 2342 1551 μέλλουσιν
2369 1483 2596 1552 ἐπάγειν
2635 1485 2733 1555 τὴν
2762 1484 3054 1555 τιμωρίαν,
3092 1484 3358 1553 ἀγγέλους
3383 1485 3579 1548 αὐτοὺς
3615 1485 3731 1540 ὀνό-

2060 1558 2218 1630 μάζει
2243 1560 2336 1612 καί
2361 1577 2526 1630 φησιν
2548 1577 2560 1592 ο
2602 1561 2976 1630 Ἐκράτησαν
3003 1559 3113 1630 τῆς
3159 1561 3358 1631 χειρός
3386 1561 3592 1626 αὺτοῦ,
3626 1563 3724 1615 καί

2056 1637 2166 1706 τῆς
2193 1639 2392 1707 χειρὸς
2422 1638 2532 1707 τῆς
2552 1641 2836 1708 γυναικὸς
2863 1641 3068 1704 αὐτοῦ,
3100 1641 3198 1694 καί
3228 1640 3347 1694 τῶν
3369 1639 3582 1708 χειρῶν
3609 1638 3727 1692 τῶν

2057 1715 2394 1783 θυγατέρων
2435 1715 2644 1779 αὑτοῦ,
2699 1716 2768 1770 ἐν
2797 1717 2877 1782 τῷ
2905 1719 3231 1786 φείσασθαι
3267 1719 3454 1773 αὐτοῦ
3487 1719 3722 1786 Κύριον.

2057 1791 2480 1864 Παρεθάρῤυναν
2501 1795 2696 1858 αὐτοὺς
2710 1794 2797 1848 διά
2825 1795 2921 1864 τῆς
2942 1795 3086 1864 ἁφῆς
3109 1797 3208 1864 τῆς
3230 1795 3435 1866 χειρὸς,
3468 1796 3562 1848 καὶ
3577 1794 3725 1848 ἐνεύ-

2059 1887 2236 1940 ρωσαν
2285 1873 2462 1925 αὐτῶν
2501 1875 2597 1944 τὴν
2625 1873 2958 1943 προθυμίαν,
3007 1873 3094 1926 ἵνα
3144 1874 3219 1946 μὴ
3255 1877 3282 1928 ὁ
3319 1875 3478 1942 φόϐος
3500 1874 3724 1944 διαλύσῃ

2055 1949 2232 2002 αὐτῶν
2265 1950 2362 2020 τὴν
2401 1949 2583 2020 ἰσχύν·
2617 1950 2705 2002 διὰ
2740 1951 2901 2003 τοῦτο
2927 1950 3229 2020 ἐπήγαγεν,
3282 1953 3384 2005 Ἐν
3414 1952 3493 2016 τῷ
3519 1954 3726 2020 φείσα-

2054 2030 2193 2080 σθαι
2222 2027 2408 2081 αὐτοῦ
2433 2029 2672 2096 Κύριον.
2721 2027 2936 2099 Ἐπειδὴ
2965 2029 3095 2100 γάρ,
3133 2031 3287 2101 φησὶ,
3326 2033 3598 2102 σωτηρίας
3627 2031 3724 2082 αὐ-

2053 2106 2143 2159 τὸν
2177 2106 2324 2170 ἄξιον
2353 2107 2564 2178 ἔκρινεν
2594 2112 2622 2161 0
2675 2107 2900 2179 Κύριος,
2954 2107 3040 2161 διὰ
3075 2108 3230 2162 τοῦτο
3280 2113 3374 2164 καὶ
3421 2113 3467 2162 οἱ
3506 2110 3726 2178 ἄγγελοι

2056 2185 2367 2255 βουλόμενοι
2421 2186 2573 2259 [445]
2609 2187 2878 2258 νευρῶσαι
2927 2187 3107 2241 αὐτῶν
3147 2187 3246 2258 τὴν
3296 2188 3601 2260 προθυμίαν
3628 2189 3726 2258 τῆς

2053 2263 2236 2334 χειρὸς
2259 2263 2439 2317 αὐτῶν
2467 2263 2750 2335 κρατοῦσι,
2784 2265 2894 2319 Kal
2921 2266 3320 2336 ἐξαγαγόντες
3348 2266 3570 2332 αὐτοὺς
3611 2267 3727 2329 ἐξω

2053 2338 2231 2395 εἶπαν
2251 2358 2265 2371 ·
2298 2339 2450 2403 Σῶζε
2474 2344 2589 2410 τὴν
2629 2344 2890 2398 σεαυτοῦ
2921 2345 3132 2414 ψυχήν
3151 2361 3165 2375 ο
3217 2345 3303 2416 μὴ
3361 2345 3728 2414 περιδλέψῃς

2054 2423 2139 2486 εἰς
2171 2420 2242 2474 τὰ
2265 2422 2476 2486 ὀπίσω,
2502 2423 2588 2492 μὴ
2611 2421 2768 2491 στῇς
2791 2425 3042 2493 ἐνπάσῃ
3075 2423 3149 2493 τῇ
3181 2425 3506 2492 περιχώρῳ,
3542 2428 3628 2490 εἰς
3662 2423 3726 2476 τὸ

2057 2500 2194 2568 ὅρος
2213 2498 2426 2565 σώζου,
2437 2502 2523 2569 μή
2556 2517 2699 2556 ποτε
2723 2502 3269 2572 σι’μπαραληφθῇς.
3304 2504 3540 2574 Ἐπειδὴ,
3571 2506 3724 2572 φησὶ.

2054 2578 2239 2630 λοιπὸν
2273 2578 2662 2650 ἀπηλλάξαμέν
2697 2597 2755 2633 σε
2789 2581 2894 2633 τῶν
2924 2582 3258 2652 παρανόμων
3281 2581 3504 2645 τούτων,
3533 2581 3728 2651 μηκέτι

2055 2655 2354 2726 περιϐλέψῃ
2383 2657 2463 2719 εἰς
2500 2659 2568 2710 τά
2599 2657 2792 2720 ὀπίσω,
2821 2661 2958 2730 μήτε
2992 2659 3225 2731 θελήσῃς
3254 2660 3381 2712 ἰδεῖν
3413 2661 3483 2712 τὰ
3517 2659 3727 2721 τούτοις

2058 2734 2468 2806 συμϐησόμενα,
2499 2735 2635 2789 ἀλλὰ
2662 2736 2898 2792 σπεῦσον
2921 2742 3018 2790 καὶ
3041 2738 3257 2808 μακρὰν
3286 2737 3465 2806 γενοῦ,
3505 2738 3589 2790 ἵνα
3616 2737 3729 2789 0:0-

2057 2815 2247 2880 φυγεῖν
2270 2813 2502 2884 δυνηθῇς
2549 2815 2649 2882 τὴν
2678 2815 3029 2884 ἐπαγομένην
3059 2814 3267 2878 τούτοις
3287 2811 3728 2886 τιμωρίαν.Εἷ·;α

2055 2890 2304 2954 δεδοικὼς
2337 2891 2366 2942 ὁ
2400 2891 2627 2956 δίκαιος,
2667 2895 2873 2964 μήποτε
2907 2895 2968 2946 ού
3027 2893 3228 2965 δυνηθῇ
3266 2894 3590 2947 καταλαϐεῖν
3638 2893 3728 2946 τὸν

2057 2971 2149 3022 ὑπ’
2182 2969 2367 3043 αὐτῶν
2393 2971 2752 3041 ἀφορισθέντα
2780 2972 2942 3043 τόπον
2967 3012 2982 3034 ,
3015 2972 3109 3043 καὶ
3147 2974 3228 3034 είς
3269 2972 3328 3024 τὸ
3351 2972 3475 3043 ὅρος
3504 2972 3725 3041 φθάσαι,

2058 3041 2190 3110 φησί
2215 3056 2230 3070 ο
2259 3038 2716 3109 ΔέομαιίΚύριε,
2746 3041 2954 3106 ἐπειδὴ
2984 3038 3163 3110 εὗρεν
3196 3045 3228 3094 ό
3253 3038 3396 3108 παῖς
3419 3038 3533 3096 σου
3559 3043 3729 3106 ἔλεος

2056 3119 2332 3173 ἐναντίον
2367 3134 2484 3172 σου
2511 3159 2528 3184 ,
2590 3121 2690 3173 καί
2749 3121 3125 3191 έμεγάλυνας
3184 3119 3299 3190 τὴν
3335 3122 3728 3186 δικαιοσύνην

2057 3215 2196 3261 σου,
2223 3199 2255 3252 0
2304 3198 2494 3264 ποιεῖς
2535 3200 2624 3266 εἰς
2658 3198 2763 3268 ἐμὲ
2786 3200 2891 3252 τοῦ
2917 3197 3023 3267 ζῇν
3055 3199 3168 3267 τὴν
3194 3198 3407 3268 ψυχήν
3431 3214 3580 3267 μουο
3616 3197 3730 3266 ἐγὼ

2057 3276 2126 3329 δὲ
2152 3279 2223 3331 οὺ
2255 3276 2594 3346 δυνήσομαι
2623 3277 2988 3346 διασωθῆναι
3011 3281 3100 3344 εἰς
3127 3279 3194 3331 τὸ
3225 3279 3384 3345 ὅρος,
3419 3279 3505 3347 μὴ
3550 3293 3729 3330 κατα-

2059 3357 2217 3424 λάϐῃ
2243 3373 2319 3426 με
2348 3361 2420 3410 τὰ
2449 3356 2624 3420 κακὰ,
2661 3357 2760 3410 καὶ
2787 3356 3085 3411 ἀποθάνω.
3123 3357 3276 3410 Ἰδοὺ
3305 3359 3343 3425 η
3382 3361 3560 3422 πόλις
3578 3356 3728 3421 αὕτη

2059 3437 2237 3508 ἐγγὺς
2267 3436 2371 3489 τοῦ
2399 3436 2764 3505 καταφυγεῖν
2790 3453 2868 3506 με
2911 3437 3052 3503 ἐκεῖ,
3083 3435 3270 3506 μικρά
3297 3438 3470 3490 ἐστιν
3506 3450 3530 3475 ιι
3551 3452 3564 3464 ο
3609 3437 3735 3488 ἐκεῖ

2060 3515 2429 3584 σωθήσομαι,
2480 3513 2578 3566 καί
2630 3513 2867 3580 ζήσεται
2914 3516 2952 3584 ἡ
2993 3515 3162 3584 ψυχή
3209 3533 3326 3584 μου
3355 3515 3562 3568 ἕνεκεν
3590 3515 3727 3568 σοῦ.

2073 3595 2290 3664 Ἐπειδὴ
2318 3592 2482 3656 ἅπαξ,
2510 3596 2688 3663 φησιν,
2713 3595 2963 3664 ἐκρίνατε
2985 3593 3081 3664 τὴν
3103 3595 3374 3664 σωτηρίαν
3403 3593 3730 3664 χαρίσασθαί

2065 3690 2175 3743 μοι,
2195 3672 2508 3743 ὑπερϐαίνει
2525 3672 2582 3723 δέ
2608 3688 2710 3741 μου
2725 3674 2824 3742 τὴν
2849 3674 2998 3741 ἰσχὺν
3021 3673 3081 3725 τὸ
3108 3671 3308 3741 φθάσαι
3336 3673 3430 3742 τὴν
3457 3671 3550 3723 τοῦ
3573 3672 3732 3742 ὅρους

2062 3751 2326 3822 κορυφὴν,
2365 3751 2586 3802 πλείονα
2620 3751 2748 3822 περὶ
2774 3752 2873 3820 ἐμὲ
2891 3752 2988 3821 τὴν
3027 3751 3436 3821 φιλανθρωπίαν
3467 3750 3730 3814 ἐπιδείξα-

2063 3833 2178 3898 σθε,
2210 3831 2302 3884 καί⁹
2335 3831 2660 3900 κουφότερόν
2695 3849 2782 3901 μοι
2803 3831 2894 3884 τὸν
2911 3832 3156 3902 κάματον
3193 3834 3476 3902 ποιήσατε.
3505 3833 3730 3901 Μήποτε

2061 3907 2153 3964 οὖν
2181 3910 2509 3980 καταληφθώ
2539 3910 2640 3962 ὑπὸ
2672 3910 2771 3979 τῆς
2790 3910 3138 3980 ἐπαγομένης
3167 3909 3460 3980 τιμωρίας,
3491 3913 3583 3962 καὶ
3615 3925 3729 3960 κοι-

2061 3991 2286 4058 νωνήσω
2313 3988 2411 4057 τῆς
2445 3989 2598 4059 δίκης
2617 3988 2846 4052 τούτοις,
2873 3992 2972 4058 τὴν
2999 3987 3151 4041 πόλιν
3180 3987 3383 4057 ταύτην
3412 3989 3437 4026 ι’
3466 3989 3562 4059 τὴν
3597 4005 3732 4056 πλη-

2065 4071 2177 4123 σίον
2204 4067 2500 4136 ἀφορίσατέ
2534 4084 2644 4138 μοι.
2679 4067 2742 4119 Εἰ
2767 4067 2874 4138 γὰρ
2908 4068 3002 4120 καὶ
3025 4068 3249 4136 εὐτελής
3272 4068 3387 4118 ἐστι
3413 4068 3506 4120 καὶ
3537 4070 3728 4138 μικρὰ,

2064 4147 2178 4202 ἀλλ’
2211 4149 2328 4199 ἐκεῖ
2343 4145 2628 4209 διασωθεὶς
2645 4146 2943 4216 δυνήσομαι
2969 4148 3026 4198 ἐν
3059 4146 3328 4217 ἀσφαλείᾳ
3347 4142 3486 4200 εἶναι
3525 4146 3728 4199 λοιπόν.

2063 4227 2172 4280 Καὶ
2197 4223 2367 4279 εἶπεν
2395 4225 2551 4289 αὐτῷ
2568 4243 2581 4257 ο
2624 4224 2769 4278 Ἰδοὺ
2794 4223 3108 4294 ἐθαύμασά
3136 4241 3252 4278 σου
3284 4224 3349 4277 τὸ
3385 4225 3728 4291 πρόσωπον,

2062 4305 2160 4359 καί
2209 4305 2307 4357 ἐπὶ
2363 4300 2444 4369 τῷ
2483 4302 2704 4372 ῥήματι
2760 4305 2986 4370 τούτῳ,
3047 4302 3153 4356 τοῦ
3193 4302 3280 4372 μὴ
3330 4301 3734 4371 καταστρέψαι

2065 4384 2181 4452 τὴν
2211 4386 2432 4449 πόλιν,
2480 4382 2614 4450 περί
2644 4378 2721 4452 ἧς
2768 4382 3101 4450 ἐλάλησας.
3154 4381 3451 4452 Ἐδεξάμην
3487 4399 3579 4434 σου
3634 4385 3733 4452 τὴν

2067 4463 2300 4526 ἱκεσίαν,
2336 4463 2488 4533 φησὶ,
2539 4463 2631 4514 καί
2671 4464 2882 4532 ποιήσω
2913 4464 3009 4514 καὶ
3038 4459 3218 4526 τοῦτο,
3267 4463 3362 4514 καὶ
3400 4461 3617 4532 παρέξει)
3650 4479 3732 4515 σοι

2064 4543 2126 4596 :0
2144 4542 2390 4610 αἱτηθέι,
2417 4545 2511 4595 καὶ
2536 4542 2625 4595 διὰ
2656 4541 2713 4594 οὲ
2738 4545 2834 4595 καὶ
2859 4542 2956 4610 τῆς
2989 4541 3198 4606 πόλεως
3238 4543 3514 4614 φείσομαι.
3541 4545 3728 4597 Σπεῦ-

2067 4639 2183 4675 σον
2205 4618 2338 4685 οὗν,
2369 4621 2467 4674 καί
2499 4622 2795 4674 κατάλαϐε
2821 4622 2927 4673 τὸν
2946 4623 3151 4686 τόπον,
3200 4622 3298 4674 καί
3343 4621 3560 4682 σώζου’
3593 4623 3734 4676 οὐδὲ

2066 4703 2176 4772 γὰρ
2203 4701 2438 4775 ποιήσω
2459 4718 2517 4755 τι
2541 4701 2716 4772 μέχρι
2735 4703 2842 4756 τοῦ
2867 4700 3312 4772 παραγενέσθαι
3341 4718 3416 4756 σε
3437 4702 3563 4756 ἐκεῖ
3588 4711 3629 4756 υ.
3657 4704 3730 4755 υύ

2067 4786 2176 4854 γὰρ
2201 4782 2524 4852 δυνήσομαι,
2562 4782 2716 4852 φησὶ,
2747 4781 2842 4834 τοῦ
2881 4782 3102 4852 ποιῆσαι
3159 4783 3391 4851 πρᾶγμα
3487 4781 3590 4845 ἕως
3639 4783 3731 4836 τοῦ

2068 4861 2329 4915 εἰσελθεῖν
2362 4877 2422 4914 σε
2458 4862 2593 4915 ἐκεῖ.
2633 4862 2847 4934 Ἐπειδὴ
2890 4863 3124 4934 κήδομαί
3177 4879 3270 4915 σου
3293 4863 3391 4932 τῆς
3437 4864 3730 4933 σωτηρίας,

2069 4941 2324 5012 ἀναμενῶ
2349 4942 2450 5012 τὴν
2499 4944 2616 4996 ἐκεῖ
2644 4959 2738 4995 σου
2783 4943 2987 5013 ἄφιξιν,
3029 4947 3125 4998 καὶ
3159 4945 3282 4998 τότε
3308 4943 3516 5007 τούτοις
3545 4945 3732 5012 ἐπάγω

2069 5022 2168 5093 τὴν
2205 5023 2496 5093 τιμωρίαν.
2549 5022 2613 5076 Ὀ
2655 5022 2825 5090 ἣλιος
2863 5022 3121 5091 ἐξῆλθεν
3167 5024 3265 5076 ἐπὶ
3297 5023 3410 5090 τὴν
3441 5022 3576 5092 γῆν,
3634 5024 3734 5075 καὶ

2069 5104 2198 5157 Λὼτ
2218 5101 2504 5172 εἰσῆλθεν
2523 5104 2610 5169 εἰς
2631 5102 2856 5172 Σηγώρ.
2887 5104 2959 5156 Πε
2972 5105 3022 5173 9‘:
3052 5104 3151 5173 τὴν
3177 5103 3269 5156 τοῦ
3291 5103 3440 5172 ἡλίου
3471 5102 3732 5172 ἀναιολὴν

2071 5184 2273 5254 ἔφθασε
2294 5184 2394 5254 τὴν
2425 5181 2581 5236 πόλιν
2604 5199 2619 5215 ⁶
2640 5182 2733 5238 καὶ
2766 5184 2964 5247 εὐθέως
2994 5184 3200 5236 ἐκείνου
3228 5185 3378 5246 ἐντὸς
3407 5184 3504 5253 τῆς
3527 5183 3732 5244 πόλεως

2069 5262 2386 5332 γενομένου,
2421 5258 2566 5316 οὗτοι
2594 5261 2690 5334 τὴν
2722 5263 2990 5334 τιμωρίαν
3041 5262 3300 5332 ἐδέχοντο.
3335 5263 3575 5331 Ἔϐρεξε
3603 5263 3734 5333 γὰρ,

2070 5344 2226 5414 φησὶ,
2260 5345 2479 5413 Κύριος
2505 5343 2605 5397 ἐπὶ
2635 5343 2866 5414 Σόδομα
2888 5345 2982 5397 καί
3007 5345 3277 5414 Γόμορρα
3309 5345 3468 5397 θεῖον
3497 5345 3593 5397 καί
3617 5345 3734 5412 πῦρ

2071 5426 2229 5494 παρὰ
2254 5425 2472 5492 Κυρίου
2522 5425 2591 5478 ἐκ
2618 5424 2724 5478 τοῦ
2750 5423 3028 5491 οὐρανοῦ,
3069 5425 3164 5476 καί
3221 5423 3586 5493 κατέστρεψε
3630 5426 3734 5490 τὰς

2071 5509 2283 5573 πόλεις
2303 5507 2522 5572 ταύτας
2551 5507 2650 5561 καί
2671 5505 2879 5562 πᾶσαν
2898 5505 3012 5574 τὴν
3036 5507 3355 5574 περίοικον,
3381 5508 3478 5560 καί
3509 5506 3736 5571 πάντας

2069 5587 2211 5652 τοὺς
2235 5588 2663 5652 κατοικοῦντας
2687 5588 2756 5640 ἐν
2788 5585 2916 5652 ταῖς
2939 5587 3177 5648 πόλεσι,
3209 5587 3306 5640 καί
3332 5586 3454 5641 πᾶν
3487 5587 3735 5640 ἀνατέλ-

2069 5670 2183 5719 λον
2205 5667 2274 5719 ἐκ
2302 5666 2412 5736 τῆς
2429 5666 2542 5736 γῆς
2566 5663 2618 5721 δ.
2642 5666 2735 5736 Μὴ
2762 5664 3016 5732 ξενιξέτω
3050 5683 3131 5730 σε,
3169 5667 3417 5738 ἀγαπητέ
3444 5706 3459 5730 ,
3504 5667 3610 5720 τῶν
3635 5668 3734 5734 ρη-

2136 5757 2160 5784 “
2194 5755 2365 5830 μοι-ει.
2389 5755 2533 5818 μικρά
2558 5756 2700 5804 ἐστιν.
2724 5753 2875 5802 Savil.
2904 5750 2936 5807 ἢ
2965 5755 3109 5817 μικρά
3133 5755 3277 5806 ἐστιν.
3303 5755 3521 5814 Quatuor
3540 5767 3651 5802 mss.
3678 5755 3737 5802 οὐ

2071 5817 2216 5878 μικρά
2236 5816 2397 5864 ἐστιν.
2478 5816 2484 5818 “
2745 5875 2749 5880 _
3054 5816 3061 5817 7

2133 5877 2161 5916 Ι)
2186 5879 2334 5926 Savil.
2363 5879 2443 5924 καὶ
2465 5878 2548 5934 τήν
2574 5894 2624 5924 π.
2646 5893 2689 5924 τ.
2711 5875 2858 5926 Coisl.
2883 5877 2970 5924 κᾶν
2987 5878 3071 5934 τήν
3094 5877 3229 5924 πόλιν
3260 5896 3304 5926 τ.

2135 5941 2152 5972 ί
2191 5939 2241 5986 In
2269 5938 2440 5986 Bibliis
2462 5939 2640 5988 Graecis
2665 5939 2847 6000 legitur
2872 5953 2882 5986 :
2931 5938 3247 6000 Σπεῦσον-οὖν
3267 5936 3351 5986 τοῖν
3384 5942 3588 5995 σωθῆνα.
3615 5937 3728 5985 ἐκεῖ·

2070 6001 2125 6049 οῦ
2264 6001 2525 6074 διηγήσομαι
2545 5998 2744 6074 ποιῆσαι
2762 6004 2955 6074 πρᾶγμα
2974 6000 3064 6074 ἕως
3082 5998 3166 6046 τοῦ
3194 6001 3336 6074 ἐλθεῖν
3357 6016 3409 6047 σε
3433 6001 3545 6047 ἐκεῖ.

2133 6062 2156 6100 ά
2189 6062 2240 6111 In
2263 6061 2438 6111 Bibliis
2459 6061 2641 6123 legitur
2668 6062 2748 6109 καὶ
2771 6061 2828 6109 τὰ
2854 6063 3164 6110 ἀνατέλλοντα
3187 6063 3240 6110 ἐκ
3260 6069 3340 6118 τῆς
3367 6068 3465 6120 γῆς.
