4084 6356
289 447 396 502 $05

291 564 474 634 μάτων
501 564 534 634 ἡ
574 564 810 637 συνθήκη
831 584 843 598 ·
879 567 1074 638 ἰδίωμα
1095 569 1203 640 γάρ
1230 567 1388 621 τοῦτό
1416 569 1531 620 ἐστι
1561 566 1661 635 τῆς
1700 563 1943 635 Γραφῆςν

289 655 384 704 καὶ
411 651 716 723 ἀδιαφόρως
759 654 900 708 οὑτω
930 657 1188 720 πολλάκις
1219 657 1400 725 τίθησι
1433 655 1499 708 τὰ
1544 656 1764 725 ῥήματα
1784 669 1796 681 ·
1829 651 1857 703 δ
1885 651 1948 722 δὴ

288 740 381 792 καὶ
409 741 501 794 νῦν
531 741 675 793 ἔστιν
716 741 862 796 ἰδεῖν.
893 744 1128 811 Ἕϐρεξε
1151 743 1283 813 γὰρ,
1336 741 1492 814 φησὶ,
1522 742 1737 808 Κύριος
1789 737 1950 791 θεῖον

289 827 386 879 καί
437 829 555 894 πῦρ
584 830 740 896 παρὰ
786 831 1006 897 Κυρίου
1033 832 1101 883 ἐκ
1133 831 1240 885 τοῦ
1288 829 1566 898 οὐρανοῦ,
1596 829 1682 880 ἵνα
1711 827 1839 897 εῐπῃ
1868 826 1950 877 ὅτι

291 913 492 985 Κύριος
515 915 614 985 τὴν
640 917 908 987 τιμωρίαν
945 919 1211 989 ἐπήγαγε,
1241 919 1335 970 καὶ
1363 918 1424 970 οὑ
1454 917 1611 986 μόνον
1640 915 1737 978 τὰς
1768 914 1950 974 πόλεις

291 1001 663 1073 κατέστρεψε,
716 1005 810 1056 καὶ
861 1005 1040 1058 πᾶσαν
1084 1005 1182 1076 τὴν
1227 1003 1502 1076 περίοικον
1536 1044 1551 1067 ,
1602 1001 1697 1054 καὶ
1743 1000 1952 1061 πάντας

290 1089 414 1151 τοὺς
437 1090 839 1156 κατοικοῦντας,
867 1091 1002 1145 ἀλλά
1039 1096 1131 1145 καὶ
1155 1094 1223 1146 τὰ
1249 1091 1606 1146 ἀνατέλλοντα
1631 1092 1695 1143 ἐκ
1718 1088 1818 1157 τῆς
1849 1090 1952 1158 γῆς

291 1176 575 1245 ἠφάνισεν.
641 1179 858 1249 Ἐπειδὴ
905 1180 1012 1251 γὰρ
1040 1183 1088 1234 οἱ
1119 1180 1320 1251 ταύτην
1348 1179 1622 1242 οἰκοῦντες
1676 1177 1952 1247 ἄνθρωποι

293 1262 459 1317 πολὺν
481 1265 581 1334 τῆς
609 1267 871 1338 πονηρίας
901 1268 990 1320 τὸν
1021 1268 1232 1337 καρπὸν
1282 1265 1641 1330 ἐπεδείξαντο,
1691 1263 1777 1316 διά
1799 1262 1953 1315 τοῦτο

291 1352 384 1403 καὶ
407 1351 508 1420 τῆς
538 1353 660 1423 γῆς,
687 1355 840 1425 φησὶ,
871 1355 998 1417 τοὺς
1024 1351 1267 1426 καρποὺς
1295 1355 1600 1425 ἀχρήστους
1627 1352 1951 1424 ἐργάζομαι,

291 1437 378 1490 ἵνα
398 1439 493 1491 καὶ
522 1440 745 1494 ἐκείνων
773 1441 1178 1511 ἀφανισθέντων
1205 1441 1342 1512 αὕτη
1376 1440 1621 1512 διηνεκὲς
1657 1439 1956 1508 ὑπόμνημα

293 1529 442 1601 [446]
464 1531 687 1601 γένηται
707 1534 827 1595 ταῖς
860 1531 996 1602 μετά
1017 1532 1190 1586 ταῦτα
1219 1534 1454 1600 γενεαῖς,
1505 1529 1592 1582 διὰ
1625 1529 1723 1598 τῆς
1749 1527 1955 1590 οἰκείας

294 1618 570 1687 ἀκαρπίας
597 1619 801 1682 πάντας
820 1619 1142 1673 διδάσκουσα
1164 1621 1271 1672 τῶν
1289 1619 1683 1689 ἐνοικησάντων
1703 1617 1838 1686 αὑτῇ
1858 1615 1956 1686 τὴν

293 1704 576 1774 πονηρίαν.
604 1703 755 1767 Εἶδες
793 1707 916 1760 ὅσον
961 1707 1108 1760 ἐστὶν
1159 1708 1350 1776 ἀρετὴ,
1379 1706 1474 1758 καὶ
1501 1706 1623 1757 ὅσον
1644 1703 1830 1767 κακία,
1863 1703 1956 1756 καὶ

295 1790 412 1854 πῶς
438 1795 466 1844 6
498 1793 595 1861 μὲν
615 1792 818 1856 δίκαιος
843 1793 1043 1864 ἐσώθη,
1083 1794 1236 1847 αὑτοὶ
1268 1793 1326 1847 δὲ
1365 1792 1522 1858 ἀξίαν
1558 1791 1659 1863 τὴν
1688 1789 1956 1860 τιμωρίαν

294 1877 484 1932 ἔδοσαν
510 1881 607 1950 τῆς
629 1882 924 1952 πονηρίας;
961 1883 1070 1935 Καὶ
1098 1880 1287 1951 ὥσπερ
1315 1882 1344 1933 6
1381 1880 1585 1942 δίκαιος
1635 1877 1721 1932 διά
1756 1878 1856 1949 τὴν
1881 1880 1956 1930 0E-

296 1964 450 2018 κείαν
481 1966 682 2038 ἀρετὴν
703 1968 906 2031 καὶτὰς
929 1969 1233 2038 θυγατέρας
1248 1967 1495 2032 διέσωσε,
1514 1966 1728 2036 καὶτῆς
1753 1966 1959 2029 πόλεως

295 2051 509 2122 ἐκείνης
544 2051 640 2124 τὴν
678 2055 1060 2127 καταστροφὴν
1110 2055 1434 2108 διεκώλυσεν
1456 2071 1469 2084 ·
1503 2052 1647 2106 οὕτω
1696 2053 1790 2105 καὶ
1816 2045 1960 2105 οὗτοι

295 2137 381 2191 διά
413 2138 510 2210 τὴν
548 2140 852 2211 ὑπερϐολὴν
881 2143 982 2213 τῆς
1006 2143 1213 2206 οἰκείας
1240 2141 1522 2213 πονηρίας,
1545 2142 1605 2193 οὐ
1630 2141 1787 2211 μόνον
1807 2139 1962 2192 αὑτοὶ

295 2223 570 2279 ἀπώλοντο
603 2228 698 2280 καὶ
743 2229 1132 2301 διεφθάρησαν,
1181 2229 1318 2284 ἀλλά
1344 2230 1438 2283 καὶ
1467 2228 1563 2300 τὴν
1587 2229 1690 2298 γῆν
1716 2227 1961 2299 ἄκαρπον

296 2315 377 2373 εἰς
407 2314 468 2365 16
500 2313 624 2384 ἐξῆς
647 2315 900 2383 γενέσθαι
926 2316 1363 2388 παρεσκεύασαν.
1395 2317 1504 2369 Καὶ
1546 2315 1881 2384 ἐπέϐλεψεν
1921 2316 1960 2383 ἠ

295 2399 474 2468 γυνὴ,
513 2402 697 2472 φησὶν,
735 2406 820 2468 εὶς
846 2403 918 2457 τὰ
943 2405 1152 2466 ὀπίσω,
1177 2405 1274 2457 καὶ
1297 2404 1532 2473 ἐγένετο
1557 2403 1758 2472 στήλη
1791 2403 1958 2466 ἁλός.

307 2486 524 2558 Ἐπειδὴ
545 2488 653 2560 γὰρ
680 2489 962 2544 ἀκούσασα
986 2490 1093 2544 τῶν
1119 2490 1362 2558 ἀγγέλων
1394 2490 1504 2543 τῶν
1534 2489 1962 2558 διαταττομένων

296 2573 374 2644 τῷ
401 2575 613 2646 δικαίῳ,
648 2575 787 2630 ὥστε
824 2580 898 2648 μὴ
928 2578 1214 2650 προσέχειν
1238 2579 1316 2642 εἰς
1347 2579 1416 2632 τὰ
1449 2578 1644 2640 ὀπίσω,
1667 2577 1801 2630 ἀλλά
1825 2576 1963 2646 μετὰ

299 2662 501 2733 πολλῆς
529 2665 628 2734 τῆς
660 2664 919 2730 ἐπείξεως
944 2665 1042 2736 τὴν
1068 2664 1413 2736 ἀναχώρησιν
1444 2663 1796 2736 ποιήσασθαι,
1831 2679 1963 2733 παρ-

297 2750 496 2818 ἡκουσε
521 2750 629 2802 τῶν
660 2750 953 2822 ῥηθέντων,
986 2753 1080 2805 καὶ
1104 2753 1164 2807 16
1185 2751 1561 2824 παραγγελθὲν
1589 2751 1688 2804 οὑκ
1709 2749 1960 2820 ἐφύλαξε,

297 2836 384 2889 διά
409 2836 566 2890 τοῦτο
595 2838 695 2909 τῆς
723 2839 929 2901 οἰκείας
963 2839 1234 2910 ῥᾳθυμίας
1263 2841 1444 2893 δίδωσι
1472 2840 1649 2910 δίκην.

368 2922 432 2988 ζ’.
486 2923 624 2977 Ἀλλ’
652 2926 816 2996 ἡμεῖς
838 2923 1011 2980 ταῦτα
1039 2926 1348 2990 ἀκούοντες,
1387 2927 1588 2998 πολλὴν
1620 2926 1721 2995 τῆς
1757 2924 1962 2988 οἰκείας

298 3010 572 3081 σωτηρίας
589 3013 686 3083 τὴν
709 3011 963 3082 πρόνοιαν
988 3012 1364 3085 ποιησώμεθα,
1380 3014 1474 3066 καὶ
1496 3015 1593 3083 τῆς
1617 3013 1714 3082 μὲν
1741 3013 1962 3065 ἐκείνων

298 3099 645 3168 παρανομίας
670 3099 930 3170 φύγωμεν
953 3101 1052 3172 τὴν
1085 3101 1316 3172 μίμησιν
1340 3117 1354 3132 ο
1397 3099 1492 3153 τοῦ
1522 3101 1579 3152 δὲ
1607 3099 1818 3152 δικαίου
1845 3099 1967 3152 τοὺ-

299 3199 392 3236 του
425 3184 526 3255 τὴν
561 3184 864 3252 φιλοξενίαν
887 3185 1220 3258 ζηλώσωμεν
1255 3187 1352 3239 καὶ
1404 3185 1502 3256 τὴν
1551 3184 1715 3254 ἀλλην
1744 3184 1962 3256 ἀρετὴν,

301 3270 387 3322 ἵνα
422 3271 736 3343 δυνηθῶμεν
764 3274 859 3327 καὶ
900 3273 1000 3345 τὴν
1027 3273 1232 3328 ἀνωθεν
1277 3272 1446 3345 ὀργὴν
1500 3270 1964 3343 ἀποκρούσασθαι.

301 3360 375 3412 Οὑ
408 3359 518 3431 γὰρ
553 3360 719 3422 ἐστιν,
745 3363 846 3415 οὑκ
875 3361 990 3415 ἐστι
1024 3362 1114 3415 τὸν
1144 3361 1280 3430 μετά
1316 3360 1550 3431 σπουδῆς
1609 3359 1812 3430 ταύτην
1841 3377 1970 3428 μετ-

305 3441 471 3506 ιόντα,
499 3443 573 3513 μὴ
605 3443 769 3497 πολὺν
798 3444 1044 3498 ἐντεῦθεν
1072 3444 1398 3515 κομίσασθαι
1421 3444 1514 3498 τὸν
1553 3443 1840 3514 θησαυρόν.
1860 3443 1969 3496 Καὶ

303 3531 412 3602 γάρ
435 3532 482 3583 οἰ
513 3530 710 3584 δίκαιοι
735 3524 880 3586 οὗτοι
908 3531 1051 3586 οὕτω
1077 3535 1176 3603 τῆς
1205 3531 1408 3586 ἄνωθεν
1437 3532 1608 3602 ῥοπῆς
1637 3530 1967 3601 ἠξιώθησαν,

303 3617 401 3670 καὶ
427 3620 456 3671 6
492 3619 837 3690 πατριάρχης
861 3621 954 3673 καὶ
975 3623 1003 3674 6
1031 3620 1174 3685 Λὼτ,
1200 3619 1292 3673 καὶ
1315 3617 1633 3690 ἀνθρώπους
1663 3617 1970 3686 νομίζοντες

307 3703 680 3774 ὑποδέχεσθαι,
719 3707 1135 3777 κατηξιώθησαν
1165 3707 1260 3761 καὶ
1306 3705 1568 3774 ἀγγέλους
1597 3704 1968 3774 ὑποδέχεσθαι,

307 3792 404 3845 καλ⁸
427 3793 517 3845 τὸν
548 3793 658 3847 τῶν
681 3795 926 3863 ἀγγέλων
958 3795 1254 3866 Δεσπότην.
1280 3795 1498 3858 Ἔξεστι
1545 3794 1638 3846 καὶ
1694 3795 1846 3862 ἡμῖν,
1876 3793 1972 3845 ἐὰν

311 3878 655 3950 βουλώμεθα,
707 3885 801 3936 καὶ
856 3882 951 3937 νῦν
1005 3883 1164 3936 αὑτὸν
1229 3881 1607 3946 ὑποδέξασθαι.
1654 3881 1824 3944 Αὐτὸς
1863 3880 1972 3951 γάρ

308 3969 456 4020 ἐστιν
510 3971 539 4021 6
572 3970 830 4040 εἰρηκὼς,
895 3970 960 4023 '0
988 3969 1310 4038 δεχόμενος
1345 3970 1520 4039 ὑμᾶς,
1576 3968 1680 4038 ἐμὲ
1715 3967 1969 4037 δέχεται.

311 4054 468 4108 Οὑτω
504 4057 682 4112 τοίνυν
715 4059 840 4120 τοὺς
891 4057 1073 4122 ξένους
1126 4057 1537 4128 ὑποδεχώμεθα,
1596 4059 1687 4110 καὶ
1724 4058 1797 4128 μὴ
1839 4057 1974 4128 πρὸς

309 4145 411 4214 τὴν
431 4143 539 4196 τῶν
573 4144 911 4213 φαινομένων
944 4145 1220 4197 εὑτέλειαν
1268 4144 1547 4213 ἀπίδωμέν
1587 4161 1736 4196 ποτε.
1776 4143 1974 4197 Ἐνίοτε

310 4231 444 4302 γὰρ,
473 4232 523 4283 εἰ
551 4231 773 4302 τοιαύτῃ
799 4230 992 4303 γνώμῃ
1011 4232 1079 4284 τά
1111 4231 1210 4301 τῆς
1239 4229 1539 4300 φιλοξενίας
1560 4229 1971 4300 ἐπιδειξώμεθα,

312 4321 834 4392 καταξιωθησόμεθα
868 4321 960 4374 καὶ
987 4323 1148 4392 ἡμεῖς
1178 4321 1452 4384 τοιούτους
1483 4319 1854 4389 ὑποδέχεσθαι,
1881 4321 1972 4374 ἄν·

311 4409 444 4479 δρας
485 4408 583 4480 μὲν
616 4408 1022 4480 νομιζομένους,
1079 4407 1186 4460 τῶν
1243 4409 1489 4476 ἀγγέλων
1533 4407 1589 4460 δὲ
1644 4407 1740 4478 τὴν
1774 4407 1974 4478 ἀρετὴν

318 4498 599 4568 μετιόντας
619 4515 632 4530 ο
658 4499 816 4569 μόνον
857 4497 932 4570 μὴ
962 4496 1472 4568 περιεργαζώμεθα,
1521 4496 1655 4567 μηδέ
1693 4495 1973 4568 πολυπρα-

313 4586 626 4657 γμονῶμεν,
683 4587 770 4641 ἵνα
799 4586 871 4657 μὴ
919 4587 1304 4658 διαμάρτωμεν
1354 4585 1448 4638 τοῦ
1484 4583 1780 4654 θησαυροῦ.
1825 4585 1976 4638 Ἐπεὶ

316 4675 465 4728 καὶὸ
497 4674 762 4744 μακάριος
792 4672 1002 4736 Παῦλος
1052 4673 1275 4735 τούτους
1319 4673 1445 4736 τοὺς
1481 4673 1722 4735 δικαίους
1749 4674 1977 4727 αἰνιττό-

322 4778 499 4831 μενος,
527 4761 622 4814 καὶ
656 4760 918 4814 διδάσκων
946 4763 1092 4830 ἡμᾶς
1131 4759 1541 4829 πῶςιέπέτυχον
1573 4759 1827 4830 τοιαύτης
1854 4762 1978 4813 ὑπο-

315 4849 496 4919 δοχῆς,
523 4849 655 4921 φησί
677 4866 690 4879 ο
734 4849 849 4916 Τῆς
874 4849 1221 4918 φιλοξενίας
1235 4848 1318 4917 μὴ
1353 4847 1824 4902 ἐπιλανθάνεσθε
1844 4864 1856 4877 ·
1882 4847 1979 4902 διὰ

318 4939 538 5004 ταύτης
590 4936 701 5006 γὰρ
743 4938 960 4992 ἔλαθόν
1029 4955 1186 5002 τινες
1251 4937 1600 5002 ξενίσαντες
1660 4935 1974 5005 ἀγγέλους.

320 5024 490 5078 Τοῦτο
515 5024 624 5096 γὰρ
650 5026 845 5088 αὑτοὺς
875 5026 1107 5094 μάλιστα
1165 5026 1510 5095 θαυμαστοὺς
1564 5023 1658 5075 καὶ
1713 5023 1978 5093 μεγάλους

321 5110 619 5177 ἀπέδειξεν,
650 5113 733 5165 ὃτι
765 5113 864 5164 οὑκ
892 5112 1090 5174 εἰδότες
1126 5111 1341 5173 αὐτοὺς,
1377 5110 1474 5181 τὴν
1523 5110 1816 5181 θεραπείαν
1883 5111 1978 5160 ἐπ-

321 5197 642 5252 εδείκνυντο.
689 5199 798 5251 Καὶ
831 5201 990 5269 ἡμεῖς
1027 5199 1205 5252 τοίνυν
1261 5198 1436 5250 πίστει
1469 5198 1561 5250 καὶ
1613 5196 1870 5266 εὐλαϐείᾳ.
1921 5197 1981 5248 τὸ

324 5286 553 5355 πρᾶγμα
581 5284 873 5355 μετίωμεν,
898 5284 983 5338 ἵνα
1009 5285 1104 5338 καὶ
1139 5285 1231 5337 τοῦ
1271 5283 1546 5355 θησαυροῦ
1586 5284 1860 5352 ἐπιτυχεῖν
1891 5281 1981 5333 δυ-

324 5372 608 5441 νηθῶμεν⁸
651 5364 712 5425 οὗ
741 5373 946 5441 γένοιτο
980 5372 1185 5436 πάντας
1233 5373 1377 5442 ἡμᾶς
1405 5370 1749 5435 ἀπολαῦσαι,
1799 5369 1980 5440 χάριτι

325 5461 418 5512 καὶ
451 5458 827 5531 φιλανθρωπίᾳ
845 5461 937 5514 τοῦ
970 5459 1176 5531 Κυρίου
1201 5459 1355 5531 ἡμῶν
1391 5459 1563 5529 Ἰησοῦ
1582 5457 1840 5528 Χριστοῦ,
1863 5456 1980 5526 μεθ’

327 5543 386 5600 οὑ
420 5546 496 5618 τῷ
531 5549 707 5619 Πατρὶ
735 5549 770 5620 ἡ
801 5548 954 5613 δόξα,
986 5549 1103 5620 ἅμα
1135 5548 1212 5619 τῷ
1235 5548 1375 5618 ἁγίῳ
1419 5547 1694 5616 Πνεύματι
1721 5587 1736 5612 ,
1770 5545 1865 5598 νῦν
1890 5547 1984 5598 καὶ

328 5637 435 5692 ἀεὶ.
470 5637 562 5690 καὶ
589 5639 667 5700 εἰς
693 5639 817 5698 τοὺς
851 5636 1053 5700 αἰῶνας
1080 5636 1188 5690 τῶν
1210 5635 1437 5689 αἰώνων.
1475 5635 1666 5704 Ἀμήν.

860 5722 1010 5795 [447]
1041 5723 1282 5777 omum
1328 5723 1456 5775 MA'.

407 5805 678 5872 ’Ὡρθρισε
702 5801 769 5854 δὲ
806 5793 1051 5871 Ἀϐραάμ
1076 5803 1155 5868 τῷ
1177 5804 1325 5870 πρωῒ
1359 5805 1447 5867 εὶς
1477 5802 1580 5872 τὸν
1609 5803 1812 5864 τόπον,
1836 5793 1909 5855 οὗ

709 5871 973 5938 εἱστήκει
1001 5874 1277 5926 ἐναντίον
1312 5872 1417 5925 τοῦ
1453 5871 1617 5925 Θεοῦ.

1049 454 1105 510 S.
1146 452 1429 510 JOANNIS
1465 445 1947 508 CHRYSOSTOMI
1985 438 2303 501 ARCHIEP.
2339 439 2883 498 CONSTANTINOP.

3608 429 3710 487 406

2051 560 2253 624 ἐδίδαξε
2277 558 2372 612 καὶ
2406 557 2500 610 τοῦ
2536 556 2805 609 Δεσπότου
2834 552 2932 623 τὴν
2965 549 3168 618 ἄφατον
3204 545 3600 620 μακροθυμίαν,
3618 546 3712 598 καὶ

2049 657 2148 727 τὴν
2186 654 2624 726 ὑπερϐάλλουσαν
2655 652 2782 722 περὶ
2802 649 2969 719 αὑτὴν
3001 646 3348 717 κηδεμονίαν,
3376 647 3472 698 κοιί¹
3499 643 3715 712 ἐκείνης

2048 753 2146 820 τὴν
2171 748 2606 820 εὐγνωμοσύνην.
2636 747 2818 800 Είδετε
2849 744 2963 808 πῶς
2997 743 3139 814 ὕδωρ
3167 739 3420 811 αἰσθητὸν
3454 736 3718 808 ὑδρεύσα-

2053 847 2178 902 σθαι
2212 845 2652 918 παραγενομένη,
2684 845 2748 896 ἐκ
2769 841 2868 911 τῆς
2894 838 3090 909 νοητῆς
3134 836 3317 907 πηγῆς
3346 835 3416 888 τὰ
3457 834 3578 888 θεῖα
3620 833 3718 886 νά-

2055 958 2200 1012 ματα
2223 939 2565 1013 ἀρυσαμένη,
2595 937 2768 1000 οὕτως
2795 934 2978 989 οἴκαδε
3022 930 3313 1001 ἐπανῆλθε,
3341 927 3625 999 πληροῦσα
3654 927 3718 980 16

2053 1037 2205 1107 παρά
2231 1034 2324 1090 τοῦ
2351 1036 2622 1094 Δεσπότου
2649 1031 2936 1104 εἰρημένον
2958 1047 2972 1060 ·
3006 1031 3074 1084 Τὸ
3099 1027 3280 1094 ὕδωρ,
3309 1025 3339 1078 δ
3377 1025 3492 1094 ἐγὼ
3521 1023 3712 1090 δώσω,

2053 1132 2368 1203 γενήσεται
2399 1134 2468 1186 ἐν
2496 1129 2656 1197 αὐτῷ
2683 1129 2844 1199 πηγὴ
2861 1127 3080 1192 ὕδατος
3103 1122 3440 1192 ἁλλομένου
3457 1124 3543 1187 εὶς
3563 1120 3719 1188 ζῖοὴν

2054 1229 2729 1300 αἰώνιον.Ἐμφορηθεῖσα
2764 1225 2871 1296 γὰρ
2903 1223 3038 1294 αὑτη
3062 1221 3160 1292 τῆς
3185 1219 3334 1282 θείας
3363 1218 3578 1286 ἐκείνης
3624 1217 3717 1270 καὶ

2055 1324 2432 1395 πνευματικῆς
2455 1323 2657 1394 πηγῆς,
2693 1321 2752 1374 οὑ
2783 1320 3047 1388 κατέσχεν
3068 1317 3199 1369 είσω
3224 1315 3293 1367 τά
3327 1314 3563 1383 νάματα,
3601 1309 3716 1364 ἀλλ’

2056 1420 2484 1492 ὑπερϐλύζουσα,
2514 1419 2589 1484 ὡς
2609 1421 2800 1480 εἰπεῖν,
2830 1415 3008 1486 ἐκχέει
3045 1413 3137 1467 καὶ
3165 1413 3244 1474 εἰς
3268 1411 3394 1472 τοὺς
3436 1407 3532 1478 τὴν
3563 1405 3718 1460 πόλιν

2055 1516 2337 1581 οἰκοῦντας
2363 1517 2462 1586 τῆς
2487 1513 2925 1586 παρασχεθείσης
2959 1510 3096 1580 αὐτῇ
3139 1508 3346 1580 δωρεᾶς
3366 1504 3428 1557 τὸ
3449 1503 3716 1574 χάρισμα,

2057 1613 2152 1668 καὶ
2181 1611 2355 1684 κῆρυξ
2384 1611 2600 1679 ἐγένετο
2620 1609 2812 1680 ἀθρόον
2837 1607 3046 1678 ἡγυνὴ,
3070 1608 3101 1674 ἡ
3127 1605 3476 1673 Σαμαρεῖτις,
3506 1601 3539 1670 ἡ
3565 1598 3722 1651 ἀλλό-

2058 1704 2240 1772 φυλος.
2276 1704 2455 1758 Είδετε
2503 1703 2625 1756 ὅσον
2675 1702 2791 1754 ἐστὶ
2835 1699 3014 1770 ψυχῆς
3071 1693 3491 1765 εὐγνωμοσύνη,
3549 1691 3720 1743 εἴδετε

2056 1796 2329 1848 Δεσπότου
2369 1793 2797 1865 φιλανθρωπίαν,
2857 1792 3004 1853 ὅπως
3030 1787 3239 1850 οὑδενδς
3271 1785 3534 1855 ὑπερορᾷ,
3583 1781 3719 1835 ἀλλά

2059 1880 2159 1935 κᾶν
2188 1884 2244 1935 ἐν
2277 1882 2538 1950 γυναικὶ,
2571 1879 2672 1935 κᾶν
2726 1880 2782 1931 ἐν
2815 1878 2991 1947 πενίᾳ,
3045 1875 3150 1928 κᾶν
3198 1875 3331 1926 ὅπου
3361 1872 3555 1942 δήποτε
3583 1867 3720 1939 εὕρῃ

2057 1970 2485 2040 διεγηγερμένην
2513 1967 2689 2038 ψυχὴν
2717 1967 2806 2019 καὶ
2831 1966 3078 2030 ζέουσαν,
3109 1961 3450 2032 παραχρῆμα
3471 1958 3567 2029 τὴν
3588 1958 3719 2026 παρ’

2061 2056 2254 2110 ἐαυτοῦ
2279 2059 2436 2126 χάριν
2464 2056 2746 2122 ἐπαφίησι.
2768 2049 3151 2122 Μιμησώμεθα
3167 2048 3366 2109 τοίνυν,
3393 2043 3720 2115 παρακαλῶ,

2060 2146 2155 2197 καὶ
2190 2147 2349 2214 ἡμεῖς
2384 2143 2482 2214 τὴν
2510 2144 2738 2210 γυναῖκα
2772 2139 2996 2208 ταύτην,
3029 2138 3123 2190 καὶ
3155 2135 3291 2207 μετά
3324 2133 3523 2202 πολλῆς
3555 2148 3722 2201 προσ-

2060 2234 2190 2303 οχῆς
2209 2232 2492 2302 δεχώμεθα
2524 2231 2590 2282 τὰ
2613 2228 2760 2299 παρὰ
2781 2227 2875 2281 τοῦ
2911 2226 3050 2280 Πνεύ
3059 2243 3225 2296 ματος
3245 2223 3567 2290 διδάγματα.
3588 2218 3722 2270 Οὐδὲ

2061 2321 2168 2392 γάρ
2207 2320 2450 2390 ἡμέτερά
2471 2321 2586 2370 ἐστι
2610 2317 2676 2370 τά
2705 2316 2990 2385 λεγόμενα,
3027 2313 3147 2366 οὑδέ
3172 2313 3230 2378 ἐξ
3256 2311 3456 2371 οἰκείας
3479 2306 3722 2377 γλώττης

2062 2407 2430 2478 φθεγγόμεθα,
2463 2407 2603 2476 άπερ
2632 2404 2696 2458 ἂν
2735 2405 2996 2473 εἴπωμεν,
3035 2400 3147 2453 ἀλλ’
3180 2401 3244 2452 ἐκ
3271 2399 3368 2468 τῆς
3399 2396 3492 2449 τοῦ
3522 2393 3724 2447 Δεσπό-

2060 2514 2152 2549 του
2181 2494 2589 2566 φιλανθρωπίας
2622 2490 2972 2560 ὁδηγούμενοι
3004 2501 3027 2528 α
3061 2486 3153 2540 διὰ
3200 2485 3298 2557 τὴν
3329 2484 3596 2552 ὠφέλειαν
3625 2481 3724 2551 τὴν

2063 2584 2334 2654 ὑμετέραν
2368 2582 2462 2635 καὶ
2485 2583 2582 2650 τὴν
2611 2579 2901 2649 οἰκοδομὴν
2931 2578 3028 2647 τῆς
3071 2575 3164 2627 τοῦ
3199 2573 3333 2626 Θεοῦ
3376 2568 3720 2638 Ἐκκλησίας.

2062 2671 2148 2741 Μὴ
2185 2672 2359 2724 τοίνυν
2385 2669 2519 2740 πρὸς
2551 2667 2650 2738 ἐμὲ
2678 2667 2768 2719 τὸν
2797 2666 3024 2733 λέγοντα
3051 2661 3264 2733 ἀπίδῃς,
3296 2658 3565 2728 ἀγαπητέ,
3589 2654 3724 2725 μηδέ

2064 2760 2200 2832 πρὸς
2231 2760 2328 2828 τὴν
2351 2757 2620 2810 εὐτέλειαν
2651 2756 2749 2825 τὴν
2780 2755 2939 2824 ἐμὴν,
2964 2750 3076 2805 ἀλλ’
3107 2751 3190 2803 ὅτι
3216 2749 3284 2801 τὰ
3323 2746 3471 2817 παρὰ
3504 2744 3596 2797 τοῦ
3631 2748 3726 2794 Δε-

2066 2829 2263 2901 σπότου
2293 2844 2614 2915 διακομίζω,
2649 2843 2744 2895 καὶ
2773 2841 2907 2912 πρὸς
2937 2841 3028 2893 16v
3052 2835 3444 2914 ἀποστείλαντα
3470 2833 3606 2901 έχων
3627 2829 3726 2899 τὴν

2063 2935 2299 2988 διάνοιαν
2330 2931 2654 3002 τεταμένην,
2691 2927 2831 2980 οὕτω
2868 2926 3004 2996 μετά
3030 2909 3240 2995 νήίζκεως
3276 2921 3430 2989 δέχου
3479 2918 3547 2970 τὰ
3577 2917 3730 2984 λεγό-

2069 3038 2224 3091 μενα.
2269 3020 2419 3071 Ἐπεὶ
2450 3019 2542 3070 καὶ
2573 3019 2628 3068 ἐν
2660 3019 2769 3078 τοῖς
2800 3012 3161 3083 ἀνθρωπίνοις
3209 3009 3550 3078 πράγμασιν,
3587 3007 3729 3057 ἐπει·

2064 3108 2159 3161 δάν
2187 3109 2215 3159 6
2244 3106 2513 3177 βασιλεὺς,
2545 3106 2572 3156 ὁ
2594 3103 2654 3155 τὸ
2681 3102 2920 3172 διάδημα
2947 3098 3327 3170 περικείμενος
3349 3135 3363 3158 ,
3423 3093 3727 3164 γράμματα

2065 3193 2457 3264 διαπέμψηται,
2485 3194 2513 3244 6
2555 3191 2653 3261 μὲν
2707 3187 3099 3258 ἐπιφερόμενος
3151 3184 3322 3236 ταῦτα
3365 3181 3488 3234 καθ’
3536 3179 3727 3232 ἐαυτὸν

2071 3285 2167 3353 μὲν
2197 3281 2405 3342 οὑδενδς
2437 3279 2594 3345 λόγου
2619 3277 2766 3342 ἄξιος
2796 3275 3070 3343 τυγχάνει,
3101 3271 3215 3326 ἀλλ’
3243 3269 3461 3340 εὑτελής
3487 3268 3568 3330 τίς
3589 3269 3726 3328 ἐστι,

2067 3351 2162 3422 καὶ
2199 3367 2457 3428 πολλάκις
2484 3364 2604 3417 οὑδέ
2639 3361 2939 3434 προγόνους
2963 3359 3216 3429 ἀριθμεῖν
3246 3355 3404 3426 ἔχων,
3456 3353 3570 3406 ἀλλ’
3599 3351 3730 3406 ἀνώ-

2067 3473 2234 3525 νυμος
2262 3455 2356 3506 καὶ
2378 3453 2436 3518 ἐξ
2473 3449 2804 3520 ἀνωνύμων·
2848 3447 2961 3501 ἀλλ’
2997 3447 3095 3499 οὑκ
3127 3444 3319 3514 ἐκείνῳ
3371 3442 3732 3511 προσέχουσιν

2068 3545 2115 3596 οί
2140 3541 2310 3595 ταῦτα
2336 3539 2586 3610 δέχεσθαι
2635 3537 2938 3608 μέλλοντες,
2971 3533 3108 3588 ἀλλά
3132 3533 3220 3586 διὰ
3248 3532 3316 3584 τά
3346 3530 3438 3583 τοῦ
3471 3528 3732 3600 βασιλέως

2069 3632 2370 3702 γράμματα
2417 3625 2616 3696 πολλὴν
2661 3624 2898 3693 κάκείνῳ
2946 3621 3110 3692 τιμὴν
3155 3619 3507 3689 ἀπονέμουσι,
3542 3615 3733 3669 καὶτὰ

2069 3718 2372 3789 γράμματα
2405 3713 2543 3784 μετά
2579 3711 2774 3765 πολλοῦ
2794 3709 2887 3762 τοῦ
2919 3709 3083 3778 φόϐου
3124 3708 3218 3761 καὶ
3251 3706 3450 3776 πολλῆς
3479 3704 3581 3773 τῆς
3609 3705 3735 3774 ἡσυ-

2071 3807 2193 3877 χίας
2215 3807 2480 3876 δέχονται.
2518 3803 2580 3854 Εἰ
2612 3801 2790 3854 τοίνυν
2824 3801 3029 3860 ἐκεῖνος
3071 3795 3356 3868 ἀνθρώπου
3398 3793 3735 3863 ἐπαγόμενος

2072 3895 2392 3966 γράμματα.
2418 3893 2510 3944 καὶ
2532 3891 2738 3961 χάρτην
2765 3887 2948 3949 ἁπλῶς
2971 3886 3381 3956 ἐπιφερόμενος,
3402 3880 3551 3952 παρά
3573 3882 3735 3932 πᾶσιν

2073 3983 2468 4051 ἐναποδέχεται,
2518 3977 2693 4048 πολλῷ
2751 3976 2946 4046 μᾶλλον
2981 3975 3009 4014 b
3039 3975 3198 4043 ὑμεῖς
3228 3971 3294 4025 ἂν
3348 3971 3496 4038 εἴητε
3538 3969 3736 4021 δίκαιοι

2073 4071 2142 4124 τὰ
2170 4071 2321 4142 παρὰ
2348 4068 2440 4121 τοῦ
2461 4066 2776 4136 [Ινεύματος
2806 4063 2872 4116 δι’
2901 4061 3057 4132 ἡμῶν
3091 4061 3218 4130 ὑμῖν
3241 4057 3558 4128 πεμφθέντα
3581 4055 3737 4122 λόγια

2078 4160 2216 4230 μετά
2261 4156 2460 4224 πολλῆς
2492 4155 2588 4222 τῆς
2641 4151 2911 4222 προσοχῆς
2949 4145 3328 4217 ὑποδέχεσθαι,
3387 4147 3470 4196 ἵνα
3511 4144 3610 4210 τῆς
3649 4143 3737 4194 εὑ-

2075 4229 2426 4315 γνωμοσύνης
2456 4241 2652 4310 πολλὴν
2680 4236 2979 4309 κομίσησθε
3011 4236 3105 4305 τὴν
3139 4235 3392 4304 ἀμοιϐήν.
3421 4229 3568 4302 [448]
3611 4230 3736 4282 Ἐὰν

2076 4329 2182 4402 γὰρ
2205 4331 2289 4402 ἴδῃ
2317 4331 2345 4381 ὁ
2374 4328 2481 4380 τῶν
2503 4327 2637 4380 ὅλων
2665 4325 2941 4394 Δεσπότης
2967 4323 3063 4394 τῆς
3097 4321 3270 4390 ψυχῆς
3294 4320 3448 4389 ὑμῶν
3472 4319 3569 4387 τὴν
3599 4334 3737 4386 προ-

2077 4419 2306 4488 θυμίαν,
2351 4416 2443 4469 καὶ
2486 4416 2616 4486 ἡμῖν
2645 4411 3035 4481 δαψιλεστέραν
3073 4408 3297 4478 παρέξει
3340 4406 3437 4476 τὴν
3477 4405 3739 4475 χορηγίαν

2077 4506 2164 4559 διὰ
2188 4503 2286 4575 τὴν
2310 4503 2596 4574 οἰκοδομὴν
2619 4501 2714 4572 τὴν
2737 4499 3028 4570 ὑμετέραν,
3062 4498 3154 4550 καὶ
3171 4497 3300 4566 ὑμῖν
3333 4494 3550 4545 πλείονα
3571 4492 3743 4561 δωρὴ-

2079 4611 2228 4647 σεται
2258 4591 2355 4663 τὴν
2387 4590 2600 4642 σύνεσιν
2634 4601 2681 4652 ο,
2709 4588 2850 4640 ὥστε
2893 4583 3128 4638 συνιέναι
3161 4583 3227 4635 τά
3256 4581 3540 4650 λεγόμενα.
3575 4577 3741 4646 Δαψι-

2077 4681 2171 4752 λὴς
2190 4680 2298 4752 γὰρ
2325 4682 2358 4749 ἡ
2388 4678 2482 4730 τοῦ
2533 4675 2846 4746 Πνεύματος
2880 4673 3061 4742 χάρις,
3091 4671 3182 4722 καὶ
3221 4671 3300 4732 εἰς
3331 4670 3534 4729 πάντας
3564 4669 3746 4734 ἐκχεο-

2081 4768 2214 4838 μένη
2237 4767 2424 4819 οὑδένα
2451 4763 2715 4836 μερισμὸν
2743 4760 3027 4831 ὑπομένει,
3054 4757 3190 4812 ἀλλά
3210 4761 3273 4828 τῇ
3297 4758 3521 4826 διανομῇ
3544 4753 3742 4824 μᾶλλον

2079 4856 2318 4922 αὔξεται,
2353 4856 2444 4907 καὶ
2473 4856 2581 4923 ὅσῳ
2605 4851 2669 4904 ἂν
2698 4849 2911 4911 πλείους
2937 4843 3070 4900 ὦσιν
3092 4848 3140 4900 οἱ
3170 4847 3371 4916 ταύτης
3403 4844 3739 4913 μετέχοντες,

2076 4942 2316 5012 τοσούτῳ
2348 4942 2441 4994 καὶ
2469 4941 2538 4992 τὰ
2560 4941 2656 5009 τῆς
2686 4938 2905 5008 χάριτος
2938 4936 3030 4988 ἐπὶ
3062 4934 3219 4986 πλέον
3258 4933 3576 4984 ἐκτείνεται.
3607 4929 3745 5000 Φέρε

2078 5024 2191 5092 οὖν,
2218 5031 2264 5081 εἰ
2293 5028 2455 5090 δοκεῖ,
2489 5027 2581 5078 καὶ
2635 5027 2872 5094 σήμερον
2901 5023 2999 5092 τῆς
3045 5019 3362 5080 ἀκολουθίας
3411 5016 3519 5069 τῶν
3550 5015 3742 5086 πρώην

2078 5119 2210 5186 ἡμῖν
2240 5115 2543 5185 εἰρημένων
2573 5109 2980 5180 ἐπιλαϐώμεθα,
3013 5109 3107 5161 καὶ
3140 5106 3334 5176 ίδωμεν
3365 5106 3498 5157 ὅπου
3531 5104 3622 5156 16v
3653 5103 3745 5155 λό-

2080 5221 2175 5273 γον
2217 5201 2620 5270 κατελύσαμεν,
2659 5200 2753 5252 καὶ
2791 5198 2910 5250 ὅθεν
2944 5197 3105 5250 αὑτὸν
3158 5193 3448 5247 ἀναλαϐεῖν
3505 5193 3744 5262 σήμερον

2083 5292 2356 5362 προσῆκε..
2412 5289 2523 5341 Ποῦ
2552 5284 2644 5340 οὖν
2686 5287 2776 5340 16v
2821 5286 2978 5352 λόγον
3007 5282 3196 5354 πρώην
3250 5280 3744 5352 προσορμίσαντες,

2081 5379 2222 5432 οὕτω
2243 5379 2343 5448 τῆς
2371 5374 2716 5438 διδασκαλίας
2735 5373 2762 5412 ά
2793 5369 3180 5440 ἐπαυσάμεθα;
3216 5368 3296 5421 Τά
3334 5367 3476 5420 κατὰ
3499 5366 3589 5419 τὸν
3617 5365 3739 5418 Λὼτ

2145 5535 2170 5563 ³
2196 5535 2319 5581 Tres
2340 5545 2452 5580 mss.
2477 5531 2824 5594 cptlavﬁpwtia;
2842 5526 3140 5594 ἐνηχούμενοι

2145 5596 2186 5662 ξι,
2199 5595 2344 5662 ξυνῇ,
2361 5604 2416 5662 ει
2433 5583 2651 5662 qliinqugé
2670 5605 2786 5640 mss.
2806 5583 3135 5662 ἐπιφερόμενος
3159 5586 3284 5633 οὕτω
3305 5583 3610 5662 περίϐλεπτόξ
3620 5583 3742 5642 ἐστι,

2087 5659 2245 5718 πολλῷ
2267 5644 2463 5717 μᾶλλονί
2485 5644 2657 5718 Μοῦβι.
2685 5659 2740 5702 ει
2780 5651 2863 5700 alii
2887 5644 3213 5711 έπὶφέρὸμενος
3243 5644 3379 5710 παρᾶ
3396 5650 3541 5692 πᾶσιν
3574 5644 3744 5691 ἐναπο-

2089 5721 2290 5781 δέχεται,
2309 5718 2470 5777 πολλῷ
2494 5717 2686 5781 μάλλον.

2153 5770 2174 5810 ‘3
2202 5770 2298 5826 Se):
2324 5770 2651 5825 mssi-ﬁlaiova
2671 5773 2854 5835 παρέξει
2873 5773 2961 5835 τὴν
2978 5770 3179 5835 σύνεσιν.

2154 5840 2180 5878 d
2202 5839 2351 5887 Savil.
2374 5845 2424 5886 et
2452 5846 2562 5886 octo
2581 5850 2694 5884 mss.
2723 5826 2885 5895 πρῴην
2899 5826 3170 5885 τελέσαντες
3191 5837 3274 5888 τῆς
3295 5827 3618 5895 διδασκαλίαςἐ
3640 5826 3744 5895 M9-

2097 5903 2190 5948 rel.
2219 5902 2380 5969 πρῴην
2401 5887 2815 5970 προσορμίσαντές,
2845 5887 2969 5970 οὕτω
2991 5887 3427 5970 τῆσδιδασκαλίας.
3453 5889 3564 5937 Mox
3589 5887 3736 5938 Savﬂ.

407 5968 476 6019 α’.
495 5961 556 6014 Ἠ
578 5960 713 6013 κατά
738 5959 834 6031 τὴν
855 5961 1176 6032 Σαμαρεῖτιν
1202 5960 1449 6022 ὑπόθεσις
1476 5959 1669 6022 ἱκανῶς
1701 5960 1843 6029 ἡμᾶς
1865 5956 1989 6029 χθὲς
2101 5970 2150 6011 ει
2172 5953 2388 6023 ηυὶἰιηιιε
2410 5953 2521 6008 ιήδδ.
2548 5953 2836 6020 ἐμπρησμὸν,
2864 5957 2998 6018 μέχρι
3022 5956 3190 6004 τούτου
3213 5955 3291 6001 τὸν
3320 5953 3472 6015 λόγον.
