4084 6356
299 398 403 455 ωδ

296 524 488 581 pturaz,
517 525 635 581 qua:
663 509 1028 566 indin‘erenter
1043 511 1119 566 sic
1142 526 1281 580 saepe
1304 512 1451 581 ponit
1471 512 1630 569 verba
1652 530 1664 566 :
1686 512 1736 567 id
1758 514 1897 582 quod

293 613 349 657 et
376 616 520 656 nunc
544 601 728 657 videre
754 601 895 655 licet.
934 600 1077 655 Pluit
1103 603 1263 667 enim,
1293 603 1482 672 inquit,
1511 603 1760 657 Dominus
1788 602 1901 656 sul-

295 696 429 764 phur
472 702 518 747 et
546 693 713 764 ignem
754 710 787 745 a
816 692 1035 747 Domino
1063 694 1124 747 de
1147 693 1272 747 creto
1295 710 1313 747 :
1342 703 1397 747 ut
1423 694 1583 759 dicat,
1616 694 1901 749 Dominum

297 802 514 858 poenam
538 787 810 842 induxisse
834 804 848 839 :
878 795 933 841 et
963 802 1069 841 non
1090 790 1260 841 solum
1285 788 1529 842 civitates
1549 787 1898 853 subvertisse,

294 895 626 950 omnemque
663 879 806 934 circa
846 881 1143 949 regionem,
1177 891 1229 934 et
1270 895 1459 935 omnes
1503 879 1897 945 inhabitantes,

295 973 395 1029 sed
425 975 584 1029 etiam
615 990 732 1042 quae
755 974 1133 1029 exoriebantur
1156 974 1223 1028 de
1250 984 1389 1029 terra
1416 973 1737 1029 abolevisse.
1767 973 1903 1041 Quia

296 1066 444 1122 enim
468 1067 732 1127 homines,
760 1067 851 1137 qui
872 1082 992 1121 eam
1024 1066 1408 1130 inhabitabant,
1438 1067 1632 1121 multos
1660 1066 1904 1136 impieta-

302 1160 371 1212 tis
418 1160 621 1212 fructus
674 1159 1045 1228 protulerunt:
1096 1158 1315 1223 idcirco,
1366 1157 1555 1228 inquit,
1588 1166 1644 1213 et
1686 1157 1903 1213 inutiles

303 1250 511 1305 fructus
557 1259 714 1304 terrae
744 1249 899 1313 facio,
935 1260 991 1304 ut
1031 1259 1084 1303 et
1111 1250 1215 1305 illis
1244 1250 1454 1304 abolitis
1485 1260 1795 1320 perpetuum
1835 1249 1901 1305 sit

302 1343 693 1396 monimentum
723 1342 1072 1410 sequentibus
1101 1342 1533 1412 generationibus
1562 1360 1575 1396 :
1622 1351 1765 1396 terra
1811 1356 1904 1410 per

305 1451 461 1489 suam
486 1435 819 1489 sterilitatem
846 1450 1030 1488 onmes
1057 1434 1305 1498 docente,
1334 1444 1531 1504 quanta
1561 1434 1721 1489 fuerit
1747 1433 1896 1489 inha—

307 1528 593 1582 bitantium
639 1528 860 1581 malitia.
897 1527 1082 1582 Vidisti
1125 1536 1319 1597 quanta
1359 1543 1447 1581 res
1492 1527 1562 1581 sit
1608 1527 1809 1593 virtus,
1850 1534 1906 1582 et

306 1626 505 1688 quanta
536 1633 624 1673 res
653 1619 849 1673 malitia
878 1636 891 1674 :
937 1626 992 1673 et
1024 1619 1291 1688 quomodo
1315 1618 1493 1689 justus
1529 1627 1769 1673 servatus
1794 1618 1903 1686 sit,

308 1713 398 1765 alii
424 1721 601 1765 autem
629 1711 841 1782 dignam
872 1727 964 1767 sua
994 1712 1191 1765 malitia
1218 1726 1435 1781 pmnam
1474 1710 1812 1781 receperint?
1840 1710 1909 1764 Et

310 1804 645 1872 sicutjttstns
674 1819 768 1872 per
787 1818 937 1856 suam
968 1803 1216 1857 virtutem
1246 1811 1301 1857 et
1322 1801 1457 1857 filias
1485 1802 1708 1857 salvavit
1748 1811 1801 1857 et
1832 1802 1910 1856 ci-

313 1896 489 1949 vitatis
531 1895 677 1949 illius
707 1895 1112 1949 subversionem
1142 1894 1449 1962 prohibuit:
1483 1894 1553 1948 ita
1594 1904 1649 1949 et
1678 1894 1750 1948 illi
1780 1908 1906 1964 pro-

313 2002 430 2057 pter
470 1989 736 2058 ingentem
769 2003 917 2041 suam
949 1987 1204 2040 malitiam
1236 2001 1341 2040 non
1383 1987 1558 2041 solum
1592 1985 1692 2056 ipsi
1732 1985 1906 2055 perie-

312 2092 439 2136 runt
468 2092 522 2136 et
544 2081 705 2136 dt-leti
734 2091 877 2147 sunt,
923 2079 1016 2135 sed
1042 2089 1095 2135 et.
1119 2081 1410 2135 effecerunt
1441 2088 1635 2134 terram
1666 2078 1906 2134 inutilem

312 2176 365 2229 in
391 2175 643 2228 futurum.
671 2174 759 2228 26.
788 2173 852 2226 Et
877 2174 1114 2241 respexit,
1146 2174 1333 2242 inqttit,
1375 2189 1506 2227 uxor
1526 2174 1635 2243 ejus
1672 2181 1784 2242 post
1808 2182 1910 2225 ter—-

311 2284 453 2336 gum,
483 2276 532 2319 et
558 2269 693 2337 facta
718 2276 789 2318 est
817 2265 1052 2319 columna
1073 2265 1217 2319 satis.
1250 2263 1379 2318 Nam
1408 2264 1661 2333 quoniam
1700 2262 1909 2318 audivit

312 2359 535 2429 angelos
560 2359 931 2428 praecipientes
950 2357 1118 2427 justo,
1151 2366 1207 2412 ut
1233 2374 1299 2412 ne
1324 2373 1384 2413 se
1413 2364 1790 2414 converterent
1817 2372 1908 2411 re-

314 2459 567 2513 trorsum,
593 2450 687 2504 sed
714 2466 836 2505 cum
857 2465 1045 2519 magna
1075 2448 1414 2504 festinatione
1442 2449 1757 2504 secederent
1781 2467 1792 2502 :
1817 2464 1912 2503 ne-

313 2541 472 2610 glexit
504 2542 683 2604 verba,
711 2552 763 2595 et
804 2552 1125 2611 praeceptum
1155 2557 1259 2596 non
1292 2542 1598 2609 custodivit,
1628 2549 1909 2612 propterea

314 2650 428 2687 sua":
456 2635 788 2704 negligentiae
817 2633 961 2688 dedit
994 2650 1226 2701 poenam.

388 2727 440 2780 7.
480 2726 693 2780 Moralis
744 2728 1141 2782 exhortatio.-—
1168 2727 1429 2783 Carterum
1487 2742 1583 2781 nos
1633 2728 1910 2783 audientes

317 2822 424 2884 illa,
461 2831 657 2875 nostrae
678 2821 867 2874 salutis
895 2836 1076 2873 curam
1104 2819 1491 2889 diligentiorem
1518 2819 1825 2883 habeamus,
1858 2828 1912 2874 et

316 2913 443 2964 vitia
482 2911 567 2965 illa
596 2926 663 2965 ne
686 2911 952 2965 imitemur
978 2925 1279 2966 caveamus.
1324 2910 1742 2979 lmitemurjusti
1767 2911 1907 2965 illius

316 3001 731 3071 hospitalitatem
760 3008 818 3056 et
837 3002 967 3056 alias
998 3003 1240 3068 virtutes,
1265 3011 1321 3055 ut
1346 3002 1614 3070 possimus
1642 3010 1697 3055 et
1724 3017 1913 3069 super-

318 3106 439 3143 nam
467 3090 600 3144 iram
627 3090 920 3159 depellere.
943 3089 1126 3160 Neque
1149 3090 1290 3145 enim
1318 3088 1574 3159 possibile
1602 3097 1703 3152 est,
1738 3098 1797 3143 ut
1821 3088 1912 3159 qui

316 3185 565 3238 virtutem
599 3183 737 3237 hanc
776 3198 969 3255 magno
998 3184 1188 3237 'Studio
1216 3191 1483 3247 exerceat,
1514 3198 1618 3236 non
1648 3188 1907 3252 grandem

316 3274 442 3329 inde
480 3282 716 3344 reportet
754 3274 1081 3329 thesaurum.
1116 3273 1324 3328 Etenim
1349 3272 1476 3343 justi
1519 3272 1591 3327 illi
1627 3274 1704 3328 sic
1727 3287 1913 3342 super-

321 3382 444 3419 nam
474 3367 703 3436 gratiam
739 3366 1051 3436 consequuti
1093 3374 1236 3427 sunt,
1264 3373 1373 3420 tam
1400 3364 1721 3435 patriarcha,
1751 3380 1911 3435 quam

320 3459 440 3524 Lot,
470 3469 523 3513 et
548 3459 637 3528 qui
667 3458 912 3513 homines
947 3458 1216 3527 suscipere
1242 3473 1301 3513 se
1329 3464 1668 3528 putaverunt,
1694 3474 1912 3513 merue-

319 3559 443 3603 runt
470 3549 743 3618 suscipere
768 3551 1007 3619 angelos,
1050 3558 1103 3603 et
1133 3549 1442 3618 angelorum
1476 3548 1777 3603 Dominum.
1807 3548 1916 3603 No-

321 3641 402 3695 bis
442 3655 653 3709 quoque
691 3648 746 3693 et
785 3654 947 3705 nunc,
989 3638 1032 3692 si
1070 3638 1417 3703 voluerimus,
1457 3639 1729 3708 suscipere
1769 3640 1911 3694 licet.

321 3730 441 3799 Ipse
469 3731 609 3784 enim
636 3742 717 3785 est
758 3730 847 3800 qui
871 3729 1003 3783 dixit
1036 3746 1051 3784 :
1088 3729 1188 3796 Qui
1217 3729 1425 3799 suscipit
1456 3746 1563 3795 vos,
1600 3747 1680 3784 me
1703 3731 1914 3802 suscipit

322 3822 535 3895 (Matth.
568 3824 656 3878 I0.
698 3823 813 3893 40).
847 3823 935 3878 Sic
963 3823 1122 3893 igitur
1162 3822 1401 3891 hospites
1446 3823 1828 3893 suscipiamus,
1860 3832 1915 3878 et

320 3932 425 3969 non
456 3916 519 3970 ad
543 3924 817 3970 externam
849 3915 1103 3968 vilitatem
1136 3915 1502 3983 respiciamus.
1532 3914 1841 3981 Enimvero,
1865 3914 1915 3970 si

321 4009 412 4063 tali
454 4018 632 4063 mente
678 4007 1089 4076 hospitalitatem
1137 4008 1295 4061 etiam
1341 4020 1436 4060 nos
1476 4007 1906 4072 exercuerimus,

320 4100 466 4170 digni
493 4101 693 4155 erimus
719 4108 774 4153 et
799 4114 895 4153 nos
920 4099 1009 4168 qui
1034 4097 1165 4152 tales
1190 4098 1425 4167 hospites
1445 4098 1795 4166 excipiamus,
1821 4098 1912 4167 qui

322 4192 569 4247 videntur
597 4191 811 4261 quidem
839 4192 959 4257 viri,
991 4190 1299 4260 angelorum
1331 4198 1510 4244 autem
1538 4189 1757 4244 virtutes
1785 4204 1915 4259 ope—

322 4293 546 4339 rantur:
582 4293 784 4338 tantum
822 4298 887 4337 ne
913 4282 1107 4336 curiosi
1147 4281 1513 4349 exploratores
1541 4290 1596 4335 et
1634 4281 1913 4352 inquisito-

324 4393 411 4432 res
431 4378 620 4442 simus,
645 4385 703 4430 ut
727 4391 792 4430 ne
812 4374 1115 4429 thesaurum
1138 4373 1447 4444 perdamu~‘.
1473 4372 1912 4444 Quandoquidem

321 4480 373 4525 et
399 4470 585 4525 beatus
628 4468 823 4523 Paulus
852 4468 948 4521 hos
970 4467 1144 4537 justos
1184 4466 1502 4531 subindicat,
1539 4476 1593 4522 et
1620 4467 1776 4523 docet
1816 4482 1913 4523 nos

319 4560 589 4632 quomodo
615 4560 748 4614 tales
779 4560 1015 4628 hospites
1040 4560 1364 4629 exet-perint.
1397 4557 1795 4625 Hospitalitatis,
1830 4560 1911 4614 in-

319 4656 467 4726 quit,
503 4672 566 4709 ne
610 4654 971 4708 obliviscamini
1006 4668 1025 4706 :
1055 4664 1260 4723 prapter
1297 4652 1429 4705 lianc
1463 4654 1594 4705 enim
1639 4656 1912 4708 nescientes

323 4749 531 4818 quidam
559 4748 779 4818 hospitio
800 4757 1102 4816 exceperunt
1131 4747 1335 4817 angelos
1359 4745 1541 4815 (Hebr.
1572 4748 1655 4801 I5.
1691 4748 1768 4817 1).
1798 4747 1913 4803 Hoc

318 4842 461 4896 enim
508 4856 601 4895 eos
646 4838 976 4909 potissimum
1022 4837 1147 4893 fecit
1187 4838 1560 4905 admirabiles,
1605 4839 1746 4909 quod
1795 4854 1910 4906 eos,

318 4948 453 5004 quos
483 4947 589 4986 non
628 4940 907 4994 noverant,
951 4929 1244 4984 ministerio
1273 4945 1371 4984 suo
1412 4930 1810 4985 honoravcrint.
1844 4930 1914 4985 Et

319 5041 418 5080 nos
449 5025 608 5093 igitur
636 5039 757 5079 cum
798 5022 902 5078 fide
939 5037 1003 5077 ac
1041 5022 1239 5091 pietate
1279 5038 1391 5078 rem
1429 5024 1705 5089 obeamus,
1750 5032 1808 5076 ut
1836 5024 1913 5079 sic

319 5122 633 5174 thesaurum
675 5116 888 5188 assequi
928 5116 1194 5185 possimus
1231 5133 1244 5169 :
1276 5114 1418 5185 quod
1465 5116 1620 5169 nobis
1662 5115 1912 5169 omnibus

316 5211 662 5274 eottcedatur,
693 5210 861 5281 gratia
901 5218 953 5263 et
993 5207 1319 5277 benignitate
1358 5208 1565 5261 Domini
1591 5209 1756 5262 nostri
1785 5208 1913 5263 Jesu

318 5303 551 5366 Christi,
585 5302 672 5357 cui
707 5318 827 5358 cum
862 5301 1017 5355 Patre
1045 5308 1101 5355 et
1141 5305 1326 5354 sancto
1370 5298 1570 5368 Spiritu
1611 5299 1681 5355 sit
1718 5301 1908 5371 gloria,

321 5412 461 5452 nunc
486 5409 541 5452 et
565 5409 801 5465 semper,
824 5401 882 5448 et
909 5394 959 5447 in
985 5393 1177 5447 srecula
1204 5392 1543 5446 saeculorum.
1576 5395 1763 5448 Amen.

867 5483 1145 5539 IIOMILIA
1181 5481 1362 5539 XLIV.

323 5579 561 5632 Diluculo
606 5586 774 5631 autem
821 5576 950 5630 venit
987 5575 1246 5629 Abraham
1265 5574 1333 5626 ad
1381 5574 1544 5627 locum
1592 5576 1673 5629 ubi
1711 5585 1911 5630 steterat

676 5685 847 5722 coram
874 5666 1093 5722 Domino
1124 5665 1286 5737 (Gen.
1319 5666 1405 5719 19.
1430 5667 1554 5734 ‘27).

396 5762 444 5814 l.
481 5759 599 5815 Heri
624 5776 722 5815 nos
746 5767 1119 5830 argumentum
1140 5757 1207 5812 de
1228 5756 1451 5810 muliere
1471 5757 1799 5811 Samaritana
1828 5773 1911 5812 sa-

326 5852 393 5908 tis
432 5852 612 5908 docuit
639 5851 963 5908 inell‘abilem
990 5849 1198 5906 Domini
1225 5847 1703 5918 longanimitatem.
1735 5857 1788 5905 et
1816 5864 1908 5902 ex-

1325 397 1393 453 !N
1455 399 1609 469 CAP.
1650 398 1790 454 XIX.
1834 397 2077 454 GENES.
2121 399 2347 456 IlOilIL.
2391 402 2572 458 XLIV.

3483 410 3592 473 ‘06

2012 513 2293 571 cellentem
2338 533 2462 588 erga
2494 518 2637 573 illam
2666 519 3073 590 providentiam,
3115 532 3275 593 atque
3314 524 3451 580 illius
3474 541 3597 596 grta.

2009 613 2121 659 tum
2146 607 2402 662 animum.
2428 608 2650 665 Vidistis
2677 612 2964 681 quomodo,
2994 622 3052 667 ut
3070 629 3260 684 aquam
3287 617 3596 673 sensibilem

2009 696 2265 765 hauriret,
2293 698 2511 754 advenit
2537 699 2639 772 (a),
2662 711 2717 757 et
2742 717 2811 757 ex
2828 703 3091 774 Spirituali
3118 705 3263 761 fonte
3289 707 3467 761 divina
3494 709 3595 763 llu-

2009 793 2149 845 mina
2192 792 2387 859 hausit,
2415 808 2480 849 ac
2513 794 2732 850 domum
2761 795 2941 863 rediit,
2970 798 3197 868 implens
3231 800 3370 869 quod
3396 801 3600 858 dictum

2007 893 2090 937 est
2130 898 2159 936 a
2192 884 2416 938 Domino
2452 901 2467 938 :
2498 885 2642 953 Aqua
2662 926 2679 952 ,
2708 902 2861 956 quam
2900 904 2989 959 ego
3015 888 3166 956 dabo,
3190 892 3283 943 erit
3318 892 3370 944 in
3400 908 3456 944 eo
3485 897 3600 961 [ous

2008 992 2154 1048 aqua:
2179 976 2405 1032 salientis
2431 979 2485 1032 in
2511 978 2664 1032 vitam
2683 988 2925 1034 cateruam
2952 980 3127 1051 (Joan.
3153 982 3209 1037 4.
3240 983 3350 1054 14).
3378 983 3600 1054 lmpleta

2009 1070 2152 1124 enim
2179 1071 2289 1140 ipsa
2332 1072 2514 1126 divino
2542 1072 2633 1127 illo
2659 1081 2713 1129 et
2750 1073 3015 1144 spirituali
3041 1074 3210 1143 fonte,
3242 1093 3348 1130 non
3376 1078 3603 1133 detinuit

2008 1167 2145 1220 intra
2172 1180 2230 1221 se
2258 1164 2476 1221 ﬂumina
2519 1183 2533 1220 :
2576 1167 2671 1222 sed
2713 1169 3186 1238 superscaturiens,
3215 1179 3271 1224 ut
3300 1169 3371 1223 ita
3398 1170 3596 1235 dicam,

2007 1257 2193 1312 etl'udit
2229 1266 2282 1313 et
2325 1257 2377 1312 in
2408 1257 2733 1314 habitatores
2774 1259 3003 1314 civitatis
3044 1262 3285 1316 concessi
3329 1261 3430 1317 sibi
3470 1261 3597 1316 doni

2007 1349 2253 1419 gratiam,
2282 1357 2335 1405 et
2354 1350 2619 1419 praeconis
2647 1350 2881 1407 ofﬁcium
2910 1352 3017 1421 egit
3046 1352 3238 1407 mulier
3264 1352 3599 1407 Samaritana

2009 1453 2063 1498 et
2082 1443 2405 1515 alienigena.
2424 1443 2643 1499 Vidistis
2662 1453 2916 1515 quantum
2937 1445 3131 1499 bonum
3155 1446 3223 1500 sit
3241 1445 3402 1500 animi
3425 1455 3604 1515 gratus

2010 1538 2269 1603 affectus;
2300 1538 2505 1595 vidistis
2532 1538 2743 1593 Domini
2764 1538 3165 1609 benignitatem,
3189 1538 3457 1608 quomodo
3482 1537 3605 1591 nul-

2012 1631 2123 1687 lum
2162 1638 2491 1696 contemnat,
2522 1630 2616 1686 sed
2655 1631 2818 1686 etiam
2850 1630 2902 1685 in
2932 1630 3174 1695 muliere,
3202 1629 3362 1684 etiam
3392 1630 3444 1683 in
3477 1643 3606 1697 pau-

2013 1730 2234 1792 pertate,
2283 1731 2338 1778 et
2374 1723 2695 1794 ubicumque
2742 1724 3003 1778 invenerit
3030 1723 3263 1778 animam
3288 1722 3498 1792 vigilem
3542 1735 3607 1775 ac

2012 1814 2293 1881 fervidam,
2339 1816 2519 1871 statim
2561 1817 2784 1887 gratiam
2828 1830 2977 1871 suam
3005 1816 3078 1869 illi
3123 1816 3397 1886 largiatur.
3428 1815 3607 1869 Imite-

2013 1921 2133 1960 mur
2158 1906 2338 1976 igitur,
2367 1906 2621 1973 obsecro,
2664 1916 2717 1961 et
2747 1921 2845 1961 nos
2871 1907 3010 1962 hanc
3048 1907 3346 1973 mulierem,
3376 1922 3607 1975 cumque

2013 2012 2203 2068 magna
2246 1998 2540 2054 attentione
2585 1998 2914 2068 accipiamus
2967 1997 3266 2053 doctrinam
3316 2013 3346 2051 a
3404 1997 3604 2067 Spiritu

2015 2089 2326 2159 profectam.
2351 2087 2536 2162 Neque
2559 2091 2700 2145 enim
2734 2100 2913 2145 nostra
2935 2101 3057 2145 sunt
3077 2107 3194 2159 quae
3219 2090 3487 2152 dicuntur,
3515 2106 3608 2143 ne-

2013 2197 2118 2252 que
2153 2198 2217 2237 ex
2250 2184 2463 2253 propria
2492 2184 2667 2254 lingua
2712 2184 2976 2253 loquimur
3014 2199 3361 2255 quascumque
3401 2183 3602 2237 dixeri-

2015 2292 2160 2342 mus,
2204 2276 2298 2330 sed
2330 2275 2536 2331 Domini
2583 2276 2910 2347 benignitate
2951 2277 3209 2348 dirigente
3258 2286 3476 2346 propter
3518 2291 3609 2331 ve-

2015 2375 2181 2421 stram
2212 2366 2436 2422 salutem
2462 2376 2517 2422 et
2542 2366 2952 2423 aedificationem
2982 2367 3236 2421 Ecclesia:
3262 2367 3371 2422 Dei.
3405 2367 3483 2421 Ne
3514 2368 3609 2436 igi-

2017 2465 2104 2511 tur
2137 2456 2202 2511 ad
2230 2472 2316 2511 me
2342 2456 2629 2521 dicentem,
2655 2459 2961 2523 carissime,
2996 2472 3168 2527 neque
3197 2457 3263 2511 ad
3297 2459 3608 2512 tenuitatem

2015 2565 2187 2604 meam
2218 2550 2472 2620 respicias
2511 2569 2524 2606 :
2569 2550 2661 2605 sed
2706 2552 2958 2621 quoniam
2984 2566 3045 2606 ea
3072 2567 3189 2619 quae
3232 2550 3439 2604 Domini
3484 2560 3610 2604 sunt

2014 2641 2198 2709 affero,
2231 2642 2298 2696 ad
2318 2658 2439 2696 eum
2465 2642 2554 2710 qui
2575 2658 2662 2697 me
2684 2642 2829 2696 misit
2854 2650 3055 2696 attenta
3085 2653 3264 2696 mente
3292 2655 3606 2706 conversus,

2016 2734 2160 2805 vigili
2204 2734 2382 2788 animo
2411 2749 2533 2804 qua:
2559 2734 2807 2788 dicuntur
2833 2735 3039 2804 accipe.
3076 2734 3518 2803 Quandoquidem
3558 2744 3613 2790 et

2018 2828 2071 2882 in
2127 2827 2374 2881 humanis
2424 2828 2671 2898 negotiis,
2713 2826 2926 2896 quando
2975 2826 3265 2895 Imperator
3308 2826 3612 2882 diademate

2016 2928 2306 2974 coronatus
2330 2918 2513 2973 literas
2536 2918 2716 2984 mittit,
2749 2926 2875 2973 tunc
2904 2918 2969 2986 is,
2997 2916 3087 2987 qui
3113 2933 3205 2971 eas
3229 2917 3405 2983 atfert,
3432 2933 3528 2989 per
3551 2933 3612 2973 se

2017 3010 2213 3065 nullius
2243 3010 2497 3065 momenti
2530 3018 2631 3073 est,
2662 3008 2756 3064 sed
2782 3009 2863 3062 vir
2892 3028 2921 3062 e
2949 3011 3129 3076 trivio,
3157 3010 3247 3079 qui
3272 3024 3415 3079 serpe
3440 3025 3614 3080 neque

2020 3102 2387 3173 progenitores
2408 3118 2692 3157 numerare
2722 3102 2906 3170 possit,
2933 3102 3211 3165 obscurus,
3246 3110 3300 3156 et
3328 3117 3392 3157 ex
3420 3102 3612 3157 obscu-

2018 3197 2129 3249 ris:
2164 3196 2254 3250 sed
2282 3209 2387 3249 non
2427 3194 2492 3248 ad
2522 3194 2669 3248 illum
2701 3204 2944 3263 spectant
2972 3195 3061 3263 qui
3107 3196 3285 3249 literas
3313 3195 3613 3263 suscepturi

2018 3296 2166 3353 sunt,
2193 3286 2285 3342 sed
2311 3294 2528 3357 propter
2558 3286 2927 3355 imperatorias
2955 3283 3134 3338 literas
3156 3284 3227 3337 illi
3248 3299 3456 3353 quoque
3478 3284 3614 3338 mul-

2018 3387 2130 3433 tum
2176 3378 2432 3433 exhibent
2472 3377 2712 3440 honoris,
2761 3391 2823 3430 ac
2850 3376 3033 3429 literas
3078 3391 3266 3443 magna
3297 3391 3421 3430 cum
3459 3390 3645 3431 reve-o

2020 3470 2188 3525 rentia
2231 3479 2285 3524 et
2318 3468 2533 3525 silentio
2578 3466 2863 3537 recipiunt.
2908 3466 2965 3521 Si
2998 3466 3156 3536 igitur
3186 3466 3229 3520 is
3267 3466 3355 3536 qui
3386 3466 3615 3522 hominis

2019 3561 2223 3623 literas,
2265 3567 2318 3614 et
2357 3558 2595 3613 chartam
2629 3565 2833 3611 tantum
2863 3555 3038 3621 affert,
3079 3557 3158 3611 sic
3186 3557 3432 3611 omnihus
3457 3571 3617 3612 acce-

2019 3663 2139 3723 ptus
2158 3660 2241 3707 est
2267 3653 2342 3723 (b)
2377 3668 2390 3705 :
2413 3652 2581 3705 multo
2610 3651 2778 3721 magis
2802 3664 2896 3704 vos
2918 3650 3414 3719 conveniteloquia,
3446 3665 3564 3719 qua?
3584 3665 3617 3706 a

2017 3745 2217 3815 Spiritu
2267 3743 2421 3799 vobis
2450 3757 2545 3813 per
2594 3756 2693 3796 nos
2734 3742 3037 3807 mittuntur,
3087 3756 3276 3811 magna
3321 3741 3617 3796 attentione

2018 3837 2309 3906 suscipere,
2342 3842 2403 3889 ut
2450 3848 2694 3904 magnam
2737 3833 2872 3903 grati
2902 3834 3064 3887 animi
3106 3833 3374 3901 recipiatis
3413 3846 3621 3889 nterce-

2018 3930 2161 3984 dem.
2190 3929 2321 3983 Nam
2342 3928 2387 3984 si
2418 3927 2613 3982 viderit
2632 3927 2887 3981 Dominus
2915 3929 3285 3981 universorum
3313 3927 3613 3981 animarum

2018 4028 2318 4077 vestrarum
2367 4019 2697 4073 alacritatem
2724 4059 2738 4082 ,
2781 4027 2834 4071 et
2864 4017 3020 4071 nobis
3066 4016 3325 4085 largiores
3368 4025 3615 4085 sumptus

2020 4122 2240 4185 pr0pter
2260 4119 2493 4168 vestram
2522 4109 2929 4165 mdificationem
2974 4108 3354 4178 suppeditabit,
3387 4118 3441 4163 et
3465 4108 3618 4163 vobis

2018 4206 2276 4277 majorem
2320 4203 2574 4274 praebebit
2625 4203 2971 4269 intellectum,
3006 4211 3064 4256 ut
3103 4218 3165 4257 ea
3202 4218 3321 4271 qua:
3363 4202 3615 4257 dicuntur

2019 4301 2320 4371 intelligere
2344 4298 2583 4354 valeatis.
2613 4296 2870 4352 Liberalis
2894 4297 3037 4349 enim
3064 4305 3147 4350 est
3173 4296 3403 4365 Spiritus
3424 4298 3614 4367 gratia,
3654 4350 3665 4365 ,

2019 4405 2073 4450 et
2098 4409 2156 4449 se
2175 4370 2229 4446 in
2256 4404 2444 4446 omnes
2468 4388 2771 4450 effundens,
2802 4388 3001 4441 nullam
3023 4386 3340 4443 divisionem
3366 4388 3614 4452 sustinet,
3649 4370 3657 4381 ’

2020 4485 2117 4541 sed
2146 4499 2267 4539 cum
2292 4480 2648 4543 distribuitur,
2683 4478 2849 4548 magis
2878 4477 3092 4545 crescit,
3122 4486 3176 4531 et
3204 4487 3404 4547 quanto
3435 4468 3618 4548 plures

2019 4585 2143 4631 sunt
2167 4576 2282 4645 ejus
2313 4573 2614 4644 participes,
2645 4578 2792 4625 tanto
2820 4581 2872 4624 et
2893 4570 3208 4625 beneficium
3234 4570 3402 4641 magis
3428 4580 3618 4626 exten-

2018 4667 2182 4722 ditur.
2216 4667 2326 4735 Age
2350 4663 2509 4735 igitur
2528 4663 2573 4718 si
2602 4662 2830 4727 videtur,
2859 4669 2916 4717 et
2935 4660 3094 4716 hodie
3113 4661 3178 4715 ad
3206 4662 3399 4716 seriem
3426 4677 3611 4717 eorum

2018 4777 2139 4832 quas
2190 4758 2339 4829 prius
2386 4756 2527 4812 dicta
2572 4762 2696 4810 sunt.
2744 4754 3045 4819 veniamus,
3092 4768 3157 4808 ac
3201 4753 3476 4808 videamus
3525 4753 3618 4808 ubi

2018 4867 2196 4910 sermo
2221 4850 2458 4917 desierit,
2486 4857 2540 4904 et
2568 4847 2710 4903 unde
2729 4862 2852 4902 eum
2882 4854 3127 4917 repetere
3155 4844 3315 4901 hodie
3341 4855 3611 4916 oporteat.

2083 4993 2156 5054 (α)
2190 4998 2257 5038 De
2278 5000 2373 5051 qua
2394 4986 2474 5054 hic
2498 4984 2698 5034 ttomllia
2721 4994 3002 5033 sermonem
3034 4980 3231 5038 habeat,
3257 4978 3471 5028 nondum
3494 4980 3613 5029 satis

2017 5049 2332 5118 perspectth
2353 5049 2496 5098 nobis
2525 5055 2618 5097 est.
2741 5108 2771 5118 __
2858 5106 2887 5118 υ
2992 5117 2999 5118 7
3058 5104 3086 5118 ί,

2084 5069 2134 5103 I‘S
2169 5068 2332 5102 eClllIIl
2354 5068 2496 5098 ιιυυιδ
2525 5068 2618 5097 εδι.

2084 5068 2166 5179 (bi)
2192 5120 2499 5179 Quantagcum
2521 5108 2803 5179 reverentia
2827 5106 2942 5179 oli_m_
2980 5104 3334 5179 exciperentur:
3351 5102 3613 5179 imperato-

2018 5162 2302 5233 rizéiliterae,
2344 5173 2513 5222 videre
2552 5177 2630 5219 est
2650 5169 2777 5233 apud
2800 5169 3064 5233 scriptores
3087 5162 3188 5213 ium
3235 5162 3613 5233 ecclesiasticos,

2018 5223 2408 5304 ἱίίιὶιζὶίᾰνὶφέιίοε-
2434 5240 2606 5304 meum
2629 5223 2871 5304 ίηέίεηεεη
2894 5223 3130 5304 his???
3152 5225 3428 5304 aest
3452 5223 3612 5304 tis-.3.

2015 5286 2148 5352 ἐῖέι
2173 5286 2201 5348 ἶ
2215 5300 2297 5348 ubi
2331 5303 2551 5345 narratur
2586 5306 2697 5343 cum
2722 5286 2778 5342 in
2815 5291 3119 5352 depositione
3154 5286 3399 5352 Eustathii,
3447 5287 3604 5348 episc.

2019 5316 2059 5352 c.
2087 5306 2184 5350 EH:
2215 5306 2297 5348 ubi
2331 5306 2551 5345 narratur
2586 5306 2697 5343 cum
2729 5306 2778 5342 tu
2815 5306 2878 5341 (te
2944 5306 3119 5339 Sluone
3155 5306 3399 5343 Lusum",
3447 5306 3604 5348 episc.

2019 5362 2296 5419 Antiochiae,
2321 5366 2420 5408 tota
2451 5369 2583 5419 pene
2612 5356 2781 5421 civitas
2804 5306 3047 5421 sediiione
3070 5350 3431 5421 conflagrasset,
3459 5355 3612 5421 atque

2018 5411 2249 5487 utrinque
2266 5411 2476 5487 armatis
2517 5418 2759 5487 stantibus
2802 5415 3061 5487 factionum
3097 5411 3331 5487 partibus,

2018 5470 2199 5535 niiliies
2220 5470 2561 5547 adiunxerant,
2580 5481 2678 5542 jam
2701 5490 2854 5547 prOpe
2879 5476 3051 5547 fuisset
3069 5470 3204 5547 ιιξρᾱ
3222 5478 3364 5547 atrox
3386 5470 3608 5547 praelium

2018 5532 2295 5604 veniretur:
2315 5532 2727 5606 supervenientes
2747 5532 3080 5601 imperatorias
3093 5534 3280 5606 literas
3292 5532 3522 5606 populum
3547 5534 3610 5581 ti-

2019 5623 2156 5659 more
2176 5598 2476 5670 implevisse,
2504 5611 2557 5653 et
2573 5603 2797 5670 factiosos
2815 5598 3442 5670 'compescuisse..vid‘i_mus
3464 5606 3611 5670 supra

2017 5657 2163 5721 Tot—no
2186 5657 2519 5731 llt'epistola'm
2540 5664 2732 5731 Honorii
2770 5657 2968 5731 sacrarii
2988 5658 3222 5731 amrellari
3257 5671 3270 5706 :
3296 5657 3610 5731 diximusque

2018 5720 2193 5794 passim
2210 5720 2542 5794 imperatorias
2560 5724 2789 5789 epistolas
2806 5724 2895 5794 hac
2918 5735 3013 5770 una
3024 5720 3153 5794 voce
3176 5727 3324 5794 sacra
3336 5720 3612 5794 appellatas

2017 5785 2187 5851 I'uisse,
2220 5785 2347 5855 quod
2370 5789 2527 5855 solum
2558 5785 2734 5841 nomen
2766 5786 2825 5836 ad
2859 5785 3188 5836 reverentiam
3231 5788 3381 5845 atque
3419 5792 3611 5837 metum

2014 5853 2252 5919 populan
2282 5853 2480 5907 vocabat
