4084 6356
406 369 510 433 407

398 481 640 549 Quonam
695 480 853 551 igitur
891 496 1057 552 nuper
1094 482 1414 552 appuiimus,
1445 499 1508 537 ac
1547 482 1772 538 docendi
1820 483 1979 537 finem

400 571 663 626 fecimus?
687 571 761 626 De
786 572 882 628 LOt
902 573 1051 628 vobis
1078 574 1445 644 narrabamus,
1468 584 1522 631 et
1546 575 1612 631 de
1631 576 1984 631 Sodomorum

399 662 665 729 incendio,
694 662 802 717 illic
826 679 855 717 a
881 679 1130 721 sermone
1158 665 1478 733 destitimus,
1503 668 1589 722 ubi
1614 668 1787 737 justus
1809 668 1860 722 in
1890 667 1988 723 Se-

400 768 498 824 gor
524 764 764 811 servatus
789 765 892 812 est.
926 757 1022 812 Sol
1058 760 1198 814 enim
1226 776 1454 830 egressus
1483 772 1556 815 est
1584 777 1735 832 super
1763 773 1987 827 terram;

399 855 446 899 et
475 845 571 901 Lat
590 848 792 902 intravit
817 850 870 903 in
893 849 1075 921 Segor,
1104 861 1159 905 et
1184 860 1309 906 tunc
1338 854 1411 906 ira
1437 869 1466 906 a
1499 853 1607 908 Deo
1630 853 1865 908 immissa
1887 854 1987 909 So-

399 937 627 996 domitas
652 940 1023 1011 apprehendit,
1048 954 1101 999 et
1120 953 1313 1000 terram
1341 946 1483 1000 illam
1505 947 1755 1014 abolevit,
1774 949 1987 1018 quando

395 1039 451 1086 et
482 1046 615 1086 uxor
636 1032 765 1102 justi
792 1048 975 1089 eorum
1006 1051 1124 1106 quae
1149 1037 1216 1091 ab
1241 1038 1444 1107 angelis
1482 1038 1620 1094 dicta
1652 1038 1861 1095 fuerant
1889 1041 1989 1095 im-

397 1138 624 1191 memor,
652 1128 909 1194 spectavit
936 1138 1245 1193 retrorsum,
1273 1137 1327 1184 et
1356 1128 1488 1185 facta
1518 1139 1599 1185 est
1627 1131 1873 1186 columna
1904 1147 1987 1186 sa-

398 1216 478 1281 lis,
540 1229 851 1288 perpetuum
915 1222 1296 1277 monimentum
1346 1225 1730 1293 posterioribus
1777 1226 1987 1281 smculis

395 1323 505 1363 suae
537 1312 868 1381 negligentiae
908 1314 1170 1383 praabens.
1200 1316 1389 1386 Operae
1430 1319 1656 1388 pretium
1703 1338 1843 1377 nunc
1870 1322 1985 1378 fue-

396 1399 465 1453 rit
507 1400 824 1457 intermissa:
852 1405 1008 1459 seriei
1050 1406 1313 1474 insistere,
1354 1418 1409 1463 ct
1456 1425 1617 1478 pauca
1665 1421 1858 1467 vestrae
1898 1430 1985 1469 ca-

397 1488 540 1542 ritati
572 1490 737 1561 loqui,
769 1503 827 1546 ut
852 1492 1043 1549 iterum
1072 1496 1292 1553 videatis
1320 1500 1593 1556 caritatem
1622 1512 1676 1557 et
1699 1505 1984 1561 commise-

398 1582 659 1637 ratiouctn
690 1587 1021 1655 patriarchae.
1053 1602 1105 1645 et
1134 1592 1227 1647 Dei
1268 1594 1318 1647 in
1361 1594 1507 1649 illum
1538 1597 1982 1655 benevolentiam.

399 1670 531 1726 Nam
566 1674 674 1742 ubi,
706 1688 827 1731 orto
852 1682 984 1746 sole,
1012 1681 1185 1749 justus
1211 1683 1313 1738 Lot
1340 1686 1392 1739 in
1424 1686 1593 1756 Segor
1617 1701 1856 1745 servatus
1880 1703 1983 1760 est,

401 1764 488 1832 qui
515 1774 690 1820 autem
718 1766 966 1824 Sodomis
992 1783 1164 1841 erant,
1192 1790 1400 1842 pinnam
1430 1779 1657 1843 luerunt,
1687 1783 1986 1851 patriarcha

398 1856 554 1911 simul
594 1867 649 1913 et
694 1860 903 1917 illorum
942 1863 1210 1921 interitum
1254 1869 1531 1933 miserans,
1574 1888 1730 1942 quem
1770 1884 1987 1945 propter

398 1962 553 2003 suum
584 1962 854 2019 peccatum
894 1959 1277 2026 sustinuerunt,
1314 1963 1457 2019 etde
1477 1965 1621 2033 justo
1647 1968 1800 2023 valde
1834 1969 1986 2024 solli-

398 2041 554 2108 citus,
584 2060 739 2101 mane
764 2049 986 2104 veniens
1016 2054 1287 2121 spectabat
1316 2073 1433 2125 qua!
1473 2058 1540 2112 ibi
1582 2058 1718 2115 facta
1750 2061 1979 2119 fuerant.

397 2133 485 2186 ‘27.
520 2134 758 2191 Diluculo
784 2150 951 2195 autem
973 2146 1123 2206 venit,
1150 2147 1337 2217 inquit,
1368 2149 1622 2204 Abraham
1649 2170 1793 2207 mane
1817 2158 1884 2208 ad
1906 2158 1983 2209 lo-

397 2242 530 2288 cum,
556 2229 639 2280 ubi
673 2240 878 2285 steterat
904 2250 1075 2289 coram
1110 2236 1240 2305 Deo,
1265 2239 1355 2296 28.
1383 2252 1428 2295 et
1458 2247 1675 2313 respexit
1709 2247 1761 2299 in
1803 2248 1985 2316 facient

402 2320 745 2377 Sodomorum
783 2338 833 2380 et
863 2326 1176 2397 Gomorrha',
1212 2344 1258 2387 et
1286 2335 1339 2387 in
1368 2336 1548 2405 facient
1587 2340 1986 2410 circunijacentis

398 2412 636 2481 regionis,
668 2426 714 2469 et
755 2418 895 2472 vidit.
930 2419 995 2473 Et
1019 2438 1133 2477 ecce
1169 2427 1468 2480 ascendebat
1495 2430 1706 2498 ﬂamma
1740 2432 1803 2485 dc
1827 2443 1981 2501 terra,

398 2503 544 2567 quasi
572 2507 742 2573 fumus
768 2510 973 2563 camini.
1007 2511 1063 2567 ln
1092 2529 1177 2579 eo,
1206 2515 1393 2585 inquit,
1428 2519 1566 2585 lot-o,
1599 2520 1649 2574 in
1680 2538 1785 2591 quo
1813 2524 1984 2579 collo-

399 2603 594 2685 quutus
618 2608 698 2652 est
718 2613 837 2654 cum
866 2602 1107 2669 Domino,
1139 2615 1192 2661 et
1215 2622 1312 2677 pro
1335 2609 1623 2667 Sodomitis
1648 2616 1871 2685 rogavit,
1907 2618 1985 2672 vi-

399 2684 561 2741 tlebat
591 2690 839 2746 terribilis
884 2695 1023 2751 illius
1061 2712 1233 2767 ptume
1260 2702 1496 2774 vestigia,
1538 2714 1592 2760 et
1625 2705 1692 2762 de
1720 2684 1868 2778 justo
1901 2711 1985 2765 di-

399 2794 549 2834 scere
587 2780 783 2852 aliquid
820 2786 1045 2842 volebat.
1074 2790 1122 2845 Is
1149 2793 1291 2848 enim
1322 2807 1627 2851 sanctorum
1658 2816 1773 2855 mos
1798 2811 1899 2867 est,
1932 2813 1989 2858 ut

401 2870 684 2936 plurimum
721 2875 909 2932 affectu
940 2895 1273 2951 moveantur,
1315 2895 1369 2941 et
1396 2891 1801 2960 compatiantur.
1836 2894 1901 2948 Et
1932 2906 1989 2949 ut

399 2959 588 3017 doceat
626 2980 722 3019 nos
762 2966 942 3023 divina
974 2971 1243 3044 Scriptura
1283 2959 1772 3052 Spiritusgratiam
1810 2988 1985 3041 statim

401 3054 499 3121 ipsi
531 3054 689 3126 hujus
728 3064 802 3114 rei
832 3064 1072 3118 notitiam
1110 3071 1461 3139 concessisse,
1508 3082 1564 3128 et
1595 3075 1798 3144 justum
1836 3094 1985 3147 cura,

397 3158 556 3212 quam
605 3162 702 3217 pro
744 3150 841 3205 Lot
882 3155 1119 3222 gerebat,
1167 3158 1455 3230 liberasse,
1490 3165 1698 3235 inquit:
1727 3166 1822 3225 29.
1861 3168 1988 3224 Cum

398 3247 673 3293 contereret
704 3241 949 3299 Dominus
980 3248 1203 3303 civitates
1231 3253 1449 3323 regionis
1488 3257 1648 3326 illius,
1692 3262 1988 3318 recordatus

399 3339 474 3382 at
509 3327 649 3386 Deus
679 3335 916 3403 Abrahae,
964 3350 1010 3393 et
1048 3342 1208 3396 emisit
1246 3343 1344 3398 Lot
1382 3364 1409 3401 e
1454 3351 1617 3404 media
1651 3352 1983 3409 subversione.

400 3423 539 3490 Quid
568 3434 669 3487 est,
697 3425 1008 3486 Recordatus
1029 3443 1102 3486 est
1131 3433 1269 3490 Deus
1300 3438 1558 3495 Abrahw?
1585 3442 1697 3498 Hoc
1723 3455 1823 3509 est.
1852 3456 1987 3517 peti-

401 3515 564 3571 tionis
601 3534 758 3587 quam
807 3522 949 3590 fecit,
1002 3525 1187 3583 dicens
1217 3546 1230 3582 :
1261 3527 1346 3583 Ne
1383 3533 1538 3587 simul
1578 3536 1763 3604 perdas
1790 3515 1990 3607 justum

401 3622 515 3661 cum:
560 3610 716 3680 impio
754 3612 907 3683 (Gen.
946 3617 1032 3672 18.
1062 3618 1178 3690 22).
1208 3619 1315 3676 Cur
1338 3622 1513 3693 igitur,
1560 3626 1753 3683 dixerit
1777 3631 1986 3702 aliquis,

403 3710 619 3770 pr0ptcr
634 3706 923 3761 orationem
944 3710 1255 3777 patriarcha:
1268 3713 1443 3783 justus
1458 3728 1703 3775 servatus
1718 3734 1800 3775 est
1814 3730 1868 3777 et
1886 3740 1990 3779 non

402 3803 623 3863 propter
646 3810 795 3851 suam
821 3801 1118 3868 justitiam?
1147 3803 1219 3858 Ita
1247 3817 1412 3874 certe,
1442 3808 1598 3863 etiam
1631 3820 1848 3882 propter
1866 3828 1989 3869 Ora-

404 3884 601 3939 tionem
632 3890 949 3957 patriarcha:
980 3911 994 3947 :
1022 3895 1235 3963 quando
1276 3898 1417 3951 enim
1460 3900 1601 3969 quod
1626 3917 1690 3956 ex
1721 3904 1875 3959 nobis
1912 3916 1994 3960 est

402 3976 563 4031 simul
609 3979 914 4048 ali‘eritnus,
966 3983 1079 4054 ipsa
1123 3987 1281 4041 ctiam
1332 3990 1644 4047 intercessio
1682 4006 1990 4053 Sanctorum

405 4067 688 4135 plurimum
713 4072 866 4127 nobis
886 4075 1110 4129 confert.
1140 4077 1290 4144 Quod
1320 4080 1363 4132 si
1392 4080 1490 4149 ipsi
1522 4082 1848 4153 negligentes
1876 4087 1991 4143 fue-

406 4158 593 4225 rimus,
623 4170 677 4214 et
703 4176 852 4230 spem
881 4164 931 4217 in
962 4165 1067 4220 illis
1093 4168 1219 4222 solis
1250 4178 1447 4225 nostra:
1475 4173 1659 4229 salutis
1687 4177 1993 4233 collocave-

407 4250 594 4317 rimus,
626 4253 756 4308 nihil
785 4257 1013 4325 amplius
1040 4258 1195 4314 nobis
1223 4262 1439 4329 prodest
1466 4280 1479 4317 :
1514 4280 1619 4320 non
1651 4270 1790 4336 quod
1818 4271 1995 4328 minus

405 4342 617 4397 valeant
646 4345 795 4413 justi,
823 4347 916 4403 sed
943 4351 1065 4419 quia
1097 4362 1312 4422 propter
1346 4365 1579 4411 nostram
1609 4357 1869 4415 desidiam
1896 4378 1994 4419 nos

406 4432 550 4502 ipsos
570 4436 865 4505 prodimus.

475 4525 530 4580 2.
566 4526 633 4581 Et
663 4538 719 4582 ut
744 4529 920 4585 discas
944 4534 1246 4603 quomodo,
1273 4551 1395 4592 cum
1421 4540 1749 4611 negligentes
1777 4558 1993 4614 sumus,

407 4616 616 4671 etiamsi
652 4618 780 4689 justi
826 4622 933 4676 sint
969 4625 1058 4694 qui
1098 4640 1195 4694 pro
1233 4627 1385 4683 nobis
1412 4642 1601 4697 orant,
1633 4633 1840 4689 etiamsi
1870 4651 1995 4705 pro-

411 4710 622 4780 phetae,
666 4714 809 4768 nulla
851 4716 1003 4771 nobis
1048 4718 1171 4774 inde
1215 4721 1284 4774 sit
1325 4722 1524 4776 utilitas
1550 4723 1650 4795 (illi
1678 4725 1820 4780 enim
1846 4742 1997 4783 suam

406 4805 660 4859 virtutem
705 4822 800 4872 per
843 4808 945 4862 hoc
979 4808 1382 4877 demonstrant,
1414 4814 1566 4868 nobis
1592 4826 1771 4871 autem
1799 4818 1868 4871 ob
1896 4819 1995 4872 im-

409 4896 606 4963 probos
640 4912 819 4953 mores
859 4900 998 4954 nulla
1025 4902 1367 4975 eritutilitas)
1396 4944 1411 4970 ,
1445 4905 1566 4960 audi
1596 4907 1762 4961 Deum
1783 4909 1997 4963 univer-

406 5004 606 5053 sorum,
641 4989 710 5044 ad
735 5008 879 5058 eum,
906 4994 993 5064 qui
1025 4994 1093 5049 de
1118 5005 1269 5050 utero
1294 4999 1479 5054 matris
1501 5000 1861 5056 sanctificatus
1887 5012 1995 5069 est,

408 5078 697 5135 Jcrcmiam
728 5085 1043 5153 prophetam
1062 5087 1366 5157 loquentem
1391 5108 1405 5143 :
1435 5088 1518 5144 Ne
1537 5108 1649 5145 ores
1670 5109 1761 5160 pro
1810 5093 2005 5163 papula

408 5173 528 5238 hoc,
576 5176 695 5243 quia
733 5193 833 5229 non
877 5178 1147 5232 exaudiam
1189 5189 1237 5234 te
1265 5180 1396 5248 (Jer.
1423 5182 1509 5237 16.
1537 5182 1614 5252 7).
1639 5183 1771 5239 Vide
1793 5181 1998 5239 Domini

413 5266 791 5337 benignitatem
840 5289 854 5325 :
902 5272 1141 5340 praedicit
1182 5277 1492 5344 prophetae,
1544 5285 1601 5331 ut
1647 5294 1711 5331 ne
1736 5293 1858 5333 cum
1882 5290 2001 5348 post

409 5360 707 5416 orationem
739 5378 842 5417 non
870 5366 1214 5432 exaudiatur,
1244 5366 1348 5422 hoc
1366 5369 1476 5422 suis
1503 5371 1733 5438 peccatis
1762 5371 1955 5424 tribuat
1983 5394 1999 5409 ο

410 5460 466 5505 et
492 5451 613 5507 ideo
637 5452 749 5522 jam
776 5459 1095 5524 pramuntiat
1115 5460 1162 5513 ei
1189 5460 1368 5529 populi
1397 5462 1706 5531 nequitiam,
1736 5473 1790 5517 ct
1816 5465 1997 5532 prohi-

415 5543 507 5598 bet
540 5561 608 5599 ne
638 5557 883 5613 precetur
903 5591 918 5615 ,
949 5560 1005 5603 ut
1033 5558 1087 5605 et
1118 5552 1231 5620 ipse
1256 5552 1396 5607 scire
1423 5561 1583 5622 queat
1610 5554 1875 5624 ingentem
1903 5554 2001 5609 Ju-

407 5636 647 5692 daiorum
671 5642 1106 5708 perversitatem:
1129 5652 1185 5701 et
1212 5645 1285 5701 illi
1313 5648 1484 5702 sciant
1511 5646 1640 5703 nihil
1662 5649 1740 5704 eis
1754 5646 2005 5717 prodesse

416 5732 733 5803 prophetam
754 5776 769 5798 ,
806 5735 903 5789 nisi
934 5747 987 5790 et
1018 5738 1117 5804 ipsi
1144 5753 1261 5807 qua:
1287 5755 1382 5793 sua
1404 5748 1529 5794 sunt
1552 5740 1792 5810 proferre
1814 5741 2000 5796 velint.

489 5822 750 5880 lnroeatio
794 5839 840 5880 et
884 5829 1170 5884 intercessio
1211 5845 1521 5889 sanctarum.
1552 5864 1617 5873 —-—
1650 5834 1705 5889 Id
1731 5836 1957 5891 scientes
1983 5876 1996 5898 ,

1139 366 1195 424 S.
1235 368 1512 423 JOANNIS
1551 359 2021 422 CllliYSOSTUMl
2058 359 2373 416 ARCIIIEP.
2415 358 2947 416 CONSTANTINOP.

3579 356 3682 412 4118

2095 477 2306 545 dilecti,
2334 477 2700 549 confugiamus
2728 479 2793 533 ad
2816 488 3120 534 sanctorum
3141 494 3327 549 preces
3350 521 3363 543 ,
3394 489 3447 534 et
3467 494 3682 535 oremus

2096 579 2152 624 ut
2193 585 2290 639 pro
2338 570 2491 625 nobis
2532 572 2865 626 intercedant
2904 589 2917 625 :
2952 571 3044 625 sed
3074 586 3176 625 non
3205 571 3415 626 illorum
3439 572 3683 642 precibus

2094 671 2298 716 tantum
2339 662 2670 717 confidamus
2690 704 2705 729 ,
2743 663 2838 718 sed
2867 672 2921 717 et
2950 662 3050 732 ipsi
3079 672 3257 717 nostra
3280 703 3296 729 ,
3326 672 3385 717 ut
3433 673 3681 732 Oportet,

2093 754 2461 821 dispensemus
2506 762 2683 820 recte,
2728 763 2782 809 et
2824 754 2890 809 ad
2929 755 3151 809 meliora
3193 770 3405 823 semper
3442 756 3682 809 converti

2093 845 2359 911 nitamur,
2406 854 2464 898 ut
2505 845 2683 900 locum
2729 844 2919 900 demus
2965 844 3193 901 orationi
3237 861 3355 917 quae
3395 860 3494 917 pro
3531 845 3685 900 nobis

2093 936 2348 991 funditur.
2391 937 2506 993 Iloc
2542 948 2595 994 et
2622 939 2687 993 ad
2714 940 2877 993 alium
2902 940 3217 1011 prophetam
3239 938 3313 1011 (a)
3342 939 3470 994 dicit
3501 939 3687 994 Domi-

2091 1044 2191 1084 nus
2235 1031 2608 1086 universorum
2651 1050 2664 1086 :
2711 1030 2832 1085 Non
2863 1034 2999 1087 vides
3033 1033 3155 1103 quid
3196 1033 3297 1102 ipsi
3322 1034 3560 1103 faciunt?
3584 1030 3683 1085 ln-

2092 1123 2308 1175 rendunt
2336 1123 2559 1193 adipem,
2584 1134 2630 1177 et
2656 1124 2913 1193 placentas
2938 1125 3135 1193 faciunt
3163 1124 3401 1179 exercitui
3423 1125 3533 1179 (teli
3550 1124 3686 1195 (Jer.

2092 1212 2143 1266 7.
2191 1213 2277 1266 i7.
2329 1214 2417 1285 18)
2452 1232 2463 1266 :
2493 1229 2558 1270 ac
2587 1215 2632 1269 si
2660 1215 2869 1271 diceret
2897 1234 2909 1269 :
2944 1216 3045 1270 Pro
3072 1215 3179 1271 illis
3205 1231 3291 1270 me
3316 1231 3503 1285 rogas,
3535 1215 3621 1285 qui
3653 1231 3683 1267 a

2093 1316 2312 1373 peccato
2353 1320 2460 1361 non
2499 1306 2799 1371 desistunt,
2841 1308 2930 1377 qui
2963 1317 3148 1363 carent
3172 1322 3333 1363 sensu
3360 1308 3685 1363 inﬁrmitatis

2091 1411 2200 1451 sure
2235 1412 2339 1467 qua
2382 1398 2664 1465 laborant,
2711 1398 2805 1454 sed
2832 1400 2909 1454 sic
2942 1399 3087 1454 nullo
3107 1399 3296 1455 dolore
3322 1408 3446 1455 sunt
3466 1398 3684 1454 ali'ecti?

2090 1486 2207 1542 Non
2234 1488 2384 1543 vides
2428 1505 2698 1545 summum
2737 1504 2922 1545 eorum
2962 1492 3375 1561 contemptum?
3403 1508 3507 1546 non
3534 1490 3684 1546 vidt-s

2091 1593 2275 1633 eorum
2311 1595 2559 1649 magnam
2598 1582 2895 1637 insaniam?
2931 1582 3199 1653 quomodo
3221 1582 3455 1638 nondum
3487 1584 3687 1638 satien-

2092 1678 2177 1723 tur
2219 1670 2524 1740 impietate,
2573 1673 2666 1728 s:d
2707 1675 2857 1743 quasi
2893 1690 2986 1729 sus
3028 1675 3077 1728 in
3118 1674 3329 1741 luto,se
3358 1676 3597 1729 volutent
3630 1675 3681 1727 in

2091 1761 2459 1827 iniquitatibus
2501 1766 2650 1819 suis?
2681 1768 2875 1821 Annon
2915 1767 2958 1822 si
2999 1768 3201 1823 vellent
3226 1769 3506 1837 converti,
3535 1768 3685 1824 audi-

2090 1865 2209 1909 rent
2237 1855 2623 1913 cohortantes?
2647 1858 2836 1914 Nonne
2861 1875 2961 1930 ego
2986 1876 3105 1915 sum
3136 1875 3231 1931 per
3258 1861 3546 1931 prophetas
3572 1863 3679 1915 cla-

2090 1963 2242 2001 mans
2262 1990 2276 2013 ,
2308 1958 2364 2004 et
2402 1949 2588 2006 dicens
2613 1969 2627 2003 :
2659 1951 2725 2004 Et
2752 1952 2862 2005 dixi
2888 1963 3154 2023 postquam
3180 1953 3293 2022 ipsa
3317 1962 3535 2007 scortatu
3567 1965 3640 2005 est
3664 1968 3685 2007 :

2097 2037 2219 2095 Post
2260 2042 2368 2095 haec
2405 2044 2579 2095 omnia
2616 2044 2685 2096 ad
2710 2060 2787 2097 me
2812 2054 3096 2098 convertere
3114 2085 3129 2111 ,
3154 2054 3201 2098 et
3223 2061 3320 2098 non
3348 2054 3421 2097 est
3446 2060 3685 2099 conversa

2091 2132 2201 2204 (Id.
2232 2133 2286 2189 5.
2332 2134 2431 2205 7)?
2471 2135 2607 2190 Num
2646 2136 2789 2190 aliud
2833 2153 3017 2206 (μικΓο
3038 2179 3051 2201 ,
3081 2153 3240 2206 quam
3269 2145 3321 2191 ut
3349 2137 3627 2206 quiescant
3652 2152 3682 2189 a

2090 2233 2308 2293 peccato
2338 2233 2577 2294 tanttnn,
2607 2234 2663 2281 et
2690 2227 2881 2281 sistant
2912 2228 3095 2282 mala?
3122 2244 3249 2282 num
3278 2243 3374 2297 pro
3401 2228 3685 2296 prmteritis

2090 2315 2352 2370 rationem
2395 2318 2552 2386 exigo
2576 2360 2592 2385 ,
2639 2318 2684 2372 si
2722 2317 2930 2373 videam
2978 2318 3099 2373 illos
3139 2319 3277 2373 velle
3325 2318 3684 2387 resipiscere?

2091 2424 2269 2464 nonne
2310 2411 2551 2479 quotidie
2592 2412 2797 2480 clamo,
2836 2412 3021 2466 dicens
3066 2430 3082 2466 :
3134 2410 3398 2482 Numquid
3435 2411 3686 2465 voluntate

2090 2499 2204 2553 rato
2244 2511 2455 2555 mortem
2501 2504 2807 2571 peccatoris,
2853 2504 2983 2557 sicut
3025 2504 3243 2557 converti
3281 2520 3395 2557 eum
3437 2513 3483 2557 et
3523 2503 3687 2556 virere

2096 2592 2306 2664 (Ezeclt.
2340 2595 2427 2650 18.
2452 2594 2544 2666 23)
2566 2596 2589 2648 ?
2612 2595 2798 2650 Nonne
2830 2605 3108 2665 pr0ptcrca
3138 2597 3314 2649 omnia
3347 2594 3510 2659 facio,
3536 2604 3593 2648 ut
3619 2596 3687 2648 ab

2092 2686 2309 2741 interitu
2348 2689 2572 2758 eripiam
2601 2704 2696 2744 eos
2719 2689 2810 2759 qui
2840 2689 2908 2743 ab
2938 2704 3120 2745 errore
3150 2692 3500 2759 pra-occupati
3525 2689 3686 2743 sunt?

2092 2779 2285 2833 Annon
2312 2779 2357 2834 si
2382 2779 2591 2835 videam
2619 2796 2908 2836 conversos
2932 2822 2947 2849 ,
2980 2781 3210 2837 differo?
3234 2782 3420 2837 Nonne
3445 2796 3546 2852 ego
3568 2798 3685 2836 sum

2092 2870 2182 2938 qui
2209 2869 2330 2925 dico
2363 2889 2378 2925 :
2412 2872 2595 2926 Adhuc
2624 2882 2672 2926 te
2692 2873 2926 2942 loquente
2953 2873 3120 2926 dicam
3150 2890 3168 2927 :
3197 2890 3308 2927 ecce
3331 2874 3514 2927 adsunt
3550 2872 3683 2943 (lsa.

2091 2965 2181 3020 5S.
2206 2965 2265 3036 9)
2286 2965 2467 3021 ?Num
2489 2967 2566 3022 sic
2588 2967 2685 3038 ipsi
2714 2981 2823 3022 sua:
2844 2967 3031 3021 salutis
3059 2967 3197 3021 avidi
3229 2975 3373 3033 sunt,
3398 2977 3456 3022 ut
3480 2968 3607 3021 mihi
3636 2967 3686 3021 in

2096 3061 2296 3128 optatis
2325 3069 2407 3115 est
2437 3076 2625 3116 omnes
2651 3060 2894 3115 homines
2922 3060 3101 3116 salvos
3131 3061 3273 3129 fieri,
3301 3070 3355 3115 ct
3373 3060 3439 3115 ad
3461 3060 3688 3131 agnitio-

2093 3168 2216 3206 nem
2240 3154 2480 3208 veritatis
2501 3152 2684 3209 venire
2711 3154 2788 3222 (1.
2813 3151 3001 3205 Τὶηι.2.
3033 3153 3088 3223 4)
3110 3153 3132 3206 ?
3157 3152 3295 3206 Num
3325 3152 3469 3207 enim
3497 3167 3593 3206 vos
3622 3168 3686 3206 cx

2094 3244 2261 3299 nihilo
2299 3246 2562 3315 produxi,
2595 3255 2654 3300 ut
2683 3245 2946 3315 perdam?
2973 3261 3099 3299 num
3130 3244 3245 3300 sine
3274 3260 3433 3299 causa
3466 3260 3685 3315 regnum

2094 3334 2327 3389 futurum
2376 3344 2431 3390 et
2468 3336 2749 3392 innumera
2793 3336 2931 3390 bona
2973 3336 3309 3405 prmparavi?
3345 3337 3539 3390 Annon
3570 3352 3691 3405 pro-

2095 3438 2214 3496 pter
2246 3427 2347 3482 hoc
2385 3436 2439 3483 et
2466 3429 2765 3498 gehennam
2803 3430 3033 3482 minatus
3070 3443 3187 3483 sum
3210 3470 3224 3492 ,
3257 3437 3315 3483 ut
3350 3427 3507 3494 hujus
3546 3438 3689 3481 metu

2094 3520 2339 3575 homines
2379 3520 2431 3574 in
2464 3536 2689 3589 regnum
2714 3524 2965 3575 crclorum
2994 3519 3369 3574 introducam?
3394 3518 3472 3573 Nc
3500 3518 3689 3587 igitur,

2094 3627 2127 3664 ο
2158 3612 2311 3667 beate
2338 3611 2599 3682 propheta
2622 3654 2637 3679 ,
2672 3613 2793 3667 illos
2825 3614 3129 3683 relinquens
3151 3655 3167 3680 ,
3194 3611 3323 3665 mihi
3350 3606 3541 3665 afferas
3566 3623 3690 3664 ora-

2096 3704 2295 3759 tionem
2344 3722 2357 3759 :
2402 3703 2497 3760 sed
2540 3705 2666 3760 illud
2713 3722 2877 3760 unum
2934 3705 3025 3760 tibi
3077 3721 3219 3760 cura:
3252 3703 3358 3766 sit,
3390 3714 3446 3756 ut
3480 3702 3690 3755 illorum

2097 3797 2315 3852 morbus
2348 3805 2603 3866 sanetur,
2633 3807 2688 3853 et
2720 3798 2771 3852 in
2799 3814 3015 3854 scnsmn
3048 3794 3370 3851 infirmitatis
3398 3812 3508 3850 sua:
3534 3806 3693 3863 atque

2067 3889 2163 3951 ,ad
2199 3888 2555 3945 valetudinem
2594 3891 2694 3960 ipsi
2733 3890 3095 3956 reducantur;
3141 3899 3193 3944 ct
3220 3906 3334 3944 mea
3363 3889 3581 3941 omnino
3610 3903 3694 3941 se-

2097 3990 2345 4050 quentur.
2392 3981 2576 4051 Neque
2627 3983 2772 4036 cnim
2820 3999 3037 4049 moror,
3089 3982 3172 4038 vel
3217 3981 3441 4049 differo,
3482 3979 3695 4050 quando

2097 4075 2254 4130 video
2292 4077 2524 4130 animam
2551 4084 2758 4146 gratam
2790 4094 2802 4127 :
2837 4093 2999 4130 unum
3026 4076 3168 4131 enim
3194 4085 3397 4129 tantum
3426 4074 3641 4144 requiro
3667 4115 3683 4139 ,

2101 4184 2290 4238 nempe
2321 4180 2377 4223 ut
2404 4170 2763 4224 confiteantur
2790 4178 3003 4239 peccata
3022 4211 3037 4237 ,
3069 4181 3124 4223 ct
3147 4169 3215 4223 ab
3242 4170 3321 4223 eis
3350 4168 3687 4233 abstineant,

2100 4269 2155 4314 et
2197 4276 2301 4314 non
2351 4261 2487 4314 ultra
2528 4258 2702 4315 infero
2747 4275 2959 4332 poenam
2998 4262 3255 4331 peccatis.
3290 4260 3427 4314 Num
3452 4274 3614 4329 grave
3642 4270 3697 4312 et

2100 4354 2387 4407 molestum
2434 4362 2518 4408 est
2563 4352 2707 4423 quod
2759 4369 2788 4408 a
2837 4369 2924 4408 me
2968 4354 3319 4424 proponitur?
3360 4352 3472 4407 Nisi
3502 4353 3694 4406 scirem

2101 4446 2398 4502 deteriores
2429 4447 2542 4502 fieri
2562 4489 2577 4512 ,
2610 4445 2823 4517 quando
2848 4446 3028 4518 priora
3057 4455 3270 4515 peccata
3296 4460 3402 4499 non
3432 4445 3697 4500 confiten-

2102 4526 2217 4607 tur,
2248 4554 2420 4609 neque
2442 4539 2669 4609 idipsum
2696 4538 3045 4608 requirerem.
3075 4538 3272 4593 Verum
3299 4538 3422 4607 quia
3445 4536 3557 4590 scio
3584 4535 3684 4589 lto-

2102 4630 2306 4687 minum
2343 4646 2510 4702 genus
2539 4631 2708 4701 magis
2737 4631 2805 4685 ad
2835 4639 3109 4699 peccatum
3138 4644 3378 4699 vergere,
3412 4638 3694 4698 propterea

2102 4724 2228 4779 volo
2273 4734 2329 4777 ttt
2377 4724 2733 4778 confiteantur
2776 4722 2952 4792 priora
2992 4731 3243 4791 peccata,
3283 4730 3338 4777 et
3361 4720 3701 4777 confessione

2105 4814 2488 4886 prohibeantur
2516 4830 2583 4869 ne
2610 4814 2663 4868 in
2687 4812 2875 4869 eadem
2902 4812 3163 4868 recidant.

2177 4907 2230 4961 5.
2268 4906 2394 4961 Haec
2420 4906 2579 4974 igitur
2608 4906 2938 4975 cogitantes,
2972 4904 3188 4973 dilecti,
3218 4919 3282 4959 ac
3313 4902 3520 4958 Domini
3543 4903 3699 4959 beni-

2105 4998 2359 5069 gnitatem
2388 4998 2441 5052 in
2466 4998 2644 5050 animo
2671 5006 2947 5051 versantes
2970 5037 2984 5061 ,
3017 5012 3083 5051 ne
3112 4997 3280 5050 simus
3307 4995 3522 5051 desides
3558 5014 3571 5049 :
3605 4995 3699 5050 sed

2107 5104 2351 5159 magnam
2381 5088 2545 5142 nostri
2571 5088 2806 5157 ipsorum
2828 5102 3075 5157 geramus
3103 5101 3284 5141 curam
3310 5128 3324 5150 ,
3356 5097 3409 5140 et
3438 5095 3694 5155 peccatov~

2108 5197 2228 5234 rum
2276 5180 2510 5234 maculas
2538 5193 2822 5247 purgemus
2846 5220 2860 5243 ,
2893 5188 3052 5246 atque
3080 5179 3158 5232 sic
3182 5178 3246 5231 ad
3274 5187 3581 5232 sanctorum
3612 5177 3700 5231 in-

2112 5271 2489 5327 tercessionem
2542 5285 2908 5340 properemus.
2949 5268 3080 5323 Nam
3128 5269 3171 5322 si
3209 5268 3373 5322 sobrii
3421 5278 3475 5322 et
3513 5268 3699 5333 vigiles

2109 5380 2229 5419 esse
2276 5364 2599 5418 voluerimus
2619 5403 2633 5427 ,
2671 5363 2832 5415 etiam
2874 5376 2968 5430 per
2998 5375 3096 5414 nos
3127 5362 3269 5429 ipsos
3294 5368 3509 5414 orantes
3532 5359 3702 5429 pluri-

2113 5474 2254 5511 nutm
2301 5457 2453 5510 nobis
2485 5455 2840 5526 proderimus.
2882 5454 3013 5507 Nam
3056 5454 3305 5522 quoniam
3346 5454 3583 5507 clemens
3618 5463 3701 5507 est

2116 5550 2371 5603 liominus
2397 5559 2581 5604 noster
2605 5590 2619 5613 ,
2642 5562 2750 5601 non
2781 5547 2858 5600 sic
2886 5544 3072 5599 annuit
3096 5559 3216 5598 cum
3246 5544 3315 5599 ab
3343 5544 3460 5598 aliis
3482 5560 3577 5614 pro
3605 5560 3703 5597 no-

2113 5644 2194 5697 bis
2221 5652 2432 5710 oratur,
2460 5650 2520 5695 ut
2545 5656 2667 5696 cum
2696 5655 2735 5699 at
2753 5637 2905 5693 nobis
2936 5637 3085 5707 ipsis.
3115 5636 3245 5692 Vide
3271 5636 3561 5690 bonitatem
3585 5636 3697 5690 exi-

2179 5780 2250 5839 (a)
2286 5779 2420 5840 Atqui
2445 5777 2574 5826 idem
2592 5778 2697 5840 ipse
2722 5772 2959 5836 prOpheta
2984 5777 3061 5819 est
3079 5772 3122 5818 is
3148 5771 3231 5832 qui
3248 5769 3334 5840 hic
3354 5780 3703 5820 commemora-

2118 5837 2213 5901 tur,
2234 5837 2291 5892 et
2306 5837 2443 5905 cujus
2468 5840 2600 5890 locus
2624 5837 2844 5898 aﬂertur,
2868 5847 3049 5897 nempe
3079 5837 3329 5883 Jcrcmias.
