  <div class='ocr_page' id='page_1' title='image "/cluster/home/n/w/nwhite01/storage/ocr_20150623/54/nnc1.0046978518/034.png"; bbox 0 0 4084 6356; ppageno 0'>
   <div class='ocr_carea' id='block_1_1' title="bbox 204 412 316 467">
    <p class='ocr_par' dir='ltr' id='par_1_1' title="bbox 204 412 316 467">
     <span class='ocr_line' id='line_1_1' title="bbox 204 412 316 467; baseline -0.009 0"><span class='ocrx_word' id='word_1_1' title='bbox 204 412 316 467; x_wconf 67' lang='lat'>407</span> 
     </span>
    </p>
   </div>
   <div class='ocr_carea' id='block_1_2' title="bbox 203 523 1873 601">
    <p class='ocr_par' dir='ltr' id='par_1_2' title="bbox 203 523 1873 601">
     <span class='ocr_line' id='line_1_2' title="bbox 203 523 1873 601; baseline 0.001 -22"><span class='ocrx_word' id='word_1_2' title='bbox 203 526 341 595; x_wconf 77' lang='grc' dir='ltr'>ὑμῖν</span> <span class='ocrx_word' id='word_1_3' title='bbox 393 523 757 596; x_wconf 85' lang='grc' dir='ltr'>διηγούμενοι,</span> <span class='ocrx_word' id='word_1_4' title='bbox 817 526 910 579; x_wconf 71' lang='grc' dir='ltr'>καὶ</span> <span class='ocrx_word' id='word_1_5' title='bbox 942 526 1032 579; x_wconf 83' lang='grc' dir='ltr'>τὸν</span> <span class='ocrx_word' id='word_1_6' title='bbox 1061 527 1171 581; x_wconf 87' lang='grc' dir='ltr'>τῶν</span> <span class='ocrx_word' id='word_1_7' title='bbox 1213 528 1462 599; x_wconf 77' lang='grc' dir='ltr'>Σοδόμων</span> <span class='ocrx_word' id='word_1_8' title='bbox 1518 528 1873 601; x_wconf 83' lang='grc' dir='ltr'>ἐμπρησμὸν,</span> 
     </span>
    </p>
   </div>
   <div class='ocr_carea' id='block_1_3' title="bbox 202 611 1880 686">
    <p class='ocr_par' dir='ltr' id='par_1_3' title="bbox 202 611 1880 686">
     <span class='ocr_line' id='line_1_3' title="bbox 202 611 1880 686; baseline 0.003 -23"><span class='ocrx_word' id='word_1_9' title='bbox 202 613 328 664; x_wconf 86' lang='grc' dir='ltr'>ἐκεῖ</span> <span class='ocrx_word' id='word_1_10' title='bbox 346 611 434 664; x_wconf 84' lang='grc' dir='ltr'>τὸν</span> <span class='ocrx_word' id='word_1_11' title='bbox 468 612 625 680; x_wconf 88' lang='grc' dir='ltr'>λόγον</span> <span class='ocrx_word' id='word_1_12' title='bbox 645 613 974 684; x_wconf 84' lang='grc' dir='ltr'>ἐστήσαμεν,</span> <span class='ocrx_word' id='word_1_13' title='bbox 1003 615 1137 667; x_wconf 85' lang='grc' dir='ltr'>ὅπου</span> <span class='ocrx_word' id='word_1_14' title='bbox 1169 616 1197 666; x_wconf 85' lang='lat'>6</span> <span class='ocrx_word' id='word_1_15' title='bbox 1220 614 1427 678; x_wconf 86' lang='grc' dir='ltr'>δίκαιος</span> <span class='ocrx_word' id='word_1_16' title='bbox 1456 618 1535 679; x_wconf 87' lang='grc' dir='ltr'>εἰς</span> <span class='ocrx_word' id='word_1_17' title='bbox 1565 616 1663 686; x_wconf 84' lang='grc' dir='ltr'>τὴν</span> <span class='ocrx_word' id='word_1_18' title='bbox 1684 614 1880 685; x_wconf 87' lang='grc' dir='ltr'>Σηγὼρ</span> 
     </span>
    </p>
   </div>
   <div class='ocr_carea' id='block_1_4' title="bbox 206 700 1877 774">
    <p class='ocr_par' dir='ltr' id='par_1_4' title="bbox 206 700 1877 774">
     <span class='ocr_line' id='line_1_4' title="bbox 206 700 1877 774; baseline 0 -20"><span class='ocrx_word' id='word_1_19' title='bbox 206 700 468 771; x_wconf 76' lang='grc' dir='ltr'>διεσώθη.</span> <span class='ocrx_word' id='word_1_20' title='bbox 513 702 576 755; x_wconf 81' lang='lat'>&#39;0</span> <span class='ocrx_word' id='word_1_21' title='bbox 609 702 783 769; x_wconf 82' lang='grc' dir='ltr'>ἥλιος</span> <span class='ocrx_word' id='word_1_22' title='bbox 806 702 914 774; x_wconf 83' lang='grc' dir='ltr'>γὰρ</span> <span class='ocrx_word' id='word_1_23' title='bbox 950 703 1210 771; x_wconf 77' lang='grc' dir='ltr'>ἐξῆλθεν</span> <span class='ocrx_word' id='word_1_24' title='bbox 1247 704 1348 757; x_wconf 74' lang='grc' dir='ltr'>ἐπὶ</span> <span class='ocrx_word' id='word_1_25' title='bbox 1385 703 1495 773; x_wconf 82' lang='grc' dir='ltr'>τῆς</span> <span class='ocrx_word' id='word_1_26' title='bbox 1540 704 1653 772; x_wconf 78' lang='grc' dir='ltr'>γῆς</span> <span class='ocrx_word' id='word_1_27' title='bbox 1676 744 1691 767; x_wconf 94' lang='grc'>,</span> <span class='ocrx_word' id='word_1_28' title='bbox 1726 705 1877 773; x_wconf 80' lang='grc' dir='ltr'>φησὶ,</span> 
     </span>
    </p>
   </div>
   <div class='ocr_carea' id='block_1_5' title="bbox 204 787 1879 864">
    <p class='ocr_par' dir='ltr' id='par_1_5' title="bbox 204 787 1879 864">
     <span class='ocr_line' id='line_1_5' title="bbox 204 787 1879 864; baseline -0.001 -20"><span class='ocrx_word' id='word_1_29' title='bbox 204 791 311 844; x_wconf 76' lang='grc' dir='ltr'>καὶ</span> <span class='ocrx_word' id='word_1_30' title='bbox 356 789 486 844; x_wconf 87' lang='grc' dir='ltr'>Λὼτ</span> <span class='ocrx_word' id='word_1_31' title='bbox 534 787 820 857; x_wconf 73' lang='grc' dir='ltr'>εἰσῆλθεν</span> <span class='ocrx_word' id='word_1_32' title='bbox 854 794 943 859; x_wconf 82' lang='grc' dir='ltr'>εἰς</span> <span class='ocrx_word' id='word_1_33' title='bbox 992 791 1231 862; x_wconf 84' lang='grc' dir='ltr'>Σηγὼρ,</span> <span class='ocrx_word' id='word_1_34' title='bbox 1262 794 1357 847; x_wconf 75' lang='grc' dir='ltr'>καὶ</span> <span class='ocrx_word' id='word_1_35' title='bbox 1403 794 1523 846; x_wconf 89' lang='grc' dir='ltr'>τότε</span> <span class='ocrx_word' id='word_1_36' title='bbox 1554 796 1587 864; x_wconf 88' lang='grc' dir='ltr'>ή</span> <span class='ocrx_word' id='word_1_37' title='bbox 1622 792 1879 863; x_wconf 81' lang='grc' dir='ltr'>θεήλατος</span> 
     </span>
    </p>
   </div>
   <div class='ocr_carea' id='block_1_6' title="bbox 201 877 1877 949">
    <p class='ocr_par' dir='ltr' id='par_1_6' title="bbox 201 877 1877 949">
     <span class='ocr_line' id='line_1_6' title="bbox 201 877 1877 949; baseline 0.004 -20"><span class='ocrx_word' id='word_1_38' title='bbox 201 877 394 948; x_wconf 84' lang='grc' dir='ltr'>ἐκείνη</span> <span class='ocrx_word' id='word_1_39' title='bbox 428 877 564 947; x_wconf 82' lang='grc' dir='ltr'>ὀργὴ</span> <span class='ocrx_word' id='word_1_40' title='bbox 598 877 728 941; x_wconf 91' lang='grc' dir='ltr'>τούς</span> <span class='ocrx_word' id='word_1_41' title='bbox 750 896 809 931; x_wconf 86' lang='grc' dir='ltr'>τε</span> <span class='ocrx_word' id='word_1_42' title='bbox 841 879 899 933; x_wconf 86' lang='grc' dir='ltr'>ἐν</span> <span class='ocrx_word' id='word_1_43' title='bbox 927 879 1178 949; x_wconf 86' lang='grc' dir='ltr'>Σοδόμοις</span> <span class='ocrx_word' id='word_1_44' title='bbox 1212 880 1497 944; x_wconf 85' lang='grc' dir='ltr'>κατέλαϐε,</span> <span class='ocrx_word' id='word_1_45' title='bbox 1535 881 1628 934; x_wconf 80' lang='grc' dir='ltr'>καὶ</span> <span class='ocrx_word' id='word_1_46' title='bbox 1650 880 1750 949; x_wconf 88' lang='grc' dir='ltr'>τῆς</span> <span class='ocrx_word' id='word_1_47' title='bbox 1775 880 1877 948; x_wconf 81' lang='grc' dir='ltr'>γῆς</span> 
     </span>
    </p>
   </div>
   <div class='ocr_carea' id='block_1_7' title="bbox 198 965 1876 1039">
    <p class='ocr_par' dir='ltr' id='par_1_7' title="bbox 198 965 1876 1039">
     <span class='ocr_line' id='line_1_7' title="bbox 198 965 1876 1039; baseline 0.003 -23"><span class='ocrx_word' id='word_1_48' title='bbox 198 966 299 1017; x_wconf 81' lang='grc' dir='ltr'>τὸν</span> <span class='ocrx_word' id='word_1_49' title='bbox 345 965 650 1034; x_wconf 83' lang='grc' dir='ltr'>ἀφανισμὸν</span> <span class='ocrx_word' id='word_1_50' title='bbox 694 966 1009 1036; x_wconf 79' lang='grc' dir='ltr'>εἰργάσατο,</span> <span class='ocrx_word' id='word_1_51' title='bbox 1044 968 1132 1020; x_wconf 83' lang='grc' dir='ltr'>ὅτε</span> <span class='ocrx_word' id='word_1_52' title='bbox 1161 967 1257 1020; x_wconf 74' lang='grc' dir='ltr'>καὶ</span> <span class='ocrx_word' id='word_1_53' title='bbox 1290 968 1323 1037; x_wconf 79' lang='grc' dir='ltr'>ἡ</span> <span class='ocrx_word' id='word_1_54' title='bbox 1356 967 1492 1039; x_wconf 87' lang='grc' dir='ltr'>γυνὴ</span> <span class='ocrx_word' id='word_1_55' title='bbox 1538 968 1631 1020; x_wconf 91' lang='grc' dir='ltr'>τοῦ</span> <span class='ocrx_word' id='word_1_56' title='bbox 1666 966 1876 1021; x_wconf 84' lang='grc' dir='ltr'>δικαίου</span> 
     </span>
    </p>
   </div>
   <div class='ocr_carea' id='block_1_8' title="bbox 202 1052 1879 1125">
    <p class='ocr_par' dir='ltr' id='par_1_8' title="bbox 202 1052 1879 1125">
     <span class='ocr_line' id='line_1_8' title="bbox 202 1052 1879 1125; baseline 0.003 -22"><span class='ocrx_word' id='word_1_57' title='bbox 202 1052 575 1122; x_wconf 81' lang='grc' dir='ltr'>ἐπιλαθομένη</span> <span class='ocrx_word' id='word_1_58' title='bbox 610 1052 718 1104; x_wconf 87' lang='grc' dir='ltr'>τῶν</span> <span class='ocrx_word' id='word_1_59' title='bbox 753 1053 1024 1123; x_wconf 80' lang='grc' dir='ltr'>ῥηθέντων</span> <span class='ocrx_word' id='word_1_60' title='bbox 1056 1054 1206 1125; x_wconf 86' lang='grc' dir='ltr'>παρά</span> <span class='ocrx_word' id='word_1_61' title='bbox 1231 1056 1340 1107; x_wconf 87' lang='grc' dir='ltr'>τῶν</span> <span class='ocrx_word' id='word_1_62' title='bbox 1371 1056 1640 1125; x_wconf 85' lang='grc' dir='ltr'>ἀγγέλων,</span> <span class='ocrx_word' id='word_1_63' title='bbox 1662 1055 1879 1108; x_wconf 84' lang='grc' dir='ltr'>ἐπιϐλέ-</span> 
     </span>
    </p>
   </div>
   <div class='ocr_carea' id='block_1_9' title="bbox 202 1139 1879 1213">
    <p class='ocr_par' dir='ltr' id='par_1_9' title="bbox 202 1139 1879 1213">
     <span class='ocr_line' id='line_1_9' title="bbox 202 1139 1879 1213; baseline 0.004 -23"><span class='ocrx_word' id='word_1_64' title='bbox 202 1139 359 1207; x_wconf 79' lang='grc' dir='ltr'>ψασα</span> <span class='ocrx_word' id='word_1_65' title='bbox 381 1142 459 1203; x_wconf 90' lang='grc' dir='ltr'>εἰς</span> <span class='ocrx_word' id='word_1_66' title='bbox 495 1139 563 1191; x_wconf 77' lang='grc' dir='ltr'>τὰ</span> <span class='ocrx_word' id='word_1_67' title='bbox 589 1139 784 1202; x_wconf 82' lang='grc' dir='ltr'>ὀπίσω,</span> <span class='ocrx_word' id='word_1_68' title='bbox 814 1140 1030 1208; x_wconf 86' lang='grc' dir='ltr'>ἐγένετο</span> <span class='ocrx_word' id='word_1_69' title='bbox 1074 1142 1243 1213; x_wconf 85' lang='grc' dir='ltr'>στήλη</span> <span class='ocrx_word' id='word_1_70' title='bbox 1290 1142 1436 1209; x_wconf 82' lang='grc' dir='ltr'>ἁλὸς,</span> <span class='ocrx_word' id='word_1_71' title='bbox 1470 1143 1713 1213; x_wconf 84' lang='grc' dir='ltr'>διηνεκὲς</span> <span class='ocrx_word' id='word_1_72' title='bbox 1747 1143 1879 1196; x_wconf 89' lang='grc' dir='ltr'>ύπό-</span> 
     </span>
    </p>
   </div>
   <div class='ocr_carea' id='block_1_10' title="bbox 205 1226 1880 1300">
    <p class='ocr_par' dir='ltr' id='par_1_10' title="bbox 205 1226 1880 1300">
     <span class='ocr_line' id='line_1_10' title="bbox 205 1226 1880 1300; baseline 0.002 -22"><span class='ocrx_word' id='word_1_73' title='bbox 205 1242 404 1297; x_wconf 83' lang='grc' dir='ltr'>μνημα</span> <span class='ocrx_word' id='word_1_74' title='bbox 434 1230 551 1290; x_wconf 88' lang='grc' dir='ltr'>ταῖς</span> <span class='ocrx_word' id='word_1_75' title='bbox 599 1226 739 1296; x_wconf 89' lang='grc' dir='ltr'>μετά</span> <span class='ocrx_word' id='word_1_76' title='bbox 767 1227 941 1280; x_wconf 89' lang='grc' dir='ltr'>ταῦτα</span> <span class='ocrx_word' id='word_1_77' title='bbox 977 1231 1192 1295; x_wconf 78' lang='grc' dir='ltr'>γενεαῖς</span> <span class='ocrx_word' id='word_1_78' title='bbox 1243 1230 1340 1300; x_wconf 85' lang='grc' dir='ltr'>τῆς</span> <span class='ocrx_word' id='word_1_79' title='bbox 1366 1230 1569 1293; x_wconf 89' lang='grc' dir='ltr'>οἰκείας</span> <span class='ocrx_word' id='word_1_80' title='bbox 1605 1229 1880 1300; x_wconf 77' lang='grc' dir='ltr'>ῥᾳθυμίας</span> 
     </span>
    </p>
   </div>
   <div class='ocr_carea' id='block_1_11' title="bbox 204 1311 1878 1389">
    <p class='ocr_par' dir='ltr' id='par_1_11' title="bbox 204 1311 1878 1389">
     <span class='ocr_line' id='line_1_11' title="bbox 204 1311 1878 1389; baseline 0 -20"><span class='ocrx_word' id='word_1_81' title='bbox 204 1315 580 1386; x_wconf 80' lang='grc' dir='ltr'>παρεχομένη.</span> <span class='ocrx_word' id='word_1_82' title='bbox 631 1317 951 1383; x_wconf 84' lang='grc' dir='ltr'>Ἀναγκαῖον</span> <span class='ocrx_word' id='word_1_83' title='bbox 988 1311 1082 1369; x_wconf 80' lang='grc' dir='ltr'>οὖν</span> <span class='ocrx_word' id='word_1_84' title='bbox 1105 1318 1343 1389; x_wconf 82' lang='grc' dir='ltr'>σήμερον</span> <span class='ocrx_word' id='word_1_85' title='bbox 1371 1316 1441 1370; x_wconf 86' lang='grc' dir='ltr'>τὰ</span> <span class='ocrx_word' id='word_1_86' title='bbox 1469 1316 1597 1386; x_wconf 80' lang='grc' dir='ltr'>ἐξῆς</span> <span class='ocrx_word' id='word_1_87' title='bbox 1624 1317 1878 1370; x_wconf 86' lang='grc' dir='ltr'>ἐπελθόν-</span> 
     </span>
    </p>
   </div>
   <div class='ocr_carea' id='block_1_12' title="bbox 200 1402 1875 1476">
    <p class='ocr_par' dir='ltr' id='par_1_12' title="bbox 200 1402 1875 1476">
     <span class='ocr_line' id='line_1_12' title="bbox 200 1402 1875 1476; baseline 0.001 -21"><span class='ocrx_word' id='word_1_88' title='bbox 200 1420 306 1462; x_wconf 86' lang='grc' dir='ltr'>τας</span> <span class='ocrx_word' id='word_1_89' title='bbox 333 1403 504 1474; x_wconf 85' lang='grc' dir='ltr'>μικρά</span> <span class='ocrx_word' id='word_1_90' title='bbox 529 1421 650 1456; x_wconf 90' lang='grc' dir='ltr'>τινα</span> <span class='ocrx_word' id='word_1_91' title='bbox 676 1402 1023 1473; x_wconf 87' lang='grc' dir='ltr'>διαλεχθῆναι</span> <span class='ocrx_word' id='word_1_92' title='bbox 1048 1404 1183 1475; x_wconf 86' lang='grc' dir='ltr'>πρὸς</span> <span class='ocrx_word' id='word_1_93' title='bbox 1204 1404 1302 1476; x_wconf 83' lang='grc' dir='ltr'>τὴν</span> <span class='ocrx_word' id='word_1_94' title='bbox 1337 1406 1606 1476; x_wconf 80' lang='grc' dir='ltr'>ὑμετέραν</span> <span class='ocrx_word' id='word_1_95' title='bbox 1636 1405 1875 1476; x_wconf 84' lang='grc' dir='ltr'>ἀγάπην,</span> 
     </span>
    </p>
   </div>
   <div class='ocr_carea' id='block_1_13' title="bbox 205 1489 1876 1563">
    <p class='ocr_par' dir='ltr' id='par_1_13' title="bbox 205 1489 1876 1563">
     <span class='ocr_line' id='line_1_13' title="bbox 205 1489 1876 1563; baseline 0.002 -21"><span class='ocrx_word' id='word_1_96' title='bbox 205 1491 298 1543; x_wconf 84' lang='grc' dir='ltr'>ἴνα</span> <span class='ocrx_word' id='word_1_97' title='bbox 330 1490 491 1544; x_wconf 87' lang='grc' dir='ltr'>πάλιν</span> <span class='ocrx_word' id='word_1_98' title='bbox 515 1490 689 1561; x_wconf 79' lang='grc' dir='ltr'>εἰδῆτε</span> <span class='ocrx_word' id='word_1_99' title='bbox 721 1489 815 1543; x_wconf 89' lang='grc' dir='ltr'>τοῦ</span> <span class='ocrx_word' id='word_1_100' title='bbox 849 1491 1187 1563; x_wconf 82' lang='grc' dir='ltr'>πατριάρχου</span> <span class='ocrx_word' id='word_1_101' title='bbox 1211 1492 1271 1544; x_wconf 89' lang='grc' dir='ltr'>τὸ</span> <span class='ocrx_word' id='word_1_102' title='bbox 1298 1492 1580 1563; x_wconf 84' lang='grc' dir='ltr'>συμπαθὲς</span> <span class='ocrx_word' id='word_1_103' title='bbox 1607 1494 1701 1546; x_wconf 79' lang='grc' dir='ltr'>καὶ</span> <span class='ocrx_word' id='word_1_104' title='bbox 1732 1493 1876 1561; x_wconf 84' lang='grc' dir='ltr'>φιλό-</span> 
     </span>
    </p>
   </div>
   <div class='ocr_carea' id='block_1_14' title="bbox 207 1577 1877 1654">
    <p class='ocr_par' dir='ltr' id='par_1_14' title="bbox 207 1577 1877 1654">
     <span class='ocr_line' id='line_1_14' title="bbox 207 1577 1877 1654; baseline 0.002 -24"><span class='ocrx_word' id='word_1_105' title='bbox 207 1596 462 1649; x_wconf 89' lang='grc' dir='ltr'>στοργον,</span> <span class='ocrx_word' id='word_1_106' title='bbox 498 1578 706 1632; x_wconf 79' lang='grc' dir='ltr'>καὶτοῦ</span> <span class='ocrx_word' id='word_1_107' title='bbox 734 1577 870 1631; x_wconf 83' lang='grc' dir='ltr'>Θεοῦ</span> <span class='ocrx_word' id='word_1_108' title='bbox 904 1579 1000 1649; x_wconf 84' lang='grc' dir='ltr'>τὴν</span> <span class='ocrx_word' id='word_1_109' title='bbox 1030 1581 1158 1651; x_wconf 80' lang='grc' dir='ltr'>περὶ</span> <span class='ocrx_word' id='word_1_110' title='bbox 1200 1582 1359 1634; x_wconf 80' lang='grc' dir='ltr'>αὐτὸν</span> <span class='ocrx_word' id='word_1_111' title='bbox 1389 1580 1619 1638; x_wconf 76' lang='grc' dir='ltr'>εὔνοιαν.</span> <span class='ocrx_word' id='word_1_112' title='bbox 1662 1581 1877 1654; x_wconf 82' lang='grc' dir='ltr'>Ἐπειδὴ</span> 
     </span>
    </p>
   </div>
   <div class='ocr_carea' id='block_1_15' title="bbox 206 1664 1877 1737">
    <p class='ocr_par' dir='ltr' id='par_1_15' title="bbox 206 1664 1877 1737">
     <span class='ocr_line' id='line_1_15' title="bbox 206 1664 1877 1737; baseline 0.002 -21"><span class='ocrx_word' id='word_1_113' title='bbox 206 1666 341 1734; x_wconf 76' lang='lat'><strong>7&#39;19.</strong></span> <span class='ocrx_word' id='word_1_114' title='bbox 378 1665 479 1734; x_wconf 90' lang='grc' dir='ltr'>τῆς</span> <span class='ocrx_word' id='word_1_115' title='bbox 505 1665 768 1735; x_wconf 83' lang='grc' dir='ltr'>ἀνατολῆς</span> <span class='ocrx_word' id='word_1_116' title='bbox 790 1664 881 1717; x_wconf 84' lang='grc' dir='ltr'>τοῦ</span> <span class='ocrx_word' id='word_1_117' title='bbox 916 1666 1067 1735; x_wconf 86' lang='grc' dir='ltr'>ήλίου</span> <span class='ocrx_word' id='word_1_118' title='bbox 1110 1666 1408 1737; x_wconf 84' lang='grc' dir='ltr'>γενομένης</span> <span class='ocrx_word' id='word_1_119' title='bbox 1429 1706 1444 1731; x_wconf 91' lang='grc'>,</span> <span class='ocrx_word' id='word_1_120' title='bbox 1484 1670 1513 1720; x_wconf 89' lang='lat'>6</span> <span class='ocrx_word' id='word_1_121' title='bbox 1545 1666 1643 1736; x_wconf 80' lang='grc' dir='ltr'>μὲν</span> <span class='ocrx_word' id='word_1_122' title='bbox 1672 1667 1877 1731; x_wconf 91' lang='grc' dir='ltr'>δίκαιος</span> 
     </span>
    </p>
   </div>
   <div class='ocr_carea' id='block_1_16' title="bbox 202 1751 1877 1826">
    <p class='ocr_par' dir='ltr' id='par_1_16' title="bbox 202 1751 1877 1826">
     <span class='ocr_line' id='line_1_16' title="bbox 202 1751 1877 1826; baseline 0.002 -22"><span class='ocrx_word' id='word_1_123' title='bbox 202 1751 332 1804; x_wconf 82' lang='grc' dir='ltr'>Λὼτ</span> <span class='ocrx_word' id='word_1_124' title='bbox 358 1754 438 1814; x_wconf 85' lang='grc' dir='ltr'>εἰς</span> <span class='ocrx_word' id='word_1_125' title='bbox 465 1754 564 1821; x_wconf 83' lang='grc' dir='ltr'>τὴν</span> <span class='ocrx_word' id='word_1_126' title='bbox 586 1752 780 1823; x_wconf 86' lang='grc' dir='ltr'>Σηγὼρ</span> <span class='ocrx_word' id='word_1_127' title='bbox 809 1753 1063 1823; x_wconf 79' lang='grc' dir='ltr'>διεσώθη,</span> <span class='ocrx_word' id='word_1_128' title='bbox 1087 1755 1135 1806; x_wconf 84' lang='grc' dir='ltr'>οἰ</span> <span class='ocrx_word' id='word_1_129' title='bbox 1162 1754 1218 1807; x_wconf 86' lang='grc' dir='ltr'>δέ</span> <span class='ocrx_word' id='word_1_130' title='bbox 1243 1755 1312 1807; x_wconf 83' lang='grc' dir='ltr'>τά</span> <span class='ocrx_word' id='word_1_131' title='bbox 1334 1756 1538 1826; x_wconf 86' lang='grc' dir='ltr'>Σόδομα</span> <span class='ocrx_word' id='word_1_132' title='bbox 1564 1756 1877 1809; x_wconf 85' lang='grc' dir='ltr'>κατοικοῦν-</span> 
     </span>
    </p>
   </div>
   <div class='ocr_carea' id='block_1_17' title="bbox 200 1839 1879 1913">
    <p class='ocr_par' dir='ltr' id='par_1_17' title="bbox 200 1839 1879 1913">
     <span class='ocr_line' id='line_1_17' title="bbox 200 1839 1879 1913; baseline 0.004 -22"><span class='ocrx_word' id='word_1_133' title='bbox 200 1856 298 1902; x_wconf 80' lang='grc' dir='ltr'>τες</span> <span class='ocrx_word' id='word_1_134' title='bbox 330 1839 436 1891; x_wconf 81' lang='grc' dir='ltr'>ὑπὸ</span> <span class='ocrx_word' id='word_1_135' title='bbox 462 1840 560 1910; x_wconf 84' lang='grc' dir='ltr'>τὴν</span> <span class='ocrx_word' id='word_1_136' title='bbox 583 1839 740 1911; x_wconf 92' lang='grc' dir='ltr'>δίκην</span> <span class='ocrx_word' id='word_1_137' title='bbox 762 1840 1066 1908; x_wconf 89' lang='grc' dir='ltr'>γεγόνασιν,</span> <span class='ocrx_word' id='word_1_138' title='bbox 1094 1841 1122 1892; x_wconf 92' lang='lat'>6</span> <span class='ocrx_word' id='word_1_139' title='bbox 1149 1842 1492 1912; x_wconf 86' lang='grc' dir='ltr'>πατριάρχης</span> <span class='ocrx_word' id='word_1_140' title='bbox 1522 1844 1656 1913; x_wconf 80' lang='grc' dir='ltr'>ὁμοῦ</span> <span class='ocrx_word' id='word_1_141' title='bbox 1692 1844 1879 1897; x_wconf 81' lang='grc' dir='ltr'>κάκεί-</span> 
     </span>
    </p>
   </div>
   <div class='ocr_carea' id='block_1_18' title="bbox 202 1926 1878 1998">
    <p class='ocr_par' dir='ltr' id='par_1_18' title="bbox 202 1926 1878 1998">
     <span class='ocr_line' id='line_1_18' title="bbox 202 1926 1878 1998; baseline 0.002 -20"><span class='ocrx_word' id='word_1_142' title='bbox 202 1942 331 1988; x_wconf 88' lang='grc' dir='ltr'>νους</span> <span class='ocrx_word' id='word_1_143' title='bbox 351 1926 639 1997; x_wconf 76' lang='grc' dir='ltr'>οἰκτείρων</span> <span class='ocrx_word' id='word_1_144' title='bbox 666 1927 765 1995; x_wconf 85' lang='grc' dir='ltr'>τῆς</span> <span class='ocrx_word' id='word_1_145' title='bbox 793 1926 1087 1990; x_wconf 83' lang='grc' dir='ltr'>ἀπωλείας,</span> <span class='ocrx_word' id='word_1_146' title='bbox 1122 1927 1189 1997; x_wconf 81' lang='grc' dir='ltr'>ἥν</span> <span class='ocrx_word' id='word_1_147' title='bbox 1212 1927 1301 1980; x_wconf 79' lang='grc' dir='ltr'>διὰ</span> <span class='ocrx_word' id='word_1_148' title='bbox 1329 1929 1429 1996; x_wconf 87' lang='grc' dir='ltr'>τὴν</span> <span class='ocrx_word' id='word_1_149' title='bbox 1456 1929 1662 1981; x_wconf 87' lang='grc' dir='ltr'>οἰκείαν</span> <span class='ocrx_word' id='word_1_150' title='bbox 1698 1946 1878 1998; x_wconf 88' lang='grc' dir='ltr'>παρα-</span> 
     </span>
    </p>
   </div>
   <div class='ocr_carea' id='block_1_19' title="bbox 203 2014 1879 2087">
    <p class='ocr_par' dir='ltr' id='par_1_19' title="bbox 203 2014 1879 2087">
     <span class='ocr_line' id='line_1_19' title="bbox 203 2014 1879 2087; baseline 0.002 -22"><span class='ocrx_word' id='word_1_151' title='bbox 203 2014 401 2082; x_wconf 89' lang='grc' dir='ltr'>νομίαν</span> <span class='ocrx_word' id='word_1_152' title='bbox 426 2014 750 2083; x_wconf 82' lang='grc' dir='ltr'>ὑπέμειναν,</span> <span class='ocrx_word' id='word_1_153' title='bbox 783 2014 875 2067; x_wconf 77' lang='grc' dir='ltr'>καὶ</span> <span class='ocrx_word' id='word_1_154' title='bbox 910 2015 1037 2085; x_wconf 76' lang='grc' dir='ltr'>περὶ</span> <span class='ocrx_word' id='word_1_155' title='bbox 1066 2015 1158 2067; x_wconf 77' lang='grc' dir='ltr'>τοῦ</span> <span class='ocrx_word' id='word_1_156' title='bbox 1186 2015 1395 2068; x_wconf 80' lang='grc' dir='ltr'>δικαίου</span> <span class='ocrx_word' id='word_1_157' title='bbox 1420 2016 1623 2086; x_wconf 85' lang='grc' dir='ltr'>σφόδρα</span> <span class='ocrx_word' id='word_1_158' title='bbox 1662 2017 1879 2087; x_wconf 90' lang='grc' dir='ltr'>φροντί-</span> 
     </span>
    </p>
   </div>
   <div class='ocr_carea' id='block_1_20' title="bbox 204 2098 1880 2174">
    <p class='ocr_par' dir='ltr' id='par_1_20' title="bbox 204 2098 1880 2174">
     <span class='ocr_line' id='line_1_20' title="bbox 204 2098 1880 2174; baseline 0.003 -22"><span class='ocrx_word' id='word_1_159' title='bbox 204 2098 339 2163; x_wconf 78' lang='grc' dir='ltr'>ζων,</span> <span class='ocrx_word' id='word_1_160' title='bbox 373 2101 656 2170; x_wconf 86' lang='grc' dir='ltr'>όρθρίσας,</span> <span class='ocrx_word' id='word_1_161' title='bbox 690 2101 843 2170; x_wconf 79' lang='grc' dir='ltr'>φησὶ,</span> <span class='ocrx_word' id='word_1_162' title='bbox 868 2102 1222 2171; x_wconf 84' lang='grc' dir='ltr'>περιεσκόπει</span> <span class='ocrx_word' id='word_1_163' title='bbox 1252 2103 1319 2156; x_wconf 78' lang='grc' dir='ltr'>τὰ</span> <span class='ocrx_word' id='word_1_164' title='bbox 1352 2105 1712 2174; x_wconf 82' lang='grc' dir='ltr'>γεγενημένα.</span> <span class='ocrx_word' id='word_1_165' title='bbox 1746 2106 1880 2172; x_wconf 76' lang='grc' dir='ltr'>Ὠρ-</span> 
     </span>
    </p>
   </div>
   <div class='ocr_carea' id='block_1_21' title="bbox 206 2186 1877 2258">
    <p class='ocr_par' dir='ltr' id='par_1_21' title="bbox 206 2186 1877 2258">
     <span class='ocr_line' id='line_1_21' title="bbox 206 2186 1877 2258; baseline 0.002 -17"><span class='ocrx_word' id='word_1_166' title='bbox 206 2191 377 2255; x_wconf 85' lang='grc' dir='ltr'>θρισε</span> <span class='ocrx_word' id='word_1_167' title='bbox 401 2186 532 2257; x_wconf 78' lang='grc' dir='ltr'>γὰρ,</span> <span class='ocrx_word' id='word_1_168' title='bbox 574 2188 759 2258; x_wconf 82' lang='grc' dir='ltr'>φησὶν,</span> <span class='ocrx_word' id='word_1_169' title='bbox 804 2189 1059 2258; x_wconf 82' lang='grc' dir='ltr'>’Λϐραὰμ</span> <span class='ocrx_word' id='word_1_170' title='bbox 1104 2188 1186 2254; x_wconf 87' lang='grc' dir='ltr'>τῷ</span> <span class='ocrx_word' id='word_1_171' title='bbox 1217 2190 1367 2257; x_wconf 85' lang='grc' dir='ltr'>πρωῒ</span> <span class='ocrx_word' id='word_1_172' title='bbox 1395 2193 1482 2256; x_wconf 82' lang='grc' dir='ltr'>εἰς</span> <span class='ocrx_word' id='word_1_173' title='bbox 1524 2190 1629 2244; x_wconf 88' lang='grc' dir='ltr'>τὸν</span> <span class='ocrx_word' id='word_1_174' title='bbox 1668 2190 1877 2257; x_wconf 80' lang='grc' dir='ltr'>τόπον,</span> 
     </span>
    </p>
   </div>
   <div class='ocr_carea' id='block_1_22' title="bbox 206 2269 1879 2346">
    <p class='ocr_par' dir='ltr' id='par_1_22' title="bbox 206 2269 1879 2346">
     <span class='ocr_line' id='line_1_22' title="bbox 206 2269 1879 2346; baseline 0.003 -20"><span class='ocrx_word' id='word_1_175' title='bbox 206 2269 280 2328; x_wconf 86' lang='grc' dir='ltr'>οὗ</span> <span class='ocrx_word' id='word_1_176' title='bbox 303 2272 567 2340; x_wconf 71' lang='grc' dir='ltr'>εἱστήκει</span> <span class='ocrx_word' id='word_1_177' title='bbox 594 2274 874 2327; x_wconf 84' lang='grc' dir='ltr'>ἐναντίον</span> <span class='ocrx_word' id='word_1_178' title='bbox 919 2275 1026 2328; x_wconf 88' lang='grc' dir='ltr'>τοῦ</span> <span class='ocrx_word' id='word_1_179' title='bbox 1076 2275 1244 2339; x_wconf 81' lang='grc' dir='ltr'>Θεοῦ,</span> <span class='ocrx_word' id='word_1_180' title='bbox 1280 2277 1376 2329; x_wconf 79' lang='grc' dir='ltr'>καὶ</span> <span class='ocrx_word' id='word_1_181' title='bbox 1409 2276 1742 2346; x_wconf 75' lang='grc' dir='ltr'>ἐπέϐλεψεν</span> <span class='ocrx_word' id='word_1_182' title='bbox 1777 2278 1879 2331; x_wconf 76' lang='grc' dir='ltr'>ἐπὶ</span> 
     </span>
    </p>
   </div>
   <div class='ocr_carea' id='block_1_23' title="bbox 205 2360 1876 2433">
    <p class='ocr_par' dir='ltr' id='par_1_23' title="bbox 205 2360 1876 2433">
     <span class='ocr_line' id='line_1_23' title="bbox 205 2360 1876 2433; baseline 0.003 -21"><span class='ocrx_word' id='word_1_183' title='bbox 205 2361 536 2426; x_wconf 79' lang='grc' dir='ltr'>πρόσωπον</span> <span class='ocrx_word' id='word_1_184' title='bbox 582 2360 693 2429; x_wconf 82' lang='grc' dir='ltr'>τῆς</span> <span class='ocrx_word' id='word_1_185' title='bbox 729 2360 1058 2430; x_wconf 84' lang='grc' dir='ltr'>περιχώρου</span> <span class='ocrx_word' id='word_1_186' title='bbox 1092 2364 1370 2431; x_wconf 82' lang='grc' dir='ltr'>Σοδόμων</span> <span class='ocrx_word' id='word_1_187' title='bbox 1410 2363 1503 2417; x_wconf 76' lang='grc' dir='ltr'>καὶ</span> <span class='ocrx_word' id='word_1_188' title='bbox 1550 2366 1876 2433; x_wconf 56' lang='grc' dir='ltr'>Γομόρρας,</span> 
     </span>
    </p>
   </div>
   <div class='ocr_carea' id='block_1_24' title="bbox 205 2445 1878 2520">
    <p class='ocr_par' dir='ltr' id='par_1_24' title="bbox 205 2445 1878 2520">
     <span class='ocr_line' id='line_1_24' title="bbox 205 2445 1878 2520; baseline 0.004 -21"><span class='ocrx_word' id='word_1_189' title='bbox 205 2448 309 2500; x_wconf 77' lang='grc' dir='ltr'>καὶ</span> <span class='ocrx_word' id='word_1_190' title='bbox 348 2445 488 2501; x_wconf 75' lang='grc' dir='ltr'>εἶδε.</span> <span class='ocrx_word' id='word_1_191' title='bbox 518 2450 627 2502; x_wconf 83' lang='grc' dir='ltr'>Καὶ</span> <span class='ocrx_word' id='word_1_192' title='bbox 653 2449 783 2502; x_wconf 83' lang='grc' dir='ltr'>ἰδοὺ</span> <span class='ocrx_word' id='word_1_193' title='bbox 816 2450 1089 2503; x_wconf 77' lang='grc' dir='ltr'>ἀνέϐαινε</span> <span class='ocrx_word' id='word_1_194' title='bbox 1127 2451 1283 2518; x_wconf 63' lang='grc' dir='ltr'>φλὸξ</span> <span class='ocrx_word' id='word_1_195' title='bbox 1305 2452 1373 2504; x_wconf 81' lang='grc' dir='ltr'>ἐκ</span> <span class='ocrx_word' id='word_1_196' title='bbox 1418 2451 1527 2518; x_wconf 82' lang='grc' dir='ltr'>τῆς</span> <span class='ocrx_word' id='word_1_197' title='bbox 1558 2451 1691 2520; x_wconf 79' lang='grc' dir='ltr'>γῆς,</span> <span class='ocrx_word' id='word_1_198' title='bbox 1734 2453 1878 2506; x_wconf 82' lang='grc' dir='ltr'>ώσεί</span> 
     </span>
    </p>
   </div>
   <div class='ocr_carea' id='block_1_25' title="bbox 210 2537 1876 2608">
    <p class='ocr_par' dir='ltr' id='par_1_25' title="bbox 210 2537 1876 2608">
     <span class='ocr_line' id='line_1_25' title="bbox 210 2537 1876 2608; baseline 0.001 -20"><span class='ocrx_word' id='word_1_199' title='bbox 210 2537 385 2603; x_wconf 73' lang='grc' dir='ltr'>ἀτμίς</span> <span class='ocrx_word' id='word_1_200' title='bbox 414 2537 686 2605; x_wconf 81' lang='grc' dir='ltr'>καμίνου.</span> <span class='ocrx_word' id='word_1_201' title='bbox 739 2538 827 2589; x_wconf 85' lang='grc' dir='ltr'>Ἐν</span> <span class='ocrx_word' id='word_1_202' title='bbox 860 2538 1075 2607; x_wconf 86' lang='grc' dir='ltr'>ἐκείνῳ,</span> <span class='ocrx_word' id='word_1_203' title='bbox 1119 2539 1270 2607; x_wconf 75' lang='grc' dir='ltr'>φησὶ,</span> <span class='ocrx_word' id='word_1_204' title='bbox 1323 2539 1401 2608; x_wconf 82' lang='grc' dir='ltr'>τῷ</span> <span class='ocrx_word' id='word_1_205' title='bbox 1432 2541 1581 2608; x_wconf 85' lang='grc' dir='ltr'>τόπῳ</span> <span class='ocrx_word' id='word_1_206' title='bbox 1618 2538 1876 2607; x_wconf 83' lang='grc' dir='ltr'>γεγονὼς,</span> 
     </span>
    </p>
   </div>
   <div class='ocr_carea' id='block_1_26' title="bbox 207 2622 1880 2697">
    <p class='ocr_par' dir='ltr' id='par_1_26' title="bbox 207 2622 1880 2697">
     <span class='ocr_line' id='line_1_26' title="bbox 207 2622 1880 2697; baseline 0.004 -24"><span class='ocrx_word' id='word_1_207' title='bbox 207 2622 338 2674; x_wconf 76' lang='grc' dir='ltr'>ἔνθα</span> <span class='ocrx_word' id='word_1_208' title='bbox 367 2624 462 2693; x_wconf 82' lang='grc' dir='ltr'>τὴν</span> <span class='ocrx_word' id='word_1_209' title='bbox 492 2624 724 2688; x_wconf 81' lang='grc' dir='ltr'>διάλεξιν</span> <span class='ocrx_word' id='word_1_210' title='bbox 752 2624 885 2697; x_wconf 83' lang='grc' dir='ltr'>πρὸς</span> <span class='ocrx_word' id='word_1_211' title='bbox 911 2626 1001 2677; x_wconf 89' lang='grc' dir='ltr'>τὸν</span> <span class='ocrx_word' id='word_1_212' title='bbox 1023 2626 1297 2695; x_wconf 79' lang='grc' dir='ltr'>Δεσπότην</span> <span class='ocrx_word' id='word_1_213' title='bbox 1333 2630 1641 2696; x_wconf 83' lang='grc' dir='ltr'>ἐποιήσατο,</span> <span class='ocrx_word' id='word_1_214' title='bbox 1670 2628 1763 2679; x_wconf 75' lang='grc' dir='ltr'>καὶ</span> <span class='ocrx_word' id='word_1_215' title='bbox 1784 2626 1880 2697; x_wconf 83' lang='grc' dir='ltr'>τὴν</span> 
     </span>
    </p>
   </div>
   <div class='ocr_carea' id='block_1_27' title="bbox 215 2709 1881 2783">
    <p class='ocr_par' dir='ltr' id='par_1_27' title="bbox 215 2709 1881 2783">
     <span class='ocr_line' id='line_1_27' title="bbox 215 2709 1881 2783; baseline 0.004 -24"><span class='ocrx_word' id='word_1_216' title='bbox 215 2709 342 2778; x_wconf 76' lang='grc' dir='ltr'>περὶ</span> <span class='ocrx_word' id='word_1_217' title='bbox 387 2710 496 2761; x_wconf 87' lang='grc' dir='ltr'>τῶν</span> <span class='ocrx_word' id='word_1_218' title='bbox 522 2712 581 2762; x_wconf 92' lang='grc' dir='ltr'>ἐν</span> <span class='ocrx_word' id='word_1_219' title='bbox 633 2710 884 2780; x_wconf 84' lang='grc' dir='ltr'>Σοδόμοις</span> <span class='ocrx_word' id='word_1_220' title='bbox 932 2712 1298 2781; x_wconf 80' lang='grc' dir='ltr'>παράκλησιν,</span> <span class='ocrx_word' id='word_1_221' title='bbox 1332 2712 1476 2782; x_wconf 90' lang='grc' dir='ltr'>ἐώρα</span> <span class='ocrx_word' id='word_1_222' title='bbox 1509 2714 1606 2781; x_wconf 85' lang='grc' dir='ltr'>τῆς</span> <span class='ocrx_word' id='word_1_223' title='bbox 1647 2713 1881 2783; x_wconf 79' lang='grc' dir='ltr'>φοϐερᾶς</span> 
     </span>
    </p>
   </div>
   <div class='ocr_carea' id='block_1_28' title="bbox 206 2796 1880 2871">
    <p class='ocr_par' dir='ltr' id='par_1_28' title="bbox 206 2796 1880 2871">
     <span class='ocr_line' id='line_1_28' title="bbox 206 2796 1880 2871; baseline 0.003 -23"><span class='ocrx_word' id='word_1_224' title='bbox 206 2796 426 2868; x_wconf 78' lang='grc' dir='ltr'>ἐκείνης</span> <span class='ocrx_word' id='word_1_225' title='bbox 448 2799 719 2871; x_wconf 70' lang='grc' dir='ltr'>τιμωρίας</span> <span class='ocrx_word' id='word_1_226' title='bbox 752 2799 818 2851; x_wconf 87' lang='grc' dir='ltr'>τά</span> <span class='ocrx_word' id='word_1_227' title='bbox 842 2800 981 2869; x_wconf 77' lang='grc' dir='ltr'>ἴχνη.</span> <span class='ocrx_word' id='word_1_228' title='bbox 1007 2800 1211 2852; x_wconf 77' lang='grc' dir='ltr'>καὶτοῦ</span> <span class='ocrx_word' id='word_1_229' title='bbox 1242 2800 1449 2852; x_wconf 81' lang='grc' dir='ltr'>δικαίου</span> <span class='ocrx_word' id='word_1_230' title='bbox 1473 2801 1655 2852; x_wconf 77' lang='grc' dir='ltr'>ἕνεκεν</span> <span class='ocrx_word' id='word_1_231' title='bbox 1692 2801 1880 2870; x_wconf 86' lang='grc' dir='ltr'>μαθεῖν</span> 
     </span>
    </p>
   </div>
   <div class='ocr_carea' id='block_1_29' title="bbox 208 2884 1883 2958">
    <p class='ocr_par' dir='ltr' id='par_1_29' title="bbox 208 2884 1883 2958">
     <span class='ocr_line' id='line_1_29' title="bbox 208 2884 1883 2958; baseline 0.003 -24"><span class='ocrx_word' id='word_1_232' title='bbox 208 2901 261 2935; x_wconf 90' lang='grc' dir='ltr'>τι</span> <span class='ocrx_word' id='word_1_233' title='bbox 295 2884 579 2955; x_wconf 76' lang='grc' dir='ltr'>ἐπεθύμει.</span> <span class='ocrx_word' id='word_1_234' title='bbox 605 2886 856 2938; x_wconf 85' lang='grc' dir='ltr'>Τοιοῦτον</span> <span class='ocrx_word' id='word_1_235' title='bbox 882 2886 989 2957; x_wconf 71' lang='grc' dir='ltr'>γὰρ</span> <span class='ocrx_word' id='word_1_236' title='bbox 1017 2887 1123 2938; x_wconf 90' lang='grc' dir='ltr'>τῶν</span> <span class='ocrx_word' id='word_1_237' title='bbox 1152 2887 1321 2955; x_wconf 83' lang='grc' dir='ltr'>ἁγίων</span> <span class='ocrx_word' id='word_1_238' title='bbox 1348 2888 1407 2939; x_wconf 72' lang='grc' dir='ltr'>τὸ</span> <span class='ocrx_word' id='word_1_239' title='bbox 1433 2888 1569 2949; x_wconf 83' lang='grc' dir='ltr'>ἔθος,</span> <span class='ocrx_word' id='word_1_240' title='bbox 1603 2887 1883 2958; x_wconf 85' lang='grc' dir='ltr'>φιλόστορ-</span> 
     </span>
    </p>
   </div>
   <div class='ocr_carea' id='block_1_30' title="bbox 211 2970 1882 3045">
    <p class='ocr_par' dir='ltr' id='par_1_30' title="bbox 211 2970 1882 3045">
     <span class='ocr_line' id='line_1_30' title="bbox 211 2970 1882 3045; baseline 0.004 -24"><span class='ocrx_word' id='word_1_241' title='bbox 211 2986 308 3037; x_wconf 88' lang='grc' dir='ltr'>γον</span> <span class='ocrx_word' id='word_1_242' title='bbox 344 2971 433 3022; x_wconf 75' lang='grc' dir='ltr'>καὶ</span> <span class='ocrx_word' id='word_1_243' title='bbox 468 2970 903 3042; x_wconf 89' lang='grc' dir='ltr'>συμπαθητικόν.</span> <span class='ocrx_word' id='word_1_244' title='bbox 960 2972 1069 3024; x_wconf 75' lang='grc' dir='ltr'>Καὶ</span> <span class='ocrx_word' id='word_1_245' title='bbox 1115 2972 1203 3025; x_wconf 83' lang='grc' dir='ltr'>ἵνα</span> <span class='ocrx_word' id='word_1_246' title='bbox 1262 2973 1447 3045; x_wconf 81' lang='grc' dir='ltr'>διδάξῃ</span> <span class='ocrx_word' id='word_1_247' title='bbox 1498 2976 1642 3044; x_wconf 75' lang='grc' dir='ltr'>ἡμᾶς</span> <span class='ocrx_word' id='word_1_248' title='bbox 1694 2974 1882 3045; x_wconf 82' lang='grc' dir='ltr'>ήθεία</span> 
     </span>
    </p>
   </div>
   <div class='ocr_carea' id='block_1_31' title="bbox 212 3057 1880 3132">
    <p class='ocr_par' dir='ltr' id='par_1_31' title="bbox 212 3057 1880 3132">
     <span class='ocr_line' id='line_1_31' title="bbox 212 3057 1880 3132; baseline 0.003 -24"><span class='ocrx_word' id='word_1_249' title='bbox 212 3057 423 3129; x_wconf 85' lang='grc' dir='ltr'>Γραφὴ,</span> <span class='ocrx_word' id='word_1_250' title='bbox 453 3059 534 3110; x_wconf 86' lang='grc' dir='ltr'>ὅτι</span> <span class='ocrx_word' id='word_1_251' title='bbox 569 3058 770 3121; x_wconf 81' lang='grc' dir='ltr'>εὐθέως</span> <span class='ocrx_word' id='word_1_252' title='bbox 812 3058 959 3129; x_wconf 83' lang='grc' dir='ltr'>αὐτῷ</span> <span class='ocrx_word' id='word_1_253' title='bbox 987 3059 1176 3112; x_wconf 87' lang='grc' dir='ltr'>τούτου</span> <span class='ocrx_word' id='word_1_254' title='bbox 1219 3060 1316 3131; x_wconf 80' lang='grc' dir='ltr'>τὴν</span> <span class='ocrx_word' id='word_1_255' title='bbox 1348 3061 1545 3127; x_wconf 84' lang='grc' dir='ltr'>γνῶσιν</span> <span class='ocrx_word' id='word_1_256' title='bbox 1572 3061 1823 3130; x_wconf 85' lang='grc' dir='ltr'>ἐνέθηκεν</span> <span class='ocrx_word' id='word_1_257' title='bbox 1849 3064 1880 3132; x_wconf 85' lang='grc' dir='ltr'>ή</span> 
     </span>
    </p>
   </div>
   <div class='ocr_carea' id='block_1_32' title="bbox 209 3144 1881 3219">
    <p class='ocr_par' dir='ltr' id='par_1_32' title="bbox 209 3144 1881 3219">
     <span class='ocr_line' id='line_1_32' title="bbox 209 3144 1881 3219; baseline 0.004 -24"><span class='ocrx_word' id='word_1_258' title='bbox 209 3144 307 3196; x_wconf 90' lang='grc' dir='ltr'>τοῦ</span> <span class='ocrx_word' id='word_1_259' title='bbox 342 3144 658 3214; x_wconf 82' lang='grc' dir='ltr'>Πνεύματος</span> <span class='ocrx_word' id='word_1_260' title='bbox 696 3146 877 3216; x_wconf 85' lang='grc' dir='ltr'>χάρις,</span> <span class='ocrx_word' id='word_1_261' title='bbox 932 3148 1064 3217; x_wconf 84' lang='grc' dir='ltr'>όμοῦ</span> <span class='ocrx_word' id='word_1_262' title='bbox 1105 3147 1160 3199; x_wconf 89' lang='grc' dir='ltr'>δέ</span> <span class='ocrx_word' id='word_1_263' title='bbox 1192 3149 1286 3201; x_wconf 69' lang='grc' dir='ltr'>καὶ</span> <span class='ocrx_word' id='word_1_264' title='bbox 1317 3148 1407 3200; x_wconf 86' lang='grc' dir='ltr'>τὸν</span> <span class='ocrx_word' id='word_1_265' title='bbox 1437 3148 1642 3201; x_wconf 89' lang='grc' dir='ltr'>δίκαιον</span> <span class='ocrx_word' id='word_1_266' title='bbox 1669 3150 1753 3202; x_wconf 81' lang='grc' dir='ltr'>ἵνα</span> <span class='ocrx_word' id='word_1_267' title='bbox 1782 3150 1881 3219; x_wconf 90' lang='grc' dir='ltr'>τῆς</span> 
     </span>
    </p>
   </div>
   <div class='ocr_carea' id='block_1_33' title="bbox 212 3232 1881 3305">
    <p class='ocr_par' dir='ltr' id='par_1_33' title="bbox 212 3232 1881 3305">
     <span class='ocr_line' id='line_1_33' title="bbox 212 3232 1881 3305; baseline 0.005 -22"><span class='ocrx_word' id='word_1_268' title='bbox 212 3232 464 3303; x_wconf 74' lang='grc' dir='ltr'>περὶτοῦ</span> <span class='ocrx_word' id='word_1_269' title='bbox 504 3233 627 3285; x_wconf 84' lang='grc' dir='ltr'>Λὼτ</span> <span class='ocrx_word' id='word_1_270' title='bbox 678 3233 961 3305; x_wconf 76' lang='grc' dir='ltr'>ἀπαλλάξῃ</span> <span class='ocrx_word' id='word_1_271' title='bbox 999 3235 1273 3305; x_wconf 84' lang='grc' dir='ltr'>φροντίδος</span> <span class='ocrx_word' id='word_1_272' title='bbox 1304 3248 1353 3298; x_wconf 78' lang='grc' dir='ltr'>ιι,</span> <span class='ocrx_word' id='word_1_273' title='bbox 1407 3238 1603 3305; x_wconf 85' lang='grc' dir='ltr'>φησίν’</span> <span class='ocrx_word' id='word_1_274' title='bbox 1650 3238 1752 3290; x_wconf 85' lang='grc' dir='ltr'>Ἐν</span> <span class='ocrx_word' id='word_1_275' title='bbox 1803 3237 1881 3304; x_wconf 84' lang='grc' dir='ltr'>τῷ</span> 
     </span>
    </p>
   </div>
   <div class='ocr_carea' id='block_1_34' title="bbox 209 3320 1880 3396">
    <p class='ocr_par' dir='ltr' id='par_1_34' title="bbox 209 3320 1880 3396">
     <span class='ocr_line' id='line_1_34' title="bbox 209 3320 1880 3396; baseline 0.006 -24"><span class='ocrx_word' id='word_1_276' title='bbox 209 3320 480 3389; x_wconf 64' lang='grc' dir='ltr'>ἐκτρῖψαι</span> <span class='ocrx_word' id='word_1_277' title='bbox 508 3324 725 3390; x_wconf 83' lang='grc' dir='ltr'>Κύριον</span> <span class='ocrx_word' id='word_1_278' title='bbox 758 3324 863 3389; x_wconf 82' lang='grc' dir='ltr'>τὰς</span> <span class='ocrx_word' id='word_1_279' title='bbox 889 3327 1096 3389; x_wconf 72' lang='grc' dir='ltr'>πόλεις</span> <span class='ocrx_word' id='word_1_280' title='bbox 1130 3322 1237 3390; x_wconf 80' lang='grc' dir='ltr'>τῆς</span> <span class='ocrx_word' id='word_1_281' title='bbox 1264 3328 1583 3391; x_wconf 80' lang='grc' dir='ltr'>περιοίκου,</span> <span class='ocrx_word' id='word_1_282' title='bbox 1606 3326 1880 3396; x_wconf 80' lang='grc' dir='ltr'>ἐμνήσθη</span> 
     </span>
    </p>
   </div>
   <div class='ocr_carea' id='block_1_35' title="bbox 210 3410 1882 3479">
    <p class='ocr_par' dir='ltr' id='par_1_35' title="bbox 210 3410 1882 3479">
     <span class='ocr_line' id='line_1_35' title="bbox 210 3410 1882 3479; baseline 0.004 -18"><span class='ocrx_word' id='word_1_283' title='bbox 210 3412 244 3462; x_wconf 84' lang='grc' dir='ltr'>ό</span> <span class='ocrx_word' id='word_1_284' title='bbox 271 3410 416 3475; x_wconf 84' lang='grc' dir='ltr'>Θεὸς</span> <span class='ocrx_word' id='word_1_285' title='bbox 442 3410 551 3463; x_wconf 86' lang='grc' dir='ltr'>τοῦ</span> <span class='ocrx_word' id='word_1_286' title='bbox 608 3411 882 3479; x_wconf 83' lang='grc' dir='ltr'>Ἀϐραὰμ,</span> <span class='ocrx_word' id='word_1_287' title='bbox 937 3412 1035 3465; x_wconf 81' lang='grc' dir='ltr'>καί</span> <span class='ocrx_word' id='word_1_288' title='bbox 1090 3412 1481 3476; x_wconf 76' lang='grc' dir='ltr'>ἐξαπέστειλε</span> <span class='ocrx_word' id='word_1_289' title='bbox 1509 3413 1615 3466; x_wconf 87' lang='grc' dir='ltr'>τὸν</span> <span class='ocrx_word' id='word_1_290' title='bbox 1646 3416 1777 3469; x_wconf 85' lang='grc' dir='ltr'>Λὼτ</span> <span class='ocrx_word' id='word_1_291' title='bbox 1812 3415 1882 3468; x_wconf 82' lang='grc' dir='ltr'>ἐκ</span> 
     </span>
    </p>
   </div>
   <div class='ocr_carea' id='block_1_36' title="bbox 207 3495 1883 3569">
    <p class='ocr_par' dir='ltr' id='par_1_36' title="bbox 207 3495 1883 3569">
     <span class='ocr_line' id='line_1_36' title="bbox 207 3495 1883 3569; baseline 0.003 -21"><span class='ocrx_word' id='word_1_292' title='bbox 207 3495 405 3564; x_wconf 83' lang='grc' dir='ltr'>μέσου</span> <span class='ocrx_word' id='word_1_293' title='bbox 432 3497 544 3563; x_wconf 84' lang='grc' dir='ltr'>τῆς</span> <span class='ocrx_word' id='word_1_294' title='bbox 566 3498 1009 3566; x_wconf 67' lang='grc' dir='ltr'>καταστροφῆς.</span> <span class='ocrx_word' id='word_1_295' title='bbox 1036 3500 1100 3551; x_wconf 93' lang='grc' dir='ltr'>Τί</span> <span class='ocrx_word' id='word_1_296' title='bbox 1128 3502 1294 3561; x_wconf 86' lang='grc' dir='ltr'>ἐστιν,</span> <span class='ocrx_word' id='word_1_297' title='bbox 1330 3501 1636 3569; x_wconf 77' lang='grc' dir='ltr'>Ἐμνήσθη</span> <span class='ocrx_word' id='word_1_298' title='bbox 1669 3505 1701 3554; x_wconf 84' lang='grc' dir='ltr'><em>ὁ</em></span> <span class='ocrx_word' id='word_1_299' title='bbox 1740 3502 1883 3567; x_wconf 81' lang='grc' dir='ltr'>Θεὸς</span> 
     </span>
    </p>
   </div>
   <div class='ocr_carea' id='block_1_37' title="bbox 208 3579 1879 3657">
    <p class='ocr_par' dir='ltr' id='par_1_37' title="bbox 208 3579 1879 3657">
     <span class='ocr_line' id='line_1_37' title="bbox 208 3579 1879 3657; baseline 0.004 -25"><span class='ocrx_word' id='word_1_300' title='bbox 208 3579 323 3633; x_wconf 80' lang='grc' dir='ltr'>τοῦ</span> <span class='ocrx_word' id='word_1_301' title='bbox 366 3581 614 3650; x_wconf 73' lang='grc' dir='ltr'>Ἁϐραάμ</span> <span class='ocrx_word' id='word_1_302' title='bbox 638 3598 657 3644; x_wconf 92' lang='grc'><em>;</em></span> <span class='ocrx_word' id='word_1_303' title='bbox 687 3582 799 3651; x_wconf 87' lang='grc' dir='ltr'>Τῆς</span> <span class='ocrx_word' id='word_1_304' title='bbox 828 3583 1241 3653; x_wconf 84' lang='grc' dir='ltr'>παρακλήσεως,</span> <span class='ocrx_word' id='word_1_305' title='bbox 1268 3586 1451 3655; x_wconf 80' lang='grc' dir='ltr'>φησὶν,</span> <span class='ocrx_word' id='word_1_306' title='bbox 1473 3581 1540 3657; x_wconf 84' lang='grc' dir='ltr'>ἦς</span> <span class='ocrx_word' id='word_1_307' title='bbox 1570 3587 1879 3656; x_wconf 86' lang='grc' dir='ltr'>ἐποιήσατο,</span> 
     </span>
    </p>
   </div>
   <div class='ocr_carea' id='block_1_38' title="bbox 212 3666 1883 3740">
    <p class='ocr_par' dir='ltr' id='par_1_38' title="bbox 212 3666 1883 3740">
     <span class='ocr_line' id='line_1_38' title="bbox 212 3666 1883 3740; baseline 0.004 -22"><span class='ocrx_word' id='word_1_308' title='bbox 212 3666 409 3734; x_wconf 78' lang='grc' dir='ltr'>λέγων,</span> <span class='ocrx_word' id='word_1_309' title='bbox 438 3668 535 3735; x_wconf 80' lang='grc' dir='ltr'>Μὴ</span> <span class='ocrx_word' id='word_1_310' title='bbox 573 3670 1007 3736; x_wconf 79' lang='grc' dir='ltr'>συναπολέσῃς</span> <span class='ocrx_word' id='word_1_311' title='bbox 1040 3669 1274 3723; x_wconf 78' lang='grc' dir='ltr'>δίκαιον</span> <span class='ocrx_word' id='word_1_312' title='bbox 1317 3674 1469 3740; x_wconf 80' lang='grc' dir='ltr'>μετὰ</span> <span class='ocrx_word' id='word_1_313' title='bbox 1506 3673 1788 3738; x_wconf 78' lang='grc' dir='ltr'>ἀσεϐοῦς.</span> <span class='ocrx_word' id='word_1_314' title='bbox 1819 3674 1883 3725; x_wconf 87' lang='grc' dir='ltr'>Τί</span> 
     </span>
    </p>
   </div>
   <div class='ocr_carea' id='block_1_39' title="bbox 214 3753 1881 3831">
    <p class='ocr_par' dir='ltr' id='par_1_39' title="bbox 214 3753 1881 3831">
     <span class='ocr_line' id='line_1_39' title="bbox 214 3753 1881 3831; baseline 0.004 -24"><span class='ocrx_word' id='word_1_315' title='bbox 214 3753 329 3813; x_wconf 76' lang='grc' dir='ltr'>οὖν.</span> <span class='ocrx_word' id='word_1_316' title='bbox 356 3756 420 3808; x_wconf 85' lang='grc' dir='ltr'>ἂν</span> <span class='ocrx_word' id='word_1_317' title='bbox 450 3757 593 3808; x_wconf 84' lang='grc' dir='ltr'>εἰποι</span> <span class='ocrx_word' id='word_1_318' title='bbox 620 3773 724 3819; x_wconf 91' lang='grc' dir='ltr'>τις,</span> <span class='ocrx_word' id='word_1_319' title='bbox 770 3756 858 3810; x_wconf 82' lang='grc' dir='ltr'>διὰ</span> <span class='ocrx_word' id='word_1_320' title='bbox 885 3756 982 3827; x_wconf 83' lang='grc' dir='ltr'>τὴν</span> <span class='ocrx_word' id='word_1_321' title='bbox 1025 3757 1367 3829; x_wconf 74' lang='grc' dir='ltr'>παράκλησιν</span> <span class='ocrx_word' id='word_1_322' title='bbox 1414 3759 1507 3811; x_wconf 90' lang='grc' dir='ltr'>τοῦ</span> <span class='ocrx_word' id='word_1_323' title='bbox 1544 3762 1881 3831; x_wconf 88' lang='grc' dir='ltr'>πατριάρχου</span> 
     </span>
    </p>
   </div>
   <div class='ocr_carea' id='block_1_40' title="bbox 214 3842 1879 3917">
    <p class='ocr_par' dir='ltr' id='par_1_40' title="bbox 214 3842 1879 3917">
     <span class='ocr_line' id='line_1_40' title="bbox 214 3842 1879 3917; baseline 0.003 -23"><span class='ocrx_word' id='word_1_324' title='bbox 214 3843 244 3894; x_wconf 98' lang='lat'>6</span> <span class='ocrx_word' id='word_1_325' title='bbox 279 3842 485 3905; x_wconf 88' lang='grc' dir='ltr'>δίκαιος</span> <span class='ocrx_word' id='word_1_326' title='bbox 508 3842 760 3913; x_wconf 85' lang='grc' dir='ltr'>διεσώθη,</span> <span class='ocrx_word' id='word_1_327' title='bbox 791 3844 885 3896; x_wconf 70' lang='grc' dir='ltr'>καὶ</span> <span class='ocrx_word' id='word_1_328' title='bbox 921 3843 1041 3914; x_wconf 76' lang='grc' dir='ltr'>οὐχὶ</span> <span class='ocrx_word' id='word_1_329' title='bbox 1080 3845 1167 3897; x_wconf 84' lang='grc' dir='ltr'>διὰ</span> <span class='ocrx_word' id='word_1_330' title='bbox 1195 3845 1293 3914; x_wconf 86' lang='grc' dir='ltr'>τὴν</span> <span class='ocrx_word' id='word_1_331' title='bbox 1335 3846 1468 3898; x_wconf 86' lang='grc' dir='ltr'>ἰδίαν</span> <span class='ocrx_word' id='word_1_332' title='bbox 1497 3847 1879 3917; x_wconf 83' lang='grc' dir='ltr'>δικαιοσύνην;</span> 
     </span>
    </p>
   </div>
   <div class='ocr_carea' id='block_1_41' title="bbox 216 3929 1882 4004">
    <p class='ocr_par' dir='ltr' id='par_1_41' title="bbox 216 3929 1882 4004">
     <span class='ocr_line' id='line_1_41' title="bbox 216 3929 1882 4004; baseline 0.004 -23"><span class='ocrx_word' id='word_1_333' title='bbox 216 3929 345 3992; x_wconf 70' lang='grc' dir='ltr'>Ναὶ,</span> <span class='ocrx_word' id='word_1_334' title='bbox 376 3931 470 3982; x_wconf 81' lang='grc' dir='ltr'>καὶ</span> <span class='ocrx_word' id='word_1_335' title='bbox 524 3930 612 3983; x_wconf 73' lang='grc' dir='ltr'>διὰ</span> <span class='ocrx_word' id='word_1_336' title='bbox 642 3932 741 4001; x_wconf 88' lang='grc' dir='ltr'>τὴν</span> <span class='ocrx_word' id='word_1_337' title='bbox 774 3931 1117 4001; x_wconf 85' lang='grc' dir='ltr'>παράκλησιν</span> <span class='ocrx_word' id='word_1_338' title='bbox 1168 3933 1261 3984; x_wconf 86' lang='grc' dir='ltr'>τοῦ</span> <span class='ocrx_word' id='word_1_339' title='bbox 1323 3935 1697 4004; x_wconf 77' lang='grc' dir='ltr'>πατριάρχουο</span> <span class='ocrx_word' id='word_1_340' title='bbox 1755 3935 1882 3988; x_wconf 82' lang='grc' dir='ltr'>ὅταν</span> 
     </span>
    </p>
   </div>
   <div class='ocr_carea' id='block_1_42' title="bbox 216 4016 1881 4092">
    <p class='ocr_par' dir='ltr' id='par_1_42' title="bbox 216 4016 1881 4092">
     <span class='ocr_line' id='line_1_42' title="bbox 216 4016 1881 4092; baseline 0.002 -23"><span class='ocrx_word' id='word_1_341' title='bbox 216 4016 325 4085; x_wconf 88' lang='grc' dir='ltr'>γάρ</span> <span class='ocrx_word' id='word_1_342' title='bbox 347 4016 416 4070; x_wconf 72' lang='grc' dir='ltr'>τὰ</span> <span class='ocrx_word' id='word_1_343' title='bbox 439 4018 567 4088; x_wconf 86' lang='grc' dir='ltr'>παρ’</span> <span class='ocrx_word' id='word_1_344' title='bbox 602 4018 809 4071; x_wconf 81' lang='grc' dir='ltr'>ἑαυτῶν</span> <span class='ocrx_word' id='word_1_345' title='bbox 841 4019 1359 4089; x_wconf 87' lang='grc' dir='ltr'>συνεισενέγκωμεν,</span> <span class='ocrx_word' id='word_1_346' title='bbox 1390 4022 1483 4073; x_wconf 80' lang='grc' dir='ltr'>καὶ</span> <span class='ocrx_word' id='word_1_347' title='bbox 1509 4023 1542 4092; x_wconf 84' lang='grc' dir='ltr'><strong>ἡ</strong></span> <span class='ocrx_word' id='word_1_348' title='bbox 1587 4021 1739 4092; x_wconf 81' lang='grc' dir='ltr'>παρὰ</span> <span class='ocrx_word' id='word_1_349' title='bbox 1776 4021 1881 4073; x_wconf 88' lang='grc' dir='ltr'>τῶν</span> 
     </span>
    </p>
   </div>
   <div class='ocr_carea' id='block_1_43' title="bbox 214 4105 1883 4178">
    <p class='ocr_par' dir='ltr' id='par_1_43' title="bbox 214 4105 1883 4178">
     <span class='ocr_line' id='line_1_43' title="bbox 214 4105 1883 4178; baseline 0.002 -20"><span class='ocrx_word' id='word_1_350' title='bbox 214 4105 440 4158; x_wconf 85' lang='grc' dir='ltr'>δικαίων</span> <span class='ocrx_word' id='word_1_351' title='bbox 473 4105 619 4177; x_wconf 67' lang='grc'>[449]</span> <span class='ocrx_word' id='word_1_352' title='bbox 643 4106 908 4177; x_wconf 88' lang='grc' dir='ltr'>πρεσϐεία</span> <span class='ocrx_word' id='word_1_353' title='bbox 923 4107 993 4159; x_wconf 82' lang='grc' dir='ltr'>τὰ</span> <span class='ocrx_word' id='word_1_354' title='bbox 1022 4108 1255 4176; x_wconf 87' lang='grc' dir='ltr'>μέγιστα</span> <span class='ocrx_word' id='word_1_355' title='bbox 1282 4109 1429 4178; x_wconf 81' lang='grc' dir='ltr'>ἡμᾶς</span> <span class='ocrx_word' id='word_1_356' title='bbox 1453 4109 1711 4178; x_wconf 87' lang='grc' dir='ltr'>ὀνίνησιν.</span> <span class='ocrx_word' id='word_1_357' title='bbox 1731 4109 1883 4162; x_wconf 77' lang='grc' dir='ltr'>Ἐπεὶ</span> 
     </span>
    </p>
   </div>
   <div class='ocr_carea' id='block_1_44' title="bbox 218 4180 1882 4266">
    <p class='ocr_par' dir='ltr' id='par_1_44' title="bbox 218 4180 1882 4266">
     <span class='ocr_line' id='line_1_44' title="bbox 218 4180 1882 4266; baseline 0.003 -23"><span class='ocrx_word' id='word_1_358' title='bbox 218 4190 313 4246; x_wconf 79' lang='grc' dir='ltr'>ἐὰν</span> <span class='ocrx_word' id='word_1_359' title='bbox 342 4194 495 4246; x_wconf 73' lang='grc' dir='ltr'>αὐτοὶ</span> <span class='ocrx_word' id='word_1_360' title='bbox 521 4194 620 4263; x_wconf 89' lang='grc' dir='ltr'>μέν</span> <span class='ocrx_word' id='word_1_361' title='bbox 655 4180 1011 4265; x_wconf 68' lang='grc' dir='ltr'>ῥαθυμῶμεν,</span> <span class='ocrx_word' id='word_1_362' title='bbox 1043 4194 1139 4257; x_wconf 75' lang='grc' dir='ltr'>τὰς</span> <span class='ocrx_word' id='word_1_363' title='bbox 1161 4195 1217 4247; x_wconf 86' lang='grc' dir='ltr'>δέ</span> <span class='ocrx_word' id='word_1_364' title='bbox 1241 4195 1460 4257; x_wconf 86' lang='grc' dir='ltr'>ἐλπίδας</span> <span class='ocrx_word' id='word_1_365' title='bbox 1485 4196 1584 4265; x_wconf 87' lang='grc' dir='ltr'>τῆς</span> <span class='ocrx_word' id='word_1_366' title='bbox 1609 4196 1882 4266; x_wconf 83' lang='grc' dir='ltr'>ἡμετέρας</span> 
     </span>
    </p>
   </div>
   <div class='ocr_carea' id='block_1_45' title="bbox 221 4281 1882 4353">
    <p class='ocr_par' dir='ltr' id='par_1_45' title="bbox 221 4281 1882 4353">
     <span class='ocr_line' id='line_1_45' title="bbox 221 4281 1882 4353; baseline 0.002 -20"><span class='ocrx_word' id='word_1_367' title='bbox 221 4281 490 4351; x_wconf 83' lang='grc' dir='ltr'>σωτηρίας</span> <span class='ocrx_word' id='word_1_368' title='bbox 538 4283 625 4335; x_wconf 79' lang='grc' dir='ltr'>ἐπ’</span> <span class='ocrx_word' id='word_1_369' title='bbox 679 4282 909 4345; x_wconf 87' lang='grc' dir='ltr'>ἐκείνοις</span> <span class='ocrx_word' id='word_1_370' title='bbox 970 4281 1152 4352; x_wconf 80' lang='grc' dir='ltr'>μόνοις</span> <span class='ocrx_word' id='word_1_371' title='bbox 1202 4282 1501 4351; x_wconf 87' lang='grc' dir='ltr'>ποιώμεθα,</span> <span class='ocrx_word' id='word_1_372' title='bbox 1550 4284 1701 4336; x_wconf 83' lang='grc' dir='ltr'>οὐδὲν</span> <span class='ocrx_word' id='word_1_373' title='bbox 1750 4285 1882 4353; x_wconf 84' lang='grc' dir='ltr'>ήμῖν</span> 
     </span>
    </p>
   </div>
   <div class='ocr_carea' id='block_1_46' title="bbox 220 4368 1881 4442">
    <p class='ocr_par' dir='ltr' id='par_1_46' title="bbox 220 4368 1881 4442">
     <span class='ocr_line' id='line_1_46' title="bbox 220 4368 1881 4442; baseline 0.002 -23"><span class='ocrx_word' id='word_1_374' title='bbox 220 4368 371 4421; x_wconf 80' lang='grc' dir='ltr'>ἔσται</span> <span class='ocrx_word' id='word_1_375' title='bbox 401 4369 592 4422; x_wconf 84' lang='grc' dir='ltr'>πλέον’</span> <span class='ocrx_word' id='word_1_376' title='bbox 623 4370 721 4422; x_wconf 84' lang='grc' dir='ltr'>οὐκ</span> <span class='ocrx_word' id='word_1_377' title='bbox 750 4370 934 4439; x_wconf 83' lang='grc' dir='ltr'>ἐπειδὴ</span> <span class='ocrx_word' id='word_1_378' title='bbox 962 4370 1205 4433; x_wconf 82' lang='grc' dir='ltr'>ἀσθενεῖς</span> <span class='ocrx_word' id='word_1_379' title='bbox 1236 4371 1285 4421; x_wconf 91' lang='grc' dir='ltr'>οί</span> <span class='ocrx_word' id='word_1_380' title='bbox 1308 4371 1524 4433; x_wconf 90' lang='grc' dir='ltr'>δίκαιοι,</span> <span class='ocrx_word' id='word_1_381' title='bbox 1557 4370 1672 4423; x_wconf 84' lang='grc' dir='ltr'>ἀλλ’</span> <span class='ocrx_word' id='word_1_382' title='bbox 1694 4370 1881 4442; x_wconf 83' lang='grc' dir='ltr'>ἐπειδὴ</span> 
     </span>
    </p>
   </div>
   <div class='ocr_carea' id='block_1_47' title="bbox 218 4456 1773 4530">
    <p class='ocr_par' dir='ltr' id='par_1_47' title="bbox 218 4456 1773 4530">
     <span class='ocr_line' id='line_1_47' title="bbox 218 4456 1773 4530; baseline 0.002 -22"><span class='ocrx_word' id='word_1_383' title='bbox 218 4458 379 4526; x_wconf 78' lang='grc' dir='ltr'>ἡμεῖς</span> <span class='ocrx_word' id='word_1_384' title='bbox 405 4456 493 4509; x_wconf 84' lang='grc' dir='ltr'>διὰ</span> <span class='ocrx_word' id='word_1_385' title='bbox 523 4458 622 4527; x_wconf 91' lang='grc' dir='ltr'>τῆς</span> <span class='ocrx_word' id='word_1_386' title='bbox 645 4458 852 4520; x_wconf 81' lang='grc' dir='ltr'>οἰκείας</span> <span class='ocrx_word' id='word_1_387' title='bbox 884 4457 1153 4528; x_wconf 77' lang='grc' dir='ltr'>ῥᾳθυμίας</span> <span class='ocrx_word' id='word_1_388' title='bbox 1179 4458 1401 4520; x_wconf 79' lang='grc' dir='ltr'>ἑαυτοὺς</span> <span class='ocrx_word' id='word_1_389' title='bbox 1434 4459 1773 4530; x_wconf 88' lang='grc' dir='ltr'>προδίδομεν.</span> 
     </span>
    </p>
   </div>
   <div class='ocr_carea' id='block_1_48' title="bbox 292 4544 1881 4616">
    <p class='ocr_par' dir='ltr' id='par_1_48' title="bbox 292 4544 1881 4616">
     <span class='ocr_line' id='line_1_48' title="bbox 292 4544 1881 4616; baseline 0.001 -19"><span class='ocrx_word' id='word_1_390' title='bbox 292 4544 359 4614; x_wconf 84' lang='grc' dir='ltr'>β’.</span> <span class='ocrx_word' id='word_1_391' title='bbox 402 4547 511 4598; x_wconf 77' lang='grc' dir='ltr'>Καὶ</span> <span class='ocrx_word' id='word_1_392' title='bbox 552 4546 638 4599; x_wconf 82' lang='grc' dir='ltr'>ἵνα</span> <span class='ocrx_word' id='word_1_393' title='bbox 684 4544 860 4616; x_wconf 75' lang='grc' dir='ltr'>μάθῃς</span> <span class='ocrx_word' id='word_1_394' title='bbox 897 4546 1010 4607; x_wconf 85' lang='grc' dir='ltr'>ὃτι,</span> <span class='ocrx_word' id='word_1_395' title='bbox 1048 4546 1175 4598; x_wconf 88' lang='grc' dir='ltr'>ὃταν</span> <span class='ocrx_word' id='word_1_396' title='bbox 1207 4545 1520 4615; x_wconf 87' lang='grc' dir='ltr'>ἀμελῶμεν,</span> <span class='ocrx_word' id='word_1_397' title='bbox 1557 4547 1661 4599; x_wconf 80' lang='grc' dir='ltr'>κᾶν</span> <span class='ocrx_word' id='word_1_398' title='bbox 1684 4547 1881 4599; x_wconf 87' lang='grc' dir='ltr'>δίκαιοι</span> 
     </span>
    </p>
   </div>
   <div class='ocr_carea' id='block_1_49' title="bbox 220 4623 1879 4704">
    <p class='ocr_par' dir='ltr' id='par_1_49' title="bbox 220 4623 1879 4704">
     <span class='ocr_line' id='line_1_49' title="bbox 220 4623 1879 4704; baseline 0.001 -21"><span class='ocrx_word' id='word_1_399' title='bbox 220 4623 351 4684; x_wconf 72' lang='grc' dir='ltr'>ὦσιν</span> <span class='ocrx_word' id='word_1_400' title='bbox 388 4634 437 4685; x_wconf 85' lang='grc' dir='ltr'>οἰ</span> <span class='ocrx_word' id='word_1_401' title='bbox 485 4632 624 4703; x_wconf 82' lang='grc' dir='ltr'>ὑπὲρ</span> <span class='ocrx_word' id='word_1_402' title='bbox 654 4631 809 4701; x_wconf 84' lang='grc' dir='ltr'>ἡμῶν</span> <span class='ocrx_word' id='word_1_403' title='bbox 862 4630 1305 4702; x_wconf 85' lang='grc' dir='ltr'>παρακαλοῦντες</span> <span class='ocrx_word' id='word_1_404' title='bbox 1333 4674 1348 4697; x_wconf 93' lang='grc'>,</span> <span class='ocrx_word' id='word_1_405' title='bbox 1394 4633 1496 4686; x_wconf 84' lang='grc' dir='ltr'>κᾶν</span> <span class='ocrx_word' id='word_1_406' title='bbox 1563 4633 1837 4704; x_wconf 82' lang='grc' dir='ltr'>προφῆται</span> <span class='ocrx_word' id='word_1_407' title='bbox 1862 4672 1879 4698; x_wconf 92' lang='grc'>,</span> 
     </span>
    </p>
   </div>
   <div class='ocr_carea' id='block_1_50' title="bbox 219 4721 1881 4795">
    <p class='ocr_par' dir='ltr' id='par_1_50' title="bbox 219 4721 1881 4795">
     <span class='ocr_line' id='line_1_50' title="bbox 219 4721 1881 4795; baseline 0.001 -22"><span class='ocrx_word' id='word_1_408' title='bbox 219 4722 368 4774; x_wconf 78' lang='grc' dir='ltr'>οὐδὲν</span> <span class='ocrx_word' id='word_1_409' title='bbox 398 4723 527 4792; x_wconf 82' lang='grc' dir='ltr'>ἡμῖν</span> <span class='ocrx_word' id='word_1_410' title='bbox 559 4724 623 4775; x_wconf 93' lang='grc' dir='ltr'>ἐκ</span> <span class='ocrx_word' id='word_1_411' title='bbox 644 4722 833 4775; x_wconf 89' lang='grc' dir='ltr'>τούτου</span> <span class='ocrx_word' id='word_1_412' title='bbox 861 4721 1051 4790; x_wconf 78' lang='grc' dir='ltr'>ὄφελος</span> <span class='ocrx_word' id='word_1_413' title='bbox 1081 4722 1288 4790; x_wconf 89' lang='grc' dir='ltr'>γίνεται</span> <span class='ocrx_word' id='word_1_414' title='bbox 1341 4722 1571 4793; x_wconf 88' lang='grc' dir='ltr'>(ἐκεῖνοι</span> <span class='ocrx_word' id='word_1_415' title='bbox 1626 4723 1724 4793; x_wconf 83' lang='grc' dir='ltr'>μὲν</span> <span class='ocrx_word' id='word_1_416' title='bbox 1772 4722 1881 4795; x_wconf 84' lang='grc' dir='ltr'>γὰρ</span> 
     </span>
    </p>
   </div>
   <div class='ocr_carea' id='block_1_51' title="bbox 220 4808 1881 4880">
    <p class='ocr_par' dir='ltr' id='par_1_51' title="bbox 220 4808 1881 4880">
     <span class='ocr_line' id='line_1_51' title="bbox 220 4808 1881 4880; baseline 0.002 -20"><span class='ocrx_word' id='word_1_417' title='bbox 220 4808 316 4877; x_wconf 84' lang='grc' dir='ltr'>τὴν</span> <span class='ocrx_word' id='word_1_418' title='bbox 346 4809 552 4861; x_wconf 88' lang='grc' dir='ltr'>ἐαυτῶν</span> <span class='ocrx_word' id='word_1_419' title='bbox 585 4808 783 4879; x_wconf 83' lang='grc' dir='ltr'>ἀρετὴν</span> <span class='ocrx_word' id='word_1_420' title='bbox 810 4810 903 4861; x_wconf 81' lang='grc' dir='ltr'>καὶ</span> <span class='ocrx_word' id='word_1_421' title='bbox 933 4808 1021 4862; x_wconf 83' lang='grc' dir='ltr'>διὰ</span> <span class='ocrx_word' id='word_1_422' title='bbox 1049 4809 1253 4862; x_wconf 91' lang='grc' dir='ltr'>τούτων</span> <span class='ocrx_word' id='word_1_423' title='bbox 1286 4809 1701 4874; x_wconf 87' lang='grc' dir='ltr'>ἐπιδείκνυνται,</span> <span class='ocrx_word' id='word_1_424' title='bbox 1750 4812 1881 4880; x_wconf 82' lang='grc' dir='ltr'>ἡμῖν</span> 
     </span>
    </p>
   </div>
   <div class='ocr_carea' id='block_1_52' title="bbox 221 4895 1883 4967">
    <p class='ocr_par' dir='ltr' id='par_1_52' title="bbox 221 4895 1883 4967">
     <span class='ocr_line' id='line_1_52' title="bbox 221 4895 1883 4967; baseline 0.001 -20"><span class='ocrx_word' id='word_1_425' title='bbox 221 4896 275 4947; x_wconf 87' lang='grc' dir='ltr'>δὲ</span> <span class='ocrx_word' id='word_1_426' title='bbox 301 4896 526 4966; x_wconf 79' lang='grc' dir='ltr'>οὐδεμία</span> <span class='ocrx_word' id='word_1_427' title='bbox 552 4895 701 4948; x_wconf 77' lang='grc' dir='ltr'>ἔσται</span> <span class='ocrx_word' id='word_1_428' title='bbox 739 4896 925 4967; x_wconf 75' lang='grc' dir='ltr'>ὄνησις</span> <span class='ocrx_word' id='word_1_429' title='bbox 965 4895 1054 4949; x_wconf 84' lang='grc' dir='ltr'>διὰ</span> <span class='ocrx_word' id='word_1_430' title='bbox 1080 4896 1169 4949; x_wconf 85' lang='grc' dir='ltr'>τὸν</span> <span class='ocrx_word' id='word_1_431' title='bbox 1195 4898 1390 4950; x_wconf 86' lang='grc' dir='ltr'>οἰκεῖον</span> <span class='ocrx_word' id='word_1_432' title='bbox 1418 4896 1673 4967; x_wconf 89' lang='grc' dir='ltr'>τρόπον),</span> <span class='ocrx_word' id='word_1_433' title='bbox 1720 4898 1883 4950; x_wconf 80' lang='grc' dir='ltr'>ἀκου-</span> 
     </span>
    </p>
   </div>
   <div class='ocr_carea' id='block_1_53' title="bbox 223 4983 1881 5054">
    <p class='ocr_par' dir='ltr' id='par_1_53' title="bbox 223 4983 1881 5054">
     <span class='ocr_line' id='line_1_53' title="bbox 223 4983 1881 5054; baseline 0.001 -18"><span class='ocrx_word' id='word_1_434' title='bbox 223 5000 312 5037; x_wconf 88' lang='grc' dir='ltr'>σον</span> <span class='ocrx_word' id='word_1_435' title='bbox 340 4984 433 5036; x_wconf 86' lang='grc' dir='ltr'>τοῦ</span> <span class='ocrx_word' id='word_1_436' title='bbox 458 4984 564 5036; x_wconf 90' lang='grc' dir='ltr'>τῶν</span> <span class='ocrx_word' id='word_1_437' title='bbox 588 4985 723 5037; x_wconf 84' lang='grc' dir='ltr'>ὅλων</span> <span class='ocrx_word' id='word_1_438' title='bbox 760 4983 895 5037; x_wconf 88' lang='grc' dir='ltr'>Θεοῦ</span> <span class='ocrx_word' id='word_1_439' title='bbox 914 4985 1050 5054; x_wconf 79' lang='grc' dir='ltr'>πρὸς</span> <span class='ocrx_word' id='word_1_440' title='bbox 1075 4984 1166 5036; x_wconf 85' lang='grc' dir='ltr'>τὸν</span> <span class='ocrx_word' id='word_1_441' title='bbox 1200 4987 1264 5038; x_wconf 84' lang='grc' dir='ltr'>ἐκ</span> <span class='ocrx_word' id='word_1_442' title='bbox 1297 4985 1507 5047; x_wconf 82' lang='grc' dir='ltr'>κοιλίας</span> <span class='ocrx_word' id='word_1_443' title='bbox 1550 4985 1881 5052; x_wconf 89' lang='grc' dir='ltr'>ἀγιασθέντα</span> 
     </span>
    </p>
   </div>
   <div class='ocr_carea' id='block_1_54' title="bbox 229 5071 1881 5142">
    <p class='ocr_par' dir='ltr' id='par_1_54' title="bbox 229 5071 1881 5142">
     <span class='ocr_line' id='line_1_54' title="bbox 229 5071 1881 5142; baseline 0.001 -20"><span class='ocrx_word' id='word_1_444' title='bbox 229 5072 497 5139; x_wconf 85' lang='grc' dir='ltr'>Ἱερεμίαν</span> <span class='ocrx_word' id='word_1_445' title='bbox 516 5071 607 5124; x_wconf 81' lang='grc' dir='ltr'>τὸν</span> <span class='ocrx_word' id='word_1_446' title='bbox 635 5074 920 5142; x_wconf 81' lang='grc' dir='ltr'>προφήτην</span> <span class='ocrx_word' id='word_1_447' title='bbox 949 5071 1173 5139; x_wconf 86' lang='grc' dir='ltr'>λέγοντα</span> <span class='ocrx_word' id='word_1_448' title='bbox 1196 5088 1210 5103; x_wconf 78' lang='grc' dir='ltr'><strong><em>ο</em></strong></span> <span class='ocrx_word' id='word_1_449' title='bbox 1238 5071 1332 5139; x_wconf 78' lang='grc' dir='ltr'>Μὴ</span> <span class='ocrx_word' id='word_1_450' title='bbox 1367 5074 1709 5141; x_wconf 84' lang='grc' dir='ltr'>προσεύχου</span> <span class='ocrx_word' id='word_1_451' title='bbox 1754 5072 1881 5140; x_wconf 79' lang='grc' dir='ltr'>περὶ</span> 
     </span>
    </p>
   </div>
   <div class='ocr_carea' id='block_1_55' title="bbox 222 5158 1881 5229">
    <p class='ocr_par' dir='ltr' id='par_1_55' title="bbox 222 5158 1881 5229">
     <span class='ocr_line' id='line_1_55' title="bbox 222 5158 1881 5229; baseline 0.001 -18"><span class='ocrx_word' id='word_1_452' title='bbox 222 5159 326 5212; x_wconf 85' lang='grc' dir='ltr'>τοῦ</span> <span class='ocrx_word' id='word_1_453' title='bbox 376 5158 528 5212; x_wconf 77' lang='grc' dir='ltr'>λαοῦ</span> <span class='ocrx_word' id='word_1_454' title='bbox 558 5162 792 5225; x_wconf 83' lang='grc' dir='ltr'>τούτου,</span> <span class='ocrx_word' id='word_1_455' title='bbox 845 5159 935 5213; x_wconf 88' lang='grc' dir='ltr'>ὅτι</span> <span class='ocrx_word' id='word_1_456' title='bbox 963 5161 1073 5212; x_wconf 80' lang='grc' dir='ltr'>οὐκ</span> <span class='ocrx_word' id='word_1_457' title='bbox 1107 5160 1539 5227; x_wconf 83' lang='grc' dir='ltr'>εἰσακούσομαί</span> <span class='ocrx_word' id='word_1_458' title='bbox 1560 5177 1693 5212; x_wconf 92' lang='grc' dir='ltr'>σου.</span> <span class='ocrx_word' id='word_1_459' title='bbox 1738 5161 1881 5229; x_wconf 84' lang='grc' dir='ltr'>Ὅρα</span> 
     </span>
    </p>
   </div>
   <div class='ocr_carea' id='block_1_56' title="bbox 220 5244 1881 5316">
    <p class='ocr_par' dir='ltr' id='par_1_56' title="bbox 220 5244 1881 5316">
     <span class='ocr_line' id='line_1_56' title="bbox 220 5244 1881 5316; baseline 0.001 -19"><span class='ocrx_word' id='word_1_460' title='bbox 220 5245 310 5297; x_wconf 84' lang='grc' dir='ltr'>τοῦ</span> <span class='ocrx_word' id='word_1_461' title='bbox 334 5246 601 5298; x_wconf 82' lang='grc' dir='ltr'>Δεσπότου</span> <span class='ocrx_word' id='word_1_462' title='bbox 628 5245 1035 5316; x_wconf 87' lang='grc' dir='ltr'>φιλανθρωπίαν</span> <span class='ocrx_word' id='word_1_463' title='bbox 1055 5263 1069 5277; x_wconf 89' lang='grc'><strong>·</strong></span> <span class='ocrx_word' id='word_1_464' title='bbox 1098 5245 1349 5314; x_wconf 86' lang='grc' dir='ltr'>προλέγει</span> <span class='ocrx_word' id='word_1_465' title='bbox 1381 5246 1458 5315; x_wconf 81' lang='grc' dir='ltr'>τῷ</span> <span class='ocrx_word' id='word_1_466' title='bbox 1491 5244 1759 5316; x_wconf 79' lang='grc' dir='ltr'>προφήτῃ,</span> <span class='ocrx_word' id='word_1_467' title='bbox 1793 5248 1881 5300; x_wconf 79' lang='grc' dir='ltr'>ἵνα</span> 
     </span>
    </p>
   </div>
   <div class='ocr_carea' id='block_1_57' title="bbox 226 5331 1879 5403">
    <p class='ocr_par' dir='ltr' id='par_1_57' title="bbox 226 5331 1879 5403">
     <span class='ocr_line' id='line_1_57' title="bbox 226 5331 1879 5403; baseline 0.001 -19"><span class='ocrx_word' id='word_1_468' title='bbox 226 5333 297 5402; x_wconf 85' lang='grc' dir='ltr'>μὴ</span> <span class='ocrx_word' id='word_1_469' title='bbox 332 5333 470 5401; x_wconf 87' lang='grc' dir='ltr'>μετά</span> <span class='ocrx_word' id='word_1_470' title='bbox 512 5333 572 5384; x_wconf 83' lang='grc' dir='ltr'>τὸ</span> <span class='ocrx_word' id='word_1_471' title='bbox 618 5331 1015 5403; x_wconf 78' lang='grc' dir='ltr'>προσεύξασθαι</span> <span class='ocrx_word' id='word_1_472' title='bbox 1077 5332 1512 5401; x_wconf 77' lang='grc' dir='ltr'>παρακουσθεὶς,</span> <span class='ocrx_word' id='word_1_473' title='bbox 1562 5333 1755 5403; x_wconf 84' lang='grc' dir='ltr'>νομίσῃ</span> <span class='ocrx_word' id='word_1_474' title='bbox 1798 5335 1879 5386; x_wconf 83' lang='grc' dir='ltr'>ὅτι</span> 
     </span>
    </p>
   </div>
   <div class='ocr_carea' id='block_1_58' title="bbox 221 5419 1881 5489">
    <p class='ocr_par' dir='ltr' id='par_1_58' title="bbox 221 5419 1881 5489">
     <span class='ocr_line' id='line_1_58' title="bbox 221 5419 1881 5489; baseline 0.002 -18"><span class='ocrx_word' id='word_1_475' title='bbox 221 5420 308 5471; x_wconf 80' lang='grc' dir='ltr'>διὰ</span> <span class='ocrx_word' id='word_1_476' title='bbox 327 5419 425 5489; x_wconf 82' lang='grc' dir='ltr'>τὴν</span> <span class='ocrx_word' id='word_1_477' title='bbox 455 5421 585 5489; x_wconf 79' lang='grc' dir='ltr'>παρ’</span> <span class='ocrx_word' id='word_1_478' title='bbox 622 5419 786 5472; x_wconf 86' lang='grc' dir='ltr'>αὑτοῦ</span> <span class='ocrx_word' id='word_1_479' title='bbox 821 5420 995 5472; x_wconf 90' lang='grc' dir='ltr'>αἰτίαν</span> <span class='ocrx_word' id='word_1_480' title='bbox 1023 5419 1183 5471; x_wconf 90' lang='grc' dir='ltr'>τοῦτο</span> <span class='ocrx_word' id='word_1_481' title='bbox 1227 5420 1537 5487; x_wconf 87' lang='grc' dir='ltr'>γεγένηται.</span> <span class='ocrx_word' id='word_1_482' title='bbox 1590 5419 1688 5472; x_wconf 77' lang='grc' dir='ltr'>Διὰ</span> <span class='ocrx_word' id='word_1_483' title='bbox 1724 5422 1881 5475; x_wconf 86' lang='grc' dir='ltr'>τοῦτο</span> 
     </span>
    </p>
   </div>
   <div class='ocr_carea' id='block_1_59' title="bbox 226 5503 1879 5576">
    <p class='ocr_par' dir='ltr' id='par_1_59' title="bbox 226 5503 1879 5576">
     <span class='ocr_line' id='line_1_59' title="bbox 226 5503 1879 5576; baseline 0.001 -20"><span class='ocrx_word' id='word_1_484' title='bbox 226 5505 325 5573; x_wconf 76' lang='grc' dir='ltr'>ήδη</span> <span class='ocrx_word' id='word_1_485' title='bbox 352 5504 657 5575; x_wconf 87' lang='grc' dir='ltr'>προμηνύει</span> <span class='ocrx_word' id='word_1_486' title='bbox 688 5504 836 5575; x_wconf 82' lang='grc' dir='ltr'>αὐτῷ</span> <span class='ocrx_word' id='word_1_487' title='bbox 860 5506 957 5576; x_wconf 86' lang='grc' dir='ltr'>τὴν</span> <span class='ocrx_word' id='word_1_488' title='bbox 983 5505 1178 5558; x_wconf 89' lang='grc' dir='ltr'>κακίαν</span> <span class='ocrx_word' id='word_1_489' title='bbox 1210 5503 1305 5557; x_wconf 87' lang='grc' dir='ltr'>τοῦ</span> <span class='ocrx_word' id='word_1_490' title='bbox 1330 5503 1483 5566; x_wconf 86' lang='grc' dir='ltr'>λαοῦ,</span> <span class='ocrx_word' id='word_1_491' title='bbox 1512 5506 1606 5557; x_wconf 77' lang='grc' dir='ltr'>καὶ</span> <span class='ocrx_word' id='word_1_492' title='bbox 1634 5507 1879 5560; x_wconf 75' lang='grc' dir='ltr'>διαστέλο</span> 
     </span>
    </p>
   </div>
   <div class='ocr_carea' id='block_1_60' title="bbox 222 5592 1881 5665">
    <p class='ocr_par' dir='ltr' id='par_1_60' title="bbox 222 5592 1881 5665">
     <span class='ocr_line' id='line_1_60' title="bbox 222 5592 1881 5665; baseline 0.002 -22"><span class='ocrx_word' id='word_1_493' title='bbox 222 5592 367 5645; x_wconf 86' lang='grc' dir='ltr'>λεται</span> <span class='ocrx_word' id='word_1_494' title='bbox 401 5593 477 5663; x_wconf 85' lang='grc' dir='ltr'>μὴ</span> <span class='ocrx_word' id='word_1_495' title='bbox 523 5593 925 5664; x_wconf 81' lang='grc' dir='ltr'>προσεύξασθαι</span> <span class='ocrx_word' id='word_1_496' title='bbox 947 5633 962 5659; x_wconf 90' lang='grc'>,</span> <span class='ocrx_word' id='word_1_497' title='bbox 998 5595 1083 5646; x_wconf 80' lang='grc' dir='ltr'>ἵνα</span> <span class='ocrx_word' id='word_1_498' title='bbox 1114 5594 1209 5645; x_wconf 76' lang='grc' dir='ltr'>καὶ</span> <span class='ocrx_word' id='word_1_499' title='bbox 1239 5592 1397 5654; x_wconf 83' lang='grc' dir='ltr'>αὐτὸς</span> <span class='ocrx_word' id='word_1_500' title='bbox 1429 5592 1622 5646; x_wconf 88' lang='grc' dir='ltr'>εἰδέναι</span> <span class='ocrx_word' id='word_1_501' title='bbox 1658 5593 1754 5664; x_wconf 77' lang='grc' dir='ltr'>ἔχῃ</span> <span class='ocrx_word' id='word_1_502' title='bbox 1782 5596 1881 5665; x_wconf 87' lang='grc' dir='ltr'>τῆς</span> 
     </span>
    </p>
   </div>
   <div class='ocr_carea' id='block_1_61' title="bbox 226 5680 1883 5752">
    <p class='ocr_par' dir='ltr' id='par_1_61' title="bbox 226 5680 1883 5752">
     <span class='ocr_line' id='line_1_61' title="bbox 226 5680 1883 5752; baseline 0.002 -21"><span class='ocrx_word' id='word_1_503' title='bbox 226 5680 485 5749; x_wconf 79' lang='grc' dir='ltr'>πονηρίας</span> <span class='ocrx_word' id='word_1_504' title='bbox 524 5682 748 5734; x_wconf 75' lang='grc' dir='ltr'>ἐκείνων</span> <span class='ocrx_word' id='word_1_505' title='bbox 797 5683 889 5752; x_wconf 82' lang='grc' dir='ltr'>τὴν</span> <span class='ocrx_word' id='word_1_506' title='bbox 929 5682 1197 5744; x_wconf 84' lang='grc' dir='ltr'>ἐπίτασιν,</span> <span class='ocrx_word' id='word_1_507' title='bbox 1246 5681 1487 5733; x_wconf 88' lang='grc' dir='ltr'>κάκεῖνοι</span> <span class='ocrx_word' id='word_1_508' title='bbox 1529 5680 1771 5750; x_wconf 86' lang='grc' dir='ltr'>μάθωσιν</span> <span class='ocrx_word' id='word_1_509' title='bbox 1808 5682 1883 5745; x_wconf 86' lang='grc' dir='ltr'>ὼς</span> 
     </span>
    </p>
   </div>
   <div class='ocr_carea' id='block_1_62' title="bbox 222 5766 1880 5838">
    <p class='ocr_par' dir='ltr' id='par_1_62' title="bbox 222 5766 1880 5838">
     <span class='ocr_line' id='line_1_62' title="bbox 222 5766 1880 5838; baseline 0.002 -20"><span class='ocrx_word' id='word_1_510' title='bbox 222 5766 371 5818; x_wconf 82' lang='grc' dir='ltr'>οὐδὲν</span> <span class='ocrx_word' id='word_1_511' title='bbox 401 5767 579 5831; x_wconf 88' lang='grc' dir='ltr'>αὐτοῖς</span> <span class='ocrx_word' id='word_1_512' title='bbox 607 5769 635 5820; x_wconf 89' lang='lat'>6</span> <span class='ocrx_word' id='word_1_513' title='bbox 666 5770 949 5838; x_wconf 79' lang='grc' dir='ltr'>προφήτης</span> <span class='ocrx_word' id='word_1_514' title='bbox 981 5768 1377 5838; x_wconf 84' lang='grc' dir='ltr'>συμϐάλλεται,</span> <span class='ocrx_word' id='word_1_515' title='bbox 1412 5768 1459 5819; x_wconf 87' lang='grc' dir='ltr'>εἰ</span> <span class='ocrx_word' id='word_1_516' title='bbox 1496 5767 1568 5837; x_wconf 83' lang='grc' dir='ltr'>μὴ</span> <span class='ocrx_word' id='word_1_517' title='bbox 1604 5770 1696 5820; x_wconf 73' lang='grc' dir='ltr'>καὶ</span> <span class='ocrx_word' id='word_1_518' title='bbox 1728 5770 1880 5821; x_wconf 85' lang='grc' dir='ltr'>αὐτοί</span> 
     </span>
    </p>
   </div>
   <div class='ocr_carea' id='block_1_63' title="bbox 224 5854 1872 5925">
    <p class='ocr_par' dir='ltr' id='par_1_63' title="bbox 224 5854 1872 5925">
     <span class='ocr_line' id='line_1_63' title="bbox 224 5854 1872 5925; baseline 0.001 -18"><span class='ocrx_word' id='word_1_519' title='bbox 224 5854 287 5907; x_wconf 77' lang='grc' dir='ltr'>τά</span> <span class='ocrx_word' id='word_1_520' title='bbox 320 5857 450 5924; x_wconf 82' lang='grc' dir='ltr'>παρ’</span> <span class='ocrx_word' id='word_1_521' title='bbox 477 5856 681 5909; x_wconf 87' lang='grc' dir='ltr'>ἐαυτῶν</span> <span class='ocrx_word' id='word_1_522' title='bbox 707 5857 1035 5922; x_wconf 86' lang='grc' dir='ltr'>εἰσενεγκεῖν</span> <span class='ocrx_word' id='word_1_523' title='bbox 1066 5856 1417 5925; x_wconf 83' lang='grc' dir='ltr'>βουληθῶσιν.</span> <span class='ocrx_word' id='word_1_524' title='bbox 1455 5856 1630 5925; x_wconf 84' lang='grc' dir='ltr'>Ὅπερ</span> <span class='ocrx_word' id='word_1_525' title='bbox 1656 5856 1872 5923; x_wconf 85' lang='grc' dir='ltr'>εἰδότες,</span> 
     </span>
    </p>
   </div>
   <div class='ocr_carea' id='block_1_64' title="bbox 278 5958 1874 6025">
    <p class='ocr_par' dir='ltr' id='par_1_64' title="bbox 278 5958 1874 6025">
     <span class='ocr_line' id='line_1_64' title="bbox 278 5958 1874 6025; baseline 0.004 -19"><span class='ocrx_word' id='word_1_526' title='bbox 278 5958 479 6025; x_wconf 60' lang='grc' dir='ltr'>⁸ξαγὶ1.</span> <span class='ocrx_word' id='word_1_527' title='bbox 505 5964 556 6025; x_wconf 63' lang='grc' dir='ltr'>εἰ</span> <span class='ocrx_word' id='word_1_528' title='bbox 586 5962 791 6025; x_wconf 70' lang='lat' dir='ltr'><strong>quidam</strong></span> <span class='ocrx_word' id='word_1_529' title='bbox 833 5963 913 6010; x_wconf 85' lang='lat' dir='ltr'>alii</span> <span class='ocrx_word' id='word_1_530' title='bbox 956 5963 1032 6009; x_wconf 79' lang='grc' dir='ltr'>ἵνα</span> <span class='ocrx_word' id='word_1_531' title='bbox 1067 5967 1147 6020; x_wconf 80' lang='grc' dir='ltr'>τῆς</span> <span class='ocrx_word' id='word_1_532' title='bbox 1183 5963 1287 6020; x_wconf 86' lang='grc' dir='ltr'>περὶ</span> <span class='ocrx_word' id='word_1_533' title='bbox 1327 5959 1410 6009; x_wconf 77' lang='grc' dir='ltr'>τοῦ</span> <span class='ocrx_word' id='word_1_534' title='bbox 1432 5960 1613 6009; x_wconf 81' lang='grc' dir='ltr'>δικαίου</span> <span class='ocrx_word' id='word_1_535' title='bbox 1633 5964 1874 6025; x_wconf 77' lang='grc' dir='ltr'>φροντίδος</span> 
     </span>
    </p>
   </div>
   <div class='ocr_carea' id='block_1_65' title="bbox 223 6020 640 6083">
    <p class='ocr_par' dir='ltr' id='par_1_65' title="bbox 223 6020 640 6083">
     <span class='ocr_line' id='line_1_65' title="bbox 223 6020 640 6083; baseline 0 -16"><span class='ocrx_word' id='word_1_536' title='bbox 223 6020 461 6083; x_wconf 74' lang='grc' dir='ltr'>ἀπαλλάξῃ</span> <span class='ocrx_word' id='word_1_537' title='bbox 484 6020 640 6070; x_wconf 80' lang='grc' dir='ltr'>αὐτόν.</span> 
     </span>
    </p>
   </div>
   <div class='ocr_carea' id='block_1_66' title="bbox 1333 413 2533 473">
    <p class='ocr_par' dir='ltr' id='par_1_66' title="bbox 1333 413 2533 473">
     <span class='ocr_line' id='line_1_66' title="bbox 1333 413 2533 473; baseline 0.003 -4"><span class='ocrx_word' id='word_1_538' title='bbox 1333 414 1401 469; x_wconf 87' lang='lat' dir='ltr'>IN</span> <span class='ocrx_word' id='word_1_539' title='bbox 1438 414 1588 470; x_wconf 89' lang='lat' dir='ltr'>CAP.</span> <span class='ocrx_word' id='word_1_540' title='bbox 1635 414 1753 469; x_wconf 74' lang='lat' dir='ltr'>XIX</span> <span class='ocrx_word' id='word_1_541' title='bbox 1795 413 2037 472; x_wconf 84' lang='lat' dir='ltr'>GENES.</span> <span class='ocrx_word' id='word_1_542' title='bbox 2082 416 2312 473; x_wconf 87' lang='lat' dir='ltr'>HOMIL.</span> <span class='ocrx_word' id='word_1_543' title='bbox 2353 417 2533 473; x_wconf 82' lang='lat' dir='ltr'>XLIV.</span> 
     </span>
    </p>
   </div>
   <div class='ocr_carea' id='block_1_67' title="bbox 3530 430 3634 482">
    <p class='ocr_par' dir='ltr' id='par_1_67' title="bbox 3530 430 3634 482">
     <span class='ocr_line' id='line_1_67' title="bbox 3530 430 3634 482; baseline 0.029 -3"><span class='ocrx_word' id='word_1_544' title='bbox 3530 430 3634 482; x_wconf 69' lang='lat'>408</span> 
     </span>
    </p>
   </div>
   <div class='ocr_carea' id='block_1_68' title="bbox 1979 531 3638 607">
    <p class='ocr_par' dir='ltr' id='par_1_68' title="bbox 1979 531 3638 607">
     <span class='ocr_line' id='line_1_68' title="bbox 1979 531 3638 607; baseline 0.008 -26"><span class='ocrx_word' id='word_1_545' title='bbox 1979 531 2290 602; x_wconf 80' lang='grc' dir='ltr'>ἀγαπητοὶ,</span> <span class='ocrx_word' id='word_1_546' title='bbox 2347 532 2776 603; x_wconf 89' lang='grc' dir='ltr'>καταφεύγωμεν</span> <span class='ocrx_word' id='word_1_547' title='bbox 2838 533 2938 604; x_wconf 79' lang='grc' dir='ltr'>μὲν</span> <span class='ocrx_word' id='word_1_548' title='bbox 3003 534 3097 589; x_wconf 76' lang='grc' dir='ltr'>ἐπὶ</span> <span class='ocrx_word' id='word_1_549' title='bbox 3155 534 3254 599; x_wconf 82' lang='grc' dir='ltr'>τὰς</span> <span class='ocrx_word' id='word_1_550' title='bbox 3306 537 3415 591; x_wconf 89' lang='grc' dir='ltr'>τῶν</span> <span class='ocrx_word' id='word_1_551' title='bbox 3471 540 3638 607; x_wconf 70' lang='grc' dir='ltr'>ἁγίων</span> 
     </span>
    </p>
   </div>
   <div class='ocr_carea' id='block_1_69' title="bbox 1981 619 3633 696">
    <p class='ocr_par' dir='ltr' id='par_1_69' title="bbox 1981 619 3633 696">
     <span class='ocr_line' id='line_1_69' title="bbox 1981 619 3633 696; baseline 0.005 -26"><span class='ocrx_word' id='word_1_552' title='bbox 1981 619 2297 687; x_wconf 81' lang='grc' dir='ltr'>πρεσϐείας,</span> <span class='ocrx_word' id='word_1_553' title='bbox 2323 620 2416 673; x_wconf 78' lang='grc' dir='ltr'>καὶ</span> <span class='ocrx_word' id='word_1_554' title='bbox 2432 621 2838 691; x_wconf 85' lang='grc' dir='ltr'>παρακαλῶμεν</span> <span class='ocrx_word' id='word_1_555' title='bbox 2859 621 2997 674; x_wconf 82' lang='grc' dir='ltr'>ὥστε</span> <span class='ocrx_word' id='word_1_556' title='bbox 3013 621 3154 693; x_wconf 85' lang='grc' dir='ltr'>ὑπὲρ</span> <span class='ocrx_word' id='word_1_557' title='bbox 3178 623 3335 693; x_wconf 87' lang='grc' dir='ltr'>ἡμῶν</span> <span class='ocrx_word' id='word_1_558' title='bbox 3358 623 3633 696; x_wconf 81' lang='grc' dir='ltr'>δεηθῆναι,</span> 
     </span>
    </p>
   </div>
   <div class='ocr_carea' id='block_1_70' title="bbox 1975 705 3639 783">
    <p class='ocr_par' dir='ltr' id='par_1_70' title="bbox 1975 705 3639 783">
     <span class='ocr_line' id='line_1_70' title="bbox 1975 705 3639 783; baseline 0.007 -27"><span class='ocrx_word' id='word_1_559' title='bbox 1975 705 2109 759; x_wconf 87' lang='grc' dir='ltr'>ἀλλά</span> <span class='ocrx_word' id='word_1_560' title='bbox 2150 707 2223 777; x_wconf 81' lang='grc' dir='ltr'>μὴ</span> <span class='ocrx_word' id='word_1_561' title='bbox 2263 709 2383 771; x_wconf 89' lang='grc' dir='ltr'>ταῖς</span> <span class='ocrx_word' id='word_1_562' title='bbox 2420 708 2641 762; x_wconf 88' lang='grc' dir='ltr'>ἐκείνων</span> <span class='ocrx_word' id='word_1_563' title='bbox 2673 708 2900 772; x_wconf 82' lang='grc' dir='ltr'>ἰκεσίαις</span> <span class='ocrx_word' id='word_1_564' title='bbox 2947 710 3106 780; x_wconf 90' lang='grc' dir='ltr'>μόνον</span> <span class='ocrx_word' id='word_1_565' title='bbox 3136 710 3460 783; x_wconf 83' lang='grc' dir='ltr'>θαρῥῶμεν,</span> <span class='ocrx_word' id='word_1_566' title='bbox 3502 714 3639 768; x_wconf 83' lang='grc' dir='ltr'>ἀλλά</span> 
     </span>
    </p>
   </div>
   <div class='ocr_carea' id='block_1_71' title="bbox 1976 793 3637 871">
    <p class='ocr_par' dir='ltr' id='par_1_71' title="bbox 1976 793 3637 871">
     <span class='ocr_line' id='line_1_71' title="bbox 1976 793 3637 871; baseline 0.006 -27"><span class='ocrx_word' id='word_1_567' title='bbox 1976 793 2069 845; x_wconf 78' lang='grc' dir='ltr'>καὶ</span> <span class='ocrx_word' id='word_1_568' title='bbox 2095 794 2247 846; x_wconf 79' lang='grc' dir='ltr'>αὐτοὶ</span> <span class='ocrx_word' id='word_1_569' title='bbox 2268 793 2337 847; x_wconf 88' lang='grc' dir='ltr'>τά</span> <span class='ocrx_word' id='word_1_570' title='bbox 2366 793 2486 847; x_wconf 90' lang='grc' dir='ltr'>καθ’</span> <span class='ocrx_word' id='word_1_571' title='bbox 2521 796 2744 859; x_wconf 80' lang='grc' dir='ltr'>ἑαυτοὺς</span> <span class='ocrx_word' id='word_1_572' title='bbox 2764 796 2990 859; x_wconf 87' lang='grc' dir='ltr'>δεόντως</span> <span class='ocrx_word' id='word_1_573' title='bbox 3016 799 3411 870; x_wconf 89' lang='grc' dir='ltr'>οἰκονομῶμεν,</span> <span class='ocrx_word' id='word_1_574' title='bbox 3429 802 3522 853; x_wconf 80' lang='grc' dir='ltr'>καὶ</span> <span class='ocrx_word' id='word_1_575' title='bbox 3539 802 3637 871; x_wconf 88' lang='grc' dir='ltr'>τῆς</span> 
     </span>
    </p>
   </div>
   <div class='ocr_carea' id='block_1_72' title="bbox 1979 877 3640 957">
    <p class='ocr_par' dir='ltr' id='par_1_72' title="bbox 1979 877 3640 957">
     <span class='ocr_line' id='line_1_72' title="bbox 1979 877 3640 957; baseline 0.005 -26"><span class='ocrx_word' id='word_1_576' title='bbox 1979 879 2072 932; x_wconf 72' lang='grc' dir='ltr'>ἐπὶ</span> <span class='ocrx_word' id='word_1_577' title='bbox 2104 877 2164 931; x_wconf 85' lang='grc' dir='ltr'>τὸ</span> <span class='ocrx_word' id='word_1_578' title='bbox 2197 879 2402 948; x_wconf 88' lang='grc' dir='ltr'>βέλτιον</span> <span class='ocrx_word' id='word_1_579' title='bbox 2434 880 2737 951; x_wconf 89' lang='grc' dir='ltr'>μεταϐολῆς</span> <span class='ocrx_word' id='word_1_580' title='bbox 2768 882 3049 952; x_wconf 77' lang='grc' dir='ltr'>ἐχώμεθα,</span> <span class='ocrx_word' id='word_1_581' title='bbox 3098 884 3185 938; x_wconf 83' lang='grc' dir='ltr'>ἴνα</span> <span class='ocrx_word' id='word_1_582' title='bbox 3235 885 3419 957; x_wconf 88' lang='grc' dir='ltr'>χώραν</span> <span class='ocrx_word' id='word_1_583' title='bbox 3462 886 3640 957; x_wconf 89' lang='grc' dir='ltr'>δῶμεν</span> 
     </span>
    </p>
   </div>
   <div class='ocr_carea' id='block_1_73' title="bbox 1974 969 3641 1046">
    <p class='ocr_par' dir='ltr' id='par_1_73' title="bbox 1974 969 3641 1046">
     <span class='ocr_line' id='line_1_73' title="bbox 1974 969 3641 1046; baseline 0.005 -26"><span class='ocrx_word' id='word_1_584' title='bbox 1974 971 2041 1038; x_wconf 83' lang='grc' dir='ltr'>τῇ</span> <span class='ocrx_word' id='word_1_585' title='bbox 2079 969 2343 1040; x_wconf 75' lang='grc' dir='ltr'>πρεσϐείᾳ</span> <span class='ocrx_word' id='word_1_586' title='bbox 2370 973 2438 1042; x_wconf 81' lang='grc' dir='ltr'>τῇ</span> <span class='ocrx_word' id='word_1_587' title='bbox 2468 970 2609 1041; x_wconf 83' lang='grc' dir='ltr'>ὑπὲρ</span> <span class='ocrx_word' id='word_1_588' title='bbox 2634 970 2789 1041; x_wconf 81' lang='grc' dir='ltr'>ἡμῶν</span> <span class='ocrx_word' id='word_1_589' title='bbox 2832 974 3109 1044; x_wconf 86' lang='grc' dir='ltr'>γινομένῃ.</span> <span class='ocrx_word' id='word_1_590' title='bbox 3153 972 3323 1027; x_wconf 88' lang='grc' dir='ltr'>Τοῦτο</span> <span class='ocrx_word' id='word_1_591' title='bbox 3369 975 3462 1028; x_wconf 76' lang='grc' dir='ltr'>καὶ</span> <span class='ocrx_word' id='word_1_592' title='bbox 3504 975 3641 1046; x_wconf 87' lang='grc' dir='ltr'>πρὸς</span> 
     </span>
    </p>
   </div>
   <div class='ocr_carea' id='block_1_74' title="bbox 1977 1054 3635 1132">
    <p class='ocr_par' dir='ltr' id='par_1_74' title="bbox 1977 1054 3635 1132">
     <span class='ocr_line' id='line_1_74' title="bbox 1977 1054 3635 1132; baseline 0.005 -25"><span class='ocrx_word' id='word_1_593' title='bbox 1977 1054 2162 1125; x_wconf 75' lang='grc' dir='ltr'>ἕτερον</span> <span class='ocrx_word' id='word_1_594' title='bbox 2204 1057 2489 1127; x_wconf 78' lang='grc' dir='ltr'>προφήτην</span> <span class='ocrx_word' id='word_1_595' title='bbox 2595 1057 2759 1127; x_wconf 78' lang='grc' dir='ltr'>φησὶν</span> <span class='ocrx_word' id='word_1_596' title='bbox 2803 1059 2831 1110; x_wconf 95' lang='lat'>6</span> <span class='ocrx_word' id='word_1_597' title='bbox 2874 1058 2980 1110; x_wconf 91' lang='grc' dir='ltr'>τῶν</span> <span class='ocrx_word' id='word_1_598' title='bbox 3023 1059 3278 1113; x_wconf 87' lang='grc' dir='ltr'>ἀπάντων</span> <span class='ocrx_word' id='word_1_599' title='bbox 3318 1061 3593 1132; x_wconf 86' lang='grc' dir='ltr'>Δεσπότης</span> <span class='ocrx_word' id='word_1_600' title='bbox 3623 1076 3635 1089; x_wconf 92' lang='grc'><strong>·</strong></span> 
     </span>
    </p>
   </div>
   <div class='ocr_carea' id='block_1_75' title="bbox 1972 1143 3641 1217">
    <p class='ocr_par' dir='ltr' id='par_1_75' title="bbox 1972 1143 3641 1217">
     <span class='ocr_line' id='line_1_75' title="bbox 1972 1143 3641 1217; baseline 0.003 -20"><span class='ocrx_word' id='word_1_601' title='bbox 1972 1147 2095 1213; x_wconf 81' lang='grc' dir='ltr'>Οὐχ</span> <span class='ocrx_word' id='word_1_602' title='bbox 2148 1143 2290 1212; x_wconf 84' lang='grc' dir='ltr'>ὁρᾷς</span> <span class='ocrx_word' id='word_1_603' title='bbox 2338 1146 2394 1198; x_wconf 87' lang='grc' dir='ltr'>τί</span> <span class='ocrx_word' id='word_1_604' title='bbox 2445 1146 2614 1199; x_wconf 84' lang='grc' dir='ltr'>αὺτοί</span> <span class='ocrx_word' id='word_1_605' title='bbox 2664 1145 2939 1207; x_wconf 85' lang='grc' dir='ltr'>ποιοῦσι;</span> <span class='ocrx_word' id='word_1_606' title='bbox 2995 1145 3254 1215; x_wconf 85' lang='grc' dir='ltr'>Θυμιῶσι</span> <span class='ocrx_word' id='word_1_607' title='bbox 3299 1149 3501 1217; x_wconf 86' lang='grc' dir='ltr'>στέαρ,</span> <span class='ocrx_word' id='word_1_608' title='bbox 3541 1148 3641 1203; x_wconf 77' lang='grc' dir='ltr'>καὶ</span> 
     </span>
    </p>
   </div>
   <div class='ocr_carea' id='block_1_76' title="bbox 1976 1226 3641 1304">
    <p class='ocr_par' dir='ltr' id='par_1_76' title="bbox 1976 1226 3641 1304">
     <span class='ocr_line' id='line_1_76' title="bbox 1976 1226 3641 1304; baseline 0.003 -25"><span class='ocrx_word' id='word_1_609' title='bbox 1976 1226 2252 1294; x_wconf 84' lang='grc' dir='ltr'>χαυῶνας</span> <span class='ocrx_word' id='word_1_610' title='bbox 2274 1228 2513 1282; x_wconf 83' lang='grc' dir='ltr'>ποιοῦσι</span> <span class='ocrx_word' id='word_1_611' title='bbox 2541 1227 2617 1296; x_wconf 79' lang='grc' dir='ltr'>τῇ</span> <span class='ocrx_word' id='word_1_612' title='bbox 2642 1226 2893 1297; x_wconf 85' lang='grc' dir='ltr'>στρατιᾷ</span> <span class='ocrx_word' id='word_1_613' title='bbox 2917 1228 3024 1282; x_wconf 87' lang='grc' dir='ltr'>τοῦ</span> <span class='ocrx_word' id='word_1_614' title='bbox 3045 1232 3334 1298; x_wconf 83' lang='grc' dir='ltr'>οὐρανοῦ·</span> <span class='ocrx_word' id='word_1_615' title='bbox 3362 1235 3641 1304; x_wconf 78' lang='grc' dir='ltr'>μονονουχὶ</span> 
     </span>
    </p>
   </div>
   <div class='ocr_carea' id='block_1_77' title="bbox 1976 1313 3643 1387">
    <p class='ocr_par' dir='ltr' id='par_1_77' title="bbox 1976 1313 3643 1387">
     <span class='ocr_line' id='line_1_77' title="bbox 1976 1313 3643 1387; baseline 0.004 -21"><span class='ocrx_word' id='word_1_616' title='bbox 1976 1313 2149 1379; x_wconf 81' lang='grc' dir='ltr'>λέγων</span> <span class='ocrx_word' id='word_1_617' title='bbox 2187 1314 2320 1384; x_wconf 85' lang='grc' dir='ltr'>πρὸς</span> <span class='ocrx_word' id='word_1_618' title='bbox 2344 1315 2507 1368; x_wconf 89' lang='grc' dir='ltr'>αὐτόν</span> <span class='ocrx_word' id='word_1_619' title='bbox 2531 1328 2545 1345; x_wconf 81' lang='grc'><strong><em>⁸</em></strong></span> <span class='ocrx_word' id='word_1_620' title='bbox 2588 1315 2757 1385; x_wconf 79' lang='grc' dir='ltr'>’Υπὲρ</span> <span class='ocrx_word' id='word_1_621' title='bbox 2796 1315 3001 1369; x_wconf 87' lang='grc' dir='ltr'>τούτων</span> <span class='ocrx_word' id='word_1_622' title='bbox 3032 1333 3099 1386; x_wconf 87' lang='grc' dir='ltr'>με</span> <span class='ocrx_word' id='word_1_623' title='bbox 3131 1318 3465 1387; x_wconf 86' lang='grc' dir='ltr'>παρακαλεῖς</span> <span class='ocrx_word' id='word_1_624' title='bbox 3487 1359 3501 1379; x_wconf 90' lang='grc'>,</span> <span class='ocrx_word' id='word_1_625' title='bbox 3533 1320 3643 1374; x_wconf 81' lang='grc' dir='ltr'>τῶν</span> 
     </span>
    </p>
   </div>
   <div class='ocr_carea' id='block_1_78' title="bbox 1975 1400 3643 1475">
    <p class='ocr_par' dir='ltr' id='par_1_78' title="bbox 1975 1400 3643 1475">
     <span class='ocr_line' id='line_1_78' title="bbox 1975 1400 3643 1475; baseline 0.004 -23"><span class='ocrx_word' id='word_1_626' title='bbox 1975 1401 2073 1470; x_wconf 90' lang='grc' dir='ltr'>ούχ</span> <span class='ocrx_word' id='word_1_627' title='bbox 2121 1400 2421 1472; x_wconf 82' lang='grc' dir='ltr'>ἱσταμένων</span> <span class='ocrx_word' id='word_1_628' title='bbox 2458 1401 2559 1471; x_wconf 89' lang='grc' dir='ltr'>τῆς</span> <span class='ocrx_word' id='word_1_629' title='bbox 2598 1403 2900 1472; x_wconf 87' lang='grc' dir='ltr'>πονηρίας,</span> <span class='ocrx_word' id='word_1_630' title='bbox 2935 1403 3045 1457; x_wconf 90' lang='grc' dir='ltr'>τῶν</span> <span class='ocrx_word' id='word_1_631' title='bbox 3092 1404 3343 1474; x_wconf 77' lang='grc' dir='ltr'>οὐδεμίαν</span> <span class='ocrx_word' id='word_1_632' title='bbox 3392 1407 3643 1475; x_wconf 75' lang='grc' dir='ltr'>αἴσθησιν</span> 
     </span>
    </p>
   </div>
   <div class='ocr_carea' id='block_1_79' title="bbox 1975 1485 3642 1564">
    <p class='ocr_par' dir='ltr' id='par_1_79' title="bbox 1975 1485 3642 1564">
     <span class='ocr_line' id='line_1_79' title="bbox 1975 1485 3642 1564; baseline 0.004 -24"><span class='ocrx_word' id='word_1_633' title='bbox 1975 1488 2362 1559; x_wconf 86' lang='grc' dir='ltr'>λαμϐανόντων</span> <span class='ocrx_word' id='word_1_634' title='bbox 2408 1490 2509 1559; x_wconf 86' lang='grc' dir='ltr'>τῆς</span> <span class='ocrx_word' id='word_1_635' title='bbox 2558 1490 2715 1543; x_wconf 90' lang='grc' dir='ltr'>νόσου</span> <span class='ocrx_word' id='word_1_636' title='bbox 2762 1493 2820 1543; x_wconf 92' lang='grc' dir='ltr'>ἐν</span> <span class='ocrx_word' id='word_1_637' title='bbox 2951 1492 3292 1562; x_wconf 88' lang='grc' dir='ltr'>κατέχονται,</span> <span class='ocrx_word' id='word_1_638' title='bbox 3340 1494 3450 1548; x_wconf 82' lang='grc' dir='ltr'>ἀλλ’</span> <span class='ocrx_word' id='word_1_639' title='bbox 3473 1494 3642 1560; x_wconf 79' lang='grc' dir='ltr'>οὓτως</span> 
     </span>
    </p>
   </div>
   <div class='ocr_carea' id='block_1_80' title="bbox 1976 1575 3640 1654">
    <p class='ocr_par' dir='ltr' id='par_1_80' title="bbox 1976 1575 3640 1654">
     <span class='ocr_line' id='line_1_80' title="bbox 1976 1575 3640 1654; baseline 0.004 -26"><span class='ocrx_word' id='word_1_640' title='bbox 1976 1575 2295 1647; x_wconf 86' lang='grc' dir='ltr'>ἀναλγήτως</span> <span class='ocrx_word' id='word_1_641' title='bbox 2320 1577 2704 1647; x_wconf 86' lang='grc' dir='ltr'>διακειμένων;</span> <span class='ocrx_word' id='word_1_642' title='bbox 2747 1577 2856 1647; x_wconf 89' lang='grc' dir='ltr'>Οὐχ</span> <span class='ocrx_word' id='word_1_643' title='bbox 2880 1579 3012 1649; x_wconf 78' lang='grc' dir='ltr'>ὁρᾷς</span> <span class='ocrx_word' id='word_1_644' title='bbox 3038 1580 3214 1633; x_wconf 88' lang='grc' dir='ltr'>αὐτῶν</span> <span class='ocrx_word' id='word_1_645' title='bbox 3242 1582 3343 1652; x_wconf 82' lang='grc' dir='ltr'>τὴν</span> <span class='ocrx_word' id='word_1_646' title='bbox 3368 1582 3469 1635; x_wconf 86' lang='grc' dir='ltr'>ὐπε</span> <span class='ocrx_word' id='word_1_647' title='bbox 3480 1582 3640 1654; x_wconf 78' lang='grc' dir='ltr'>ρϐἀλο</span> 
     </span>
    </p>
   </div>
   <div class='ocr_carea' id='block_1_81' title="bbox 1974 1664 3643 1741">
    <p class='ocr_par' dir='ltr' id='par_1_81' title="bbox 1974 1664 3643 1741">
     <span class='ocr_line' id='line_1_81' title="bbox 1974 1664 3643 1741; baseline 0.005 -25"><span class='ocrx_word' id='word_1_648' title='bbox 1974 1664 2172 1717; x_wconf 87' lang='grc' dir='ltr'>λουσαν</span> <span class='ocrx_word' id='word_1_649' title='bbox 2221 1666 2660 1737; x_wconf 86' lang='grc' dir='ltr'>καταφρόνησιν;</span> <span class='ocrx_word' id='word_1_650' title='bbox 2709 1666 2770 1719; x_wconf 91' lang='grc' dir='ltr'>οὐ</span> <span class='ocrx_word' id='word_1_651' title='bbox 2816 1666 3033 1736; x_wconf 84' lang='grc' dir='ltr'>βλέπεις</span> <span class='ocrx_word' id='word_1_652' title='bbox 3083 1668 3261 1722; x_wconf 81' lang='grc' dir='ltr'>αὐτῶν</span> <span class='ocrx_word' id='word_1_653' title='bbox 3304 1670 3404 1740; x_wconf 82' lang='grc' dir='ltr'>τὴν</span> <span class='ocrx_word' id='word_1_654' title='bbox 3449 1671 3643 1741; x_wconf 82' lang='grc' dir='ltr'>μανίαν</span> 
     </span>
    </p>
   </div>
   <div class='ocr_carea' id='block_1_82' title="bbox 1973 1751 3640 1827">
    <p class='ocr_par' dir='ltr' id='par_1_82' title="bbox 1973 1751 3640 1827">
     <span class='ocr_line' id='line_1_82' title="bbox 1973 1751 3640 1827; baseline 0.004 -24"><span class='ocrx_word' id='word_1_655' title='bbox 1973 1751 2072 1821; x_wconf 77' lang='grc' dir='ltr'>τὴν</span> <span class='ocrx_word' id='word_1_656' title='bbox 2104 1751 2343 1822; x_wconf 88' lang='grc' dir='ltr'>πολλήν;</span> <span class='ocrx_word' id='word_1_657' title='bbox 2379 1752 2497 1813; x_wconf 89' lang='grc' dir='ltr'>πῶς</span> <span class='ocrx_word' id='word_1_658' title='bbox 2523 1752 2735 1805; x_wconf 82' lang='grc' dir='ltr'>οὐδέπω</span> <span class='ocrx_word' id='word_1_659' title='bbox 2764 1752 2922 1824; x_wconf 86' lang='grc' dir='ltr'>κόρον</span> <span class='ocrx_word' id='word_1_660' title='bbox 2946 1754 3198 1825; x_wconf 88' lang='grc' dir='ltr'>εἰλήφασι</span> <span class='ocrx_word' id='word_1_661' title='bbox 3231 1757 3330 1827; x_wconf 88' lang='grc' dir='ltr'>τῆς</span> <span class='ocrx_word' id='word_1_662' title='bbox 3368 1757 3640 1821; x_wconf 88' lang='grc' dir='ltr'>ἀσεϐείας,</span> 
     </span>
    </p>
   </div>
   <div class='ocr_carea' id='block_1_83' title="bbox 1975 1832 3639 1912">
    <p class='ocr_par' dir='ltr' id='par_1_83' title="bbox 1975 1832 3639 1912">
     <span class='ocr_line' id='line_1_83' title="bbox 1975 1832 3639 1912; baseline 0.005 -23"><span class='ocrx_word' id='word_1_663' title='bbox 1975 1836 2111 1891; x_wconf 88' lang='grc' dir='ltr'>ἀλλά</span> <span class='ocrx_word' id='word_1_664' title='bbox 2155 1838 2407 1909; x_wconf 88' lang='grc' dir='ltr'>καθάπερ</span> <span class='ocrx_word' id='word_1_665' title='bbox 2450 1832 2516 1903; x_wconf 77' lang='grc' dir='ltr'>ῦς</span> <span class='ocrx_word' id='word_1_666' title='bbox 2561 1841 2620 1892; x_wconf 88' lang='grc' dir='ltr'>ἐν</span> <span class='ocrx_word' id='word_1_667' title='bbox 2665 1840 2946 1912; x_wconf 86' lang='grc' dir='ltr'>βορϐόρῳ,</span> <span class='ocrx_word' id='word_1_668' title='bbox 2992 1842 3164 1905; x_wconf 80' lang='grc' dir='ltr'>οὕτως</span> <span class='ocrx_word' id='word_1_669' title='bbox 3207 1843 3639 1910; x_wconf 86' lang='grc' dir='ltr'>ἐγκαλινδοῦνται</span> 
     </span>
    </p>
   </div>
   <div class='ocr_carea' id='block_1_84' title="bbox 1974 1925 3635 2001">
    <p class='ocr_par' dir='ltr' id='par_1_84' title="bbox 1974 1925 3635 2001">
     <span class='ocr_line' id='line_1_84' title="bbox 1974 1925 3635 2001; baseline 0.005 -25"><span class='ocrx_word' id='word_1_670' title='bbox 1974 1928 2093 1987; x_wconf 90' lang='grc' dir='ltr'>ταῖς</span> <span class='ocrx_word' id='word_1_671' title='bbox 2117 1925 2347 1989; x_wconf 86' lang='grc' dir='ltr'>οἰκείαις</span> <span class='ocrx_word' id='word_1_672' title='bbox 2390 1927 2789 1998; x_wconf 88' lang='grc' dir='ltr'>παρανομίαις;</span> <span class='ocrx_word' id='word_1_673' title='bbox 2830 1929 2921 1999; x_wconf 84' lang='grc' dir='ltr'>Μὴ</span> <span class='ocrx_word' id='word_1_674' title='bbox 2948 1928 3056 2001; x_wconf 85' lang='grc' dir='ltr'>γὰρ</span> <span class='ocrx_word' id='word_1_675' title='bbox 3080 1969 3094 1993; x_wconf 91' lang='grc'>,</span> <span class='ocrx_word' id='word_1_676' title='bbox 3129 1932 3176 1983; x_wconf 89' lang='grc' dir='ltr'>εἰ</span> <span class='ocrx_word' id='word_1_677' title='bbox 3206 1930 3486 1985; x_wconf 87' lang='grc' dir='ltr'>ἐϐούλοντο</span> <span class='ocrx_word' id='word_1_678' title='bbox 3518 1935 3635 1985; x_wconf 43' lang='grc' dir='ltr'>ἐπι,</span> 
     </span>
    </p>
   </div>
   <div class='ocr_carea' id='block_1_85' title="bbox 1978 2010 3640 2088">
    <p class='ocr_par' dir='ltr' id='par_1_85' title="bbox 1978 2010 3640 2088">
     <span class='ocr_line' id='line_1_85' title="bbox 1978 2010 3640 2088; baseline 0.006 -26"><span class='ocrx_word' id='word_1_679' title='bbox 1978 2010 2253 2081; x_wconf 83' lang='grc' dir='ltr'>στρέφειν,</span> <span class='ocrx_word' id='word_1_680' title='bbox 2289 2012 2704 2083; x_wconf 89' lang='grc' dir='ltr'>παρακληθῆναι</span> <span class='ocrx_word' id='word_1_681' title='bbox 2744 2014 3032 2085; x_wconf 85' lang='grc' dir='ltr'>ἀνέμενον;</span> <span class='ocrx_word' id='word_1_682' title='bbox 3075 2018 3188 2069; x_wconf 82' lang='grc' dir='ltr'>Οὐκ</span> <span class='ocrx_word' id='word_1_683' title='bbox 3219 2016 3330 2085; x_wconf 84' lang='grc' dir='ltr'>ἐγώ</span> <span class='ocrx_word' id='word_1_684' title='bbox 3356 2019 3472 2088; x_wconf 87' lang='grc' dir='ltr'>εἰμι</span> <span class='ocrx_word' id='word_1_685' title='bbox 3500 2021 3528 2072; x_wconf 94' lang='lat'>6</span> <span class='ocrx_word' id='word_1_686' title='bbox 3554 2019 3640 2072; x_wconf 89' lang='grc' dir='ltr'>διά</span> 
     </span>
    </p>
   </div>
   <div class='ocr_carea' id='block_1_86' title="bbox 1974 2095 3640 2173">
    <p class='ocr_par' dir='ltr' id='par_1_86' title="bbox 1974 2095 3640 2173">
     <span class='ocr_line' id='line_1_86' title="bbox 1974 2095 3640 2173; baseline 0.007 -26"><span class='ocrx_word' id='word_1_687' title='bbox 1974 2095 2081 2148; x_wconf 91' lang='grc' dir='ltr'>τῶν</span> <span class='ocrx_word' id='word_1_688' title='bbox 2119 2097 2415 2168; x_wconf 85' lang='grc' dir='ltr'>προφητῶν</span> <span class='ocrx_word' id='word_1_689' title='bbox 2457 2098 2594 2168; x_wconf 87' lang='grc' dir='ltr'>βοῶν</span> <span class='ocrx_word' id='word_1_690' title='bbox 2640 2100 2733 2153; x_wconf 72' lang='grc' dir='ltr'>καὶ</span> <span class='ocrx_word' id='word_1_691' title='bbox 2764 2100 2936 2166; x_wconf 88' lang='grc' dir='ltr'>λέγων</span> <span class='ocrx_word' id='word_1_692' title='bbox 2965 2118 2978 2132; x_wconf 76' lang='grc'><strong><em>⁸</em></strong></span> <span class='ocrx_word' id='word_1_693' title='bbox 3024 2103 3132 2156; x_wconf 78' lang='grc' dir='ltr'>Καὶ</span> <span class='ocrx_word' id='word_1_694' title='bbox 3176 2098 3348 2156; x_wconf 80' lang='grc' dir='ltr'>εἷπον</span> <span class='ocrx_word' id='word_1_695' title='bbox 3381 2105 3531 2173; x_wconf 82' lang='grc' dir='ltr'>μετὰ</span> <span class='ocrx_word' id='word_1_696' title='bbox 3575 2106 3640 2158; x_wconf 83' lang='grc' dir='ltr'>τὸ</span> 
     </span>
    </p>
   </div>
   <div class='ocr_carea' id='block_1_87' title="bbox 1977 2184 3642 2260">
    <p class='ocr_par' dir='ltr' id='par_1_87' title="bbox 1977 2184 3642 2260">
     <span class='ocr_line' id='line_1_87' title="bbox 1977 2184 3642 2260; baseline 0.005 -25"><span class='ocrx_word' id='word_1_697' title='bbox 1977 2184 2304 2250; x_wconf 81' lang='grc' dir='ltr'>πορνεῦσαι</span> <span class='ocrx_word' id='word_1_698' title='bbox 2361 2184 2555 2251; x_wconf 82' lang='grc' dir='ltr'>αὐτήν</span> <span class='ocrx_word' id='word_1_699' title='bbox 2578 2203 2594 2218; x_wconf 78' lang='grc' dir='ltr'><strong>ο</strong></span> <span class='ocrx_word' id='word_1_700' title='bbox 2630 2186 2791 2240; x_wconf 87' lang='grc' dir='ltr'>Μετὰ</span> <span class='ocrx_word' id='word_1_701' title='bbox 2856 2187 3039 2241; x_wconf 84' lang='grc' dir='ltr'>ταῦτα</span> <span class='ocrx_word' id='word_1_702' title='bbox 3104 2188 3301 2242; x_wconf 78' lang='grc' dir='ltr'>πάντα</span> <span class='ocrx_word' id='word_1_703' title='bbox 3361 2192 3504 2258; x_wconf 85' lang='grc' dir='ltr'>πρός</span> <span class='ocrx_word' id='word_1_704' title='bbox 3566 2209 3642 2260; x_wconf 81' lang='grc' dir='ltr'>με</span> 
     </span>
    </p>
   </div>
   <div class='ocr_carea' id='block_1_88' title="bbox 1975 2272 3643 2351">
    <p class='ocr_par' dir='ltr' id='par_1_88' title="bbox 1975 2272 3643 2351">
     <span class='ocr_line' id='line_1_88' title="bbox 1975 2272 3643 2351; baseline 0.004 -26"><span class='ocrx_word' id='word_1_705' title='bbox 1975 2272 2385 2340; x_wconf 70' lang='grc' dir='ltr'>ἁνάστρεψον,</span> <span class='ocrx_word' id='word_1_706' title='bbox 2416 2273 2514 2326; x_wconf 83' lang='grc' dir='ltr'>καί</span> <span class='ocrx_word' id='word_1_707' title='bbox 2543 2276 2653 2327; x_wconf 84' lang='grc' dir='ltr'>οὐκ</span> <span class='ocrx_word' id='word_1_708' title='bbox 2685 2274 3057 2343; x_wconf 72' lang='grc' dir='ltr'>ἁνέστρεψε;</span> <span class='ocrx_word' id='word_1_709' title='bbox 3086 2276 3177 2346; x_wconf 80' lang='grc' dir='ltr'>Μὴ</span> <span class='ocrx_word' id='word_1_710' title='bbox 3219 2278 3327 2349; x_wconf 84' lang='grc' dir='ltr'>γὰρ</span> <span class='ocrx_word' id='word_1_711' title='bbox 3363 2278 3549 2351; x_wconf 73' lang='grc' dir='ltr'>ἕτερόν</span> <span class='ocrx_word' id='word_1_712' title='bbox 3589 2297 3643 2334; x_wconf 84' lang='grc' dir='ltr'>τι</span> 
     </span>
    </p>
   </div>
   <div class='ocr_carea' id='block_1_89' title="bbox 1977 2358 3643 2433">
    <p class='ocr_par' dir='ltr' id='par_1_89' title="bbox 1977 2358 3643 2433">
     <span class='ocr_line' id='line_1_89' title="bbox 1977 2358 3643 2433; baseline 0.006 -24"><span class='ocrx_word' id='word_1_713' title='bbox 1977 2358 2142 2427; x_wconf 79' lang='grc' dir='ltr'>ζητῶ,</span> <span class='ocrx_word' id='word_1_714' title='bbox 2173 2359 2205 2428; x_wconf 81' lang='grc' dir='ltr'>ἢ</span> <span class='ocrx_word' id='word_1_715' title='bbox 2240 2358 2551 2413; x_wconf 87' lang='grc' dir='ltr'>παύσασθαι</span> <span class='ocrx_word' id='word_1_716' title='bbox 2570 2361 2671 2430; x_wconf 91' lang='grc' dir='ltr'>τῆς</span> <span class='ocrx_word' id='word_1_717' title='bbox 2700 2363 2962 2433; x_wconf 84' lang='grc' dir='ltr'>πονηρίας</span> <span class='ocrx_word' id='word_1_718' title='bbox 2992 2363 3172 2432; x_wconf 89' lang='grc' dir='ltr'>μόνον,</span> <span class='ocrx_word' id='word_1_719' title='bbox 3200 2364 3294 2417; x_wconf 80' lang='grc' dir='ltr'>καὶ</span> <span class='ocrx_word' id='word_1_720' title='bbox 3324 2366 3513 2433; x_wconf 87' lang='grc' dir='ltr'>στῆναι</span> <span class='ocrx_word' id='word_1_721' title='bbox 3534 2366 3643 2419; x_wconf 87' lang='grc' dir='ltr'>τῶν</span> 
     </span>
    </p>
   </div>
   <div class='ocr_carea' id='block_1_90' title="bbox 1978 2445 3641 2520">
    <p class='ocr_par' dir='ltr' id='par_1_90' title="bbox 1978 2445 3641 2520">
     <span class='ocr_line' id='line_1_90' title="bbox 1978 2445 3641 2520; baseline 0.007 -24"><span class='ocrx_word' id='word_1_722' title='bbox 1978 2445 2163 2498; x_wconf 86' lang='grc' dir='ltr'>κακῶν</span> <span class='ocrx_word' id='word_1_723' title='bbox 2185 2462 2198 2509; x_wconf 92' lang='grc'>;</span> <span class='ocrx_word' id='word_1_724' title='bbox 2233 2445 2306 2517; x_wconf 76' lang='grc' dir='ltr'>μή</span> <span class='ocrx_word' id='word_1_725' title='bbox 2336 2447 2445 2517; x_wconf 85' lang='grc' dir='ltr'>γάρ</span> <span class='ocrx_word' id='word_1_726' title='bbox 2467 2447 2607 2519; x_wconf 81' lang='grc' dir='ltr'>ὑπὲρ</span> <span class='ocrx_word' id='word_1_727' title='bbox 2631 2449 2739 2502; x_wconf 90' lang='grc' dir='ltr'>τῶν</span> <span class='ocrx_word' id='word_1_728' title='bbox 2761 2450 3136 2520; x_wconf 88' lang='grc' dir='ltr'>παρελθόντων</span> <span class='ocrx_word' id='word_1_729' title='bbox 3164 2452 3392 2516; x_wconf 84' lang='grc' dir='ltr'>εὐθύνας</span> <span class='ocrx_word' id='word_1_730' title='bbox 3406 2454 3641 2519; x_wconf 84' lang='grc' dir='ltr'>ἀπαιτῶ,</span> 
     </span>
    </p>
   </div>
   <div class='ocr_carea' id='block_1_91' title="bbox 1977 2533 3643 2610">
    <p class='ocr_par' dir='ltr' id='par_1_91' title="bbox 1977 2533 3643 2610">
     <span class='ocr_line' id='line_1_91' title="bbox 1977 2533 3643 2610; baseline 0.007 -27"><span class='ocrx_word' id='word_1_731' title='bbox 1977 2533 2073 2584; x_wconf 74' lang='grc' dir='ltr'>ἐὰν</span> <span class='ocrx_word' id='word_1_732' title='bbox 2118 2533 2210 2586; x_wconf 80' lang='grc' dir='ltr'>ἴδω</span> <span class='ocrx_word' id='word_1_733' title='bbox 2268 2534 2694 2603; x_wconf 84' lang='grc' dir='ltr'>μεταϐάλλεσθαι</span> <span class='ocrx_word' id='word_1_734' title='bbox 2738 2537 3129 2607; x_wconf 85' lang='grc' dir='ltr'>βουλομένους;</span> <span class='ocrx_word' id='word_1_735' title='bbox 3163 2541 3221 2593; x_wconf 90' lang='grc' dir='ltr'>οὐ</span> <span class='ocrx_word' id='word_1_736' title='bbox 3258 2541 3377 2594; x_wconf 87' lang='grc' dir='ltr'>καθ’</span> <span class='ocrx_word' id='word_1_737' title='bbox 3407 2542 3643 2610; x_wconf 89' lang='grc' dir='ltr'>ἐκάστην</span> 
     </span>
    </p>
   </div>
   <div class='ocr_carea' id='block_1_92' title="bbox 1979 2622 3647 2693">
    <p class='ocr_par' dir='ltr' id='par_1_92' title="bbox 1979 2622 3647 2693">
     <span class='ocr_line' id='line_1_92' title="bbox 1979 2622 3647 2693; baseline 0.007 -21"><span class='ocrx_word' id='word_1_738' title='bbox 1979 2622 2193 2692; x_wconf 85' lang='grc' dir='ltr'>ἡμέραν</span> <span class='ocrx_word' id='word_1_739' title='bbox 2246 2622 2352 2692; x_wconf 87' lang='grc' dir='ltr'>βοῶ</span> <span class='ocrx_word' id='word_1_740' title='bbox 2391 2623 2560 2691; x_wconf 86' lang='grc' dir='ltr'>λέγων</span> <span class='ocrx_word' id='word_1_741' title='bbox 2586 2641 2599 2653; x_wconf 90' lang='grc'><strong>·</strong></span> <span class='ocrx_word' id='word_1_742' title='bbox 2628 2627 2709 2679; x_wconf 86' lang='grc' dir='ltr'>Οὐ</span> <span class='ocrx_word' id='word_1_743' title='bbox 2755 2626 3000 2693; x_wconf 77' lang='grc' dir='ltr'>θελήσει</span> <span class='ocrx_word' id='word_1_744' title='bbox 3052 2629 3204 2682; x_wconf 71' lang='grc' dir='ltr'>θέλω</span> <span class='ocrx_word' id='word_1_745' title='bbox 3244 2630 3349 2681; x_wconf 78' lang='grc' dir='ltr'>τὸν</span> <span class='ocrx_word' id='word_1_746' title='bbox 3386 2629 3647 2685; x_wconf 85' lang='grc' dir='ltr'>θάνατον</span> 
     </span>
    </p>
   </div>
   <div class='ocr_carea' id='block_1_93' title="bbox 1979 2709 3645 2785">
    <p class='ocr_par' dir='ltr' id='par_1_93' title="bbox 1979 2709 3645 2785">
     <span class='ocr_line' id='line_1_93' title="bbox 1979 2709 3645 2785; baseline 0.006 -25"><span class='ocrx_word' id='word_1_747' title='bbox 1979 2709 2083 2761; x_wconf 85' lang='grc' dir='ltr'>τοῦ</span> <span class='ocrx_word' id='word_1_748' title='bbox 2127 2710 2499 2777; x_wconf 78' lang='grc' dir='ltr'>ἁμαρτωλοῦ,</span> <span class='ocrx_word' id='word_1_749' title='bbox 2543 2713 2623 2778; x_wconf 86' lang='grc' dir='ltr'>ὠς</span> <span class='ocrx_word' id='word_1_750' title='bbox 2664 2712 2734 2766; x_wconf 83' lang='grc' dir='ltr'>τὸ</span> <span class='ocrx_word' id='word_1_751' title='bbox 2775 2714 3132 2783; x_wconf 70' lang='grc' dir='ltr'>ἐπιστρέψαι</span> <span class='ocrx_word' id='word_1_752' title='bbox 3161 2716 3256 2769; x_wconf 77' lang='grc' dir='ltr'>καὶ</span> <span class='ocrx_word' id='word_1_753' title='bbox 3289 2715 3394 2785; x_wconf 77' lang='grc' dir='ltr'>ζῇν</span> <span class='ocrx_word' id='word_1_754' title='bbox 3424 2719 3645 2780; x_wconf 83' lang='grc' dir='ltr'>αὐτόν;</span> 
     </span>
    </p>
   </div>
   <div class='ocr_carea' id='block_1_94' title="bbox 1980 2796 3647 2874">
    <p class='ocr_par' dir='ltr' id='par_1_94' title="bbox 1980 2796 3647 2874">
     <span class='ocr_line' id='line_1_94' title="bbox 1980 2796 3647 2874; baseline 0.006 -27"><span class='ocrx_word' id='word_1_755' title='bbox 1980 2796 2053 2847; x_wconf 86' lang='grc' dir='ltr'>Οὐ</span> <span class='ocrx_word' id='word_1_756' title='bbox 2083 2796 2170 2848; x_wconf 88' lang='grc' dir='ltr'>διά</span> <span class='ocrx_word' id='word_1_757' title='bbox 2200 2796 2358 2849; x_wconf 86' lang='grc' dir='ltr'>τοῦτο</span> <span class='ocrx_word' id='word_1_758' title='bbox 2387 2799 2561 2851; x_wconf 85' lang='grc' dir='ltr'>πάντα</span> <span class='ocrx_word' id='word_1_759' title='bbox 2596 2799 2732 2852; x_wconf 87' lang='grc' dir='ltr'>ποιῶ</span> <span class='ocrx_word' id='word_1_760' title='bbox 2752 2841 2766 2863; x_wconf 94' lang='grc'>,</span> <span class='ocrx_word' id='word_1_761' title='bbox 2801 2800 2886 2852; x_wconf 81' lang='grc' dir='ltr'>ἵνα</span> <span class='ocrx_word' id='word_1_762' title='bbox 2915 2802 3016 2870; x_wconf 90' lang='grc' dir='ltr'>τῆς</span> <span class='ocrx_word' id='word_1_763' title='bbox 3058 2802 3326 2865; x_wconf 85' lang='grc' dir='ltr'>ἀπωλείας</span> <span class='ocrx_word' id='word_1_764' title='bbox 3354 2804 3647 2874; x_wconf 82' lang='grc' dir='ltr'>ἐξαρπάσω</span> 
     </span>
    </p>
   </div>
   <div class='ocr_carea' id='block_1_95' title="bbox 1979 2884 3645 2960">
    <p class='ocr_par' dir='ltr' id='par_1_95' title="bbox 1979 2884 3645 2960">
     <span class='ocr_line' id='line_1_95' title="bbox 1979 2884 3645 2960; baseline 0.005 -25"><span class='ocrx_word' id='word_1_765' title='bbox 1979 2884 2102 2946; x_wconf 77' lang='grc' dir='ltr'>τοὺς</span> <span class='ocrx_word' id='word_1_766' title='bbox 2118 2885 2208 2936; x_wconf 77' lang='grc' dir='ltr'>ἐπὶ</span> <span class='ocrx_word' id='word_1_767' title='bbox 2233 2888 2297 2954; x_wconf 84' lang='grc' dir='ltr'>τῇ</span> <span class='ocrx_word' id='word_1_768' title='bbox 2324 2886 2498 2956; x_wconf 83' lang='grc' dir='ltr'>πλάνῃ</span> <span class='ocrx_word' id='word_1_769' title='bbox 2526 2887 2853 2956; x_wconf 82' lang='grc' dir='ltr'>προκατειλη</span> <span class='ocrx_word' id='word_1_770' title='bbox 2866 2888 3135 2957; x_wconf 88' lang='grc' dir='ltr'>μμένους;</span> <span class='ocrx_word' id='word_1_771' title='bbox 3160 2889 3252 2960; x_wconf 80' lang='grc' dir='ltr'>Μὴ</span> <span class='ocrx_word' id='word_1_772' title='bbox 3276 2890 3403 2959; x_wconf 81' lang='grc' dir='ltr'>γὰρ,</span> <span class='ocrx_word' id='word_1_773' title='bbox 3433 2891 3526 2943; x_wconf 78' lang='grc' dir='ltr'>ἐὰν</span> <span class='ocrx_word' id='word_1_774' title='bbox 3555 2890 3645 2943; x_wconf 78' lang='grc' dir='ltr'>ἴδω</span> 
     </span>
    </p>
   </div>
   <div class='ocr_carea' id='block_1_96' title="bbox 1984 2971 3644 3044">
    <p class='ocr_par' dir='ltr' id='par_1_96' title="bbox 1984 2971 3644 3044">
     <span class='ocr_line' id='line_1_96' title="bbox 1984 2971 3644 3044; baseline 0.003 -22"><span class='ocrx_word' id='word_1_775' title='bbox 1984 2971 2506 3039; x_wconf 86' lang='grc' dir='ltr'>μεταϐαλλομένους,</span> <span class='ocrx_word' id='word_1_776' title='bbox 2535 2973 2926 3043; x_wconf 88' lang='grc' dir='ltr'>ὑπερτίθεμαι;</span> <span class='ocrx_word' id='word_1_777' title='bbox 2955 2975 3065 3027; x_wconf 83' lang='grc' dir='ltr'>Οὐκ</span> <span class='ocrx_word' id='word_1_778' title='bbox 3086 2975 3195 3043; x_wconf 91' lang='grc' dir='ltr'>ἐγώ</span> <span class='ocrx_word' id='word_1_779' title='bbox 3223 2977 3337 3044; x_wconf 88' lang='grc' dir='ltr'>εἰμι</span> <span class='ocrx_word' id='word_1_780' title='bbox 3369 2978 3397 3029; x_wconf 92' lang='lat'>6</span> <span class='ocrx_word' id='word_1_781' title='bbox 3430 2976 3601 3041; x_wconf 89' lang='grc' dir='ltr'>λέγων</span> <span class='ocrx_word' id='word_1_782' title='bbox 3630 2994 3644 3008; x_wconf 88' lang='grc'>·</span> 
     </span>
    </p>
   </div>
   <div class='ocr_carea' id='block_1_97' title="bbox 1983 3058 3649 3135">
    <p class='ocr_par' dir='ltr' id='par_1_97' title="bbox 1983 3058 3649 3135">
     <span class='ocr_line' id='line_1_97' title="bbox 1983 3058 3649 3135; baseline 0.002 -24"><span class='ocrx_word' id='word_1_783' title='bbox 1983 3059 2111 3111; x_wconf 84' lang='grc' dir='ltr'>Ἔτι</span> <span class='ocrx_word' id='word_1_784' title='bbox 2156 3058 2497 3123; x_wconf 72' lang='grc' dir='ltr'>λαλοῦντός</span> <span class='ocrx_word' id='word_1_785' title='bbox 2546 3077 2662 3113; x_wconf 89' lang='grc' dir='ltr'>σου</span> <span class='ocrx_word' id='word_1_786' title='bbox 2710 3059 2859 3127; x_wconf 78' lang='grc' dir='ltr'>ἐρῶ’</span> <span class='ocrx_word' id='word_1_787' title='bbox 2904 3060 3049 3114; x_wconf 81' lang='grc' dir='ltr'>Ἰδοὺ</span> <span class='ocrx_word' id='word_1_788' title='bbox 3093 3061 3364 3131; x_wconf 69' lang='grc' dir='ltr'>πάρειμις</span> <span class='ocrx_word' id='word_1_789' title='bbox 3416 3063 3505 3135; x_wconf 84' lang='grc' dir='ltr'>Μὴ</span> <span class='ocrx_word' id='word_1_790' title='bbox 3540 3063 3649 3133; x_wconf 83' lang='grc' dir='ltr'>γὰρ</span> 
     </span>
    </p>
   </div>
   <div class='ocr_carea' id='block_1_98' title="bbox 1979 3144 3650 3222">
    <p class='ocr_par' dir='ltr' id='par_1_98' title="bbox 1979 3144 3650 3222">
     <span class='ocr_line' id='line_1_98' title="bbox 1979 3144 3650 3222; baseline 0.004 -25"><span class='ocrx_word' id='word_1_791' title='bbox 1979 3144 2151 3208; x_wconf 76' lang='grc' dir='ltr'>οὔτως</span> <span class='ocrx_word' id='word_1_792' title='bbox 2188 3147 2341 3199; x_wconf 80' lang='grc' dir='ltr'>αὐτοὶ</span> <span class='ocrx_word' id='word_1_793' title='bbox 2373 3146 2697 3217; x_wconf 86' lang='grc' dir='ltr'>ἐπιθυμοῦσι</span> <span class='ocrx_word' id='word_1_794' title='bbox 2725 3147 2823 3218; x_wconf 89' lang='grc' dir='ltr'>τῆς</span> <span class='ocrx_word' id='word_1_795' title='bbox 2848 3148 3054 3201; x_wconf 87' lang='grc' dir='ltr'>ἐαυτῶν</span> <span class='ocrx_word' id='word_1_796' title='bbox 3081 3149 3372 3221; x_wconf 89' lang='grc' dir='ltr'>σωτηρίας,</span> <span class='ocrx_word' id='word_1_797' title='bbox 3422 3150 3496 3213; x_wconf 87' lang='grc' dir='ltr'>ὼς</span> <span class='ocrx_word' id='word_1_798' title='bbox 3526 3152 3650 3222; x_wconf 74' lang='grc' dir='ltr'>ἐμοὶ</span> 
     </span>
    </p>
   </div>
   <div class='ocr_carea' id='block_1_99' title="bbox 1980 3234 3651 3307">
    <p class='ocr_par' dir='ltr' id='par_1_99' title="bbox 1980 3234 3651 3307">
     <span class='ocr_line' id='line_1_99' title="bbox 1980 3234 3651 3307; baseline 0.003 -21"><span class='ocrx_word' id='word_1_799' title='bbox 1980 3234 2447 3305; x_wconf 85' lang='grc' dir='ltr'>περισπούδαστόν</span> <span class='ocrx_word' id='word_1_800' title='bbox 2476 3236 2622 3288; x_wconf 86' lang='grc' dir='ltr'>ἐστιν</span> <span class='ocrx_word' id='word_1_801' title='bbox 2657 3235 2901 3299; x_wconf 77' lang='grc' dir='ltr'>ἅπαντας</span> <span class='ocrx_word' id='word_1_802' title='bbox 2930 3236 3246 3307; x_wconf 88' lang='grc' dir='ltr'>ἀνθρώπους</span> <span class='ocrx_word' id='word_1_803' title='bbox 3278 3238 3533 3307; x_wconf 74' lang='grc' dir='ltr'>σωθῆναι,</span> <span class='ocrx_word' id='word_1_804' title='bbox 3557 3239 3651 3291; x_wconf 78' lang='grc' dir='ltr'>καὶ</span> 
     </span>
    </p>
   </div>
   <div class='ocr_carea' id='block_1_100' title="bbox 1981 3324 3649 3396">
    <p class='ocr_par' dir='ltr' id='par_1_100' title="bbox 1981 3324 3649 3396">
     <span class='ocr_line' id='line_1_100' title="bbox 1981 3324 3649 3396; baseline 0.003 -22"><span class='ocrx_word' id='word_1_805' title='bbox 1981 3325 2059 3385; x_wconf 87' lang='grc' dir='ltr'>εἰς</span> <span class='ocrx_word' id='word_1_806' title='bbox 2083 3324 2375 3390; x_wconf 86' lang='grc' dir='ltr'>ἐπίγνωσιν</span> <span class='ocrx_word' id='word_1_807' title='bbox 2402 3324 2656 3395; x_wconf 86' lang='grc' dir='ltr'>ἀληθείας</span> <span class='ocrx_word' id='word_1_808' title='bbox 2690 3324 2864 3376; x_wconf 86' lang='grc' dir='ltr'>ἐλθεῖν</span> <span class='ocrx_word' id='word_1_809' title='bbox 2889 3344 2905 3386; x_wconf 87' lang='grc'>;</span> <span class='ocrx_word' id='word_1_810' title='bbox 2938 3324 3086 3396; x_wconf 76' lang='grc'>[450]</span> <span class='ocrx_word' id='word_1_811' title='bbox 3128 3324 3217 3393; x_wconf 83' lang='grc' dir='ltr'>Μὴ</span> <span class='ocrx_word' id='word_1_812' title='bbox 3248 3326 3354 3395; x_wconf 72' lang='grc' dir='ltr'>γὰρ</span> <span class='ocrx_word' id='word_1_813' title='bbox 3383 3326 3468 3378; x_wconf 82' lang='grc' dir='ltr'>διὰ</span> <span class='ocrx_word' id='word_1_814' title='bbox 3495 3325 3649 3379; x_wconf 74' lang='grc' dir='ltr'>τοῦτό</span> 
     </span>
    </p>
   </div>
   <div class='ocr_carea' id='block_1_101' title="bbox 1982 3411 3649 3487">
    <p class='ocr_par' dir='ltr' id='par_1_101' title="bbox 1982 3411 3649 3487">
     <span class='ocr_line' id='line_1_101' title="bbox 1982 3411 3649 3487; baseline 0.005 -26"><span class='ocrx_word' id='word_1_815' title='bbox 1982 3425 2039 3460; x_wconf 90' lang='grc' dir='ltr'>σε</span> <span class='ocrx_word' id='word_1_816' title='bbox 2079 3411 2185 3463; x_wconf 84' lang='grc' dir='ltr'>ἀπὸ</span> <span class='ocrx_word' id='word_1_817' title='bbox 2214 3411 2308 3463; x_wconf 87' lang='grc' dir='ltr'>τοῦ</span> <span class='ocrx_word' id='word_1_818' title='bbox 2339 3411 2411 3481; x_wconf 83' lang='grc' dir='ltr'>μὴ</span> <span class='ocrx_word' id='word_1_819' title='bbox 2444 3413 2595 3476; x_wconf 77' lang='grc' dir='ltr'>ὄντος</span> <span class='ocrx_word' id='word_1_820' title='bbox 2630 3413 2969 3483; x_wconf 86' lang='grc' dir='ltr'>παρήγαγον,</span> <span class='ocrx_word' id='word_1_821' title='bbox 3010 3414 3096 3468; x_wconf 87' lang='grc' dir='ltr'>ίνα</span> <span class='ocrx_word' id='word_1_822' title='bbox 3124 3414 3406 3480; x_wconf 88' lang='grc' dir='ltr'>ἀπολέσω;</span> <span class='ocrx_word' id='word_1_823' title='bbox 3443 3415 3515 3486; x_wconf 81' lang='grc' dir='ltr'>μὴ</span> <span class='ocrx_word' id='word_1_824' title='bbox 3541 3416 3649 3487; x_wconf 84' lang='grc' dir='ltr'>γὰρ</span> 
     </span>
    </p>
   </div>
   <div class='ocr_carea' id='block_1_102' title="bbox 1981 3497 3651 3573">
    <p class='ocr_par' dir='ltr' id='par_1_102' title="bbox 1981 3497 3651 3573">
     <span class='ocr_line' id='line_1_102' title="bbox 1981 3497 3651 3573; baseline 0.005 -25"><span class='ocrx_word' id='word_1_825' title='bbox 1981 3497 2104 3566; x_wconf 86' lang='grc' dir='ltr'>εἰκῆ</span> <span class='ocrx_word' id='word_1_826' title='bbox 2137 3500 2236 3569; x_wconf 79' lang='grc' dir='ltr'>τὴν</span> <span class='ocrx_word' id='word_1_827' title='bbox 2269 3498 2546 3568; x_wconf 88' lang='grc' dir='ltr'>βασιλείαν</span> <span class='ocrx_word' id='word_1_828' title='bbox 2584 3500 2677 3553; x_wconf 81' lang='grc' dir='ltr'>καὶ</span> <span class='ocrx_word' id='word_1_829' title='bbox 2718 3500 2789 3554; x_wconf 84' lang='grc' dir='ltr'>τά</span> <span class='ocrx_word' id='word_1_830' title='bbox 2837 3501 3006 3571; x_wconf 89' lang='grc' dir='ltr'>μυρία</span> <span class='ocrx_word' id='word_1_831' title='bbox 3036 3501 3127 3554; x_wconf 74' lang='grc' dir='ltr'>καὶ</span> <span class='ocrx_word' id='word_1_832' title='bbox 3157 3502 3439 3573; x_wconf 71' lang='grc' dir='ltr'>ἀπόρρητα</span> <span class='ocrx_word' id='word_1_833' title='bbox 3472 3504 3651 3570; x_wconf 84' lang='grc' dir='ltr'>ἀγαθά</span> 
     </span>
    </p>
   </div>
   <div class='ocr_carea' id='block_1_103' title="bbox 1982 3587 3650 3663">
    <p class='ocr_par' dir='ltr' id='par_1_103' title="bbox 1982 3587 3650 3663">
     <span class='ocr_line' id='line_1_103' title="bbox 1982 3587 3650 3663; baseline 0.006 -27"><span class='ocrx_word' id='word_1_834' title='bbox 1982 3587 2317 3657; x_wconf 86' lang='grc' dir='ltr'>ηὐτρέπισα;</span> <span class='ocrx_word' id='word_1_835' title='bbox 2345 3590 2478 3657; x_wconf 77' lang='grc' dir='ltr'>Οὐχὶ</span> <span class='ocrx_word' id='word_1_836' title='bbox 2516 3589 2604 3642; x_wconf 89' lang='grc' dir='ltr'>διά</span> <span class='ocrx_word' id='word_1_837' title='bbox 2644 3589 2800 3643; x_wconf 90' lang='grc' dir='ltr'>τοῦτο</span> <span class='ocrx_word' id='word_1_838' title='bbox 2841 3592 2935 3642; x_wconf 81' lang='grc' dir='ltr'>καὶ</span> <span class='ocrx_word' id='word_1_839' title='bbox 2976 3593 3199 3659; x_wconf 87' lang='grc' dir='ltr'>γέενναν</span> <span class='ocrx_word' id='word_1_840' title='bbox 3242 3592 3534 3663; x_wconf 65' lang='grc' dir='ltr'>ἠπείλησα,</span> <span class='ocrx_word' id='word_1_841' title='bbox 3562 3594 3650 3647; x_wconf 87' lang='grc' dir='ltr'>ἵνα</span> 
     </span>
    </p>
   </div>
   <div class='ocr_carea' id='block_1_104' title="bbox 1982 3678 3650 3754">
    <p class='ocr_par' dir='ltr' id='par_1_104' title="bbox 1982 3678 3650 3754">
     <span class='ocr_line' id='line_1_104' title="bbox 1982 3678 3650 3754; baseline 0.005 -25"><span class='ocrx_word' id='word_1_842' title='bbox 1982 3679 2058 3739; x_wconf 77' lang='grc' dir='ltr'>εἰς</span> <span class='ocrx_word' id='word_1_843' title='bbox 2094 3678 2192 3748; x_wconf 82' lang='grc' dir='ltr'>τὴν</span> <span class='ocrx_word' id='word_1_844' title='bbox 2228 3678 2501 3747; x_wconf 87' lang='grc' dir='ltr'>βασιλείαν</span> <span class='ocrx_word' id='word_1_845' title='bbox 2534 3680 2778 3744; x_wconf 72' lang='grc' dir='ltr'>ἃπαντας</span> <span class='ocrx_word' id='word_1_846' title='bbox 2807 3682 2901 3734; x_wconf 75' lang='grc' dir='ltr'>καὶ</span> <span class='ocrx_word' id='word_1_847' title='bbox 2936 3682 3025 3734; x_wconf 80' lang='grc' dir='ltr'>διὰ</span> <span class='ocrx_word' id='word_1_848' title='bbox 3065 3682 3254 3735; x_wconf 88' lang='grc' dir='ltr'>τούτου</span> <span class='ocrx_word' id='word_1_849' title='bbox 3288 3683 3512 3754; x_wconf 90' lang='grc' dir='ltr'>δραμεῖν</span> <span class='ocrx_word' id='word_1_850' title='bbox 3542 3702 3650 3737; x_wconf 84' lang='grc' dir='ltr'>πα-</span> 
     </span>
    </p>
   </div>
   <div class='ocr_carea' id='block_1_105' title="bbox 1985 3764 3650 3842">
    <p class='ocr_par' dir='ltr' id='par_1_105' title="bbox 1985 3764 3650 3842">
     <span class='ocr_line' id='line_1_105' title="bbox 1985 3764 3650 3842; baseline 0.004 -24"><span class='ocrx_word' id='word_1_851' title='bbox 1985 3769 2345 3835; x_wconf 78' lang='grc' dir='ltr'>ρασκευάσως</span> <span class='ocrx_word' id='word_1_852' title='bbox 2376 3769 2465 3840; x_wconf 85' lang='grc' dir='ltr'>Μὴ</span> <span class='ocrx_word' id='word_1_853' title='bbox 2491 3768 2669 3821; x_wconf 87' lang='grc' dir='ltr'>τοίνυν</span> <span class='ocrx_word' id='word_1_854' title='bbox 2695 3811 2710 3834; x_wconf 90' lang='grc'>,</span> <span class='ocrx_word' id='word_1_855' title='bbox 2739 3764 2784 3823; x_wconf 82' lang='grc' dir='ltr'>ὧ</span> <span class='ocrx_word' id='word_1_856' title='bbox 2820 3771 3053 3841; x_wconf 88' lang='grc' dir='ltr'>μακάριε</span> <span class='ocrx_word' id='word_1_857' title='bbox 3084 3773 3337 3842; x_wconf 88' lang='grc' dir='ltr'>προφῆτα</span> <span class='ocrx_word' id='word_1_858' title='bbox 3358 3815 3371 3835; x_wconf 94' lang='grc'>,</span> <span class='ocrx_word' id='word_1_859' title='bbox 3410 3772 3650 3835; x_wconf 89' lang='grc' dir='ltr'>ἐκείνους</span> 
     </span>
    </p>
   </div>
   <div class='ocr_carea' id='block_1_106' title="bbox 1983 3854 3649 3929">
    <p class='ocr_par' dir='ltr' id='par_1_106' title="bbox 1983 3854 3649 3929">
     <span class='ocr_line' id='line_1_106' title="bbox 1983 3854 3649 3929; baseline 0.005 -25"><span class='ocrx_word' id='word_1_860' title='bbox 1983 3854 2429 3924; x_wconf 80' lang='grc' dir='ltr'>καταλιμπάνων,</span> <span class='ocrx_word' id='word_1_861' title='bbox 2464 3858 2587 3927; x_wconf 79' lang='grc' dir='ltr'>ἐμοὶ</span> <span class='ocrx_word' id='word_1_862' title='bbox 2614 3858 2855 3928; x_wconf 82' lang='grc' dir='ltr'>πρόσαγε</span> <span class='ocrx_word' id='word_1_863' title='bbox 2898 3859 2996 3929; x_wconf 82' lang='grc' dir='ltr'>τὴν</span> <span class='ocrx_word' id='word_1_864' title='bbox 3028 3859 3371 3929; x_wconf 89' lang='grc' dir='ltr'>παράκλησιν</span> <span class='ocrx_word' id='word_1_865' title='bbox 3396 3903 3409 3925; x_wconf 92' lang='grc'>,</span> <span class='ocrx_word' id='word_1_866' title='bbox 3439 3860 3553 3913; x_wconf 80' lang='grc' dir='ltr'>ἀλλ’</span> <span class='ocrx_word' id='word_1_867' title='bbox 3591 3861 3649 3913; x_wconf 79' lang='grc' dir='ltr'>ἐν</span> 
     </span>
    </p>
   </div>
   <div class='ocr_carea' id='block_1_107' title="bbox 1984 3941 3647 4016">
    <p class='ocr_par' dir='ltr' id='par_1_107' title="bbox 1984 3941 3647 4016">
     <span class='ocr_line' id='line_1_107' title="bbox 1984 3941 3647 4016; baseline 0.004 -21"><span class='ocrx_word' id='word_1_868' title='bbox 1984 3959 2065 3995; x_wconf 90' lang='grc' dir='ltr'>σοι</span> <span class='ocrx_word' id='word_1_869' title='bbox 2086 3941 2243 3995; x_wconf 90' lang='grc' dir='ltr'>τοῦτο</span> <span class='ocrx_word' id='word_1_870' title='bbox 2268 3944 2355 3996; x_wconf 76' lang='grc' dir='ltr'>διὰ</span> <span class='ocrx_word' id='word_1_871' title='bbox 2376 3944 2611 4015; x_wconf 90' lang='grc' dir='ltr'>σπουδῆς</span> <span class='ocrx_word' id='word_1_872' title='bbox 2635 3946 2796 4009; x_wconf 76' lang='grc' dir='ltr'>ἔστω,</span> <span class='ocrx_word' id='word_1_873' title='bbox 2829 3944 2968 3999; x_wconf 82' lang='grc' dir='ltr'>ὥστε</span> <span class='ocrx_word' id='word_1_874' title='bbox 2993 3946 3093 4016; x_wconf 89' lang='grc' dir='ltr'>τῆς</span> <span class='ocrx_word' id='word_1_875' title='bbox 3121 3947 3342 3999; x_wconf 86' lang='grc' dir='ltr'>ἐκείνων</span> <span class='ocrx_word' id='word_1_876' title='bbox 3366 3947 3522 4000; x_wconf 87' lang='grc' dir='ltr'>νόσου</span> <span class='ocrx_word' id='word_1_877' title='bbox 3554 3965 3647 4001; x_wconf 86' lang='grc' dir='ltr'>πε-</span> 
     </span>
    </p>
   </div>
   <div class='ocr_carea' id='block_1_108' title="bbox 1984 4032 3644 4105">
    <p class='ocr_par' dir='ltr' id='par_1_108' title="bbox 1984 4032 3644 4105">
     <span class='ocr_line' id='line_1_108' title="bbox 1984 4032 3644 4105; baseline 0.002 -22"><span class='ocrx_word' id='word_1_878' title='bbox 1984 4032 2309 4102; x_wconf 88' lang='grc' dir='ltr'>ριγενέσθαι,</span> <span class='ocrx_word' id='word_1_879' title='bbox 2349 4033 2443 4086; x_wconf 77' lang='grc' dir='ltr'>καὶ</span> <span class='ocrx_word' id='word_1_880' title='bbox 2484 4034 2565 4095; x_wconf 88' lang='grc' dir='ltr'>εἰς</span> <span class='ocrx_word' id='word_1_881' title='bbox 2606 4034 2856 4105; x_wconf 78' lang='grc' dir='ltr'>αἴσθησιν</span> <span class='ocrx_word' id='word_1_882' title='bbox 2897 4034 3121 4102; x_wconf 90' lang='grc' dir='ltr'>ἀγαγεῖν</span> <span class='ocrx_word' id='word_1_883' title='bbox 3169 4032 3269 4103; x_wconf 90' lang='grc' dir='ltr'>τῆς</span> <span class='ocrx_word' id='word_1_884' title='bbox 3315 4035 3644 4105; x_wconf 76' lang='grc' dir='ltr'>ἀῤῥωστίας,</span> 
     </span>
    </p>
   </div>
   <div class='ocr_carea' id='block_1_109' title="bbox 1982 4122 3647 4195">
    <p class='ocr_par' dir='ltr' id='par_1_109' title="bbox 1982 4122 3647 4195">
     <span class='ocr_line' id='line_1_109' title="bbox 1982 4122 3647 4195; baseline 0.001 -20"><span class='ocrx_word' id='word_1_885' title='bbox 1982 4124 2075 4175; x_wconf 81' lang='grc' dir='ltr'>καὶ</span> <span class='ocrx_word' id='word_1_886' title='bbox 2106 4123 2240 4193; x_wconf 86' lang='grc' dir='ltr'>πρὸς</span> <span class='ocrx_word' id='word_1_887' title='bbox 2270 4122 2479 4189; x_wconf 86' lang='grc' dir='ltr'>ὑγίειαν</span> <span class='ocrx_word' id='word_1_888' title='bbox 2519 4124 2883 4191; x_wconf 87' lang='grc' dir='ltr'>ἐπαναγαγεῖν</span> <span class='ocrx_word' id='word_1_889' title='bbox 2905 4165 2919 4187; x_wconf 92' lang='grc'>,</span> <span class='ocrx_word' id='word_1_890' title='bbox 2949 4124 3044 4176; x_wconf 76' lang='grc' dir='ltr'>καὶ</span> <span class='ocrx_word' id='word_1_891' title='bbox 3081 4122 3151 4177; x_wconf 86' lang='grc' dir='ltr'>τά</span> <span class='ocrx_word' id='word_1_892' title='bbox 3182 4123 3310 4193; x_wconf 86' lang='grc' dir='ltr'>παρ’</span> <span class='ocrx_word' id='word_1_893' title='bbox 3344 4122 3480 4195; x_wconf 82' lang='grc' dir='ltr'>ἐμοῦ</span> <span class='ocrx_word' id='word_1_894' title='bbox 3510 4125 3647 4177; x_wconf 85' lang='grc' dir='ltr'>πάν-</span> 
     </span>
    </p>
   </div>
   <div class='ocr_carea' id='block_1_110' title="bbox 1980 4207 3648 4281">
    <p class='ocr_par' dir='ltr' id='par_1_110' title="bbox 1980 4207 3648 4281">
     <span class='ocr_line' id='line_1_110' title="bbox 1980 4207 3648 4281; baseline 0.002 -21"><span class='ocrx_word' id='word_1_895' title='bbox 1980 4226 2088 4271; x_wconf 91' lang='grc' dir='ltr'>τως</span> <span class='ocrx_word' id='word_1_896' title='bbox 2120 4207 2331 4277; x_wconf 72' lang='grc' dir='ltr'>ἕψεται.</span> <span class='ocrx_word' id='word_1_897' title='bbox 2360 4211 2433 4263; x_wconf 87' lang='grc' dir='ltr'>Οὐ</span> <span class='ocrx_word' id='word_1_898' title='bbox 2460 4209 2568 4281; x_wconf 89' lang='lat'><strong>769</strong></span> <span class='ocrx_word' id='word_1_899' title='bbox 2600 4209 2797 4279; x_wconf 86' lang='grc' dir='ltr'>μέλλω,</span> <span class='ocrx_word' id='word_1_900' title='bbox 2825 4210 2944 4263; x_wconf 82' lang='grc' dir='ltr'>οὐδὲ</span> <span class='ocrx_word' id='word_1_901' title='bbox 2982 4209 3350 4280; x_wconf 89' lang='grc' dir='ltr'>ἀναϐάλλομαι</span> <span class='ocrx_word' id='word_1_902' title='bbox 3376 4250 3390 4274; x_wconf 90' lang='grc'>,</span> <span class='ocrx_word' id='word_1_903' title='bbox 3427 4211 3648 4264; x_wconf 85' lang='grc' dir='ltr'>ἐπειδὰν</span> 
     </span>
    </p>
   </div>
   <div class='ocr_carea' id='block_1_111' title="bbox 1984 4296 3648 4368">
    <p class='ocr_par' dir='ltr' id='par_1_111' title="bbox 1984 4296 3648 4368">
     <span class='ocr_line' id='line_1_111' title="bbox 1984 4296 3648 4368; baseline 0 -19"><span class='ocrx_word' id='word_1_904' title='bbox 1984 4297 2078 4349; x_wconf 84' lang='grc' dir='ltr'>ῖδω</span> <span class='ocrx_word' id='word_1_905' title='bbox 2103 4296 2280 4367; x_wconf 71' lang='grc' dir='ltr'>ψυχὴν</span> <span class='ocrx_word' id='word_1_906' title='bbox 2306 4296 2622 4367; x_wconf 87' lang='grc' dir='ltr'>εὐγνώμονα</span> <span class='ocrx_word' id='word_1_907' title='bbox 2646 4314 2661 4329; x_wconf 77' lang='grc' dir='ltr'><strong>ο</strong></span> <span class='ocrx_word' id='word_1_908' title='bbox 2686 4297 2743 4350; x_wconf 82' lang='grc' dir='ltr'>ἓν</span> <span class='ocrx_word' id='word_1_909' title='bbox 2763 4298 2870 4367; x_wconf 86' lang='lat'><strong>769</strong></span> <span class='ocrx_word' id='word_1_910' title='bbox 2894 4298 3052 4368; x_wconf 86' lang='grc' dir='ltr'>μόνον</span> <span class='ocrx_word' id='word_1_911' title='bbox 3073 4296 3333 4367; x_wconf 77' lang='grc' dir='ltr'>ἐπιζητῶ,</span> <span class='ocrx_word' id='word_1_912' title='bbox 3359 4298 3648 4367; x_wconf 84' lang='grc' dir='ltr'>ὁμολογίαν</span> 
     </span>
    </p>
   </div>
   <div class='ocr_carea' id='block_1_112' title="bbox 1981 4384 3646 4456">
    <p class='ocr_par' dir='ltr' id='par_1_112' title="bbox 1981 4384 3646 4456">
     <span class='ocr_line' id='line_1_112' title="bbox 1981 4384 3646 4456; baseline 0.001 -20"><span class='ocrx_word' id='word_1_913' title='bbox 1981 4384 2090 4436; x_wconf 91' lang='grc' dir='ltr'>τῶν</span> <span class='ocrx_word' id='word_1_914' title='bbox 2121 4384 2519 4454; x_wconf 84' lang='grc' dir='ltr'>ἐπταισμένων,</span> <span class='ocrx_word' id='word_1_915' title='bbox 2546 4385 2639 4438; x_wconf 80' lang='grc' dir='ltr'>καὶ</span> <span class='ocrx_word' id='word_1_916' title='bbox 2663 4385 2762 4438; x_wconf 91' lang='grc' dir='ltr'>οὐκ</span> <span class='ocrx_word' id='word_1_917' title='bbox 2786 4384 2865 4437; x_wconf 79' lang='grc' dir='ltr'>ἔτι</span> <span class='ocrx_word' id='word_1_918' title='bbox 2893 4385 2991 4456; x_wconf 83' lang='grc' dir='ltr'>τὴν</span> <span class='ocrx_word' id='word_1_919' title='bbox 3015 4385 3106 4438; x_wconf 81' lang='grc' dir='ltr'>ἐπὶ</span> <span class='ocrx_word' id='word_1_920' title='bbox 3138 4388 3248 4448; x_wconf 89' lang='grc' dir='ltr'>τοῖς</span> <span class='ocrx_word' id='word_1_921' title='bbox 3268 4386 3646 4456; x_wconf 85' lang='grc' dir='ltr'>ἐπταισμένοις</span> 
     </span>
    </p>
   </div>
   <div class='ocr_carea' id='block_1_113' title="bbox 1980 4470 3644 4544">
    <p class='ocr_par' dir='ltr' id='par_1_113' title="bbox 1980 4470 3644 4544">
     <span class='ocr_line' id='line_1_113' title="bbox 1980 4470 3644 4544; baseline 0.002 -21"><span class='ocrx_word' id='word_1_922' title='bbox 1980 4470 2136 4541; x_wconf 89' lang='grc' dir='ltr'>δίκην</span> <span class='ocrx_word' id='word_1_923' title='bbox 2189 4471 2399 4539; x_wconf 89' lang='grc' dir='ltr'>ἐπάγω.</span> <span class='ocrx_word' id='word_1_924' title='bbox 2455 4471 2546 4543; x_wconf 83' lang='grc' dir='ltr'>Μὴ</span> <span class='ocrx_word' id='word_1_925' title='bbox 2585 4471 2694 4543; x_wconf 89' lang='grc' dir='ltr'>γάρ</span> <span class='ocrx_word' id='word_1_926' title='bbox 2741 4471 2878 4542; x_wconf 86' lang='grc' dir='ltr'>βαρύ</span> <span class='ocrx_word' id='word_1_927' title='bbox 2929 4490 2980 4525; x_wconf 93' lang='grc' dir='ltr'>τι</span> <span class='ocrx_word' id='word_1_928' title='bbox 3025 4473 3119 4525; x_wconf 82' lang='grc' dir='ltr'>καὶ</span> <span class='ocrx_word' id='word_1_929' title='bbox 3164 4474 3397 4544; x_wconf 85' lang='grc' dir='ltr'>ἐπαχθὲς</span> <span class='ocrx_word' id='word_1_930' title='bbox 3427 4473 3488 4526; x_wconf 80' lang='grc' dir='ltr'>τό</span> <span class='ocrx_word' id='word_1_931' title='bbox 3517 4476 3644 4544; x_wconf 87' lang='grc' dir='ltr'>παρ’</span> 
     </span>
    </p>
   </div>
   <div class='ocr_carea' id='block_1_114' title="bbox 1982 4557 3643 4630">
    <p class='ocr_par' dir='ltr' id='par_1_114' title="bbox 1982 4557 3643 4630">
     <span class='ocr_line' id='line_1_114' title="bbox 1982 4557 3643 4630; baseline 0.002 -20"><span class='ocrx_word' id='word_1_932' title='bbox 1982 4558 2117 4627; x_wconf 90' lang='grc' dir='ltr'>ἐμοῦ</span> <span class='ocrx_word' id='word_1_933' title='bbox 2156 4558 2599 4630; x_wconf 84' lang='grc' dir='ltr'>προτεινόμενον;</span> <span class='ocrx_word' id='word_1_934' title='bbox 2643 4558 2704 4611; x_wconf 90' lang='grc' dir='ltr'>Εἰ</span> <span class='ocrx_word' id='word_1_935' title='bbox 2743 4558 2819 4628; x_wconf 84' lang='grc' dir='ltr'>μὴ</span> <span class='ocrx_word' id='word_1_936' title='bbox 2860 4557 3007 4627; x_wconf 73' lang='grc' dir='ltr'>ᾔδειν</span> <span class='ocrx_word' id='word_1_937' title='bbox 3050 4558 3263 4629; x_wconf 89' lang='grc' dir='ltr'>χείρους</span> <span class='ocrx_word' id='word_1_938' title='bbox 3305 4560 3643 4629; x_wconf 88' lang='grc' dir='ltr'>γινομένους,</span> 
     </span>
    </p>
   </div>
   <div class='ocr_carea' id='block_1_115' title="bbox 1982 4644 3645 4717">
    <p class='ocr_par' dir='ltr' id='par_1_115' title="bbox 1982 4644 3645 4717">
     <span class='ocr_line' id='line_1_115' title="bbox 1982 4644 3645 4717; baseline 0.001 -19"><span class='ocrx_word' id='word_1_939' title='bbox 1982 4646 2047 4698; x_wconf 89' lang='grc' dir='ltr'>ἐκ</span> <span class='ocrx_word' id='word_1_940' title='bbox 2093 4646 2187 4698; x_wconf 88' lang='grc' dir='ltr'>τοῦ</span> <span class='ocrx_word' id='word_1_941' title='bbox 2234 4647 2310 4717; x_wconf 81' lang='grc' dir='ltr'>μὴ</span> <span class='ocrx_word' id='word_1_942' title='bbox 2348 4645 2679 4717; x_wconf 80' lang='grc' dir='ltr'>ὁμολογῆσαι</span> <span class='ocrx_word' id='word_1_943' title='bbox 2716 4644 2787 4697; x_wconf 90' lang='grc' dir='ltr'>τά</span> <span class='ocrx_word' id='word_1_944' title='bbox 2821 4645 3059 4715; x_wconf 88' lang='grc' dir='ltr'>πρότερα</span> <span class='ocrx_word' id='word_1_945' title='bbox 3103 4647 3472 4717; x_wconf 78' lang='grc' dir='ltr'>ἁμαρτήματα</span> <span class='ocrx_word' id='word_1_946' title='bbox 3496 4686 3511 4707; x_wconf 91' lang='grc'>,</span> <span class='ocrx_word' id='word_1_947' title='bbox 3545 4648 3645 4700; x_wconf 87' lang='grc' dir='ltr'>οὐκ</span> 
     </span>
    </p>
   </div>
   <div class='ocr_carea' id='block_1_116' title="bbox 1981 4728 3646 4805">
    <p class='ocr_par' dir='ltr' id='par_1_116' title="bbox 1981 4728 3646 4805">
     <span class='ocr_line' id='line_1_116' title="bbox 1981 4728 3646 4805; baseline 0.001 -20"><span class='ocrx_word' id='word_1_948' title='bbox 1981 4730 2047 4785; x_wconf 82' lang='grc' dir='ltr'>ἂν</span> <span class='ocrx_word' id='word_1_949' title='bbox 2069 4732 2188 4786; x_wconf 82' lang='grc' dir='ltr'>οὐδὲ</span> <span class='ocrx_word' id='word_1_950' title='bbox 2214 4732 2369 4785; x_wconf 90' lang='grc' dir='ltr'>τοῦτο</span> <span class='ocrx_word' id='word_1_951' title='bbox 2399 4733 2643 4802; x_wconf 77' lang='grc' dir='ltr'>ἐζήτουν.</span> <span class='ocrx_word' id='word_1_952' title='bbox 2687 4731 2826 4784; x_wconf 82' lang='grc' dir='ltr'>Ἀλλ’</span> <span class='ocrx_word' id='word_1_953' title='bbox 2860 4732 3046 4803; x_wconf 85' lang='grc' dir='ltr'>ἐπειδὴ</span> <span class='ocrx_word' id='word_1_954' title='bbox 3074 4728 3189 4786; x_wconf 80' lang='grc' dir='ltr'>οἴδα</span> <span class='ocrx_word' id='word_1_955' title='bbox 3217 4733 3278 4786; x_wconf 90' lang='grc' dir='ltr'>τὸ</span> <span class='ocrx_word' id='word_1_956' title='bbox 3311 4734 3419 4787; x_wconf 87' lang='grc' dir='ltr'>τῶν</span> <span class='ocrx_word' id='word_1_957' title='bbox 3441 4734 3646 4805; x_wconf 90' lang='grc' dir='ltr'>ἀνθρώ-</span> 
     </span>
    </p>
   </div>
   <div class='ocr_carea' id='block_1_117' title="bbox 1982 4821 3642 4894">
    <p class='ocr_par' dir='ltr' id='par_1_117' title="bbox 1982 4821 3642 4894">
     <span class='ocr_line' id='line_1_117' title="bbox 1982 4821 3642 4894; baseline 0.002 -20"><span class='ocrx_word' id='word_1_958' title='bbox 1982 4838 2099 4874; x_wconf 88' lang='grc' dir='ltr'>πων</span> <span class='ocrx_word' id='word_1_959' title='bbox 2135 4821 2289 4890; x_wconf 87' lang='grc' dir='ltr'>γένος</span> <span class='ocrx_word' id='word_1_960' title='bbox 2334 4821 2532 4891; x_wconf 82' lang='grc' dir='ltr'>μᾶλλον</span> <span class='ocrx_word' id='word_1_961' title='bbox 2578 4823 2712 4891; x_wconf 75' lang='grc' dir='ltr'>πρὸς</span> <span class='ocrx_word' id='word_1_962' title='bbox 2752 4821 2946 4875; x_wconf 89' lang='grc' dir='ltr'>κακίαν</span> <span class='ocrx_word' id='word_1_963' title='bbox 2971 4824 3154 4894; x_wconf 83' lang='grc' dir='ltr'>ῥέπον,</span> <span class='ocrx_word' id='word_1_964' title='bbox 3195 4822 3283 4877; x_wconf 88' lang='grc' dir='ltr'>διά</span> <span class='ocrx_word' id='word_1_965' title='bbox 3316 4824 3472 4877; x_wconf 88' lang='grc' dir='ltr'>τοῦτο</span> <span class='ocrx_word' id='word_1_966' title='bbox 3520 4823 3642 4892; x_wconf 88' lang='grc' dir='ltr'>βού-</span> 
     </span>
    </p>
   </div>
   <div class='ocr_carea' id='block_1_118' title="bbox 1982 4907 3646 4983">
    <p class='ocr_par' dir='ltr' id='par_1_118' title="bbox 1982 4907 3646 4983">
     <span class='ocr_line' id='line_1_118' title="bbox 1982 4907 3646 4983; baseline 0.004 -24"><span class='ocrx_word' id='word_1_967' title='bbox 1982 4907 2144 4976; x_wconf 88' lang='grc' dir='ltr'>λομαι</span> <span class='ocrx_word' id='word_1_968' title='bbox 2168 4909 2237 4962; x_wconf 81' lang='grc' dir='ltr'>τὰ</span> <span class='ocrx_word' id='word_1_969' title='bbox 2263 4908 2503 4979; x_wconf 89' lang='grc' dir='ltr'>πρότερα</span> <span class='ocrx_word' id='word_1_970' title='bbox 2528 4908 2855 4979; x_wconf 86' lang='grc' dir='ltr'>ὁμολογῆσαι</span> <span class='ocrx_word' id='word_1_971' title='bbox 2885 4910 3254 4983; x_wconf 85' lang='grc' dir='ltr'>ἁμαρτήματα</span> <span class='ocrx_word' id='word_1_972' title='bbox 3275 4952 3290 4976; x_wconf 93' lang='grc'>,</span> <span class='ocrx_word' id='word_1_973' title='bbox 3334 4910 3421 4965; x_wconf 74' lang='grc' dir='ltr'>ἵνα</span> <span class='ocrx_word' id='word_1_974' title='bbox 3452 4913 3485 4982; x_wconf 84' lang='grc' dir='ltr'>ή</span> <span class='ocrx_word' id='word_1_975' title='bbox 3519 4913 3646 4981; x_wconf 81' lang='grc' dir='ltr'>ὁμο-</span> 
     </span>
    </p>
   </div>
   <div class='ocr_carea' id='block_1_119' title="bbox 1980 4994 3643 5071">
    <p class='ocr_par' dir='ltr' id='par_1_119' title="bbox 1980 4994 3643 5071">
     <span class='ocr_line' id='line_1_119' title="bbox 1980 4994 3643 5071; baseline 0.004 -25"><span class='ocrx_word' id='word_1_976' title='bbox 1980 4994 2135 5062; x_wconf 88' lang='grc' dir='ltr'>λογία</span> <span class='ocrx_word' id='word_1_977' title='bbox 2177 4994 2405 5067; x_wconf 87' lang='grc' dir='ltr'>κώλυμα</span> <span class='ocrx_word' id='word_1_978' title='bbox 2452 4996 2636 5059; x_wconf 89' lang='grc' dir='ltr'>αὐτοῖς</span> <span class='ocrx_word' id='word_1_979' title='bbox 2680 4996 2906 5067; x_wconf 89' lang='grc' dir='ltr'>γένηται</span> <span class='ocrx_word' id='word_1_980' title='bbox 2941 4997 3078 5069; x_wconf 79' lang='grc' dir='ltr'>πρὸς</span> <span class='ocrx_word' id='word_1_981' title='bbox 3113 4998 3175 5051; x_wconf 85' lang='grc' dir='ltr'>τὸ</span> <span class='ocrx_word' id='word_1_982' title='bbox 3218 4997 3293 5071; x_wconf 79' lang='grc' dir='ltr'>μὴ</span> <span class='ocrx_word' id='word_1_983' title='bbox 3321 5000 3432 5063; x_wconf 90' lang='grc' dir='ltr'>τοῖς</span> <span class='ocrx_word' id='word_1_984' title='bbox 3464 4999 3643 5065; x_wconf 90' lang='grc' dir='ltr'>αὐτοῖς</span> 
     </span>
    </p>
   </div>
   <div class='ocr_carea' id='block_1_120' title="bbox 1982 5089 2316 5156">
    <p class='ocr_par' dir='ltr' id='par_1_120' title="bbox 1982 5089 2316 5156">
     <span class='ocr_line' id='line_1_120' title="bbox 1982 5089 2316 5156; baseline 0.006 -18"><span class='ocrx_word' id='word_1_985' title='bbox 1982 5089 2316 5156; x_wconf 84' lang='grc' dir='ltr'>περιπεσεῖν.</span> 
     </span>
    </p>
   </div>
   <div class='ocr_carea' id='block_1_121' title="bbox 2050 5232 3641 5303">
    <p class='ocr_par' dir='ltr' id='par_1_121' title="bbox 2050 5232 3641 5303">
     <span class='ocr_line' id='line_1_121' title="bbox 2050 5232 3641 5303; baseline 0 -17"><span class='ocrx_word' id='word_1_986' title='bbox 2050 5246 2117 5301; x_wconf 66' lang='grc' dir='ltr'>γι.</span> <span class='ocrx_word' id='word_1_987' title='bbox 2160 5232 2343 5287; x_wconf 87' lang='grc' dir='ltr'>Ταῦτα</span> <span class='ocrx_word' id='word_1_988' title='bbox 2374 5232 2575 5295; x_wconf 85' lang='grc' dir='ltr'>τοίνυν,</span> <span class='ocrx_word' id='word_1_989' title='bbox 2611 5232 2905 5303; x_wconf 79' lang='grc' dir='ltr'>ἀγαπητοὶ,</span> <span class='ocrx_word' id='word_1_990' title='bbox 2939 5233 3406 5302; x_wconf 77' lang='grc' dir='ltr'>ἀναλογιζόμενοι,</span> <span class='ocrx_word' id='word_1_991' title='bbox 3441 5236 3533 5285; x_wconf 74' lang='grc' dir='ltr'>καὶ</span> <span class='ocrx_word' id='word_1_992' title='bbox 3558 5235 3641 5287; x_wconf 73' lang='grc' dir='ltr'>ἐνο</span> 
     </span>
    </p>
   </div>
   <div class='ocr_carea' id='block_1_122' title="bbox 1979 5320 3640 5391">
    <p class='ocr_par' dir='ltr' id='par_1_122' title="bbox 1979 5320 3640 5391">
     <span class='ocr_line' id='line_1_122' title="bbox 1979 5320 3640 5391; baseline -0.001 -18"><span class='ocrx_word' id='word_1_993' title='bbox 1979 5320 2226 5383; x_wconf 84' lang='grc' dir='ltr'>νοοῦντες</span> <span class='ocrx_word' id='word_1_994' title='bbox 2250 5320 2343 5373; x_wconf 84' lang='grc' dir='ltr'>τοῦ</span> <span class='ocrx_word' id='word_1_995' title='bbox 2371 5320 2646 5390; x_wconf 77' lang='grc' dir='ltr'>ἡμετέρου</span> <span class='ocrx_word' id='word_1_996' title='bbox 2670 5320 2940 5373; x_wconf 82' lang='grc' dir='ltr'>Δεσπότου</span> <span class='ocrx_word' id='word_1_997' title='bbox 2973 5321 3073 5391; x_wconf 80' lang='grc' dir='ltr'>τὴν</span> <span class='ocrx_word' id='word_1_998' title='bbox 3106 5320 3534 5390; x_wconf 75' lang='grc' dir='ltr'>φιλανθρωπίαν,</span> <span class='ocrx_word' id='word_1_999' title='bbox 3566 5321 3640 5391; x_wconf 83' lang='grc' dir='ltr'>μὴ</span> 
     </span>
    </p>
   </div>
   <div class='ocr_carea' id='block_1_123' title="bbox 1983 5406 3643 5479">
    <p class='ocr_par' dir='ltr' id='par_1_123' title="bbox 1983 5406 3643 5479">
     <span class='ocr_line' id='line_1_123' title="bbox 1983 5406 3643 5479; baseline -0.001 -18"><span class='ocrx_word' id='word_1_1000' title='bbox 1983 5408 2337 5478; x_wconf 65' lang='grc' dir='ltr'>ῥᾴθυμῶμεν,</span> <span class='ocrx_word' id='word_1_1001' title='bbox 2378 5407 2514 5460; x_wconf 51' lang='grc' dir='ltr'>ἀλδλά</span> <span class='ocrx_word' id='word_1_1002' title='bbox 2556 5408 2818 5479; x_wconf 87' lang='grc' dir='ltr'>πρότερον</span> <span class='ocrx_word' id='word_1_1003' title='bbox 2878 5407 3071 5478; x_wconf 77' lang='grc' dir='ltr'>πολλὴν</span> <span class='ocrx_word' id='word_1_1004' title='bbox 3115 5407 3327 5461; x_wconf 79' lang='grc' dir='ltr'>ἑαυτῶν</span> <span class='ocrx_word' id='word_1_1005' title='bbox 3376 5406 3476 5477; x_wconf 85' lang='grc' dir='ltr'>τὴν</span> <span class='ocrx_word' id='word_1_1006' title='bbox 3521 5408 3643 5459; x_wconf 87' lang='grc' dir='ltr'>ἐπι-</span> 
     </span>
    </p>
   </div>
   <div class='ocr_carea' id='block_1_124' title="bbox 1984 5494 3643 5568">
    <p class='ocr_par' dir='ltr' id='par_1_124' title="bbox 1984 5494 3643 5568">
     <span class='ocr_line' id='line_1_124' title="bbox 1984 5494 3643 5568; baseline -0.001 -18"><span class='ocrx_word' id='word_1_1007' title='bbox 1984 5497 2203 5568; x_wconf 86' lang='grc' dir='ltr'>μέλειαν</span> <span class='ocrx_word' id='word_1_1008' title='bbox 2232 5494 2531 5565; x_wconf 86' lang='grc' dir='ltr'>ποιώμεθα,</span> <span class='ocrx_word' id='word_1_1009' title='bbox 2555 5499 2648 5549; x_wconf 79' lang='grc' dir='ltr'>καὶ</span> <span class='ocrx_word' id='word_1_1010' title='bbox 2677 5497 2769 5549; x_wconf 85' lang='grc' dir='ltr'>τὸν</span> <span class='ocrx_word' id='word_1_1011' title='bbox 2803 5498 2972 5565; x_wconf 82' lang='grc' dir='ltr'>ῥύπον</span> <span class='ocrx_word' id='word_1_1012' title='bbox 3004 5496 3097 5550; x_wconf 84' lang='grc' dir='ltr'>τὸν</span> <span class='ocrx_word' id='word_1_1013' title='bbox 3124 5496 3233 5550; x_wconf 86' lang='grc' dir='ltr'>ἀπὸ</span> <span class='ocrx_word' id='word_1_1014' title='bbox 3256 5495 3365 5548; x_wconf 88' lang='grc' dir='ltr'>τῶν</span> <span class='ocrx_word' id='word_1_1015' title='bbox 3394 5497 3643 5567; x_wconf 82' lang='grc' dir='ltr'>ἁμαρτη-</span> 
     </span>
    </p>
   </div>
   <div class='ocr_carea' id='block_1_125' title="bbox 1984 5580 3642 5653">
    <p class='ocr_par' dir='ltr' id='par_1_125' title="bbox 1984 5580 3642 5653">
     <span class='ocr_line' id='line_1_125' title="bbox 1984 5580 3642 5653; baseline -0.003 -16"><span class='ocrx_word' id='word_1_1016' title='bbox 1984 5585 2167 5652; x_wconf 84' lang='grc' dir='ltr'>μάτων</span> <span class='ocrx_word' id='word_1_1017' title='bbox 2193 5581 2603 5652; x_wconf 84' lang='grc' dir='ltr'>ἐκκαθάρωμεν,</span> <span class='ocrx_word' id='word_1_1018' title='bbox 2633 5584 2727 5635; x_wconf 76' lang='grc' dir='ltr'>καὶ</span> <span class='ocrx_word' id='word_1_1019' title='bbox 2754 5582 2926 5645; x_wconf 76' lang='grc' dir='ltr'>οὕτως</span> <span class='ocrx_word' id='word_1_1020' title='bbox 2952 5583 3045 5635; x_wconf 71' lang='grc' dir='ltr'>ἐπὶ</span> <span class='ocrx_word' id='word_1_1021' title='bbox 3073 5582 3171 5646; x_wconf 88' lang='grc' dir='ltr'>τάς</span> <span class='ocrx_word' id='word_1_1022' title='bbox 3213 5581 3509 5653; x_wconf 84' lang='grc' dir='ltr'>πρεσϐείας</span> <span class='ocrx_word' id='word_1_1023' title='bbox 3532 5580 3642 5632; x_wconf 89' lang='grc' dir='ltr'>τῶν</span> 
     </span>
    </p>
   </div>
   <div class='ocr_carea' id='block_1_126' title="bbox 1981 5669 3640 5741">
    <p class='ocr_par' dir='ltr' id='par_1_126' title="bbox 1981 5669 3640 5741">
     <span class='ocr_line' id='line_1_126' title="bbox 1981 5669 3640 5741; baseline -0.002 -18"><span class='ocrx_word' id='word_1_1024' title='bbox 1981 5671 2150 5738; x_wconf 88' lang='grc' dir='ltr'>ἀγίων</span> <span class='ocrx_word' id='word_1_1025' title='bbox 2200 5669 2535 5739; x_wconf 83' lang='grc' dir='ltr'>σπεύδωμεν.</span> <span class='ocrx_word' id='word_1_1026' title='bbox 2593 5671 2718 5722; x_wconf 78' lang='grc' dir='ltr'>Ἐἀν</span> <span class='ocrx_word' id='word_1_1027' title='bbox 2766 5670 2870 5740; x_wconf 86' lang='grc' dir='ltr'>γὰρ</span> <span class='ocrx_word' id='word_1_1028' title='bbox 2928 5670 3246 5741; x_wconf 88' lang='grc' dir='ltr'>βουλώμεθα</span> <span class='ocrx_word' id='word_1_1029' title='bbox 3300 5671 3488 5740; x_wconf 84' lang='grc' dir='ltr'>νήφειν</span> <span class='ocrx_word' id='word_1_1030' title='bbox 3549 5670 3640 5721; x_wconf 81' lang='grc' dir='ltr'>καὶ</span> 
     </span>
    </p>
   </div>
   <div class='ocr_carea' id='block_1_127' title="bbox 1981 5756 3639 5828">
    <p class='ocr_par' dir='ltr' id='par_1_127' title="bbox 1981 5756 3639 5828">
     <span class='ocr_line' id='line_1_127' title="bbox 1981 5756 3639 5828; baseline 0.001 -21"><span class='ocrx_word' id='word_1_1031' title='bbox 1981 5757 2357 5827; x_wconf 87' lang='grc' dir='ltr'>ἐγρηγορέναι,</span> <span class='ocrx_word' id='word_1_1032' title='bbox 2399 5757 2492 5809; x_wconf 80' lang='grc' dir='ltr'>καὶ</span> <span class='ocrx_word' id='word_1_1033' title='bbox 2516 5757 2583 5808; x_wconf 82' lang='grc' dir='ltr'>δι’</span> <span class='ocrx_word' id='word_1_1034' title='bbox 2612 5757 2819 5809; x_wconf 82' lang='grc' dir='ltr'>ἑαυτῶν</span> <span class='ocrx_word' id='word_1_1035' title='bbox 2842 5756 3281 5828; x_wconf 76' lang='grc' dir='ltr'>παρακαλοῦντες</span> <span class='ocrx_word' id='word_1_1036' title='bbox 3313 5757 3394 5808; x_wconf 85' lang='grc' dir='ltr'>τά-</span> <span class='ocrx_word' id='word_1_1037' title='bbox 3409 5756 3639 5825; x_wconf 88' lang='grc' dir='ltr'>μέγιστα</span> 
     </span>
    </p>
   </div>
   <div class='ocr_carea' id='block_1_128' title="bbox 1987 5842 3638 5914">
    <p class='ocr_par' dir='ltr' id='par_1_128' title="bbox 1987 5842 3638 5914">
     <span class='ocr_line' id='line_1_128' title="bbox 1987 5842 3638 5914; baseline 0 -21"><span class='ocrx_word' id='word_1_1038' title='bbox 1987 5843 2310 5911; x_wconf 87' lang='grc' dir='ltr'>ὀνησόμεθα.</span> <span class='ocrx_word' id='word_1_1039' title='bbox 2356 5843 2570 5912; x_wconf 85' lang='grc' dir='ltr'>Ἐπειδὴ</span> <span class='ocrx_word' id='word_1_1040' title='bbox 2595 5842 2702 5914; x_wconf 83' lang='grc' dir='ltr'>γὰρ</span> <span class='ocrx_word' id='word_1_1041' title='bbox 2726 5843 3101 5913; x_wconf 86' lang='grc' dir='ltr'>φιλάνθρωπός</span> <span class='ocrx_word' id='word_1_1042' title='bbox 3138 5845 3283 5896; x_wconf 83' lang='grc' dir='ltr'>ἐστιν</span> <span class='ocrx_word' id='word_1_1043' title='bbox 3318 5845 3346 5895; x_wconf 93' lang='lat'>6</span> <span class='ocrx_word' id='word_1_1044' title='bbox 3369 5842 3638 5911; x_wconf 89' lang='grc' dir='ltr'>Δεσπότης</span> 
     </span>
    </p>
   </div>
   <div class='ocr_carea' id='block_1_129' title="bbox 1979 5927 3634 6001">
    <p class='ocr_par' dir='ltr' id='par_1_129' title="bbox 1979 5927 3634 6001">
     <span class='ocr_line' id='line_1_129' title="bbox 1979 5927 3634 6001; baseline -0.002 -20"><span class='ocrx_word' id='word_1_1045' title='bbox 1979 5931 2008 5981; x_wconf 91' lang='lat'>6</span> <span class='ocrx_word' id='word_1_1046' title='bbox 2042 5929 2303 6001; x_wconf 79' lang='grc' dir='ltr'>ἡμέτερος</span> <span class='ocrx_word' id='word_1_1047' title='bbox 2327 5971 2339 5993; x_wconf 97' lang='grc'>,</span> <span class='ocrx_word' id='word_1_1048' title='bbox 2371 5931 2468 5999; x_wconf 83' lang='grc' dir='ltr'>οὐχ</span> <span class='ocrx_word' id='word_1_1049' title='bbox 2509 5930 2650 5982; x_wconf 72' lang='grc' dir='ltr'>οὕτω</span> <span class='ocrx_word' id='word_1_1050' title='bbox 2673 5930 2738 5983; x_wconf 86' lang='grc' dir='ltr'>δι’</span> <span class='ocrx_word' id='word_1_1051' title='bbox 2772 5931 2971 6001; x_wconf 84' lang='grc' dir='ltr'>ἐτέρων</span> <span class='ocrx_word' id='word_1_1052' title='bbox 3004 5930 3480 6001; x_wconf 85' lang='grc' dir='ltr'>παρακαλούμενος</span> <span class='ocrx_word' id='word_1_1053' title='bbox 3500 5927 3634 5997; x_wconf 79' lang='grc' dir='ltr'>ὑπὲρ</span> 
     </span>
    </p>
   </div>
   <div class='ocr_carea' id='block_1_130' title="bbox 1982 6016 3632 6089">
    <p class='ocr_par' dir='ltr' id='par_1_130' title="bbox 1982 6016 3632 6089">
     <span class='ocr_line' id='line_1_130' title="bbox 1982 6016 3632 6089; baseline 0.005 -22"><span class='ocrx_word' id='word_1_1054' title='bbox 1982 6016 2136 6087; x_wconf 83' lang='grc' dir='ltr'>ἡμῶν</span> <span class='ocrx_word' id='word_1_1055' title='bbox 2178 6017 2436 6085; x_wconf 83' lang='grc' dir='ltr'>ἐπινεύει,</span> <span class='ocrx_word' id='word_1_1056' title='bbox 2481 6017 2553 6081; x_wconf 81' lang='grc' dir='ltr'>ὡς</span> <span class='ocrx_word' id='word_1_1057' title='bbox 2590 6017 2655 6070; x_wconf 81' lang='grc' dir='ltr'>δι’</span> <span class='ocrx_word' id='word_1_1058' title='bbox 2701 6017 2856 6089; x_wconf 84' lang='grc' dir='ltr'>ήμῶν</span> <span class='ocrx_word' id='word_1_1059' title='bbox 2901 6018 3095 6073; x_wconf 77' lang='grc' dir='ltr'>αὐτῶν.</span> <span class='ocrx_word' id='word_1_1060' title='bbox 3139 6016 3277 6089; x_wconf 81' lang='grc' dir='ltr'>Ὅρα</span> <span class='ocrx_word' id='word_1_1061' title='bbox 3309 6016 3632 6084; x_wconf 78' lang='grc' dir='ltr'>ἀγαθότητος</span> 
     </span>
    </p>
   </div>
  </div>
