  <div class='ocr_page' id='page_1' title='image "/cluster/home/n/w/nwhite01/storage/ocr_20150623/54/nnc1.0046978518/035.png"; bbox 0 0 4084 6356; ppageno 0'>
   <div class='ocr_carea' id='block_1_1' title="bbox 393 337 583 428">
    <p class='ocr_par' dir='ltr' id='par_1_1' title="bbox 393 337 583 428">
     <span class='ocr_line' id='line_1_1' title="bbox 393 337 583 428; baseline -0.005 0"><span class='ocrx_word' id='word_1_1' title='bbox 393 372 495 428; x_wconf 70' lang='grc' dir='ltr'>ιον</span> <span class='ocrx_word' id='word_1_2' title='bbox 572 337 583 348; x_wconf 82' lang='grc'><em>’</em></span> 
     </span>
    </p>
   </div>
   <div class='ocr_carea' id='block_1_2' title="bbox 394 473 2052 558">
    <p class='ocr_par' dir='ltr' id='par_1_2' title="bbox 394 473 2052 558">
     <span class='ocr_line' id='line_1_2' title="bbox 394 473 2052 558; baseline -0.01 -17"><span class='ocrx_word' id='word_1_3' title='bbox 394 484 694 558; x_wconf 75' lang='grc' dir='ltr'>ὑπερϐολήν</span> <span class='ocrx_word' id='word_1_4' title='bbox 719 499 734 515; x_wconf 89' lang='grc'><strong>·</strong></span> <span class='ocrx_word' id='word_1_5' title='bbox 761 482 856 537; x_wconf 87' lang='grc' dir='ltr'>ἐάν</span> <span class='ocrx_word' id='word_1_6' title='bbox 883 481 971 553; x_wconf 80' lang='grc' dir='ltr'>ἴδῃ</span> <span class='ocrx_word' id='word_1_7' title='bbox 1002 479 1127 543; x_wconf 75' lang='grc' dir='ltr'>τοὺς</span> <span class='ocrx_word' id='word_1_8' title='bbox 1157 477 1665 551; x_wconf 87' lang='grc' dir='ltr'>προσκεκρουκότας</span> <span class='ocrx_word' id='word_1_9' title='bbox 1704 477 1850 548; x_wconf 76' lang='grc' dir='ltr'>ἡμᾶς</span> <span class='ocrx_word' id='word_1_10' title='bbox 1873 515 1890 539; x_wconf 95' lang='grc'>,</span> <span class='ocrx_word' id='word_1_11' title='bbox 1926 473 2052 536; x_wconf 78' lang='grc' dir='ltr'>τοὺς</span> 
     </span>
    </p>
   </div>
   <div class='ocr_carea' id='block_1_3' title="bbox 394 561 2054 646">
    <p class='ocr_par' dir='ltr' id='par_1_3' title="bbox 394 561 2054 646">
     <span class='ocr_line' id='line_1_3' title="bbox 394 561 2054 646; baseline -0.008 -20"><span class='ocrx_word' id='word_1_12' title='bbox 394 572 790 646; x_wconf 81' lang='grc' dir='ltr'>ἡτιμωμένους,</span> <span class='ocrx_word' id='word_1_13' title='bbox 815 571 940 632; x_wconf 84' lang='grc' dir='ltr'>τοὺς</span> <span class='ocrx_word' id='word_1_14' title='bbox 963 567 1229 639; x_wconf 88' lang='grc' dir='ltr'>μηδεμίαν</span> <span class='ocrx_word' id='word_1_15' title='bbox 1255 565 1566 637; x_wconf 77' lang='grc' dir='ltr'>παρρησίαν</span> <span class='ocrx_word' id='word_1_16' title='bbox 1589 563 1832 633; x_wconf 76' lang='grc' dir='ltr'>ἔχοντας,</span> <span class='ocrx_word' id='word_1_17' title='bbox 1861 561 2054 630; x_wconf 86' lang='grc' dir='ltr'>μικρὸν</span> 
     </span>
    </p>
   </div>
   <div class='ocr_carea' id='block_1_4' title="bbox 395 651 2056 734">
    <p class='ocr_par' dir='ltr' id='par_1_4' title="bbox 395 651 2056 734">
     <span class='ocr_line' id='line_1_4' title="bbox 395 651 2056 734; baseline -0.008 -18"><span class='ocrx_word' id='word_1_18' title='bbox 395 661 790 734; x_wconf 76' lang='grc' dir='ltr'>διεγερθέντας,</span> <span class='ocrx_word' id='word_1_19' title='bbox 843 659 936 712; x_wconf 78' lang='grc' dir='ltr'>καὶ</span> <span class='ocrx_word' id='word_1_20' title='bbox 975 658 1067 709; x_wconf 88' lang='grc' dir='ltr'>ἐπὶ</span> <span class='ocrx_word' id='word_1_21' title='bbox 1111 655 1202 708; x_wconf 83' lang='grc' dir='ltr'>τὸν</span> <span class='ocrx_word' id='word_1_22' title='bbox 1247 654 1475 706; x_wconf 89' lang='grc' dir='ltr'>πλοῦτον</span> <span class='ocrx_word' id='word_1_23' title='bbox 1515 653 1613 723; x_wconf 85' lang='grc' dir='ltr'>τῆς</span> <span class='ocrx_word' id='word_1_24' title='bbox 1650 651 2056 723; x_wconf 79' lang='grc' dir='ltr'>φιλανθρωπίας</span> 
     </span>
    </p>
   </div>
   <div class='ocr_carea' id='block_1_5' title="bbox 397 738 2053 815">
    <p class='ocr_par' dir='ltr' id='par_1_5' title="bbox 397 738 2053 815">
     <span class='ocr_line' id='line_1_5' title="bbox 397 738 2053 815; baseline -0.008 -13"><span class='ocrx_word' id='word_1_25' title='bbox 397 748 559 802; x_wconf 76' lang='grc' dir='ltr'>αὑτοῦ</span> <span class='ocrx_word' id='word_1_26' title='bbox 598 748 930 815; x_wconf 82' lang='grc' dir='ltr'>καταφυγεῖν</span> <span class='ocrx_word' id='word_1_27' title='bbox 967 744 1327 812; x_wconf 77' lang='grc' dir='ltr'>ἐθελήσαντας</span> <span class='ocrx_word' id='word_1_28' title='bbox 1349 779 1364 802; x_wconf 94' lang='grc'>,</span> <span class='ocrx_word' id='word_1_29' title='bbox 1417 740 1616 803; x_wconf 83' lang='grc' dir='ltr'>εὐθέως</span> <span class='ocrx_word' id='word_1_30' title='bbox 1644 738 1884 791; x_wconf 76' lang='grc' dir='ltr'>ἐπινεύει</span> <span class='ocrx_word' id='word_1_31' title='bbox 1934 740 2053 801; x_wconf 89' lang='grc' dir='ltr'>ταῖς</span> 
     </span>
    </p>
   </div>
   <div class='ocr_carea' id='block_1_6' title="bbox 395 824 2055 906">
    <p class='ocr_par' dir='ltr' id='par_1_6' title="bbox 395 824 2055 906">
     <span class='ocr_line' id='line_1_6' title="bbox 395 824 2055 906; baseline -0.007 -17"><span class='ocrx_word' id='word_1_32' title='bbox 395 837 664 906; x_wconf 84' lang='grc' dir='ltr'>αίτὴσεσι,</span> <span class='ocrx_word' id='word_1_33' title='bbox 708 833 798 887; x_wconf 88' lang='grc' dir='ltr'>καὶ</span> <span class='ocrx_word' id='word_1_34' title='bbox 826 834 981 903; x_wconf 88' lang='grc' dir='ltr'>χεῖρα</span> <span class='ocrx_word' id='word_1_35' title='bbox 1027 830 1208 901; x_wconf 81' lang='grc' dir='ltr'>ὀρέγει</span> <span class='ocrx_word' id='word_1_36' title='bbox 1252 827 1557 898; x_wconf 82' lang='grc' dir='ltr'>κειμένοις,</span> <span class='ocrx_word' id='word_1_37' title='bbox 1612 826 1705 879; x_wconf 89' lang='grc' dir='ltr'>καὶ</span> <span class='ocrx_word' id='word_1_38' title='bbox 1752 824 2055 894; x_wconf 88' lang='grc' dir='ltr'>διανίστησι</span> 
     </span>
    </p>
   </div>
   <div class='ocr_carea' id='block_1_7' title="bbox 396 911 2058 988">
    <p class='ocr_par' dir='ltr' id='par_1_7' title="bbox 396 911 2058 988">
     <span class='ocr_line' id='line_1_7' title="bbox 396 911 2058 988; baseline -0.007 -13"><span class='ocrx_word' id='word_1_39' title='bbox 396 921 768 983; x_wconf 81' lang='grc' dir='ltr'>πεπτωκότας,</span> <span class='ocrx_word' id='word_1_40' title='bbox 810 921 904 972; x_wconf 91' lang='grc' dir='ltr'>καὶ</span> <span class='ocrx_word' id='word_1_41' title='bbox 949 918 1047 988; x_wconf 77' lang='grc' dir='ltr'>βοᾷ</span> <span class='ocrx_word' id='word_1_42' title='bbox 1095 917 1267 984; x_wconf 88' lang='grc' dir='ltr'>λέγων</span> <span class='ocrx_word' id='word_1_43' title='bbox 1295 931 1309 944; x_wconf 87' lang='grc'><strong>·</strong></span> <span class='ocrx_word' id='word_1_44' title='bbox 1363 913 1460 981; x_wconf 82' lang='grc' dir='ltr'>Μὴ</span> <span class='ocrx_word' id='word_1_45' title='bbox 1497 917 1530 968; x_wconf 83' lang='grc' dir='ltr'>ό</span> <span class='ocrx_word' id='word_1_46' title='bbox 1563 914 1794 966; x_wconf 83' lang='grc' dir='ltr'><em>πίπτων</em></span> <span class='ocrx_word' id='word_1_47' title='bbox 1823 914 1932 965; x_wconf 87' lang='grc' dir='ltr'>οὐκ</span> <span class='ocrx_word' id='word_1_48' title='bbox 1960 911 2058 965; x_wconf 84' lang='grc' dir='ltr'>άν-</span> 
     </span>
    </p>
   </div>
   <div class='ocr_carea' id='block_1_8' title="bbox 397 999 2056 1075">
    <p class='ocr_par' dir='ltr' id='par_1_8' title="bbox 397 999 2056 1075">
     <span class='ocr_line' id='line_1_8' title="bbox 397 999 2056 1075; baseline -0.007 -12"><span class='ocrx_word' id='word_1_49' title='bbox 397 1011 665 1074; x_wconf 82' lang='grc' dir='ltr'>ίσταται;</span> <span class='ocrx_word' id='word_1_50' title='bbox 701 1007 839 1060; x_wconf 79' lang='grc' dir='ltr'>Ἀλλ’</span> <span class='ocrx_word' id='word_1_51' title='bbox 876 1007 962 1058; x_wconf 84' lang='grc' dir='ltr'>ἴνα</span> <span class='ocrx_word' id='word_1_52' title='bbox 1002 1004 1207 1075; x_wconf 80' lang='grc' dir='ltr'>μάθητε</span> <span class='ocrx_word' id='word_1_53' title='bbox 1245 1003 1337 1055; x_wconf 80' lang='grc' dir='ltr'>καὶ</span> <span class='ocrx_word' id='word_1_54' title='bbox 1359 1002 1418 1066; x_wconf 80' lang='grc' dir='ltr'>ἐξ</span> <span class='ocrx_word' id='word_1_55' title='bbox 1450 1001 1626 1056; x_wconf 83' lang='grc' dir='ltr'>αὐτῶν</span> <span class='ocrx_word' id='word_1_56' title='bbox 1659 1001 1767 1054; x_wconf 87' lang='grc' dir='ltr'>τῶν</span> <span class='ocrx_word' id='word_1_57' title='bbox 1799 999 2056 1070; x_wconf 87' lang='grc' dir='ltr'>πραγμά-</span> 
     </span>
    </p>
   </div>
   <div class='ocr_carea' id='block_1_9' title="bbox 396 1088 2057 1161">
    <p class='ocr_par' dir='ltr' id='par_1_9' title="bbox 396 1088 2057 1161">
     <span class='ocr_line' id='line_1_9' title="bbox 396 1088 2057 1161; baseline -0.006 -13"><span class='ocrx_word' id='word_1_58' title='bbox 396 1114 523 1161; x_wconf 85' lang='grc' dir='ltr'>των,</span> <span class='ocrx_word' id='word_1_59' title='bbox 589 1097 669 1150; x_wconf 82' lang='grc' dir='ltr'>ὅτι</span> <span class='ocrx_word' id='word_1_60' title='bbox 720 1095 901 1148; x_wconf 88' lang='grc' dir='ltr'>πολλοὶ</span> <span class='ocrx_word' id='word_1_61' title='bbox 949 1093 1016 1146; x_wconf 85' lang='grc' dir='ltr'>δι’</span> <span class='ocrx_word' id='word_1_62' title='bbox 1061 1090 1267 1145; x_wconf 85' lang='grc' dir='ltr'>ἐαυτῶν</span> <span class='ocrx_word' id='word_1_63' title='bbox 1327 1091 1523 1160; x_wconf 76' lang='grc' dir='ltr'>μᾶλλον</span> <span class='ocrx_word' id='word_1_64' title='bbox 1581 1088 2057 1158; x_wconf 80' lang='grc' dir='ltr'>παρακαλέσαντες</span> 
     </span>
    </p>
   </div>
   <div class='ocr_carea' id='block_1_10' title="bbox 401 1176 2056 1252">
    <p class='ocr_par' dir='ltr' id='par_1_10' title="bbox 401 1176 2056 1252">
     <span class='ocr_line' id='line_1_10' title="bbox 401 1176 2056 1252; baseline -0.004 -19"><span class='ocrx_word' id='word_1_65' title='bbox 401 1183 623 1252; x_wconf 74' lang='grc' dir='ltr'>ἴσχυσαν</span> <span class='ocrx_word' id='word_1_66' title='bbox 665 1184 935 1251; x_wconf 73' lang='grc' dir='ltr'>ἐπιτυχεῖν</span> <span class='ocrx_word' id='word_1_67' title='bbox 980 1179 1086 1232; x_wconf 90' lang='grc' dir='ltr'>τῶν</span> <span class='ocrx_word' id='word_1_68' title='bbox 1134 1177 1577 1248; x_wconf 76' lang='grc' dir='ltr'>σπουδαζομένων</span> <span class='ocrx_word' id='word_1_69' title='bbox 1600 1218 1616 1243; x_wconf 92' lang='grc'>,</span> <span class='ocrx_word' id='word_1_70' title='bbox 1650 1177 1682 1248; x_wconf 84' lang='grc' dir='ltr'>ἡ</span> <span class='ocrx_word' id='word_1_71' title='bbox 1710 1176 1774 1228; x_wconf 88' lang='grc' dir='ltr'>δι’</span> <span class='ocrx_word' id='word_1_72' title='bbox 1809 1176 2012 1246; x_wconf 86' lang='grc' dir='ltr'>ἐτέρων</span> <span class='ocrx_word' id='word_1_73' title='bbox 2039 1212 2056 1239; x_wconf 91' lang='grc'>,</span> 
     </span>
    </p>
   </div>
   <div class='ocr_carea' id='block_1_11' title="bbox 397 1264 2056 1337">
    <p class='ocr_par' dir='ltr' id='par_1_11' title="bbox 397 1264 2056 1337">
     <span class='ocr_line' id='line_1_11' title="bbox 397 1264 2056 1337; baseline -0.005 -15"><span class='ocrx_word' id='word_1_74' title='bbox 397 1269 688 1337; x_wconf 85' lang='grc' dir='ltr'>ἀναγκαῖόν</span> <span class='ocrx_word' id='word_1_75' title='bbox 714 1270 830 1322; x_wconf 89' lang='grc' dir='ltr'>ἐστι</span> <span class='ocrx_word' id='word_1_76' title='bbox 860 1268 986 1330; x_wconf 79' lang='grc' dir='ltr'>τοὺς</span> <span class='ocrx_word' id='word_1_77' title='bbox 1012 1265 1365 1336; x_wconf 80' lang='grc' dir='ltr'>ἐπιτυχόντας</span> <span class='ocrx_word' id='word_1_78' title='bbox 1386 1267 1464 1328; x_wconf 84' lang='grc' dir='ltr'>είς</span> <span class='ocrx_word' id='word_1_79' title='bbox 1504 1264 1666 1334; x_wconf 83' lang='grc' dir='ltr'>μέσον</span> <span class='ocrx_word' id='word_1_80' title='bbox 1694 1265 2056 1334; x_wconf 82' lang='grc' dir='ltr'>παραγαγεῖν,</span> 
     </span>
    </p>
   </div>
   <div class='ocr_carea' id='block_1_12' title="bbox 398 1348 2056 1424">
    <p class='ocr_par' dir='ltr' id='par_1_12' title="bbox 398 1348 2056 1424">
     <span class='ocr_line' id='line_1_12' title="bbox 398 1348 2056 1424; baseline -0.004 -16"><span class='ocrx_word' id='word_1_81' title='bbox 398 1358 486 1409; x_wconf 85' lang='grc' dir='ltr'>ἵνα</span> <span class='ocrx_word' id='word_1_82' title='bbox 520 1356 615 1409; x_wconf 89' lang='grc' dir='ltr'>καὶ</span> <span class='ocrx_word' id='word_1_83' title='bbox 648 1356 807 1424; x_wconf 83' lang='grc' dir='ltr'>ἡμεῖς</span> <span class='ocrx_word' id='word_1_84' title='bbox 841 1352 1211 1424; x_wconf 84' lang='grc' dir='ltr'>μιμησώμεθα</span> <span class='ocrx_word' id='word_1_85' title='bbox 1231 1393 1246 1416; x_wconf 88' lang='grc'>,</span> <span class='ocrx_word' id='word_1_86' title='bbox 1271 1352 1365 1404; x_wconf 90' lang='grc' dir='ltr'>καὶ</span> <span class='ocrx_word' id='word_1_87' title='bbox 1387 1351 1466 1414; x_wconf 85' lang='grc' dir='ltr'>είς</span> <span class='ocrx_word' id='word_1_88' title='bbox 1489 1350 1647 1422; x_wconf 84' lang='grc' dir='ltr'>ζῆλον</span> <span class='ocrx_word' id='word_1_89' title='bbox 1671 1348 2056 1421; x_wconf 88' lang='grc' dir='ltr'>διεγερθῶμεν.</span> 
     </span>
    </p>
   </div>
   <div class='ocr_carea' id='block_1_13' title="bbox 411 1436 2059 1512">
    <p class='ocr_par' dir='ltr' id='par_1_13' title="bbox 411 1436 2059 1512">
     <span class='ocr_line' id='line_1_13' title="bbox 411 1436 2059 1512; baseline -0.004 -17"><span class='ocrx_word' id='word_1_90' title='bbox 411 1441 754 1512; x_wconf 81' lang='grc' dir='ltr'>Ἀκούσωμεν</span> <span class='ocrx_word' id='word_1_91' title='bbox 800 1438 978 1493; x_wconf 81' lang='grc' dir='ltr'>τοίνυν</span> <span class='ocrx_word' id='word_1_92' title='bbox 1023 1438 1140 1498; x_wconf 88' lang='grc' dir='ltr'>πῶς</span> <span class='ocrx_word' id='word_1_93' title='bbox 1187 1439 1217 1508; x_wconf 84' lang='grc' dir='ltr'>ἡ</span> <span class='ocrx_word' id='word_1_94' title='bbox 1251 1436 1532 1490; x_wconf 79' lang='grc' dir='ltr'>Χαναναία</span> <span class='ocrx_word' id='word_1_95' title='bbox 1558 1437 1741 1506; x_wconf 87' lang='grc' dir='ltr'>ἐκείνη</span> <span class='ocrx_word' id='word_1_96' title='bbox 1763 1436 1897 1507; x_wconf 82' lang='grc' dir='ltr'>γυνὴ</span> <span class='ocrx_word' id='word_1_97' title='bbox 1931 1453 2059 1488; x_wconf 91' lang='grc' dir='ltr'>κατ-</span> 
     </span>
    </p>
   </div>
   <div class='ocr_carea' id='block_1_14' title="bbox 399 1519 2058 1598">
    <p class='ocr_par' dir='ltr' id='par_1_14' title="bbox 399 1519 2058 1598">
     <span class='ocr_line' id='line_1_14' title="bbox 399 1519 2058 1598; baseline -0.002 -16"><span class='ocrx_word' id='word_1_98' title='bbox 399 1531 597 1593; x_wconf 72' lang='grc' dir='ltr'>ὠδυνος</span> <span class='ocrx_word' id='word_1_99' title='bbox 638 1524 773 1583; x_wconf 84' lang='grc' dir='ltr'>οὖσα</span> <span class='ocrx_word' id='word_1_100' title='bbox 799 1527 896 1598; x_wconf 84' lang='grc' dir='ltr'>τὴν</span> <span class='ocrx_word' id='word_1_101' title='bbox 939 1525 1115 1596; x_wconf 74' lang='grc' dir='ltr'>ψυχὴν</span> <span class='ocrx_word' id='word_1_102' title='bbox 1156 1525 1250 1578; x_wconf 91' lang='grc' dir='ltr'>καὶ</span> <span class='ocrx_word' id='word_1_103' title='bbox 1291 1524 1603 1593; x_wconf 91' lang='grc' dir='ltr'>ἀλλόφυλος,</span> <span class='ocrx_word' id='word_1_104' title='bbox 1627 1524 1811 1594; x_wconf 88' lang='grc' dir='ltr'>ἐπειδὴ</span> <span class='ocrx_word' id='word_1_105' title='bbox 1836 1519 1943 1576; x_wconf 72' lang='grc' dir='ltr'>εἶδε</span> <span class='ocrx_word' id='word_1_106' title='bbox 1966 1523 2058 1578; x_wconf 87' lang='grc' dir='ltr'>τὸν</span> 
     </span>
    </p>
   </div>
   <div class='ocr_carea' id='block_1_15' title="bbox 398 1611 2059 1686">
    <p class='ocr_par' dir='ltr' id='par_1_15' title="bbox 398 1611 2059 1686">
     <span class='ocr_line' id='line_1_15' title="bbox 398 1611 2059 1686; baseline -0.003 -17"><span class='ocrx_word' id='word_1_107' title='bbox 398 1618 507 1669; x_wconf 80' lang='grc' dir='ltr'>τῶν</span> <span class='ocrx_word' id='word_1_108' title='bbox 544 1616 734 1686; x_wconf 80' lang='grc' dir='ltr'>ψυχῶν</span> <span class='ocrx_word' id='word_1_109' title='bbox 768 1614 979 1685; x_wconf 77' lang='grc' dir='ltr'>ἰατρὸν,</span> <span class='ocrx_word' id='word_1_110' title='bbox 1008 1613 1102 1666; x_wconf 80' lang='grc' dir='ltr'>καὶ</span> <span class='ocrx_word' id='word_1_111' title='bbox 1133 1613 1222 1665; x_wconf 77' lang='grc' dir='ltr'>τὸν</span> <span class='ocrx_word' id='word_1_112' title='bbox 1250 1611 1398 1681; x_wconf 82' lang='grc' dir='ltr'>ἡλιον</span> <span class='ocrx_word' id='word_1_113' title='bbox 1433 1611 1530 1682; x_wconf 88' lang='grc' dir='ltr'>τῆς</span> <span class='ocrx_word' id='word_1_114' title='bbox 1557 1611 1899 1682; x_wconf 84' lang='grc' dir='ltr'>δικαιοσύνης</span> <span class='ocrx_word' id='word_1_115' title='bbox 1930 1612 2059 1665; x_wconf 87' lang='grc' dir='ltr'>ἀνα-</span> 
     </span>
    </p>
   </div>
   <div class='ocr_carea' id='block_1_16' title="bbox 401 1698 2059 1770">
    <p class='ocr_par' dir='ltr' id='par_1_16' title="bbox 401 1698 2059 1770">
     <span class='ocr_line' id='line_1_16' title="bbox 401 1698 2059 1770; baseline -0.001 -14"><span class='ocrx_word' id='word_1_116' title='bbox 401 1705 650 1758; x_wconf 89' lang='grc' dir='ltr'>τείλαντα</span> <span class='ocrx_word' id='word_1_117' title='bbox 678 1704 789 1766; x_wconf 90' lang='grc' dir='ltr'>τοῖς</span> <span class='ocrx_word' id='word_1_118' title='bbox 821 1703 879 1754; x_wconf 85' lang='grc' dir='ltr'>ἐν</span> <span class='ocrx_word' id='word_1_119' title='bbox 913 1700 1092 1753; x_wconf 88' lang='grc' dir='ltr'>σκότει</span> <span class='ocrx_word' id='word_1_120' title='bbox 1125 1699 1451 1769; x_wconf 86' lang='grc' dir='ltr'>καθημένοις</span> <span class='ocrx_word' id='word_1_121' title='bbox 1473 1739 1489 1763; x_wconf 97' lang='grc'>,</span> <span class='ocrx_word' id='word_1_122' title='bbox 1522 1699 1669 1763; x_wconf 84' lang='grc' dir='ltr'>ὅπως</span> <span class='ocrx_word' id='word_1_123' title='bbox 1693 1699 1829 1769; x_wconf 89' lang='grc' dir='ltr'>μετά</span> <span class='ocrx_word' id='word_1_124' title='bbox 1851 1698 2059 1770; x_wconf 79' lang='grc' dir='ltr'>θερμῆς</span> 
     </span>
    </p>
   </div>
   <div class='ocr_carea' id='block_1_17' title="bbox 402 1784 2058 1859">
    <p class='ocr_par' dir='ltr' id='par_1_17' title="bbox 402 1784 2058 1859">
     <span class='ocr_line' id='line_1_17' title="bbox 402 1784 2058 1859; baseline -0.005 -15"><span class='ocrx_word' id='word_1_125' title='bbox 402 1793 496 1844; x_wconf 82' lang='grc' dir='ltr'>καὶ</span> <span class='ocrx_word' id='word_1_126' title='bbox 520 1789 746 1859; x_wconf 77' lang='grc' dir='ltr'>ζεούσης</span> <span class='ocrx_word' id='word_1_127' title='bbox 767 1787 1073 1858; x_wconf 84' lang='grc' dir='ltr'>προθυμίας</span> <span class='ocrx_word' id='word_1_128' title='bbox 1095 1786 1192 1856; x_wconf 79' lang='grc' dir='ltr'>τήν</span> <span class='ocrx_word' id='word_1_129' title='bbox 1212 1785 1468 1857; x_wconf 85' lang='grc' dir='ltr'>πρόσοδον</span> <span class='ocrx_word' id='word_1_130' title='bbox 1488 1786 1798 1856; x_wconf 88' lang='grc' dir='ltr'>ἐποιήσατο,</span> <span class='ocrx_word' id='word_1_131' title='bbox 1825 1787 1917 1840; x_wconf 88' lang='grc' dir='ltr'>καὶ</span> <span class='ocrx_word' id='word_1_132' title='bbox 1935 1784 2058 1838; x_wconf 75' lang='grc' dir='ltr'>οὕτε</span> 
     </span>
    </p>
   </div>
   <div class='ocr_carea' id='block_1_18' title="bbox 399 1870 2059 1946">
    <p class='ocr_par' dir='ltr' id='par_1_18' title="bbox 399 1870 2059 1946">
     <span class='ocr_line' id='line_1_18' title="bbox 399 1870 2059 1946; baseline -0.004 -16"><span class='ocrx_word' id='word_1_133' title='bbox 399 1879 461 1930; x_wconf 61' lang='grc' dir='ltr'>τὸ</span> <span class='ocrx_word' id='word_1_134' title='bbox 498 1879 725 1946; x_wconf 90' lang='grc' dir='ltr'>γυναῖκα</span> <span class='ocrx_word' id='word_1_135' title='bbox 757 1874 925 1944; x_wconf 82' lang='grc' dir='ltr'>αὐτὴν</span> <span class='ocrx_word' id='word_1_136' title='bbox 959 1870 1102 1928; x_wconf 76' lang='grc' dir='ltr'>εἶναι</span> <span class='ocrx_word' id='word_1_137' title='bbox 1128 1914 1142 1935; x_wconf 96' lang='grc'>,</span> <span class='ocrx_word' id='word_1_138' title='bbox 1171 1871 1295 1926; x_wconf 81' lang='grc' dir='ltr'>οῦτε</span> <span class='ocrx_word' id='word_1_139' title='bbox 1321 1873 1382 1926; x_wconf 86' lang='grc' dir='ltr'>τὸ</span> <span class='ocrx_word' id='word_1_140' title='bbox 1412 1872 1704 1942; x_wconf 84' lang='grc' dir='ltr'>ἀλλόφυλον</span> <span class='ocrx_word' id='word_1_141' title='bbox 1727 1912 1744 1937; x_wconf 91' lang='grc'>,</span> <span class='ocrx_word' id='word_1_142' title='bbox 1773 1872 2059 1944; x_wconf 84' lang='grc' dir='ltr'>ὀκνηροτέ-</span> 
     </span>
    </p>
   </div>
   <div class='ocr_carea' id='block_1_19' title="bbox 401 1959 2058 2034">
    <p class='ocr_par' dir='ltr' id='par_1_19' title="bbox 401 1959 2058 2034">
     <span class='ocr_line' id='line_1_19' title="bbox 401 1959 2058 2034; baseline -0.003 -17"><span class='ocrx_word' id='word_1_143' title='bbox 401 1983 502 2034; x_wconf 88' lang='grc' dir='ltr'>ραν</span> <span class='ocrx_word' id='word_1_144' title='bbox 536 1963 784 2032; x_wconf 86' lang='grc' dir='ltr'>γενέσθαι</span> <span class='ocrx_word' id='word_1_145' title='bbox 814 1959 1224 2032; x_wconf 83' lang='grc' dir='ltr'>παρεσκεύασεν</span> <span class='ocrx_word' id='word_1_146' title='bbox 1244 2000 1260 2022; x_wconf 97' lang='grc'>,</span> <span class='ocrx_word' id='word_1_147' title='bbox 1296 1960 1430 2012; x_wconf 88' lang='grc' dir='ltr'>ἀλλά</span> <span class='ocrx_word' id='word_1_148' title='bbox 1469 1960 1644 2014; x_wconf 88' lang='grc' dir='ltr'>πάντα</span> <span class='ocrx_word' id='word_1_149' title='bbox 1669 1960 1737 2014; x_wconf 91' lang='grc' dir='ltr'>τά</span> <span class='ocrx_word' id='word_1_150' title='bbox 1763 1961 2058 2030; x_wconf 87' lang='grc' dir='ltr'>κωλύματα</span> 
     </span>
    </p>
   </div>
   <div class='ocr_carea' id='block_1_20' title="bbox 399 2045 2059 2120">
    <p class='ocr_par' dir='ltr' id='par_1_20' title="bbox 399 2045 2059 2120">
     <span class='ocr_line' id='line_1_20' title="bbox 399 2045 2059 2120; baseline -0.004 -16"><span class='ocrx_word' id='word_1_151' title='bbox 399 2052 571 2104; x_wconf 81' lang='grc' dir='ltr'>ταῦτα</span> <span class='ocrx_word' id='word_1_152' title='bbox 619 2048 989 2120; x_wconf 84' lang='grc' dir='ltr'>παρωσαμένη</span> <span class='ocrx_word' id='word_1_153' title='bbox 1019 2087 1035 2110; x_wconf 96' lang='grc'>,</span> <span class='ocrx_word' id='word_1_154' title='bbox 1093 2045 1468 2117; x_wconf 77' lang='grc' dir='ltr'>προσελθοῦσα</span> <span class='ocrx_word' id='word_1_155' title='bbox 1524 2062 1724 2116; x_wconf 87' lang='grc' dir='ltr'>φησιν·</span> <span class='ocrx_word' id='word_1_156' title='bbox 1769 2045 2059 2112; x_wconf 89' lang='grc' dir='ltr'>Ἐλέησόν</span> 
     </span>
    </p>
   </div>
   <div class='ocr_carea' id='block_1_21' title="bbox 398 2133 2056 2209">
    <p class='ocr_par' dir='ltr' id='par_1_21' title="bbox 398 2133 2056 2209">
     <span class='ocr_line' id='line_1_21' title="bbox 398 2133 2056 2209; baseline -0.002 -17"><span class='ocrx_word' id='word_1_157' title='bbox 398 2157 490 2209; x_wconf 83' lang='grc' dir='ltr'>με,</span> <span class='ocrx_word' id='word_1_158' title='bbox 523 2139 713 2205; x_wconf 83' lang='grc' dir='ltr'>Κύριε,</span> <span class='ocrx_word' id='word_1_159' title='bbox 740 2136 828 2189; x_wconf 87' lang='grc' dir='ltr'>ὅτι</span> <span class='ocrx_word' id='word_1_160' title='bbox 874 2136 912 2202; x_wconf 80' lang='grc' dir='ltr'><strong>ή</strong></span> <span class='ocrx_word' id='word_1_161' title='bbox 949 2134 1208 2203; x_wconf 75' lang='grc' dir='ltr'>θυγάτηρ</span> <span class='ocrx_word' id='word_1_162' title='bbox 1246 2152 1364 2203; x_wconf 87' lang='grc' dir='ltr'>μου</span> <span class='ocrx_word' id='word_1_163' title='bbox 1409 2133 1604 2198; x_wconf 82' lang='grc' dir='ltr'>κακῶς</span> <span class='ocrx_word' id='word_1_164' title='bbox 1648 2133 2056 2204; x_wconf 81' lang='grc' dir='ltr'>δαιμονίζεται.</span> 
     </span>
    </p>
   </div>
   <div class='ocr_carea' id='block_1_22' title="bbox 402 2220 2059 2292">
    <p class='ocr_par' dir='ltr' id='par_1_22' title="bbox 402 2220 2059 2292">
     <span class='ocr_line' id='line_1_22' title="bbox 402 2220 2059 2292; baseline -0.001 -16"><span class='ocrx_word' id='word_1_165' title='bbox 402 2225 542 2276; x_wconf 76' lang='grc' dir='ltr'>Ἀλλ’</span> <span class='ocrx_word' id='word_1_166' title='bbox 573 2227 600 2277; x_wconf 87' lang='grc' dir='ltr'>ό</span> <span class='ocrx_word' id='word_1_167' title='bbox 626 2224 693 2276; x_wconf 89' lang='grc' dir='ltr'>τά</span> <span class='ocrx_word' id='word_1_168' title='bbox 718 2222 1003 2292; x_wconf 77' lang='grc' dir='ltr'>ἀπόρρητα</span> <span class='ocrx_word' id='word_1_169' title='bbox 1028 2221 1125 2290; x_wconf 90' lang='grc' dir='ltr'>τῆς</span> <span class='ocrx_word' id='word_1_170' title='bbox 1153 2220 1390 2283; x_wconf 82' lang='grc' dir='ltr'>διανοίας</span> <span class='ocrx_word' id='word_1_171' title='bbox 1418 2221 1777 2291; x_wconf 88' lang='grc' dir='ltr'>ἐπιστάμενος</span> <span class='ocrx_word' id='word_1_172' title='bbox 1807 2223 1933 2292; x_wconf 83' lang='grc' dir='ltr'>σιγᾷ</span> <span class='ocrx_word' id='word_1_173' title='bbox 1965 2221 2059 2274; x_wconf 87' lang='grc' dir='ltr'>καὶ</span> 
     </span>
    </p>
   </div>
   <div class='ocr_carea' id='block_1_23' title="bbox 401 2309 2059 2381">
    <p class='ocr_par' dir='ltr' id='par_1_23' title="bbox 401 2309 2059 2381">
     <span class='ocr_line' id='line_1_23' title="bbox 401 2309 2059 2381; baseline -0.001 -16"><span class='ocrx_word' id='word_1_174' title='bbox 401 2314 500 2364; x_wconf 81' lang='grc' dir='ltr'>οὐκ</span> <span class='ocrx_word' id='word_1_175' title='bbox 529 2311 876 2381; x_wconf 79' lang='grc' dir='ltr'>ἀποκρίνεται</span> <span class='ocrx_word' id='word_1_176' title='bbox 903 2349 917 2372; x_wconf 91' lang='grc'>,</span> <span class='ocrx_word' id='word_1_177' title='bbox 948 2309 1008 2362; x_wconf 97' lang='lat'>06</span> <span class='ocrx_word' id='word_1_178' title='bbox 1036 2309 1197 2376; x_wconf 81' lang='grc' dir='ltr'>λόγου</span> <span class='ocrx_word' id='word_1_179' title='bbox 1229 2309 1579 2378; x_wconf 89' lang='grc' dir='ltr'>μεταδίδωσιν</span> <span class='ocrx_word' id='word_1_180' title='bbox 1598 2349 1613 2372; x_wconf 95' lang='grc'>,</span> <span class='ocrx_word' id='word_1_181' title='bbox 1653 2309 1776 2361; x_wconf 86' lang='grc' dir='ltr'>ούδέ</span> <span class='ocrx_word' id='word_1_182' title='bbox 1802 2310 2059 2380; x_wconf 87' lang='grc' dir='ltr'>οίκτείρει</span> 
     </span>
    </p>
   </div>
   <div class='ocr_carea' id='block_1_24' title="bbox 401 2395 2058 2468">
    <p class='ocr_par' dir='ltr' id='par_1_24' title="bbox 401 2395 2058 2468">
     <span class='ocr_line' id='line_1_24' title="bbox 401 2395 2058 2468; baseline -0.001 -18"><span class='ocrx_word' id='word_1_183' title='bbox 401 2400 462 2451; x_wconf 80' lang='grc' dir='ltr'>τὸ</span> <span class='ocrx_word' id='word_1_184' title='bbox 491 2398 731 2465; x_wconf 90' lang='grc' dir='ltr'>γύναιον,</span> <span class='ocrx_word' id='word_1_185' title='bbox 754 2397 896 2468; x_wconf 84' lang='grc' dir='ltr'>ὁρῶν</span> <span class='ocrx_word' id='word_1_186' title='bbox 927 2396 1064 2466; x_wconf 89' lang='grc' dir='ltr'>μετά</span> <span class='ocrx_word' id='word_1_187' title='bbox 1086 2395 1351 2467; x_wconf 84' lang='grc' dir='ltr'>τοσαύτης</span> <span class='ocrx_word' id='word_1_188' title='bbox 1370 2397 1613 2467; x_wconf 71' lang='grc' dir='ltr'>οἰμωγῆς</span> <span class='ocrx_word' id='word_1_189' title='bbox 1638 2396 2058 2468; x_wconf 82' lang='grc' dir='ltr'>προσελθοῦσαν,</span> 
     </span>
    </p>
   </div>
   <div class='ocr_carea' id='block_1_25' title="bbox 405 2483 2061 2558">
    <p class='ocr_par' dir='ltr' id='par_1_25' title="bbox 405 2483 2061 2558">
     <span class='ocr_line' id='line_1_25' title="bbox 405 2483 2061 2558; baseline -0.002 -18"><span class='ocrx_word' id='word_1_190' title='bbox 405 2485 554 2558; x_wconf 71' lang='grc'>[451]</span> <span class='ocrx_word' id='word_1_191' title='bbox 577 2485 713 2538; x_wconf 90' lang='grc' dir='ltr'>ἀλλά</span> <span class='ocrx_word' id='word_1_192' title='bbox 743 2485 1104 2556; x_wconf 86' lang='grc' dir='ltr'>μακροθυμεῖ,</span> <span class='ocrx_word' id='word_1_193' title='bbox 1140 2483 1457 2554; x_wconf 80' lang='grc' dir='ltr'>βουλόμενος</span> <span class='ocrx_word' id='word_1_194' title='bbox 1487 2484 1578 2536; x_wconf 85' lang='grc' dir='ltr'>τὸν</span> <span class='ocrx_word' id='word_1_195' title='bbox 1609 2484 1934 2538; x_wconf 82' lang='grc' dir='ltr'>λανθάνοντα</span> <span class='ocrx_word' id='word_1_196' title='bbox 1964 2485 2061 2554; x_wconf 89' lang='grc' dir='ltr'>θη-</span> 
     </span>
    </p>
   </div>
   <div class='ocr_carea' id='block_1_26' title="bbox 404 2571 2060 2646">
    <p class='ocr_par' dir='ltr' id='par_1_26' title="bbox 404 2571 2060 2646">
     <span class='ocr_line' id='line_1_26' title="bbox 404 2571 2060 2646; baseline -0.001 -20"><span class='ocrx_word' id='word_1_197' title='bbox 404 2575 604 2646; x_wconf 81' lang='grc' dir='ltr'>σαυρὸν</span> <span class='ocrx_word' id='word_1_198' title='bbox 649 2575 706 2626; x_wconf 91' lang='grc' dir='ltr'>ἐν</span> <span class='ocrx_word' id='word_1_199' title='bbox 740 2575 808 2643; x_wconf 74' lang='grc' dir='ltr'>τῇ</span> <span class='ocrx_word' id='word_1_200' title='bbox 847 2572 1068 2640; x_wconf 87' lang='grc' dir='ltr'>γυναικὶ</span> <span class='ocrx_word' id='word_1_201' title='bbox 1095 2571 1396 2642; x_wconf 89' lang='grc' dir='ltr'>κατάδηλον</span> <span class='ocrx_word' id='word_1_202' title='bbox 1424 2571 1593 2625; x_wconf 73' lang='grc' dir='ltr'>ἅπασι</span> <span class='ocrx_word' id='word_1_203' title='bbox 1620 2573 1864 2642; x_wconf 87' lang='grc' dir='ltr'>ποιῆσαι.</span> <span class='ocrx_word' id='word_1_204' title='bbox 1907 2573 2060 2644; x_wconf 84' lang='grc' dir='ltr'>’ᾘδει</span> 
     </span>
    </p>
   </div>
   <div class='ocr_carea' id='block_1_27' title="bbox 404 2659 2061 2733">
    <p class='ocr_par' dir='ltr' id='par_1_27' title="bbox 404 2659 2061 2733">
     <span class='ocr_line' id='line_1_27' title="bbox 404 2659 2061 2733; baseline 0 -20"><span class='ocrx_word' id='word_1_205' title='bbox 404 2662 508 2733; x_wconf 78' lang='grc' dir='ltr'>γὰρ</span> <span class='ocrx_word' id='word_1_206' title='bbox 560 2660 651 2713; x_wconf 84' lang='grc' dir='ltr'>τὸν</span> <span class='ocrx_word' id='word_1_207' title='bbox 713 2659 1089 2730; x_wconf 85' lang='grc' dir='ltr'>κρυπτόμενον</span> <span class='ocrx_word' id='word_1_208' title='bbox 1137 2659 1521 2730; x_wconf 76' lang='grc' dir='ltr'>μαργαρίτην,</span> <span class='ocrx_word' id='word_1_209' title='bbox 1555 2660 1612 2711; x_wconf 81' lang='grc' dir='ltr'>ὃν</span> <span class='ocrx_word' id='word_1_210' title='bbox 1662 2661 1762 2714; x_wconf 84' lang='grc' dir='ltr'>οὐκ</span> <span class='ocrx_word' id='word_1_211' title='bbox 1814 2660 2061 2713; x_wconf 90' lang='grc' dir='ltr'>ἐϐούλετο</span> 
     </span>
    </p>
   </div>
   <div class='ocr_carea' id='block_1_28' title="bbox 404 2746 2060 2820">
    <p class='ocr_par' dir='ltr' id='par_1_28' title="bbox 404 2746 2060 2820">
     <span class='ocr_line' id='line_1_28' title="bbox 404 2746 2060 2820; baseline -0.001 -18"><span class='ocrx_word' id='word_1_212' title='bbox 404 2750 585 2802; x_wconf 80' lang='grc' dir='ltr'>λαθεῖν</span> <span class='ocrx_word' id='word_1_213' title='bbox 626 2751 770 2820; x_wconf 81' lang='grc' dir='ltr'>ἡμᾶς</span> <span class='ocrx_word' id='word_1_214' title='bbox 797 2763 810 2776; x_wconf 90' lang='grc'><strong>·</strong></span> <span class='ocrx_word' id='word_1_215' title='bbox 863 2747 956 2800; x_wconf 86' lang='grc' dir='ltr'>καὶ</span> <span class='ocrx_word' id='word_1_216' title='bbox 1003 2747 1090 2800; x_wconf 84' lang='grc' dir='ltr'>διὰ</span> <span class='ocrx_word' id='word_1_217' title='bbox 1141 2746 1299 2799; x_wconf 89' lang='grc' dir='ltr'>τοῦτο</span> <span class='ocrx_word' id='word_1_218' title='bbox 1350 2747 1740 2812; x_wconf 87' lang='grc' dir='ltr'>ἀναϐάλλεται,</span> <span class='ocrx_word' id='word_1_219' title='bbox 1801 2749 1892 2800; x_wconf 84' lang='grc' dir='ltr'>καὶ</span> <span class='ocrx_word' id='word_1_220' title='bbox 1940 2748 2060 2800; x_wconf 80' lang='grc' dir='ltr'>ούδέ</span> 
     </span>
    </p>
   </div>
   <div class='ocr_carea' id='block_1_29' title="bbox 404 2834 2062 2909">
    <p class='ocr_par' dir='ltr' id='par_1_29' title="bbox 404 2834 2062 2909">
     <span class='ocr_line' id='line_1_29' title="bbox 404 2834 2062 2909; baseline -0.002 -19"><span class='ocrx_word' id='word_1_221' title='bbox 404 2837 742 2909; x_wconf 70' lang='grc' dir='ltr'>ἀποκρίσεως,</span> <span class='ocrx_word' id='word_1_222' title='bbox 774 2834 934 2901; x_wconf 79' lang='grc' dir='ltr'>ἀξιοῖ,</span> <span class='ocrx_word' id='word_1_223' title='bbox 964 2835 1050 2887; x_wconf 83' lang='grc' dir='ltr'>ἵνα</span> <span class='ocrx_word' id='word_1_224' title='bbox 1085 2836 1118 2905; x_wconf 92' lang='grc' dir='ltr'>ἡ</span> <span class='ocrx_word' id='word_1_225' title='bbox 1153 2835 1321 2905; x_wconf 84' lang='grc' dir='ltr'>πολλὴ</span> <span class='ocrx_word' id='word_1_226' title='bbox 1360 2836 1462 2904; x_wconf 88' lang='grc' dir='ltr'>τῆς</span> <span class='ocrx_word' id='word_1_227' title='bbox 1487 2836 1743 2903; x_wconf 77' lang='grc' dir='ltr'>γυναικὸς</span> <span class='ocrx_word' id='word_1_228' title='bbox 1772 2836 2062 2907; x_wconf 88' lang='grc' dir='ltr'>προσεδρία</span> 
     </span>
    </p>
   </div>
   <div class='ocr_carea' id='block_1_30' title="bbox 403 2921 2061 2993">
    <p class='ocr_par' dir='ltr' id='par_1_30' title="bbox 403 2921 2061 2993">
     <span class='ocr_line' id='line_1_30' title="bbox 403 2921 2061 2993; baseline -0.001 -17"><span class='ocrx_word' id='word_1_229' title='bbox 403 2923 715 2977; x_wconf 79' lang='grc' dir='ltr'>διδασκαλία</span> <span class='ocrx_word' id='word_1_230' title='bbox 751 2925 884 2977; x_wconf 83' lang='grc' dir='ltr'>πᾶσι</span> <span class='ocrx_word' id='word_1_231' title='bbox 911 2923 1134 2992; x_wconf 86' lang='grc' dir='ltr'>γένηται</span> <span class='ocrx_word' id='word_1_232' title='bbox 1170 2926 1283 2986; x_wconf 88' lang='grc' dir='ltr'>τοῖς</span> <span class='ocrx_word' id='word_1_233' title='bbox 1308 2923 1447 2993; x_wconf 83' lang='grc' dir='ltr'>μετὰ</span> <span class='ocrx_word' id='word_1_234' title='bbox 1473 2922 1659 2976; x_wconf 86' lang='grc' dir='ltr'>ταῦτα.</span> <span class='ocrx_word' id='word_1_235' title='bbox 1698 2923 1806 2974; x_wconf 85' lang='grc' dir='ltr'>Καὶ</span> <span class='ocrx_word' id='word_1_236' title='bbox 1836 2924 1937 2992; x_wconf 80' lang='grc' dir='ltr'>ὅρα</span> <span class='ocrx_word' id='word_1_237' title='bbox 1967 2921 2061 2974; x_wconf 85' lang='grc' dir='ltr'>τοῦ</span> 
     </span>
    </p>
   </div>
   <div class='ocr_carea' id='block_1_31' title="bbox 402 3009 2064 3082">
    <p class='ocr_par' dir='ltr' id='par_1_31' title="bbox 402 3009 2064 3082">
     <span class='ocr_line' id='line_1_31' title="bbox 402 3009 2064 3082; baseline -0.002 -18"><span class='ocrx_word' id='word_1_238' title='bbox 402 3011 536 3064; x_wconf 86' lang='grc' dir='ltr'>Θεοῦ</span> <span class='ocrx_word' id='word_1_239' title='bbox 574 3011 673 3079; x_wconf 82' lang='grc' dir='ltr'>τὴν</span> <span class='ocrx_word' id='word_1_240' title='bbox 705 3009 907 3078; x_wconf 86' lang='grc' dir='ltr'>ἄφατον</span> <span class='ocrx_word' id='word_1_241' title='bbox 945 3009 1275 3082; x_wconf 87' lang='grc' dir='ltr'>ἀγαθότητα.</span> <span class='ocrx_word' id='word_1_242' title='bbox 1331 3009 1502 3073; x_wconf 79' lang='grc' dir='ltr'>Αὐτὸς</span> <span class='ocrx_word' id='word_1_243' title='bbox 1553 3011 1688 3080; x_wconf 90' lang='grc' dir='ltr'>μέν,</span> <span class='ocrx_word' id='word_1_244' title='bbox 1725 3011 1889 3081; x_wconf 89' lang='grc' dir='ltr'>φησὶν</span> <span class='ocrx_word' id='word_1_245' title='bbox 1913 3051 1927 3074; x_wconf 94' lang='grc'>,</span> <span class='ocrx_word' id='word_1_246' title='bbox 1965 3010 2064 3062; x_wconf 83' lang='grc' dir='ltr'>οὐκ</span> 
     </span>
    </p>
   </div>
   <div class='ocr_carea' id='block_1_32' title="bbox 405 3090 2064 3168">
    <p class='ocr_par' dir='ltr' id='par_1_32' title="bbox 405 3090 2064 3168">
     <span class='ocr_line' id='line_1_32' title="bbox 405 3090 2064 3168; baseline -0.001 -17"><span class='ocrx_word' id='word_1_247' title='bbox 405 3099 736 3166; x_wconf 88' lang='grc' dir='ltr'>ἀπεκρίνατο</span> <span class='ocrx_word' id='word_1_248' title='bbox 779 3097 916 3167; x_wconf 73' lang='grc' dir='ltr'>αὐτῇ</span> <span class='ocrx_word' id='word_1_249' title='bbox 943 3099 1028 3149; x_wconf 80' lang='grc' dir='ltr'>ὀί</span> <span class='ocrx_word' id='word_1_250' title='bbox 1073 3096 1130 3150; x_wconf 85' lang='grc' dir='ltr'>δὲ</span> <span class='ocrx_word' id='word_1_251' title='bbox 1186 3090 1423 3167; x_wconf 77' lang='grc' dir='ltr'>μαθηταὶ</span> <span class='ocrx_word' id='word_1_252' title='bbox 1474 3097 1912 3168; x_wconf 85' lang='grc' dir='ltr'>συμπαθέστεροι</span> <span class='ocrx_word' id='word_1_253' title='bbox 1971 3097 2064 3150; x_wconf 90' lang='grc' dir='ltr'>καὶ</span> 
     </span>
    </p>
   </div>
   <div class='ocr_carea' id='block_1_33' title="bbox 406 3178 2064 3256">
    <p class='ocr_par' dir='ltr' id='par_1_33' title="bbox 406 3178 2064 3256">
     <span class='ocr_line' id='line_1_33' title="bbox 406 3178 2064 3256; baseline 0.001 -20"><span class='ocrx_word' id='word_1_254' title='bbox 406 3185 908 3256; x_wconf 85' lang='grc' dir='ltr'>φιλανθρωπότεροι</span> <span class='ocrx_word' id='word_1_255' title='bbox 931 3181 1244 3253; x_wconf 80' lang='grc' dir='ltr'>νομίζοντες</span> <span class='ocrx_word' id='word_1_256' title='bbox 1274 3178 1442 3250; x_wconf 79' lang='grc' dir='ltr'>εἶναι,</span> <span class='ocrx_word' id='word_1_257' title='bbox 1475 3185 1533 3237; x_wconf 92' lang='lat'>06</span> <span class='ocrx_word' id='word_1_258' title='bbox 1559 3185 1795 3255; x_wconf 88' lang='grc' dir='ltr'>τολμῶσι</span> <span class='ocrx_word' id='word_1_259' title='bbox 1819 3185 2064 3256; x_wconf 82' lang='grc' dir='ltr'>φανερῶς</span> 
     </span>
    </p>
   </div>
   <div class='ocr_carea' id='block_1_34' title="bbox 406 3270 2063 3342">
    <p class='ocr_par' dir='ltr' id='par_1_34' title="bbox 406 3270 2063 3342">
     <span class='ocr_line' id='line_1_34' title="bbox 406 3270 2063 3342; baseline 0 -18"><span class='ocrx_word' id='word_1_260' title='bbox 406 3273 610 3324; x_wconf 73' lang='grc' dir='ltr'>εἰπεῖν·</span> <span class='ocrx_word' id='word_1_261' title='bbox 647 3270 935 3342; x_wconf 87' lang='grc' dir='ltr'>Παράσχου</span> <span class='ocrx_word' id='word_1_262' title='bbox 974 3271 1111 3340; x_wconf 73' lang='grc' dir='ltr'>αὐτῇ</span> <span class='ocrx_word' id='word_1_263' title='bbox 1165 3270 1262 3340; x_wconf 81' lang='grc' dir='ltr'>τὴν</span> <span class='ocrx_word' id='word_1_264' title='bbox 1309 3270 1525 3342; x_wconf 75' lang='grc' dir='ltr'>αἴτησιν</span> <span class='ocrx_word' id='word_1_265' title='bbox 1548 3309 1564 3333; x_wconf 91' lang='grc'>,</span> <span class='ocrx_word' id='word_1_266' title='bbox 1607 3271 1826 3341; x_wconf 82' lang='grc' dir='ltr'>ἐλέησον</span> <span class='ocrx_word' id='word_1_267' title='bbox 1855 3271 2023 3342; x_wconf 81' lang='grc' dir='ltr'>αὐτὴν</span> <span class='ocrx_word' id='word_1_268' title='bbox 2045 3311 2063 3338; x_wconf 93' lang='grc'>,</span> 
     </span>
    </p>
   </div>
   <div class='ocr_carea' id='block_1_35' title="bbox 407 3355 2061 3427">
    <p class='ocr_par' dir='ltr' id='par_1_35' title="bbox 407 3355 2061 3427">
     <span class='ocr_line' id='line_1_35' title="bbox 407 3355 2061 3427; baseline 0.002 -19"><span class='ocrx_word' id='word_1_269' title='bbox 407 3356 832 3427; x_wconf 87' lang='grc' dir='ltr'>σπλαγχνίσθητι</span> <span class='ocrx_word' id='word_1_270' title='bbox 855 3355 940 3410; x_wconf 85' lang='grc' dir='ltr'>ἐπ’</span> <span class='ocrx_word' id='word_1_271' title='bbox 970 3356 1106 3426; x_wconf 81' lang='grc' dir='ltr'>αὐτῇ</span> <span class='ocrx_word' id='word_1_272' title='bbox 1135 3373 1149 3389; x_wconf 81' lang='grc' dir='ltr'><strong>ο</strong></span> <span class='ocrx_word' id='word_1_273' title='bbox 1180 3357 1315 3410; x_wconf 91' lang='grc' dir='ltr'>ἀλλά</span> <span class='ocrx_word' id='word_1_274' title='bbox 1345 3357 1436 3424; x_wconf 85' lang='grc' dir='ltr'>τί;</span> <span class='ocrx_word' id='word_1_275' title='bbox 1476 3358 1817 3413; x_wconf 86' lang='grc' dir='ltr'>Ἀπόλυσον</span> <span class='ocrx_word' id='word_1_276' title='bbox 1849 3358 2061 3426; x_wconf 81' lang='grc' dir='ltr'>αὐτὴν,</span> 
     </span>
    </p>
   </div>
   <div class='ocr_carea' id='block_1_36' title="bbox 407 3441 2066 3514">
    <p class='ocr_par' dir='ltr' id='par_1_36' title="bbox 407 3441 2066 3514">
     <span class='ocr_line' id='line_1_36' title="bbox 407 3441 2066 3514; baseline 0.001 -17"><span class='ocrx_word' id='word_1_277' title='bbox 407 3444 496 3498; x_wconf 85' lang='grc' dir='ltr'>ὅτι</span> <span class='ocrx_word' id='word_1_278' title='bbox 537 3443 730 3512; x_wconf 68' lang='grc' dir='ltr'>κράζει</span> <span class='ocrx_word' id='word_1_279' title='bbox 764 3444 1015 3498; x_wconf 81' lang='grc' dir='ltr'>ὄπισθεν</span> <span class='ocrx_word' id='word_1_280' title='bbox 1052 3441 1244 3512; x_wconf 79' lang='grc' dir='ltr'>ἡμῶν,</span> <span class='ocrx_word' id='word_1_281' title='bbox 1279 3445 1564 3514; x_wconf 79' lang='grc' dir='ltr'>μονονουχὶ</span> <span class='ocrx_word' id='word_1_282' title='bbox 1593 3444 1840 3512; x_wconf 91' lang='grc' dir='ltr'>λέγοντες</span> <span class='ocrx_word' id='word_1_283' title='bbox 1864 3461 1877 3475; x_wconf 77' lang='grc' dir='ltr'><strong>ο</strong></span> <span class='ocrx_word' id='word_1_284' title='bbox 1915 3445 2066 3498; x_wconf 85' lang='grc' dir='ltr'>ἐλευ-</span> 
     </span>
    </p>
   </div>
   <div class='ocr_carea' id='block_1_37' title="bbox 409 3530 2066 3602">
    <p class='ocr_par' dir='ltr' id='par_1_37' title="bbox 409 3530 2066 3602">
     <span class='ocr_line' id='line_1_37' title="bbox 409 3530 2066 3602; baseline 0.002 -19"><span class='ocrx_word' id='word_1_285' title='bbox 409 3531 648 3602; x_wconf 84' lang='grc' dir='ltr'>θέρωσον</span> <span class='ocrx_word' id='word_1_286' title='bbox 695 3531 844 3601; x_wconf 80' lang='grc' dir='ltr'>ἡμᾶς</span> <span class='ocrx_word' id='word_1_287' title='bbox 889 3530 988 3600; x_wconf 89' lang='grc' dir='ltr'>τῆς</span> <span class='ocrx_word' id='word_1_288' title='bbox 1048 3530 1363 3600; x_wconf 89' lang='grc' dir='ltr'>ἐπαχθείας,</span> <span class='ocrx_word' id='word_1_289' title='bbox 1414 3530 1718 3595; x_wconf 76' lang='grc' dir='ltr'>ἀπάλλαξον</span> <span class='ocrx_word' id='word_1_290' title='bbox 1771 3531 1915 3601; x_wconf 80' lang='grc' dir='ltr'>ἡμᾶς</span> <span class='ocrx_word' id='word_1_291' title='bbox 1966 3530 2066 3601; x_wconf 81' lang='grc' dir='ltr'>τῆς</span> 
     </span>
    </p>
   </div>
   <div class='ocr_carea' id='block_1_38' title="bbox 410 3613 2062 3689">
    <p class='ocr_par' dir='ltr' id='par_1_38' title="bbox 410 3613 2062 3689">
     <span class='ocr_line' id='line_1_38' title="bbox 410 3613 2062 3689; baseline 0.001 -20"><span class='ocrx_word' id='word_1_292' title='bbox 410 3619 659 3689; x_wconf 85' lang='grc' dir='ltr'>κραυγῆς</span> <span class='ocrx_word' id='word_1_293' title='bbox 688 3619 786 3689; x_wconf 90' lang='grc' dir='ltr'>τῆς</span> <span class='ocrx_word' id='word_1_294' title='bbox 809 3617 939 3688; x_wconf 85' lang='grc' dir='ltr'>παρ’</span> <span class='ocrx_word' id='word_1_295' title='bbox 967 3616 1136 3688; x_wconf 80' lang='grc' dir='ltr'>αὐτῆς</span> <span class='ocrx_word' id='word_1_296' title='bbox 1163 3617 1472 3688; x_wconf 83' lang='grc' dir='ltr'>γινομένης.</span> <span class='ocrx_word' id='word_1_297' title='bbox 1504 3617 1570 3670; x_wconf 89' lang='grc' dir='ltr'>Τί</span> <span class='ocrx_word' id='word_1_298' title='bbox 1592 3613 1683 3671; x_wconf 81' lang='grc' dir='ltr'>οὖν</span> <span class='ocrx_word' id='word_1_299' title='bbox 1703 3619 1730 3670; x_wconf 88' lang='grc' dir='ltr'>ὁ</span> <span class='ocrx_word' id='word_1_300' title='bbox 1756 3617 2062 3688; x_wconf 89' lang='grc' dir='ltr'>Δεσπότης;</span> 
     </span>
    </p>
   </div>
   <div class='ocr_carea' id='block_1_39' title="bbox 408 3702 2064 3774">
    <p class='ocr_par' dir='ltr' id='par_1_39' title="bbox 408 3702 2064 3774">
     <span class='ocr_line' id='line_1_39' title="bbox 408 3702 2064 3774; baseline 0 -18"><span class='ocrx_word' id='word_1_301' title='bbox 408 3703 679 3774; x_wconf 71' lang='grc' dir='ltr'>Νομίζετέ</span> <span class='ocrx_word' id='word_1_302' title='bbox 713 3720 802 3774; x_wconf 88' lang='grc' dir='ltr'>με,</span> <span class='ocrx_word' id='word_1_303' title='bbox 832 3703 1021 3774; x_wconf 87' lang='grc' dir='ltr'>φησὶν,</span> <span class='ocrx_word' id='word_1_304' title='bbox 1049 3703 1171 3774; x_wconf 77' lang='grc' dir='ltr'>εἰκῆ</span> <span class='ocrx_word' id='word_1_305' title='bbox 1209 3703 1553 3772; x_wconf 90' lang='grc' dir='ltr'>σεσιγηκέναι</span> <span class='ocrx_word' id='word_1_306' title='bbox 1577 3743 1592 3768; x_wconf 98' lang='grc'>,</span> <span class='ocrx_word' id='word_1_307' title='bbox 1619 3703 1808 3774; x_wconf 83' lang='grc' dir='ltr'>καὶμὴ</span> <span class='ocrx_word' id='word_1_308' title='bbox 1840 3702 2064 3768; x_wconf 81' lang='grc' dir='ltr'>ἀξιῶσαι</span> 
     </span>
    </p>
   </div>
   <div class='ocr_carea' id='block_1_40' title="bbox 408 3789 2064 3864">
    <p class='ocr_par' dir='ltr' id='par_1_40' title="bbox 408 3789 2064 3864">
     <span class='ocr_line' id='line_1_40' title="bbox 408 3789 2064 3864; baseline 0.001 -20"><span class='ocrx_word' id='word_1_309' title='bbox 408 3791 575 3864; x_wconf 80' lang='grc' dir='ltr'>αὐτὴν</span> <span class='ocrx_word' id='word_1_310' title='bbox 596 3791 980 3862; x_wconf 87' lang='grc' dir='ltr'>ἀποκρίσεως;</span> <span class='ocrx_word' id='word_1_311' title='bbox 1033 3790 1282 3843; x_wconf 84' lang='grc' dir='ltr'>Ἀκούετε</span> <span class='ocrx_word' id='word_1_312' title='bbox 1307 3807 1322 3820; x_wconf 79' lang='lat'>&#39;</span> <span class='ocrx_word' id='word_1_313' title='bbox 1353 3793 1475 3845; x_wconf 86' lang='grc' dir='ltr'>Οὐκ</span> <span class='ocrx_word' id='word_1_314' title='bbox 1506 3789 1862 3860; x_wconf 76' lang='grc' dir='ltr'>ἀπεστάλην</span> <span class='ocrx_word' id='word_1_315' title='bbox 1893 3795 1944 3846; x_wconf 89' lang='grc' dir='ltr'>εί</span> <span class='ocrx_word' id='word_1_316' title='bbox 1978 3791 2064 3861; x_wconf 77' lang='grc' dir='ltr'>μὴ</span> 
     </span>
    </p>
   </div>
   <div class='ocr_carea' id='block_1_41' title="bbox 407 3876 2067 3947">
    <p class='ocr_par' dir='ltr' id='par_1_41' title="bbox 407 3876 2067 3947">
     <span class='ocr_line' id='line_1_41' title="bbox 407 3876 2067 3947; baseline 0 -15"><span class='ocrx_word' id='word_1_317' title='bbox 407 3882 493 3945; x_wconf 77' lang='grc' dir='ltr'>είς</span> <span class='ocrx_word' id='word_1_318' title='bbox 522 3879 594 3934; x_wconf 85' lang='grc' dir='ltr'>τὰ</span> <span class='ocrx_word' id='word_1_319' title='bbox 625 3880 888 3947; x_wconf 80' lang='grc' dir='ltr'>πρόϐατα</span> <span class='ocrx_word' id='word_1_320' title='bbox 923 3876 996 3931; x_wconf 83' lang='grc' dir='ltr'>τὰ</span> <span class='ocrx_word' id='word_1_321' title='bbox 1041 3877 1397 3932; x_wconf 80' lang='grc' dir='ltr'>ἀπολωλότα</span> <span class='ocrx_word' id='word_1_322' title='bbox 1429 3879 1598 3933; x_wconf 75' lang='grc' dir='ltr'>οἴκου</span> <span class='ocrx_word' id='word_1_323' title='bbox 1637 3878 1904 3947; x_wconf 84' lang='grc' dir='ltr'>Ἰσραήλ.</span> <span class='ocrx_word' id='word_1_324' title='bbox 1953 3880 2067 3932; x_wconf 80' lang='grc' dir='ltr'>Οὐκ</span> 
     </span>
    </p>
   </div>
   <div class='ocr_carea' id='block_1_42' title="bbox 410 3966 2066 4039">
    <p class='ocr_par' dir='ltr' id='par_1_42' title="bbox 410 3966 2066 4039">
     <span class='ocr_line' id='line_1_42' title="bbox 410 3966 2066 4039; baseline 0.001 -18"><span class='ocrx_word' id='word_1_325' title='bbox 410 3970 522 4021; x_wconf 78' lang='grc' dir='ltr'>ῐστε</span> <span class='ocrx_word' id='word_1_326' title='bbox 549 4007 564 4030; x_wconf 97' lang='grc'>,</span> <span class='ocrx_word' id='word_1_327' title='bbox 595 3968 760 4039; x_wconf 90' lang='grc' dir='ltr'>φησὶν</span> <span class='ocrx_word' id='word_1_328' title='bbox 785 4007 798 4031; x_wconf 95' lang='grc'>,</span> <span class='ocrx_word' id='word_1_329' title='bbox 828 3968 909 4020; x_wconf 82' lang='grc' dir='ltr'>ὃτι</span> <span class='ocrx_word' id='word_1_330' title='bbox 940 3966 1233 4036; x_wconf 84' lang='grc' dir='ltr'>ἀλλόφυλός</span> <span class='ocrx_word' id='word_1_331' title='bbox 1262 3967 1406 4020; x_wconf 92' lang='grc' dir='ltr'>ἐστιν</span> <span class='ocrx_word' id='word_1_332' title='bbox 1429 3970 1462 4038; x_wconf 89' lang='grc' dir='ltr'>ἡ</span> <span class='ocrx_word' id='word_1_333' title='bbox 1497 3969 1631 4036; x_wconf 89' lang='grc' dir='ltr'>γυνή</span> <span class='ocrx_word' id='word_1_334' title='bbox 1660 3986 1674 4035; x_wconf 91' lang='grc'><strong>;</strong></span> <span class='ocrx_word' id='word_1_335' title='bbox 1707 3969 1805 4022; x_wconf 81' lang='grc' dir='ltr'>οὐκ</span> <span class='ocrx_word' id='word_1_336' title='bbox 1838 3970 1950 4022; x_wconf 80' lang='grc' dir='ltr'>ἴστε</span> <span class='ocrx_word' id='word_1_337' title='bbox 1986 3971 2066 4023; x_wconf 74' lang='grc' dir='ltr'>ὅτι</span> 
     </span>
    </p>
   </div>
   <div class='ocr_carea' id='block_1_43' title="bbox 411 4055 2064 4129">
    <p class='ocr_par' dir='ltr' id='par_1_43' title="bbox 411 4055 2064 4129">
     <span class='ocr_line' id='line_1_43' title="bbox 411 4055 2064 4129; baseline 0.001 -21"><span class='ocrx_word' id='word_1_338' title='bbox 411 4057 501 4108; x_wconf 74' lang='grc' dir='ltr'>καὶ</span> <span class='ocrx_word' id='word_1_339' title='bbox 523 4057 651 4125; x_wconf 81' lang='grc' dir='ltr'>ὑμῖν</span> <span class='ocrx_word' id='word_1_340' title='bbox 685 4055 787 4125; x_wconf 86' lang='grc' dir='ltr'>ἡδη</span> <span class='ocrx_word' id='word_1_341' title='bbox 818 4055 1183 4126; x_wconf 88' lang='grc' dir='ltr'>παρηγγύησα</span> <span class='ocrx_word' id='word_1_342' title='bbox 1217 4057 1295 4118; x_wconf 86' lang='grc' dir='ltr'>είς</span> <span class='ocrx_word' id='word_1_343' title='bbox 1328 4055 1446 4109; x_wconf 85' lang='grc' dir='ltr'>ὁδὸν</span> <span class='ocrx_word' id='word_1_344' title='bbox 1478 4056 1644 4109; x_wconf 84' lang='grc' dir='ltr'>ἐθνῶν</span> <span class='ocrx_word' id='word_1_345' title='bbox 1678 4057 1752 4129; x_wconf 79' lang='grc' dir='ltr'>μὴ</span> <span class='ocrx_word' id='word_1_346' title='bbox 1783 4056 2064 4122; x_wconf 72' lang='grc' dir='ltr'>ἀπελθεῖν,</span> 
     </span>
    </p>
   </div>
   <div class='ocr_carea' id='block_1_44' title="bbox 408 4140 2068 4214">
    <p class='ocr_par' dir='ltr' id='par_1_44' title="bbox 408 4140 2068 4214">
     <span class='ocr_line' id='line_1_44' title="bbox 408 4140 2068 4214; baseline 0.003 -20"><span class='ocrx_word' id='word_1_347' title='bbox 408 4143 564 4205; x_wconf 78' lang='grc' dir='ltr'>’[ίνος</span> <span class='ocrx_word' id='word_1_348' title='bbox 609 4140 704 4195; x_wconf 82' lang='grc' dir='ltr'>οῦν</span> <span class='ocrx_word' id='word_1_349' title='bbox 743 4141 926 4195; x_wconf 71' lang='grc' dir='ltr'>ἕνεκεν</span> <span class='ocrx_word' id='word_1_350' title='bbox 969 4141 1141 4204; x_wconf 82' lang='grc' dir='ltr'>οὕτως</span> <span class='ocrx_word' id='word_1_351' title='bbox 1179 4141 1548 4206; x_wconf 80' lang='grc' dir='ltr'>ἀνεξετάστως</span> <span class='ocrx_word' id='word_1_352' title='bbox 1581 4145 1679 4214; x_wconf 87' lang='grc' dir='ltr'>τὴν</span> <span class='ocrx_word' id='word_1_353' title='bbox 1729 4145 2068 4214; x_wconf 82' lang='grc' dir='ltr'>συμπάθειαν</span> 
     </span>
    </p>
   </div>
   <div class='ocr_carea' id='block_1_45' title="bbox 409 4229 2065 4300">
    <p class='ocr_par' dir='ltr' id='par_1_45' title="bbox 409 4229 2065 4300">
     <span class='ocr_line' id='line_1_45' title="bbox 409 4229 2065 4300; baseline 0.002 -18"><span class='ocrx_word' id='word_1_354' title='bbox 409 4230 822 4295; x_wconf 83' lang='grc' dir='ltr'>ἐπιδείκνυσθε;</span> <span class='ocrx_word' id='word_1_355' title='bbox 867 4229 1064 4282; x_wconf 87' lang='grc' dir='ltr'>Σκόπει</span> <span class='ocrx_word' id='word_1_356' title='bbox 1088 4230 1188 4300; x_wconf 83' lang='grc' dir='ltr'>τὴν</span> <span class='ocrx_word' id='word_1_357' title='bbox 1220 4231 1524 4300; x_wconf 81' lang='grc' dir='ltr'>εὐμήχανον</span> <span class='ocrx_word' id='word_1_358' title='bbox 1545 4231 1638 4284; x_wconf 92' lang='grc' dir='ltr'>τοῦ</span> <span class='ocrx_word' id='word_1_359' title='bbox 1673 4231 1806 4284; x_wconf 87' lang='grc' dir='ltr'>Θεοῦ</span> <span class='ocrx_word' id='word_1_360' title='bbox 1843 4234 2065 4300; x_wconf 81' lang='grc' dir='ltr'>σοφίαν,</span> 
     </span>
    </p>
   </div>
   <div class='ocr_carea' id='block_1_46' title="bbox 411 4315 2068 4391">
    <p class='ocr_par' dir='ltr' id='par_1_46' title="bbox 411 4315 2068 4391">
     <span class='ocr_line' id='line_1_46' title="bbox 411 4315 2068 4391; baseline 0.003 -21"><span class='ocrx_word' id='word_1_361' title='bbox 411 4316 528 4380; x_wconf 84' lang='grc' dir='ltr'>πῶς</span> <span class='ocrx_word' id='word_1_362' title='bbox 561 4318 655 4370; x_wconf 91' lang='grc' dir='ltr'>καὶ</span> <span class='ocrx_word' id='word_1_363' title='bbox 687 4317 778 4369; x_wconf 80' lang='grc' dir='ltr'>ὅτε</span> <span class='ocrx_word' id='word_1_364' title='bbox 807 4315 987 4381; x_wconf 73' lang='grc' dir='ltr'>ἔδοξεν</span> <span class='ocrx_word' id='word_1_365' title='bbox 1019 4317 1428 4387; x_wconf 86' lang='grc' dir='ltr'>ἀποκρίνεσθαι,</span> <span class='ocrx_word' id='word_1_366' title='bbox 1463 4319 1560 4389; x_wconf 88' lang='grc' dir='ltr'>τῆς</span> <span class='ocrx_word' id='word_1_367' title='bbox 1588 4319 1745 4389; x_wconf 84' lang='grc' dir='ltr'>σιγῆς</span> <span class='ocrx_word' id='word_1_368' title='bbox 1773 4320 2068 4391; x_wconf 85' lang='grc' dir='ltr'>βαρύτερον</span> 
     </span>
    </p>
   </div>
   <div class='ocr_carea' id='block_1_47' title="bbox 410 4404 2066 4481">
    <p class='ocr_par' dir='ltr' id='par_1_47' title="bbox 410 4404 2066 4481">
     <span class='ocr_line' id='line_1_47' title="bbox 410 4404 2066 4481; baseline 0.003 -23"><span class='ocrx_word' id='word_1_369' title='bbox 410 4405 718 4458; x_wconf 90' lang='grc' dir='ltr'>καθικνείτο</span> <span class='ocrx_word' id='word_1_370' title='bbox 747 4405 845 4473; x_wconf 89' lang='grc' dir='ltr'>τῆς</span> <span class='ocrx_word' id='word_1_371' title='bbox 872 4404 1162 4472; x_wconf 84' lang='grc' dir='ltr'>γυναικὸς,</span> <span class='ocrx_word' id='word_1_372' title='bbox 1202 4406 1297 4457; x_wconf 86' lang='grc' dir='ltr'>καὶ</span> <span class='ocrx_word' id='word_1_373' title='bbox 1341 4407 1619 4476; x_wconf 77' lang='grc' dir='ltr'>μονονουχὶ</span> <span class='ocrx_word' id='word_1_374' title='bbox 1664 4409 1878 4478; x_wconf 86' lang='grc' dir='ltr'>καιρίαν</span> <span class='ocrx_word' id='word_1_375' title='bbox 1931 4412 2066 4481; x_wconf 76' lang='grc' dir='ltr'>αὐτῇ</span> 
     </span>
    </p>
   </div>
   <div class='ocr_carea' id='block_1_48' title="bbox 410 4491 2070 4566">
    <p class='ocr_par' dir='ltr' id='par_1_48' title="bbox 410 4491 2070 4566">
     <span class='ocr_line' id='line_1_48' title="bbox 410 4491 2070 4566; baseline 0.002 -20"><span class='ocrx_word' id='word_1_376' title='bbox 410 4493 607 4546; x_wconf 86' lang='grc' dir='ltr'>δέδωκε</span> <span class='ocrx_word' id='word_1_377' title='bbox 637 4491 733 4562; x_wconf 78' lang='grc' dir='ltr'>τὴν</span> <span class='ocrx_word' id='word_1_378' title='bbox 767 4492 1000 4562; x_wconf 80' lang='grc' dir='ltr'>πληγὴν,</span> <span class='ocrx_word' id='word_1_379' title='bbox 1031 4493 1170 4546; x_wconf 87' lang='grc' dir='ltr'>κατά</span> <span class='ocrx_word' id='word_1_380' title='bbox 1211 4492 1405 4563; x_wconf 83' lang='grc' dir='ltr'>μικρὸν</span> <span class='ocrx_word' id='word_1_381' title='bbox 1445 4494 1613 4564; x_wconf 83' lang='grc' dir='ltr'>αὐτὴν</span> <span class='ocrx_word' id='word_1_382' title='bbox 1651 4494 1912 4565; x_wconf 88' lang='grc' dir='ltr'>διεγεῖραι</span> <span class='ocrx_word' id='word_1_383' title='bbox 1948 4497 2070 4566; x_wconf 87' lang='grc' dir='ltr'>βου-</span> 
     </span>
    </p>
   </div>
   <div class='ocr_carea' id='block_1_49' title="bbox 411 4577 2067 4655">
    <p class='ocr_par' dir='ltr' id='par_1_49' title="bbox 411 4577 2067 4655">
     <span class='ocr_line' id='line_1_49' title="bbox 411 4577 2067 4655; baseline 0.004 -24"><span class='ocrx_word' id='word_1_384' title='bbox 411 4577 633 4649; x_wconf 78' lang='grc' dir='ltr'>λόμενος</span> <span class='ocrx_word' id='word_1_385' title='bbox 658 4619 673 4643; x_wconf 98' lang='grc'>,</span> <span class='ocrx_word' id='word_1_386' title='bbox 739 4579 826 4631; x_wconf 80' lang='grc' dir='ltr'>ἵνα</span> <span class='ocrx_word' id='word_1_387' title='bbox 885 4579 1129 4649; x_wconf 89' lang='grc' dir='ltr'>μάθωσιν</span> <span class='ocrx_word' id='word_1_388' title='bbox 1201 4579 1519 4647; x_wconf 82' lang='grc' dir='ltr'>ἀγνοοῦντες</span> <span class='ocrx_word' id='word_1_389' title='bbox 1567 4581 1617 4632; x_wconf 82' lang='grc' dir='ltr'>οί</span> <span class='ocrx_word' id='word_1_390' title='bbox 1675 4582 1915 4653; x_wconf 86' lang='grc' dir='ltr'>μαθηταὶ</span> <span class='ocrx_word' id='word_1_391' title='bbox 1969 4587 2067 4655; x_wconf 80' lang='grc' dir='ltr'>τὴν</span> 
     </span>
    </p>
   </div>
   <div class='ocr_carea' id='block_1_50' title="bbox 410 4666 2068 4739">
    <p class='ocr_par' dir='ltr' id='par_1_50' title="bbox 410 4666 2068 4739">
     <span class='ocr_line' id='line_1_50' title="bbox 410 4666 2068 4739; baseline 0.002 -18"><span class='ocrx_word' id='word_1_392' title='bbox 410 4666 866 4739; x_wconf 84' lang='grc' dir='ltr'>ἐγκεκρυμμένην</span> <span class='ocrx_word' id='word_1_393' title='bbox 929 4668 987 4720; x_wconf 90' lang='grc' dir='ltr'>ἐν</span> <span class='ocrx_word' id='word_1_394' title='bbox 1063 4668 1198 4739; x_wconf 82' lang='grc' dir='ltr'>αὐτῇ</span> <span class='ocrx_word' id='word_1_395' title='bbox 1261 4669 1465 4723; x_wconf 86' lang='grc' dir='ltr'>πίστιν.</span> <span class='ocrx_word' id='word_1_396' title='bbox 1531 4669 1671 4722; x_wconf 84' lang='grc' dir='ltr'>Ἀλλ’</span> <span class='ocrx_word' id='word_1_397' title='bbox 1723 4671 1844 4724; x_wconf 87' lang='grc' dir='ltr'>ούδέ</span> <span class='ocrx_word' id='word_1_398' title='bbox 1896 4671 2068 4736; x_wconf 82' lang='grc' dir='ltr'>οὕτως</span> 
     </span>
    </p>
   </div>
   <div class='ocr_carea' id='block_1_51' title="bbox 411 4755 2069 4830">
    <p class='ocr_par' dir='ltr' id='par_1_51' title="bbox 411 4755 2069 4830">
     <span class='ocr_line' id='line_1_51' title="bbox 411 4755 2069 4830; baseline 0.002 -21"><span class='ocrx_word' id='word_1_399' title='bbox 411 4758 734 4826; x_wconf 83' lang='grc' dir='ltr'>ἐνάρκησεν,</span> <span class='ocrx_word' id='word_1_400' title='bbox 763 4755 882 4807; x_wconf 70' lang='grc' dir='ltr'>οὐδὲ</span> <span class='ocrx_word' id='word_1_401' title='bbox 906 4755 1238 4827; x_wconf 85' lang='grc' dir='ltr'>ὀκνηροτέρα</span> <span class='ocrx_word' id='word_1_402' title='bbox 1265 4757 1452 4824; x_wconf 90' lang='grc' dir='ltr'>γέγονε</span> <span class='ocrx_word' id='word_1_403' title='bbox 1481 4756 1787 4830; x_wconf 88' lang='grc' dir='ltr'>θεασαμένη</span> <span class='ocrx_word' id='word_1_404' title='bbox 1828 4760 1921 4814; x_wconf 90' lang='grc' dir='ltr'>καὶ</span> <span class='ocrx_word' id='word_1_405' title='bbox 1943 4761 2069 4824; x_wconf 78' lang='grc' dir='ltr'>τοὺς</span> 
     </span>
    </p>
   </div>
   <div class='ocr_carea' id='block_1_52' title="bbox 414 4841 2069 4919">
    <p class='ocr_par' dir='ltr' id='par_1_52' title="bbox 414 4841 2069 4919">
     <span class='ocr_line' id='line_1_52' title="bbox 414 4841 2069 4919; baseline 0.004 -24"><span class='ocrx_word' id='word_1_406' title='bbox 414 4843 662 4913; x_wconf 81' lang='grc' dir='ltr'>μαθητὰς</span> <span class='ocrx_word' id='word_1_407' title='bbox 702 4841 856 4895; x_wconf 79' lang='grc' dir='ltr'>οὐδὲν</span> <span class='ocrx_word' id='word_1_408' title='bbox 897 4841 1060 4896; x_wconf 82' lang='grc' dir='ltr'>πλέον</span> <span class='ocrx_word' id='word_1_409' title='bbox 1105 4843 1427 4908; x_wconf 86' lang='grc' dir='ltr'>ἀνύσαντας,</span> <span class='ocrx_word' id='word_1_410' title='bbox 1475 4847 1569 4898; x_wconf 91' lang='grc' dir='ltr'>καὶ</span> <span class='ocrx_word' id='word_1_411' title='bbox 1613 4848 1714 4900; x_wconf 86' lang='grc' dir='ltr'>ούκ</span> <span class='ocrx_word' id='word_1_412' title='bbox 1763 4843 1886 4900; x_wconf 76' lang='grc' dir='ltr'>εἷπε</span> <span class='ocrx_word' id='word_1_413' title='bbox 1933 4848 2069 4919; x_wconf 82' lang='grc' dir='ltr'>πρὸς</span> 
     </span>
    </p>
   </div>
   <div class='ocr_carea' id='block_1_53' title="bbox 412 4923 2068 5006">
    <p class='ocr_par' dir='ltr' id='par_1_53' title="bbox 412 4923 2068 5006">
     <span class='ocr_line' id='line_1_53' title="bbox 412 4923 2068 5006; baseline 0.004 -24"><span class='ocrx_word' id='word_1_414' title='bbox 412 4930 641 4999; x_wconf 74' lang='grc' dir='ltr'>ἑαυτήν·</span> <span class='ocrx_word' id='word_1_415' title='bbox 675 4929 740 4982; x_wconf 81' lang='grc' dir='ltr'><strong>Εἰ</strong></span> <span class='ocrx_word' id='word_1_416' title='bbox 767 4929 903 5002; x_wconf 81' lang='grc' dir='ltr'>μηδέ</span> <span class='ocrx_word' id='word_1_417' title='bbox 945 4923 1090 4985; x_wconf 78' lang='grc' dir='ltr'>οὗτοι</span> <span class='ocrx_word' id='word_1_418' title='bbox 1138 4929 1363 5002; x_wconf 73' lang='grc' dir='ltr'>ἴσχυσαν</span> <span class='ocrx_word' id='word_1_419' title='bbox 1406 4933 1722 5004; x_wconf 83' lang='grc' dir='ltr'>δυσωπῆσαι</span> <span class='ocrx_word' id='word_1_420' title='bbox 1774 4933 1872 5005; x_wconf 90' lang='grc' dir='ltr'>τὴν</span> <span class='ocrx_word' id='word_1_421' title='bbox 1928 4935 2068 5006; x_wconf 78' lang='grc' dir='ltr'>ὑπὲρ</span> 
     </span>
    </p>
   </div>
   <div class='ocr_carea' id='block_1_54' title="bbox 413 5015 2069 5094">
    <p class='ocr_par' dir='ltr' id='par_1_54' title="bbox 413 5015 2069 5094">
     <span class='ocr_line' id='line_1_54' title="bbox 413 5015 2069 5094; baseline 0.004 -24"><span class='ocrx_word' id='word_1_422' title='bbox 413 5015 546 5086; x_wconf 83' lang='grc' dir='ltr'>ἐμοῦ</span> <span class='ocrx_word' id='word_1_423' title='bbox 579 5015 788 5070; x_wconf 85' lang='grc' dir='ltr'>ἱκεσίαν</span> <span class='ocrx_word' id='word_1_424' title='bbox 816 5018 1194 5088; x_wconf 86' lang='grc' dir='ltr'>ποιησάμενοι,</span> <span class='ocrx_word' id='word_1_425' title='bbox 1221 5019 1365 5084; x_wconf 90' lang='grc' dir='ltr'>τίνος</span> <span class='ocrx_word' id='word_1_426' title='bbox 1395 5020 1584 5076; x_wconf 74' lang='grc' dir='ltr'>ἕνεκεν</span> <span class='ocrx_word' id='word_1_427' title='bbox 1612 5022 1735 5093; x_wconf 88' lang='grc' dir='ltr'>είκῆ</span> <span class='ocrx_word' id='word_1_428' title='bbox 1764 5024 1859 5076; x_wconf 89' lang='grc' dir='ltr'>καὶ</span> <span class='ocrx_word' id='word_1_429' title='bbox 1889 5023 2069 5094; x_wconf 88' lang='grc' dir='ltr'>μάτην</span> 
     </span>
    </p>
   </div>
   <div class='ocr_carea' id='block_1_55' title="bbox 412 5101 2068 5180">
    <p class='ocr_par' dir='ltr' id='par_1_55' title="bbox 412 5101 2068 5180">
     <span class='ocr_line' id='line_1_55' title="bbox 412 5101 2068 5180; baseline 0.006 -27"><span class='ocrx_word' id='word_1_430' title='bbox 412 5102 790 5174; x_wconf 76' lang='grc' dir='ltr'>προσεδρεύως</span> <span class='ocrx_word' id='word_1_431' title='bbox 821 5104 956 5157; x_wconf 88' lang='grc' dir='ltr'>ἀλλά</span> <span class='ocrx_word' id='word_1_432' title='bbox 982 5104 1233 5178; x_wconf 86' lang='grc' dir='ltr'>καθάπερ</span> <span class='ocrx_word' id='word_1_433' title='bbox 1260 5107 1364 5160; x_wconf 82' lang='grc' dir='ltr'>ὑπὸ</span> <span class='ocrx_word' id='word_1_434' title='bbox 1396 5109 1566 5179; x_wconf 85' lang='grc' dir='ltr'>πυρὸς</span> <span class='ocrx_word' id='word_1_435' title='bbox 1598 5101 1902 5180; x_wconf 87' lang='grc' dir='ltr'>φλεγομένη</span> <span class='ocrx_word' id='word_1_436' title='bbox 1927 5151 1942 5176; x_wconf 92' lang='grc'>,</span> <span class='ocrx_word' id='word_1_437' title='bbox 1976 5111 2068 5164; x_wconf 91' lang='grc' dir='ltr'>καὶ</span> 
     </span>
    </p>
   </div>
   <div class='ocr_carea' id='block_1_56' title="bbox 411 5191 2071 5264">
    <p class='ocr_par' dir='ltr' id='par_1_56' title="bbox 411 5191 2071 5264">
     <span class='ocr_line' id='line_1_56' title="bbox 411 5191 2071 5264; baseline 0.004 -20"><span class='ocrx_word' id='word_1_438' title='bbox 411 5191 806 5262; x_wconf 78' lang='grc' dir='ltr'>ἐμπιπραμένη</span> <span class='ocrx_word' id='word_1_439' title='bbox 831 5191 921 5245; x_wconf 82' lang='grc' dir='ltr'>τὸν</span> <span class='ocrx_word' id='word_1_440' title='bbox 951 5191 1229 5264; x_wconf 87' lang='grc' dir='ltr'>λογισμὸν,</span> <span class='ocrx_word' id='word_1_441' title='bbox 1260 5196 1355 5248; x_wconf 81' lang='grc' dir='ltr'>καὶ</span> <span class='ocrx_word' id='word_1_442' title='bbox 1377 5195 1446 5250; x_wconf 90' lang='grc' dir='ltr'>τά</span> <span class='ocrx_word' id='word_1_443' title='bbox 1474 5195 1753 5264; x_wconf 89' lang='grc' dir='ltr'>σπλάγχνα</span> <span class='ocrx_word' id='word_1_444' title='bbox 1782 5196 2071 5251; x_wconf 89' lang='grc' dir='ltr'>διακοπτο-</span> 
     </span>
    </p>
   </div>
   <div class='ocr_carea' id='block_1_57' title="bbox 415 5279 2068 5351">
    <p class='ocr_par' dir='ltr' id='par_1_57' title="bbox 415 5279 2068 5351">
     <span class='ocr_line' id='line_1_57' title="bbox 415 5279 2068 5351; baseline 0.004 -21"><span class='ocrx_word' id='word_1_445' title='bbox 415 5279 585 5348; x_wconf 85' lang='grc' dir='ltr'>μένη,</span> <span class='ocrx_word' id='word_1_446' title='bbox 637 5279 884 5350; x_wconf 83' lang='grc' dir='ltr'>πρόσεισι</span> <span class='ocrx_word' id='word_1_447' title='bbox 940 5281 1315 5350; x_wconf 91' lang='grc' dir='ltr'>προσκυνοῦσα</span> <span class='ocrx_word' id='word_1_448' title='bbox 1367 5283 1462 5335; x_wconf 93' lang='grc' dir='ltr'>καὶ</span> <span class='ocrx_word' id='word_1_449' title='bbox 1514 5281 1788 5350; x_wconf 82' lang='grc' dir='ltr'>λέγουσα,</span> <span class='ocrx_word' id='word_1_450' title='bbox 1851 5285 2026 5351; x_wconf 79' lang='grc' dir='ltr'>Κύριε</span> <span class='ocrx_word' id='word_1_451' title='bbox 2053 5323 2068 5349; x_wconf 95' lang='grc'>,</span> 
     </span>
    </p>
   </div>
   <div class='ocr_carea' id='block_1_58' title="bbox 407 5364 2064 5440">
    <p class='ocr_par' dir='ltr' id='par_1_58' title="bbox 407 5364 2064 5440">
     <span class='ocr_line' id='line_1_58' title="bbox 407 5364 2064 5440; baseline 0.004 -22"><span class='ocrx_word' id='word_1_452' title='bbox 407 5364 618 5432; x_wconf 79' lang='grc' dir='ltr'>,βοήθει</span> <span class='ocrx_word' id='word_1_453' title='bbox 639 5383 762 5434; x_wconf 84' lang='grc' dir='ltr'>μοι.</span> <span class='ocrx_word' id='word_1_454' title='bbox 789 5367 899 5420; x_wconf 85' lang='grc' dir='ltr'>Καὶ</span> <span class='ocrx_word' id='word_1_455' title='bbox 923 5368 1042 5421; x_wconf 84' lang='grc' dir='ltr'>οὐδὲ</span> <span class='ocrx_word' id='word_1_456' title='bbox 1072 5367 1243 5432; x_wconf 76' lang='grc' dir='ltr'>οὕτως</span> <span class='ocrx_word' id='word_1_457' title='bbox 1270 5368 1510 5422; x_wconf 87' lang='grc' dir='ltr'>ἐπινεύει</span> <span class='ocrx_word' id='word_1_458' title='bbox 1549 5373 1612 5440; x_wconf 76' lang='grc' dir='ltr'>τῇ</span> <span class='ocrx_word' id='word_1_459' title='bbox 1645 5371 1868 5439; x_wconf 91' lang='grc' dir='ltr'>γυναικὶ</span> <span class='ocrx_word' id='word_1_460' title='bbox 1895 5411 1910 5436; x_wconf 91' lang='grc'>,</span> <span class='ocrx_word' id='word_1_461' title='bbox 1947 5373 2064 5424; x_wconf 87' lang='grc' dir='ltr'>ἀλλ’</span> 
     </span>
    </p>
   </div>
   <div class='ocr_carea' id='block_1_59' title="bbox 413 5454 2066 5528">
    <p class='ocr_par' dir='ltr' id='par_1_59' title="bbox 413 5454 2066 5528">
     <span class='ocr_line' id='line_1_59' title="bbox 413 5454 2066 5528; baseline 0.004 -22"><span class='ocrx_word' id='word_1_462' title='bbox 413 5454 701 5525; x_wconf 82' lang='grc' dir='ltr'>ἀπόκρισιν</span> <span class='ocrx_word' id='word_1_463' title='bbox 726 5457 957 5508; x_wconf 90' lang='grc' dir='ltr'>ποιεῖται</span> <span class='ocrx_word' id='word_1_464' title='bbox 982 5457 1080 5526; x_wconf 93' lang='grc' dir='ltr'>τῆς</span> <span class='ocrx_word' id='word_1_465' title='bbox 1110 5456 1380 5528; x_wconf 90' lang='grc' dir='ltr'>προτέρας</span> <span class='ocrx_word' id='word_1_466' title='bbox 1411 5456 1739 5528; x_wconf 85' lang='grc' dir='ltr'>βαρυτέραν.</span> <span class='ocrx_word' id='word_1_467' title='bbox 1765 5460 1888 5512; x_wconf 82' lang='grc' dir='ltr'>Οὐκ</span> <span class='ocrx_word' id='word_1_468' title='bbox 1911 5458 2066 5522; x_wconf 79' lang='grc' dir='ltr'>ἐστι,</span> 
     </span>
    </p>
   </div>
   <div class='ocr_carea' id='block_1_60' title="bbox 414 5544 2074 5617">
    <p class='ocr_par' dir='ltr' id='par_1_60' title="bbox 414 5544 2074 5617">
     <span class='ocr_line' id='line_1_60' title="bbox 414 5544 2074 5617; baseline 0.005 -22"><span class='ocrx_word' id='word_1_469' title='bbox 414 5544 584 5614; x_wconf 83' lang='grc' dir='ltr'>φησὶ,</span> <span class='ocrx_word' id='word_1_470' title='bbox 643 5546 838 5601; x_wconf 82' lang='grc' dir='ltr'>καλὸν</span> <span class='ocrx_word' id='word_1_471' title='bbox 879 5548 1089 5602; x_wconf 86' lang='grc' dir='ltr'>λαϐεῖν</span> <span class='ocrx_word' id='word_1_472' title='bbox 1143 5548 1248 5602; x_wconf 83' lang='grc' dir='ltr'>τὸν</span> <span class='ocrx_word' id='word_1_473' title='bbox 1286 5547 1468 5617; x_wconf 80' lang='grc' dir='ltr'>ἄρτον</span> <span class='ocrx_word' id='word_1_474' title='bbox 1506 5547 1626 5602; x_wconf 82' lang='grc' dir='ltr'>τῶν</span> <span class='ocrx_word' id='word_1_475' title='bbox 1664 5547 1892 5603; x_wconf 82' lang='grc' dir='ltr'>τέκνων</span> <span class='ocrx_word' id='word_1_476' title='bbox 1913 5587 1931 5614; x_wconf 92' lang='grc'>,</span> <span class='ocrx_word' id='word_1_477' title='bbox 1972 5549 2074 5603; x_wconf 80' lang='grc' dir='ltr'>καὶ</span> 
     </span>
    </p>
   </div>
   <div class='ocr_carea' id='block_1_61' title="bbox 409 5643 2071 5720">
    <p class='ocr_par' dir='ltr' id='par_1_61' title="bbox 409 5643 2071 5720">
     <span class='ocr_line' id='line_1_61' title="bbox 409 5643 2071 5720; baseline 0.004 -23"><span class='ocrx_word' id='word_1_478' title='bbox 409 5643 630 5711; x_wconf 79' lang='grc' dir='ltr'>βαλεῖν</span> <span class='ocrx_word' id='word_1_479' title='bbox 649 5645 770 5712; x_wconf 85' lang='grc' dir='ltr'>τοῖς</span> <span class='ocrx_word' id='word_1_480' title='bbox 799 5650 1124 5717; x_wconf 78' lang='grc' dir='ltr'>κυναρίοις.</span> <span class='ocrx_word' id='word_1_481' title='bbox 1170 5649 1472 5720; x_wconf 88' lang='grc' dir='ltr'>Ἐννόησον,</span> <span class='ocrx_word' id='word_1_482' title='bbox 1505 5649 1756 5720; x_wconf 88' lang='grc' dir='ltr'>ἀγαπητέ</span> <span class='ocrx_word' id='word_1_483' title='bbox 1775 5689 1789 5712; x_wconf 95' lang='grc'>,</span> <span class='ocrx_word' id='word_1_484' title='bbox 1816 5651 1910 5702; x_wconf 86' lang='grc' dir='ltr'>καὶ</span> <span class='ocrx_word' id='word_1_485' title='bbox 1937 5649 2071 5704; x_wconf 83' lang='grc' dir='ltr'>θαύ-</span> 
     </span>
    </p>
   </div>
   <div class='ocr_carea' id='block_1_62' title="bbox 417 5744 2070 5817">
    <p class='ocr_par' dir='ltr' id='par_1_62' title="bbox 417 5744 2070 5817">
     <span class='ocr_line' id='line_1_62' title="bbox 417 5744 2070 5817; baseline 0.003 -22"><span class='ocrx_word' id='word_1_486' title='bbox 417 5759 589 5812; x_wconf 82' lang='grc' dir='ltr'>μασον</span> <span class='ocrx_word' id='word_1_487' title='bbox 635 5744 864 5798; x_wconf 88' lang='grc' dir='ltr'>ἐνταῦθα</span> <span class='ocrx_word' id='word_1_488' title='bbox 911 5746 1012 5817; x_wconf 87' lang='grc' dir='ltr'>τῆς</span> <span class='ocrx_word' id='word_1_489' title='bbox 1059 5746 1234 5817; x_wconf 73' lang='grc' dir='ltr'>ψυχῆς</span> <span class='ocrx_word' id='word_1_490' title='bbox 1284 5747 1456 5817; x_wconf 82' lang='grc' dir='ltr'>αὐτῆς</span> <span class='ocrx_word' id='word_1_491' title='bbox 1500 5746 1592 5799; x_wconf 84' lang='grc' dir='ltr'>τὸν</span> <span class='ocrx_word' id='word_1_492' title='bbox 1639 5746 1800 5799; x_wconf 87' lang='grc' dir='ltr'>πόθον</span> <span class='ocrx_word' id='word_1_493' title='bbox 1842 5748 1940 5800; x_wconf 91' lang='grc' dir='ltr'>καὶ</span> <span class='ocrx_word' id='word_1_494' title='bbox 1971 5747 2070 5817; x_wconf 78' lang='grc' dir='ltr'>τὴν</span> 
     </span>
    </p>
   </div>
   <div class='ocr_carea' id='block_1_63' title="bbox 415 5841 2068 5918">
    <p class='ocr_par' dir='ltr' id='par_1_63' title="bbox 415 5841 2068 5918">
     <span class='ocr_line' id='line_1_63' title="bbox 415 5841 2068 5918; baseline 0.002 -23"><span class='ocrx_word' id='word_1_495' title='bbox 415 5842 596 5896; x_wconf 84' lang='grc' dir='ltr'>πίστιν</span> <span class='ocrx_word' id='word_1_496' title='bbox 622 5841 720 5914; x_wconf 84' lang='grc' dir='ltr'>τὴν</span> <span class='ocrx_word' id='word_1_497' title='bbox 749 5845 1190 5918; x_wconf 79' lang='grc' dir='ltr'>ὑπερϐάλλουσαν</span> <span class='ocrx_word' id='word_1_498' title='bbox 1217 5864 1230 5877; x_wconf 75' lang='grc' dir='ltr'><strong>ο</strong></span> <span class='ocrx_word' id='word_1_499' title='bbox 1265 5847 1346 5901; x_wconf 86' lang='grc' dir='ltr'>ὅτι</span> <span class='ocrx_word' id='word_1_500' title='bbox 1385 5846 1640 5917; x_wconf 91' lang='grc' dir='ltr'>κυνάριον</span> <span class='ocrx_word' id='word_1_501' title='bbox 1664 5845 1943 5900; x_wconf 89' lang='grc' dir='ltr'>ἀκούσασα</span> <span class='ocrx_word' id='word_1_502' title='bbox 1968 5847 2068 5899; x_wconf 85' lang='grc' dir='ltr'>οὐκ</span> 
     </span>
    </p>
   </div>
   <div class='ocr_carea' id='block_1_64' title="bbox 416 5937 2063 6016">
    <p class='ocr_par' dir='ltr' id='par_1_64' title="bbox 416 5937 2063 6016">
     <span class='ocr_line' id='line_1_64' title="bbox 416 5937 2063 6016; baseline 0.001 -22"><span class='ocrx_word' id='word_1_503' title='bbox 416 5937 770 6013; x_wconf 78' lang='grc' dir='ltr'>ἐδυσχέρανεν</span> <span class='ocrx_word' id='word_1_504' title='bbox 795 5980 812 6010; x_wconf 87' lang='grc'>,</span> <span class='ocrx_word' id='word_1_505' title='bbox 863 5944 965 6015; x_wconf 83' lang='grc' dir='ltr'>οὐκ</span> <span class='ocrx_word' id='word_1_506' title='bbox 1013 5944 1357 6012; x_wconf 86' lang='grc' dir='ltr'>ἀπεπήδησεν</span> <span class='ocrx_word' id='word_1_507' title='bbox 1387 5985 1404 6014; x_wconf 92' lang='grc'>,</span> <span class='ocrx_word' id='word_1_508' title='bbox 1465 5944 1599 6000; x_wconf 87' lang='grc' dir='ltr'>ἀλλά</span> <span class='ocrx_word' id='word_1_509' title='bbox 1661 5942 1798 6016; x_wconf 86' lang='grc' dir='ltr'>μετά</span> <span class='ocrx_word' id='word_1_510' title='bbox 1862 5942 2063 6014; x_wconf 87' lang='grc' dir='ltr'>πολλῆς</span> 
     </span>
    </p>
   </div>
   <div class='ocr_carea' id='block_1_65' title="bbox 1199 345 3050 418">
    <p class='ocr_par' dir='ltr' id='par_1_65' title="bbox 1199 345 3050 418">
     <span class='ocr_line' id='line_1_65' title="bbox 1199 345 3050 418; baseline -0.01 0"><span class='ocrx_word' id='word_1_511' title='bbox 1199 361 1256 418; x_wconf 89' lang='lat' dir='ltr'>S.</span> <span class='ocrx_word' id='word_1_512' title='bbox 1293 359 1576 418; x_wconf 81' lang='lat' dir='ltr'>JOANNIS</span> <span class='ocrx_word' id='word_1_513' title='bbox 1605 353 2097 414; x_wconf 82' lang='lat' dir='ltr'>CHRYSOSTOMI</span> <span class='ocrx_word' id='word_1_514' title='bbox 2135 351 2454 411; x_wconf 79' lang='lat' dir='ltr'>ARCHIEP.</span> <span class='ocrx_word' id='word_1_515' title='bbox 2503 345 3050 408; x_wconf 79' lang='lat' dir='ltr'>CONSTANTINOP.</span> 
     </span>
    </p>
   </div>
   <div class='ocr_carea' id='block_1_66' title="bbox 3708 346 3827 402">
    <p class='ocr_par' dir='ltr' id='par_1_66' title="bbox 3708 346 3827 402">
     <span class='ocr_line' id='line_1_66' title="bbox 3708 346 3827 402; baseline 0.017 -2"><span class='ocrx_word' id='word_1_516' title='bbox 3708 346 3827 402; x_wconf 79' lang='grc' dir='ltr'>ΗΟ</span> 
     </span>
    </p>
   </div>
   <div class='ocr_carea' id='block_1_67' title="bbox 2158 462 3829 540">
    <p class='ocr_par' dir='ltr' id='par_1_67' title="bbox 2158 462 3829 540">
     <span class='ocr_line' id='line_1_67' title="bbox 2158 462 3829 540; baseline -0.005 -17"><span class='ocrx_word' id='word_1_517' title='bbox 2158 469 2614 540; x_wconf 77' lang='grc' dir='ltr'>εὐγνωμοσύνηςι</span> <span class='ocrx_word' id='word_1_518' title='bbox 2645 466 2809 537; x_wconf 81' lang='grc' dir='ltr'>φησί’</span> <span class='ocrx_word' id='word_1_519' title='bbox 2827 462 3182 530; x_wconf 76' lang='grc' dir='ltr'>Ναὶ,Κύριε·</span> <span class='ocrx_word' id='word_1_520' title='bbox 3210 462 3306 516; x_wconf 80' lang='grc' dir='ltr'>καὶ</span> <span class='ocrx_word' id='word_1_521' title='bbox 3339 464 3449 540; x_wconf 70' lang='grc' dir='ltr'>γάρ</span> <span class='ocrx_word' id='word_1_522' title='bbox 3471 462 3540 516; x_wconf 87' lang='grc' dir='ltr'>τὰ</span> <span class='ocrx_word' id='word_1_523' title='bbox 3561 464 3829 530; x_wconf 76' lang='grc' dir='ltr'>κυνάρια</span> 
     </span>
    </p>
   </div>
   <div class='ocr_carea' id='block_1_68' title="bbox 2153 538 3828 615">
    <p class='ocr_par' dir='ltr' id='par_1_68' title="bbox 2153 538 3828 615">
     <span class='ocr_line' id='line_1_68' title="bbox 2153 538 3828 615; baseline -0.006 -12"><span class='ocrx_word' id='word_1_524' title='bbox 2153 538 2473 603; x_wconf 33' lang='grc' dir='ltr'>ἐσθίει-ἀπὸ</span> <span class='ocrx_word' id='word_1_525' title='bbox 2494 546 2614 600; x_wconf 86' lang='grc' dir='ltr'>τῶν</span> <span class='ocrx_word' id='word_1_526' title='bbox 2631 545 2853 615; x_wconf 66' lang='grc' dir='ltr'>Ψιχίων</span> <span class='ocrx_word' id='word_1_527' title='bbox 2871 542 2979 610; x_wconf 81' lang='grc' dir='ltr'>τῆς</span> <span class='ocrx_word' id='word_1_528' title='bbox 3004 540 3293 610; x_wconf 79' lang='grc' dir='ltr'>τραπέζης</span> <span class='ocrx_word' id='word_1_529' title='bbox 3323 538 3439 594; x_wconf 88' lang='grc' dir='ltr'>τῶν</span> <span class='ocrx_word' id='word_1_530' title='bbox 3466 540 3683 609; x_wconf 83' lang='grc' dir='ltr'>κυρίων</span> <span class='ocrx_word' id='word_1_531' title='bbox 3710 542 3828 595; x_wconf 84' lang='grc' dir='ltr'>αὺ-</span> 
     </span>
    </p>
   </div>
   <div class='ocr_carea' id='block_1_69' title="bbox 2155 615 3829 697">
    <p class='ocr_par' dir='ltr' id='par_1_69' title="bbox 2155 615 3829 697">
     <span class='ocr_line' id='line_1_69' title="bbox 2155 615 3829 697; baseline -0.005 -16"><span class='ocrx_word' id='word_1_532' title='bbox 2155 626 2590 697; x_wconf 79' lang='grc' dir='ltr'>τῶν.⁹ομολογῶ</span> <span class='ocrx_word' id='word_1_533' title='bbox 2609 667 2624 690; x_wconf 94' lang='grc'>,</span> <span class='ocrx_word' id='word_1_534' title='bbox 2660 624 2814 695; x_wconf 88' lang='grc' dir='ltr'>φησὶ,</span> <span class='ocrx_word' id='word_1_535' title='bbox 2847 621 3106 692; x_wconf 87' lang='grc' dir='ltr'>κυνάριον</span> <span class='ocrx_word' id='word_1_536' title='bbox 3129 615 3298 674; x_wconf 79' lang='grc' dir='ltr'>εῖναιο</span> <span class='ocrx_word' id='word_1_537' title='bbox 3341 619 3696 697; x_wconf 16' lang='grc' dir='ltr'>ὼςᾲκυνάριον</span> <span class='ocrx_word' id='word_1_538' title='bbox 3721 615 3829 673; x_wconf 78' lang='grc' dir='ltr'>οὖν</span> 
     </span>
    </p>
   </div>
   <div class='ocr_carea' id='block_1_70' title="bbox 2159 695 3831 776">
    <p class='ocr_par' dir='ltr' id='par_1_70' title="bbox 2159 695 3831 776">
     <span class='ocr_line' id='line_1_70' title="bbox 2159 695 3831 776; baseline -0.005 -16"><span class='ocrx_word' id='word_1_539' title='bbox 2159 725 2224 776; x_wconf 91' lang='grc' dir='ltr'>με</span> <span class='ocrx_word' id='word_1_540' title='bbox 2267 695 2495 773; x_wconf 79' lang='grc' dir='ltr'>ἀξίωσον</span> <span class='ocrx_word' id='word_1_541' title='bbox 2541 703 2650 758; x_wconf 91' lang='grc' dir='ltr'>τῶν</span> <span class='ocrx_word' id='word_1_542' title='bbox 2695 702 2892 772; x_wconf 77' lang='grc' dir='ltr'>ψιχίων</span> <span class='ocrx_word' id='word_1_543' title='bbox 2924 701 3023 770; x_wconf 88' lang='grc' dir='ltr'>τῆς</span> <span class='ocrx_word' id='word_1_544' title='bbox 3055 698 3352 770; x_wconf 82' lang='grc' dir='ltr'>τραπέζης.</span> <span class='ocrx_word' id='word_1_545' title='bbox 3385 695 3536 763; x_wconf 83' lang='grc' dir='ltr'>Εἶδες</span> <span class='ocrx_word' id='word_1_546' title='bbox 3563 700 3831 768; x_wconf 80' lang='grc' dir='ltr'>γυναικὸς</span> 
     </span>
    </p>
   </div>
   <div class='ocr_carea' id='block_1_71' title="bbox 2156 779 3827 854">
    <p class='ocr_par' dir='ltr' id='par_1_71' title="bbox 2156 779 3827 854">
     <span class='ocr_line' id='line_1_71' title="bbox 2156 779 3827 854; baseline -0.003 -16"><span class='ocrx_word' id='word_1_547' title='bbox 2156 787 2337 839; x_wconf 88' lang='grc' dir='ltr'>πίστιν</span> <span class='ocrx_word' id='word_1_548' title='bbox 2379 787 2473 839; x_wconf 90' lang='grc' dir='ltr'>καὶ</span> <span class='ocrx_word' id='word_1_549' title='bbox 2518 782 2966 854; x_wconf 87' lang='grc' dir='ltr'>εύγνωμοσύνην;</span> <span class='ocrx_word' id='word_1_550' title='bbox 3010 779 3346 846; x_wconf 82' lang='grc' dir='ltr'>Κατεδέξατο</span> <span class='ocrx_word' id='word_1_551' title='bbox 3387 780 3448 833; x_wconf 81' lang='grc' dir='ltr'>τὸ</span> <span class='ocrx_word' id='word_1_552' title='bbox 3492 779 3827 851; x_wconf 76' lang='grc' dir='ltr'>εἰρημένον,</span> 
     </span>
    </p>
   </div>
   <div class='ocr_carea' id='block_1_72' title="bbox 2155 860 3830 939">
    <p class='ocr_par' dir='ltr' id='par_1_72' title="bbox 2155 860 3830 939">
     <span class='ocr_line' id='line_1_72' title="bbox 2155 860 3830 939; baseline -0.005 -20"><span class='ocrx_word' id='word_1_553' title='bbox 2155 867 2249 919; x_wconf 89' lang='grc' dir='ltr'>καὶ</span> <span class='ocrx_word' id='word_1_554' title='bbox 2284 866 2625 937; x_wconf 82' lang='grc' dir='ltr'>παραχρῆμα</span> <span class='ocrx_word' id='word_1_555' title='bbox 2674 863 2904 933; x_wconf 87' lang='grc' dir='ltr'>ἐπέτυχε</span> <span class='ocrx_word' id='word_1_556' title='bbox 2951 860 3046 939; x_wconf 79' lang='grc' dir='ltr'>τοῦ</span> <span class='ocrx_word' id='word_1_557' title='bbox 3097 860 3553 930; x_wconf 78' lang='grc' dir='ltr'>σπουδαζομένου,</span> <span class='ocrx_word' id='word_1_558' title='bbox 3591 862 3682 914; x_wconf 80' lang='grc' dir='ltr'>καὶ</span> <span class='ocrx_word' id='word_1_559' title='bbox 3720 862 3830 912; x_wconf 86' lang='grc' dir='ltr'>ἐπ-</span> 
     </span>
    </p>
   </div>
   <div class='ocr_carea' id='block_1_73' title="bbox 2157 941 3830 1014">
    <p class='ocr_par' dir='ltr' id='par_1_73' title="bbox 2157 941 3830 1014">
     <span class='ocr_line' id='line_1_73' title="bbox 2157 941 3830 1014; baseline -0.002 -16"><span class='ocrx_word' id='word_1_560' title='bbox 2157 947 2313 1014; x_wconf 91' lang='grc' dir='ltr'>έτυχε</span> <span class='ocrx_word' id='word_1_561' title='bbox 2346 947 2482 1014; x_wconf 86' lang='grc' dir='ltr'>μετά</span> <span class='ocrx_word' id='word_1_562' title='bbox 2513 944 2724 997; x_wconf 89' lang='grc' dir='ltr'>πολλῶν</span> <span class='ocrx_word' id='word_1_563' title='bbox 2749 943 2859 996; x_wconf 90' lang='grc' dir='ltr'>τῶν</span> <span class='ocrx_word' id='word_1_564' title='bbox 2885 942 3194 1013; x_wconf 90' lang='grc' dir='ltr'>ἐγκωμίων.</span> <span class='ocrx_word' id='word_1_565' title='bbox 3229 941 3294 994; x_wconf 93' lang='grc' dir='ltr'>Τί</span> <span class='ocrx_word' id='word_1_566' title='bbox 3324 942 3432 1013; x_wconf 89' lang='grc' dir='ltr'>γάρ</span> <span class='ocrx_word' id='word_1_567' title='bbox 3458 943 3664 1011; x_wconf 90' lang='grc' dir='ltr'>φησινὸ</span> <span class='ocrx_word' id='word_1_568' title='bbox 3683 943 3830 1012; x_wconf 82' lang='grc' dir='ltr'>Χρι-</span> 
     </span>
    </p>
   </div>
   <div class='ocr_carea' id='block_1_74' title="bbox 2158 1019 3829 1092">
    <p class='ocr_par' dir='ltr' id='par_1_74' title="bbox 2158 1019 3829 1092">
     <span class='ocr_line' id='line_1_74' title="bbox 2158 1019 3829 1092; baseline -0.004 -14"><span class='ocrx_word' id='word_1_569' title='bbox 2158 1026 2279 1088; x_wconf 92' lang='grc' dir='ltr'>στός</span> <span class='ocrx_word' id='word_1_570' title='bbox 2296 1044 2308 1086; x_wconf 81' lang='grc' dir='ltr'>ς</span> <span class='ocrx_word' id='word_1_571' title='bbox 2327 1020 2401 1076; x_wconf 87' lang='grc' dir='ltr'><strong><em>Ὦ</em></strong></span> <span class='ocrx_word' id='word_1_572' title='bbox 2430 1024 2624 1092; x_wconf 78' lang='grc' dir='ltr'>γύναι,</span> <span class='ocrx_word' id='word_1_573' title='bbox 2650 1022 2880 1091; x_wconf 75' lang='grc' dir='ltr'>μεγάλη</span> <span class='ocrx_word' id='word_1_574' title='bbox 2907 1035 3023 1075; x_wconf 93' lang='grc' dir='ltr'>σου</span> <span class='ocrx_word' id='word_1_575' title='bbox 3051 1021 3089 1088; x_wconf 73' lang='grc' dir='ltr'>ἡ</span> <span class='ocrx_word' id='word_1_576' title='bbox 3118 1021 3319 1085; x_wconf 81' lang='grc' dir='ltr'>πίστις</span> <span class='ocrx_word' id='word_1_577' title='bbox 3339 1037 3356 1050; x_wconf 86' lang='grc'><strong>·</strong></span> <span class='ocrx_word' id='word_1_578' title='bbox 3391 1019 3691 1089; x_wconf 76' lang='grc' dir='ltr'>γενηθήτω</span> <span class='ocrx_word' id='word_1_579' title='bbox 3717 1033 3829 1072; x_wconf 81' lang='grc' dir='ltr'>σοι</span> 
     </span>
    </p>
   </div>
   <div class='ocr_carea' id='block_1_75' title="bbox 2157 1097 3827 1171">
    <p class='ocr_par' dir='ltr' id='par_1_75' title="bbox 2157 1097 3827 1171">
     <span class='ocr_line' id='line_1_75' title="bbox 2157 1097 3827 1171; baseline -0.003 -15"><span class='ocrx_word' id='word_1_580' title='bbox 2157 1104 2236 1168; x_wconf 92' lang='grc' dir='ltr'>ὠς</span> <span class='ocrx_word' id='word_1_581' title='bbox 2275 1100 2583 1167; x_wconf 68' lang='grc' dir='ltr'>θέ.ίεις.”Ω</span> <span class='ocrx_word' id='word_1_582' title='bbox 2634 1102 2843 1171; x_wconf 77' lang='grc' dir='ltr'>γύναι’</span> <span class='ocrx_word' id='word_1_583' title='bbox 2897 1097 3220 1168; x_wconf 88' lang='grc' dir='ltr'>θαυμασμοῦ</span> <span class='ocrx_word' id='word_1_584' title='bbox 3266 1097 3328 1151; x_wconf 79' lang='grc' dir='ltr'>τὸ</span> <span class='ocrx_word' id='word_1_585' title='bbox 3377 1099 3546 1168; x_wconf 76' lang='grc' dir='ltr'>ῥῆμα,</span> <span class='ocrx_word' id='word_1_586' title='bbox 3594 1097 3827 1151; x_wconf 83' lang='grc' dir='ltr'>ἐπαίνου</span> 
     </span>
    </p>
   </div>
   <div class='ocr_carea' id='block_1_76' title="bbox 2158 1176 3829 1250">
    <p class='ocr_par' dir='ltr' id='par_1_76' title="bbox 2158 1176 3829 1250">
     <span class='ocr_line' id='line_1_76' title="bbox 2158 1176 3829 1250; baseline -0.004 -16"><span class='ocrx_word' id='word_1_587' title='bbox 2158 1180 2352 1234; x_wconf 90' lang='grc' dir='ltr'>πολλοῦ</span> <span class='ocrx_word' id='word_1_588' title='bbox 2379 1180 2544 1250; x_wconf 89' lang='grc' dir='ltr'>γέμον</span> <span class='ocrx_word' id='word_1_589' title='bbox 2596 1179 2655 1232; x_wconf 83' lang='grc' dir='ltr'>τὸ</span> <span class='ocrx_word' id='word_1_590' title='bbox 2703 1177 3012 1247; x_wconf 84' lang='grc' dir='ltr'>εἰρημένον.</span> <span class='ocrx_word' id='word_1_591' title='bbox 3043 1176 3319 1247; x_wconf 85' lang='grc' dir='ltr'>Μεγάλην,</span> <span class='ocrx_word' id='word_1_592' title='bbox 3345 1177 3526 1245; x_wconf 87' lang='grc' dir='ltr'>φησὶν,</span> <span class='ocrx_word' id='word_1_593' title='bbox 3559 1176 3829 1241; x_wconf 80' lang='grc' dir='ltr'>ἐπεδείξω</span> 
     </span>
    </p>
   </div>
   <div class='ocr_carea' id='block_1_77' title="bbox 2156 1255 3822 1330">
    <p class='ocr_par' dir='ltr' id='par_1_77' title="bbox 2156 1255 3822 1330">
     <span class='ocr_line' id='line_1_77' title="bbox 2156 1255 3822 1330; baseline -0.001 -17"><span class='ocrx_word' id='word_1_594' title='bbox 2156 1262 2256 1330; x_wconf 79' lang='grc' dir='ltr'>τὴν</span> <span class='ocrx_word' id='word_1_595' title='bbox 2294 1261 2475 1316; x_wconf 91' lang='grc' dir='ltr'>πίστιν</span> <span class='ocrx_word' id='word_1_596' title='bbox 2495 1274 2510 1290; x_wconf 85' lang='grc'>⁶</span> <span class='ocrx_word' id='word_1_597' title='bbox 2545 1259 2631 1313; x_wconf 81' lang='grc' dir='ltr'>διὰ</span> <span class='ocrx_word' id='word_1_598' title='bbox 2655 1258 2812 1310; x_wconf 90' lang='grc' dir='ltr'>τοῦτο</span> <span class='ocrx_word' id='word_1_599' title='bbox 2838 1256 3070 1311; x_wconf 87' lang='grc' dir='ltr'>τοσαῦτά</span> <span class='ocrx_word' id='word_1_600' title='bbox 3107 1275 3188 1310; x_wconf 90' lang='grc' dir='ltr'>σοι</span> <span class='ocrx_word' id='word_1_601' title='bbox 3219 1257 3465 1326; x_wconf 80' lang='grc' dir='ltr'>ὑπάρξει,</span> <span class='ocrx_word' id='word_1_602' title='bbox 3491 1257 3589 1308; x_wconf 84' lang='grc' dir='ltr'>ὅσα</span> <span class='ocrx_word' id='word_1_603' title='bbox 3617 1255 3822 1319; x_wconf 86' lang='grc' dir='ltr'>θέλεις.</span> 
     </span>
    </p>
   </div>
   <div class='ocr_carea' id='block_1_78' title="bbox 2159 1334 3822 1411">
    <p class='ocr_par' dir='ltr' id='par_1_78' title="bbox 2159 1334 3822 1411">
     <span class='ocr_line' id='line_1_78' title="bbox 2159 1334 3822 1411; baseline -0.004 -18"><span class='ocrx_word' id='word_1_604' title='bbox 2159 1341 2302 1411; x_wconf 86' lang='grc' dir='ltr'>Ὅρα</span> <span class='ocrx_word' id='word_1_605' title='bbox 2329 1337 2638 1408; x_wconf 88' lang='grc' dir='ltr'>φιλοτιμίας</span> <span class='ocrx_word' id='word_1_606' title='bbox 2665 1337 2957 1405; x_wconf 78' lang='grc' dir='ltr'>δαψίλειαν,</span> <span class='ocrx_word' id='word_1_607' title='bbox 2998 1335 3090 1389; x_wconf 89' lang='grc' dir='ltr'>καὶ</span> <span class='ocrx_word' id='word_1_608' title='bbox 3125 1335 3401 1404; x_wconf 84' lang='grc' dir='ltr'>θαύμασον</span> <span class='ocrx_word' id='word_1_609' title='bbox 3421 1334 3513 1386; x_wconf 90' lang='grc' dir='ltr'>τοῦ</span> <span class='ocrx_word' id='word_1_610' title='bbox 3544 1334 3822 1386; x_wconf 86' lang='grc' dir='ltr'>Δεσπότου</span> 
     </span>
    </p>
   </div>
   <div class='ocr_carea' id='block_1_79' title="bbox 2157 1413 3822 1490">
    <p class='ocr_par' dir='ltr' id='par_1_79' title="bbox 2157 1413 3822 1490">
     <span class='ocr_line' id='line_1_79' title="bbox 2157 1413 3822 1490; baseline -0.004 -18"><span class='ocrx_word' id='word_1_611' title='bbox 2157 1419 2255 1490; x_wconf 83' lang='grc' dir='ltr'>τὴν</span> <span class='ocrx_word' id='word_1_612' title='bbox 2291 1419 2500 1487; x_wconf 86' lang='grc' dir='ltr'>σοφίαν.</span> <span class='ocrx_word' id='word_1_613' title='bbox 2535 1413 2684 1486; x_wconf 72' lang='grc' dir='ltr'>τΑρα</span> <span class='ocrx_word' id='word_1_614' title='bbox 2717 1416 2816 1469; x_wconf 91' lang='grc' dir='ltr'>ούκ</span> <span class='ocrx_word' id='word_1_615' title='bbox 2858 1418 2914 1469; x_wconf 86' lang='grc' dir='ltr'>ἐν</span> <span class='ocrx_word' id='word_1_616' title='bbox 2947 1416 3249 1485; x_wconf 86' lang='grc' dir='ltr'>προοιμίοις</span> <span class='ocrx_word' id='word_1_617' title='bbox 3283 1414 3602 1484; x_wconf 75' lang='grc' dir='ltr'>ἐνομίζομεν</span> <span class='ocrx_word' id='word_1_618' title='bbox 3635 1416 3822 1482; x_wconf 85' lang='grc' dir='ltr'>ἀσυμ-</span> 
     </span>
    </p>
   </div>
   <div class='ocr_carea' id='block_1_80' title="bbox 2159 1491 3825 1569">
    <p class='ocr_par' dir='ltr' id='par_1_80' title="bbox 2159 1491 3825 1569">
     <span class='ocr_line' id='line_1_80' title="bbox 2159 1491 3825 1569; baseline -0.003 -18"><span class='ocrx_word' id='word_1_619' title='bbox 2159 1498 2304 1569; x_wconf 89' lang='grc' dir='ltr'>παθῆ</span> <span class='ocrx_word' id='word_1_620' title='bbox 2348 1514 2467 1550; x_wconf 91' lang='grc' dir='ltr'>τινα</span> <span class='ocrx_word' id='word_1_621' title='bbox 2506 1496 2665 1549; x_wconf 79' lang='grc' dir='ltr'>αὐτὸν</span> <span class='ocrx_word' id='word_1_622' title='bbox 2696 1491 2855 1560; x_wconf 74' lang='grc' dir='ltr'>εἶναι,</span> <span class='ocrx_word' id='word_1_623' title='bbox 2888 1494 3028 1548; x_wconf 78' lang='grc' dir='ltr'>οὕτω</span> <span class='ocrx_word' id='word_1_624' title='bbox 3071 1493 3504 1565; x_wconf 86' lang='grc' dir='ltr'>διακρουόμενον,</span> <span class='ocrx_word' id='word_1_625' title='bbox 3528 1494 3619 1545; x_wconf 86' lang='grc' dir='ltr'>καὶ</span> <span class='ocrx_word' id='word_1_626' title='bbox 3666 1491 3825 1565; x_wconf 73' lang='grc'>[452]</span> 
     </span>
    </p>
   </div>
   <div class='ocr_carea' id='block_1_81' title="bbox 2160 1572 3822 1649">
    <p class='ocr_par' dir='ltr' id='par_1_81' title="bbox 2160 1572 3822 1649">
     <span class='ocr_line' id='line_1_81' title="bbox 2160 1572 3822 1649; baseline -0.004 -19"><span class='ocrx_word' id='word_1_627' title='bbox 2160 1578 2423 1649; x_wconf 86' lang='grc' dir='ltr'>πρότερον</span> <span class='ocrx_word' id='word_1_628' title='bbox 2473 1576 2568 1647; x_wconf 87' lang='grc' dir='ltr'>μὲν</span> <span class='ocrx_word' id='word_1_629' title='bbox 2614 1575 2734 1629; x_wconf 81' lang='grc' dir='ltr'>ούδέ</span> <span class='ocrx_word' id='word_1_630' title='bbox 2784 1574 3125 1645; x_wconf 85' lang='grc' dir='ltr'>ἀποκρίσεως</span> <span class='ocrx_word' id='word_1_631' title='bbox 3181 1572 3436 1637; x_wconf 80' lang='grc' dir='ltr'>ἀξιοῦντα</span> <span class='ocrx_word' id='word_1_632' title='bbox 3473 1573 3533 1625; x_wconf 83' lang='grc' dir='ltr'>τὸ</span> <span class='ocrx_word' id='word_1_633' title='bbox 3573 1572 3822 1640; x_wconf 87' lang='grc' dir='ltr'>γύναιον,</span> 
     </span>
    </p>
   </div>
   <div class='ocr_carea' id='block_1_82' title="bbox 2163 1653 3826 1726">
    <p class='ocr_par' dir='ltr' id='par_1_82' title="bbox 2163 1653 3826 1726">
     <span class='ocr_line' id='line_1_82' title="bbox 2163 1653 3826 1726; baseline -0.003 -17"><span class='ocrx_word' id='word_1_634' title='bbox 2163 1655 2299 1726; x_wconf 85' lang='grc' dir='ltr'>μετὰ</span> <span class='ocrx_word' id='word_1_635' title='bbox 2327 1656 2384 1708; x_wconf 88' lang='grc' dir='ltr'>δὲ</span> <span class='ocrx_word' id='word_1_636' title='bbox 2417 1655 2589 1708; x_wconf 90' lang='grc' dir='ltr'>ταῦτα</span> <span class='ocrx_word' id='word_1_637' title='bbox 2623 1656 2717 1707; x_wconf 89' lang='grc' dir='ltr'>καὶ</span> <span class='ocrx_word' id='word_1_638' title='bbox 2744 1653 2957 1723; x_wconf 81' lang='grc' dir='ltr'>διάτῆς</span> <span class='ocrx_word' id='word_1_639' title='bbox 2985 1653 3277 1724; x_wconf 87' lang='grc' dir='ltr'>προτέρας,</span> <span class='ocrx_word' id='word_1_640' title='bbox 3327 1653 3422 1705; x_wconf 89' lang='grc' dir='ltr'>καὶ</span> <span class='ocrx_word' id='word_1_641' title='bbox 3462 1653 3550 1706; x_wconf 84' lang='grc' dir='ltr'>διὰ</span> <span class='ocrx_word' id='word_1_642' title='bbox 3573 1653 3671 1723; x_wconf 89' lang='grc' dir='ltr'>τῆς</span> <span class='ocrx_word' id='word_1_643' title='bbox 3701 1654 3826 1705; x_wconf 81' lang='grc' dir='ltr'>δευ-</span> 
     </span>
    </p>
   </div>
   <div class='ocr_carea' id='block_1_83' title="bbox 2157 1730 3828 1805">
    <p class='ocr_par' dir='ltr' id='par_1_83' title="bbox 2157 1730 3828 1805">
     <span class='ocr_line' id='line_1_83' title="bbox 2157 1730 3828 1805; baseline -0.002 -19"><span class='ocrx_word' id='word_1_644' title='bbox 2157 1735 2325 1805; x_wconf 88' lang='grc' dir='ltr'>τέρας</span> <span class='ocrx_word' id='word_1_645' title='bbox 2344 1733 2686 1805; x_wconf 86' lang='grc' dir='ltr'>ἀποκρίσεως</span> <span class='ocrx_word' id='word_1_646' title='bbox 2717 1731 2994 1802; x_wconf 81' lang='grc' dir='ltr'>μονονουχὶ</span> <span class='ocrx_word' id='word_1_647' title='bbox 3021 1731 3415 1793; x_wconf 84' lang='grc' dir='ltr'>ἀπελαύνοντα,</span> <span class='ocrx_word' id='word_1_648' title='bbox 3432 1732 3526 1785; x_wconf 90' lang='grc' dir='ltr'>καὶ</span> <span class='ocrx_word' id='word_1_649' title='bbox 3552 1731 3651 1800; x_wconf 79' lang='grc' dir='ltr'>τὴν</span> <span class='ocrx_word' id='word_1_650' title='bbox 3680 1730 3828 1800; x_wconf 82' lang='grc' dir='ltr'>μετά</span> 
     </span>
    </p>
   </div>
   <div class='ocr_carea' id='block_1_84' title="bbox 2158 1809 3827 1881">
    <p class='ocr_par' dir='ltr' id='par_1_84' title="bbox 2158 1809 3827 1881">
     <span class='ocr_line' id='line_1_84' title="bbox 2158 1809 3827 1881; baseline -0.003 -15"><span class='ocrx_word' id='word_1_651' title='bbox 2158 1813 2411 1866; x_wconf 90' lang='grc' dir='ltr'>τοσούτου</span> <span class='ocrx_word' id='word_1_652' title='bbox 2467 1813 2629 1866; x_wconf 89' lang='grc' dir='ltr'>πόθου</span> <span class='ocrx_word' id='word_1_653' title='bbox 2679 1810 3078 1881; x_wconf 89' lang='grc' dir='ltr'>προσελθοῦσαν</span> <span class='ocrx_word' id='word_1_654' title='bbox 3123 1810 3529 1874; x_wconf 87' lang='grc' dir='ltr'>ἀποσοϐοῦντα;</span> <span class='ocrx_word' id='word_1_655' title='bbox 3583 1809 3722 1862; x_wconf 81' lang='grc' dir='ltr'>Ἀλλ’</span> <span class='ocrx_word' id='word_1_656' title='bbox 3752 1811 3827 1862; x_wconf 79' lang='grc' dir='ltr'>ἐκ</span> 
     </span>
    </p>
   </div>
   <div class='ocr_carea' id='block_1_85' title="bbox 2159 1889 3829 1962">
    <p class='ocr_par' dir='ltr' id='par_1_85' title="bbox 2159 1889 3829 1962">
     <span class='ocr_line' id='line_1_85' title="bbox 2159 1889 3829 1962; baseline -0.003 -16"><span class='ocrx_word' id='word_1_657' title='bbox 2159 1893 2252 1946; x_wconf 91' lang='grc' dir='ltr'>τοῦ</span> <span class='ocrx_word' id='word_1_658' title='bbox 2278 1893 2462 1955; x_wconf 86' lang='grc' dir='ltr'>τέλους</span> <span class='ocrx_word' id='word_1_659' title='bbox 2486 1892 2766 1962; x_wconf 85' lang='grc' dir='ltr'>κατάμαθε</span> <span class='ocrx_word' id='word_1_660' title='bbox 2799 1891 2892 1943; x_wconf 91' lang='grc' dir='ltr'>τοῦ</span> <span class='ocrx_word' id='word_1_661' title='bbox 2921 1890 3053 1943; x_wconf 91' lang='grc' dir='ltr'>Θεοῦ</span> <span class='ocrx_word' id='word_1_662' title='bbox 3085 1892 3182 1961; x_wconf 82' lang='grc' dir='ltr'>τὴν</span> <span class='ocrx_word' id='word_1_663' title='bbox 3209 1889 3540 1960; x_wconf 86' lang='grc' dir='ltr'>ἀγαθότητα,</span> <span class='ocrx_word' id='word_1_664' title='bbox 3574 1891 3653 1943; x_wconf 85' lang='grc' dir='ltr'>ὅτι</span> <span class='ocrx_word' id='word_1_665' title='bbox 3695 1889 3829 1959; x_wconf 88' lang='grc' dir='ltr'>βου-</span> 
     </span>
    </p>
   </div>
   <div class='ocr_carea' id='block_1_86' title="bbox 2159 1967 3826 2042">
    <p class='ocr_par' dir='ltr' id='par_1_86' title="bbox 2159 1967 3826 2042">
     <span class='ocr_line' id='line_1_86' title="bbox 2159 1967 3826 2042; baseline -0.002 -18"><span class='ocrx_word' id='word_1_666' title='bbox 2159 1973 2380 2042; x_wconf 88' lang='grc' dir='ltr'>λόμενος</span> <span class='ocrx_word' id='word_1_667' title='bbox 2410 1971 2576 2042; x_wconf 83' lang='grc' dir='ltr'>αὐτὴν</span> <span class='ocrx_word' id='word_1_668' title='bbox 2599 1971 3064 2041; x_wconf 86' lang='grc' dir='ltr'>περιφανεστέραν</span> <span class='ocrx_word' id='word_1_669' title='bbox 3086 1969 3440 2038; x_wconf 86' lang='grc' dir='ltr'>ἐργάσασθαι,</span> <span class='ocrx_word' id='word_1_670' title='bbox 3462 1967 3551 2021; x_wconf 84' lang='grc' dir='ltr'>διά</span> <span class='ocrx_word' id='word_1_671' title='bbox 3575 1969 3732 2022; x_wconf 88' lang='grc' dir='ltr'>τοῦτο</span> <span class='ocrx_word' id='word_1_672' title='bbox 3753 1972 3826 2041; x_wconf 83' lang='grc' dir='ltr'>τῇ</span> 
     </span>
    </p>
   </div>
   <div class='ocr_carea' id='block_1_87' title="bbox 2163 2047 3828 2121">
    <p class='ocr_par' dir='ltr' id='par_1_87' title="bbox 2163 2047 3828 2121">
     <span class='ocr_line' id='line_1_87' title="bbox 2163 2047 3828 2121; baseline -0.001 -17"><span class='ocrx_word' id='word_1_673' title='bbox 2163 2050 2512 2121; x_wconf 76' lang='grc' dir='ltr'>μακροθυμίᾳ</span> <span class='ocrx_word' id='word_1_674' title='bbox 2534 2050 2664 2120; x_wconf 87' lang='grc' dir='ltr'>ἐχρή</span> <span class='ocrx_word' id='word_1_675' title='bbox 2675 2048 2899 2101; x_wconf 87' lang='grc' dir='ltr'>σατο.Εί</span> <span class='ocrx_word' id='word_1_676' title='bbox 2923 2048 3020 2119; x_wconf 85' lang='grc' dir='ltr'>μὲν</span> <span class='ocrx_word' id='word_1_677' title='bbox 3038 2047 3146 2116; x_wconf 85' lang='grc' dir='ltr'>γὰρ</span> <span class='ocrx_word' id='word_1_678' title='bbox 3166 2048 3366 2111; x_wconf 83' lang='grc' dir='ltr'>εὐθέως</span> <span class='ocrx_word' id='word_1_679' title='bbox 3391 2048 3698 2113; x_wconf 86' lang='grc' dir='ltr'>ἐπένευσεν,</span> <span class='ocrx_word' id='word_1_680' title='bbox 3720 2051 3828 2102; x_wconf 78' lang='grc' dir='ltr'>οὐκ</span> 
     </span>
    </p>
   </div>
   <div class='ocr_carea' id='block_1_88' title="bbox 2159 2126 3825 2199">
    <p class='ocr_par' dir='ltr' id='par_1_88' title="bbox 2159 2126 3825 2199">
     <span class='ocr_line' id='line_1_88' title="bbox 2159 2126 3825 2199; baseline -0.001 -16"><span class='ocrx_word' id='word_1_681' title='bbox 2159 2130 2224 2183; x_wconf 86' lang='grc' dir='ltr'>ἂν</span> <span class='ocrx_word' id='word_1_682' title='bbox 2265 2130 2505 2198; x_wconf 76' lang='grc' dir='ltr'>ἔγνωμεν</span> <span class='ocrx_word' id='word_1_683' title='bbox 2543 2130 2704 2198; x_wconf 80' lang='grc' dir='ltr'>ἡμεῖς</span> <span class='ocrx_word' id='word_1_684' title='bbox 2740 2127 2840 2195; x_wconf 84' lang='grc' dir='ltr'>τῆς</span> <span class='ocrx_word' id='word_1_685' title='bbox 2865 2127 3116 2194; x_wconf 74' lang='grc' dir='ltr'>γυναικὸς</span> <span class='ocrx_word' id='word_1_686' title='bbox 3145 2126 3241 2197; x_wconf 86' lang='grc' dir='ltr'>τὴν</span> <span class='ocrx_word' id='word_1_687' title='bbox 3273 2127 3472 2197; x_wconf 87' lang='grc' dir='ltr'>ἀρετήν</span> <span class='ocrx_word' id='word_1_688' title='bbox 3494 2143 3505 2156; x_wconf 92' lang='grc'>·</span> <span class='ocrx_word' id='word_1_689' title='bbox 3538 2127 3728 2199; x_wconf 80' lang='grc' dir='ltr'>ἐπειδὴ</span> <span class='ocrx_word' id='word_1_690' title='bbox 3759 2128 3825 2182; x_wconf 70' lang='grc' dir='ltr'>δέ</span> 
     </span>
    </p>
   </div>
   <div class='ocr_carea' id='block_1_89' title="bbox 2165 2206 3827 2280">
    <p class='ocr_par' dir='ltr' id='par_1_89' title="bbox 2165 2206 3827 2280">
     <span class='ocr_line' id='line_1_89' title="bbox 2165 2206 3827 2280; baseline 0.001 -20"><span class='ocrx_word' id='word_1_691' title='bbox 2165 2208 2356 2280; x_wconf 79' lang='grc' dir='ltr'>μικρὸν</span> <span class='ocrx_word' id='word_1_692' title='bbox 2373 2207 2709 2265; x_wconf 90' lang='grc' dir='ltr'>ἀνεϐάλλετο,</span> <span class='ocrx_word' id='word_1_693' title='bbox 2729 2207 2821 2259; x_wconf 90' lang='grc' dir='ltr'>καὶ</span> <span class='ocrx_word' id='word_1_694' title='bbox 2840 2206 2932 2258; x_wconf 86' lang='grc' dir='ltr'>τοῦ</span> <span class='ocrx_word' id='word_1_695' title='bbox 2953 2207 3221 2259; x_wconf 87' lang='grc' dir='ltr'>Δεσπότου</span> <span class='ocrx_word' id='word_1_696' title='bbox 3240 2207 3483 2276; x_wconf 77' lang='grc' dir='ltr'>ἔγνωμεν</span> <span class='ocrx_word' id='word_1_697' title='bbox 3500 2207 3598 2275; x_wconf 80' lang='grc' dir='ltr'>τὴν</span> <span class='ocrx_word' id='word_1_698' title='bbox 3617 2206 3827 2274; x_wconf 80' lang='grc' dir='ltr'>ἄφατσν</span> 
     </span>
    </p>
   </div>
   <div class='ocr_carea' id='block_1_90' title="bbox 2163 2285 3821 2358">
    <p class='ocr_par' dir='ltr' id='par_1_90' title="bbox 2163 2285 3821 2358">
     <span class='ocr_line' id='line_1_90' title="bbox 2163 2285 3821 2358; baseline 0.001 -20"><span class='ocrx_word' id='word_1_699' title='bbox 2163 2286 2586 2358; x_wconf 85' lang='grc' dir='ltr'>φιλανθρωπίαν,</span> <span class='ocrx_word' id='word_1_700' title='bbox 2614 2287 2872 2354; x_wconf 87' lang='grc' dir='ltr'>κάκείνης</span> <span class='ocrx_word' id='word_1_701' title='bbox 2894 2285 2991 2354; x_wconf 84' lang='grc' dir='ltr'>τὴν</span> <span class='ocrx_word' id='word_1_702' title='bbox 3011 2287 3194 2338; x_wconf 89' lang='grc' dir='ltr'>πίστιν</span> <span class='ocrx_word' id='word_1_703' title='bbox 3224 2285 3322 2356; x_wconf 81' lang='grc' dir='ltr'>τὴν</span> <span class='ocrx_word' id='word_1_704' title='bbox 3353 2285 3821 2356; x_wconf 81' lang='grc' dir='ltr'>ὑπερϐάλλουσαν.</span> 
     </span>
    </p>
   </div>
   <div class='ocr_carea' id='block_1_91' title="bbox 2229 2363 3826 2436">
    <p class='ocr_par' dir='ltr' id='par_1_91' title="bbox 2229 2363 3826 2436">
     <span class='ocr_line' id='line_1_91' title="bbox 2229 2363 3826 2436; baseline 0 -18"><span class='ocrx_word' id='word_1_705' title='bbox 2229 2365 2270 2418; x_wconf 89' lang='grc' dir='ltr'>δ’</span> <span class='ocrx_word' id='word_1_706' title='bbox 2277 2408 2290 2420; x_wconf 95' lang='grc'>.</span> <span class='ocrx_word' id='word_1_707' title='bbox 2309 2366 2523 2435; x_wconf 89' lang='grc' dir='ltr'>Ταύτην</span> <span class='ocrx_word' id='word_1_708' title='bbox 2545 2366 2601 2418; x_wconf 90' lang='grc' dir='ltr'>δέ</span> <span class='ocrx_word' id='word_1_709' title='bbox 2623 2367 2800 2418; x_wconf 81' lang='grc' dir='ltr'>πᾶσαν</span> <span class='ocrx_word' id='word_1_710' title='bbox 2813 2365 2911 2434; x_wconf 86' lang='grc' dir='ltr'>τὴν</span> <span class='ocrx_word' id='word_1_711' title='bbox 2937 2365 3175 2436; x_wconf 80' lang='grc' dir='ltr'>ἱστορίαν</span> <span class='ocrx_word' id='word_1_712' title='bbox 3193 2366 3272 2427; x_wconf 85' lang='grc' dir='ltr'>είς</span> <span class='ocrx_word' id='word_1_713' title='bbox 3294 2363 3456 2434; x_wconf 88' lang='grc' dir='ltr'>μέσον</span> <span class='ocrx_word' id='word_1_714' title='bbox 3478 2369 3826 2435; x_wconf 81' lang='grc' dir='ltr'>παραγαγεῖν</span> 
     </span>
    </p>
   </div>
   <div class='ocr_carea' id='block_1_92' title="bbox 2160 2442 3825 2515">
    <p class='ocr_par' dir='ltr' id='par_1_92' title="bbox 2160 2442 3825 2515">
     <span class='ocr_line' id='line_1_92' title="bbox 2160 2442 3825 2515; baseline 0 -18"><span class='ocrx_word' id='word_1_715' title='bbox 2160 2445 2611 2515; x_wconf 76' lang='grc' dir='ltr'>ἠναγκάσθημεν,</span> <span class='ocrx_word' id='word_1_716' title='bbox 2655 2444 2741 2497; x_wconf 81' lang='grc' dir='ltr'>ἵνα</span> <span class='ocrx_word' id='word_1_717' title='bbox 2777 2443 3070 2513; x_wconf 85' lang='grc' dir='ltr'>μάθωμεν,</span> <span class='ocrx_word' id='word_1_718' title='bbox 3119 2444 3199 2496; x_wconf 81' lang='grc' dir='ltr'>ὅτι</span> <span class='ocrx_word' id='word_1_719' title='bbox 3227 2443 3324 2512; x_wconf 85' lang='grc' dir='ltr'>οὐχ</span> <span class='ocrx_word' id='word_1_720' title='bbox 3353 2442 3494 2495; x_wconf 81' lang='grc' dir='ltr'>οὔτω</span> <span class='ocrx_word' id='word_1_721' title='bbox 3517 2443 3582 2496; x_wconf 81' lang='grc' dir='ltr'>δι’</span> <span class='ocrx_word' id='word_1_722' title='bbox 3617 2444 3825 2514; x_wconf 83' lang='grc' dir='ltr'>ἐτέρων</span> 
     </span>
    </p>
   </div>
   <div class='ocr_carea' id='block_1_93' title="bbox 2162 2520 3826 2595">
    <p class='ocr_par' dir='ltr' id='par_1_93' title="bbox 2162 2520 3826 2595">
     <span class='ocr_line' id='line_1_93' title="bbox 2162 2520 3826 2595; baseline -0.002 -18"><span class='ocrx_word' id='word_1_723' title='bbox 2162 2523 2602 2595; x_wconf 83' lang='grc' dir='ltr'>παρακαλοῦντες</span> <span class='ocrx_word' id='word_1_724' title='bbox 2629 2522 2863 2591; x_wconf 89' lang='grc' dir='ltr'>ἀνύομεν</span> <span class='ocrx_word' id='word_1_725' title='bbox 2886 2559 2902 2585; x_wconf 90' lang='grc'>,</span> <span class='ocrx_word' id='word_1_726' title='bbox 2939 2520 3013 2585; x_wconf 83' lang='grc' dir='ltr'>ὡς</span> <span class='ocrx_word' id='word_1_727' title='bbox 3037 2522 3190 2574; x_wconf 77' lang='grc' dir='ltr'>αὐτοὶ</span> <span class='ocrx_word' id='word_1_728' title='bbox 3221 2522 3287 2574; x_wconf 90' lang='grc' dir='ltr'>δι’</span> <span class='ocrx_word' id='word_1_729' title='bbox 3319 2521 3524 2573; x_wconf 85' lang='grc' dir='ltr'>έαυτῶν</span> <span class='ocrx_word' id='word_1_730' title='bbox 3543 2561 3558 2583; x_wconf 98' lang='grc'>,</span> <span class='ocrx_word' id='word_1_731' title='bbox 3603 2523 3826 2574; x_wconf 81' lang='grc' dir='ltr'>ἐπειδὰν</span> 
     </span>
    </p>
   </div>
   <div class='ocr_carea' id='block_1_94' title="bbox 2165 2602 3818 2674">
    <p class='ocr_par' dir='ltr' id='par_1_94' title="bbox 2165 2602 3818 2674">
     <span class='ocr_line' id='line_1_94' title="bbox 2165 2602 3818 2674; baseline 0 -18"><span class='ocrx_word' id='word_1_732' title='bbox 2165 2604 2299 2673; x_wconf 87' lang='grc' dir='ltr'>μετά</span> <span class='ocrx_word' id='word_1_733' title='bbox 2325 2603 2652 2674; x_wconf 85' lang='grc' dir='ltr'>θερμότητος</span> <span class='ocrx_word' id='word_1_734' title='bbox 2668 2602 2978 2674; x_wconf 88' lang='grc' dir='ltr'>προσίωμεν</span> <span class='ocrx_word' id='word_1_735' title='bbox 3002 2603 3094 2655; x_wconf 90' lang='grc' dir='ltr'>καὶ</span> <span class='ocrx_word' id='word_1_736' title='bbox 3113 2603 3540 2672; x_wconf 85' lang='grc' dir='ltr'>διεγηγερμένης</span> <span class='ocrx_word' id='word_1_737' title='bbox 3561 2602 3818 2662; x_wconf 80' lang='grc' dir='ltr'>διανοίας.</span> 
     </span>
    </p>
   </div>
   <div class='ocr_carea' id='block_1_95' title="bbox 2161 2680 3824 2753">
    <p class='ocr_par' dir='ltr' id='par_1_95' title="bbox 2161 2680 3824 2753">
     <span class='ocr_line' id='line_1_95' title="bbox 2161 2680 3824 2753; baseline -0.001 -18"><span class='ocrx_word' id='word_1_738' title='bbox 2161 2683 2292 2735; x_wconf 83' lang='grc' dir='ltr'>Ἰδοὺ</span> <span class='ocrx_word' id='word_1_739' title='bbox 2315 2682 2420 2753; x_wconf 89' lang='grc' dir='ltr'>γὰρ</span> <span class='ocrx_word' id='word_1_740' title='bbox 2447 2681 2585 2752; x_wconf 78' lang='grc' dir='ltr'>αὕτη</span> <span class='ocrx_word' id='word_1_741' title='bbox 2610 2682 2703 2734; x_wconf 88' lang='grc' dir='ltr'>καὶ</span> <span class='ocrx_word' id='word_1_742' title='bbox 2717 2681 2840 2744; x_wconf 80' lang='grc' dir='ltr'>τοὺς</span> <span class='ocrx_word' id='word_1_743' title='bbox 2864 2680 3111 2752; x_wconf 83' lang='grc' dir='ltr'>μαθητάς</span> <span class='ocrx_word' id='word_1_744' title='bbox 3139 2681 3333 2751; x_wconf 78' lang='grc' dir='ltr'>ἔχουσα</span> <span class='ocrx_word' id='word_1_745' title='bbox 3360 2680 3501 2751; x_wconf 86' lang='grc' dir='ltr'>ὑπὲρ</span> <span class='ocrx_word' id='word_1_746' title='bbox 3522 2681 3685 2750; x_wconf 78' lang='grc' dir='ltr'>αὐτῆς</span> <span class='ocrx_word' id='word_1_747' title='bbox 3709 2683 3824 2734; x_wconf 86' lang='grc' dir='ltr'>ίκε-</span> 
     </span>
    </p>
   </div>
   <div class='ocr_carea' id='block_1_96' title="bbox 2159 2757 3823 2830">
    <p class='ocr_par' dir='ltr' id='par_1_96' title="bbox 2159 2757 3823 2830">
     <span class='ocr_line' id='line_1_96' title="bbox 2159 2757 3823 2830; baseline -0.001 -18"><span class='ocrx_word' id='word_1_748' title='bbox 2159 2759 2413 2822; x_wconf 88' lang='grc' dir='ltr'>τεύοντας</span> <span class='ocrx_word' id='word_1_749' title='bbox 2442 2759 2592 2812; x_wconf 76' lang='grc' dir='ltr'>οὐδὲν</span> <span class='ocrx_word' id='word_1_750' title='bbox 2629 2759 2788 2811; x_wconf 88' lang='grc' dir='ltr'>πλέον</span> <span class='ocrx_word' id='word_1_751' title='bbox 2833 2757 3025 2810; x_wconf 86' lang='grc' dir='ltr'>ἀνύσαι</span> <span class='ocrx_word' id='word_1_752' title='bbox 3063 2757 3324 2828; x_wconf 84' lang='grc' dir='ltr'>ἡδυνήθη,</span> <span class='ocrx_word' id='word_1_753' title='bbox 3361 2759 3551 2828; x_wconf 90' lang='grc' dir='ltr'>μέχρις</span> <span class='ocrx_word' id='word_1_754' title='bbox 3575 2759 3661 2812; x_wconf 84' lang='grc' dir='ltr'>ὅτε</span> <span class='ocrx_word' id='word_1_755' title='bbox 3682 2757 3823 2830; x_wconf 75' lang='grc' dir='ltr'>αὑτὴ</span> 
     </span>
    </p>
   </div>
   <div class='ocr_carea' id='block_1_97' title="bbox 2161 2835 3824 2909">
    <p class='ocr_par' dir='ltr' id='par_1_97' title="bbox 2161 2835 3824 2909">
     <span class='ocr_line' id='line_1_97' title="bbox 2161 2835 3824 2909; baseline -0.001 -18"><span class='ocrx_word' id='word_1_756' title='bbox 2161 2839 2226 2891; x_wconf 80' lang='grc' dir='ltr'>δι’</span> <span class='ocrx_word' id='word_1_757' title='bbox 2252 2838 2448 2906; x_wconf 75' lang='grc' dir='ltr'>ἑαυτῆς</span> <span class='ocrx_word' id='word_1_758' title='bbox 2486 2836 2868 2909; x_wconf 86' lang='grc' dir='ltr'>παραμείνασα</span> <span class='ocrx_word' id='word_1_759' title='bbox 2905 2835 3002 2906; x_wconf 79' lang='grc' dir='ltr'>τὴν</span> <span class='ocrx_word' id='word_1_760' title='bbox 3032 2835 3434 2907; x_wconf 85' lang='grc' dir='ltr'>φιλανθρωπίαν</span> <span class='ocrx_word' id='word_1_761' title='bbox 3471 2838 3824 2891; x_wconf 84' lang='grc' dir='ltr'>ἐπεσπάσατο</span> 
     </span>
    </p>
   </div>
   <div class='ocr_carea' id='block_1_98' title="bbox 2160 2914 3820 2986">
    <p class='ocr_par' dir='ltr' id='par_1_98' title="bbox 2160 2914 3820 2986">
     <span class='ocr_line' id='line_1_98' title="bbox 2160 2914 3820 2986; baseline 0 -18"><span class='ocrx_word' id='word_1_762' title='bbox 2160 2917 2254 2970; x_wconf 87' lang='grc' dir='ltr'>τοῦ</span> <span class='ocrx_word' id='word_1_763' title='bbox 2279 2917 2566 2969; x_wconf 83' lang='grc' dir='ltr'>Δεσπότου.</span> <span class='ocrx_word' id='word_1_764' title='bbox 2608 2914 2715 2968; x_wconf 84' lang='grc' dir='ltr'>Καὶ</span> <span class='ocrx_word' id='word_1_765' title='bbox 2754 2917 2784 2983; x_wconf 94' lang='grc' dir='ltr'>ἡ</span> <span class='ocrx_word' id='word_1_766' title='bbox 2815 2914 3092 2986; x_wconf 86' lang='grc' dir='ltr'>παραϐολὴ</span> <span class='ocrx_word' id='word_1_767' title='bbox 3119 2915 3175 2967; x_wconf 86' lang='grc' dir='ltr'>δέ</span> <span class='ocrx_word' id='word_1_768' title='bbox 3202 2915 3383 2984; x_wconf 87' lang='grc' dir='ltr'>ἐκείνη</span> <span class='ocrx_word' id='word_1_769' title='bbox 3413 2915 3506 2968; x_wconf 90' lang='grc' dir='ltr'>τοῦ</span> <span class='ocrx_word' id='word_1_770' title='bbox 3546 2916 3698 2984; x_wconf 88' lang='grc' dir='ltr'>φίλου</span> <span class='ocrx_word' id='word_1_771' title='bbox 3722 2915 3820 2969; x_wconf 83' lang='grc' dir='ltr'>τοῦ</span> 
     </span>
    </p>
   </div>
   <div class='ocr_carea' id='block_1_99' title="bbox 2163 2993 3826 3066">
    <p class='ocr_par' dir='ltr' id='par_1_99' title="bbox 2163 2993 3826 3066">
     <span class='ocr_line' id='line_1_99' title="bbox 2163 2993 3826 3066; baseline -0.001 -19"><span class='ocrx_word' id='word_1_772' title='bbox 2163 2997 2300 3066; x_wconf 88' lang='grc' dir='ltr'>ἀωρὶ</span> <span class='ocrx_word' id='word_1_773' title='bbox 2323 2995 2421 3063; x_wconf 86' lang='grc' dir='ltr'>τῆς</span> <span class='ocrx_word' id='word_1_774' title='bbox 2444 2994 2633 3056; x_wconf 77' lang='grc' dir='ltr'>νυκτὸς</span> <span class='ocrx_word' id='word_1_775' title='bbox 2667 2993 3130 3063; x_wconf 87' lang='grc' dir='ltr'>παραγενομένου,</span> <span class='ocrx_word' id='word_1_776' title='bbox 3166 2993 3259 3046; x_wconf 89' lang='grc' dir='ltr'>καὶ</span> <span class='ocrx_word' id='word_1_777' title='bbox 3296 2994 3419 3056; x_wconf 85' lang='grc' dir='ltr'>τοὺς</span> <span class='ocrx_word' id='word_1_778' title='bbox 3440 2997 3588 3063; x_wconf 88' lang='grc' dir='ltr'>τρεῖς</span> <span class='ocrx_word' id='word_1_779' title='bbox 3626 2996 3826 3064; x_wconf 78' lang='grc' dir='ltr'>ἄρτους</span> 
     </span>
    </p>
   </div>
   <div class='ocr_carea' id='block_1_100' title="bbox 2163 3071 3826 3142">
    <p class='ocr_par' dir='ltr' id='par_1_100' title="bbox 2163 3071 3826 3142">
     <span class='ocr_line' id='line_1_100' title="bbox 2163 3071 3826 3142; baseline 0.001 -17"><span class='ocrx_word' id='word_1_780' title='bbox 2163 3076 2501 3142; x_wconf 86' lang='grc' dir='ltr'>αἰτήσαντος,</span> <span class='ocrx_word' id='word_1_781' title='bbox 2536 3071 2596 3123; x_wconf 86' lang='grc' dir='ltr'>τὸ</span> <span class='ocrx_word' id='word_1_782' title='bbox 2632 3071 2762 3124; x_wconf 78' lang='grc' dir='ltr'>αὐτὸ</span> <span class='ocrx_word' id='word_1_783' title='bbox 2797 3071 3107 3124; x_wconf 81' lang='grc' dir='ltr'>αἰνίττεται.</span> <span class='ocrx_word' id='word_1_784' title='bbox 3140 3073 3210 3125; x_wconf 77' lang='lat' dir='ltr'>El</span> <span class='ocrx_word' id='word_1_785' title='bbox 3251 3072 3358 3140; x_wconf 76' lang='grc' dir='ltr'>γὰρ</span> <span class='ocrx_word' id='word_1_786' title='bbox 3389 3072 3486 3124; x_wconf 78' lang='grc' dir='ltr'>καὶ</span> <span class='ocrx_word' id='word_1_787' title='bbox 3515 3073 3601 3140; x_wconf 81' lang='grc' dir='ltr'>μὴ</span> <span class='ocrx_word' id='word_1_788' title='bbox 3634 3073 3731 3126; x_wconf 82' lang='grc' dir='ltr'>διὰ</span> <span class='ocrx_word' id='word_1_789' title='bbox 3756 3073 3826 3126; x_wconf 84' lang='grc' dir='ltr'>τὸ</span> 
     </span>
    </p>
   </div>
   <div class='ocr_carea' id='block_1_101' title="bbox 2163 3147 3826 3222">
    <p class='ocr_par' dir='ltr' id='par_1_101' title="bbox 2163 3147 3826 3222">
     <span class='ocr_line' id='line_1_101' title="bbox 2163 3147 3826 3222; baseline 0.001 -18"><span class='ocrx_word' id='word_1_790' title='bbox 2163 3155 2338 3222; x_wconf 69' lang='grc' dir='ltr'>φίλος</span> <span class='ocrx_word' id='word_1_791' title='bbox 2360 3150 2545 3205; x_wconf 83' lang='grc' dir='ltr'>αὑτοῦ</span> <span class='ocrx_word' id='word_1_792' title='bbox 2565 3147 2737 3215; x_wconf 83' lang='grc' dir='ltr'>εἶναι,</span> <span class='ocrx_word' id='word_1_793' title='bbox 2770 3150 2960 3220; x_wconf 88' lang='grc' dir='ltr'>φησὶν,</span> <span class='ocrx_word' id='word_1_794' title='bbox 2985 3151 3316 3204; x_wconf 79' lang='grc' dir='ltr'>ὑπακούσει</span> <span class='ocrx_word' id='word_1_795' title='bbox 3347 3150 3525 3215; x_wconf 85' lang='grc' dir='ltr'>αὐτῷ,</span> <span class='ocrx_word' id='word_1_796' title='bbox 3555 3151 3651 3205; x_wconf 80' lang='grc' dir='ltr'>διὰ</span> <span class='ocrx_word' id='word_1_797' title='bbox 3677 3152 3826 3221; x_wconf 77' lang='grc' dir='ltr'>γοῦν</span> 
     </span>
    </p>
   </div>
   <div class='ocr_carea' id='block_1_102' title="bbox 2163 3227 3823 3298">
    <p class='ocr_par' dir='ltr' id='par_1_102' title="bbox 2163 3227 3823 3298">
     <span class='ocr_line' id='line_1_102' title="bbox 2163 3227 3823 3298; baseline -0.001 -14"><span class='ocrx_word' id='word_1_798' title='bbox 2163 3231 2277 3298; x_wconf 77' lang='grc' dir='ltr'>τὴν</span> <span class='ocrx_word' id='word_1_799' title='bbox 2312 3231 2619 3285; x_wconf 80' lang='grc' dir='ltr'>ἀναίδειαν</span> <span class='ocrx_word' id='word_1_800' title='bbox 2655 3227 2840 3283; x_wconf 85' lang='grc' dir='ltr'>αὐτοῦ</span> <span class='ocrx_word' id='word_1_801' title='bbox 2871 3228 3140 3295; x_wconf 84' lang='grc' dir='ltr'>ἀναστὰς</span> <span class='ocrx_word' id='word_1_802' title='bbox 3179 3229 3372 3282; x_wconf 85' lang='grc' dir='ltr'>δώσει.</span> <span class='ocrx_word' id='word_1_803' title='bbox 3409 3230 3620 3293; x_wconf 86' lang='grc' dir='ltr'>Είδότες</span> <span class='ocrx_word' id='word_1_804' title='bbox 3643 3231 3823 3283; x_wconf 80' lang='grc' dir='ltr'>τοίνυν</span> 
     </span>
    </p>
   </div>
   <div class='ocr_carea' id='block_1_103' title="bbox 2163 3307 3824 3381">
    <p class='ocr_par' dir='ltr' id='par_1_103' title="bbox 2163 3307 3824 3381">
     <span class='ocr_line' id='line_1_103' title="bbox 2163 3307 3824 3381; baseline -0.001 -19"><span class='ocrx_word' id='word_1_805' title='bbox 2163 3311 2262 3381; x_wconf 81' lang='grc' dir='ltr'>τὴν</span> <span class='ocrx_word' id='word_1_806' title='bbox 2280 3311 2483 3379; x_wconf 80' lang='grc' dir='ltr'>ἄφατον</span> <span class='ocrx_word' id='word_1_807' title='bbox 2511 3308 2914 3379; x_wconf 87' lang='grc' dir='ltr'>φιλανθρωπίαν</span> <span class='ocrx_word' id='word_1_808' title='bbox 2934 3307 3027 3361; x_wconf 90' lang='grc' dir='ltr'>τοῦ</span> <span class='ocrx_word' id='word_1_809' title='bbox 3053 3309 3318 3380; x_wconf 82' lang='grc' dir='ltr'>ἡμετέρου</span> <span class='ocrx_word' id='word_1_810' title='bbox 3337 3309 3626 3371; x_wconf 88' lang='grc' dir='ltr'>Δεσπότου,</span> <span class='ocrx_word' id='word_1_811' title='bbox 3652 3325 3824 3380; x_wconf 84' lang='grc' dir='ltr'>προσ-</span> 
     </span>
    </p>
   </div>
   <div class='ocr_carea' id='block_1_104' title="bbox 2168 3387 3828 3460">
    <p class='ocr_par' dir='ltr' id='par_1_104' title="bbox 2168 3387 3828 3460">
     <span class='ocr_line' id='line_1_104' title="bbox 2168 3387 3828 3460; baseline -0.002 -18"><span class='ocrx_word' id='word_1_812' title='bbox 2168 3390 2334 3460; x_wconf 89' lang='grc' dir='ltr'>ίωμεν</span> <span class='ocrx_word' id='word_1_813' title='bbox 2366 3389 2534 3459; x_wconf 84' lang='grc' dir='ltr'>αὐτῷ,</span> <span class='ocrx_word' id='word_1_814' title='bbox 2568 3388 2894 3452; x_wconf 89' lang='grc' dir='ltr'>δεικνύντες,</span> <span class='ocrx_word' id='word_1_815' title='bbox 2925 3390 3020 3442; x_wconf 88' lang='grc' dir='ltr'>καὶ</span> <span class='ocrx_word' id='word_1_816' title='bbox 3056 3389 3336 3458; x_wconf 88' lang='grc' dir='ltr'>μονονουχὶ</span> <span class='ocrx_word' id='word_1_817' title='bbox 3367 3387 3472 3458; x_wconf 82' lang='grc' dir='ltr'>πρὸ</span> <span class='ocrx_word' id='word_1_818' title='bbox 3497 3388 3606 3440; x_wconf 89' lang='grc' dir='ltr'>τῶν</span> <span class='ocrx_word' id='word_1_819' title='bbox 3633 3387 3828 3456; x_wconf 77' lang='grc' dir='ltr'>ὀφθαλ-</span> 
     </span>
    </p>
   </div>
   <div class='ocr_carea' id='block_1_105' title="bbox 2169 3463 3828 3540">
    <p class='ocr_par' dir='ltr' id='par_1_105' title="bbox 2169 3463 3828 3540">
     <span class='ocr_line' id='line_1_105' title="bbox 2169 3463 3828 3540; baseline -0.002 -17"><span class='ocrx_word' id='word_1_820' title='bbox 2169 3469 2284 3540; x_wconf 89' lang='grc' dir='ltr'>μῶν</span> <span class='ocrx_word' id='word_1_821' title='bbox 2315 3468 2425 3522; x_wconf 89' lang='grc' dir='ltr'>τῶν</span> <span class='ocrx_word' id='word_1_822' title='bbox 2451 3468 2736 3539; x_wconf 91' lang='grc' dir='ltr'>ἡμετέρων</span> <span class='ocrx_word' id='word_1_823' title='bbox 2765 3467 3110 3539; x_wconf 89' lang='grc' dir='ltr'>προτιθέντες</span> <span class='ocrx_word' id='word_1_824' title='bbox 3139 3469 3261 3521; x_wconf 81' lang='grc' dir='ltr'>κατ’</span> <span class='ocrx_word' id='word_1_825' title='bbox 3287 3463 3424 3530; x_wconf 75' lang='grc' dir='ltr'>εἶδος</span> <span class='ocrx_word' id='word_1_826' title='bbox 3456 3467 3684 3520; x_wconf 76' lang='grc' dir='ltr'>ἕκαστον</span> <span class='ocrx_word' id='word_1_827' title='bbox 3715 3468 3828 3519; x_wconf 86' lang='grc' dir='ltr'>τῶν</span> 
     </span>
    </p>
   </div>
   <div class='ocr_carea' id='block_1_106' title="bbox 2164 3546 3827 3619">
    <p class='ocr_par' dir='ltr' id='par_1_106' title="bbox 2164 3546 3827 3619">
     <span class='ocr_line' id='line_1_106' title="bbox 2164 3546 3827 3619; baseline -0.002 -17"><span class='ocrx_word' id='word_1_828' title='bbox 2164 3552 2294 3619; x_wconf 88' lang='grc' dir='ltr'>ἡμῖν</span> <span class='ocrx_word' id='word_1_829' title='bbox 2325 3547 2501 3616; x_wconf 90' lang='grc' dir='ltr'>πεπλη</span> <span class='ocrx_word' id='word_1_830' title='bbox 2511 3547 2688 3618; x_wconf 87' lang='grc' dir='ltr'>μμελη</span> <span class='ocrx_word' id='word_1_831' title='bbox 2697 3547 2894 3616; x_wconf 88' lang='grc' dir='ltr'>μένων,</span> <span class='ocrx_word' id='word_1_832' title='bbox 2919 3547 3013 3600; x_wconf 88' lang='grc' dir='ltr'>καὶ</span> <span class='ocrx_word' id='word_1_833' title='bbox 3033 3546 3130 3616; x_wconf 78' lang='grc' dir='ltr'>τήν</span> <span class='ocrx_word' id='word_1_834' title='bbox 3152 3547 3291 3616; x_wconf 77' lang='grc' dir='ltr'>ὑπὲρ</span> <span class='ocrx_word' id='word_1_835' title='bbox 3311 3546 3420 3598; x_wconf 88' lang='grc' dir='ltr'>τῶν</span> <span class='ocrx_word' id='word_1_836' title='bbox 3446 3547 3827 3617; x_wconf 82' lang='grc' dir='ltr'>παρελθόντων</span> 
     </span>
    </p>
   </div>
   <div class='ocr_carea' id='block_1_107' title="bbox 2167 3623 3887 3700">
    <p class='ocr_par' dir='ltr' id='par_1_107' title="bbox 2167 3623 3887 3700">
     <span class='ocr_line' id='line_1_107' title="bbox 2167 3623 3887 3700; baseline -0.001 -20"><span class='ocrx_word' id='word_1_837' title='bbox 2167 3627 2509 3700; x_wconf 84' lang='grc' dir='ltr'>συγχώρησιν</span> <span class='ocrx_word' id='word_1_838' title='bbox 2541 3625 2816 3699; x_wconf 70' lang='grc' dir='ltr'>αἰτοῦντες</span> <span class='ocrx_word' id='word_1_839' title='bbox 2837 3665 2852 3688; x_wconf 95' lang='grc'>,</span> <span class='ocrx_word' id='word_1_840' title='bbox 2888 3626 2974 3679; x_wconf 79' lang='grc' dir='ltr'>ἵνα</span> <span class='ocrx_word' id='word_1_841' title='bbox 3007 3626 3100 3678; x_wconf 89' lang='grc' dir='ltr'>καὶ</span> <span class='ocrx_word' id='word_1_842' title='bbox 3128 3627 3209 3686; x_wconf 85' lang='grc' dir='ltr'>είς</span> <span class='ocrx_word' id='word_1_843' title='bbox 3243 3625 3304 3678; x_wconf 82' lang='grc' dir='ltr'>τὺ</span> <span class='ocrx_word' id='word_1_844' title='bbox 3340 3623 3465 3694; x_wconf 77' lang='grc' dir='ltr'>ἐξῆς</span> <span class='ocrx_word' id='word_1_845' title='bbox 3496 3625 3694 3695; x_wconf 82' lang='grc' dir='ltr'>πολλὴν</span> <span class='ocrx_word' id='word_1_846' title='bbox 3724 3625 3827 3694; x_wconf 83' lang='grc' dir='ltr'>τὴν</span> <span class='ocrx_word' id='word_1_847' title='bbox 3877 3657 3887 3665; x_wconf 82' lang='lat'><strong><em>—</em></strong></span> 
     </span>
    </p>
   </div>
   <div class='ocr_carea' id='block_1_108' title="bbox 2165 3701 3825 3775">
    <p class='ocr_par' dir='ltr' id='par_1_108' title="bbox 2165 3701 3825 3775">
     <span class='ocr_line' id='line_1_108' title="bbox 2165 3701 3825 3775; baseline -0.002 -17"><span class='ocrx_word' id='word_1_848' title='bbox 2165 3704 2448 3775; x_wconf 88' lang='grc' dir='ltr'>ἀκρίϐειαν</span> <span class='ocrx_word' id='word_1_849' title='bbox 2485 3702 2898 3773; x_wconf 79' lang='grc' dir='ltr'>ἐπιδειξάμενοι,</span> <span class='ocrx_word' id='word_1_850' title='bbox 2930 3703 3146 3756; x_wconf 89' lang='grc' dir='ltr'>πλείονα</span> <span class='ocrx_word' id='word_1_851' title='bbox 3169 3703 3196 3741; x_wconf 70' lang='grc' dir='ltr'>ὶι</span> <span class='ocrx_word' id='word_1_852' title='bbox 3239 3701 3334 3773; x_wconf 82' lang='grc' dir='ltr'>τὴν</span> <span class='ocrx_word' id='word_1_853' title='bbox 3377 3704 3506 3774; x_wconf 86' lang='grc' dir='ltr'>παρ’</span> <span class='ocrx_word' id='word_1_854' title='bbox 3537 3703 3700 3756; x_wconf 88' lang='grc' dir='ltr'>αὑτοῦ</span> <span class='ocrx_word' id='word_1_855' title='bbox 3733 3705 3825 3754; x_wconf 60' lang='grc' dir='ltr'>εὖ-</span> 
     </span>
    </p>
   </div>
   <div class='ocr_carea' id='block_1_109' title="bbox 2165 3778 3828 3850">
    <p class='ocr_par' dir='ltr' id='par_1_109' title="bbox 2165 3778 3828 3850">
     <span class='ocr_line' id='line_1_109' title="bbox 2165 3778 3828 3850; baseline -0.001 -14"><span class='ocrx_word' id='word_1_856' title='bbox 2165 3799 2311 3836; x_wconf 90' lang='grc' dir='ltr'>νοιαν</span> <span class='ocrx_word' id='word_1_857' title='bbox 2363 3779 2813 3850; x_wconf 82' lang='grc' dir='ltr'>ἐπισπασώμεθα.</span> <span class='ocrx_word' id='word_1_858' title='bbox 2832 3780 2970 3834; x_wconf 83' lang='grc' dir='ltr'>Ἀλλ’</span> <span class='ocrx_word' id='word_1_859' title='bbox 2997 3778 3397 3846; x_wconf 87' lang='grc' dir='ltr'>ἐπανέλθωμεν,</span> <span class='ocrx_word' id='word_1_860' title='bbox 3445 3784 3493 3834; x_wconf 87' lang='grc' dir='ltr'>εί</span> <span class='ocrx_word' id='word_1_861' title='bbox 3525 3781 3699 3844; x_wconf 87' lang='grc' dir='ltr'>δοκεῖ,</span> <span class='ocrx_word' id='word_1_862' title='bbox 3734 3782 3828 3835; x_wconf 83' lang='grc' dir='ltr'>ἐπὶ</span> 
     </span>
    </p>
   </div>
   <div class='ocr_carea' id='block_1_110' title="bbox 2165 3857 3824 3930">
    <p class='ocr_par' dir='ltr' id='par_1_110' title="bbox 2165 3857 3824 3930">
     <span class='ocr_line' id='line_1_110' title="bbox 2165 3857 3824 3930; baseline 0.001 -18"><span class='ocrx_word' id='word_1_863' title='bbox 2165 3859 2262 3930; x_wconf 85' lang='grc' dir='ltr'>τὴν</span> <span class='ocrx_word' id='word_1_864' title='bbox 2317 3859 2636 3912; x_wconf 82' lang='grc' dir='ltr'>ἀκολουθίαν</span> <span class='ocrx_word' id='word_1_865' title='bbox 2688 3857 2782 3911; x_wconf 89' lang='grc' dir='ltr'>τοῦ</span> <span class='ocrx_word' id='word_1_866' title='bbox 2835 3859 3279 3928; x_wconf 88' lang='grc' dir='ltr'>ἀναγνώσματος.</span> <span class='ocrx_word' id='word_1_867' title='bbox 3299 3857 3494 3927; x_wconf 83' lang='grc' dir='ltr'>Ἀνέϐη</span> <span class='ocrx_word' id='word_1_868' title='bbox 3547 3859 3633 3924; x_wconf 86' lang='grc' dir='ltr'>δὲ,</span> <span class='ocrx_word' id='word_1_869' title='bbox 3669 3863 3824 3930; x_wconf 79' lang='grc' dir='ltr'>φησὶ,</span> 
     </span>
    </p>
   </div>
   <div class='ocr_carea' id='block_1_111' title="bbox 2167 3934 3829 4007">
    <p class='ocr_par' dir='ltr' id='par_1_111' title="bbox 2167 3934 3829 4007">
     <span class='ocr_line' id='line_1_111' title="bbox 2167 3934 3829 4007; baseline -0.001 -14"><span class='ocrx_word' id='word_1_870' title='bbox 2167 3938 2296 3993; x_wconf 88' lang='grc' dir='ltr'>Λὼτ</span> <span class='ocrx_word' id='word_1_871' title='bbox 2322 3940 2407 4003; x_wconf 80' lang='grc' dir='ltr'>εἰς</span> <span class='ocrx_word' id='word_1_872' title='bbox 2439 3936 2673 4007; x_wconf 80' lang='grc' dir='ltr'>Σηγὼρ,</span> <span class='ocrx_word' id='word_1_873' title='bbox 2703 3937 2798 3990; x_wconf 80' lang='grc' dir='ltr'>καὶ</span> <span class='ocrx_word' id='word_1_874' title='bbox 2829 3936 3080 4004; x_wconf 81' lang='grc' dir='ltr'>ἐκάθητο</span> <span class='ocrx_word' id='word_1_875' title='bbox 3102 3937 3171 3989; x_wconf 90' lang='grc' dir='ltr'>ἐν</span> <span class='ocrx_word' id='word_1_876' title='bbox 3201 3934 3281 4001; x_wconf 85' lang='grc' dir='ltr'>τῷ</span> <span class='ocrx_word' id='word_1_877' title='bbox 3309 3936 3460 4006; x_wconf 81' lang='grc' dir='ltr'>ὄρει,</span> <span class='ocrx_word' id='word_1_878' title='bbox 3501 3938 3599 3991; x_wconf 81' lang='grc' dir='ltr'>καὶ</span> <span class='ocrx_word' id='word_1_879' title='bbox 3624 3943 3682 3992; x_wconf 83' lang='grc' dir='ltr'>αὶ</span> <span class='ocrx_word' id='word_1_880' title='bbox 3715 3939 3829 3992; x_wconf 84' lang='grc' dir='ltr'>δύο</span> 
     </span>
    </p>
   </div>
   <div class='ocr_carea' id='block_1_112' title="bbox 2167 4014 3830 4086">
    <p class='ocr_par' dir='ltr' id='par_1_112' title="bbox 2167 4014 3830 4086">
     <span class='ocr_line' id='line_1_112' title="bbox 2167 4014 3830 4086; baseline -0.002 -15"><span class='ocrx_word' id='word_1_881' title='bbox 2167 4017 2483 4086; x_wconf 77' lang='grc' dir='ltr'>θυγατέρες</span> <span class='ocrx_word' id='word_1_882' title='bbox 2515 4016 2699 4069; x_wconf 88' lang='grc' dir='ltr'>αὐτοῦ</span> <span class='ocrx_word' id='word_1_883' title='bbox 2719 4017 2846 4084; x_wconf 85' lang='grc' dir='ltr'>μετ’</span> <span class='ocrx_word' id='word_1_884' title='bbox 2870 4015 3057 4068; x_wconf 85' lang='grc' dir='ltr'>αὑτοῦ</span> <span class='ocrx_word' id='word_1_885' title='bbox 3075 4031 3089 4043; x_wconf 87' lang='grc'><strong>·</strong></span> <span class='ocrx_word' id='word_1_886' title='bbox 3113 4014 3500 4083; x_wconf 68' lang='grc' dir='ltr'>ἐφοϐήθησαν</span> <span class='ocrx_word' id='word_1_887' title='bbox 3530 4017 3640 4086; x_wconf 60' lang='grc' dir='ltr'>γὰρ</span> <span class='ocrx_word' id='word_1_888' title='bbox 3666 4017 3830 4086; x_wconf 74' lang='grc' dir='ltr'>οἰκῆ-</span> 
     </span>
    </p>
   </div>
   <div class='ocr_carea' id='block_1_113' title="bbox 2167 4091 3827 4164">
    <p class='ocr_par' dir='ltr' id='par_1_113' title="bbox 2167 4091 3827 4164">
     <span class='ocr_line' id='line_1_113' title="bbox 2167 4091 3827 4164; baseline -0.001 -14"><span class='ocrx_word' id='word_1_889' title='bbox 2167 4111 2270 4150; x_wconf 90' lang='grc' dir='ltr'>σαι</span> <span class='ocrx_word' id='word_1_890' title='bbox 2317 4096 2386 4149; x_wconf 82' lang='grc' dir='ltr'>ὲν</span> <span class='ocrx_word' id='word_1_891' title='bbox 2428 4094 2629 4164; x_wconf 63' lang='grc' dir='ltr'>Σηγῑῖιρ</span> <span class='ocrx_word' id='word_1_892' title='bbox 2650 4110 2668 4127; x_wconf 80' lang='grc' dir='ltr'>ο</span> <span class='ocrx_word' id='word_1_893' title='bbox 2701 4094 2798 4147; x_wconf 80' lang='grc' dir='ltr'>καὶ</span> <span class='ocrx_word' id='word_1_894' title='bbox 2831 4095 3070 4161; x_wconf 79' lang='grc' dir='ltr'>ᾤκησεν</span> <span class='ocrx_word' id='word_1_895' title='bbox 3106 4093 3175 4147; x_wconf 82' lang='grc' dir='ltr'>ἐν</span> <span class='ocrx_word' id='word_1_896' title='bbox 3214 4091 3294 4158; x_wconf 88' lang='grc' dir='ltr'>τῷ</span> <span class='ocrx_word' id='word_1_897' title='bbox 3336 4096 3611 4161; x_wconf 81' lang='grc' dir='ltr'>σπηλαίῳ</span> <span class='ocrx_word' id='word_1_898' title='bbox 3642 4097 3827 4163; x_wconf 83' lang='grc' dir='ltr'>αὐτὸς</span> 
     </span>
    </p>
   </div>
   <div class='ocr_carea' id='block_1_114' title="bbox 2167 4172 3827 4245">
    <p class='ocr_par' dir='ltr' id='par_1_114' title="bbox 2167 4172 3827 4245">
     <span class='ocr_line' id='line_1_114' title="bbox 2167 4172 3827 4245; baseline 0.001 -16"><span class='ocrx_word' id='word_1_899' title='bbox 2167 4175 2265 4229; x_wconf 77' lang='grc' dir='ltr'>καὶ</span> <span class='ocrx_word' id='word_1_900' title='bbox 2310 4177 2370 4227; x_wconf 81' lang='grc' dir='ltr'>αὶ</span> <span class='ocrx_word' id='word_1_901' title='bbox 2413 4173 2521 4227; x_wconf 85' lang='grc' dir='ltr'>δύο</span> <span class='ocrx_word' id='word_1_902' title='bbox 2568 4173 2882 4242; x_wconf 84' lang='grc' dir='ltr'>θυγατέρες</span> <span class='ocrx_word' id='word_1_903' title='bbox 2934 4173 3119 4227; x_wconf 83' lang='grc' dir='ltr'>αὑτοῦ</span> <span class='ocrx_word' id='word_1_904' title='bbox 3159 4172 3286 4242; x_wconf 84' lang='grc' dir='ltr'>μετ’</span> <span class='ocrx_word' id='word_1_905' title='bbox 3311 4173 3514 4227; x_wconf 85' lang='grc' dir='ltr'>αὐτοῦ.</span> <span class='ocrx_word' id='word_1_906' title='bbox 3553 4176 3827 4245; x_wconf 83' lang='grc' dir='ltr'>Ἐνακμά·</span> 
     </span>
    </p>
   </div>
   <div class='ocr_carea' id='block_1_115' title="bbox 2169 4252 3828 4327">
    <p class='ocr_par' dir='ltr' id='par_1_115' title="bbox 2169 4252 3828 4327">
     <span class='ocr_line' id='line_1_115' title="bbox 2169 4252 3828 4327; baseline 0.001 -20"><span class='ocrx_word' id='word_1_907' title='bbox 2169 4257 2328 4320; x_wconf 80' lang='grc' dir='ltr'>ζοντα</span> <span class='ocrx_word' id='word_1_908' title='bbox 2369 4253 2506 4324; x_wconf 79' lang='grc' dir='ltr'>ἔχων</span> <span class='ocrx_word' id='word_1_909' title='bbox 2538 4252 2616 4305; x_wconf 73' lang='grc' dir='ltr'>ἔτι</span> <span class='ocrx_word' id='word_1_910' title='bbox 2641 4254 2730 4304; x_wconf 85' lang='grc' dir='ltr'>τὸν</span> <span class='ocrx_word' id='word_1_911' title='bbox 2760 4253 2921 4322; x_wconf 82' lang='grc' dir='ltr'>φόϐον</span> <span class='ocrx_word' id='word_1_912' title='bbox 2947 4254 3046 4322; x_wconf 85' lang='grc' dir='ltr'>τῆς</span> <span class='ocrx_word' id='word_1_913' title='bbox 3074 4253 3341 4323; x_wconf 87' lang='grc' dir='ltr'>τιμωρίας</span> <span class='ocrx_word' id='word_1_914' title='bbox 3369 4254 3466 4323; x_wconf 82' lang='grc' dir='ltr'>τῆς</span> <span class='ocrx_word' id='word_1_915' title='bbox 3495 4255 3828 4327; x_wconf 82' lang='grc' dir='ltr'>ἐπαχθείσης</span> 
     </span>
    </p>
   </div>
   <div class='ocr_carea' id='block_1_116' title="bbox 2167 4332 3827 4402">
    <p class='ocr_par' dir='ltr' id='par_1_116' title="bbox 2167 4332 3827 4402">
     <span class='ocr_line' id='line_1_116' title="bbox 2167 4332 3827 4402; baseline 0.001 -15"><span class='ocrx_word' id='word_1_916' title='bbox 2167 4337 2278 4397; x_wconf 86' lang='grc' dir='ltr'>τοῖς</span> <span class='ocrx_word' id='word_1_917' title='bbox 2315 4333 2454 4386; x_wconf 89' lang='grc' dir='ltr'>κατά</span> <span class='ocrx_word' id='word_1_918' title='bbox 2495 4333 2562 4385; x_wconf 88' lang='grc' dir='ltr'>τά</span> <span class='ocrx_word' id='word_1_919' title='bbox 2602 4332 2825 4402; x_wconf 76' lang='grc' dir='ltr'>Σόδομα,</span> <span class='ocrx_word' id='word_1_920' title='bbox 2855 4332 3132 4402; x_wconf 77' lang='grc' dir='ltr'>πόρρωθεν</span> <span class='ocrx_word' id='word_1_921' title='bbox 3176 4333 3391 4386; x_wconf 83' lang='grc' dir='ltr'>ἄπεισιν</span> <span class='ocrx_word' id='word_1_922' title='bbox 3419 4333 3446 4384; x_wconf 90' lang='grc' dir='ltr'>ὀ</span> <span class='ocrx_word' id='word_1_923' title='bbox 3471 4333 3703 4397; x_wconf 86' lang='grc' dir='ltr'>δίκαιος,</span> <span class='ocrx_word' id='word_1_924' title='bbox 3732 4338 3827 4389; x_wconf 90' lang='grc' dir='ltr'>καὶ</span> 
     </span>
    </p>
   </div>
   <div class='ocr_carea' id='block_1_117' title="bbox 2168 4409 3829 4482">
    <p class='ocr_par' dir='ltr' id='par_1_117' title="bbox 2168 4409 3829 4482">
     <span class='ocr_line' id='line_1_117' title="bbox 2168 4409 3829 4482; baseline 0 -18"><span class='ocrx_word' id='word_1_925' title='bbox 2168 4415 2246 4474; x_wconf 87' lang='grc' dir='ltr'>είς</span> <span class='ocrx_word' id='word_1_926' title='bbox 2288 4412 2347 4464; x_wconf 83' lang='grc' dir='ltr'>τὸ</span> <span class='ocrx_word' id='word_1_927' title='bbox 2380 4412 2535 4482; x_wconf 75' lang='grc' dir='ltr'>ὄρος,</span> <span class='ocrx_word' id='word_1_928' title='bbox 2573 4413 2723 4479; x_wconf 86' lang='grc' dir='ltr'>φησὶ,</span> <span class='ocrx_word' id='word_1_929' title='bbox 2754 4415 2994 4464; x_wconf 88' lang='grc' dir='ltr'>κατοικεῖ</span> <span class='ocrx_word' id='word_1_930' title='bbox 3033 4410 3169 4480; x_wconf 86' lang='grc' dir='ltr'>μετά</span> <span class='ocrx_word' id='word_1_931' title='bbox 3211 4410 3320 4462; x_wconf 87' lang='grc' dir='ltr'>τῶν</span> <span class='ocrx_word' id='word_1_932' title='bbox 3359 4409 3696 4482; x_wconf 76' lang='grc' dir='ltr'>θυγατέρων,</span> <span class='ocrx_word' id='word_1_933' title='bbox 3734 4415 3829 4466; x_wconf 80' lang='grc' dir='ltr'>καὶ</span> 
     </span>
    </p>
   </div>
   <div class='ocr_carea' id='block_1_118' title="bbox 2168 4489 3828 4562">
    <p class='ocr_par' dir='ltr' id='par_1_118' title="bbox 2168 4489 3828 4562">
     <span class='ocr_line' id='line_1_118' title="bbox 2168 4489 3828 4562; baseline 0 -18"><span class='ocrx_word' id='word_1_934' title='bbox 2168 4494 2225 4544; x_wconf 92' lang='grc' dir='ltr'>ἐν</span> <span class='ocrx_word' id='word_1_935' title='bbox 2249 4491 2452 4562; x_wconf 78' lang='grc' dir='ltr'>ἐρημίᾳ</span> <span class='ocrx_word' id='word_1_936' title='bbox 2477 4490 2678 4560; x_wconf 85' lang='grc' dir='ltr'>ἐσχάτῃ</span> <span class='ocrx_word' id='word_1_937' title='bbox 2707 4491 2797 4542; x_wconf 92' lang='grc' dir='ltr'>καὶ</span> <span class='ocrx_word' id='word_1_938' title='bbox 2821 4489 3048 4558; x_wconf 84' lang='grc' dir='ltr'>μονώσει</span> <span class='ocrx_word' id='word_1_939' title='bbox 3076 4489 3257 4542; x_wconf 84' lang='grc' dir='ltr'>λοιπὸν</span> <span class='ocrx_word' id='word_1_940' title='bbox 3275 4489 3530 4558; x_wconf 87' lang='grc' dir='ltr'>ἐτύγχανε</span> <span class='ocrx_word' id='word_1_941' title='bbox 3557 4493 3693 4560; x_wconf 79' lang='grc' dir='ltr'>μετὰ</span> <span class='ocrx_word' id='word_1_942' title='bbox 3720 4492 3828 4544; x_wconf 88' lang='grc' dir='ltr'>τῶν</span> 
     </span>
    </p>
   </div>
   <div class='ocr_carea' id='block_1_119' title="bbox 2167 4566 3828 4639">
    <p class='ocr_par' dir='ltr' id='par_1_119' title="bbox 2167 4566 3828 4639">
     <span class='ocr_line' id='line_1_119' title="bbox 2167 4566 3828 4639; baseline 0.001 -16"><span class='ocrx_word' id='word_1_943' title='bbox 2167 4569 2260 4624; x_wconf 90' lang='grc' dir='ltr'>δύο</span> <span class='ocrx_word' id='word_1_944' title='bbox 2296 4569 2606 4638; x_wconf 86' lang='grc' dir='ltr'>θυγατέρων</span> <span class='ocrx_word' id='word_1_945' title='bbox 2649 4572 2706 4622; x_wconf 91' lang='grc' dir='ltr'>ἐν</span> <span class='ocrx_word' id='word_1_946' title='bbox 2738 4567 2815 4638; x_wconf 83' lang='grc' dir='ltr'>τῷ</span> <span class='ocrx_word' id='word_1_947' title='bbox 2855 4569 2969 4639; x_wconf 79' lang='grc' dir='ltr'>δρει</span> <span class='ocrx_word' id='word_1_948' title='bbox 3020 4569 3307 4623; x_wconf 89' lang='grc' dir='ltr'>κατοικῶν.</span> <span class='ocrx_word' id='word_1_949' title='bbox 3338 4566 3484 4623; x_wconf 79' lang='grc' dir='ltr'>Εἷπε</span> <span class='ocrx_word' id='word_1_950' title='bbox 3512 4569 3601 4633; x_wconf 74' lang='grc' dir='ltr'>δὲ,</span> <span class='ocrx_word' id='word_1_951' title='bbox 3641 4573 3828 4639; x_wconf 78' lang='grc' dir='ltr'>φησὶν,</span> 
     </span>
    </p>
   </div>
   <div class='ocr_carea' id='block_1_120' title="bbox 2168 4647 3831 4718">
    <p class='ocr_par' dir='ltr' id='par_1_120' title="bbox 2168 4647 3831 4718">
     <span class='ocr_line' id='line_1_120' title="bbox 2168 4647 3831 4718; baseline 0 -15"><span class='ocrx_word' id='word_1_952' title='bbox 2168 4651 2205 4716; x_wconf 73' lang='grc' dir='ltr'>ἢ</span> <span class='ocrx_word' id='word_1_953' title='bbox 2238 4647 2606 4716; x_wconf 85' lang='grc' dir='ltr'>πρεσϐυτέρα</span> <span class='ocrx_word' id='word_1_954' title='bbox 2633 4647 2782 4713; x_wconf 85' lang='grc' dir='ltr'>πρὸς</span> <span class='ocrx_word' id='word_1_955' title='bbox 2819 4648 2932 4715; x_wconf 84' lang='grc' dir='ltr'>τὴν</span> <span class='ocrx_word' id='word_1_956' title='bbox 2967 4647 3284 4714; x_wconf 85' lang='grc' dir='ltr'>νεωτέραν·</span> <span class='ocrx_word' id='word_1_957' title='bbox 3325 4647 3386 4700; x_wconf 89' lang='lat'>&#39;0</span> <span class='ocrx_word' id='word_1_958' title='bbox 3427 4647 3620 4716; x_wconf 85' lang='grc' dir='ltr'>πατὴρ</span> <span class='ocrx_word' id='word_1_959' title='bbox 3660 4648 3831 4718; x_wconf 77' lang='grc' dir='ltr'>ἡμῶν</span> 
     </span>
    </p>
   </div>
   <div class='ocr_carea' id='block_1_121' title="bbox 2169 4725 3831 4796">
    <p class='ocr_par' dir='ltr' id='par_1_121' title="bbox 2169 4725 3831 4796">
     <span class='ocr_line' id='line_1_121' title="bbox 2169 4725 3831 4796; baseline 0.001 -17"><span class='ocrx_word' id='word_1_960' title='bbox 2169 4728 2586 4794; x_wconf 85' lang='grc' dir='ltr'>πρεσϐύτερος,</span> <span class='ocrx_word' id='word_1_961' title='bbox 2613 4727 2709 4780; x_wconf 77' lang='grc' dir='ltr'>καί</span> <span class='ocrx_word' id='word_1_962' title='bbox 2743 4726 2940 4793; x_wconf 81' lang='grc' dir='ltr'>οὐδείς</span> <span class='ocrx_word' id='word_1_963' title='bbox 2975 4727 3144 4781; x_wconf 85' lang='grc' dir='ltr'>ἐστιν</span> <span class='ocrx_word' id='word_1_964' title='bbox 3179 4727 3275 4779; x_wconf 80' lang='grc' dir='ltr'>ἐπὶ</span> <span class='ocrx_word' id='word_1_965' title='bbox 3317 4725 3425 4796; x_wconf 84' lang='grc' dir='ltr'>τῆς</span> <span class='ocrx_word' id='word_1_966' title='bbox 3452 4726 3584 4795; x_wconf 76' lang='grc' dir='ltr'>γῆς,</span> <span class='ocrx_word' id='word_1_967' title='bbox 3609 4726 3678 4792; x_wconf 87' lang='grc' dir='ltr'>ὃς</span> <span class='ocrx_word' id='word_1_968' title='bbox 3707 4731 3831 4781; x_wconf 83' lang='grc' dir='ltr'>εἱσ-</span> 
     </span>
    </p>
   </div>
   <div class='ocr_carea' id='block_1_122' title="bbox 2168 4803 3827 4874">
    <p class='ocr_par' dir='ltr' id='par_1_122' title="bbox 2168 4803 3827 4874">
     <span class='ocr_line' id='line_1_122' title="bbox 2168 4803 3827 4874; baseline 0.001 -15"><span class='ocrx_word' id='word_1_969' title='bbox 2168 4807 2477 4859; x_wconf 85' lang='grc' dir='ltr'>ελεύσεται</span> <span class='ocrx_word' id='word_1_970' title='bbox 2529 4804 2677 4872; x_wconf 81' lang='grc' dir='ltr'>πρὸς</span> <span class='ocrx_word' id='word_1_971' title='bbox 2729 4804 2905 4873; x_wconf 78' lang='grc' dir='ltr'>ἡμᾶς,</span> <span class='ocrx_word' id='word_1_972' title='bbox 2945 4807 3025 4870; x_wconf 87' lang='grc' dir='ltr'>ὡς</span> <span class='ocrx_word' id='word_1_973' title='bbox 3079 4806 3324 4870; x_wconf 78' lang='grc' dir='ltr'>καθήκει</span> <span class='ocrx_word' id='word_1_974' title='bbox 3376 4805 3542 4872; x_wconf 81' lang='grc' dir='ltr'>πάσῃ</span> <span class='ocrx_word' id='word_1_975' title='bbox 3598 4804 3674 4872; x_wconf 80' lang='grc' dir='ltr'>τῇ</span> <span class='ocrx_word' id='word_1_976' title='bbox 3726 4803 3827 4874; x_wconf 74' lang='grc' dir='ltr'>τῇ.</span> 
     </span>
    </p>
   </div>
   <div class='ocr_carea' id='block_1_123' title="bbox 2170 4879 3826 4952">
    <p class='ocr_par' dir='ltr' id='par_1_123' title="bbox 2170 4879 3826 4952">
     <span class='ocr_line' id='line_1_123' title="bbox 2170 4879 3826 4952; baseline 0 -14"><span class='ocrx_word' id='word_1_977' title='bbox 2170 4886 2351 4951; x_wconf 84' lang='grc' dir='ltr'>Δεῦρο</span> <span class='ocrx_word' id='word_1_978' title='bbox 2375 4924 2390 4948; x_wconf 92' lang='grc'>,</span> <span class='ocrx_word' id='word_1_979' title='bbox 2447 4883 2546 4935; x_wconf 76' lang='grc' dir='ltr'>καὶ</span> <span class='ocrx_word' id='word_1_980' title='bbox 2594 4883 2930 4951; x_wconf 84' lang='grc' dir='ltr'>ποτίσωμεν</span> <span class='ocrx_word' id='word_1_981' title='bbox 2982 4883 3089 4937; x_wconf 88' lang='grc' dir='ltr'>τὸν</span> <span class='ocrx_word' id='word_1_982' title='bbox 3143 4882 3367 4952; x_wconf 84' lang='grc' dir='ltr'>πατέρα</span> <span class='ocrx_word' id='word_1_983' title='bbox 3409 4881 3579 4951; x_wconf 76' lang='grc' dir='ltr'>ἡμῶν</span> <span class='ocrx_word' id='word_1_984' title='bbox 3626 4879 3826 4949; x_wconf 74' lang='grc' dir='ltr'>οἶνον,</span> 
     </span>
    </p>
   </div>
   <div class='ocr_carea' id='block_1_124' title="bbox 2170 4961 3831 5032">
    <p class='ocr_par' dir='ltr' id='par_1_124' title="bbox 2170 4961 3831 5032">
     <span class='ocr_line' id='line_1_124' title="bbox 2170 4961 3831 5032; baseline -0.002 -14"><span class='ocrx_word' id='word_1_985' title='bbox 2170 4963 2270 5018; x_wconf 78' lang='grc' dir='ltr'>καὶ</span> <span class='ocrx_word' id='word_1_986' title='bbox 2315 4961 2683 5031; x_wconf 82' lang='grc' dir='ltr'>κοιμηθῶμεν</span> <span class='ocrx_word' id='word_1_987' title='bbox 2719 4962 2847 5030; x_wconf 82' lang='grc' dir='ltr'>μετ’</span> <span class='ocrx_word' id='word_1_988' title='bbox 2882 4963 3067 5016; x_wconf 85' lang='grc' dir='ltr'>αὐτοῦ</span> <span class='ocrx_word' id='word_1_989' title='bbox 3095 5000 3112 5025; x_wconf 96' lang='grc'>,</span> <span class='ocrx_word' id='word_1_990' title='bbox 3167 4961 3264 5015; x_wconf 83' lang='grc' dir='ltr'>καὶ</span> <span class='ocrx_word' id='word_1_991' title='bbox 3319 4961 3831 5032; x_wconf 79' lang='grc' dir='ltr'>ἐξαναστήσωμεν</span> 
     </span>
    </p>
   </div>
   <div class='ocr_carea' id='block_1_125' title="bbox 2170 5040 3830 5110">
    <p class='ocr_par' dir='ltr' id='par_1_125' title="bbox 2170 5040 3830 5110">
     <span class='ocr_line' id='line_1_125' title="bbox 2170 5040 3830 5110; baseline -0.001 -13"><span class='ocrx_word' id='word_1_992' title='bbox 2170 5042 2408 5110; x_wconf 85' lang='grc' dir='ltr'>σπέρμα</span> <span class='ocrx_word' id='word_1_993' title='bbox 2431 5043 2498 5094; x_wconf 85' lang='grc' dir='ltr'>ἐκ</span> <span class='ocrx_word' id='word_1_994' title='bbox 2522 5041 2628 5094; x_wconf 88' lang='grc' dir='ltr'>τοῦ</span> <span class='ocrx_word' id='word_1_995' title='bbox 2653 5040 2874 5108; x_wconf 84' lang='grc' dir='ltr'>πατρὸς</span> <span class='ocrx_word' id='word_1_996' title='bbox 2895 5041 3081 5109; x_wconf 78' lang='grc' dir='ltr'>ἡμῶν.</span> <span class='ocrx_word' id='word_1_997' title='bbox 3110 5041 3241 5094; x_wconf 82' lang='grc' dir='ltr'>Μετ’</span> <span class='ocrx_word' id='word_1_998' title='bbox 3270 5041 3555 5105; x_wconf 77' lang='grc' dir='ltr'>εὐλαϐείας</span> <span class='ocrx_word' id='word_1_999' title='bbox 3595 5043 3689 5096; x_wconf 88' lang='grc' dir='ltr'>καὶ</span> <span class='ocrx_word' id='word_1_1000' title='bbox 3734 5045 3830 5109; x_wconf 86' lang='grc' dir='ltr'>φό-</span> 
     </span>
    </p>
   </div>
   <div class='ocr_carea' id='block_1_126' title="bbox 2171 5119 3830 5190">
    <p class='ocr_par' dir='ltr' id='par_1_126' title="bbox 2171 5119 3830 5190">
     <span class='ocr_line' id='line_1_126' title="bbox 2171 5119 3830 5190; baseline -0.001 -15"><span class='ocrx_word' id='word_1_1001' title='bbox 2171 5123 2264 5175; x_wconf 89' lang='grc' dir='ltr'>ϐου</span> <span class='ocrx_word' id='word_1_1002' title='bbox 2307 5119 2502 5173; x_wconf 78' lang='grc' dir='ltr'>πολλοῦ</span> <span class='ocrx_word' id='word_1_1003' title='bbox 2537 5119 2845 5189; x_wconf 88' lang='grc' dir='ltr'>ἀκούωμεν,</span> <span class='ocrx_word' id='word_1_1004' title='bbox 2889 5121 3204 5190; x_wconf 83' lang='grc' dir='ltr'>ἀγαπητοὶ,</span> <span class='ocrx_word' id='word_1_1005' title='bbox 3249 5120 3358 5172; x_wconf 91' lang='grc' dir='ltr'>τῶν</span> <span class='ocrx_word' id='word_1_1006' title='bbox 3395 5123 3452 5172; x_wconf 86' lang='grc' dir='ltr'>ἐν</span> <span class='ocrx_word' id='word_1_1007' title='bbox 3497 5123 3615 5183; x_wconf 86' lang='grc' dir='ltr'>ταῖς</span> <span class='ocrx_word' id='word_1_1008' title='bbox 3655 5120 3830 5185; x_wconf 87' lang='grc' dir='ltr'>θείαις</span> 
     </span>
    </p>
   </div>
   <div class='ocr_carea' id='block_1_127' title="bbox 2171 5199 3828 5271">
    <p class='ocr_par' dir='ltr' id='par_1_127' title="bbox 2171 5199 3828 5271">
     <span class='ocr_line' id='line_1_127' title="bbox 2171 5199 3828 5271; baseline 0 -19"><span class='ocrx_word' id='word_1_1009' title='bbox 2171 5201 2411 5271; x_wconf 86' lang='grc' dir='ltr'>Γραφαίς</span> <span class='ocrx_word' id='word_1_1010' title='bbox 2467 5199 2734 5268; x_wconf 90' lang='grc' dir='ltr'>κειμένων</span> <span class='ocrx_word' id='word_1_1011' title='bbox 2770 5215 2784 5228; x_wconf 85' lang='grc'><strong>·</strong></span> <span class='ocrx_word' id='word_1_1012' title='bbox 2821 5199 2972 5252; x_wconf 80' lang='grc' dir='ltr'>οὐδὲν</span> <span class='ocrx_word' id='word_1_1013' title='bbox 3022 5201 3127 5270; x_wconf 86' lang='grc' dir='ltr'>γάρ</span> <span class='ocrx_word' id='word_1_1014' title='bbox 3181 5199 3368 5263; x_wconf 88' lang='grc' dir='ltr'>ἁπλῶς</span> <span class='ocrx_word' id='word_1_1015' title='bbox 3421 5200 3514 5254; x_wconf 88' lang='grc' dir='ltr'>καὶ</span> <span class='ocrx_word' id='word_1_1016' title='bbox 3562 5200 3686 5267; x_wconf 88' lang='grc' dir='ltr'>είκῆ</span> <span class='ocrx_word' id='word_1_1017' title='bbox 3737 5202 3828 5269; x_wconf 62' lang='grc' dir='ltr'>γέ-</span> 
     </span>
    </p>
   </div>
   <div class='ocr_carea' id='block_1_128' title="bbox 2171 5277 3828 5349">
    <p class='ocr_par' dir='ltr' id='par_1_128' title="bbox 2171 5277 3828 5349">
     <span class='ocr_line' id='line_1_128' title="bbox 2171 5277 3828 5349; baseline 0.001 -19"><span class='ocrx_word' id='word_1_1018' title='bbox 2171 5295 2432 5349; x_wconf 89' lang='grc' dir='ltr'>γραπται,</span> <span class='ocrx_word' id='word_1_1019' title='bbox 2465 5278 2599 5331; x_wconf 86' lang='grc' dir='ltr'>ἀλλὰ</span> <span class='ocrx_word' id='word_1_1020' title='bbox 2633 5277 2809 5331; x_wconf 85' lang='grc' dir='ltr'>πάντα</span> <span class='ocrx_word' id='word_1_1021' title='bbox 2854 5278 3238 5348; x_wconf 86' lang='grc' dir='ltr'>συμφερόντως</span> <span class='ocrx_word' id='word_1_1022' title='bbox 3263 5278 3359 5332; x_wconf 83' lang='grc' dir='ltr'>καὶ</span> <span class='ocrx_word' id='word_1_1023' title='bbox 3387 5278 3523 5349; x_wconf 84' lang='grc' dir='ltr'>πρὸς</span> <span class='ocrx_word' id='word_1_1024' title='bbox 3563 5279 3828 5346; x_wconf 86' lang='grc' dir='ltr'>ὠφέλειαν</span> 
     </span>
    </p>
   </div>
   <div class='ocr_carea' id='block_1_129' title="bbox 2171 5353 3828 5429">
    <p class='ocr_par' dir='ltr' id='par_1_129' title="bbox 2171 5353 3828 5429">
     <span class='ocr_line' id='line_1_129' title="bbox 2171 5353 3828 5429; baseline 0.002 -20"><span class='ocrx_word' id='word_1_1025' title='bbox 2171 5358 2464 5429; x_wconf 88' lang='grc' dir='ltr'>ἡμετέραν,</span> <span class='ocrx_word' id='word_1_1026' title='bbox 2499 5357 2602 5410; x_wconf 82' lang='grc' dir='ltr'>κᾶν</span> <span class='ocrx_word' id='word_1_1027' title='bbox 2631 5359 2790 5427; x_wconf 84' lang='grc' dir='ltr'>ἡμεῖς</span> <span class='ocrx_word' id='word_1_1028' title='bbox 2829 5356 2943 5409; x_wconf 79' lang='grc' dir='ltr'>ἔνια</span> <span class='ocrx_word' id='word_1_1029' title='bbox 2992 5357 3293 5428; x_wconf 90' lang='grc' dir='ltr'>ἀγνοῶμεν.</span> <span class='ocrx_word' id='word_1_1030' title='bbox 3347 5353 3423 5410; x_wconf 91' lang='lat' dir='ltr'><strong>O6</strong></span> <span class='ocrx_word' id='word_1_1031' title='bbox 3472 5356 3582 5428; x_wconf 79' lang='grc' dir='ltr'>γάρ</span> <span class='ocrx_word' id='word_1_1032' title='bbox 3612 5358 3828 5412; x_wconf 75' lang='grc' dir='ltr'>ἅπαντα</span> 
     </span>
    </p>
   </div>
   <div class='ocr_carea' id='block_1_130' title="bbox 2171 5435 3827 5507">
    <p class='ocr_par' dir='ltr' id='par_1_130' title="bbox 2171 5435 3827 5507">
     <span class='ocr_line' id='line_1_130' title="bbox 2171 5435 3827 5507; baseline 0.003 -18"><span class='ocrx_word' id='word_1_1033' title='bbox 2171 5436 2446 5506; x_wconf 87' lang='grc' dir='ltr'>δυνάμεθα</span> <span class='ocrx_word' id='word_1_1034' title='bbox 2495 5436 2634 5507; x_wconf 84' lang='grc' dir='ltr'>μετὰ</span> <span class='ocrx_word' id='word_1_1035' title='bbox 2682 5435 2966 5507; x_wconf 88' lang='grc' dir='ltr'>ἀκριϐείας</span> <span class='ocrx_word' id='word_1_1036' title='bbox 2995 5437 3226 5502; x_wconf 80' lang='grc' dir='ltr'>εἰδέναι,</span> <span class='ocrx_word' id='word_1_1037' title='bbox 3281 5438 3396 5492; x_wconf 84' lang='grc' dir='ltr'>ἀλλ’</span> <span class='ocrx_word' id='word_1_1038' title='bbox 3439 5440 3487 5492; x_wconf 86' lang='grc' dir='ltr'>εί</span> <span class='ocrx_word' id='word_1_1039' title='bbox 3521 5439 3615 5491; x_wconf 89' lang='grc' dir='ltr'>καὶ</span> <span class='ocrx_word' id='word_1_1040' title='bbox 3647 5440 3827 5503; x_wconf 87' lang='grc' dir='ltr'>αἰτίας</span> 
     </span>
    </p>
   </div>
   <div class='ocr_carea' id='block_1_131' title="bbox 2235 5522 3822 5588">
    <p class='ocr_par' dir='ltr' id='par_1_131' title="bbox 2235 5522 3822 5588">
     <span class='ocr_line' id='line_1_131' title="bbox 2235 5522 3822 5588; baseline 0.003 -16"><span class='ocrx_word' id='word_1_1041' title='bbox 2235 5525 2261 5553; x_wconf 73' lang='grc'><strong>³</strong></span> <span class='ocrx_word' id='word_1_1042' title='bbox 2287 5525 2659 5588; x_wconf 72' lang='grc' dir='ltr'>Εύγνωμοοσύνην</span> <span class='ocrx_word' id='word_1_1043' title='bbox 2681 5525 2760 5574; x_wconf 88' lang='lat' dir='ltr'>hic</span> <span class='ocrx_word' id='word_1_1044' title='bbox 2783 5522 3118 5588; x_wconf 75' lang='lat' dir='ltr'>ingenuitatem</span> <span class='ocrx_word' id='word_1_1045' title='bbox 3141 5532 3360 5588; x_wconf 75' lang='lat' dir='ltr'>verterat</span> <span class='ocrx_word' id='word_1_1046' title='bbox 3379 5529 3624 5588; x_wconf 79' lang='lat' dir='ltr'>lnlerpres</span> <span class='ocrx_word' id='word_1_1047' title='bbox 3663 5535 3822 5586; x_wconf 75' lang='lat' dir='ltr'>vetns.</span> 
     </span>
    </p>
   </div>
   <div class='ocr_carea' id='block_1_132' title="bbox 2171 5587 3826 5653">
    <p class='ocr_par' dir='ltr' id='par_1_132' title="bbox 2171 5587 3826 5653">
     <span class='ocr_line' id='line_1_132' title="bbox 2171 5587 3826 5653; baseline 0.001 -19"><span class='ocrx_word' id='word_1_1048' title='bbox 2171 5599 2267 5634; x_wconf 89' lang='lat' dir='ltr'><strong>non</strong></span> <span class='ocrx_word' id='word_1_1049' title='bbox 2292 5587 2443 5653; x_wconf 86' lang='lat' dir='ltr'>ma_le;</span> <span class='ocrx_word' id='word_1_1050' title='bbox 2460 5587 2644 5653; x_wconf 82' lang='lat' dir='ltr'><strong>melius</strong></span> <span class='ocrx_word' id='word_1_1051' title='bbox 2669 5587 2937 5653; x_wconf 53' lang='lat' dir='ltr'>pamen&#39;hiq</span> <span class='ocrx_word' id='word_1_1052' title='bbox 2966 5595 3085 5653; x_wconf 79' lang='lat' dir='ltr'>puto</span> <span class='ocrx_word' id='word_1_1053' title='bbox 3106 5590 3250 5653; x_wconf 54' lang='lat' dir='ltr'><strong>venti,</strong></span> <span class='ocrx_word' id='word_1_1054' title='bbox 3287 5587 3458 5638; x_wconf 83' lang='lat' dir='ltr'><strong><em>bonum</em></strong></span> <span class='ocrx_word' id='word_1_1055' title='bbox 3489 5587 3534 5653; x_wconf 68' lang='grc' dir='ltr'>ει</span> <span class='ocrx_word' id='word_1_1056' title='bbox 3551 5589 3688 5653; x_wconf 53' lang='lat' dir='ltr'>pium</span> <span class='ocrx_word' id='word_1_1057' title='bbox 3708 5588 3826 5653; x_wconf 64' lang='lat' dir='ltr'>am:-</span> 
     </span>
    </p>
   </div>
   <div class='ocr_carea' id='block_1_133' title="bbox 2171 5647 3829 5710">
    <p class='ocr_par' dir='ltr' id='par_1_133' title="bbox 2171 5647 3829 5710">
     <span class='ocr_line' id='line_1_133' title="bbox 2171 5647 3829 5710; baseline 0.001 -14"><span class='ocrx_word' id='word_1_1058' title='bbox 2171 5653 2321 5696; x_wconf 81' lang='lat' dir='ltr'>clum.</span> <span class='ocrx_word' id='word_1_1059' title='bbox 2344 5648 2792 5710; x_wconf 66' lang='lat' dir='ltr'>Frequentissimus</span> <span class='ocrx_word' id='word_1_1060' title='bbox 2811 5656 2887 5695; x_wconf 70' lang='lat' dir='ltr'>est</span> <span class='ocrx_word' id='word_1_1061' title='bbox 2925 5647 3068 5710; x_wconf 83' lang='lat' dir='ltr'><strong>hujus</strong></span> <span class='ocrx_word' id='word_1_1062' title='bbox 3094 5647 3224 5698; x_wconf 88' lang='lat' dir='ltr'>vocis</span> <span class='ocrx_word' id='word_1_1063' title='bbox 3248 5665 3366 5699; x_wconf 86' lang='lat' dir='ltr'><strong>usus</strong></span> <span class='ocrx_word' id='word_1_1064' title='bbox 3387 5650 3514 5710; x_wconf 88' lang='lat' dir='ltr'><strong>apud</strong></span> <span class='ocrx_word' id='word_1_1065' title='bbox 3540 5647 3829 5710; x_wconf 53' lang='lat' dir='ltr'>Chrysoﬂo—</span> 
     </span>
    </p>
   </div>
   <div class='ocr_carea' id='block_1_134' title="bbox 2172 5708 3824 5773">
    <p class='ocr_par' dir='ltr' id='par_1_134' title="bbox 2172 5708 3824 5773">
     <span class='ocr_line' id='line_1_134' title="bbox 2172 5708 3824 5773; baseline 0.002 -18"><span class='ocrx_word' id='word_1_1066' title='bbox 2172 5722 2323 5773; x_wconf 79' lang='lat' dir='ltr'><strong>mum,</strong></span> <span class='ocrx_word' id='word_1_1067' title='bbox 2345 5709 2432 5773; x_wconf 59' lang='lat' dir='ltr'>sed</span> <span class='ocrx_word' id='word_1_1068' title='bbox 2455 5708 2507 5756; x_wconf 70' lang='grc' dir='ltr'>ει</span> <span class='ocrx_word' id='word_1_1069' title='bbox 2532 5710 2615 5758; x_wconf 78' lang='lat' dir='ltr'>ille</span> <span class='ocrx_word' id='word_1_1070' title='bbox 2637 5709 2821 5773; x_wconf 80' lang='lat' dir='ltr'><strong>varius;</strong></span> <span class='ocrx_word' id='word_1_1071' title='bbox 2844 5721 2955 5756; x_wconf 84' lang='lat' dir='ltr'><strong>nam</strong></span> <span class='ocrx_word' id='word_1_1072' title='bbox 2975 5709 3233 5771; x_wconf 82' lang='lat' dir='ltr'>aliquando</span> <span class='ocrx_word' id='word_1_1073' title='bbox 3254 5708 3493 5773; x_wconf 59' lang='lat' dir='ltr'>signiﬁmt</span> <span class='ocrx_word' id='word_1_1074' title='bbox 3515 5708 3824 5773; x_wconf 55' lang='lat' dir='ltr'>probitatem-‘3,</span> 
     </span>
    </p>
   </div>
   <div class='ocr_carea' id='block_1_135' title="bbox 2177 5769 3823 5878">
    <p class='ocr_par' dir='ltr' id='par_1_135' title="bbox 2177 5769 3823 5878">
     <span class='ocr_line' id='line_1_135' title="bbox 2177 5769 3823 5878; baseline 0.003 -60"><span class='ocrx_word' id='word_1_1075' title='bbox 2177 5770 2646 5878; x_wconf 43' lang='grc' dir='ltr'>ειίρυοηὲρΐρναιαηι</span> <span class='ocrx_word' id='word_1_1076' title='bbox 2681 5769 2926 5830; x_wconf 77' lang='lat' dir='ltr'>animum;</span> <span class='ocrx_word' id='word_1_1077' title='bbox 2968 5769 3235 5833; x_wconf 64' lang='lat' dir='ltr'>sapissime</span> <span class='ocrx_word' id='word_1_1078' title='bbox 3277 5769 3368 5834; x_wconf 60' lang='grc' dir='ltr'>ρει-</span> <span class='ocrx_word' id='word_1_1079' title='bbox 3410 5771 3584 5822; x_wconf 68' lang='lat' dir='ltr'>bonam</span> <span class='ocrx_word' id='word_1_1080' title='bbox 3605 5769 3823 5839; x_wconf 72' lang='lat' dir='ltr'>aﬂectuni</span> 
     </span>
     <span class='ocr_line' id='line_1_136' title="bbox 2177 5844 2555 5878; baseline 0 0"><span class='ocrx_word' id='word_1_1081' title='bbox 2177 5846 2236 5878; x_wconf 77' lang='lat' dir='ltr'>ab</span> <span class='ocrx_word' id='word_1_1082' title='bbox 2261 5845 2289 5878; x_wconf 78' lang='grc' dir='ltr'>ο</span> <span class='ocrx_word' id='word_1_1083' title='bbox 2317 5844 2372 5878; x_wconf 86' lang='lat' dir='ltr'>re</span> <span class='ocrx_word' id='word_1_1084' title='bbox 2442 5845 2454 5878; x_wconf 90' lang='grc' dir='ltr'>ι</span> <span class='ocrx_word' id='word_1_1085' title='bbox 2482 5845 2555 5878; x_wconf 82' lang='lat' dir='ltr'>ur.</span> 
     </span>
    </p>
   </div>
   <div class='ocr_carea' id='block_1_136' title="bbox 2176 5840 2555 5892">
    <p class='ocr_par' dir='ltr' id='par_1_136' title="bbox 2176 5840 2555 5892">
     <span class='ocr_line' id='line_1_137' title="bbox 2176 5840 2555 5892; baseline -0.005 -12"><span class='ocrx_word' id='word_1_1086' title='bbox 2176 5840 2289 5892; x_wconf 80' lang='lat' dir='ltr'>apte</span> <span class='ocrx_word' id='word_1_1087' title='bbox 2317 5840 2555 5880; x_wconf 74' lang='lat' dir='ltr'>redditur.</span> 
     </span>
    </p>
   </div>
   <div class='ocr_carea' id='block_1_137' title="bbox 2239 5891 3816 5953">
    <p class='ocr_par' dir='ltr' id='par_1_137' title="bbox 2239 5891 3816 5953">
     <span class='ocr_line' id='line_1_138' title="bbox 2239 5891 3816 5953; baseline 0.006 -17"><span class='ocrx_word' id='word_1_1088' title='bbox 2239 5893 2265 5930; x_wconf 69' lang='grc' dir='ltr'>Ι»</span> <span class='ocrx_word' id='word_1_1089' title='bbox 2290 5892 2437 5940; x_wconf 82' lang='lat' dir='ltr'>Savil.</span> <span class='ocrx_word' id='word_1_1090' title='bbox 2465 5899 2517 5939; x_wconf 73' lang='lat' dir='ltr'>et</span> <span class='ocrx_word' id='word_1_1091' title='bbox 2539 5893 2727 5953; x_wconf 79' lang='lat' dir='ltr'><strong>aliquot</strong></span> <span class='ocrx_word' id='word_1_1092' title='bbox 2750 5905 2865 5940; x_wconf 83' lang='lat' dir='ltr'>mss.</span> <span class='ocrx_word' id='word_1_1093' title='bbox 2905 5891 3158 5951; x_wconf 81' lang='grc' dir='ltr'>αἰτοῦντες,</span> <span class='ocrx_word' id='word_1_1094' title='bbox 3202 5895 3265 5952; x_wconf 82' lang='grc' dir='ltr'>εἰς</span> <span class='ocrx_word' id='word_1_1095' title='bbox 3304 5896 3357 5943; x_wconf 86' lang='grc' dir='ltr'>τὸ</span> <span class='ocrx_word' id='word_1_1096' title='bbox 3380 5897 3480 5953; x_wconf 81' lang='grc' dir='ltr'>έξης</span> <span class='ocrx_word' id='word_1_1097' title='bbox 3518 5895 3697 5952; x_wconf 71' lang='grc' dir='ltr'>πολλὴν</span> <span class='ocrx_word' id='word_1_1098' title='bbox 3734 5897 3816 5953; x_wconf 71' lang='grc' dir='ltr'>τὴν</span> 
     </span>
    </p>
   </div>
   <div class='ocr_carea' id='block_1_138' title="bbox 2175 5954 3204 6016">
    <p class='ocr_par' dir='ltr' id='par_1_138' title="bbox 2175 5954 3204 6016">
     <span class='ocr_line' id='line_1_139' title="bbox 2175 5954 3204 6016; baseline 0.002 -13"><span class='ocrx_word' id='word_1_1099' title='bbox 2175 5954 2411 6016; x_wconf 80' lang='grc' dir='ltr'>ἀκρίϐειαν</span> <span class='ocrx_word' id='word_1_1100' title='bbox 2434 5955 2778 6015; x_wconf 79' lang='grc' dir='ltr'>ἑπιδειξώμεθα.</span> <span class='ocrx_word' id='word_1_1101' title='bbox 2799 5956 2876 6003; x_wconf 82' lang='grc' dir='ltr'>ἵνα</span> <span class='ocrx_word' id='word_1_1102' title='bbox 2897 5957 2975 6004; x_wconf 82' lang='grc' dir='ltr'>καὶ</span> <span class='ocrx_word' id='word_1_1103' title='bbox 3001 5956 3204 6005; x_wconf 85' lang='grc' dir='ltr'>πλείονα.</span> 
     </span>
    </p>
   </div>
  </div>
