4084 6356
198 420 305 478 409

195 536 359 589 iniam
387 551 401 589 :
426 549 548 589 nam
576 535 621 591 si
648 535 839 591 viderit
864 551 961 591 nos
986 536 1076 608 qui
1105 536 1423 593 offendimus
1444 579 1458 602 ,
1481 546 1533 591 et
1562 536 1789 607 ignomi-

200 628 336 681 niosi
377 626 499 681 facti
526 644 733 697 sumus,
766 629 1072 699 nullamque
1098 629 1355 684 habemus
1381 630 1646 688 fiduciam.
1666 643 1795 699 pau-

201 717 369 774 lulum
393 720 637 786 excitari,
665 729 716 775 et
738 721 804 775 ad
828 722 1123 776 clementiae
1145 738 1255 777 suae
1275 722 1487 777 divitias
1507 721 1796 790 confugere

200 812 451 866 volentes
474 851 489 875 ,
521 813 698 866 statim
730 813 978 883 precibus
1003 814 1218 881 annuit,
1247 824 1302 870 et
1330 830 1544 869 manum
1577 815 1799 885 porrigit

197 900 504 969 jacentibus
531 910 585 957 et
612 903 788 974 lapsos
817 905 1033 971 excitat,
1062 906 1360 976 clamatque
1387 906 1570 961 dicens
1591 924 1603 961 :
1625 904 1797 959 Num-

202 990 331 1058 quid
371 992 459 1061 qui
505 992 674 1057 cadit,
725 1011 827 1047 non
865 1005 1087 1066 resurget
1131 995 1344 1067 (Jerem.
1389 996 1442 1051 8.
1473 994 1570 1069 4)?
1600 996 1795 1051 Verum

206 1092 265 1136 ut
318 1083 480 1137 etiam
518 1100 584 1138 ex
624 1085 787 1139 rebus
817 1086 945 1155 ipsis
985 1088 1199 1142 discatis
1228 1087 1495 1157 quomodo
1524 1086 1675 1141 multi
1706 1102 1801 1157 per

205 1176 530 1245 semetipsos
567 1187 784 1232 orantes
813 1179 865 1233 id
891 1180 1031 1248 quod
1058 1180 1341 1250 cupiebant
1367 1183 1559 1235 melius
1588 1182 1797 1251 assequi

206 1267 520 1334 valuerunt,
551 1284 708 1338 quam
746 1285 843 1339 per
869 1272 1094 1327 aliorum
1123 1286 1339 1341 preces,
1367 1287 1545 1342 operae
1570 1274 1798 1342 pretium

207 1357 370 1413 fuerit
397 1375 524 1423 eos,
556 1361 748 1429 quibus
774 1362 824 1415 id
849 1363 1102 1431 contigit,
1133 1364 1187 1418 in
1210 1365 1441 1419 medium
1470 1363 1798 1433 producere,

208 1461 265 1504 ut
293 1462 345 1505 et
378 1467 475 1506 nos
498 1453 797 1519 imitemur,
832 1464 880 1509 et
915 1454 981 1508 ad
1012 1456 1398 1509 {etnulationem
1428 1471 1799 1525 provocemur.

208 1546 507 1607 Audiamus
538 1548 696 1617 igitur
722 1548 991 1618 quomodo
1017 1548 1317 1603 Chananma
1348 1550 1434 1604 illa
1463 1550 1655 1603 mulier
1677 1564 1799 1603 cum

209 1647 362 1693 esset
409 1639 728 1709 alienigena,
762 1648 816 1694 et
844 1640 1018 1694 anima
1041 1641 1190 1696 valde
1210 1643 1570 1707 cruciaretur,
1601 1642 1689 1696 ubi
1720 1642 1801 1695 vi-

209 1730 291 1784 dit
331 1730 591 1785 Medicum
631 1731 927 1785 animarum
951 1774 965 1795 ,
993 1741 1047 1786 et
1076 1732 1253 1787 Solem
1274 1732 1493 1803 justitite
1523 1734 1612 1803 qui
1641 1749 1803 1788 exor-

211 1832 301 1877 tus
321 1831 403 1878 est
427 1823 491 1877 iis
516 1824 605 1894 qui
633 1823 823 1878 sedent
848 1827 900 1878 in
931 1824 1196 1891 tenebris,
1229 1825 1451 1879 accessit
1471 1825 1537 1878 ad
1560 1841 1678 1879 eum
1702 1826 1805 1879 fer-

210 1916 340 1969 vido
365 1925 419 1968 et
443 1916 607 1970 alacri
634 1915 813 1971 studio
841 1925 982 1970 mota
1018 1934 1031 1970 :
1062 1932 1234 1987 neque
1260 1917 1379 1971 ideo
1404 1917 1617 1987 segnior
1644 1917 1802 1985 facta,

212 2008 358 2078 quod
397 2008 482 2062 vel
526 2009 750 2077 mulier,
780 2010 864 2063 vel
893 2010 1186 2080 alienigena
1219 2019 1361 2065 esset
1389 2027 1403 2063 :
1435 2010 1528 2065 sed
1558 2011 1805 2065 omnibus

215 2102 617 2168 impedimentis
645 2102 909 2171 repulsis,
939 2112 993 2156 ut
1019 2102 1275 2168 accessit,
1308 2103 1477 2171 inquit
1504 2118 1517 2155 :
1552 2101 1801 2167 Domine,

214 2195 452 2248 miserere
482 2195 611 2258 mei,
639 2196 755 2264 quia
784 2195 893 2263 ﬁlia
920 2212 1028 2249 mea
1056 2197 1187 2249 male
1209 2212 1240 2248 a
1270 2196 1519 2249 dtemonio
1550 2203 1807 2263 torquetur

216 2285 429 2355 (Matth.
461 2288 548 2341 15.
581 2286 697 2359 22).
723 2287 922 2343 Verum
951 2288 1039 2359 qui
1068 2289 1166 2342 scit
1193 2288 1497 2341 abscondita
1529 2287 1767 2343 cordium
1786 2327 1804 2353 ,

215 2389 358 2434 tacet
388 2389 440 2434 et
468 2396 572 2433 non
607 2380 916 2450 respondet,
941 2396 1113 2451 neque
1134 2397 1377 2435 sermone
1399 2396 1515 2433 eam
1535 2380 1802 2449 dignatur,

214 2488 394 2540 neque
437 2472 719 2527 miseretur
763 2473 1034 2538 mulieris,
1078 2489 1235 2543 quam
1276 2473 1486 2527 videbat
1517 2480 1662 2526 tanto
1686 2487 1805 2526 cum

214 2563 415 2632 ejulatu
441 2563 731 2628 accedere;
757 2565 849 2619 sed
880 2565 1090 2627 differt,
1115 2567 1296 2620 volens
1322 2565 1588 2619 occultum
1620 2565 1811 2617 mulie-

217 2655 295 2709 ris
346 2655 653 2710 thesaurum
704 2657 950 2710 omnibus
990 2656 1327 2710 manifestum
1373 2656 1563 2710 facere.
1594 2655 1809 2709 Sciebat

215 2751 361 2801 enim
390 2748 717 2802 reconditam
747 2750 1119 2818 margaritam,
1152 2765 1309 2818 quam
1336 2764 1434 2803 nos
1460 2749 1625 2802 latere
1655 2748 1809 2803 nole-

220 2842 311 2894 bat
346 2860 357 2893 :
386 2851 440 2894 et
472 2840 670 2895 idcirco
707 2841 984 2896 differebat
1004 2882 1019 2903 .
1050 2853 1103 2895 et
1134 2856 1233 2895 nec
1262 2856 1521 2909 responso
1550 2839 1809 2910 dignaba-

219 2941 324 2995 tur,
350 2941 405 2985 ut
427 2933 653 3001 posteris
679 2933 923 2987 omnibus
945 2933 1181 2987 mulieris
1200 2932 1454 2986 sedulitas
1472 2947 1656 3001 magna
1678 2932 1812 3009 foret

216 3023 480 3077 doctrina.
538 3024 604 3078 Et
655 3023 774 3079 vide
816 3023 1133 3079 ineffabilem
1186 3024 1276 3078 Dei
1324 3024 1635 3077 bonitatem.
1690 3022 1809 3091 lpse

217 3115 362 3167 enim
382 3155 397 3177 ,
430 3115 633 3185 inquit,
663 3131 769 3168 non
809 3115 1162 3184 respondebat
1191 3115 1237 3169 ei
1265 3132 1279 3179 ;
1316 3114 1560 3184 di3cipuli
1588 3124 1763 3168 autem
1788 3154 1805 3181 ,

216 3205 311 3273 qui
353 3205 637 3259 admodum
673 3206 1043 3262 misericordes
1070 3218 1122 3260 et
1153 3207 1364 3276 benigni
1397 3222 1516 3261 esse
1543 3205 1801 3260 videban-

219 3305 339 3358 tur,
368 3311 473 3349 non
515 3295 712 3350 audent
738 3296 1015 3351 manifeste
1044 3297 1221 3351 dicere
1240 3337 1254 3358 ,
1288 3297 1360 3350 Da
1389 3297 1436 3350 ei
1464 3296 1605 3366 quod
1638 3296 1805 3365 petit,

219 3387 477 3441 miserere
502 3388 572 3450 ei,
594 3400 707 3443 esto
735 3389 783 3443 ei
808 3388 1046 3444 clemens
1070 3406 1082 3442 ε
1114 3389 1205 3443 sed
1235 3389 1399 3457 quid?
1424 3387 1634 3441 Dimitte
1661 3405 1769 3441 eam
1788 3428 1805 3455 ,

215 3478 338 3545 quia
382 3480 568 3532 clamat
615 3488 725 3548 post
770 3496 862 3533 nos
904 3479 1066 3548 (Ibid.
1109 3496 1157 3534 υ.
1186 3480 1277 3551 25)
1304 3521 1318 3546 ,
1349 3481 1498 3550 quasi
1526 3480 1805 3534 dicerent:

219 3569 411 3624 Libera
455 3586 555 3625 nos
596 3586 624 3625 a
667 3570 940 3636 molestia,
989 3572 1156 3626 libera
1199 3586 1298 3625 nos
1336 3586 1365 3624 a
1392 3571 1622 3625 clamore
1650 3586 1805 3640 quem

217 3661 437 3715 excitat.
482 3661 618 3728 Quid
668 3662 826 3732 igitur
875 3663 1177 3718 Dominus?
1219 3663 1421 3717 Putatis
1454 3678 1573 3728 me,
1605 3663 1804 3731 inquit,

220 3754 428 3823 absque
465 3769 623 3809 causa
661 3756 890 3810 tacuisse
911 3798 926 3823 ,
970 3767 1022 3811 et
1077 3771 1337 3825 rCSponso
1363 3771 1478 3809 eam
1507 3770 1613 3809 non
1645 3756 1808 3809 fuisse

215 3844 531 3915 diguatum?
562 3848 753 3902 Audite
794 3865 807 3900 :
852 3847 971 3902 Non
1010 3866 1121 3903 sum
1147 3849 1329 3902 missus
1356 3850 1454 3902 nisi
1477 3848 1544 3901 ad
1564 3864 1675 3902 oves
1698 3863 1811 3917 qua:

219 3938 474 4006 perierunt
520 3940 699 3993 domus
743 3939 908 3995 Israel
938 3940 1094 4014 (Ibid.
1118 3958 1166 3994 υ.
1194 3941 1308 4009 24).
1339 3940 1585 4006 Nescitis,
1618 3941 1804 4010 inquit,

217 4030 572 4100 alienigenam
615 4032 892 4088 mulierem
936 4033 1108 4087 esse?
1139 4033 1358 4087 nescitis
1402 4047 1487 4086 me
1517 4030 1666 4086 vobis
1696 4032 1805 4101 jam

221 4127 543 4193 prmcepisse
584 4141 654 4180 ne
695 4126 844 4180 iretis
871 4127 924 4180 in
960 4126 1098 4180 viam
1126 4126 1407 4195 gentium?
1443 4125 1619 4191 Quare
1647 4124 1807 4194 igitur

219 4219 338 4273 sine
365 4222 609 4274 examine
633 4221 1150 4277 commiserationem
1182 4238 1303 4293 erga
1332 4239 1448 4277 eam
1480 4223 1807 4277 declaratis?

219 4310 513 4367 Considera
541 4313 883 4369 multifariam
906 4317 994 4369 Dei
1023 4317 1335 4384 sapientiam
1357 4357 1369 4377 ,
1395 4317 1663 4385 quomodo
1684 4331 1804 4370 cum

221 4403 548 4471 respondere
576 4405 885 4470 videbatur,
919 4406 1194 4460 mulierem
1225 4407 1392 4475 magis
1420 4408 1807 4475 perstringebat

220 4512 378 4563 quam
415 4497 621 4551 silendo
658 4516 671 4552 :
708 4508 763 4553 et
796 4500 947 4569 quasi
978 4500 1189 4554 letalem
1224 4501 1430 4568 plagam
1461 4500 1653 4563 dabat,
1682 4514 1808 4569 pro:

219 4602 415 4650 vocare
444 4590 695 4657 paulatim
724 4605 842 4646 eam
866 4591 1051 4645 volens
1070 4633 1085 4657 ,
1122 4600 1176 4645 ut
1204 4592 1470 4646 discerent
1502 4592 1806 4661 ignorantes

220 4678 507 4747 discipuli,
553 4691 748 4750 quanta
793 4683 846 4736 in
886 4698 946 4737 ea
988 4682 1174 4737 lateret
1216 4683 1366 4737 ﬁdes.
1399 4681 1503 4737 Sed
1537 4698 1705 4752 neque
1730 4683 1806 4736 sic

221 4772 425 4824 tardior
465 4773 878 4842 negligentiorve
922 4772 1054 4827 facta
1093 4784 1176 4828 est
1201 4774 1327 4828 visis
1365 4773 1639 4843 discipulis
1670 4773 1805 4828 nihil

222 4864 622 4934 proficientibus
642 4907 657 4931 ,
688 4882 861 4935 neque
890 4866 1025 4920 dixit
1045 4867 1180 4919 intra
1210 4867 1551 4935 semetipsam
1583 4865 1675 4920 :Si
1699 4883 1803 4919 non

222 4968 510 5027 potuerunt
556 4958 629 5012 illi
664 4959 943 5013 Dominum
998 4974 1092 5029 pro
1124 4975 1208 5013 me
1234 4975 1490 5025 exorare,
1519 4976 1681 5030 quare
1708 4976 1806 5031 ego

221 5056 421 5107 frustra
462 5069 749 5123 sequerer,
789 5064 843 5109 et
891 5055 1143 5108 continuo
1190 5052 1485 5108 instarem?
1524 5055 1617 5109 sed
1658 5056 1806 5124 quasi

220 5156 406 5200 mente
429 5146 496 5200 ab
525 5147 644 5215 igne
672 5146 998 5200 inflammata
1024 5155 1079 5200 et
1099 5161 1353 5201 succensa
1372 5189 1387 5210 ,
1412 5148 1808 5216 visceribusque

217 5238 530 5304 cmtscissis,
555 5240 759 5294 accedit
785 5240 1034 5308 adorans,
1056 5249 1108 5295 et
1132 5241 1313 5295 dicens
1337 5259 1349 5294 :
1372 5240 1605 5307 Domine,
1624 5242 1809 5313 adjuva

220 5348 304 5383 me
342 5330 504 5401 (Ibid.
531 5347 580 5384 υ.
620 5331 737 5404 25).
764 5333 859 5387 llle
886 5341 1064 5387 autem
1092 5348 1262 5401 neque
1288 5334 1363 5387 sic
1388 5333 1603 5403 adjuvat
1625 5334 1811 5386 mulie-

219 5440 336 5478 rem
357 5466 372 5487 ,
410 5422 504 5478 sed
542 5439 854 5493 responsum
882 5425 969 5479 dat
997 5426 1272 5495 saperiore
1293 5426 1525 5494 gravius.
1558 5424 1679 5479 Non
1700 5436 1771 5479 est
1789 5466 1804 5491 ,

220 5515 415 5585 inquit.
449 5517 632 5569 bonum
657 5527 715 5570 ut
728 5518 937 5572 tollatur
960 5515 1112 5587 panis
1132 5518 1357 5585 ﬁliorum
1375 5557 1389 5580 ,
1418 5526 1465 5569 et
1495 5518 1638 5570 detur
1666 5519 1811 5571 cani;

222 5610 315 5661 bus
341 5606 499 5679 (Ibid.
532 5624 582 5661 υ.
611 5609 723 5678 26).
752 5610 1040 5664 Considera
1063 5651 1078 5675 ,
1111 5611 1321 5674 dilecte,
1351 5620 1405 5665 et
1436 5610 1519 5664 hic
1546 5611 1810 5665 admirare

222 5699 420 5753 animae
446 5700 561 5768 ejus
581 5699 929 5765 desiderium,
961 5710 1017 5755 et
1039 5701 1194 5755 ﬁdem
1218 5701 1487 5755 eximiam.
1515 5699 1583 5756 Ut
1606 5700 1811 5755 audivit

221 5809 284 5847 se
318 5807 505 5847 canem
549 5793 654 5849 dici
674 5833 690 5860 ,
718 5810 823 5849 non
849 5794 1103 5864 gravatim
1133 5795 1253 5848 tulit
1276 5834 1292 5860 ,
1325 5810 1429 5848 non
1460 5794 1763 5848 retrocessit
1792 5811 1806 5848 :

221 5884 320 5942 sed
360 5901 553 5957 magno
594 5898 649 5944 et
687 5888 777 5959 pio
802 5888 994 5967 affectu
1039 5890 1207 5959 inquit
1250 5907 1263 5943 :
1306 5888 1511 5957 Etiam,
1541 5887 1754 5944 Domine
1786 5907 1802 5944 :

1219 420 1286 477 ΙΝ
1323 421 1473 479 CAP.
1516 420 1659 477 XIX.
1702 418 1945 477 GENES.
1991 419 2221 480 HOMIL.
2261 422 2448 480 XLIV.

3384 428 3490 485 310

1903 553 2019 590 nam
2051 546 2096 592 et
2117 539 2277 593 catuli
2305 540 2458 595 edunt
2485 540 2549 594 de
2575 541 2715 595 micis
2741 557 2924 596 mensa:
2944 540 3262 597 dominorum
3287 560 3489 597 suorum

1903 632 2113 702 (Matth.
2142 634 2229 689 15.
2250 634 2367 706 27).
2400 634 2667 689 Confiteor
2686 676 2699 700 ,
2726 636 2927 707 inquit,
2966 636 3197 689 catulum
3224 651 3309 690 me
3332 652 3451 690 esse
3477 654 3489 689 :

1904 724 2066 792 igitur
2090 726 2226 779 sicut
2252 725 2485 780 catulum
2508 725 2727 795 dignare
2755 742 2840 781 me
2860 726 3010 781 micis
3034 742 3232 780 mensae
3251 740 3489 794 pascere.

1908 816 2093 869 Vidisti
2138 817 2376 871 mulieris
2410 817 2569 871 ﬁdem
2610 827 2663 870 et
2692 818 3053 886 probitatem?
3083 816 3321 885 Suscepit
3352 817 3491 886 quod

1904 908 2101 962 dictum
2130 917 2213 964 est
2233 952 2245 973 ,
2271 917 2325 964 et
2350 910 2526 964 statim
2554 909 2603 965 id
2629 909 2696 965 de
2718 925 2822 978 quo
2846 910 3066 965 sollicita
3094 919 3205 964 erat
3227 910 3455 963 obtinuit
3479 949 3494 975 ,

1905 1002 2238 1071 obtinuitque
2288 1003 2455 1072 magis
2502 1017 2621 1055 cum
2672 1001 2935 1056 laudibus.
2990 999 3127 1067 Quid
3174 1001 3314 1054 enim
3365 999 3493 1053 dicit

1904 1092 2147 1148 Christus
2170 1094 2192 1146 ?
2225 1093 2269 1147 0
2300 1094 2496 1158 mulier,
2516 1110 2700 1164 magna
2728 1104 2800 1147 est
2826 1093 2952 1161 ﬁdes
2978 1101 3063 1145 tua
3093 1107 3110 1145 :
3138 1092 3228 1160 ﬁat
3253 1090 3339 1143 tibi
3365 1093 3495 1143 sicut

1905 1187 1978 1241 vis
2020 1186 2181 1253 (Ibid.
2223 1203 2269 1240 υ.
2318 1186 2433 1256 28).
2476 1185 2520 1239 0
2548 1185 2754 1251 mulier,
2803 1182 3169 1239 admirationis
3194 1183 3410 1237 verbum
3441 1189 3496 1234 et

1907 1281 2106 1336 dictum
2158 1280 2309 1335 laude
2353 1281 2587 1350 plenum.
2632 1278 2911 1348 Magnam,
2963 1279 3163 1349 inquit,
3212 1275 3492 1330 declarasti

1909 1372 2066 1428 ﬁdem
2094 1389 2108 1437 ;
2156 1384 2438 1442 propterea
2484 1380 2628 1426 tanta
2664 1370 2759 1425 tibi
2801 1379 2987 1435 erunt,
3014 1380 3207 1439 quanta
3236 1369 3331 1422 vis.
3362 1368 3495 1423 Vide

1907 1464 2240 1519 liberalitatis
2283 1464 2723 1532 amplitudinem,
2772 1470 2827 1517 et
2869 1461 3132 1516 admirare
3157 1460 3366 1514 Domini
3403 1474 3493 1514 sa-

1908 1558 2181 1629 pientiam.
2227 1558 2416 1611 Annon
2466 1555 2533 1610 ah
2581 1557 2729 1609 initio
2766 1555 3111 1625 putabamus,
3158 1569 3278 1608 cum
3305 1552 3383 1606 sic
3412 1567 3498 1604 re-

1908 1652 2127 1722 pelleret
2166 1666 2283 1705 eam
2304 1694 2319 1717 ,
2365 1649 2831 1705 commiseratione
2859 1649 3001 1702 illum
3032 1648 3258 1702 carere?
3288 1646 3354 1700 Et
3378 1646 3497 1716 pri-

1907 1760 2053 1799 nmm
2081 1743 2294 1813 quidem
2324 1758 2426 1797 non
2448 1743 2768 1811 dignabatur
2791 1755 3049 1810 re5p0nso
3070 1782 3085 1806 ,
3111 1749 3293 1809 postea
3317 1746 3493 1793 autem

1909 1852 2005 1906 per
2047 1836 2273 1906 pritnum
2299 1845 2351 1890 et
2377 1834 2669 1889 secundum
2697 1848 3009 1902 responsum
3040 1831 3189 1901 quasi
3215 1830 3457 1900 abigebat
3476 1871 3493 1896 ,

1907 1938 1962 1983 et
2004 1943 2122 1983 eam
2167 1943 2285 1997 ane
2315 1942 2433 1981 cum
2475 1934 2623 1980 tanto
2666 1925 2955 1979 advenerat
2998 1923 3264 1978 desiderio
3304 1930 3358 1977 et
3394 1922 3497 1976 fer-

1908 2036 2058 2086 vore,
2108 2020 2417 2088 repellebat.
2452 2017 2645 2073 Verum
2675 2032 2704 2070 a
2738 2016 2840 2070 fine
2866 2016 3010 2071 disce
3037 2015 3129 2069 Dei
3160 2014 3447 2069 bonitatem
3477 2028 3492 2076 ;

1908 2126 2033 2166 eum
2081 2126 2272 2181 nempe
2307 2110 2574 2164 volentem
2616 2123 2732 2161 eam
2755 2106 3035 2161 clariorem
3062 2104 3319 2170 reddere,
3354 2111 3493 2156 tanta

1910 2206 2163 2260 dilatione
2204 2204 2368 2258 fuisse
2406 2219 2583 2257 usum.
2626 2201 2832 2255 Etenim
2880 2200 2923 2254 si
2961 2199 3137 2253 statim
3187 2196 3495 2259 annuisset,

1910 2297 2323 2352 nescivissemus
2351 2308 2449 2348 nos
2474 2292 2713 2347 mulieris
2734 2292 2983 2345 virtutem
3015 2308 3028 2343 :
3061 2288 3181 2357 quia
3204 2296 3377 2341 autem
3401 2301 3497 2355 pa-

1911 2406 2127 2459 rumper
2163 2387 2402 2453 distulit,
2449 2396 2502 2440 et
2542 2382 2749 2438 Domini
2792 2382 3134 2452 cognovimus
3183 2376 3497 2432 inefl‘abilcm

1912 2482 2330 2548 humanitatem,
2361 2487 2415 2534 et
2434 2479 2574 2533 illius
2597 2476 2753 2531 fidem
2778 2475 3047 2530 eximiam.

1983 2577 2037 2629 4.
2070 2573 2193 2627 Non
2223 2582 2417 2626 tantum
2447 2571 2736 2642 perﬁcimus
2766 2584 2856 2636 per
2884 2567 3012 2620 alios
3052 2573 3251 2618 orantes
3276 2605 3290 2627 ,
3334 2579 3498 2633 quan-

1914 2676 2020 2719 tum
2049 2682 2137 2735 per
2165 2681 2255 2718 nos
2283 2665 2440 2733 ipsos.
2475 2690 2547 2701 —-—
2584 2660 2772 2714 Totam
2817 2668 2993 2711 autem
3040 2655 3175 2707 hanc
3222 2653 3494 2706 historiam

1913 2760 1965 2814 in
1996 2758 2227 2813 medium
2254 2756 2447 2811 allerre
2470 2753 2640 2807 coacti
2669 2766 2873 2814 sumus,
2903 2760 2960 2802 ut
2981 2747 3247 2801 discamus
3275 2758 3371 2797 nos
3394 2758 3497 2796 non

1916 2861 2120 2905 tantum
2150 2848 2408 2918 perﬁcere
2436 2860 2531 2914 per
2557 2845 2692 2898 alios
2714 2852 2950 2905 orantes,
2979 2848 3233 2907 quantum
3262 2852 3356 2905 per
3377 2850 3500 2889 nos-

1914 2944 2087 3012 ipsos,
2116 2940 2159 2993 si
2186 2938 2398 3009 quidem
2427 2952 2548 2991 cum
2578 2934 2738 2989 alacri
2785 2942 2838 2986 et
2878 2932 3023 3001 vigili
3056 2939 3232 2984 mente
3273 2925 3498 2981 acceda-

1912 3050 2053 3088 mus.
2084 3033 2374 3087 Enimvero
2399 3029 2486 3083 illa
2515 3036 2567 3082 et
2591 3026 2881 3095 discipulos
2907 3023 3109 3077 habens
3138 3036 3235 3089 pro
3259 3034 3317 3074 se
3342 3033 3498 3071 orano

1914 3136 2015 3191 tes,
2042 3124 2173 3179 nihil
2203 3122 2446 3192 profecit,
2472 3121 2644 3175 donec
2671 3120 2781 3185 ipsa
2817 3131 2911 3183 per
2937 3129 2996 3168 se
3028 3125 3263 3183 prmsens
3290 3119 3340 3164 et
3373 3124 3494 3178 per-

1912 3232 2164 3272 severans
2205 3213 2544 3269 clementiam
2577 3208 2785 3263 Domini
2816 3206 2915 3260 sibi
2952 3204 3280 3259 conciliaret.
3326 3203 3499 3268 Atque

1913 3307 2163 3379 parabola
2190 3306 2279 3361 illa
2300 3304 2456 3358 amici
2486 3304 2803 3369 intempesta
2827 3307 2983 3353 nocte
3006 3294 3287 3358 venientis,
3309 3302 3364 3346 et
3389 3303 3500 3345 tres

1911 3416 2078 3473 panes
2106 3398 2353 3468 petentis,
2382 3396 2519 3450 idem
2552 3394 2723 3463 ipsum
2765 3390 3082 3446 subindicat.
3116 3385 3254 3439 Nam
3278 3385 3495 3448 etiamsi,

1912 3496 2105 3549 amicus
2132 3495 2265 3555 licet,
2298 3508 2399 3545 non
2430 3488 2688 3551 exaudiat,
2721 3494 2942 3538 attamen
2969 3482 3045 3536 vel
3076 3492 3275 3547 propter
3305 3480 3498 3546 impor-

1913 3587 2173 3640 tunitatem
2203 3592 2394 3652 surget,
2425 3591 2470 3634 et
2497 3581 2541 3633 ei
2567 3577 2704 3631 dabit
2744 3576 2905 3645 (Luc.
2936 3575 3021 3627 Η.
3054 3572 3146 3641 8).
3172 3572 3347 3639 Itaque
3374 3584 3497 3623 cum

1913 3677 2188 3731 videamus
2217 3671 2534 3726 ineffabilem
2558 3667 2894 3722 clementiam
2927 3662 3136 3717 Domini
3180 3660 3367 3723 nostri,
3410 3674 3499 3710 ac-

1912 3769 2166 3825 cedamus
2197 3765 2261 3820 ad
2307 3780 2468 3825 eum,
2512 3758 2832 3819 declaratis,
2878 3764 2933 3809 et
2959 3756 3108 3822 quasi
3150 3762 3273 3804 ante
3312 3749 3498 3802 oculos

1913 3870 2128 3917 nostros
2159 3858 2446 3928 propositis
2473 3851 2751 3923 speciatim
2779 3848 3001 3918 singulis
3028 3844 3257 3914 peccatis
3278 3842 3493 3904 nostris,

1909 3957 2071 4009 etiam
2106 3967 2201 4020 pro
2242 3947 2523 4018 prmteritis
2554 3944 2764 3999 veniam
2812 3951 3085 4009 petamus,
3121 3946 3176 3988 ut
3220 3934 3272 4021 in
3320 3932 3495 3986 futuro

1910 4047 2100 4117 majori
2130 4042 2397 4112 diligentia
2420 4040 2679 4102 viventes,
2705 4034 3006 4090 uberiorem
3028 4030 3140 4099 ejus
3166 4025 3493 4081 benevolen-

1911 4116 2037 4194 tiam
2085 4150 2452 4204 assequamur.
2508 4131 2701 4185 Vcrum
2751 4126 3071 4188 redeamus,
3116 4122 3157 4175 si
3194 4121 3394 4190 placet,
3426 4116 3491 4169 ad

1910 4234 2152 4288 lectionis
2196 4231 2411 4285 seriem.
2444 4227 2532 4282 '50.
2571 4222 2805 4278 Ascendit
2846 4230 3011 4271 autem
3037 4259 3049 4277 .
3084 4217 3281 4283 inquit,
3315 4212 3406 4265 Lat
3442 4211 3492 4263 in

1912 4328 2109 4395 Segor,
2152 4332 2196 4377 et
2226 4322 2353 4375 sedit
2397 4320 2451 4371 in
2494 4326 2657 4370 monte
2682 4357 2697 4380 ,
2740 4323 2786 4366 et
2829 4312 2946 4363 dua:
2976 4309 3095 4376 ﬁlia:
3123 4316 3231 4374 ejus
3273 4320 3385 4356 cum
3414 4318 3490 4354 eo.

1909 4419 2207 4471 Tintuerunt
2236 4412 2366 4466 enim
2393 4409 2619 4462 habitare
2648 4407 2698 4458 in
2721 4405 2918 4474 Seqor;
2946 4411 2992 4455 et
3030 4396 3266 4451 habitavit
3296 4395 3348 4446 in
3383 4408 3495 4461 spe-

1912 4510 2060 4562 lunca
2087 4507 2225 4576 ipse,
2268 4513 2313 4556 et
2339 4502 2452 4555 dua:
2482 4499 2602 4568 filia:
2641 4497 2749 4565 ejus
2792 4509 2905 4545 cum
2945 4507 3023 4544 eo.
3071 4488 3254 4542 Justus
3298 4482 3497 4538 invnle-

1910 4608 2093 4655 scente
2109 4574 2297 4650 adhuc
2324 4594 2535 4654 timore,
2564 4604 2720 4657 quem
2745 4590 3065 4653 conceperat
3091 4596 3120 4633 a
3148 4579 3298 4649 plaga
3328 4574 3494 4631 Sodoo

1911 4694 2056 4748 mitis
2086 4691 2321 4753 inducta,
2356 4684 2539 4756 procul
2571 4682 2700 4745 abit,
2730 4686 2786 4733 et
2811 4679 2861 4731 in
2890 4683 3090 4738 monte,
3124 4672 3311 4741 inquit,
3340 4668 3493 4722 habi-

1912 4794 1986 4838 tat
2027 4797 2146 4836 cum
2196 4779 2405 4833 filiabus
2445 4776 2556 4830 suis
2589 4790 2603 4827 :
2636 4779 2691 4826 et
2729 4771 2781 4823 in
2827 4766 3113 4822 solitudine
3155 4772 3209 4819 et
3250 4761 3495 4815 vastitate

1910 4886 2149 4931 extrema
2192 4879 2379 4943 postea
2425 4866 2523 4921 fuit
2552 4879 2671 4918 cum
2715 4861 2963 4923 filiabus,
3008 4857 3062 4910 in
3104 4862 3283 4908 monte
3312 4851 3493 4905 sedem

1912 4969 2136 5022 habens.
2171 4966 2263 5019 3i.
2291 4962 2434 5015 Dixit
2459 4968 2642 5023 autem,
2674 4955 2862 5024 inquit,
2894 4952 3061 5021 major
3086 4958 3209 5002 natu
3235 4945 3302 4998 ad
3318 4944 3500 5015 junio—

1910 5078 2015 5115 rem
2044 5075 2061 5111 :
2086 5057 2240 5110 Pater
2265 5063 2431 5107 noster
2456 5066 2611 5103 senex
2638 5056 2733 5110 est,
2762 5056 2807 5099 et
2833 5044 3003 5097 nullus
3034 5049 3107 5094 est
3132 5054 3282 5108 super
3310 5046 3496 5089 terram

1912 5154 1996 5224 qui
2022 5149 2333 5221 ingrediatur
2370 5145 2439 5197 ad
2480 5159 2594 5206 nos,
2631 5142 2785 5211 juxta
2826 5152 3015 5190 morem
3050 5132 3304 5224 universat
3328 5137 3494 5224 terrm,

1912 5218 2003 5301 32.
2036 5218 2183 5308 veni,
2211 5250 2255 5295 et
2285 5247 2510 5310 petemus
2540 5243 2735 5305 patrem
2763 5238 2990 5283 nostrum
3016 5225 3130 5278 vino
3149 5263 3165 5289 ,
3197 5231 3242 5276 et
3270 5218 3496 5310 dormia-

1912 5355 2026 5393 mus
2056 5353 2169 5391 cum
2195 5352 2252 5387 eo
2270 5375 2283 5397 ,
2314 5341 2360 5385 et
2387 5331 2654 5384 excitemus
2692 5340 2859 5379 semen
2884 5337 2946 5375 ea:
2974 5327 3116 5389 patre
3141 5322 3328 5368 nostra.
3362 5309 3495 5365 Cum

1914 5428 2213 5484 reverentia
2241 5432 2295 5479 et
2322 5423 2512 5476 timore
2542 5419 2707 5472 multo
2732 5414 3009 5469 audiamus
3040 5422 3122 5469 ea,
3154 5404 3352 5465 dilecti,
3378 5416 3496 5470 qua:

1915 5523 1967 5576 in
1997 5520 2190 5573 divinis
2220 5514 2509 5584 Scripturis
2548 5510 2925 5568 continentur;
2972 5515 3079 5554 non
3121 5496 3263 5552 enim
3296 5503 3498 5547 temere

1914 5623 1967 5665 et
1996 5611 2193 5679 absque
2224 5622 2380 5662 causa
2410 5605 2603 5672 scripta
2633 5611 2784 5662 sunt,
2814 5594 2907 5651 sed
2946 5592 3122 5646 omnia
3153 5589 3353 5643 utiliter
3384 5592 3439 5679 et
3466 5598 3498 5637 e

1914 5719 1974 5757 re
2003 5676 2206 5765 nostra,
2237 5697 2443 5754 etiamsi
2472 5709 2569 5749 nos
2589 5690 2829 5761 quaedam
2862 5691 3187 5756 ignoremus.
3215 5679 3327 5734 Non
3354 5676 3496 5731 enim

1916 5795 2092 5849 omnia
2125 5806 2406 5862 possumus
2449 5787 2722 5843 evidenter
2765 5782 2903 5837 scire
2935 5797 2949 5833 :
2982 5776 3076 5833 sed
3118 5777 3163 5830 si
3211 5785 3266 5829 et
3309 5785 3496 5826 causas

1920 5887 2142 5943 reddere
2172 5902 2265 5955 pro
2315 5892 2499 5938 nostro
2540 5886 2694 5949 captu
2742 5884 3038 5937 tentemus,
3082 5867 3277 5923 habent
3320 5873 3498 5918 tamen
