4084 6356
523 329 618 388 611

520 447 692 499 adhuc
718 444 971 498 latentem
999 441 1279 512 quemdam
1312 442 1620 495 thesaurum
1652 440 1666 470 '
1696 454 1724 492 a
1756 437 1938 494 multis
1976 434 2101 490 abs-

520 536 814 597 conditum,
880 551 975 589 nec
1004 533 1449 603 investigabiletn.
1474 530 1762 586 Considera
1795 530 1951 599 igitur
1971 543 2106 598 quo-

523 631 682 679 modo
714 625 985 694 Scrtptura
1017 625 1194 678 omnia
1239 623 1521 678 manifeste
1564 620 1824 682 narrarit,
1862 630 1918 676 et
1955 618 2108 674 nobis

553 734 742 787 cuputn
772 718 838 772 ad
881 719 1037 772 ﬁnem
1066 718 1360 772 ostenderit
1400 717 1626 771 ﬁliarum
1664 714 1827 785 justi,
1870 722 1924 769 et
1968 727 2108 767 nunc

520 812 733 880 quidem
768 826 864 880 pro
895 812 998 865 illis
1019 852 1033 873 ,
1068 827 1209 864 nunc
1247 825 1378 864 vero
1408 824 1506 879 pro
1530 808 1675 878 justo
1702 807 1916 878 dignam
1945 820 2109 860 excu-

522 901 783 956 sationem
834 902 1063 956 allcrcns
1092 920 1105 955 :
1139 911 1196 956 ut
1234 901 1411 955 nullus
1440 900 1504 953 ad
1547 898 1745 953 factum
1791 896 2104 966 respiciens,

522 992 605 1046 vel
628 992 830 1061 justum
853 994 1192 1059 condemnet,
1222 993 1304 1047 vel
1326 992 1453 1061 justi
1487 991 1642 1057 ﬁlias,
1671 989 1821 1061 quasi
1851 1004 2105 1058 congres-

520 1099 613 1138 sus
643 1084 734 1139 ille
763 1097 980 1155 propter
1009 1086 1443 1140 incontinentiam
1487 1085 1664 1139 luerit.
1697 1082 1975 1152 Quomodo
2007 1082 2109 1153 igi-

521 1184 607 1229 tur
638 1174 861 1229 ﬁliarum
889 1178 1016 1244 juin
1061 1177 1457 1231 excusationem
1486 1175 1682 1229 all‘ert?
1711 1173 1884 1239 Dixit,
1915 1174 2106 1243 inquit,

520 1262 688 1332 major
728 1276 849 1320 natu
889 1268 957 1321 ad
991 1269 1293 1335 juniorem:
1321 1264 1479 1321 Pater
1515 1277 1681 1321 noster
1721 1275 1792 1321 est
1834 1282 2017 1328 senex,
2061 1273 2107 1319 et

521 1356 694 1410 nullus
720 1368 791 1410 est
835 1376 986 1426 super
1016 1370 1201 1413 terram
1228 1360 1316 1430 qui
1358 1358 1671 1430 ingrediatur
1698 1358 1766 1409 ad
1805 1374 1928 1421 nos,
1954 1359 2107 1428 juxta

520 1465 713 1502 morem
760 1452 1004 1504 universa:
1043 1462 1207 1509 terra".
1257 1450 1385 1507 Vide
1428 1466 1648 1521 scopum
1691 1449 2007 1520 diligenter,
2052 1457 2108 1503 et

525 1543 672 1596 omni
717 1558 808 1597 eas
856 1544 1107 1597 liberabis
1134 1545 1372 1598 crimine.
1409 1543 1733 1597 Putaverunt
1770 1543 1910 1597 enim
1940 1557 2104 1611 gene-

523 1633 689 1686 raletn
729 1634 888 1686 totius
917 1634 1062 1687 Orbis
1091 1633 1283 1689 factum
1315 1634 1586 1688 interitum
1606 1674 1621 1697 ,
1651 1632 1962 1702 nullumque
1990 1648 2106 1684 am—

523 1722 661 1792 plius
705 1738 825 1778 esse
872 1726 1210 1793 superstitem
1261 1742 1273 1778 :
1315 1724 1509 1779 deinde
1557 1731 1612 1779 et
1658 1725 1821 1794 patris
1863 1723 2109 1778 viderunt

521 1824 869 1871 senectutem.
915 1816 983 1872 Ut
1020 1818 1209 1887 igitur,
1244 1817 1446 1886 inquit,
1482 1833 1586 1871 non
1619 1816 1893 1871 aboleatur
1916 1830 2106 1886 genus,

525 1922 624 1961 nec
649 1919 830 1977 pereat
858 1924 1051 1961 nomen
1082 1920 1322 1963 nostrum
1348 1908 1487 1978 (haec
1508 1909 1649 1961 enim
1675 1918 1790 1963 erat
1814 1906 2106 1977 priscorum

524 1998 758 2053 maxima
785 2015 908 2053 cura
933 2040 946 2061 ,
980 2000 1247 2068 quomodo
1271 2015 1440 2069 genus
1466 2015 1620 2053 suum
1662 1999 1952 2053 liberorum
1982 2013 2105 2052 suc—

521 2090 765 2145 cessione
794 2091 1107 2161 dilatareut)
1137 2110 1149 2146 :
1182 2108 1248 2145 ne
1273 2108 1434 2161 ergo,
1470 2091 1672 2161 inquit,
1702 2092 1869 2146 nostri
1896 2089 2109 2160 generis

522 2190 630 2235 tota
657 2179 747 2235 ﬁat
770 2181 1008 2246 abolitio,
1043 2184 1334 2249 prcescrtim
1357 2182 1464 2250 jam
1494 2183 1643 2236 senio
1671 2192 1820 2251 patre
1841 2181 2106 2247 confecto,

524 2282 580 2323 et
610 2271 787 2325 nullus
820 2272 1121 2326 inveniatur
1153 2274 1231 2325 vir
1256 2273 1343 2342 qui
1376 2273 1528 2328 nobis
1553 2274 1839 2343 jungatur,
1887 2282 1942 2326 ut
1984 2289 2106 2342 pos-

524 2361 693 2416 simus
721 2363 1016 2418 extendere
1048 2374 1102 2417 et
1131 2364 1433 2434 relinquere
1474 2365 1694 2419 seminis
1723 2365 1887 2418 nostri
1922 2380 2110 2434 propa-

523 2452 790 2519 gationem
823 2471 834 2505 :
873 2452 1020 2516 Veni,
1057 2454 1253 2525 inquit,
1291 2463 1346 2509 ut
1373 2471 1439 2508 ne
1485 2454 1585 2509 hoc
1613 2455 1736 2521 ﬁat,
1769 2465 1996 2523 potemus
2020 2474 2112 2526 pa-

525 2553 651 2596 trem
678 2555 903 2598 nostrum
932 2546 1065 2599 vine.
1093 2545 1251 2613 Quasi
1274 2545 1454 2600 dicere
1477 2547 1601 2600 velit
1627 2565 1639 2600 :
1665 2548 1797 2614 Quia
1821 2563 2109 2617 numquam

528 2633 692 2689 ferret
723 2637 804 2690 vel
842 2637 1058 2691 auribus
1091 2637 1190 2691 hoc
1239 2648 1405 2705 pater,
1438 2639 1561 2691 vino
1606 2638 1933 2709 decipiamus
1962 2655 2107 2694 eum.

529 2725 620 2779 '53.
654 2724 963 2780 Potaverunt
998 2736 1161 2779 autent
1193 2737 1387 2797 patrem
1408 2744 1553 2780 suum
1584 2728 1697 2781 vino
1735 2739 1879 2782 nocte
1907 2729 2002 2783 ista
2022 2771 2036 2795 ,
2065 2740 2110 2782 et

526 2817 752 2886 ingressa
776 2828 849 2870 est
870 2817 1056 2882 senior,
1081 2826 1128 2870 et
1152 2819 1388 2872 dormivit
1414 2835 1528 2871 cum
1554 2830 1697 2888 patre
1716 2837 1805 2873 suo
1832 2836 1850 2874 :
1874 2830 1920 2874 et
1948 2822 2111 2874 nesci-

525 2910 593 2961 vit
627 2910 828 2979 quando
872 2910 963 2963 illa
988 2910 1272 2963 accubuerit
1292 2953 1306 2977 ,
1339 2912 1416 2964 vel
1439 2913 1728 2966 surrexerit.
1758 2912 1949 2967 Vidisti
1979 2929 2111 2983 quo-

527 3002 687 3055 modo
729 3000 909 3055 divina
952 3000 1227 3071 Scriptura
1276 3018 1372 3070 pro
1413 3003 1558 3072 justo
1602 3004 1862 3059 rationem
1904 3004 2111 3058 dederit

528 3107 632 3145 non
675 3091 843 3146 semel
890 3101 1117 3152 tantum.
1163 3091 1255 3146 sed
1300 3102 1355 3147 et
1398 3092 1638 3147 iterum?
1681 3094 1833 3148 Prius
1870 3095 2108 3164 quidem,

529 3185 647 3252 quia
680 3185 801 3238 lilia:
833 3186 955 3236 vino
985 3185 1155 3253 ipsum
1183 3185 1537 3254 deceperunt,
1570 3184 1858 3239 declaravit
1883 3203 1973 3241 eas
2004 3201 2109 3241 non

533 3275 687 3329 aliter
716 3275 950 3343 potuisse
980 3276 1302 3344 persuadere
1348 3278 1514 3346 patri,
1545 3294 1702 3346 qualn
1729 3280 1805 3332 sic
1837 3278 2110 3336 faciendo:

528 3382 669 3420 nunc
698 3377 876 3421 autem
905 3368 1094 3436 opinor
1122 3378 1175 3422 et
1214 3382 1442 3438 superna
1466 3369 1860 3438 dispensatione
1879 3387 1999 3426 esse
2029 3370 2109 3424 la-

532 3468 695 3521 etum,
728 3458 795 3511 ita
825 3457 987 3513 fuisse
1012 3474 1133 3513 eum
1158 3469 1498 3529 aggravatum
1526 3460 1679 3528 vino,
1715 3472 1770 3516 ut
1797 3478 1908 3517 rem
1936 3463 2113 3519 omni-

537 3566 602 3604 no
647 3552 948 3619 ignoraret,
996 3563 1053 3606 ut
1094 3568 1229 3606 noxa
1262 3561 1317 3608 et
1356 3554 1578 3609 crimine
1609 3571 1806 3611 vacuus
1840 3570 2002 3615 esset.
2036 3561 2114 3618 Ea

533 3644 672 3696 enim
719 3653 928 3712 peccata
974 3660 1071 3698 nos
1098 3646 1488 3715 condemnant,
1517 3664 1637 3719 qua:
1676 3651 1909 3707 scientes
1934 3663 1987 3708 et
2016 3670 2114 3706 vo-

533 3736 761 3790 luntarie
803 3734 1044 3792 facimus.
1074 3738 1233 3794 Vides
1272 3742 1539 3809 quomodo
1580 3744 1942 3801 testimonium
1975 3765 2115 3819 pra:-

534 3827 657 3881 lieat
701 3827 847 3897 justo
895 3829 1203 3899 Scriptura,
1259 3833 1429 3901 ipsum
1479 3836 1700 3888 omnino
1748 3854 1860 3891 rem
1910 3850 2114 3909 gestam

536 3918 854 3984 ignorasse?
886 3918 1078 3973 Verum
1105 3921 1271 3975 altera
1298 3924 1521 3991 qua-stio
1545 3927 1712 3997 surgit
1739 3928 1806 3982 de
1831 3929 2112 3987 ebrietate.

534 4009 762 4077 Oportet
787 4011 927 4063 enitn
955 4012 1131 4064 omnia
1165 4012 1503 4083 investigare,
1533 4026 1587 4069 ttt
1614 4018 1754 4071 nulla
1782 4019 2038 4088 improbis
2064 4032 2119 4077 et

537 4099 933 4167 impudentibus
972 4101 1327 4158 calumniandi
1361 4106 1692 4177 relinquatur
1719 4113 1951 4166 occasio.
1979 4114 2117 4180 Quid

540 4187 693 4257 igitur
724 4194 793 4243 de.
821 4189 917 4244 hac
949 4207 1007 4245 re
1037 4193 1317 4248 dicemus?
1340 4194 1457 4250 Νοη
1486 4206 1589 4251 tam
1617 4213 1679 4254 ex
1711 4200 2117 4271 intemperantia

537 4280 614 4333 illi
645 4281 902 4336 accidisse
927 4283 1262 4348 ebrietatem,
1295 4301 1453 4355 quam
1480 4303 1545 4342 ex
1574 4289 1805 4345 tristitia.

610 4372 664 4426 5.
698 4370 877 4441 Neque
908 4372 1003 4426 Lot
1033 4391 1190 4442 neque
1214 4377 1337 4443 ﬁlia:
1370 4380 1477 4449 ejus
1504 4379 1801 4434 damnandi.
1827 4412 1899 4423 —
1934 4383 2120 4441 Nullus

540 4464 699 4533 igitur
726 4466 920 4519 audeat
947 4474 1039 4519 attt
1062 4466 1283 4534 justum,
1306 4477 1399 4522 aut
1420 4469 1546 4538 justi
1579 4471 1711 4526 tilias
1736 4473 2115 4531 condemnare.

537 4558 816 4623 Quomodo
844 4559 984 4611 enim
1023 4576 1125 4613 non
1155 4571 1298 4615 esset
1337 4573 1589 4617 extremae
1618 4565 1901 4622 dementiae
1942 4576 1996 4622 et
2038 4569 2120 4623 in-

540 4651 824 4719 sipientiar,
854 4652 899 4704 si
932 4666 1025 4705 eos
1060 4668 1193 4721 quos
1218 4653 1393 4708 divina
1419 4655 1692 4724 Scriptura
1717 4659 1784 4712 ab
1812 4661 1955 4715 omni
1985 4660 2121 4715 libe—

537 4756 619 4799 rat
646 4745 906 4811 crimine,
937 4745 1044 4800 itno
1072 4754 1166 4813 pro
1199 4747 1389 4815 quibus
1424 4757 1625 4805 tantam
1653 4753 1949 4823 apologiam
1976 4769 2121 4809 com-

538 4839 729 4908 ponit,
779 4854 877 4893 nos
933 4838 1225 4894 innumeris
1284 4849 1625 4909 peccatorum
1694 4845 1919 4900 sarcinis
1980 4847 2121 4917 pleni

538 4930 959 4985 condemnemus
988 4948 1001 4984 :
1033 4939 1085 4984 et
1114 4947 1217 4985 non
1247 4931 1526 4987 audiamus
1551 4933 1774 4989 Paulum
1815 4935 2079 4993 dicentem
2106 4956 2119 4993 :

548 5022 683 5078 licus
712 5025 795 5093 qui
818 5024 1069 5093 justi/ient
1092 5067 1106 5090 ,
1144 5026 1255 5095 quis
1300 5035 1373 5080 est
1402 5029 1488 5094 qui
1515 5029 1805 5085 condemnet
1845 5031 2033 5100 (Rom.
2066 5034 2121 5088 8.

538 5115 625 5171 55.
656 5116 760 5183 54)
784 5117 806 5170 ?
834 5115 901 5170 Et
924 5126 981 5170 ut
1009 5114 1217 5183 discas,
1246 5116 1349 5173 hoc
1386 5134 1492 5173 non
1525 5120 1575 5173 in
1605 5136 1796 5175 vanum
1829 5133 1883 5177 et
1914 5126 2123 5195 simpli-

540 5208 673 5263 riter
715 5208 911 5264 factum
951 5224 1092 5276 esse,
1133 5209 1228 5265 sed
1273 5211 1538 5265 tristitiam
1584 5212 1799 5267 nimiam
1836 5218 2123 5272 accedente

544 5299 667 5351 vino
695 5299 899 5353 nullum
929 5300 979 5355 ei
1023 5298 1304 5369 reliquisse
1343 5316 1596 5370 sensum,
1633 5303 1756 5357 audi
1794 5305 1918 5373 quid
1959 5307 2119 5362 dicat.

540 5391 629 5445 δι.
663 5390 726 5445 Et
758 5396 947 5462 factum
976 5403 1050 5447 est
1076 5394 1157 5449 die
1180 5395 1437 5464 sequenti,
1468 5395 1692 5468 dixitque
1719 5400 1885 5469 major
1910 5412 2029 5455 natu
2057 5403 2125 5454 ad

531 5477 788 5547 juniorem
817 5497 835 5536 .'
865 5483 996 5538 Ecce
1026 5484 1240 5539 dormivi
1268 5486 1376 5540 heri
1418 5503 1533 5540 cum
1579 5498 1723 5558 patre
1750 5500 1918 5545 nostra
1943 5508 1962 5546 :
1989 5503 2127 5562 pote-

607 5639 623 5669 ⁸
659 5639 799 5704 savii.
827 5648 877 5690 et
895 5639 1078 5704 aliquot
1103 5648 1227 5699 uss,
1252 5654 1345 5691 non
1384 5643 1510 5692 enim
1549 5643 1759 5693 muniam
1784 5658 2028 5704 possumus
2047 5663 2125 5697 nr-

532 5700 854 5809 ;ﬁ‘r'tquscite
877 5700 1073 5753 cautiora
1088 5747 1101 5765 ,
1127 5711 1330 5755 attamen
1355 5705 1523 5756 habent
1546 5707 1755 5767 aliquem
1779 5700 2001 5759 latentem
2024 5713 2123 5760 t/tc-

683 5777 695 5806 Ι
736 5797 747 5808 .

683 5777 747 5808 ιιι.

1232 327 1287 383 S.
1330 324 1607 381 JOANNIS
1643 319 2120 379 CHRYSOSTOMI
2161 316 2473 402 ARCHIEP.
2513 322 3050 378 CONSTANTINOP.

3699 322 3831 379 8i“)

2218 453 2328 491 mus
2349 438 2505 507 igitur
2525 455 2636 491 eum
2661 438 2775 491 vino
2797 448 2845 490 et
2872 449 3016 490 nocte
3035 439 3150 501 ista,
3178 448 3222 490 et
3249 438 3472 508 ingressa
3500 438 3662 492 dormi
3690 455 3828 491 cum

2216 544 2293 592 eo,
2320 538 2366 581 et
2393 528 2662 582 excitemus
2690 545 2753 582 ex
2780 540 2922 596 patre
2939 539 3112 582 nostro
3141 545 3326 583 semen.
3354 529 3515 584 Vides
3534 534 3827 600 quomoda

2213 628 2360 673 recta
2382 622 2641 673 sententia
2671 620 2773 675 hoc
2794 619 3077 675 faciebant.
3110 619 3241 674 Nam
3267 621 3386 690 quia
3411 622 3582 691 potui,
3608 620 3824 690 inquit,

2213 725 2314 780 ego
2341 710 2483 780 quod
2514 711 2816 781 qumrebam
2861 712 3085 781 implere
3105 753 3120 778 ,
3153 712 3513 767 necessarium
3545 722 3626 767 est
3667 722 3719 767 et
3764 725 3827 768 te

2214 801 2355 856 idem
2387 802 2566 858 facere
2594 821 2607 857 :
2642 805 2776 857 forte
2802 804 2942 858 enim
2973 814 3216 859 votorum
3245 816 3550 860 nostrorum
3578 822 3825 878 cumpo-

2214 900 2297 946 tes
2322 893 2553 959 erimus,
2585 904 2640 948 et
2674 910 2781 949 non
2812 894 2863 949 in
2904 906 3160 951 internum
3189 912 3355 965 genus
3387 907 3624 952 nostrum
3680 916 3822 969 per—

2214 984 2329 1039 ibit.
2364 986 2452 1040 55.
2492 985 2800 1041 Potaverunt
2845 998 3011 1042 autem
3038 999 3090 1043 et
3128 1001 3270 1044 nocte
3298 990 3391 1045 illa
3435 1001 3625 1059 patrm:
3655 1010 3823 1047 suum

2214 1078 2349 1140 vino,
2379 1086 2428 1131 et
2455 1078 2683 1149 ingressa
2708 1088 2782 1133 est
2798 1081 2997 1151 junior,
3027 1090 3074 1134 et
3104 1081 3335 1135 dormivit
3361 1099 3475 1135 cum
3505 1094 3649 1154 patre
3675 1101 3775 1137 suo
3796 1102 3822 1139 :

2211 1180 2259 1224 et
2288 1171 2535 1241 ignoravit
2562 1172 2648 1226 ille
2670 1174 2872 1244 quando
2900 1174 3012 1243 ipsa
3041 1175 3118 1227 vel
3140 1174 3448 1236 accubuerit.
3475 1175 3551 1228 vel
3570 1192 3821 1229 surrexe-

2212 1262 2296 1314 rit.
2330 1261 2660 1327 Considera,
2702 1261 2931 1329 dilecte,
2970 1272 3137 1317 totum
3180 1263 3376 1319 factum
3421 1265 3583 1320 fuisse
3621 1266 3817 1320 divina

2212 1352 2648 1422 dispensatione,
2692 1356 2830 1409 sicut
2860 1364 2914 1409 et
2958 1356 3131 1425 primo
3175 1354 3377 1409 homini
3421 1356 3617 1411 evenit.
3665 1354 3813 1409 Nam

2211 1446 2350 1501 sicut
2376 1446 2481 1501 illic
2514 1462 2578 1501 ex
2609 1446 2926 1502 dormientis
2958 1448 3123 1503 latere
3154 1449 3326 1517 portio
3352 1458 3559 1517 sumpta
3591 1456 3708 1514 est,
3734 1464 3816 1503 co

2212 1554 2321 1592 non
2344 1539 2609 1594 sentiente
2634 1556 2649 1603 ;
2682 1539 2778 1594 sed
2802 1540 2892 1610 qui
2919 1540 3145 1594 ﬁnxerat
3171 1540 3312 1594 latus
3340 1540 3491 1603 illud,
3521 1541 3643 1595 inde
3667 1558 3816 1596 uxo-

2212 1645 2325 1684 rem
2358 1630 2486 1684 Ada:
2530 1631 2776 1700 produxit
2818 1648 2833 1683 :
2872 1630 3034 1685 simili
3081 1631 3241 1686 modo
3278 1642 3333 1686 et
3374 1648 3533 1687 nunc.
3578 1633 3713 1689 Nam
3754 1635 3813 1688 si

2213 1731 2379 1777 costae
2405 1723 2632 1792 ereptio.
2658 1738 2879 1777 excessu
2906 1722 3099 1777 mentis
3124 1738 3154 1776 a
3184 1723 3292 1778 Deo
3318 1723 3577 1791 immisso,
3600 1725 3815 1793 absque

2214 1814 2357 1870 illius
2386 1831 2547 1869 sensu
2573 1814 2671 1871 fuit
2700 1834 2713 1866 :
2745 1815 2912 1870 multo
2937 1816 3101 1884 magis
3122 1824 3177 1871 et
3197 1831 3339 1870 nunc
3367 1817 3439 1871 ita
3467 1815 3665 1871 factum
3694 1827 3810 1873 est.

2213 1906 2344 1961 Nam
2377 1906 2429 1960 id
2459 1906 2599 1977 quod
2629 1906 2761 1961 dixit
2792 1908 2898 1962 illic
2922 1906 3097 1961 divina
3127 1907 3421 1975 Scriptura,
3467 1906 3683 1962 Immisit
3710 1926 3811 1961 ex-

2213 2001 2385 2055 stasim
2413 2001 2464 2053 in
2494 2000 2687 2067 Adam,
2720 2010 2765 2055 et
2794 1999 3026 2053 dormivit
3054 1999 3218 2069 (Gen.
3246 2000 3300 2053 2.
3327 2000 3389 2054 2|
3413 1999 3433 2071 )
3461 2020 3473 2053 τ
3508 2000 3606 2053 hoc
3634 2012 3688 2055 et
3716 2000 3812 2054 hic

2214 2091 2533 2163 signiﬁcavit
2572 2090 2835 2154 dicendo,
2878 2090 3095 2144 Nescivit
3134 2092 3335 2161 quando
3379 2092 3454 2145 vel
3492 2092 3808 2158 accubuerit,

2215 2184 2291 2238 vel
2317 2184 2608 2238 surrexerit.
2636 2183 2722 2238 56.
2751 2182 2820 2236 Et
2844 2191 3199 2253 conceperant,
3223 2182 3412 2251 inquit,
3437 2182 3498 2235 de
3528 2191 3667 2252 patre
3686 2199 3809 2236 suo.

2214 2276 2303 2330 57.
2332 2275 2399 2328 Et
2430 2278 2620 2341 peperit
2647 2277 2811 2346 major
2849 2287 2972 2328 natu
3001 2277 3166 2344 [ilium
3194 2286 3239 2328 et
3267 2276 3455 2328 vocavit
3487 2293 3664 2327 nomen
3692 2277 3811 2344 ejus

2215 2366 2388 2434 Moab,
2408 2368 2598 2431 dicens,
2620 2366 2704 2421 Ex
2732 2378 2875 2438 patre
2902 2384 3029 2422 meo.
3056 2366 3157 2421 Hic
3181 2378 3321 2439 pater
3346 2378 3415 2421 est
3437 2367 3488 2420 Μ
3496 2369 3805 2421 oabitarum.

2214 2460 2303 2516 58.
2341 2460 2544 2530 Peperit
2584 2470 2748 2514 autem
2786 2470 2833 2514 et
2867 2461 3050 2528 junior
3074 2460 3269 2529 lilium,
3314 2471 3360 2515 ct
3403 2462 3592 2514 vocavit
3624 2478 3809 2514 nomen

2213 2553 2323 2619 ejus
2345 2552 2561 2605 Ammon
2582 2594 2595 2617 ,
2631 2552 2801 2605 dicens
2822 2594 2836 2618 ,
2876 2550 3040 2605 Filius
3069 2552 3264 2622 generis
3291 2555 3404 2604 mei.
3440 2551 3538 2604 Hic
3564 2562 3635 2605 est
3662 2562 3813 2621 pater

2215 2644 2636 2697 Ammanitarum.
2658 2643 2819 2698 Vides
2843 2644 2891 2697 id
2915 2659 3021 2697 non
3047 2644 3206 2698 luisse
3228 2644 3623 2698 incontinentite
3644 2660 3805 2712 opus,

2217 2752 2336 2790 cum
2369 2736 2584 2790 nomina
2615 2736 2791 2791 statim
2834 2736 2971 2789 natis
3009 2735 3335 2801 indiderint,
3376 2737 3565 2807 quibus
3605 2736 3807 2791 factum

2216 2829 2621 2899 signiﬁcabant,
2655 2838 2709 2883 et
2738 2829 2789 2882 in
2818 2828 3045 2882 ﬁliorum
3078 2829 3384 2883 nominibus
3425 2830 3579 2899 quasi
3622 2829 3674 2883 in
3702 2844 3805 2883 co-

2217 2921 2397 2975 lumna
2440 2920 2609 2975 ferme
2634 2918 2865 2989 quadam
2893 2920 3205 2973 memoriam
3244 2918 3368 2973 facti
3412 2919 3803 2989 inscripserint,

2227 3034 2281 3081 et
2306 3025 2417 3094 jam
2448 3033 2558 3076 tum
2598 3020 2977 3089 prtesignartnt
3000 3024 3185 3086 gentes
3217 3028 3280 3066 ex
3313 3010 3392 3064 eis
3421 3009 3632 3063 futuras
3659 3023 3805 3071 esse,

2226 3127 2283 3173 et.
2318 3117 2369 3171 in
2400 3112 2795 3167 multitudinem
2818 3124 2876 3162 se
2902 3113 3317 3176 prapagaturum
3336 3112 3581 3155 natorum
3613 3114 3801 3170 genus.

2228 3209 2361 3265 Nam
2389 3208 2477 3262 ille
2502 3205 2738 3275 quidem,
2762 3200 2956 3268 inquit,
2981 3206 3136 3267 pater
3164 3195 3267 3250 erit
3290 3193 3671 3257 Moabitarum,
3704 3193 3805 3247 iste

2229 3309 2407 3356 autem
2434 3294 2884 3350 Amtnonitarum.

2296 3389 2349 3443 6.
2395 3384 2611 3441 Moralis
2637 3382 2950 3436 exhortatio.
2982 3377 3203 3431 Collatia
3233 3374 3447 3443 Iosephi
3473 3373 3807 3426 continentite

2226 3499 2344 3538 cum
2380 3476 2705 3547 Babylonica
2742 3468 3246 3541 fornace—Verum
3274 3465 3805 3534 tuncquidem,quo—

2226 3574 2371 3629 niam
2386 3570 2537 3639 origo
2556 3578 2606 3621 et
2625 3564 2778 3619 initia
2800 3571 2975 3625 erant,
2995 3570 3050 3615 et
3065 3576 3158 3631 per
3174 3559 3385 3630 generis
3403 3557 3804 3612 successionem

2227 3663 2539 3719 memoriam
2562 3673 2714 3713 suam
2740 3654 2992 3709 volebant
3011 3666 3347 3712 conservare,
3369 3657 3575 3702 tantum
3592 3646 3707 3714 ejus
3728 3649 3803 3701 rei

2227 3756 2459 3811 studium
2480 3749 2717 3819 fuitjusti
2734 3748 2964 3802 ﬁliabus:
2982 3760 3121 3800 nunc
3134 3753 3313 3798 autem
3329 3742 3451 3811 quia
3470 3757 3564 3809 per
3576 3740 3803 3817 gratiam

2227 3848 2321 3904 Dei
2351 3846 2534 3915 religio
2557 3840 2760 3911 majora
2788 3837 3018 3907 sumpsit
3043 3837 3396 3896 incrementa,
3427 3840 3482 3886 et
3509 3831 3802 3885 secundum

2226 3942 2442 3997 beatum
2466 3936 2710 3999 Paulum,
2733 3933 2968 3987 Prwterit
2984 3931 3155 4000 ﬁgura
3168 3926 3349 3980 mundi
3365 3926 3524 3995 hujus
3543 3923 3593 3994 (I
3614 3922 3803 3976 Cor.7.

2226 4032 2341 4106 5i),
2367 4046 2533 4101 Opera
2564 4030 2703 4083 bona
2737 4026 2945 4097 agendo
2981 4021 3297 4077 memoriam
3326 4017 3495 4071 nostri
3529 4016 3799 4084 relinqua-

2226 4139 2346 4179 mus
2370 4142 2382 4177 :
2415 4138 2473 4177 ut
2488 4139 2611 4176 cum
2635 4121 2761 4175 hinc
2776 4118 3204 4188 migraveritnus,
3228 4116 3353 4169 vita:
3369 4121 3566 4168 nostrae
3582 4111 3807 4181 diligens

2225 4222 2282 4271 et
2315 4221 2564 4269 accurata
2598 4210 2737 4264 ratio
2761 4210 2832 4265 sit
2861 4208 3251 4262 monimentum
3281 4213 3337 4258 et
3363 4203 3610 4257 doctrina
3640 4200 3787 4255 omni

2226 4303 2330 4358 bus
2356 4302 2445 4372 qui
2480 4302 2530 4354 itt
2569 4315 2667 4354 nos
2710 4297 3019 4367 respicient.
3063 4293 3198 4349 Nam
3232 4293 3323 4363 qui
3364 4294 3569 4345 virtute
3597 4288 3804 4359 praediti

2228 4403 2374 4458 sunt,
2401 4401 2455 4446 et
2479 4400 2684 4446 castam
2713 4390 2874 4442 vitam
2897 4387 3132 4450 ducunt,
3158 4400 3262 4438 non
3288 4382 3462 4437 solum
3492 4380 3545 4434 in
3575 4381 3675 4434 hac
3698 4378 3805 4433 vita

2226 4486 2501 4557 degentes,
2526 4482 2619 4537 sed
2645 4489 2698 4535 et
2714 4489 2835 4550 post
2862 4480 2983 4531 vitae
3005 4478 3230 4539 exitum,
3246 4474 3535 4544 plurimum
3552 4470 3807 4541 prodesse

2227 4584 2481 4648 poterunt
2509 4574 2573 4627 iis
2606 4573 2695 4640 qui
2725 4572 2777 4624 itt
2810 4586 2866 4623 se
2900 4566 3257 4636 respexerint.
3292 4564 3359 4617 Et
3390 4572 3447 4617 ttt
3478 4563 3579 4615 hoc
3607 4561 3805 4623 discas,

2225 4667 2645 4738 vide,obsecro,
2691 4672 2922 4731 quantus
2973 4675 3235 4712 annorum
3293 4669 3549 4709 numerus
3596 4652 3810 4707 transiit

2228 4774 2396 4830 usque
2420 4758 2472 4813 in
2487 4756 2805 4811 hodiernum
2827 4753 2991 4815 diem,
3018 4765 3083 4804 ac
3102 4748 3313 4819 quoties
3329 4746 3573 4799 volumus
3600 4743 3808 4813 aliquos

2228 4852 2283 4907 in
2316 4849 2716 4906 aemulationem
2757 4843 3101 4899 continentia:
3146 4851 3463 4911 provocare.
3511 4834 3712 4904 .loseph
3755 4834 3806 4887 in

2231 4940 2466 4997 medium
2498 4937 2770 4993 aﬂ'eritnus
2792 4935 3118 5003 speciosum,
3150 4929 3467 4991 formosum,
3498 4923 3809 4978 adolescen-

2232 5046 2361 5102 tem,
2399 5034 2453 5089 in
2493 5032 2608 5102 ipso
2636 5030 2812 5085 aetatis
2852 5027 2983 5083 ﬂore
3029 5034 3231 5081 tantam
3259 5020 3530 5077 castitatis
3559 5026 3809 5073 constan-

2228 5123 2354 5175 tiam
2399 5136 2507 5189 prac
2558 5134 2619 5175 se
2666 5119 2961 5174 ferentem:
2992 5127 3046 5173 et
3095 5116 3172 5172 sic
3214 5116 3281 5171 ad
3312 5116 3660 5171 imitationem
3681 5114 3803 5185 justi

2227 5216 2386 5284 huius
2428 5214 2595 5269 auditc
2608 5229 2694 5269 res
2732 5229 3018 5283 provocare
3056 5212 3348 5266 studemus.
3378 5210 3508 5277 Quis
3535 5226 3676 5266 enim
3705 5225 3808 5268 non

2227 5310 2580 5362 admiraretur
2602 5307 2813 5361 beatum
2841 5306 3010 5369 illum,
3041 5304 3129 5374 qui
3159 5304 3212 5358 in
3242 5304 3498 5358 servitute
3523 5302 3804 5367 exsistens,

2228 5400 2353 5454 etin
2380 5399 2495 5469 ipso
2521 5397 2653 5453 ﬂore
2678 5397 2869 5461 artatis,
2899 5393 3109 5464 quando
3140 5395 3368 5448 maxime
3403 5394 3588 5448 fornax
3610 5407 3810 5449 concu-

2230 5490 2606 5562 piscentiarum
2627 5485 2954 5551 accenditur,
2980 5501 3103 5539 cum
3133 5485 3337 5539 videret
3360 5485 3630 5540 dominam
3660 5499 3806 5537 suam

2232 5580 2589 5646 invadentem,
2639 5586 2694 5634 et
2736 5577 3086 5631 insanientem
3132 5576 3183 5629 in
3229 5591 3309 5642 se,
3345 5587 3544 5631 tantam
3577 5575 3809 5630 ostendit

2234 5671 2616 5735 fortitudinem,
2661 5678 2716 5725 et
2760 5669 2827 5723 ita
2874 5666 2938 5721 ad
2968 5666 3222 5721 castitatis
3250 5681 3447 5736 agones
3474 5682 3533 5721 se
3551 5668 3807 5732 exercuit,

2236 5776 2291 5818 ut
2330 5766 2394 5818 ab
2445 5763 2828 5831 intemperante
2854 5759 2939 5813 illa
2968 5758 3187 5813 muliere
3212 5758 3384 5813 nudus
3407 5758 3620 5821 quidem
3650 5759 3809 5815 vesti-
