4084 6356
172 303 266 356 411

168 417 490 490 πειρώμεθά
514 435 677 471 τινων
699 418 1008 471 ἀποδιδόναι
1039 418 1176 471 κατά
1210 417 1271 470 τὸ
1299 420 1429 489 ήμῖν
1455 421 1706 489 ἐφικτὸν,
1731 422 1844 475 ἀλλ’

167 507 315 576 ὅμως
362 509 457 561 καὶ
493 505 669 569 οὕτως
716 505 830 576 ἔχει
870 505 1320 575 ἐγκεκρυμμένον
1360 506 1485 559 τινὰ
1521 506 1797 579 θησαυρὸν
1822 522 1847 548 ι

167 591 320 665 [455]
358 593 495 647 πολὺ
540 593 862 663 ἀπόκρυφον
896 610 955 645 τε
996 592 1090 646 καὶ
1141 592 1602 663 δυσερμήνευτον.
1651 596 1849 649 Σκόπει

163 683 367 744 τοίνυν,
398 681 518 745 πῶς
544 682 579 752 ἡ
617 682 807 752 Γραφὴ
855 680 1038 733 πάντα
1086 680 1272 749 σαφῶς
1313 681 1717 752 διηγησαμένη,
1755 683 1850 735 καὶ

164 768 258 821 τὸν
298 768 501 821 σκοπὸν
519 769 652 839 ήμῖν
679 766 995 838 γνωρίσασα
1022 766 1129 822 τῶν
1157 765 1252 819 τοῦ
1274 767 1483 821 δικαίου
1511 767 1846 840 θυγατέρων,

163 853 263 906 νῦν
291 854 393 924 μὲν
425 853 568 925 ὑπὲρ
596 852 779 906 αὐτῶν
814 852 1091 924 ἀρκοῦσαν
1136 853 1435 922 ἀπολογίαν
1465 857 1721 922 ποιεῖται,
1752 854 1848 909 νῦν

163 940 223 993 δὲ
255 941 397 1012 ὑπὲρ
424 940 520 994 τοῦ
550 940 779 1005 δικαίου,
813 940 902 995 ἵνα
935 941 1124 1012 μηδεὶς
1159 941 1383 1011 ἀφορῶν
1413 942 1553 1013 πρὸς
1576 942 1639 996 τὸ
1680 959 1845 1013 γεγο-

166 1027 282 1090 νὸς,
323 1029 460 1099 μήτε
489 1027 581 1082 τοῦ
606 1028 816 1081 δικαίου
841 1026 1162 1098 καταγνοίη,
1195 1029 1331 1098 μήτε
1356 1027 1463 1081 τῶν
1486 1029 1651 1082 αὐτοῦ
1682 1030 1850 1098 θυγα-

166 1114 361 1185 τέρων,
380 1112 456 1178 ὼς
476 1113 543 1166 δι’
568 1114 863 1182 ἀσέλγειαν
885 1114 989 1184 τῆς
1008 1114 1207 1186 μίξεως
1222 1115 1427 1185 ταύτης
1448 1115 1846 1188 γεγενημένης.

167 1202 295 1265 Πῶς
328 1197 422 1254 οὖν
450 1200 591 1273 ὑπὲρ
622 1201 730 1254 τῶν
757 1200 1072 1273 θυγατέρων
1096 1200 1193 1255 τοῦ
1223 1203 1430 1256 δικαίου
1461 1203 1845 1272 ἀπολογεῖται;

166 1285 338 1350 Εἷπε,
371 1290 556 1360 φησὶν,
588 1290 626 1358 ἡ
674 1288 1049 1358 πρεσϐυτέρα
1094 1289 1243 1357 πρὸς
1282 1288 1397 1358 τὴν
1424 1291 1738 1359 νεωτέραν·
1785 1294 1847 1347 '0

163 1373 368 1442 πατὴρ
395 1373 564 1444 ἡμῶν
591 1375 1016 1443 πρεσϐύτερος,
1046 1376 1145 1429 καὶ
1185 1375 1386 1442 οὐδείς
1410 1375 1581 1429 ἐστιν
1612 1377 1711 1431 ἐπὶ
1735 1377 1847 1447 τῆς

163 1458 301 1529 γῆς,
335 1458 404 1526 ὃς
431 1461 845 1514 εἰσελεύσεται
880 1460 1031 1529 πρὸς
1069 1459 1248 1529 ἡμᾶς.
1283 1461 1363 1527 ὡς
1396 1460 1647 1528 καθήκει
1678 1462 1846 1535 πάσῃ

163 1548 240 1619 τῇ
399 1550 542 1621 Ὅρα
574 1550 664 1603 τὸν
693 1551 895 1604 σκοπὸν
947 1550 1085 1621 μετά
1140 1549 1427 1624 ἀκριϐείας
1446 1590 1462 1616 ,
1504 1552 1599 1605 καὶ
1644 1553 1848 1618 παντὸς

162 1637 339 1701 αὐτὰς
384 1636 715 1705 ἀπαλλάξεις
787 1637 1155 1708 ἐγκλήματος.
1228 1638 1514 1709 Ἐνόμισαν
1555 1639 1661 1712 γὰρ
1712 1658 1849 1695 παν-

162 1724 433 1797 ωλεθρίαν
458 1722 907 1795 γεγενῆσθαι,καὶ
937 1723 1142 1794 μηδένα
1163 1723 1245 1778 έτι
1278 1722 1847 1798 καταλειφθῆναι·εῐτα

161 1811 262 1863 καὶ
302 1810 400 1863 τοῦ
434 1811 641 1883 πατρὸς
687 1810 875 1882 ἐώρων
909 1811 971 1864 τὸ
1011 1811 1209 1882 γῆρας.
1242 1813 1359 1866 Ἵνα
1397 1808 1520 1876 οὖν,
1548 1815 1715 1883 φησὶν
1772 1814 1847 1886 μὴ

162 1898 440 1969 ἀφανισθῇ
468 1900 529 1952 τὸ
552 1899 731 1968 γένος,
767 1902 861 1953 καὶ
900 1898 1174 1970 ἀνώνυμοι
1204 1899 1492 1971 γενώμεθα
1519 1902 1698 1971 (τοῦτο
1736 1904 1845 1973 γάρ

163 1980 235 2055 ἦν
264 1986 326 2039 τὸ
358 1986 611 2049 παλαιοῖς
644 1987 1143 2057 περισπούδαστον,
1179 1986 1321 2042 ὥστε
1353 1988 1442 2042 διὰ
1472 1990 1574 2058 τῆς
1612 1990 1721 2043 τῶν
1754 1991 1846 2043 ἐκ·

163 2074 344 2140 γόνων
369 2073 623 2144 διαδοχῆς
668 2073 1007 2127 ὲκτείνεσθαι
1050 2074 1229 2129 αὐτῶν
1273 2075 1336 2129 τὸ
1368 2075 1569 2146 γένος)⁶
1601 2076 1687 2130 ἵνα
1716 2074 1843 2142 οὖν,

163 2162 328 2229 φησὶ,
359 2159 435 2229 μὴ
474 2160 713 2230 παντελῆ
763 2162 860 2215 καὶ
902 2164 1063 2232 ήμεῖς
1096 2162 1403 2234 ἀφανισμὸν
1438 2163 1843 2235 ὑπομείνωμεν,

161 2246 264 2299 τοῦ
299 2246 399 2314 μὲν
428 2248 633 2318 πατρὸς
660 2246 799 2318 πρὸς
832 2248 1007 2319 γῆρας
1052 2249 1366 2316 ἐλάσαντος,
1407 2251 1622 2314 οὐδενὸς
1661 2252 1719 2305 δὲ
1751 2253 1845 2305 εὐ-

166 2332 500 2403 ρισκομένου
528 2333 717 2404 ἀνδρὸς
737 2374 753 2400 ,
782 2326 827 2402 ᾧ
867 2335 1262 2406 συγγενόμεναι
1296 2336 1637 2408 δυνησόμεθα
1687 2340 1847 2392 ἐκτα-

165 2418 354 2488 θῆναι,
390 2422 484 2473 κιὶ
522 2420 840 2474 καταλιπεῖν
863 2422 959 2475 τοῦ
984 2423 1298 2495 σπέρματος
1328 2424 1599 2496 διαδοχὴν,
1637 2425 1844 2493 Δεῦρο,

164 2507 361 2577 φησὶν,
398 2507 483 2560 ἵνα
508 2509 585 2578 μὴ
615 2508 775 2561 τοῦτο
818 2510 1042 2581 γένηται
1066 2552 1082 2577 ,
1115 2511 1460 2581 ποτίσωμεν
1489 2513 1597 2566 τὸν
1620 2512 1848 2582 πατέρα

164 2593 344 2662 ἡμῶν
372 2596 562 2648 οἶνον.
613 2596 831 2667 Ἐπειδὴ
877 2597 977 2650 οὐκ
1011 2597 1076 2651 ἀν
1129 2615 1282 2663 ποτε,
1328 2600 1514 2671 φησὶν,
1563 2601 1848 2672 ἀνάσχοιτο

164 2682 291 2735 οὐδέ
319 2684 455 2753 ἀκοῇ
485 2683 643 2735 τοῦτο
687 2683 1099 2754 παραδέξασθαι
1128 2686 1157 2737 ὁ
1187 2686 1371 2757 πατὴρ
1389 2728 1405 2752 ,
1452 2686 1541 2740 διά
1567 2686 1660 2740 τοῦ
1704 2688 1845 2741 οἴνου

163 2771 269 2839 τὴν
327 2771 542 2840 ἀπάτην
578 2771 962 2842 ἐργασώμεθά.
1018 2773 1337 2827 Ἐπότισαν
1377 2772 1444 2827 δέ
1486 2773 1593 2828 τόν
1624 2774 1849 2844 πατέρα

166 2856 371 2910 αὐτῶν
408 2854 576 2911 οἶνον
607 2859 677 2911 ἐν
698 2857 773 2927 τῇ
806 2859 980 2913 νυκτί
1020 2862 1228 2927 ταύτῃ,
1270 2860 1370 2913 καὶ
1405 2863 1770 2916 εἰσελθοῦσα
1807 2863 1846 2930 ἠ

166 2946 546 3014 πρεσϐυτέρα
594 2946 880 3017 ἐκοιμήθη
919 2949 1069 3017 μετὰ
1097 2948 1205 3002 τοῦ
1236 2949 1460 3017 πατρὸς
1489 2948 1679 3018 αὐτῆς
1704 2968 1717 2981 ο
1749 2950 1848 3004 καὶ

166 3037 284 3087 οὐκ
318 3035 449 3103 ᾔδει
477 3035 547 3087 ἐν
576 3033 656 3101 τῷ
703 3034 1055 3105 κοιμηθῆναι
1091 3035 1309 3104 αὐτὴν,
1344 3037 1443 3091 καὶ
1476 3037 1837 3106 ἀναστῆναι.

168 3118 327 3181 Εἶδες
370 3120 488 3183 πῶς
520 3123 614 3174 καὶ
653 3122 792 3191 ὑπὲρ
841 3122 934 3174 τοῦ
981 3123 1194 3176 δικαίου
1240 3123 1619 3195 ἀπελογήσατο
1663 3127 1694 3195 ή
1732 3125 1849 3178 θεία

168 3206 212 3258 Γ
219 3207 387 3278 ραφὴ,
434 3208 531 3277 οὐχ
567 3207 737 3272 ἅπαξ,
784 3208 919 3262 ἀλλὰ
968 3210 1062 3262 καὶ
1107 3209 1394 3282 δεύτερον;
1435 3212 1707 3282 Πρότερον
1752 3213 1849 3282 μὲν

166 3294 281 3365 γάρ
309 3294 368 3359 ἐξ
402 3288 477 3348 ὧν
517 3297 570 3347 αἱ
614 3296 912 3367 θυγατέρες
940 3297 1037 3369 τὴν
1070 3298 1157 3352 διὰ
1188 3298 1282 3352 τοῦ
1309 3300 1452 3353 οἴνου
1486 3299 1704 3371 ἀπάτην
1733 3301 1848 3371 εἰρ-

165 3382 431 3451 γάσαντο,
466 3383 664 3448 ἔδειξεν
695 3384 772 3447 ὡς
803 3386 903 3438 οὐκ
944 3385 1010 3439 ἂν
1044 3386 1244 3456 ἑτέρως
1276 3386 1623 3459 ἠδυνήθησαν
1664 3390 1848 3441 πεῖσαι

165 3471 265 3523 ’τὸν
294 3471 508 3542 πατέρα
538 3471 699 3524 τοῦτο
742 3472 1143 3537 καταδέξασθαι
1166 3491 1180 3503 ·
1226 3476 1342 3527 νυνὶ
1389 3475 1445 3528 δὲ
1478 3475 1662 3528 λοιπὸν
1696 3472 1849 3546 οἶμαι

168 3555 269 3609 καὶ
301 3554 616 3625 οἰκονομίας
646 3549 785 3608 εἶναι
805 3557 903 3626 τῆς
920 3555 1127 3610 ἀνωθεν
1158 3556 1219 3610 τὸ
1242 3558 1485 3627 γεγονὸς,
1502 3558 1643 3611 ῶστε
1664 3559 1851 3612 τοσοῦ-

166 3659 267 3694 τον
294 3641 442 3712 αὐτῷ
486 3642 656 3712 κάρον
687 3642 1030 3711 ἐγγενέσθαι,
1082 3644 1159 3708 ὡς
1202 3645 1381 3716 πάντη
1432 3646 1730 3717 ἀγνοῆσαι,
1763 3646 1850 3698 ἶνα

171 3729 470 3793 ἀνεύθυνος
496 3731 720 3801 γένηται
765 3732 873 3784 τῶν
901 3731 1283 3803 ἐγκλημάτων.
1317 3734 1398 3787 Τά
1444 3733 1554 3805 γὰρ
1598 3736 1849 3805 ἁμαρτή-

176 3839 331 3892 ματα
364 3823 547 3876 ἐκεῖνα
595 3823 743 3893 ἡμᾶς
780 3824 1100 3894 κατακρίνει
1136 3828 1232 3878 καὶ
1276 3824 1661 3888 καταδικάζει,
1706 3824 1850 3896 άπερ

169 3908 243 3963 ἂν
275 3909 476 3973 εἰδότες
509 3910 606 3964 καὶ
647 3910 863 3974 ἑκόντες
893 3912 1252 3983 ἀμάρτωμεν.
1295 3913 1458 3985 Ὁρᾷς
1491 3913 1547 3967 δὲ
1583 3914 1679 3983 τὴν
1710 3914 1850 3985 Γρα-

173 3997 285 4067 φὴν
335 3996 719 4068 μαρτυροῦσαν
762 3998 841 4069 τῷ
892 3999 1106 4071 δικαίῳ,
1160 4000 1244 4053 ὅτι
1284 4001 1423 4063 ὅλως
1472 4000 1573 4055 οὐκ
1627 4001 1745 4071 ᾔδει
1788 3999 1851 4053 τὸ

170 4085 426 4153 γεγονός;
460 4085 622 4138 Ἀλλά
650 4085 809 4139 πάλιν
835 4084 1024 4158 ἕτερον
1058 4086 1360 4142 ἀνακόπτει
1393 4087 1617 4158 ζήτημα
1650 4088 1711 4140 τὸ
1748 4087 1850 4157 τῆς

176 4171 373 4241 μέθης.
406 4174 496 4225 Δεῖ
514 4174 623 4244 γὰρ
646 4172 823 4227 πάντα
846 4173 1244 4246 διερευνᾶσθαι,
1277 4174 1417 4229 ῶστε
1444 4175 1719 4246 μηδεμίαν
1749 4193 1851 4229 κα-

172 4262 425 4315 ταλιπεῖν
465 4265 578 4327 τοῖς
621 4262 900 4334 ἀγνώμοσι
931 4266 1026 4318 καὶ
1053 4265 1433 4336 ἀναισχύντοις
1475 4266 1752 4338 ἀφορμήν.
1783 4266 1848 4319 Τί

171 4342 271 4401 οὖν
305 4350 399 4402 καὶ
422 4351 551 4420 περὶ
575 4350 765 4404 τούτου
786 4352 1058 4423 εἷπωμενς
1089 4353 1212 4405 Ὀτι
1239 4353 1299 4406 οὐ
1322 4353 1574 4407 τοσοῦτον
1604 4352 1661 4419 ἐξ
1684 4354 1851 4424 ἀκρα-

176 4437 302 4499 σίας
330 4436 400 4490 τά
430 4436 530 4508 τῆς
560 4437 730 4510 μέθης
761 4438 908 4511 αὐτῷ
936 4441 1178 4510 γέγονεν,
1214 4441 1338 4495 ὅσον
1371 4440 1480 4495 ἀπὸ
1514 4440 1773 4512 ἀθυμίας.

250 4526 314 4580 ε’.
355 4524 556 4595 Μηδεὶς
583 4526 764 4581 τοίνυν
788 4528 1041 4599 τολμάτω
1082 4528 1173 4582 τοῦ
1199 4530 1231 4603 ἢ
1261 4530 1471 4584 δικαίου
1519 4531 1648 4583 ποτὲ
1679 4547 1847 4583 κατα-

172 4612 542 4685 ψηφίσασθαι,
575 4611 609 4681 ἢ
646 4613 755 4668 τῶν
778 4614 967 4668 τούτου
1001 4615 1335 4689 θυγατέρων.
1370 4617 1496 4681 Πῶς
1523 4618 1633 4690 γάρ
1658 4619 1756 4671 οὐκ
1781 4618 1847 4672 ἀν

174 4700 264 4770 εἴη
300 4699 498 4770 μανίας
525 4699 760 4771 ἐσχάτης
783 4701 879 4754 καὶ
901 4703 1350 4776 παραφροσύνης,
1379 4703 1473 4768 οὒς
1495 4705 1529 4776 ή
1560 4704 1680 4757 θεία
1703 4705 1846 4776 Γρα-

176 4788 256 4857 φὴ
287 4792 487 4850 παντὸς
523 4786 829 4859 ἀπήλλαξεν
859 4790 1222 4862 ἐγκλήματος,
1261 4791 1462 4863 μᾶλλον
1505 4792 1561 4844 δὲ
1603 4792 1745 4863 ὑπὲρ
1772 4785 1848 4847 ὧν

173 4874 446 4943 τοσαύτην
474 4875 771 4945 ἀπολογίαν
788 4876 1101 4947 συνέθηκεν,
1123 4880 1270 4949 ἡμᾶς
1287 4880 1413 4942 τοὺς
1437 4878 1649 4949 μυρίοις
1670 4880 1849 4951 ἀμαρ-

172 4962 439 5031 πημάτων
469 4964 706 5034 φορτίοις
733 4964 1194 5036 πεπληρωμένους
1218 4966 1623 5031 καταδικάζειν,
1649 4968 1742 5021 καὶ
1770 4967 1845 5039 μὴ

171 5050 397 5104 ἀκούειν
430 5052 642 5105 Παύλου
674 5053 948 5122 λέγοντος,
975 5053 1119 5119 Θεὸς
1160 5057 1192 5108 ό
1232 5054 1495 5120 δικαιῶν,
1546 5056 1640 5120 τίς
1684 5059 1716 5109 ό
1745 5073 1847 5109 κα·-

173 5139 508 5207 τακρίνων;
537 5141 645 5194 Καὶ
669 5141 756 5195 ἵνα
786 5142 962 5216 μάθῃς
977 5143 1059 5195 ὅτι
1084 5143 1181 5213 οὐχ
1203 5144 1388 5208 ἁπλῶς
1404 5144 1525 5198 οὐδέ
1549 5145 1671 5215 είκῆ
1693 5143 1847 5198 τοῦτο

174 5226 426 5294 γέγονεν,
445 5227 563 5281 ἀλλ’
581 5230 614 5299 ἠ
635 5229 909 5301 ὑπερϐολὴ
936 5231 1032 5301 τῆς
1047 5229 1285 5300 ἀθυμίας
1311 5232 1448 5302 μετὰ
1467 5231 1571 5302 τῆς
1590 5229 1845 5303 τοῦ

172 5314 323 5366 οίνου
345 5314 666 5385 προσθήκης
692 5316 951 5386 οὐδεμίαν
1006 5317 1155 5388 αὐτῷ
1195 5318 1446 5387 αἴσθησιν
1501 5317 1845 5389 συνεχώρησε

174 5396 437 5463 γενέσθαι
466 5398 517 5461 b,
554 5398 785 5453 ἄκουσον
830 5401 883 5453 τί
934 5418 1121 5470 φησιν.
1165 5400 1433 5471 Ἐγένετο
1462 5400 1531 5453 δὲ
1558 5399 1633 5469 τῇ
1663 5401 1848 5455 ἐπαύ-

170 5499 330 5550 ριον,
382 5485 481 5539 καὶ
516 5481 689 5540 εἶπεν
719 5487 759 5555 ἡ
802 5488 1175 5557 πρεσϐυτέρα
1206 5488 1355 5558 πρὸς
1385 5488 1499 5555 τὴν
1529 5488 1823 5557 νεωτέραν

190 5569 348 5625 Ἰδοὺ
388 5571 717 5642 ἐκοιμήθην
759 5574 902 5643 χθὲς
930 5576 1081 5645 μετὰ
1113 5576 1220 5630 τοῦ
1252 5575 1476 5644 πατρός
1507 5575 1697 5646 ἡμῶνο
1736 5592 1847 5630 πο-

242 5695 270 5761 ξ’
300 5692 452 5761 εαξη.
478 5701 531 5744 et
553 5696 742 5761 aliquot
773 5710 888 5746 mss.
913 5698 967 5746 οὐ
986 5698 1074 5761 γὰρ
1097 5698 1284 5747 πάντων
1322 5697 1556 5759 δυνάμεθα
1587 5698 1688 5760 μετ’
1710 5698 1845 5761 ἀκρι-

242 5714 270 5723 -·
301 5714 452 5743 oavn.
478 5714 531 5744 ει
553 5714 742 5757 aliqum
773 5714 888 5746 mss.
913 5714 967 5746 ου
986 5715 1074 5761 γαρ
1097 5716 1284 5747 παντων
1322 5714 1556 5759 ουναμεσα
1587 5714 1686 5760 μετ’
1710 5716 1769 5745 ακ
1805 5716 1818 5745 ι

175 5755 497 5829 ὗείαςιεὶδέγαι
519 5759 605 5815 τήν
642 5759 815 5829 αἰτίαν,
963 5761 1090 5829 ὅμως
1124 5762 1220 5829 ἔχει
1240 5762 1344 5809 τινὰ
1376 5761 1747 5829 ἐγκεκρυμμένον
1768 5714 1822 5816 δή

175 5818 372 5882 σαυρόν.
422 5817 475 5865 In
515 5817 845 5879 sequentibus
879 5817 1067 5882 aliqdol
1106 5817 1372 5872 véi'ielales
1410 5817 1671 5870 'occu'rr'u'ut
1708 5820 1837 5882 apud

175 5880 667 5945 εαγιΙ-ἰιιιιιμιυωᾲηοη
690 5883 749 5931 ad
771 5880 975 5931 sensum
991 5885 1253 5945 pertinent.

240 5940 268 5980 δ
290 5942 389 5992 Alii
415 5940 690 6002 ἐγγενέσθαι.

1268 301 1335 357 ΙΝ
1367 302 1519 358 CAP.
1567 303 1703 358 XIX.
1750 304 1999 361 GENES.
2044 306 2276 363 IIOMIL.
2312 306 2497 365 XLIV.

3507 314 3612 368 ιιε

1953 424 2214 493 τίσωμεν
2260 425 2374 478 οὖν
2410 425 2600 480 αὑτὸν
2630 422 2798 480 οἶνον
2829 428 2927 481 καὶ
2969 428 3083 495 τὴν
3128 444 3317 483 νυκτα
3349 430 3576 491 ταύτην
3597 472 3612 494 ,

1950 509 2047 561 καί
2079 509 2445 562 εἰσελθοῦσα
2486 510 2801 578 κοιμήθητι
2851 514 2976 580 μετ’
3006 510 3193 563 αὑτοῦ
3213 551 3228 574 ,
3259 512 3358 565 καί
3396 511 3613 576 ἐξανα-

1948 591 2272 660 στήσωμεν
2290 592 2359 647 ἐκ
2400 594 2507 648 τοῦ
2548 595 2771 662 πατρὸς
2798 594 2967 663 ἡμῶν
2987 596 3244 663 σπέρμα.
3304 597 3466 667 Ὁρᾷς
3498 597 3616 659 πῶς
3704 626 3719 649 ι

1948 676 2008 740 ἐξ
2040 674 2206 746 ὀρθῆς
2235 676 2460 747 γνώμης
2493 676 2647 730 τοῦτο
2671 678 2909 733 ἐποίουν.
2949 678 3166 749 Ἐπειδὴ
3190 678 3300 751 γὰρ
3320 678 3610 751 ἠδυνήθην,

1950 757 2138 827 φησὶν,
2172 757 2284 826 ἐγὼ
2306 761 2367 811 τὸ
2403 759 2836 830 σπουδαζόμενόν
2872 777 2962 830 μοι
2986 761 3091 832 πλη
3102 761 3293 832 ρῶσαι,
3322 762 3615 831 ἀναγκαῖον

1948 842 2045 894 κα)⁵
2089 840 2149 893 σέ
2168 840 2230 893 τὸ
2248 840 2379 896 αὐτὸ
2406 842 2826 913 διαπράξασθαι·
2884 844 3013 907 ἴσως
3044 847 3151 915 γὰρ
3184 848 3265 909 είς
3300 845 3460 916 ἔργον
3481 847 3615 916 ἡμῖν

1946 924 2241 996 ἐκϐήσεται
2273 925 2343 979 τά
2360 927 2459 997 τῆς
2489 927 2834 999 προσδοκίας,
2853 928 2949 980 καὶ
2975 929 3076 981 οὐκ
3104 931 3182 992 εἰς
3197 929 3349 992 τέλος
3374 929 3435 982 τὸ
3461 930 3613 998 γένος

1948 1008 2106 1079 ἡμῶν
2153 1009 2601 1080 ἀφανισθήσεται.
2650 1012 2976 1065 Ἑπότισαν
3028 1011 3097 1065 δὲ
3146 1012 3245 1065 καὶ
3302 1010 3379 1080 τῇ
3440 1013 3613 1066 νυκτὶ

1947 1091 2148 1161 ἐκείνῃ
2177 1092 2286 1146 τὸν
2309 1092 2536 1162 πατέρα
2567 1092 2770 1147 αὐτῶν
2808 1090 2997 1158 οἶνον,
3030 1094 3131 1148 καὶ
3171 1095 3537 1149 εἰσελθοῦσα
3571 1094 3611 1163 ιή

1947 1174 2201 1244 νεωτέρα
2233 1176 2519 1247 ἐκοιμήθη
2540 1177 2689 1246 μετὰ
2716 1176 2823 1230 τοῦ
2857 1177 3080 1245 πατρὸς
3116 1176 3324 1245 αὐτῆςο
3361 1178 3457 1231 καί
3499 1178 3611 1232 οὐκ

1948 1260 2082 1331 ᾔδει
2135 1263 2206 1316 ἐν
2268 1262 2351 1329 τῷ
2408 1263 2766 1334 κοιμηθῆναι
2809 1263 3040 1332 αὐτὴν,
3098 1264 3199 1317 καὶ
3250 1263 3610 1331 ἀναστῆναι.

1947 1350 2250 1423 Σκόπησον,
2282 1352 2554 1422 ἀγαπητὲ,
2608 1352 2690 1406 ὄτι
2722 1351 2782 1404 τὸ
2827 1352 2934 1404 πᾶν
2972 1350 3075 1421 τῆς
3108 1350 3205 1403 τοῦ
3233 1351 3368 1404 Θεοῦ
3409 1353 3612 1405 οἰκονο-

1950 1440 2081 1509 μίας
2107 1435 2178 1512 ῆν
2198 1439 2431 1512 ἔργοντὸ
2448 1440 2693 1511 γεγονὸς,
2716 1441 2904 1513 ὥσπερ
2922 1441 3013 1495 ἐπὶ
3036 1440 3131 1493 τοῦ
3162 1439 3609 1511 πρωτοπλάστου.

1948 1527 2215 1600 Καθάπερ
2246 1528 2355 1599 γάρ
2382 1529 2516 1594 ἐκεῖ,
2545 1528 2896 1591 καθεύδοντος
2922 1527 3109 1593 αὐτοῦ,
3146 1529 3210 1581 ἐκ
3240 1528 3343 1597 τῆς
3374 1526 3608 1597 πλευρᾶς

1950 1616 2113 1687 μέρος
2166 1616 2346 1670 λαϐὼν
2405 1617 2661 1687 οὐδεμίαν
2726 1616 2976 1689 αἴσθησιν
3045 1616 3195 1687 αὐτῷ
3264 1615 3608 1687 συνεχώρησε

1946 1704 2226 1771 γενέσθαι.
2260 1704 2397 1758 ἀλλὰ
2431 1705 2529 1776 τὴν
2564 1704 2800 1775 πλευρὰν
2844 1705 3058 1775 ἐκείνην
3104 1706 3185 1768 είς
3233 1707 3465 1772 γυναῖκα
3496 1705 3605 1759 δια·

1948 1792 2159 1856 πλάσας
2196 1793 2506 1865 παρέστησε
2534 1792 2612 1864 τῷ
2644 1794 2831 1863 Ἀδάμ·
2871 1793 2961 1847 τὸν
2994 1792 3155 1847 αὐτὸν
3192 1792 3256 1863 δὴ
3279 1792 3480 1862 τρόπον
3515 1795 3609 1845 καὶ

1947 1878 2062 1934 νῦν.
2091 1879 2154 1933 Et
2186 1881 2295 1952 γὰρ
2331 1882 2364 1952 ή
2394 1882 2494 1950 τῆς
2532 1880 2771 1952 πλευρᾶς
2814 1880 3124 1950 ἀφαίρεσις,
3156 1880 3342 1949 ἐπειδὴ
3375 1879 3474 1950 τὴν
3517 1879 3608 1932 ἔκ-

1949 1990 2134 2026 στασιν
2162 1973 2309 2043 αὐτῷ
2355 1974 2384 2026 ό
2429 1972 2560 2035 Θεὸς
2607 1974 2904 2043 ἐπήγαγεν,
2937 1969 3350 2041 ἀνεπαισθήτως
3384 1968 3573 2037 γέγονε
3594 2009 3608 2033 ,

1948 2060 2126 2129 πολλῷ
2166 2060 2364 2131 μᾶλλον
2397 2058 2491 2113 νῦν
2526 2057 2684 2112 τοῦτο
2721 2058 2787 2112 ἂν
2815 2059 3052 2127 ἐγένετο.
3087 2059 3265 2128 Ὅπερ
3304 2057 3414 2127 γὰρ
3459 2053 3608 2111 εἶπεν

1947 2149 2063 2201 ἐκεῖ
2092 2150 2124 2218 ή
2163 2148 2280 2201 θεία
2311 2147 2517 2219 Γραφὴ,
2548 2148 2629 2200 ὅτι
2674 2145 2996 2200 Ἐπέϐαλεν
3023 2147 3321 2199 ἔκστασιν
3366 2144 3465 2198 ἐπὶ
3506 2146 3609 2198 τὸν

1962 2237 2148 2306 Ἀδὰμ,
2198 2236 2295 2289 καὶ
2325 2236 2588 2289 ὕπνωσε*
2622 2233 2782 2288 τοῦτο
2812 2235 2908 2288 καὶ
2947 2234 3182 2288 ἐνταῦθα
3235 2235 3478 2304 ἐσήμανε
3522 2233 3608 2287 διὰ

1946 2326 2041 2379 τοῦ
2096 2328 2288 2389 εἰπεῖν,
2335 2325 2417 2378 ὃτι
2475 2326 2597 2378 Οὐκ
2652 2324 2781 2393 ᾔδει
2826 2323 2898 2377 ἐν
2940 2321 3020 2388 τῷ
3067 2321 3456 2391 κοιμηθῆναι,
3512 2321 3608 2377 καὶ

1947 2412 2302 2482 ἀναστῆναι.
2356 2412 2467 2468 Καὶ
2499 2414 2864 2475 συνέλαϐον,
2919 2410 3105 2482 φησὶν,
3137 2411 3206 2463 ἐκ
3237 2410 3342 2465 τοῦ
3390 2413 3606 2477 πατρὸς

1946 2501 2162 2556 αὐτῶν.
2221 2501 2331 2555 Καὶ
2363 2501 2572 2554 ἔτεκεν
2600 2502 2639 2568 ἠ
2681 2499 3077 2568 πρεσϐυτέρα,
3122 2499 3222 2553 καί
3261 2498 3516 2553 ἐκάλεσε
3547 2498 3611 2551 τὸ

1949 2590 2135 2659 ὄνομα
2172 2589 2360 2643 αὐτοῦ
2388 2590 2584 2652 Μωὰϐ,
2609 2589 2899 2657 λέγουσα·
2950 2588 3043 2640 Ἐκ
3077 2587 3184 2641 τοῦ
3224 2589 3446 2654 πατρός
3468 2604 3607 2657 μου.

1952 2673 2141 2743 Οὗτος
2175 2677 2371 2745 πατὴρ
2419 2674 2760 2731 Μωαϐιτῶν.
2797 2677 2997 2730 Ἐτεκε
3024 2674 3092 2728 δὲ
3120 2674 3220 2728 καὶ
3252 2676 3293 2742 ἡ
3334 2675 3607 2742 νεωτέρα,

1948 2765 2048 2819 καὶ
2075 2765 2330 2819 ἐκάλεσε
2367 2764 2433 2818 τὸ
2473 2764 2660 2832 ὄνομα
2691 2761 2852 2828 αὐτῷ
2886 2762 3121 2832 Ἆμμᾶν,
3150 2763 3437 2832 λέγουσα
3481 2766 3602 2831 Υἱδς

1948 2853 2055 2907 τοῦ
2094 2853 2307 2922 γένους
2339 2870 2478 2922 μου.
2533 2848 2721 2918 Οὗτος
2772 2850 2969 2919 πατὴρ
3022 2851 3411 2920 Ἀμμανιτῶν.
3452 2852 3613 2923 Ὁρᾷς

1948 2941 2067 3004 πῶς
2095 2942 2193 2994 οὐκ
2212 2940 2497 3009 ἀσελγείας
2524 2936 2591 3011 ἦν
2623 2940 2685 2992 τὸ
2729 2938 2952 3009 γεγονὸς
2971 2982 2985 3003 ,
3029 2939 3111 2992 ὅτι
3147 2942 3488 3012 παραχρῆμα
3521 2942 3612 2993 καὶ

1948 3031 2047 3094 τάς
2084 3029 2451 3101 προσηγορίας
2475 3031 2586 3091 τοῖς
2610 3028 2877 3097 τεχθεῖσιν
2906 3027 3172 3080 ἐπέθεσαν
3222 3028 3521 3099 μηνύουσαι
3554 3030 3614 3080 τὸ

1949 3117 2338 3188 γεγενημένον,
2362 3117 2455 3170 καὶ
2482 3115 2763 3185 μονονουχὶ
2796 3114 3048 3185 καθάπερ
3077 3118 3135 3168 ἐν
3162 3118 3331 3189 στήλῃ
3358 3120 3464 3170 τινὶ
3499 3120 3616 3178 τοῖς

1947 3208 2056 3261 τῶν
2086 3206 2310 3261 παιδίων
2336 3206 2589 3275 ὀνόμασιν
2612 3205 3061 3274 ἐναποτιθέμεναι
3089 3204 3184 3258 τοῦ
3211 3206 3493 3275 γεγονότος
3514 3207 3615 3275 τὴν

1953 3298 2204 3368 μνήμην,
2252 3296 2347 3348 καὶ
2392 3294 2489 3364 ήδη
2545 3294 2976 3365 προμηνύουσαι,
3029 3294 3112 3346 ὅτι
3170 3292 3294 3365 έθνη
3342 3293 3403 3357 ἐξ
3435 3294 3614 3349 αὐτῶν

1948 3387 2123 3448 ἔσται,
2152 3384 2248 3437 καὶ
2288 3386 2369 3446 εἰς
2401 3382 2601 3453 πλῆθος
2654 3382 3012 3451 ἐκταθήσεται
3064 3382 3173 3434 τῶν
3213 3382 3513 3452 τεχθέντων
3553 3382 3612 3435 τὸ

1949 3477 2123 3542 γένος.
2169 3474 2225 3526 '0
2256 3472 2356 3543 μὲν
2388 3470 2516 3541 γὰρ,
2563 3472 2748 3540 φησὶν,
2780 3469 2933 3524 ἔσται
2990 3470 3172 3542 πατὴρ
3219 3472 3547 3536 Μωαϐιτῶν,
3584 3473 3613 3524 ὁ

1948 3564 2028 3625 δέ,
2060 3563 2242 3632 πατὴρ
2288 3559 2654 3629 Ἀμμανιτῶν.

2020 3659 2094 3715 ς’.
2129 3649 2287 3703 ’Λλλά
2312 3649 2433 3701 τότε
2461 3647 2581 3718 μὲν,
2606 3646 2794 3717 ἐπειδὴ
2821 3647 2965 3717 ἀρχὴ
2997 3647 3091 3699 καὶ
3116 3649 3374 3718 προοίμια
3398 3643 3486 3720 ῆν,
3520 3651 3615 3704 καὶ

1948 3739 2036 3792 διά
2062 3737 2160 3807 τῆς
2190 3735 2283 3789 τοῦ
2312 3736 2502 3804 γένους
2529 3734 2780 3803 διαδοχῆς
2831 3734 2928 3804 τὴν
2980 3735 3200 3805 μνήμην
3243 3736 3426 3799 αὐτοῖς
3452 3737 3598 3792 ἐϐού.

1949 3827 2101 3879 λοντο
2149 3822 2540 3892 διατηρεῖσθαι,
2577 3820 2847 3891 τοσαύτην
2894 3822 3129 3890 σπουδὴν
3180 3822 3273 3875 τοῦ
3318 3823 3525 3876 δικαίου
3554 3827 3609 3879 αἱ

1950 3914 2247 3985 θυγατέρες
2272 3913 2615 3981 ἐποιήσαντο·
2650 3912 2765 3964 νυνὶ
2797 3911 2871 3973 δὲ,
2908 3910 3092 3981 ἐπειδὴ
3120 3910 3210 3964 διὰ
3229 3910 3327 3982 τὴν
3346 3911 3442 3964 τοῦ
3476 3912 3608 3968 Θεοῦ

1950 4004 2108 4075 χάριν
2137 4000 2207 4055 τὰ
2229 4000 2330 4071 τῆς
2359 3999 2638 4062 εὐσεϐείας
2662 3999 2969 4061 ἐπιδέδωκε,
3015 4000 3109 4052 καὶ
3142 4001 3282 4052 κατὰ
3306 3999 3398 4053 τὸν
3430 4004 3598 4071 μακά-

1952 4108 2066 4164 ριον
2097 4088 2328 4152 Παῦλον,
2354 4085 2609 4155 Παράγει
2647 4084 2859 4139 λοιπὸν
2886 4085 2951 4138 τὸ
2989 4084 3199 4153 σχῆμα
3238 4085 3346 4139 τοῦ
3379 4087 3609 4156 κόσμου

1948 4182 2187 4243 τούτου,
2226 4178 2324 4248 τὴν
2347 4176 2437 4230 διὰ
2464 4176 2561 4246 τῆς
2589 4173 2696 4226 τῶν
2727 4172 2947 4243 ἀγαθῶν
2982 4172 3232 4244 πράξεως
3277 4173 3452 4245 ἔργων
3484 4179 3603 4247 μνή.

1953 4287 2061 4343 μην
2088 4268 2300 4330 ἑαυτοῖς
2329 4262 2855 4333 καταλιμπάνωμεν,
2888 4262 2973 4314 ἵνα
3001 4263 3093 4315 καὶ
3129 4261 3266 4331 μετά
3295 4262 3393 4332 τὴν
3429 4264 3607 4318 ὲντεῦ-

1950 4359 2041 4413 θεν
2076 4354 2424 4429 μετάστασιν,
2445 4354 2478 4423 ή
2501 4351 2601 4420 τῆς
2631 4351 2860 4421 ἀρίστης
2886 4350 3041 4420 ἡμῶν
3066 4349 3340 4413 πολιτείας
3359 4351 3608 4423 ἀκρίϐεια

1948 4447 2255 4517 ὑπόμνησις
2274 4442 2369 4497 καὶ
2400 4438 2715 4495 διδασκαλία
2736 4437 2959 4509 γένηται
2976 4440 3087 4501 τοῖς
3115 4438 3194 4500 είς
3219 4439 3366 4508 ἡμᾶς
3390 4439 3608 4509 ὁρῶσιν.

1949 4537 2011 4589 Οἱ
2046 4533 2156 4602 γὰρ
2189 4530 2452 4601 ἐνάρετοι,
2486 4527 2579 4580 καὶ
2609 4528 2699 4579 τὸν
2738 4526 2991 4597 σώφρονα
3025 4524 3138 4595 βίον
3177 4526 3480 4596 μετιόντες,
3510 4530 3610 4581 οὐκ

1947 4624 2007 4676 ὲν
2048 4624 2113 4692 τῇ
2153 4621 2263 4690 ζωῇ
2292 4616 2463 4689 ταύτῃ
2511 4615 2669 4685 μόνον
2716 4614 3068 4683 τυγχάνοντες
3116 4614 3184 4666 τὰ
3218 4614 3446 4682 μέγιστα
3486 4616 3608 4677 τοὺς

1948 4710 2029 4771 εἰς
2057 4706 2253 4768 αὐτοὺς
2283 4702 2525 4774 ὁρῶντας
2559 4699 2788 4770 ὠφελεῖν
2840 4699 3114 4762 δύνανται,
3168 4698 3304 4754 ἀλλά
3335 4700 3428 4754 καὶ
3475 4702 3608 4770 μετά

1947 4796 2044 4867 τὴν
2075 4794 2170 4848 τοῦ
2205 4793 2321 4863 βίου
2366 4791 2616 4863 πάροδον.
2669 4790 2779 4843 Καὶ
2810 4790 2896 4842 ἵνα
2931 4788 3129 4861 μάθῃς,
3175 4789 3278 4859 δρα
3313 4806 3403 4859 μοι
3444 4788 3612 4851 πόσος

1948 4883 2083 4937 ἐτῶν
2112 4879 2342 4952 ἀριθμὸς
2385 4877 2628 4949 παρῆλθε
2670 4876 2830 4948 μέχρι
2856 4875 3008 4947 [455]
3054 4876 3153 4945 τῆς
3200 4876 3462 4945 σήμερον,
3516 4878 3609 4930 καὶ

1947 4972 2134 5034 ὁσάκις
2168 4970 2234 5023 ἂν
2266 4966 2657 5038 βουληθείημεν
2687 4966 2767 5028 είς
2804 4963 2894 5017 τὸν
2924 4963 3025 5033 τῆς
3069 4964 3422 5033 σωφροσύνης
3448 4962 3611 5032 ζῆλόν

1946 5077 2095 5123 τινας
2116 5059 2349 5126 ἐνάγειν,
2376 5056 2467 5107 τὸν
2507 5052 2701 5124 Ἰωσὴφ
2723 5054 2802 5115 είς
2836 5052 2998 5122 μέσον
3022 5051 3263 5119 ἄγοντες.
3286 5051 3376 5104 τὸν
3405 5051 3607 5121 εὐειδῆ,

1946 5146 2036 5200 τὸν
2059 5145 2243 5207 καλὸν,
2277 5142 2369 5195 τὸν
2396 5141 2531 5204 νέον,
2573 5140 2666 5194 τὸν
2707 5141 2764 5192 ἐν
2801 5140 2939 5208 αὐτῇ
2978 5141 3045 5209 τῇ
3083 5140 3234 5208 ἀκμῇ
3270 5138 3367 5206 τῆς
3395 5137 3609 5207 ἡλικίας

1945 5234 2213 5304 τοσαύτην
2232 5230 2481 5303 ἀνδρείαν
2510 5229 2639 5299 περὶ
2666 5227 2766 5294 τὴν
2797 5226 3150 5296 σωφροσύνην
3179 5224 3605 5294 ἐπιδειξάμενον.

1945 5322 2093 5377 οὔτω
2140 5321 2276 5392 πρὸς
2320 5318 2419 5387 τὴν
2471 5316 2700 5386 μίμησιν
2744 5313 2837 5367 τοῦ
2890 5312 3093 5366 δικαίου
3140 5312 3264 5374 τοὺς
3319 5311 3609 5375 ἀκούοντας

1944 5407 2228 5477 διεγείρειν
2279 5403 2673 5471 σπουδάζομεν.
2717 5401 2814 5463 Τίς
2862 5399 2969 5471 γὰρ
3026 5400 3112 5463 ἂν,
3156 5398 3277 5451 είπέ
3324 5416 3450 5469 μοι,
3485 5401 3605 5452 κατ’

1946 5495 2103 5560 ἀξίαν
2136 5492 2433 5562 θαυμάσειε
2465 5490 2556 5542 τὸν
2616 5488 2881 5558 μακάριον
2913 5484 3121 5549 τοῦτον,
3175 5486 3256 5537 ὅτι
3306 5486 3364 5537 ἐν
3394 5484 3609 5555 δουλείᾳ.

1944 5582 2246 5651 τυγχάνων,
2284 5582 2377 5632 καὶ
2409 5580 2467 5631 ἐν
2497 5577 2646 5648 αὐτῷ
2676 5576 2752 5647 τῷ
2783 5576 2934 5631 ἄνθει
2977 5575 3074 5645 τῆς
3112 5574 3347 5645 ἡλικίας,
3378 5575 3467 5628 ὅτε
3511 5575 3607 5627 καὶ

1947 5669 2180 5740 μάλιστα
2213 5670 2246 5739 ή
2272 5668 2501 5738 κάμινος
2522 5668 2615 5720 ἐπὶ
2640 5664 2801 5719 πλέον
2831 5664 3122 5729 ἐξάπτεται
3140 5663 3249 5717 τῶν
3281 5661 3603 5732 ἐπιθυμιῶν,

1944 5761 2086 5831 δρῶν
2125 5759 2224 5831 τὴν
2260 5760 2423 5813 αὐτοῦ
2464 5759 2752 5814 δέσποιναν
2783 5753 3133 5826 ἐπιπηδῶσαν
3177 5750 3325 5822 αὐτῷ
3357 5752 3450 5806 καὶ
3488 5753 3607 5804 ἐπι-

1950 5850 2303 5920 μαινομένην,
2321 5847 2588 5918 τοσαύτην
2614 5844 2922 5911 ἐπεδείξατο
2941 5844 3038 5913 τὴν
3058 5840 3330 5912 ἀνδρείαν,
3351 5840 3446 5893 καὶ
3464 5839 3606 5891 οὕτω
3664 5858 3671 5863 λ

1952 5937 2088 6008 πρὸς
2122 5936 2246 5999 τοὺς
2274 5935 2372 6007 τῆς
2408 5933 2759 6007 σωφροσύνης
2790 5932 3004 6001 ἀγῶνας
3041 5929 3361 5992 ἀπεδύσατο,
3396 5929 3470 5989 ὡς
3502 5927 3601 5995 τῆς
