4084 6356
455 297 560 355 us
636 270 641 275 ⁷

456 410 756 467 ἀκολάστου
794 405 1050 479 γυναικὸς
1101 401 1316 471 ἑκείνης
1362 399 1567 469 γυμνὸς
1619 396 1716 467 μὲν
1742 395 1851 448 τῶν
1890 394 2121 464 ἱματίων

456 499 826 570 ἀποπηδῆσαι,
843 496 903 548 τὸ
921 495 976 547 δὲ
996 493 1095 562 τῆς
1116 486 1469 559 σωφροσύνης
1484 484 1602 537 ένδυ
1612 500 1687 552 μα
1706 480 2088 554 περιϐαλέσθαι
2107 498 2122 546 ;

459 589 566 640 Καὶ
689 584 814 639 ἰδεῖν
847 584 1078 651 πρᾶγμα
1106 576 1292 631 καινὸν
1327 574 1421 627 καὶ
1450 571 1772 643 παράδοξον,
1801 569 1986 639 ἀρνίον
2006 569 2125 628 ταῖς

456 677 551 731 τοῦ
576 655 740 729 λύκου
774 673 960 743 χερσὶν
997 665 1256 739 ἐμπεσὸν,
1302 662 1499 733 μᾶλλον
1540 661 1594 713 δὲ
1627 662 1727 729 τῆς
1760 657 1999 725 λεαίνης,
2032 655 2126 707 καὶ

456 762 785 832 διασωθῆναι
816 756 1060 827 δυνηθὲν,
1092 754 1183 808 καὶ
1209 751 1461 822 καθάπερ
1493 746 1823 817 περιστερὰν
1848 744 1943 797 τοῦ
1976 743 2126 832 ἱέρα-

458 867 555 914 κος
601 830 964 917 διαφυγοῦσαν
1016 843 1113 912 τὴν
1168 838 1393 910 βλάϐην,
1439 834 1582 888 οῦτω
1627 834 1718 886 τὸν
1767 832 1972 886 δίκαιον
2018 830 2126 883 τῶν

459 937 674 1006 ἐκείνης
710 931 1079 1004 διαρπαγέντα
1134 927 1332 997 χειρῶν
1354 937 1401 976 ει.
1457 923 1569 992 Οὐχ
1623 919 1766 974 οὕτω
1815 917 2126 989 θαυμαστὸν

459 1019 595 1076 εἷναί
629 1005 720 1092 μοι
747 1020 894 1073 δοκεῖ
926 1017 984 1070 τὸ
1013 1017 1136 1077 τοὺς
1179 1016 1327 1085 τρεῖς
1377 1011 1575 1070 παῖδας
1619 1007 1857 1069 ἐκείνους
1896 1006 1951 1057 ἑν
1988 1005 2127 1075 μέσῃ

456 1113 523 1180 τῇ
553 1107 768 1177 καμίνῳ
795 1107 860 1173 τῇ
907 1101 1223 1171 Βαϐυλωνία
1258 1098 1441 1169 ἑκείνῃ
1480 1094 1573 1148 τοῦ
1604 1094 1775 1167 πυρὸς
1817 1092 2126 1162 ἀνωτέρους

459 1196 732 1267 γενέσθαι,
784 1193 877 1245 καὶ
926 1191 1088 1261 μηδὲν
1125 1188 1283 1241 πλέον
1310 1186 1378 1239 τὰ
1427 1182 1654 1254 σώματα
1687 1180 1867 1234 αὐτῶν
1908 1179 2125 1246 παθεῖν,

459 1286 534 1349 ὡς
561 1280 870 1352 θαυμαστὸν
901 1280 993 1332 καὶ
1023 1275 1348 1347 παράδοξον,
1371 1273 1461 1325 τὸν
1486 1272 1692 1324 δίκαιον
1707 1268 1894 1321 τοῦτον
1921 1270 2000 1331 εἰς
2028 1267 2126 1337 τὴν

464 1372 691 1442 κάμινον
729 1368 928 1436 ταύτην
966 1366 1065 1437 τὴν
1086 1365 1186 1434 τῆς
1213 1361 1559 1423 Βαϐυλωνίας
1603 1357 1989 1429 χαλεπωτέραν
2033 1356 2130 1425 ὲμα-

463 1457 809 1517 πεπτωκότα,
833 1454 931 1525 τὴν
957 1452 1246 1520 ἀσέλγειαν
1275 1450 1415 1517 λέγω
1446 1448 1547 1517 τῆς
1574 1444 1893 1513 Αἰγυπτίας,
1926 1442 2130 1496 ἀνέπα-

465 1564 563 1614 φον
594 1546 883 1615 διαμεῖναι,
916 1541 1009 1595 καὶ
1042 1537 1281 1608 καθαρὸν
1316 1536 1417 1605 τῆς
1448 1533 1801 1605 σωφροσύνης
1836 1533 1896 1585 τὸ
1926 1530 2130 1599 ἔνδυμα

465 1637 904 1707 διατηρήσαντα,
960 1629 1134 1693 οὕτως
1187 1624 1444 1693 ἐξελθεῖν.
1509 1624 1618 1677 Καὶ
1675 1623 1749 1694 μὴ
1798 1620 2127 1707 θαυμάσῃς,

464 1703 734 1794 ἀγαπητέ·
765 1719 950 1790 ἐπειδὴ
982 1717 1090 1787 γάρ
1122 1715 1192 1769 τά
1223 1716 1352 1785 παρ’
1388 1712 1589 1766 ἑαυτοῦ
1638 1711 1975 1782 εἰσήνεγκεν,
2019 1703 2131 1776 εἶχε

468 1812 561 1865 καὶ
590 1810 687 1880 τὴν
712 1808 915 1863 ἄνωθεν
936 1805 1105 1877 ροπὴν
1129 1802 1277 1873 αὐτῷ
1303 1799 1714 1871 συμπαροῦσαν,
1733 1797 1825 1849 καὶ
1844 1797 1938 1865 τὴν
1954 1796 2130 1865 πυρὰν

465 1898 678 1969 ἐκείνην
706 1893 1227 1954 κατασϐεννύουσαν,
1260 1890 1354 1943 καὶ
1384 1890 1442 1940 ἑν
1484 1887 1625 1959 μέσῃ
1669 1888 1734 1955 τῇ
1784 1884 1998 1954 καμίνῳ
2033 1882 2131 1952 τὴν

464 1968 652 2055 δρόσον
684 1982 782 2053 τὴν
810 1981 962 2051 παρὰ
1003 1978 1097 2031 τοῦ
1151 1976 1467 2045 Πνεύματος
1509 1971 1895 2043 χαριζομένην.
1950 1968 2132 2022 Είδετε

466 2070 582 2138 πῶς
609 2074 657 2126 οἰ
685 2072 950 2143 ὲνάρετοι,
996 2067 1089 2122 καὶ
1120 2064 1358 2119 ἐνταῦθα
1399 2061 1684 2132 παρόντες.
1718 2059 1811 2111 καὶ
1854 2056 1990 2128 μετά
2033 2056 2132 2127 τὴν

466 2161 713 2216 ἐντεῦθεν
746 2159 1096 2231 μετάστασιν,
1123 2154 1389 2223 ὠφελείας
1412 2152 1543 2222 ἡμῖν
1575 2148 1831 2209 ὑπόθεσις
1855 2146 2130 2214 γίνονται;

466 2251 567 2307 Διά
590 2249 696 2320 γὰρ
720 2247 880 2302 τοῦτο
907 2245 996 2299 τὸν
1029 2243 1238 2297 δίκαιον
1276 2240 1464 2294 τοῦτον
1503 2238 1583 2299 εἰς
1625 2236 1790 2305 μέσον
1862 2233 1957 2320 νῦν
1995 2249 2135 2302 παρ-

466 2317 769 2411 ηγάγομεν,
798 2334 891 2388 ἵνα
920 2331 1094 2401 τούτῳ
1117 2329 1314 2391 πάντες
1340 2322 1823 2396 ἑπώμεθα,Τοῦτον
1851 2317 1942 2373 οῦν
1964 2320 2135 2373 ἀπαν-

466 2405 559 2488 τες
591 2405 941 2493 ζηλώσωμεν,
968 2417 1063 2471 καὶ
1110 2414 1372 2485 ἀνώτερο.
1419 2412 1526 2465 τῶν
1575 2410 1776 2481 ἡδονῶν
1821 2405 2133 2493 γενώμεθα,

469 2512 563 2567 καὶ
606 2488 835 2573 είδότες,
864 2507 995 2560 Ὅτι
1020 2507 1130 2558 οὐκ
1166 2505 1337 2555 ἐστιν
1366 2498 1510 2568 ἡμῖν
1539 2500 1576 2565 η
1606 2496 1769 2562 πάλη
1799 2494 1948 2562 πρὸς
1996 2488 2139 2561 αἷμα

469 2599 569 2654 καὶ
606 2598 825 2666 σάρκα,
858 2596 1019 2649 ἀλλὰ
1061 2592 1211 2661 πρὸς
1242 2588 1350 2655 τὰς
1382 2588 1603 2656 ἀρχὰς,
1648 2585 1795 2653 πρὸς
1830 2585 1936 2647 τὰς
1963 2581 2137 2645 ἐξου-

470 2690 629 2753 σίας,
686 2684 837 2753 πρὸς
864 2681 1009 2747 τοὺς
1048 2677 1535 2749 κοσμοκράτορας
1578 2673 1684 2727 τοῦ
1730 2672 1990 2736 σκότους
2030 2667 2137 2722 τοῦ

468 2775 683 2840 αἰῶνος
715 2773 952 2836 τούτου,
987 2768 1160 2831 οὔτως
1190 2765 1417 2828 ἑαυτοὺς
1445 2760 1883 2831 καθοπλίζωμεψ
1921 2758 2015 2810 καὶ
2050 2759 2139 2810 ὲν-

468 2863 713 2925 νοοῦντες
737 2862 819 2915 ὅτι
851 2858 1008 2929 σῶμα
1028 2854 1424 2928 περικείμενοι,
1466 2851 1602 2922 πρὸς
1636 2847 1956 2917 ἀσωμάτους
1987 2843 2139 2897 δυνά-

474 2971 594 3025 μεις
628 2948 916 3005 πυκτεύειν
946 2941 1388 3015 ἀναγκαζόμεθα,
1423 2937 1790 3011 φραττώμεθα
1818 2938 1928 2997 τοῖς
1953 2934 2139 2996 ὅπλοις

469 3023 563 3095 τοῦ
597 3039 735 3094 Πνεύ
745 3054 930 3109 ματος.
953 3036 1050 3088 Διά
1072 3033 1180 3104 γάρ
1205 3030 1362 3084 τοῦτο
1386 3031 1414 3081 0
1436 3026 1815 3097 φιλάνθρωπος
1837 3023 2137 3093 Δεσπότης,

471 3128 658 3200 ἐπειδὴ
692 3128 868 3197 σάρκα
898 3121 1271 3194 περικείμενοι
1304 3117 1439 3190 πρὸς
1471 3117 1567 3178 τὰς
1600 3115 1863 3184 ἀοράτους
1885 3112 2142 3180 δυνάμεις

471 3217 570 3289 τὴν
624 3215 801 3285 πάλην
856 3211 1082 3283 ἔχομεν,
1127 3210 1222 3262 καὶ
1274 3206 1343 3260 τά
1389 3204 1529 3259 ὅπλα
1558 3202 1715 3273 ἡμῶν
1762 3202 1966 3271 ἀόρατα
2010 3215 2143 3251 κατ-

474 3287 791 3366 εσκεύασεν,
862 3300 949 3353 ἵνα
997 3301 1062 3369 τῇ
1096 3297 1321 3367 δυνάμει
1364 3293 1472 3346 τῶν
1516 3292 1695 3345 ὃπλων
1734 3287 2143 3360 περιγινώμεθα

475 3393 574 3463 τῆς
606 3391 817 3461 φύσεως
846 3387 955 3440 τῶν
990 3384 1320 3439 ἀντιπάλων.
1351 3379 1691 3452 Θαρροῦντες
1717 3380 1898 3431 τοίνυν
1938 3380 2005 3447 τῇ
2035 3376 2143 3429 τῶν

477 3460 655 3534 ὅπλων
682 3477 931 3547 δυνάμει,
957 3474 1025 3527 τά
1045 3475 1173 3544 παρ’
1187 3460 1399 3524 ἑαυτῶν
1426 3468 1788 3538 εἰσφέρωμεν,
1816 3466 1907 3519 καὶ
1924 3464 2144 3535 δυνησό-

481 3566 619 3638 μεθα
647 3568 712 3637 τῇ
754 3563 1052 3633 παντευχίᾳ
1079 3560 1251 3631 ταύτῃ
1285 3562 1351 3629 τῇ
1403 3558 1741 3626 πνευματικῇ
1786 3553 2145 3624 φραττόμενοι

479 3654 645 3724 αὐτὴν
672 3652 766 3705 τοῦ
800 3652 1045 3704 διαϐόλου
1079 3648 1345 3717 συγκόψαι
1374 3645 1472 3716 τὴν
1500 3644 1643 3713 ὄψιν.
1684 3643 1818 3696 Οὐδὲ
1848 3642 1957 3712 γὰρ
1996 3643 2146 3709 ένεγ-

480 3744 595 3795 κεῖν
608 3739 829 3793 δύναται
846 3740 943 3810 τὴν
965 3735 1214 3790 ἐντεῦθεν
1231 3734 1538 3804 ἀστραπὴν,
1556 3732 1687 3784 ἀλλὰ
1704 3730 1804 3784 κᾶν
1822 3731 2146 3801 ἐπιχειρήσῃ

482 3828 671 3899 στῆναι
718 3824 777 3890 ἐξ
819 3824 1085 3887 ἐναντίας,
1122 3822 1323 3885 εὐθέως
1377 3819 1777 3889 ἀποτυφλοῦται
1821 3819 1920 3881 τὰς
1973 3817 2143 3885 ὄψεις.

485 3917 652 3969 Ἔνθα
679 3916 791 3986 γὰρ
833 3913 899 3967 ἂν
1030 3909 1369 3981 σωφροσύνη,
1402 3909 1495 3959 καί
1527 3907 1809 3977 σεμνότης,
1851 3908 1942 3958 καὶ
1980 3905 2145 3975 πολλὴ

481 4005 589 4057 τῶν
610 4004 782 4057 ἄλλων
804 4000 1015 4072 ἀρετῶν
1042 4001 1075 4070 ἡ
1107 3995 1507 4068 σύνοδος,[456]
1537 3997 1652 4048 ἐκεῖ
1681 3996 1775 4049 καὶ
1798 3997 1830 4065 ἡ
1864 3993 1957 4046 τοῦ
1978 3992 2150 4045 Πνεύ-

487 4109 653 4164 ματος
690 4090 849 4160 χάρις
886 4086 1022 4159 μετὰ
1062 4085 1339 4155 δαψιλείας
1387 4085 1700 4153 ἐφίπταται.
1731 4082 1827 4134 Διά
1857 4080 2013 4133 τοῦτο
2055 4080 2149 4132 καὶ

486 4178 694 4240 Παῦλος
735 4176 937 4243 έλεγεψ
986 4173 1253 4241 Εἰρήνην
1285 4170 1521 4223 διώκετε
1554 4169 1703 4238 μετὰ
1742 4167 2004 4230 πάντων,
2050 4166 2147 4219 καὶ

484 4265 590 4319 τὸν
615 4262 929 4334 ἁγιασμόν.
981 4258 1405 4330 Ἐκκαθάρωμεν
1445 4258 1623 4309 τοίνυν
1681 4253 1924 4319 ἑαυτῶν,
1972 4270 2151 4323 παρα-

480 4352 658 4414 καλῶ,
708 4351 769 4405 τὸ
823 4348 1079 4419 συνειδὸς,
1117 4348 1237 4400 ικαὶ
1284 4346 1689 4413 ἁποσμὴξωμεν
1734 4341 1890 4411 ἡμῶν
1939 4340 2031 4394 10v
2072 4340 2153 4392 λο-

486 4440 701 4512 γισμὺν,
730 4440 817 4494 ἵνα
849 4439 1027 4508 πάσης
1061 4436 1311 4508 ρυπαρᾶς
1342 4434 1550 4494 ἐννοίας
1589 4431 2022 4503 ἀπηλλαγμένοι,
2055 4428 2150 4482 τοῦ

489 4529 800 4600 Πνεύματος
828 4526 926 4597 τὴν
951 4526 1110 4596 χάριν
1147 4520 1599 4591 ἑπισπατώμεθα,
1642 4520 1735 4572 καὶ
1772 4518 1880 4571 τῶν
1910 4517 2005 4570 τοῦ
2038 4517 2153 4570 δια-

488 4617 643 4670 ϐόλου
671 4612 1084 4686 περιγενώμεθα
1121 4610 1548 4681 μηχανημάτων,
1596 4607 1691 4660 καὶ
1725 4604 2152 4675 καταξιωθῶμεν

487 4702 595 4755 τῶν
622 4703 944 4772 ἀπορρήτων
964 4699 1184 4753 ἐκείνων
1206 4695 1425 4764 ἀγαθῶν
1447 4694 1751 4748 ἀπολαῦσαι
1770 4694 1821 4759 b,
1850 4687 1924 4745 ὧν
1945 4691 2153 4761 γένοιτο

488 4791 694 4853 πάντας
730 4789 875 4860 ἡμᾶς
914 4787 1220 4856 ἐπιτυχεῖν,
1270 4782 1451 4855 χάριτι
1499 4783 1593 4834 καὶ
1634 4781 2015 4852 φιλανθρωπίᾳ
2059 4779 2152 4832 τοῦ

488 4877 693 4948 Κυρίου
726 4875 883 4946 ἡμῶν
920 4872 1093 4941 Ἰησοῦ
1126 4870 1383 4944 Χριστοῦ,
1410 4869 1525 4940 μεθ’
1547 4864 1608 4923 οῦ
1636 4869 1713 4939 τῷ
1745 4869 1921 4939 Πατρὶ
1947 4869 1980 4939 ἡ
2002 4865 2151 4932 δόξα,

490 4966 604 5035 ἃμα
632 4964 709 5036 τῷ
734 4964 876 5034 ἀγίῳ
902 4962 1199 5033 Πνεύματι,
1217 4959 1311 5014 νῦν
1332 4960 1423 5011 καὶ
1447 4960 1554 5023 ἀεὶ,
1573 4958 1667 5012 καὶ
1695 4960 1772 5021 εἰς
1798 4957 1926 5020 τοὺς
1952 4955 2153 5020 αἰῶνας

487 5054 596 5106 τῶν
630 5052 858 5107 αἰώνων.
876 5052 1068 5122 Ἀμήν.

1098 5131 1339 5184 OMIAIA
1367 5130 1500 5184 ME'.

490 5219 599 5273 Καὶ
631 5218 917 5285 ἐκίνησεν
963 5217 1192 5271 ἐκεῖθεν
1234 5218 1488 5286 Ἀϐραὰμ
1524 5217 1610 5279 εὶς
1657 5211 1775 5286 γῆν
1801 5227 1953 5286 προς
1976 5212 2152 5286 Λίϐα.

563 5288 661 5342 καὶ
705 5281 941 5356 ᾤκησεν
984 5289 1099 5341 ἀνὰ
1130 5281 1342 5357 μέσον’
1372 5281 1593 5350 Κάδης,
1651 5281 1750 5337 καί
1797 5281 1914 5336 ἀνὰ
1959 5282 2155 5350 μέσον

560 5358 737 5425 Σσὺρ,
764 5359 865 5412 καί
895 5357 1258 5427 παρῴκησεν
1292 5359 1362 5411 ἐν
1386 5357 1693 5423 Γεράροις.

561 5463 630 5511 α’.
652 5455 836 5527 Χαίρω
857 5456 997 5526 ὁρῶν
1015 5458 1157 5527 ὑμᾶς
1182 5455 1569 5528 συντρέχοντας
1591 5452 1684 5505 ἐπὶ
1709 5451 1808 5521 τὴν
1824 5461 1846 5489 ο
1869 5449 2151 5520 ἀκρόασιν,

490 5547 587 5599 καὶ
624 5544 760 5615 μετά
793 5544 993 5614 πολλῆς
1013 5545 1113 5615 τῆς
1136 5545 1330 5616 ἡδονῆς
1352 5542 1672 5613 δεχομένους
1704 5539 1799 5609 τὴν
1832 5538 1962 5608 παρ’
1996 5538 2155 5606 ἡμῶν

488 5631 851 5686 διδασκαλίαν·
879 5632 974 5685 καὶ
1004 5632 1092 5685 διὰ
1126 5632 1284 5686 τοῦτο
1304 5632 1400 5684 καὶ
1428 5629 1591 5692 αὐτὸς
1624 5626 1764 5698 μετὰ
1793 5625 2035 5689 πλείονος
2057 5625 2155 5694 τῆς

491 5719 795 5792 προθυμίας
822 5720 940 5774 καθ’
967 5719 1203 5791 ἑκάστην
1227 5719 1439 5791 ἡμέραν
1474 5718 1602 5788 ὑμῖν
1622 5716 1721 5788 τὴν
1753 5714 1972 5785 πτωχὴν
1997 5713 2154 5783 ἡμῶν

554 5842 582 5871 ⁸
610 5839 693 5889 Sic
714 5841 824 5890 Sav.
849 5850 901 5891 et
920 5853 1005 5891 sex
1032 5854 1145 5889 mss.
1176 5841 1242 5889 At
1263 5840 1433 5889 Morel.
1461 5839 1641 5896 ἐκείνης
1671 5837 1940 5901 ἀποδράντα
1960 5836 2149 5900 χειρῶν.

554 5902 585 5945 δ
607 5902 758 5952 Savil.
794 5910 847 5952 et
864 5910 1073 5961 quatuor
1096 5916 1208 5951 mss.
1236 5902 1426 5950 ἐκείνων
1447 5902 1775 5949 ἀπολαύσεων.

559 5974 583 6002 ⁸
610 5965 761 6015 Savil.
787 5973 837 6013 et
860 5967 1054 6027 quidam
1076 5976 1189 6013 ωδε.
1216 5965 1549 6026 συντρέχοντας
1568 5964 1674 6027 περὶ
1695 5964 1800 6019 τήν.

1250 283 1309 339 S.
1351 280 1637 338 JOANNIS
1674 275 2167 336 CIIRYSOSTOMI
2209 271 2527 331 ARCHIEP.
2563 267 3118 329 CONSTANTINOP.

3805 265 3933 319 6L!

2225 392 2430 462 ταύτην
2481 389 2577 443 καὶ
2627 386 2818 456 εὐτελῆ
2869 384 3145 455 τράπεζαν
3188 379 3545 451 παρατιθέναι
3593 378 3931 442 σπουδάζω.

2234 475 2297 527 Ἡ
2325 474 2433 543 γὰρ
2465 470 2826 541 ἑπιτεταμένη
2855 468 3009 538 ὐμῶν
3053 466 3231 537 ὄρεξις
3263 463 3602 533 ἀποκρύπτει
3635 463 3734 534 τῆς
3768 480 3933 533 τρα-

2224 557 2395 625 πέζης
2419 556 2516 625 τὴν
2549 554 2842 613 εὐτέλειαν,
2882 550 2977 604 καὶ
3020 548 3090 602 τά
3128 547 3298 619 μικρὰ
3336 546 3549 617 μεγάλα
3593 548 3736 598 ποιεῖ
3790 547 3933 613 φαί-

2224 639 2429 692 νεσθαι.
2457 638 2627 690 Τοῦτο
2666 636 2757 689 καὶ
2804 636 2897 687 ἐπὶ
2936 632 3044 685 τῶν
3086 630 3361 702 αἰσθητῶν
3405 629 3715 699 ἐδεσμάτων
3754 628 3930 681 ἔστιν

2229 724 2375 776 ἰδεῖν.
2410 723 2622 791 Ὥσπερ
2652 720 2760 790 γὰρ
2798 718 2826 770 ὁ
2858 716 3289 787 κεκορεσμένους
3338 712 3519 767 λαϐὼν
3552 713 3677 775 τοὺς
3717 711 3931 764 δαιτυ-

2230 804 2416 876 μόνας,
2450 803 2552 856 κᾶν
2585 803 2794 873 μεγάλα
2822 803 2917 854 καὶ
2952 798 3217 869 πολυτελῆ
3249 796 3470 868 παραθῇ
3500 795 3569 848 τά
3608 795 3929 864 ἐδέσματα,

2227 890 2255 940 ό
2281 887 2387 940 τῶν
2427 886 2772 955 ἑστιωμένων
2799 883 2960 953 κόρος
2988 878 3391 951 ὑποτέμνεται(Ῑ
3427 877 3535 931 τῶν
3573 876 3932 948 παρατεθέν-

2228 987 2333 1022 των
2364 969 2460 1039 τὴν
2508 968 2876 1030 πολυτέλειαν,
2913 966 3008 1019 καὶ
3036 965 3105 1018 τά
3146 964 3359 1034 μεγάλα
3389 961 3648 1025 πολλάκις
3685 959 3931 1023 οὐδενὸς

2228 1053 2354 1116 ἀξια
2390 1052 2547 1119 λόγου
2581 1053 2864 1120 φαίνεται,
2901 1049 2989 1102 διά
3022 1048 3083 1101 τὸ
3126 1048 3199 1119 μὴ
3239 1048 3355 1117 μεθ’
3391 1045 3586 1115 ἡδονῆς
3629 1043 3931 1115 προσϐαλ-

2229 1135 2340 1188 λειν
2367 1136 2547 1197 αὐτοῖς
2590 1135 2715 1197 τοὺς
2760 1132 3154 1201 ἑστιωμένους·
3198 1128 3369 1191 οὕτως
3411 1131 3439 1181 ό
3477 1126 3781 1190 πεινῶντας
3818 1127 3931 1178 καὶ

2229 1217 2405 1287 ὄρεξιν
2450 1216 2671 1285 ἔχοντας
2716 1214 3048 1285 παραλαϐὼν
3093 1214 3218 1275 τοὺς
3261 1210 3540 1264 ἑστιᾶσθαι
3575 1208 3928 1280 μέλλοντας,

2234 1301 2334 1354 κᾶν
2367 1302 2557 1373 εὐτελῆ
2596 1300 2813 1371 παραθῇ
2845 1299 2941 1370 τὴν
2981 1297 3280 1369 τράπεζαν,
3321 1294 3530 1365 μεγάλη
3560 1294 3697 1364 αὐτὴ
3724 1296 3928 1361 φανεῖ-

2234 1402 2342 1446 ται,
2374 1386 2470 1454 τῆς
2501 1384 2806 1455 προθυμίας
2830 1384 2938 1436 τῶν
2966 1382 3312 1451 ἑστιωμένων
3334 1379 3469 1450 μετά
3487 1378 3685 1447 πολλῆς
3709 1376 3925 1447 ἡδονῆς

2236 1469 2734 1522 καταναλισκὸντων
2780 1465 2848 1519 τὰ
2886 1463 3313 1537 παρατιθέμενα.
3346 1461 3448 1514 Τὸν
3491 1461 3651 1513 αὐτὸν
3691 1459 3755 1528 δὴ
3790 1458 3927 1527 τρύ-

2232 1568 2335 1604 πον
2374 1553 2466 1605 καί
2509 1554 2668 1621 ἡμεῖς
2712 1548 3040 1621 θαρροῦντες
3082 1548 3236 1617 ὑμῶν
3267 1548 3331 1615 τῇ
3361 1543 3535 1615 ὀρέξει
3569 1545 3633 1612 τῇ
3667 1558 3928 1609 πνευμαο

2232 1639 2355 1707 τικῇ
2387 1636 2485 1688 οὐκ
2530 1635 2825 1703 όκνοῦμεν,
2873 1634 2976 1686 κᾶν
3024 1630 3215 1699 εὐτελῆ
3272 1630 3365 1681 καί¹
3416 1626 3636 1696 πτωχὴν
3689 1624 3925 1693 ἔχοντες

2232 1719 2549 1791 τράπεζαν,
2601 1717 2803 1787 ταύτην
2851 1716 3209 1787 παρατιθέναι
3256 1712 3494 1782 συνεχῶς
3547 1714 3611 1781 τῇ
3663 1709 3927 1780 ὑμετέρᾳ

2234 1805 2440 1876 ἀγάπῃ,
2461 1802 2630 1855 Τοῦτο
2659 1802 2754 1855 καὶ
2782 1802 2944 1871 σοφός
2965 1818 3049 1863 τις
3082 1798 3254 1866 ἔλεγεο
3282 1798 3596 1863 Κρείσσων
3620 1792 3926 1862 ξενισμὸς

2233 1888 2515 1956 λαχάνων
2544 1884 2694 1955 μετὰ
2735 1885 3001 1951 ἀγάπης,
3035 1882 3073 1951 ἢ
3113 1881 3273 1947 ,βοῦς
3314 1879 3433 1933 ἀπὸ
3480 1878 3711 1947 φάτνης
3753 1876 3925 1945 μετὰ

2234 1971 2471 2041 ἔχθρας
2510 1970 2726 2032 δεικνὺς
2759 1970 2841 2021 ὃτι
2873 1970 2906 2037 ἡ
2954 1967 3143 2035 ἀγάπη
3190 1964 3392 2033 ἑτέρως
3426 1962 3530 2033 ὁρᾷ
3564 1962 3632 2015 τὰ
3672 1977 3923 2030 παρατι-

2237 2053 2457 2123 θέμενα,
2497 2054 2593 2106 καὶ
2627 2054 2742 2115 τοῖς
2772 2051 2990 2119 ἐκείνης
3030 2048 3329 2118 ὀφθαλμοῖς
3362 2047 3455 2098 καί
3486 2045 3555 2097 τά
3585 2043 3775 2112 εὐτελῆ
3818 2058 3923 2094 110-

2235 2136 2431 2205 λυτελῆ
2460 2136 2750 2196 δείκνυται,
2791 2134 2885 2187 καὶ
2917 2133 2985 2185 τά
3018 2131 3190 2203 μικρά
3220 2129 3448 2200 μεγάλα.
3493 2128 3557 2181 Τί
3597 2123 3687 2180 οῦν
3722 2126 3791 2179 ἂν
3824 2127 3918 2194 είη

2242 2219 2701 2291 μακαριστότερον
2736 2217 2891 2288 ἡμῶν
2923 2218 3015 2269 ἐπὶ
3045 2215 3313 2268 τοσούτων
3353 2211 3636 2282 ἀκροατῶν
3670 2210 3927 2277 διαλεγο·

2242 2308 2417 2377 μένων
2442 2318 2490 2369 ο,
2534 2306 2675 2358 οῦτω
2708 2305 2917 2376 θερμὴν
2962 2302 3056 2356 καὶ
3093 2300 3524 2369 διεγηγερμένην
3554 2294 3927 2365 κεκτημένων

2239 2390 2458 2459 ἀγάπην
2480 2405 2493 2454 ;
2534 2388 2759 2451 Οὐδενὸς
2787 2388 2895 2457 γάρ
2923 2385 3065 2439 οῦτω
3104 2385 3340 2455 μάλιστα
3365 2382 3444 2435 δεῖ
3471 2380 3549 2451 τῷ
3576 2380 3810 2447 λέγοντι,
3836 2378 3924 2440 ὡς

2239 2471 2451 2535 εὐνοίας
2484 2470 2774 2542 ἀκροατοῦ.
2795 2471 2964 2522 Ὅταν
2984 2469 3091 2539 γὰρ
3114 2468 3202 2541 ῐδῃ
3223 2467 3321 2537 τὴν
3353 2465 3663 2537 προθυμίαν
3680 2462 3923 2527 ζέουσαν

2240 2554 2347 2607 τῶν
2386 2555 2689 2627 ἀκροατῶν,
2722 2552 3005 2624 νευροῦται
3050 2553 3145 2605 καὶ
3196 2550 3379 2613 αὐτὸς,
3428 2550 3521 2601 καὶ
3569 2546 3788 2617 πολλὴν,
3838 2547 3922 2608 ὼς

2242 2640 2450 2705 εἰπεῖν,
2505 2638 2601 2708 τὴν
2655 2639 2806 2708 ἰσχὺν
2860 2634 3291 2705 προσλαμϐάνει,
3349 2630 3504 2695 εἰδὼς
3557 2631 3639 2684 ὅτι
3684 2630 3794 2699 ὅσῳ
3848 2628 3920 2681 ἂν

2243 2722 2461 2775 πλείονα
2480 2720 2701 2791 παραθῇ
2719 2722 2817 2790 τὴν
2838 2717 3118 2790 τράπεζαν
3149 2716 3349 2785 ταύτην
3383 2714 3483 2785 τὴν
3506 2713 3917 2782 πνευματικὴν,

2240 2804 2482 2874 τοσούτῳ
2532 2803 2600 2856 τά
2648 2803 2746 2873 τῆς
2796 2802 3054 2871 εὐπορίας
3094 2799 3243 2869 αὐτῷ
3288 2796 3439 2869 [457]
3484 2794 3725 2861 αὒξεται.
3788 2793 3917 2846 Ἀπ’

2243 2888 2490 2950 ἐναντίας
2516 2886 2621 2959 γάρ
2648 2889 2759 2949 τοῖς
2792 2885 3069 2956 αἰσθητοῖς
3107 2882 3177 2935 τά
3216 2881 3578 2951 πνευματικά.
3624 2879 3767 2932 Ἐκεῖ
3812 2878 3919 2946 μὲν

2242 2976 2274 3044 ἡ
2311 2973 2557 3042 δαψίλεια
2590 2972 2688 3041 τῆς
2722 2969 3007 3041 τραπέζης
3056 2967 3300 3036 δαπάνην
3342 2964 3654 3035 ἐργάζεται,
3687 2962 3776 3015 καί
3811 2962 3918 3031 τὴν

2243 3057 2429 3109 οὐσίαν
2463 3054 2674 3107 ἑλαττοῖ
2701 3053 2794 3106 τοῦ
2820 3053 3148 3122 ἑστιάτορος·
3172 3048 3406 3101 ἐνταῦθα
3440 3047 3495 3100 δὲ
3521 3046 3667 3100 ἀπαν
3691 3044 3921 3096 τούνοιν⁹

2244 3142 2375 3206 τίον,
2406 3140 2515 3210 ὅσῳ
2552 3138 2617 3192 ἂν
2649 3137 2865 3200 πλείους
2886 3130 3019 3190 ὦσιν
3044 3137 3095 3187 οἰ
3131 3129 3725 3205 μετέχοντες,τοσούτῳ
3749 3128 3919 3193 αὔξε-

2244 3240 2332 3276 ται
2357 3225 2486 3294 ἡμῖν
2516 3223 2584 3275 τά
2613 3217 2711 3292 τῆς
2741 3219 3075 3293 περιουσίας.
3130 3218 3263 3271 Οὐδὲ
3309 3216 3418 3288 γάρ
3451 3216 3526 3277 τά,
3550 3213 3790 3284 ἡμέτερα
3827 3211 3922 3265 λέο

2246 3324 2435 3377 γομεν,
2484 3306 2596 3359 ἀλλ’
2629 3306 2772 3375 άπερ
2814 3303 2878 3357 ἂν
2909 3306 2942 3373 ἡ
2968 3302 3061 3354 τοῦ
3094 3298 3229 3353 Θεοῦ
3260 3300 3416 3369 χάρις
3444 3297 3533 3350 διὰ
3568 3295 3664 3362 τὴν
3706 3295 3922 3347 οἰκείαν

2248 3390 2656 3464 φιλανθρωπίαν
2706 3390 2798 3443 καὶ
2843 3388 2941 3460 τὴν
2974 3386 3245 3458 ὑμετέραν
3285 3380 3572 3451 οἰκοδομὴν
3605 3379 3919 3464 χορηγὴσῃ.

2246 3477 2382 3546 Φέρε
2409 3462 2525 3537 οῦν,
2558 3474 2744 3545 ἐπειδὴ
2779 3472 2917 3543 μετὰ
2941 3469 3209 3538 τοσαύτης
3242 3467 3435 3537 ἡδονῆς
3464 3465 3559 3518 καί¹
3609 3462 3923 3532 προθυμίας

2246 3561 2313 3629 τῇ
2345 3558 2605 3630 ἀκροάσει
2632 3554 3021 3628 προσϐάλλετε,
3064 3553 3228 3605 πάλιν
3256 3549 3363 3601 τῶν
3410 3547 3741 3618 προσφάτως
3782 3546 3922 3612 ἡμῖν

2248 3626 2702 3710 ἀναγνωσθέντων
2737 3639 2962 3711 ἔρευναν
3016 3637 3354 3706 ποιήσωμεν,
3404 3632 3499 3683 καὶ
3551 3630 3610 3682 τὸ
3668 3626 3922 3680 ἐντεῦθεν

2250 3726 2439 3796 κέρδος
2465 3723 2908 3795 καρπωσώμεθα.
2961 3719 3179 3788 Ἐπειδὴ
3227 3717 3336 3787 γὰρ
3375 3715 3516 3768 κατά
3544 3712 3641 3783 τὴν
3674 3711 3922 3782 μεγάλην

2250 3811 2572 3881 παραίνεσιν
2601 3807 2693 3860 τοῦ
2721 3805 2954 3878 Χριστοῦ
2986 3804 3258 3871 λέγοντος,
3298 3796 3608 3867 Ἐρευνᾱτε
3628 3799 3736 3861 τὰς
3764 3799 3921 3863 Γρα-

2251 3896 2389 3964 φὰς,
2412 3892 2686 3962 θησαυρός
2716 3893 2832 3943 ὲστι
2857 3889 3022 3948 πολύς
3050 3886 3470 3955 ἑναποκείμενος
3498 3886 3619 3945 ταῖς
3651 3883 3917 3953 Γραφαῖς,

2252 3978 2347 4031 καὶ
2373 3979 2429 4029 ὲν
2463 3975 2541 4045 τῷ
2565 3974 2718 4044 βάθει
2740 3973 2758 4011 τ
2791 3971 3188 4044 κρυπτόμενος,
3206 3967 3293 4020 διὰ
3312 3965 3469 4018 τοῦτο
3491 3964 3716 4035 έρεύνης
3736 3964 3916 4035 χρεία,

2254 4062 2341 4114 ἵνα
2374 4060 2472 4132 τὴν
2506 4061 2734 4128 δύναμιν
2765 4057 2864 4128 τὴν
2884 4059 2941 4110 ἑν
2968 4054 3046 4125 τῷ
3079 4053 3233 4123 βάθει
3258 4048 3643 4132 κρυπτομένην
3671 4064 3920 4132 καταμα-

2254 4130 2454 4207 θόντες,
2493 4142 2692 4196 πολλὴν
2722 4141 2928 4194 ἐκεῖθεν
2950 4140 3047 4210 τὴν
3073 4136 3337 4207 ὠφέλειαν
3368 4134 3547 4203 εὐρείν
3575 4130 3913 4201 δυνηθῶμεν.

2252 4228 2350 4280 Διά
2380 4228 2487 4298 γὰρ
2520 4225 2676 4279 τοῦτο
2705 4226 2797 4278 καὶ
2827 4224 2924 4286 τὰς
2959 4221 3161 4293 ἀρετὰς
3194 4221 3301 4272 τῶν
3333 4217 3554 4270 δικαίων
3590 4216 3844 4268 ἁπάντων
3884 4216 3916 4284 ἡ

2252 4310 2346 4363 τοῦ
2394 4308 2709 4379 Πνεύματος
2742 4307 2898 4378 χάρις
2931 4307 3117 4376 Γραφῇ
3160 4300 3529 4372 παραδοθῆναι
3578 4298 3916 4369 ᾠκονόμησε.

2255 4394 2341 4447 ἵνα
2374 4396 2532 4464 ἡμεῖς
2565 4392 2775 4461 ἔχωμεν
2805 4390 3027 4460 διηνεκῆ
3052 4386 3418 4448 διδασκαλίαν,
3463 4384 3556 4437 καὶ
3588 4381 3724 4452 πρὸς
3760 4380 3919 4451 ζῆλον

2254 4479 2346 4531 καὶ
2383 4477 2613 4547 μίμησιν
2645 4474 2752 4527 τῶν
2780 4475 3002 4527 δικαίων
3030 4471 3120 4525 τόν
3145 4469 3351 4523 ἑαυτῶν
3383 4468 3496 4538 βίον
3524 4464 3914 4535 οἰκονομῶμεν.

2269 4560 2613 4627 Ἀκούσωμεν
2644 4558 2823 4610 τοίνυν
2850 4556 2947 4623 τῆς
2987 4554 3135 4614 θείας
3172 4551 3417 4621 Γραφῆς,
3459 4549 3512 4601 τί
3546 4548 3639 4600 καὶ
3676 4548 3919 4617 σήμερον

2254 4646 2386 4714 ἡμῖν
2428 4640 2555 4712 περὶ
2590 4640 2681 4693 τοῦ
2725 4639 3060 4709 πατριάρχου
3103 4633 3464 4705 διηγήσασθαι
3500 4631 3767 4701 βούλεται.
3803 4629 3915 4682 Καὶ

2255 4727 2523 4791 ἐκίνησε,
2558 4725 2741 4793 φησὶν,
2777 4722 3004 4775 ἐκεῖθεν
3051 4720 3307 4788 Ἀϐραὰμ
3331 4719 3417 4784 εἰς
3449 4715 3567 4785 γῆν
3588 4714 3737 4781 πρὸς
3751 4714 3918 4778 Λίϐα,

2256 4810 2352 4861 καί
2384 4807 2623 4874 ᾤκησεν
2649 4806 2765 4860 ἀνὰ
2785 4808 2979 4873 μέσον
3003 4803 3222 4869 Κάδης,
3252 4804 3347 4855 καὶ
3372 4802 3490 4854 ἀνὰ
3520 4799 3716 4868 μέσον
3742 4796 3919 4864 Σοὺρ,

2257 4891 2356 4945 καὶ
2386 4887 2742 4957 παρῴκησεν
2783 4889 2852 4939 ἐν
2901 4885 3204 4955 Γεράροις.
3252 4884 3361 4936 Καὶ
3412 4882 3679 4948 ἐκίνησε,
3721 4878 3918 4947 φησὶν,

2254 4973 2500 5027 ἐκεῖθεν.
2562 4970 2730 5023 Πόθεν
2783 4969 3067 5042 ἐκίνησεν;
3132 4968 3261 5020 Ἀπὸ
3315 4965 3407 5018 τοῦ
3458 4966 3624 5017 τόπου
3671 4959 3799 5014 ἔνθα
3854 4958 3920 5031 ῆν

2257 5054 2704 5126 ὲνσκηνούμενος.
2753 5054 2885 5105 ὅπου
2931 5054 3021 5105 καὶ
3064 5053 3155 5104 τὸν
3204 5052 3311 5103 τῶν
3354 5049 3607 5102 ἁπάντων
3648 5044 3920 5117 Δεσπότην

2261 5140 2397 5208 μετὰ
2435 5140 2543 5189 τῶν
2578 5137 2822 5205 ἀγγέλων
2856 5136 3211 5200 ὐποδέξασθαι
3263 5132 3595 5203 κατηξιώθη.
3646 5129 3919 5193 Ἐκεῖθεν,

2259 5222 2410 5292 φησί,
2445 5222 2691 5291 κινήσας,
2716 5219 3081 5289 Παρῴκησεν
3108 5221 3176 5272 ἐν
3205 5218 3666 5287 Γερᾰροις.”ορα
3697 5215 3807 5267 τῶν
3840 5215 3918 5267 δι-

2258 5306 2427 5358 καίων
2456 5307 2553 5374 τὴν
2583 5304 2853 5374 διαγωγὴν
2880 5344 2894 5368 ,
2937 5306 3083 5364 ὅπως
3115 5300 3182 5374 ῆν
3219 5300 3616 5370 συνεσταλμένη
3662 5299 3757 5352 καὶ
3818 5299 3919 5351 ἀπο

2257 5386 2639 5456 έριττος,ὄπως
2658 5388 2773 5457 μετ’
2792 5386 3039 5449 εὐκολίας
3064 5386 3162 5448 τὰς
3179 5384 3598 5455 μεταναστάσεις
3618 5381 3916 5444 ἐποιοῦντο,

2258 5472 2350 5523 καὶ
2379 5469 2627 5540 καθάπερ
2655 5472 2704 5522 οἰ
2737 5470 2985 5538 πάροικοι
3034 5470 3125 5521 καὶ
3175 5466 3577 5537 παρεπίδημοι,
3630 5464 3775 5518 οῦτω
3829 5464 3917 5518 τὸν

2256 5552 2466 5607 ἑαυτῶν
2506 5552 2620 5623 βίον
2671 5552 3002 5622 ᾠκονόμουν,
3058 5553 3151 5607 καὶ
3186 5554 3318 5606 ποτὲ
3368 5552 3467 5622 μὲν
3504 5544 3609 5605 ὦδε
3632 5588 3649 5612 ,
3698 5549 3828 5602 ποτὲ
3862 5548 3916 5600 δὲ

2300 5644 2353 5719 ,ἃ
2375 5646 2524 5719 ngil.
2547 5650 2629 5719 ,ει
2669 5644 3022 5719 ηιιὶιίειιηηιηεε.
3058 5647 3198 5719 κόρος
3237 5641 3737 5719 λυμαίνεται.”Μοι·ει.
3766 5648 3812 5710 εἰ
3834 5642 3915 5691 alii

2256 5707 2395 5769 κόρος
2412 5701 2740 5769 ὑποτέμνετᾲε.
2768 5706 2855 5769 Sag
2865 5707 3002 5753 ilium
3051 5701 3174 5769 Aite'm
3204 5715 3255 5755 et
3290 5701 3402 5769 inss.
3448 5705 3645 5753 codices
3666 5701 3916 5764 sequimur

2257 5725 2315 5755 κο
2345 5725 2395 5763 ος
2412 5724 2740 5769 υποτεμνετατ.
2769 5724 3002 5767 ἒδξιιιυῐη
3057 5724 3174 5754 ιιειιη
3204 5724 3255 5755 et
3290 5724 3402 5754 "155.
3448 5724 3615 5753 ευωεε

2257 5724 2399 5828 infra,
2423 5768 2504 5817 ubi
2529 5769 2653 5830 apud
2685 5767 2940 5830 Morelmm
2964 5766 3123 5816 series
3139 5768 3615 5817 interlurbala.erat.

2325 5846 2350 5873 ο
2369 5832 2467 5880 Alii
2483 5828 2730 5878 τοσούτων
2747 5828 2951 5888 γνησίων
2983 5830 3105 5877 διαλ.

2329 5891 2348 5929 ί
2375 5893 2524 5941 Savil.
2551 5898 2606 5939 et
2622 5886 2815 5954 quidam
2859 5904 2976 5954 mss.
3009 5892 3206 5954 Γραφάς·
3249 5891 3410 5948 ἐπειδή
3440 5890 3521 5939 καὶ
3543 5886 3774 5952 θησαυρός
3814 5886 3914 5936 in:

2258 5954 2404 6009 πολὺς
2425 5953 2780 6014 έναποκείμενος
2799 5952 2878 5999 καὶ
2900 5953 2948 6000 ἐν
2970 5952 3211 6015 τῷβάθει,
3235 5960 3329 6010 εἰς,
