4084 6356
297 324 405 379 415

277 430 396 491 'bus
412 432 733 505 profugeret,
750 431 1010 488 castitatis
1027 438 1203 486 autem
1228 431 1591 485 indumentum
1613 446 1763 485 serva
1772 431 1883 484 ret?

295 529 620 595 Licebatque
648 525 828 581 videre
855 539 968 579 rem
996 539 1186 578 novam
1205 532 1259 577 et
1278 523 1663 583 admirabilem,
1693 538 1886 591 agnum

294 624 347 672 in
378 616 506 688 lupi,
545 619 652 672 imo
679 618 863 671 lemnae
891 632 1093 687 ungues
1116 615 1385 683 incidisse,
1409 625 1464 672 et
1487 617 1686 670 servari
1711 625 1885 670 tamen

292 711 572 782 potuisse:
622 718 677 764 et
721 710 862 763 sicut
889 709 1135 763 columba
1166 708 1360 777 aquilae
1390 708 1640 761 damnum
1670 708 1882 777 effugit,

295 804 366 859 ita
385 814 439 858 et
467 803 643 873 justus
670 802 739 855 ab
782 802 920 857 illius
966 799 1208 855 manibus
1236 801 1422 854 CV-‘lSlL
1456 800 1569 853 Non
1614 800 1690 853 sic
1718 790 1887 853 admi-

296 894 463 949 rabile
510 894 639 947 mihi
683 893 894 947 videtur
935 907 1075 955 esse,
1124 900 1233 945 tres
1263 907 1454 960 pueros
1486 891 1605 944 illos
1632 892 1682 944 in
1708 891 1884 944 medio

292 986 627 1058 Babylonica’
676 985 905 1039 fornacis
940 985 1116 1054 ignem
1156 984 1347 1037 vicisse
1370 982 1387 1054 (
1414 982 1548 1036 Dan.
1573 984 1669 1052 5),
1700 982 1883 1037 illaesis

288 1094 478 1135 eorum
524 1079 859 1147 corporibus,
903 1089 958 1131 ut
1007 1076 1246 1130 mirabile
1268 1085 1321 1130 et
1345 1092 1526 1130 rarum
1553 1085 1651 1138 est,
1680 1077 1880 1144 justum

289 1174 473 1235 istum,
522 1172 686 1241 quiin
732 1171 998 1225 fornacem
1046 1170 1182 1225 hanc
1210 1169 1527 1241 Babylonica
1572 1172 1739 1225 multo
1763 1188 1883 1241 gra-

285 1269 512 1332 viorem,
558 1266 614 1320 in
657 1265 1118 1331 incontinentiam,
1162 1264 1397 1335 inquam,
1455 1263 1723 1335 ngyptize
1750 1266 1883 1319 inci-

287 1357 477 1422 disset,
528 1357 783 1410 intactum
824 1356 1203 1425 permansisse,
1249 1371 1488 1425 puroque
1514 1356 1774 1409 castitatis
1804 1356 1886 1408 in-

287 1449 547 1503 dumento
570 1457 803 1511 servato,
822 1447 1036 1501 exiisse.
1067 1446 1134 1500 Et
1159 1461 1223 1500 ne
1246 1446 1474 1511 mireris,
1499 1446 1691 1501 dilecte
1718 1464 1730 1500 :
1758 1446 1879 1515 quia

288 1541 431 1594 cnim
459 1538 601 1610 quod
627 1554 781 1592 suum
815 1548 930 1591 erat
976 1537 1170 1601 attulit,
1204 1536 1385 1591 habuit
1427 1553 1710 1606 supernam
1758 1553 1880 1607 gra-

289 1631 415 1685 tiam
463 1630 738 1695 comilem,
772 1644 890 1698 quae
935 1628 1236 1682 incendium
1264 1628 1390 1682 illud
1418 1631 1791 1699 reslinguerel,
1826 1639 1880 1684 et

286 1720 341 1776 in
372 1722 545 1776 media
575 1723 789 1777 fornace
822 1738 997 1776 rorem
1029 1720 1258 1790 Spiritus
1284 1722 1454 1776 daret.
1500 1721 1717 1776 Vidistis
1746 1739 1880 1792 quo-

286 1814 447 1868 modo
466 1814 568 1872 viri
587 1816 784 1870 virtute
810 1814 1035 1881 praediti,
1067 1824 1119 1868 et
1140 1828 1260 1867 eum
1287 1813 1372 1867 hic
1389 1813 1563 1867 adhuc
1589 1824 1878 1883 prmsentes

282 1916 430 1971 sunt,
474 1913 527 1959 et
576 1913 696 1974 post
733 1905 1102 1972 migrationem
1131 1920 1194 1957 ex
1229 1904 1327 1957 hac
1356 1906 1480 1967 vita,
1509 1920 1711 1972 magnae
1741 1904 1879 1957 utili-

284 2000 408 2052 tatis
436 2007 688 2052 auctores
717 1997 869 2050 nobis
911 1997 1057 2050 sint?
1104 1998 1276 2066 Atque
1307 1996 1376 2050 ob
1402 2012 1517 2050 eam
1551 2012 1765 2050 causam
1793 1996 1875 2065 ju-

281 2096 424 2144 stum
456 2089 604 2142 illum
629 2089 681 2142 in
712 2088 944 2142 medium
972 2088 1310 2152 adduximus,
1341 2096 1400 2141 ut
1420 2104 1540 2142 eum
1570 2104 1758 2142 onmes
1786 2103 1872 2143 se-

280 2196 530 2251 quamur.
564 2181 715 2235 llunc
740 2180 896 2250 igitur
917 2196 1104 2234 omnes
1123 2181 1410 2244 imitemur,
1436 2183 1878 2250 ctconcupiscen-

284 2274 385 2329 tias
409 2282 618 2327 nostras
637 2273 931 2339 vincamus,
960 2274 1296 2344 scientesque
1316 2275 1464 2339 illud,
1500 2275 1615 2328 Non
1643 2285 1713 2329 est
1735 2277 1875 2331 nobis

279 2380 453 2435 pugna
495 2364 733 2417 adversus
779 2366 1073 2435 sanguinem
1115 2377 1159 2417 et
1214 2383 1445 2427 carnem,
1499 2369 1588 2420 scd
1638 2369 1874 2423 adversus

280 2457 592 2526 principatus
616 2466 662 2510 et
689 2466 974 2525 potestates,
1003 2458 1241 2512 advenas
1272 2460 1449 2511 mundi
1480 2470 1694 2513 rectores
1734 2470 1873 2514 tene-

279 2550 484 2603 brarum
529 2548 680 2619 hujus
732 2550 906 2603 steculi
953 2549 1190 2621 (Epiros.
1242 2550 1456 2623 6.12),
1502 2553 1579 2605 sic
1606 2569 1701 2605 nos
1731 2555 1873 2622 ipsos

276 2657 586 2696 armemus:
616 2650 671 2697 et
710 2643 1030 2712 cogitantes,
1078 2657 1185 2697 non
1230 2658 1456 2712 corpore
1494 2645 1868 2712 circumdatos,

275 2733 533 2788 adversus
556 2736 898 2804 incorporeas
923 2736 1040 2805 cogi
1069 2736 1293 2791 virtutes
1319 2745 1542 2801 certare,
1569 2744 1873 2793 inuniamur

274 2829 444 2881 armis
488 2828 871 2898 spiritualibus.
920 2829 1146 2898 Propter
1174 2828 1275 2882 hoc
1302 2831 1444 2883 enim
1477 2831 1731 2900 benignus
1761 2832 1869 2885 Do-

274 2919 475 2983 minus,
509 2920 631 2989 quia
657 2934 819 2974 carne
850 2921 1024 2974 vestiti
1066 2936 1272 2984 sumus,
1304 2929 1358 2973 et
1387 2930 1467 2974 est
1496 2921 1649 2975 nobis
1676 2922 1867 2977 adver-

274 3026 370 3067 sus
416 3012 711 3066 invisibiles
758 3012 981 3066 virtutes
1030 3025 1320 3078 certamen,
1375 3013 1657 3067 invisibilia
1715 3015 1868 3070 nobis

274 3105 595 3173 prteparavit
619 3120 788 3171 arma,
837 3112 895 3158 ut
920 3105 1116 3158 auxilio
1145 3120 1414 3158 armorum
1452 3114 1650 3158 natura)
1680 3106 1869 3160 adver-

273 3196 447 3250 sarios
493 3210 879 3266 expugncmus.
926 3196 1070 3250 Bene
1124 3197 1281 3266 igitur
1322 3197 1547 3252 fidentes
1594 3214 1864 3253 armorum

272 3291 545 3361 potentia},
597 3290 737 3359 quod
781 3306 811 3343 a
842 3290 996 3343 nobis
1026 3298 1107 3343 est
1139 3290 1444 3353 all‘eramus,
1493 3302 1545 3344 et
1575 3292 1866 3359 poterimus

272 3386 374 3439 hac
400 3384 656 3453 spirituali
686 3392 951 3437 armatura
986 3383 1190 3447 muniti,
1224 3382 1392 3451 ipsam
1440 3385 1631 3437 diaboli
1674 3382 1863 3439 faciem

270 3477 452 3531 ferire.
503 3475 684 3545 Neque
730 3474 872 3529 enim
914 3475 1052 3528 ferre
1096 3476 1289 3543 poterit
1331 3475 1583 3544 fulgorem
1615 3476 1702 3545 qui
1737 3475 1862 3530 inde

267 3568 562 3637 egreditur,
607 3567 698 3621 sed
742 3569 839 3620 etsi
882 3576 1105 3620 conetur
1133 3578 1276 3620 stare
1315 3582 1377 3620 ex
1409 3567 1654 3631 adverso,
1686 3568 1861 3622 statim

267 3661 646 3716 excarcabitur.
674 3659 773 3714 Ubi
813 3661 954 3714 enim
986 3659 1311 3713 continentia
1343 3668 1395 3713 et
1432 3659 1702 3722 honestas,
1731 3660 1863 3713 alia-

269 3768 496 3822 rumque
538 3753 787 3805 virtutum
835 3766 1148 3816 concursus,
1195 3751 1319 3804 illuc
1364 3758 1417 3804 ct
1459 3752 1600 3819 larga
1632 3751 1863 3821 Spiritus

265 3843 436 3911 gratia
483 3841 714 3895 advolat.
763 3842 1098 3909 Quapropter
1142 3841 1336 3893 Paulus
1383 3840 1630 3895 dicebat:
1674 3841 1864 3895 Pacem

264 3934 522 3987 sectemini
545 3949 662 3985 cum
690 3932 939 3996 omnibus,
963 3942 1009 3984 et
1050 3932 1501 4010 sancti/icationen}
1528 3933 1547 4002 (
1572 3931 1733 3985 Hebr.
1768 3933 1856 3989 12.

266 4027 379 4095 14).
415 4024 761 4079 Purilicemus
788 4024 1214 4094 igitur,obsecro,
1242 4024 1599 4079 conscientias
1628 4036 1860 4096 nostras,

263 4128 321 4173 et
346 4128 688 4187 emergamus
733 4128 970 4171 mentem
1019 4127 1301 4174 nostram:
1352 4131 1410 4173 ut
1451 4119 1599 4174 omni
1644 4121 1860 4175 sordida

265 4210 587 4278 cogitatione
634 4207 868 4275 liberati,
912 4208 1142 4276 Spiritus
1169 4209 1388 4277 gratiam
1419 4210 1571 4264 nobis
1606 4211 1860 4265 concilie-

268 4315 411 4358 mus.
443 4315 863 4370 superemusque
905 4299 1099 4354 diaboli
1148 4300 1591 4367 machinationes,
1640 4317 1702 4357 ac
1738 4318 1857 4357 me-

263 4406 480 4447 reamur
500 4390 855 4446 ineffabilibus
886 4392 989 4445 illis
1014 4393 1165 4445 bonis
1193 4392 1316 4457 frui,
1346 4393 1511 4461 gratia
1543 4403 1596 4447 et
1622 4393 1860 4463 benigni-

264 4493 375 4539 tate
422 4484 632 4538 Domini
677 4485 845 4539 nostri
896 4485 1018 4539 Jesu
1059 4486 1279 4549 Christi,
1326 4488 1408 4539 cui
1457 4502 1576 4540 cum
1624 4487 1778 4541 Patre
1806 4498 1860 4542 et

262 4587 451 4632 sancto
471 4576 672 4647 Spiritu
696 4577 765 4631 sit
781 4578 968 4647 gloria,
999 4593 1141 4632 nunc
1168 4589 1223 4633 et
1252 4594 1485 4648 semper,
1509 4590 1561 4633 et
1584 4580 1633 4633 in
1663 4583 1856 4636 saecula

262 4670 602 4725 smeulorum.
634 4670 828 4724 Amen.

820 4843 1094 4898 HOMILIA
1137 4844 1299 4902 XLV.

259 5001 334 5057 Et
360 5001 511 5054 movit
554 5001 695 5054 illinc
733 5000 990 5053 Abraham
1032 5000 1085 5053 in
1113 5009 1297 5054 terram
1321 5017 1491 5054 versus
1528 5002 1777 5072 africum,
1809 5012 1858 5055 et

336 5093 574 5146 nabitarit
612 5093 741 5145 inter
759 5090 943 5155 Gades,
973 5101 1020 5144 et
1048 5092 1178 5145 inter
1206 5090 1333 5157 Snr,
1365 5101 1409 5145 et
1437 5094 1732 5163 peregrinus
1760 5094 1858 5163 fuit

333 5185 386 5238 in
414 5183 618 5238 Geraris
646 5182 797 5254 (Gen.
824 5182 916 5237 20.
949 5182 1025 5254 Ι).

337 5320 389 5375 1.
413 5319 651 5383 Gaudeo,
674 5335 793 5374 cum
817 5334 911 5374 vos
935 5317 1241 5389 frequenter
1264 5317 1419 5373 video
1446 5318 1513 5373 ad
1544 5320 1853 5375 concionem

258 5427 564 5477 accurrere,
580 5426 645 5466 ac
660 5427 847 5482 magna
870 5427 990 5466 eum
1010 5412 1278 5480 voluptate
1299 5412 1594 5466 doctrinam
1619 5422 1855 5467 nostram

252 5504 576 5574 suscipere;
627 5504 853 5573 ideoque
901 5504 952 5556 in
982 5503 1098 5557 dies
1123 5502 1310 5571 majori
1350 5502 1620 5557 alacritate
1655 5518 1856 5572 paupe-

256 5607 377 5649 rem
408 5595 547 5650 hanc
571 5604 808 5651 nostram
831 5603 886 5649 et
917 5605 1128 5649 tenuem
1152 5607 1389 5649 mensam
1416 5594 1566 5648 vobis
1586 5609 1855 5663 apponere

256 5686 475 5744 studeo.
525 5686 712 5742 Vestra
756 5688 898 5742 enim
938 5687 1178 5742 ciborum
1222 5686 1506 5741 immodica
1551 5690 1852 5759 appetentia

262 5792 465 5834 niensa:
515 5789 712 5855 nostrae
758 5779 1015 5835 vilitatem
1063 5777 1284 5853 obtegit,
1334 5794 1602 5850 parvaque
1649 5779 1771 5834 facit
1794 5791 1852 5835 ut

1331 315 1397 371 IN
1436 316 1586 371 CAP.
1630 315 1747 371 XX.
1788 316 2026 373 GENES.
2072 318 2299 378 HOMIL.
2344 324 2505 384 XLV.

3464 338 3572 397 4H

2002 448 2191 504 magna
2235 449 2562 507 appareant:
2593 441 2645 497 id
2690 444 2829 514 quod
2875 456 2929 500 et
2952 465 3002 501 ιιι
3032 450 3368 509 sensibilibus
3392 457 3581 515 eduliis

1995 526 2177 582 videre
2202 527 2344 583 licet.
2372 530 2502 585 Nam
2534 533 2670 589 sicut
2698 550 2818 589 cum
2847 538 3065 595 satiatos
3093 544 3212 611 quis
3231 545 3425 616 exeipit
3454 566 3579 604 cou-

1995 620 2161 685 vivas,
2203 621 2327 676 licet
2378 638 2567 694 magna
2609 638 3025 701 sumptuosaque
3066 646 3297 703 apponat
3345 640 3578 708 fercula,

1994 708 2207 765 illorum
2255 712 2501 770 satietate
2546 718 2801 773 minuitur
2844 724 3207 791 appositorum
3252 730 3488 797 lautitia;
3528 744 3577 788 et

1993 815 2183 871 magna
2224 819 2623 876 nonnumquam
2671 810 2866 866 nullius
2896 813 3142 870 videntur
3185 824 3463 890 momenti,
3513 840 3575 878 eo

1991 893 2131 960 quod
2186 898 2432 951 convivae
2480 897 2679 970 absque
2711 902 2901 958 edendi
2932 907 3183 965 aviditate
3209 912 3537 970 advenerunt
3563 959 3574 973 .

1990 981 2061 1036 ita
2101 993 2283 1039 contra
2326 988 2367 1041 si
2412 990 2530 1058 quis
2576 992 2843 1048 famelicos
2881 999 3133 1068 suscipiat
3170 1012 3223 1056 et
3253 1008 3568 1072 esurientes,

1991 1073 2115 1129 licet
2145 1076 2250 1131 illis
2273 1086 2485 1133 tenuem
2517 1095 2775 1151 proponat
2801 1102 3060 1155 mensam,
3091 1093 3365 1160 Splendida
3399 1106 3574 1154 tamen

1990 1165 2081 1220 illa
2126 1170 2402 1237 apparebit
2448 1175 2704 1241 convivis,
2751 1180 2914 1232 multa
2954 1195 3072 1235 cum
3101 1184 3372 1256 voluptate
3416 1198 3575 1258 atque

1989 1261 2241 1317 aviditate
2286 1266 2526 1334 apposita
2578 1271 3000 1327 comedentibus.
3054 1275 3145 1331 Sic
3199 1287 3254 1333 et
3294 1296 3391 1337 nos
3440 1283 3576 1338 bene

1989 1354 2215 1409 ﬁdentes
2264 1358 2522 1426 spirituali
2568 1370 2749 1416 vestro
2795 1366 3091 1433 appetitui,
3143 1384 3247 1424 non
3295 1387 3578 1441 gravamur

1987 1460 2273 1515 pauperem
2302 1458 2356 1503 et
2377 1451 2532 1504 vilem
2562 1452 2697 1507 hanc
2727 1471 2964 1511 mensam
2988 1468 3178 1515 vestrae
3207 1463 3411 1517 caritati
3440 1466 3576 1519 assi—

1985 1539 2092 1594 due
2121 1556 2408 1611 apponere.
2457 1545 2569 1601 Hoc
2608 1557 2659 1601 et
2699 1548 2913 1617 sapiens
2939 1552 3153 1621 quidam
3182 1555 3427 1612 dicebat:
3462 1558 3575 1612 Mc-

1986 1634 2085 1688 lius
2128 1644 2199 1689 est
2243 1639 2525 1692 convivium
2572 1642 2762 1695 olerum
2794 1660 2906 1695 cum
2951 1647 3181 1710 caritate,
3211 1666 3361 1718 quam
3397 1650 3484 1705 bos
3515 1653 3578 1707 de

1986 1728 2231 1797 praesepio
2277 1746 2389 1782 cum
2420 1731 2536 1785 odio
2569 1730 2746 1803 (Prov.
2775 1734 2863 1789 15.
2888 1735 2978 1806 17)
3006 1755 3017 1788 :
3052 1753 3158 1808 quo
3184 1739 3357 1805 docet,
3386 1744 3578 1797 carita-

1984 1825 2089 1871 tem
2119 1819 2275 1873 aliter
2302 1820 2481 1875 videre
2511 1824 2771 1891 apposita,
2807 1826 3051 1895 illiusque
3072 1829 3240 1883 oculis
3264 1832 3383 1883 vilia
3411 1848 3576 1901 appa-

1983 1923 2103 1969 rere
2131 1923 2192 1963 ea
2238 1927 2356 1979 qum
2396 1925 2702 1981 sumptuosa
2753 1926 2895 1982 sunt,
2929 1929 2977 1972 et
3007 1935 3167 1988 parva
3202 1937 3319 1990 qua}
3359 1939 3568 1993 magna.

2054 1998 2312 2054 Auditoris
2336 2001 2674 2058 benevolentia
2700 2009 2999 2061 necessaria.
3022 2010 3226 2077 —Quid
3259 2012 3415 2082 igitur
3441 2014 3572 2069 bea-

1982 2091 2085 2147 tius
2137 2094 2290 2148 nobis
2338 2095 2426 2164 qui
2482 2098 2619 2166 apud
2667 2108 2741 2154 tot
2786 2101 3075 2165 auditores,
3109 2114 3322 2175 tamque
3367 2109 3575 2163 ferven-

1981 2185 2018 2238 ti
2058 2196 2111 2239 et
2165 2188 2390 2242 sollicita
2443 2191 2664 2245 caritate
2722 2195 2971 2261 prmditos
3021 2196 3570 2267 disserimusiNihil

1979 2276 2122 2330 enim
2161 2285 2437 2348 tantopere
2481 2281 2676 2336 dicenti
2731 2286 3092 2341 necessarium
3144 2299 3265 2354 est,
3321 2300 3377 2344 ut
3422 2292 3573 2346 audi-

1980 2370 2112 2424 toris
2163 2369 2554 2433 benevolentia.
2598 2375 3033 2447 Quandoquidem
3082 2397 3202 2434 eum
3247 2382 3391 2437 videt
3419 2384 3569 2437 audi—

1981 2470 2124 2516 tores
2155 2462 2359 2519 fervere
2387 2466 2673 2533 desiderio,
2718 2470 2957 2525 firmatur
2987 2484 3040 2527 et
3067 2474 3201 2543 ipse,
3231 2485 3285 2530 et
3320 2491 3569 2546 magnum

1979 2567 2122 2622 saepe
2168 2555 2348 2620 robur,
2406 2567 2460 2611 ut
2516 2561 2582 2612 ita
2638 2561 2830 2626 dicam,
2887 2565 3097 2633 accipit,
3154 2568 3330 2622 sciens
3371 2580 3571 2639 quanto

1976 2651 2423 2716 smnptuosiorem
2474 2669 2710 2707 mensam
2756 2657 3082 2724 spiritualem
3121 2661 3391 2729 proponit,
3425 2672 3571 2717 tanto

1977 2738 2233 2807 majorem
2258 2741 2355 2793 sibi
2383 2744 2588 2809 c0pia;n
2620 2746 2894 2800 accedere.
2929 2747 3095 2802 Secus
3121 2751 3262 2805 enim
3287 2767 3345 2806 se
3372 2752 3563 2809 habent

1975 2830 2266 2898 sensibilia,
2298 2849 2456 2903 quam
2486 2835 2797 2903 spiritualia.
2822 2838 2931 2892 lllie
2960 2841 3100 2893 enim
3129 2857 3329 2897 mensa).
3351 2844 3568 2914 largitas

1975 2932 2245 2990 sumptum
2299 2925 2460 2993 parit,
2513 2936 2567 2980 et
2613 2928 2913 2981 convivium
2961 2931 3261 2987 exhibentis
3303 2935 3567 2989 imminuit

1973 3014 2361 3079 substantiam;
2393 3018 2479 3073 hic
2509 3029 2683 3074 autem
2712 3023 2932 3076 omnino
2957 3024 3129 3091 aliter,
3159 3037 3357 3096 quanto
3389 3028 3568 3096 plures

1973 3117 2097 3162 sunt
2142 3110 2447 3179 participes,
2498 3122 2645 3166 tanto
2687 3113 2800 3181 plus
2847 3116 3141 3169 substantia
3172 3126 3349 3171 nostra
3379 3134 3563 3174 accre-

1971 3202 2094 3254 scit.
2136 3200 2318 3270 Neque
2349 3203 2490 3256 enim
2526 3212 2703 3257 nostra
2736 3206 2980 3269 dicimus,
3014 3207 3107 3261 sed
3155 3225 3213 3262 ea
3247 3225 3365 3278 qua:
3394 3210 3445 3264 in
3475 3226 3565 3265 ve-

1971 3303 2136 3349 stram
2189 3297 2462 3351 utilitatem
2510 3298 2600 3352 Dei
2651 3301 2819 3368 gratia
2867 3316 2963 3368 per
2992 3315 3141 3354 suam
3183 3302 3562 3373 benignitatem

1971 3386 2295 3456 suppeditat.
2345 3388 2457 3458 Age
2488 3388 2665 3457 igitur,
2717 3391 2835 3459 quia
2886 3407 3006 3444 cum
3041 3402 3183 3446 tanta
3207 3394 3479 3449 alacritate
3511 3404 3565 3449 et

1973 3487 2115 3532 tanta
2173 3479 2354 3533 laetitia
2403 3479 2470 3533 ad
2523 3482 2845 3535 audiendum
2896 3484 3168 3551 acceditis,
3217 3485 3407 3540 iterum
3448 3486 3559 3556 jam

1971 3569 2107 3623 lecta
2132 3570 2462 3638 indagemus,
2492 3581 2545 3625 et
2575 3573 2712 3640 quod
2743 3574 2861 3625 inde
2889 3575 3132 3643 provenit
3163 3576 3363 3630 lucrum
3390 3580 3563 3646 perci-

1971 3661 2195 3729 piamus.
2238 3661 2368 3714 Nam
2418 3665 2565 3731 quia,
2595 3664 2883 3717 secandum
2915 3682 3156 3733 magnam
3198 3668 3337 3722 illam
3368 3669 3564 3724 exhor-

1970 3752 2222 3805 tationem
2245 3751 2440 3806 Christi
2463 3753 2709 3818 dicentis,
2740 3754 3053 3807 Scrutamini
3070 3756 3363 3826 Scripturas
3379 3757 3558 3827 (Ioan.

1967 3842 2019 3895 5.
2048 3842 2159 3909 59),
2195 3841 2476 3897 thesaurus
2497 3860 2716 3912 magnus
2737 3847 2787 3898 in
2817 3844 3106 3915 Scripturis
3130 3857 3213 3902 est
3232 3850 3557 3913 reconditus,

1968 3942 2022 3986 et
2067 3931 2120 3988 in
2165 3931 2432 4003 profundo
2474 3933 2644 3988 latet:
2677 3935 2874 3990 idcirco
2919 3938 3247 3994 scrutatione
3296 3955 3451 4011 opus,
3500 3953 3557 3997 ut

1966 4038 2086 4078 cum
2135 4023 2479 4078 didicerimus
2529 4026 2774 4080 virtutem
2806 4044 2924 4097 qua:
2956 4028 3007 4082 in
3054 4027 3322 4099 profundo
3349 4032 3556 4086 occulta

1963 4125 2067 4180 est,
2100 4117 2323 4171 multam
2350 4116 2472 4171 inde
2502 4119 2783 4174 utilitatem
2831 4120 3122 4192 decerpere
3157 4138 3434 4192 queamus.
3468 4124 3558 4180 Et-

1966 4210 2106 4263 enim
2160 4218 2437 4279 propterea
2472 4215 2734 4279 justorum
2766 4215 3005 4268 omnium
3056 4215 3297 4280 virtutes,
3330 4215 3559 4286 Spiritus

1966 4302 2135 4355 sancti
2167 4304 2335 4372 gratia
2361 4312 2417 4358 et
2441 4304 2861 4375 dispensatione,
2895 4306 2945 4359 in
2990 4306 3277 4376 Scripturis
3302 4318 3427 4363 sunt
3451 4316 3558 4365 tra-

1967 4393 2111 4460 ditas,
2147 4406 2203 4450 ut
2226 4411 2324 4450 nos
2347 4398 2650 4452 continuam
2681 4398 2937 4453 habentes
2961 4400 3277 4467 doctrinam,
3302 4400 3367 4456 ad
3394 4419 3559 4456 mniu-

1966 4486 2218 4544 lationem
2273 4496 2329 4544 et
2390 4490 2737 4545 imitationem
2782 4492 3049 4559 justorum
3101 4494 3261 4547 vitam
3317 4506 3555 4550 nostram

1966 4578 2323 4633 instituamus.
2375 4580 2666 4635 Audiamus
2710 4582 2869 4652 igitur
2911 4583 3146 4638 divinam
3200 4585 3554 4655 Scripturam,

1964 4672 2090 4740 quid
2146 4682 2200 4727 et
2251 4672 2409 4728 hodie
2460 4676 2613 4730 nobis
2657 4675 2724 4731 de
2756 4678 3049 4746 patriarcha
3079 4694 3299 4734 narrare
3326 4682 3472 4735 velit.
3503 4683 3554 4735 1.

1964 4765 2113 4835 (Cap.
2137 4767 2226 4836 20)
2244 4766 2310 4821 Et
2332 4770 2503 4833 movit,
2529 4768 2718 4839 inquit,
2741 4771 2882 4824 illinc
2899 4771 3151 4825 Abraham
3170 4773 3220 4826 in
3240 4783 3423 4826 terram
3444 4790 3557 4827 ver-

1962 4874 2049 4912 sus
2069 4858 2305 4928 africum,
2329 4868 2377 4913 et
2404 4858 2639 4915 habitavit
2661 4860 2787 4914 inter
2813 4860 2971 4915 Cades
3000 4871 3044 4915 et
3073 4863 3203 4915 inter
3230 4862 3355 4929 Sur,
3384 4873 3430 4917 et
3449 4880 3558 4933 per-

1962 4950 2164 5019 egrinus
2194 4952 2291 5020 fuit
2328 4952 2380 5005 in
2422 4949 2643 5005 Geraris.
2682 4950 2747 5004 Et
2771 4953 2921 5004 movit
2944 4994 2956 5014 ,
2986 4952 3188 5021 inquit,
3219 4953 3378 5006 illinc.
3403 4951 3556 5008 Unde

1962 5042 2162 5095 movit?
2202 5043 2243 5095 A
2292 5043 2409 5096 loco
2452 5043 2537 5096 ubi
2570 5043 2966 5098 tabernaculum
2999 5043 3211 5104 ﬁxerat,
3238 5044 3327 5099 ubi
3349 5052 3404 5099 et
3435 5045 3557 5098 uni-

1962 5137 2100 5191 versi
2123 5135 2467 5191 Conditorem
2491 5152 2610 5191 cum
2632 5137 2837 5207 angelis
2862 5137 3135 5207 suscipere
3165 5136 3212 5190 ei
3238 5150 3555 5191 concessum

1962 5227 2077 5282 fuit.
2121 5226 2289 5295 Illinc,
2332 5227 2521 5298 inquit,
2568 5244 2689 5283 cum
2714 5230 2985 5293 movisset,
3028 5229 3334 5300 Peregrinus
3359 5227 3457 5298 fuit
3506 5228 3557 5281 in

1963 5319 2187 5374 Cereris.

2033 5413 2249 5466 Abrahaz
2268 5414 2493 5466 modesta
2512 5414 2708 5466 vivendi
2745 5414 2971 5467 ratio.—
2997 5413 3125 5467 Vide
3143 5413 3405 5482 justorum
3429 5410 3553 5467 vitae

1959 5504 2242 5567 rationem,
2259 5521 2414 5573 quam
2427 5515 2695 5559 eoatracta
2713 5507 2815 5560 illis
2829 5505 2986 5559 fuerit
3001 5514 3055 5559 et
3076 5504 3293 5559 minime
3307 5518 3551 5574 superva-

1961 5610 2060 5650 cua
2075 5595 2311 5664 supellex
2329 5613 2342 5649 :
2360 5596 2624 5665 quomodo
2642 5596 2794 5650 facile
2813 5595 3259 5665 transmigrabant
3282 5596 3550 5663 vitamque

1960 5700 2108 5740 suam
2125 5685 2464 5741 instituebant
2478 5687 2613 5741 sicut
2625 5686 2888 5763 peregrini
2904 5697 2957 5741 et
2967 5686 3206 5750 advenae,
3223 5695 3271 5741 et
3289 5700 3427 5740 nunc
3441 5684 3546 5749 hic,

1963 5794 2101 5835 nunc
2122 5778 2224 5834 iilic
2241 5777 2576 5833 tabernacula
2594 5778 2893 5849 erigebant,
2917 5778 3065 5849 quasi
3097 5792 3316 5849 peregre
3350 5773 3550 5850 degen-
