4084 6356
494 271 602 329 {l5

489 394 589 446 tes;
607 394 712 436 non
738 379 875 435 sicut
901 390 997 431 nos
1012 373 1252 438 facimus,
1266 373 1355 442 qui
1370 370 1667 425 habitantes
1685 369 1737 423 in
1751 369 1924 422 aliena
1938 378 2076 422 terra

490 473 640 543 quasi
684 471 737 526 in
769 468 959 540 patria,
987 466 1177 520 domos
1195 464 1520 517 exstruimus
1543 459 1879 530 splendidas,
1912 461 2083 530 porti-

491 580 587 619 cus
611 574 666 619 et
703 560 1101 625 deambulacra,
1125 566 1181 611 et
1224 556 1378 609 villas
1423 554 1781 626 possidemus,
1812 562 1867 608 et
1897 552 2081 607 balnea

491 672 737 727 paramus
772 654 981 723 aliaque
1004 652 1300 705 innumera.
1328 646 1433 702 Sed
1464 646 1586 701 vide
1609 644 1878 715 quomodo
1910 645 2085 714 justus

489 748 835 805 substantiam
876 761 1027 799 suam
1060 747 1112 799 in
1140 742 1443 797 vernaculis
1477 748 1680 793 tantum
1719 747 1774 793 et
1804 737 2086 808 pecoribus

496 842 795 914 possidens,
826 848 881 893 et
908 851 1195 906 numquam
1220 836 1272 888 itt
1293 833 1481 887 eodem
1508 832 1627 885 loco
1653 831 1961 901 persistens,
1988 829 2087 882 ali-

490 932 702 1004 quando
728 931 943 1001 quidem
974 930 1027 983 in
1051 927 1237 983 Bethel
1266 926 1377 995 figit
1402 923 1766 986 tabernacula,
1796 920 2083 990 aliquando

490 1038 665 1079 autem
693 1024 830 1094 apud
853 1037 1107 1093 quercum
1130 1019 1384 1083 Mambre,
1408 1016 1694 1087 aliquando
1716 1017 1767 1070 in
1794 1014 2083 1086 ASgyptum

494 1116 792 1177 descendit,
827 1128 967 1168 nunc
995 1121 1172 1166 autem
1201 1111 1253 1164 itt
1275 1108 1491 1164 Geraris
1524 1107 1918 1161 tabernaculum
1953 1108 2082 1177 figit,

491 1218 546 1262 et
591 1208 769 1262 omnia
817 1207 974 1259 facile
1018 1204 1266 1265 sustinet,
1310 1209 1620 1272 gratamque
1643 1214 1767 1268 erga
1802 1198 2083 1253 Dominum

494 1308 726 1354 mentem
756 1314 852 1367 per
879 1297 1056 1351 omnia
1084 1292 1365 1347 manifeste
1392 1292 1647 1346 declarat.
1680 1290 1746 1344 Et
1775 1300 1892 1359 post
1915 1300 2087 1345 tantas

495 1390 877 1461 promissiones
924 1404 1043 1459 qua:
1071 1387 1120 1442 ei
1146 1401 1175 1439 a
1219 1386 1326 1439 Deo
1350 1384 1503 1438 facta:
1528 1391 1704 1447 erant,
1729 1381 1917 1436 videns
1945 1396 2005 1436 se
2033 1382 2085 1435 in

495 1483 657 1537 tantis
680 1480 877 1535 versari
917 1477 1339 1543 difficultatibus,
1386 1485 1440 1531 et
1471 1476 1521 1528 in
1552 1475 1725 1528 varias
1745 1474 2088 1543 diversasque

499 1576 820 1628 tentationes
870 1570 1130 1634 incidere,
1174 1568 1327 1639 quasi
1375 1567 1594 1622 adamas
1640 1567 1892 1621 immotus
1916 1568 2087 1636 persi-

495 1666 626 1730 stit;
669 1668 917 1735 piamque
945 1677 1095 1715 suam
1128 1672 1359 1714 mentem
1386 1657 1696 1737 ostendens,
1723 1658 1883 1712 nullis
1912 1656 2091 1711 obsta-

496 1757 633 1811 culis
662 1756 1013 1825 negligentior
1037 1752 1233 1807 evadit.
1268 1751 1400 1805 Vide
1429 1751 1572 1805 enim
1604 1760 1656 1803 et
1678 1766 1841 1816 nunc,
1869 1749 2081 1810 dilecte,

497 1849 672 1919 qualis
718 1848 942 1901 tentatio
986 1862 1109 1900 eum
1138 1846 1189 1899 in
1219 1844 1433 1900 Geraris
1464 1844 1702 1897 invadit:
1736 1854 1791 1898 et
1820 1844 2089 1935 admirare

499 1940 861 1994 fortitudinem
908 1948 961 1993 et
990 1939 1240 1991 virtutem
1264 1935 1415 2005 justi,
1447 1934 1716 2005 quomodo
1745 1934 1886 2004 quod
1920 1934 2090 1988 omni-

501 2033 599 2087 bus
640 2030 995 2096 intolerabile,
1044 2037 1101 2083 et
1146 2029 1288 2097 quod
1336 2042 1512 2097 neque
1554 2027 1773 2081 auribus
1818 2026 2091 2097 suscipere

498 2125 619 2193 quis
653 2123 837 2186 vellet,
868 2122 971 2174 hoc
1000 2121 1113 2189 ipse
1136 2119 1407 2182 sustinuit,
1437 2133 1542 2171 non
1572 2134 1717 2187 tegre
1760 2115 1960 2184 ferens,
1993 2134 2089 2173 ne-

500 2232 604 2285 que
627 2217 845 2285 exigens
887 2230 916 2266 a
958 2214 1185 2266 Domino
1216 2212 1474 2265 rationem
1518 2225 1702 2264 eorum
1733 2225 1850 2279 qua:
1873 2209 2087 2275 fiebant,

502 2310 639 2362 sicut
667 2309 903 2377 plerique
931 2306 1175 2358 homines
1205 2302 1421 2367 faciunt,
1457 2302 1616 2371 hique
1645 2302 1937 2355 innumeris
1972 2316 2095 2370 pec-

502 2409 743 2453 catorum
794 2398 1017 2451 sarcinis
1064 2396 1253 2466 pressi.
1302 2394 1434 2448 Nam
1480 2409 1598 2447 cum
1647 2396 1697 2447 in
1755 2394 2093 2449 diflicultates

505 2489 761 2558 quasdam
811 2487 1113 2550 inciderint,
1155 2486 1334 2539 statim
1382 2485 1805 2547 obmurmurant,
1840 2486 2093 2537 etcurio-

504 2585 615 2635 sius
659 2580 949 2649 inquirunt,
972 2578 1257 2647 dicuntque
1286 2594 1298 2630 :
1323 2576 1499 2643 Quare
1527 2574 1627 2629 hoc
1658 2584 1711 2628 et
1738 2574 1839 2629 hoc
1878 2576 2093 2630 evenit?

503 2684 558 2728 et
587 2688 752 2743 quare
798 2672 898 2726 hoc
937 2671 1257 2743 permissum
1288 2668 1407 2723 est?
1440 2670 1507 2721 At
1529 2668 1703 2737 justus
1726 2668 1813 2722 ille
1838 2682 1941 2722 non
1974 2669 2089 2723 sic:

506 2766 645 2818 unde
698 2772 752 2818 et
810 2763 885 2817 illi
941 2762 1168 2831 amplius
1214 2774 1504 2828 supernum
1560 2758 1814 2812 auxilium
1842 2767 1925 2813 est
1967 2774 2095 2813 con-

503 2873 733 2912 cessum.
764 2856 875 2910 Hoc
895 2856 1036 2909 enim
1060 2869 1182 2907 vere
1202 2853 1336 2923 grati
1358 2852 1498 2906 servi
1517 2850 1692 2917 fuerit,
1720 2861 1776 2904 ut
1804 2866 2093 2919 numquam

504 2951 766 3004 curiosior
802 2949 871 3002 sit
916 2948 969 3000 in
997 2948 1059 2999 iis
1085 2944 1429 3015 erplorandis
1476 2959 1593 3012 qua:
1634 2957 1663 2995 a
1692 2941 1911 2996 domino
1942 2942 2093 3009 liunt,

504 3042 597 3097 sed
628 3044 679 3095 in
725 3041 935 3096 silentio
976 3049 1028 3093 et
1068 3038 1357 3108 gratiarum
1382 3033 1595 3089 actione
1616 3035 1872 3104 suscipiat
1892 3034 2091 3088 omnia.

574 3133 628 3186 2.
672 3132 740 3185 Et
767 3129 1152 3192 animadverte,
1181 3124 1451 3195 quomodo
1476 3124 1642 3176 etiam
1676 3140 1767 3193 per
1799 3124 1919 3178 illas
1951 3126 2095 3194 ipsas

508 3240 624 3293 qtae
657 3231 955 3292 sequuntur
980 3220 1299 3274 tentationes
1318 3216 1447 3285 juSti
1471 3218 1637 3268 virtus
1665 3218 1832 3285 magis
1855 3218 2091 3283 emicuit,

510 3319 622 3373 Deo
654 3317 854 3371 clarum
884 3315 1033 3367 illum
1063 3328 1155 3381 per
1186 3310 1363 3364 omnia
1403 3307 1737 3363 ostendente.
1772 3308 1906 3364 Nam
1954 3311 2096 3364 sicut

509 3409 725 3480 quando
770 3407 821 3459 in
853 3405 1143 3475 Egyptum
1176 3400 1486 3465 descendit,
1531 3408 1589 3453 ut
1629 3399 1841 3469 ignotus
1881 3410 1935 3456 ct
1976 3417 2095 3471 per.

509 3504 747 3573 egrinus,
787 3510 841 3556 et
867 3501 993 3554 nulli
1022 3500 1252 3569 agnitus,
1282 3497 1459 3551 subito
1500 3510 1692 3565 magno
1732 3511 1853 3548 cum
1894 3494 2097 3548 honore

511 3595 635 3649 inde
678 3594 813 3647 redit
844 3610 856 3645 :
892 3593 959 3645 ita
991 3603 1043 3644 et
1099 3605 1272 3651 mute,
1318 3604 1438 3642 cum
1489 3591 1801 3657 peregrinus
1855 3595 1998 3641 esset
2041 3587 2096 3642 in

511 3686 748 3750 Geraris,
771 3686 820 3738 in
850 3686 977 3754 ipsis
1003 3681 1216 3752 quidem
1250 3680 1415 3742 initiis
1442 3679 1583 3749 quod
1612 3696 1765 3732 suum
1793 3688 1911 3732 erat
1937 3678 2093 3733 fecit:

512 3786 700 3849 postea
730 3792 856 3831 vero
884 3785 1031 3829 tanto
1055 3773 1147 3828 Dei
1170 3772 1408 3826 subsidio
1435 3772 1673 3825 munitus
1702 3780 1804 3837 est,
1829 3778 1886 3824 ut
1909 3780 1967 3825 et
2000 3786 2096 3825 rex

511 3882 565 3927 et
593 3887 778 3926 omnes
820 3870 909 3941 qui
937 3871 989 3923 itt
1017 3883 1079 3923 ea
1110 3867 1329 3937 regione
1361 3864 1704 3929 habitabant,
1728 3862 1874 3918 omni
1920 3863 2098 3917 studio

513 3968 819 4020 ministrare
866 3964 1015 4032 justo
1062 3961 1359 4015 studerent.
1400 3958 1455 4011 2.
1497 3956 1641 4010 Dixit
1687 3966 1875 4022 autem,
1905 3956 2094 4025 inquit,

513 4060 771 4114 Abraham
804 4060 866 4111 de
905 4057 1068 4112 Sarra
1106 4070 1264 4109 uxore
1304 4070 1428 4119 sua,
1462 4052 1624 4107 Soror
1651 4067 1763 4104 mea
1792 4060 1883 4105 est.
1908 4050 2099 4103 Timuit

514 4154 647 4205 enim
668 4150 853 4212 dicere,
888 4146 1031 4201 Uxor
1053 4163 1162 4199 mea
1184 4154 1277 4211 est,
1310 4160 1369 4198 ne
1400 4147 1531 4215 forte
1558 4143 1840 4197 occiderent
1863 4158 1975 4193 eum
2006 4142 2098 4194 viri

516 4243 731 4297 civitatis
759 4250 963 4311 promer
986 4238 1148 4291 illam.
1178 4236 1310 4291 Vide
1338 4236 1607 4307 quomodo
1636 4250 1667 4289 a
1694 4234 2098 4289 violentissimis

517 4332 888 4387 alTectionibus
930 4329 1105 4382 anima
1127 4328 1255 4397 justi
1298 4327 1661 4396 impugnetur,
1692 4334 1748 4379 et
1788 4326 1947 4379 timor
1977 4340 2098 4380 eum

523 4424 777 4479 incessat.
810 4422 874 4475 Et
896 4421 1141 4491 quamvis
1164 4419 1310 4489 prior
1337 4420 1516 4484 timor,
1544 4434 1610 4472 ne
1635 4417 1913 4473 mulierem
1943 4419 2102 4472 amit-

520 4526 619 4583 tat,
643 4515 819 4584 gravis
849 4512 1009 4567 fuerit
1030 4554 1044 4577 ,
1072 4513 1230 4565 timor
1261 4520 1437 4565 tamen
1483 4510 1671 4563 mortis
1696 4510 1843 4564 illum
1875 4510 2098 4579 expulit.

520 4606 592 4667 Ut
622 4607 763 4661 enim
790 4604 930 4658 hunc
960 4588 1247 4673 effugeret,
1272 4602 1524 4657 sustinuit
1554 4601 1668 4656 suis
1695 4600 1866 4655 oculis
1896 4601 2099 4668 videre,

516 4701 718 4757 sociam
745 4699 868 4751 vita:
901 4711 1012 4750 suae
1042 4696 1095 4749 in
1134 4695 1276 4765 regis
1319 4708 1507 4749 manus
1552 4692 1809 4747 incidere.
1840 4692 2007 4759 Quam
2035 4694 2107 4746 sit

518 4799 698 4845 autem
736 4788 837 4842 hoc
884 4787 1108 4840 toleratu
1142 4784 1391 4851 difcile,
1432 4783 1607 4838 sciunt
1653 4784 1742 4852 qui
1774 4798 1967 4838 uxores
2011 4782 2105 4837 ha

521 4888 671 4941 bent.
697 4881 849 4938 Unde
874 4888 931 4935 et
958 4880 1175 4949 sapiens
1218 4876 1435 4947 quidam
1480 4875 1725 4929 dicebat:
1761 4873 1953 4928 Plenus
1996 4875 2105 4928 zelo

522 4980 663 5033 (
683 4976 777 5030 viri
806 4976 916 5045 ejus
936 5016 950 5038 ,
988 4990 1089 5026 non
1135 4980 1302 5041 parcet
1330 4971 1382 5023 in
1426 4970 1507 5023 die
1525 4969 1710 5038 judicii
1733 5010 1748 5034 ,
1776 4969 1917 5022 nullo
1947 4972 2106 5038 prltio

518 5069 731 5123 mutabit
757 5066 1046 5120 inimicitias
1069 5063 1250 5133 (Prov.
1269 5062 1321 5117 6.
1338 5062 1426 5115 54.
1451 5060 1562 5129 55).
1586 5060 1781 5114 Verum
1816 5074 1976 5129 grave
2007 5059 2108 5113 hoc

519 5173 574 5218 et
599 5162 847 5216 omnibus
870 5156 1363 5221 intolerabile,vide
1387 5152 1655 5223 quomodo
1683 5163 1899 5222 propter
1922 5152 2108 5206 mortis

521 5265 721 5311 metum
747 5254 834 5308 ille
858 5253 996 5307 tulit.
1020 5251 1131 5305 lloc
1162 5264 1293 5304 sane
1320 5258 1375 5301 et
1399 5248 1450 5301 in
1476 5244 1843 5314 corporalibus
1872 5243 2109 5298 affectio-

528 5350 684 5403 nibus
715 5347 1030 5417 contingere
1053 5344 1227 5398 solet:
1262 5357 1383 5395 nam
1415 5338 1631 5410 quando
1674 5338 1782 5393 duo
1820 5338 1992 5391 morbi
2032 5339 2106 5391 si-

522 5440 631 5496 mul
669 5438 922 5492 infestant
946 5452 1145 5505 corpus
1188 5443 1468 5494 nostrum,
1514 5429 1671 5483 unius
1720 5430 2107 5483 incrementum

525 5534 655 5604 tegit
707 5532 899 5598 alium,
952 5540 1008 5586 et
1060 5538 1201 5583 totos
1251 5541 1350 5581 nos
1414 5525 1505 5579 ille
1554 5522 1767 5593 gravior
1810 5522 1963 5577 dolor
2008 5523 2109 5576 sibi

530 5627 803 5691 vindieat,
842 5627 913 5680 ita
963 5634 1022 5680 ut
1068 5638 1212 5692 sarpe
1258 5621 1519 5674 minorem
1570 5616 1811 5670 dolorem
1846 5631 1875 5669 a
1922 5616 2109 5685 majori

528 5720 768 5775 distracti
800 5734 904 5773 non
938 5718 1248 5773 sentiamus.
1284 5712 1485 5768 Eodem
1508 5711 1669 5767 modo
1695 5709 1871 5780 justus
1899 5724 2112 5781 quoque

1202 261 1261 317 S.
1299 256 1579 316 JOANNIS
1614 253 2091 311 CHRYSOSTOLII
2129 254 2447 311 ARCIIIEP.
2488 254 3024 311 CONSTANTINOP.

3676 259 3799 313 616

2199 369 2289 423 ille
2329 385 2471 425 nunc
2519 370 2710 425 videns
2776 385 2969 441 urgere
3016 368 3259 427 dolorem
3311 371 3539 439 mortis,
3585 384 3798 428 extera

2195 461 2375 515 omnia
2409 461 2707 516 tolerabilia
2736 461 3015 517 censebat.

2271 552 2415 609 Mors
2444 555 2575 608 nihil
2599 565 2674 609 est
2700 556 2845 610 aliud
2871 571 3025 625 quam
3051 571 3353 609 somnus.
3381 553 3645 609 Caaterum
3669 554 3804 610 bare

2198 645 2445 712 audiens,
2472 646 2668 702 dilecte
2688 689 2704 712 ,
2732 663 2802 702 ne
2826 647 3154 702 condemnes
3171 648 3375 717 justum
3404 648 3475 702 ob
3501 648 3794 716 pusillani-

2201 739 2461 800 mitatem,
2496 740 2636 806 quod
2668 746 2899 791 mortem
2942 738 3180 791 timuerit
3209 755 3223 792 :
3256 737 3350 792 sed
3398 738 3577 807 potius
3622 738 3805 792 admi-

2199 842 2320 881 rare
2346 826 2655 883 Conditoris
2682 830 2914 883 universi
2941 845 3064 899 erga
3087 845 3186 885 nos
3213 830 3616 900 benignitatem,
3644 833 3801 901 quod

2201 929 2428 973 mortem
2464 918 2631 988 justis
2661 920 2763 975 illis
2787 930 2842 974 et
2868 923 3068 975 sanctis
3099 931 3226 976 tunc
3264 922 3599 989 terribilem,
3642 938 3801 977 nunc

2200 1010 2270 1063 ita
2294 1010 2693 1079 despiciendam
2724 1011 2936 1067 dederit
2958 1012 3229 1079 Christus,
3260 1023 3317 1067 ut
3344 1030 3505 1084 quam
3530 1015 3802 1070 formida-

2197 1102 2328 1155 bant
2356 1103 2455 1156 viri
2480 1103 2556 1157 illi
2589 1104 2787 1158 virtute
2809 1104 2940 1159 clari
2964 1146 2980 1171 ,
3004 1114 3060 1159 et
3085 1114 3225 1159 tanta
3255 1122 3379 1175 erga
3408 1107 3573 1161 Deum
3596 1107 3802 1161 ducia

2201 1192 2346 1257 freti,
2379 1210 2520 1250 nunc
2546 1194 2825 1250 derideant
2851 1206 2903 1250 et
2927 1197 3186 1267 juvenes,
3216 1209 3274 1252 et
3300 1208 3496 1254 tenerae
3534 1200 3804 1270 virgines.

2198 1282 2337 1336 Nihil
2366 1285 2509 1338 enim
2540 1285 2684 1339 aliud
2725 1301 2870 1339 mors
2896 1296 2999 1351 est,
3025 1303 3184 1357 quam
3211 1303 3433 1344 sonmus
3461 1299 3516 1344 et
3554 1292 3802 1360 peregri.

2200 1374 2367 1439 natio,
2389 1385 2549 1445 atque
2583 1378 2978 1448 transmigratio
3002 1394 3033 1433 a
3069 1378 3423 1436 deterioribus
3448 1381 3515 1436 ad
3543 1384 3802 1437 meliora.

2198 1466 2338 1521 Mors
2365 1468 2506 1522 enim
2536 1469 2747 1523 Domini
2775 1470 3228 1525 immortalitatem
3270 1473 3423 1528 nobis
3448 1473 3663 1529 donavit
3687 1515 3705 1541 ,
3736 1486 3804 1530 et

2200 1568 2256 1613 ut
2275 1559 2555 1615 descendit
2575 1560 2627 1615 in
2652 1562 2936 1627 infernum,
2963 1562 3204 1617 dissolvit
3223 1564 3341 1632 ejus
3361 1579 3577 1630 nervos,
3599 1566 3802 1621 robur

2201 1665 2305 1719 que
2338 1651 2613 1707 destruxit
2641 1670 2654 1706 :
2682 1664 2735 1707 et
2759 1654 2902 1724 quod
2926 1665 3082 1709 antea
3112 1656 3346 1711 terribile
3367 1669 3480 1711 erat
3507 1669 3560 1712 et
3592 1660 3795 1727 impla-

2199 1742 2370 1797 cabile
2390 1784 2405 1808 ,
2437 1744 2540 1797 hoc
2578 1760 2721 1799 nunc
2746 1745 3149 1816 despiciendam
3178 1749 3359 1815 dedit,
3393 1749 3528 1804 adeo
3556 1760 3612 1804 ut
3647 1766 3796 1805 nou-

2202 1836 2330 1890 nulli
2362 1838 2609 1891 exsiliant
2634 1848 2689 1893 et
2724 1840 2976 1894 festinent
2996 1856 3116 1895 cum
3148 1842 3270 1896 hinc
3308 1853 3392 1896 est
3432 1844 3796 1913 migrandum.

2202 1928 2433 1986 Proinde
2481 1941 2536 1987 et
2579 1932 2776 1988 Paulus
2817 1934 3036 2000 clamat,
3064 1935 3251 1990 dicens
3282 1954 3297 1990 :
3330 1936 3552 1991 Dissolvi
3593 1949 3639 1992 et
3674 1956 3802 1995 cum

2200 2021 2401 2079 Christo
2429 2042 2537 2080 esse
2561 2028 2719 2081 multo
2745 2028 2925 2083 melius
2952 2028 3209 2099 (Philipp.
3242 2032 3292 2085 l.
3315 2030 3433 2101 23).
3462 2032 3651 2087 Verum
3677 2035 3802 2089 bro

2202 2118 2417 2186 quidem
2461 2135 2605 2174 nunc
2634 2130 2755 2189 post
2789 2121 2988 2176 Christi
3015 2122 3619 2193 adventungpostquam
3659 2140 3802 2179 com

2204 2206 2385 2261 fractae
2414 2221 2535 2263 sunt
2559 2220 2729 2278 porta:
2754 2211 2947 2266 inferni
2970 2228 3147 2278 tet-etc,
3172 2225 3449 2283 postquam
3470 2216 3547 2268 Sol
3573 2216 3800 2283 jostitia:

2204 2299 2399 2369 ubique
2431 2310 2694 2356 terrarum
2738 2304 2959 2359 affulsit.
2988 2305 3139 2361 Tunc
3163 2316 3341 2363 autem
3386 2310 3671 2363 terribilem
3697 2312 3800 2363 ad-

2204 2391 2309 2446 huc
2338 2392 2569 2448 habebat
2597 2394 2806 2461 faciem,
2840 2399 3282 2467 concutiebatque
3316 2400 3580 2469 jostorum
3617 2401 3799 2454 homi-

2204 2499 2331 2537 num
2363 2484 2576 2539 illorum
2596 2496 2828 2541 mentem
2852 2506 2864 2541 :
2885 2486 3005 2543 ideo
3029 2497 3087 2544 et
3107 2491 3284 2543 omnia
3307 2490 3411 2544 alia
3434 2492 3626 2546 leviter
3652 2491 3797 2546 fere-

2203 2577 2351 2642 bant,
2371 2580 2529 2633 etiam
2548 2595 2667 2649 quae
2687 2580 3037 2635 intolerabilia
3054 2597 3173 2637 esse
3194 2582 3527 2636 videbantur.
3556 2583 3687 2638 llinc
3709 2595 3798 2638 est

2204 2670 2345 2739 quod
2376 2679 2430 2726 et
2466 2672 2641 2741 justus
2670 2672 2761 2727 ille
2783 2674 2976 2727 timens
3016 2689 3223 2739 eorum,
3252 2676 3343 2744 qui
3375 2678 3424 2728 in
3453 2676 3668 2731 Geraris
3696 2677 3797 2731 ha-

2204 2760 2481 2827 bitabant,
2514 2763 2762 2826 insidias,
2792 2763 3118 2819 domicilium
3164 2767 3233 2819 ibi
3281 2766 3553 2832 habuerit,
3586 2782 3689 2823 non
3735 2778 3799 2822 ut

2204 2870 2446 2917 uxorem,
2478 2856 2571 2910 sed
2601 2865 2657 2910 ut
2693 2872 2933 2912 sororem
2974 2872 3157 2912 secum
3198 2858 3437 2924 habens;
3470 2861 3539 2914 ita
3572 2876 3712 2916 nunc
3737 2862 3794 2916 in

2207 2945 2305 2999 hac
2335 2947 2552 3015 regione
2595 2949 2907 3017 peregrinus
2939 2948 3101 3018 degit.
3135 2949 3201 3003 Et
3227 2949 3366 3004 sicut
3393 2966 3513 3003 cum
3549 2951 3601 3005 in
3630 2950 3798 3021 -

2206 3047 2354 3107 ptum
2388 3053 2509 3091 cum
2544 3038 2872 3092 descendere
2900 3040 3143 3108 permisit
3172 3039 3341 3105 Deus,
3366 3042 3551 3095 volens
3589 3042 3795 3111 impro-

2205 3128 2302 3182 bos
2328 3128 2449 3183 illos
2475 3138 2529 3183 et
2553 3129 2808 3185 socordes
2830 3129 3038 3185 discere
3059 3131 3188 3200 justi
3212 3133 3457 3186 virtutem
3478 3151 3492 3187 :
3514 3134 3583 3187 ita
3616 3144 3670 3188 et
3704 3134 3796 3189 hic

2208 3223 2541 3277 tolerantiam
2570 3238 2721 3277 suam
2752 3224 2969 3277 exhibet
2993 3225 3251 3279 Dominus
3270 3268 3283 3290 ,
3305 3236 3361 3279 ut
3382 3227 3510 3295 justi
3537 3228 3790 3296 patientia

2207 3316 2261 3370 in
2283 3316 2530 3370 omnibus
2557 3316 2783 3383 eluceat,
2806 3315 2999 3387 fiatque
3019 3317 3109 3371 Dei
3135 3318 3186 3371 in
3210 3319 3380 3386 ipsum
3415 3318 3790 3374 benevolentia

2207 3406 2491 3461 manifesta
2519 3407 2789 3461 omnibus.
2824 3407 2965 3460 Misit
2996 3419 3163 3461 autem
3200 3408 3485 3462 Abimelech
3523 3427 3613 3464 rex
3636 3410 3793 3465 Gera-

2206 3516 2399 3561 rortmt,
2432 3510 2485 3551 ut
2514 3500 2797 3569 acciperent
2825 3500 3059 3554 Sarrana.
3083 3501 3267 3571 Cogita
3300 3506 3404 3567 hie,
3424 3520 3629 3572 qumso,
3660 3514 3795 3558 tem-

2206 3600 2465 3661 pestatem
2493 3592 2870 3660 cogitationum
2898 3609 3055 3662 quam
3090 3596 3209 3648 tulit
3234 3596 3412 3664 justus
3434 3597 3620 3652 videns
3654 3614 3790 3652 uxo-

2206 3697 2319 3735 retn
2350 3697 2500 3736 suam
2524 3681 2735 3749 abduci,
2755 3693 2809 3737 et
2825 3699 2883 3737 se
2904 3685 3033 3737 nihil
3058 3701 3214 3755 posse
3231 3687 3418 3755 juvare
3437 3704 3579 3743 eam.
3610 3690 3789 3745 Silen-

2208 3784 2292 3828 ter
2315 3776 2458 3828 enim
2489 3774 2690 3829 ferebat
2716 3776 2892 3829 omnia
2911 3817 2926 3842 ,
2955 3778 3130 3832 sciens
3162 3778 3273 3833 fore
3304 3791 3362 3833 ut
3391 3796 3448 3835 se
3477 3797 3582 3836 non
3617 3783 3797 3853 despi-

2207 3879 2348 3922 ceret
2370 3868 2646 3935 Dominus,
2666 3870 2759 3924 sed
2787 3870 3141 3925 acccleratum
3171 3872 3452 3928 adhiberet
3478 3875 3792 3930 subsidium.

2207 3960 2554 4015 Admirabilis
2594 3977 2806 4031 quoque
2845 3963 3019 4017 Sarra:
3050 3978 3201 4018 amor
3244 3976 3363 4030 est,
3391 3983 3509 4034 qua:
3557 3968 3795 4038 periculo

2209 4053 2401 4107 mortis
2427 4053 2628 4122 justum
2656 4055 2867 4123 eripere
2893 4055 3077 4109 voluit.
3101 4056 3310 4111 Poterat
3342 4060 3483 4111 enim
3512 4059 3625 4128 ipsa
3646 4060 3798 4115 dete-

2207 4145 2381 4217 gendo
2430 4146 2661 4214 factum,
2711 4160 2911 4202 certam
2960 4151 3337 4203 contumeliam
3386 4150 3661 4221 ellugere:
3700 4152 3795 4207 sed

2208 4237 2425 4307 pertulit
2462 4238 2637 4292 omnia
2670 4237 2881 4294 fortiter
2902 4280 2917 4305 ,
2948 4250 3006 4294 ut
3046 4242 3165 4295 viro
3204 4242 3430 4297 salutem
3470 4254 3699 4313 pararet.
3732 4246 3799 4301 Et

2209 4328 2483 4398 impletum
2509 4338 2591 4383 est
2617 4329 2745 4384 illud
2769 4329 2988 4396 dictum,
3023 4330 3187 4385 Erunt
3207 4333 3309 4385 duo
3335 4333 3387 4386 in
3410 4350 3615 4387 carnem
3644 4352 3798 4389 um

2210 4419 2365 4491 (Cen.
2392 4419 2447 4472 2.
2473 4418 2589 4491 24).
2620 4420 2916 4491 Tamquam
2965 4422 3108 4477 enim
3156 4439 3258 4476 ttna
3307 4435 3489 4479 essent
3537 4440 3693 4489 caro,
3727 4427 3795 4481 ita

2211 4521 2409 4566 mutua:
2435 4512 2622 4567 salutis
2648 4527 2831 4567 curam
2858 4512 3092 4567 vicissim
3124 4516 3373 4584 agebant,
3392 4527 3447 4571 et
3476 4525 3676 4571 tantam
3699 4518 3797 4572 de-

2209 4604 2485 4659 clarabant
2512 4605 2873 4670 concordiam,
2905 4607 3055 4674 quasi
3094 4623 3256 4660 unum
3297 4618 3478 4663 essent
3522 4624 3718 4679 corpus
3746 4620 3802 4665 et

2212 4711 2315 4749 una
2342 4697 2537 4750 anima.
2561 4696 2791 4751 Audiant
2818 4696 2931 4751 hare
2957 4698 3077 4761 viri,
3111 4700 3329 4753 audiant
3354 4708 3409 4754 et
3438 4701 3724 4755 mulieres:
3747 4712 3800 4757 et

2210 4787 2326 4841 ista:
2351 4787 2595 4857 quidem,
2623 4796 2681 4841 ut
2719 4787 2967 4843 eumdem
3010 4804 3135 4859 erga
3175 4805 3301 4844 suos
3358 4791 3503 4844 viros
3551 4806 3791 4846 amorem

2212 4877 2526 4944 declarent,
2553 4878 2793 4948 nihilque
2833 4880 2975 4934 aliud
3018 4882 3229 4936 illorum
3277 4884 3561 4951 prmferant
3605 4886 3796 4940 saluti:

2214 4970 2315 5025 viri
2339 4979 2537 5034 autem,
2570 4980 2627 5025 ut
2651 4987 2775 5041 erga
2798 4989 2994 5027 uxores
3024 4974 3253 5029 habeant
3284 4977 3802 5043 benevolentiam,ct

2214 5062 2365 5131 quasi
2390 5077 2546 5115 unam
2567 5063 2798 5116 animam
2827 5064 3085 5119 haberent
3114 5074 3168 5120 et
3195 5076 3358 5121 unum
3384 5083 3578 5139 corpus
3600 5082 3799 5132 essent,

2214 5153 2395 5208 omnia
2426 5152 2642 5208 faciant.

2285 5245 2340 5299 5.
2379 5243 2674 5315 Conjugalis
2694 5247 2980 5302 concordia!
2998 5248 3391 5306 bonumHoc
3431 5252 3574 5307 enim
3616 5267 3799 5307 verum

2216 5347 2301 5393 est
2326 5339 2627 5407 eonjugium
2647 5379 2664 5406 ,
2686 5341 2900 5410 quando
2931 5349 3077 5395 tanta
3104 5342 3245 5397 inter
3268 5358 3362 5398 eos
3389 5354 3471 5399 est
3495 5346 3803 5412 concordia,

2216 5432 2429 5501 quando
2442 5432 2653 5487 vinculo
2666 5434 2901 5489 caritatis
2921 5435 2989 5488 ita
3003 5445 3127 5490 sunt
3140 5439 3647 5495 concatenati.Sicut
3662 5440 3803 5494 enim

2216 5540 2413 5594 corpus
2440 5542 2727 5597 numquam
2773 5544 2803 5582 a
2841 5534 3129 5598 semetipso
3158 5528 3403 5598 dissidet,
3426 5548 3601 5601 neque
3629 5533 3803 5589 anima

2217 5617 2476 5673 adversus
2518 5620 2749 5688 seipsam
2781 5637 2795 5672 :
2823 5619 2892 5673 ita
2932 5621 3104 5674 virum
3132 5632 3186 5676 et
3216 5623 3494 5678 mulierem
3536 5639 3643 5679 non
3687 5640 3806 5680 con-

2220 5709 2365 5762 venit
2394 5709 2677 5773 dissidere,
2702 5709 2796 5763 sed
2828 5710 3006 5766 unitos
3032 5726 3177 5767 esse.
3205 5712 3355 5769 Tunc
3377 5714 3518 5801 enim
3551 5715 3687 5771 bona
3728 5718 3804 5772 in
