4084 6356
283 263 391 318 415

280 382 400 433 ἐκεῖ
422 378 519 441 τὰς
555 377 759 449 σκηνὰς
796 380 1117 449 ἐπήγνυντο,
1170 380 1419 453 καθάπερ
1461 384 1519 438 ἐν
1564 385 1689 457 ξένῃ
1733 385 1946 453 διάγον-

263 478 379 524 τες·
407 463 468 514 οὑ
493 461 745 533 καθάπερ
766 463 927 533 ἡμεῖς
951 462 1235 533 ποιοῦμεν,
1284 465 1382 537 τὴν
1412 466 1570 538 ξένην
1601 469 1677 532 ὡς
1711 469 1941 541 πατρίδα

263 544 561 608 οἰκοῦντες,
595 546 692 599 καὶ
709 545 888 609 οἰκίας
909 545 1315 616 οἰκοδομοῦντες
1344 548 1622 621 λαμπρὰς,
1650 551 1745 604 καὶ
1774 551 1933 614 στοάς

262 628 357 682 καί
391 628 748 698 περιπάτους,
789 628 886 681 καὶ
936 629 1143 701 ἀγροὺς
1198 631 1566 701 κεκτημένοι,
1610 634 1704 686 καὶ
1740 633 1941 701 λουτρά

259 714 788 781 κατασκευάζοντες,
826 714 920 768 καί
949 715 1111 787 ἕτερα
1161 716 1351 789 μυρία.
1399 717 1539 771 Ἀλλ’
1570 719 1671 790 δρα
1723 720 1815 773 τὸν
1857 720 1940 772 δί-

260 814 417 850 καιον
442 797 535 850 καὶ
574 798 633 850 ἐν
666 800 779 860 τοῖς
810 797 1109 867 οἰκογενέσι
1158 799 1340 868 μόνοις
1372 801 1467 854 καί⁸
1508 803 1624 865 τοῖς
1666 804 1939 873 ποιμνίοις

256 880 361 949 τὴν
389 881 576 934 οὐσίαν
604 880 823 934 ἃπασαν
852 897 1020 950 κεκτη
1031 881 1210 951 μένον,
1242 883 1336 936 καὶ
1353 883 1590 954 οὐδαμοῦ
1622 886 1931 956 ἱστάμενον,

257 967 398 1021 ἀλλά
424 967 556 1020 ποτὲ
590 967 689 1037 μὲν
724 968 804 1031 είς
853 966 951 1038 τὴν
1000 967 1173 1039 Βεθὴλ
1224 966 1324 1039 τὴν
1366 971 1572 1043 σκηνὴν
1629 973 1932 1044 πηγνύντα,

260 1056 395 1108 ποτέ
441 1055 500 1109 δὲ
554 1054 707 1125 παρὰ
748 1055 849 1127 τὴν
899 1054 1030 1127 δρῦν
1068 1056 1341 1128 Μαμϐρῆ,
1387 1058 1483 1112 καὶ
1530 1060 1661 1113 ποτὲ
1710 1060 1807 1131 μὲν
1856 1064 1934 1125 είς

257 1145 535 1211 Αἴγυπτον
569 1142 847 1207 κατιόντα,
868 1146 987 1199 νυνὶ
1012 1144 1069 1197 δέ
1093 1147 1150 1198 ἐν
1172 1146 1434 1217 Γεράροις
1459 1148 1928 1217 κατασκηνοῦντα,

259 1226 357 1279 καὶ
385 1226 565 1280 πάντα
610 1225 728 1294 μετ’
773 1226 1021 1290 εὐκολίας
1055 1227 1416 1297 ὑπομένοντα,
1464 1229 1560 1282 καὶ
1594 1230 1695 1299 τὴν
1722 1231 1932 1299 εὐγνω-

262 1311 503 1383 μοσύνην
543 1311 641 1383 τὴν
678 1312 819 1383 πρὸς
853 1312 945 1366 τὸν
982 1313 1180 1367 οἰκεῖον
1232 1313 1514 1384 Δεσπότην
1573 1314 1664 1368 διὰ
1710 1317 1929 1370 πάντων

261 1394 450 1461 σαφῶς
483 1394 947 1464 ἐπιδεικνύμενον.
980 1394 1090 1449 Καὶ
1123 1395 1260 1465 μετά
1301 1396 1566 1460 τοσαύτας
1610 1398 1933 1467 ὑποσχέσεις

263 1480 354 1529 καὶ
383 1478 714 1547 ἐπαγγελίας
752 1477 852 1541 τὰς
896 1477 1051 1549 παρὰ
1080 1478 1174 1532 τοῦ
1209 1478 1345 1532 Θεοῦ
1386 1482 1467 1543 είς
1498 1480 1662 1535 αὐτὸν
1700 1498 1933 1553 γεγενη-

265 1564 454 1633 μένας,
489 1564 631 1635 ὁρῶν
674 1564 863 1617 ἐαυτὸν
891 1564 1183 1629 τοσαύταις
1222 1567 1578 1638 περιστάσεσι
1625 1568 1933 1639 κυκλούμε-

260 1663 371 1706 νον,
397 1648 488 1699 καὶ
509 1646 777 1709 ποικίλοις
807 1648 901 1701 καὶ
930 1648 1209 1719 διαφόροις
1230 1653 1555 1721 πειρασμοῖς
1572 1651 1930 1722 ἐμπίπτοντα,

259 1735 513 1803 καθάπερ
543 1735 755 1805 ἀδάμας
792 1751 875 1798 τις
919 1735 1321 1806 ἀπερίτρεπτος
1367 1738 1645 1807 εἱστήκει,
1698 1738 1799 1809 τὴν
1846 1756 1934 1807 φι-

259 1821 442 1872 λόθεον
470 1820 633 1873 αὐτοῦ
671 1820 897 1891 γνώμην
946 1820 1189 1886 δεικνὺς,
1236 1822 1329 1875 καὶ
1382 1822 1559 1876 οὐδενὶ
1600 1823 1711 1877 τῶν
1760 1826 1816 1877 ἐν
1853 1824 1934 1895 τῷ

263 1901 416 1968 μέσῳ
450 1899 789 1968 κωλυμάτων
825 1897 1159 1968 νωθρότερος
1190 1900 1492 1969 γινόμενος.
1525 1900 1669 1971 Ὅρα
1697 1900 1804 1971 γὰρ
1837 1902 1934 1955 καὶ

261 1977 376 2037 νῦν,
401 1971 797 2047 ἁγαπητέ,οἷος
824 1976 986 2030 αὐτὸν
1011 1977 1317 2047 πειρασμὸς
1337 1978 1501 2040 εἰςτά
1526 1980 1743 2050 Γέραρα
1765 1998 1933 2034 κατα-

262 2064 550 2134 λαμϐάνει,
574 2065 669 2117 καὶ
693 2063 972 2134 θαύμασον
999 2064 1092 2116 τοῦ
1118 2064 1326 2118 δικαίου
1353 2064 1455 2135 τῆς
1483 2067 1683 2136 ἀρετῆς
1709 2068 1808 2136 τὴν
1839 2068 1922 2121 ἀνι

258 2148 462 2217 δρείαν,
497 2146 643 2218 [4581
673 2146 819 2210 ὅπως
845 2146 906 2199 τὸ
935 2148 1102 2200 πᾶσιν
1127 2146 1418 2217 ἀφόρητον,
1457 2151 1551 2201 καὶ
1575 2150 1604 2202 ὃ
1644 2150 1765 2202 οὐδὲ
1794 2152 1928 2222 ἀκοῇ

260 2251 341 2296 τις
374 2232 780 2304 παραδέξασθαι
808 2233 1115 2302 ἀνάσχοιτο,
1150 2233 1308 2287 τοῦτο
1337 2230 1488 2298 οὗτος
1525 2236 1841 2306 ὑπέμεινεν,
1868 2239 1930 2291 οὑ

257 2320 646 2391 δυσχεραίνων,
675 2321 794 2373 οὐδὲ
819 2320 1066 2374 ἀπαιτῶν
1109 2321 1339 2386 εὐθύνας
1367 2322 1474 2376 τῶν
1499 2324 1799 2395 γινομένων
1840 2325 1931 2379 τὸν

256 2408 555 2478 Δεσπότην,
586 2408 834 2478 καθάπερ
878 2408 926 2461 οἰ
966 2406 1149 2460 πολλοὶ
1195 2407 1303 2462 τῶν
1330 2408 1634 2479 ἀνθρώπων
1684 2411 1926 2477 ποιοῦσι,

257 2497 355 2547 καὶ
379 2495 553 2547 ταῦτα
591 2494 807 2564 μυρίοις
852 2494 1264 2565 ἁμαρτημάτων
1306 2496 1547 2564 φορτίοις
1596 2497 1928 2567 πιεζόμενοι·

256 2581 478 2634 ἐπειδὰν
492 2581 777 2651 δυσχερέσι
793 2585 904 2634 τισὶ
919 2581 1310 2652 περιπέσωσιν,
1326 2581 1527 2646 εὐθέως
1551 2584 1931 2657 πολυπραγμο-

256 2670 472 2732 νοῦντες
497 2671 589 2721 καὶ
616 2667 1101 2739 περιεργαζόμενοι
1129 2670 1346 2738 λέγουσι
1372 2686 1385 2700 ·
1419 2670 1515 2724 Διά
1561 2671 1610 2723 τί
1649 2672 1709 2724 τὸ
1738 2673 1832 2724 καὶ
1868 2674 1929 2725 τὸ

258 2758 491 2827 συνέ6η;
523 2758 618 2810 καὶ
645 2757 789 2819 τίνος
837 2756 1023 2809 ἐνεκεν
1071 2756 1193 2809 τόδε
1234 2758 1618 2831 συνεχωρήθη;
1665 2759 1802 2811 Ἀλλ’
1831 2761 1929 2831 οὐχ

252 2849 280 2898 6
304 2846 512 2908 δίκαιος
535 2839 707 2906 οὗτος·
739 2844 809 2896 δι’
831 2843 859 2896 6
885 2844 978 2897 καὶ
1004 2844 1251 2906 πλείονος
1278 2845 1563 2916 ἀπήλαυσε
1588 2845 1687 2916 τῆς
1717 2846 1924 2899 ἀνωθεν

257 2934 452 3003 ῥοπῆς.
483 2933 651 2985 Τοῦτο
685 2935 794 3001 γάρ
828 2930 1043 3002 ἀληθῶς
1094 2931 1436 3003 εὐγνώμονος
1475 2934 1708 2996 οἰκέτου,
1761 2936 1926 3005 μηδὲν

252 3020 364 3072 τῶν
395 3019 500 3073 ὑπὸ
531 3019 624 3072 τοῦ
654 3019 911 3071 δεσπότου
939 3019 1238 3089 γινομένων
1268 3020 1767 3091 πολυπραγμονεῖν,
1792 3022 1928 3075 ἀλλά

256 3111 383 3179 σιγῇ
416 3109 592 3162 πάντα
624 3107 1058 3178 καταδέχεσθαι,
1095 3108 1189 3161 καί
1221 3106 1362 3179 μετά
1397 3109 1598 3178 πολλῆς
1635 3110 1733 3181 τῆς
1763 3112 1925 3181 εὐχα-

256 3197 489 3267 ριστίας.

329 3303 396 3374 β’.
421 3302 530 3355 Καὶ
551 3301 763 3364 σκόπει,
794 3300 909 3364 πῶς
932 3301 1028 3355 καὶ
1048 3302 1115 3355 δι’
1137 3301 1318 3356 αὑτῶν
1333 3301 1440 3355 τῶν
1460 3303 1928 3373 παρακολουθούν-

250 3406 361 3441 των
398 3387 718 3458 πειρασμῶν
746 3388 779 3458 ή
832 3388 926 3441 τοῦ
953 3388 1163 3441 δικαίου
1186 3388 1356 3461 ἀρετὴ
1398 3390 1598 3459 μᾶλλον
1628 3389 1923 3461 ἐξέλαμπε,

249 3477 348 3529 τοῦ
374 3476 507 3529 Θεοῦ
540 3476 775 3547 φανερὸν
809 3476 972 3529 αὑτὸν
1000 3476 1087 3529 διὰ
1114 3478 1331 3530 πάντων
1363 3477 1690 3541 δεικνύντος.
1717 3480 1928 3549 ’Ὠσπερ

249 3564 362 3633 γὰρ
384 3565 545 3634 ήνίκα
572 3564 651 3626 εἰς
686 3562 785 3633 τὴν
808 3563 1084 3632 Αἴγυπτον
1109 3562 1398 3633 κατῆλθεν,
1430 3564 1506 3627 ὡς
1525 3558 1803 3632 ἄγνωστος
1833 3566 1927 3618 καὶ

254 3647 403 3712 ξένος
418 3648 511 3700 καὶ
529 3648 704 3700 οὐδενὶ
723 3646 1019 3717 γνώριμος,
1042 3646 1108 3699 ἀθ
1118 3646 1236 3717 ρόον
1267 3648 1404 3716 μετά
1423 3647 1618 3718 πολλῆς
1641 3649 1740 3718 τῆς
1759 3648 1925 3718 τιμῆς

251 3737 461 3787 ἐκεῖθεν
484 3735 710 3805 ἐπανῄει
732 3753 746 3766 ·
773 3734 916 3787 οὑτω
944 3735 1037 3786 καὶ
1056 3732 1151 3787 νῦν
1178 3735 1522 3805 παροικήσας
1552 3737 1611 3787 ἐν
1643 3735 1922 3806 Γεράροις,

251 3826 312 3874 ἐν
344 3824 441 3893 μέν
471 3826 585 3886 τοῖς
635 3823 939 3894 προοιμίοις
992 3820 1064 3873 τὰ
1098 3823 1229 3893 παρ’
1276 3822 1471 3875 ἑαυτοῦ
1522 3822 1920 3876 ἐπιδείκνυται·

252 3912 393 3979 μετά
426 3911 482 3963 δὲ
528 3910 699 3963 ταῦτα
734 3909 1002 3979 τοσαύτης
1034 3909 1295 3962 ἀπολαύει
1333 3910 1432 3980 τῆς
1462 3912 1615 3981 παρὰ
1663 3909 1756 3963 τοῦ
1788 3909 1923 3963 Θεοῦ

250 3998 592 4068 συμμαχίας,
614 3998 690 4061 ὡς
715 3999 809 4050 καὶ
830 3998 922 4050 τὸν
954 3997 1199 4067 βασιλέα,
1230 3998 1324 4050 καὶ
1355 3997 1481 4060 τούς
1506 3997 1689 4050 αὐτόθι
1716 3998 1922 4060 πάντας

248 4086 552 4150 οἰκοῦντας,
590 4088 720 4156 περὶ
761 4087 861 4156 τὴν
890 4085 1187 4156 θεραπείαν
1218 4085 1311 4137 τοῦ
1345 4084 1554 4138 δικαίου
1588 4086 1768 4137 πᾶσαν
1799 4086 1922 4137 ἐπι-

247 4173 560 4227 δείκνυσθαι
585 4174 684 4245 τὴν
717 4174 973 4244 σπουδήν.
1006 4172 1155 4228 Εἶπε
1186 4173 1275 4237 δὲ,
1306 4174 1491 4243 φησὶν,
1524 4173 1767 4242 Ἀϐραὰμ
1788 4173 1920 4241 περὶ

248 4260 483 4329 Σὰρῤας
529 4261 632 4329 τῆς
688 4262 976 4331 γυναικὸς
1026 4260 1241 4315 αὐτοῦ·
1276 4260 1525 4329 Ἀδελφή
1559 4278 1680 4329 μου
1727 4261 1919 4315 ἐστίν.

259 4348 555 4416 Ἑφοόήθη
586 4348 697 4417 γὰρ
734 4348 950 4409 εἰπεῖν,
985 4349 1074 4402 ὅτι
1102 4348 1269 4415 Γυνή
1302 4367 1422 4418 μου
1458 4348 1611 4413 ἐστὶ,
1642 4347 1728 4417 μή
1778 4364 1922 4402 ποτε

245 4436 686 4489 ἀποκτείνωσιν
704 4436 892 4490 αὑτὸν
912 4440 965 4489 οἱ
993 4436 1209 4505 ἄνδρες
1228 4436 1338 4505 τῆς
1361 4438 1592 4502 πόλεως
1612 4437 1684 4490 δι’
1704 4439 1916 4503 αὑτήν.

247 4523 391 4589 Ὅρα
424 4524 539 4587 πῶς
570 4524 675 4577 ὑπὸ
719 4525 1205 4595 τυραννικωτάτων
1253 4523 1440 4577 παθῶν
1477 4523 1846 4593 ἐπολιορκεῖτο
1884 4526 1917 4594 ή

246 4610 341 4663 τοῦ
378 4609 587 4663 δικαίου
617 4610 782 4682 ψυχὴ,
818 4612 913 4665 καί¹
961 4613 990 4664 6
1030 4612 1193 4680 φόϐος
1239 4610 1401 4665 αὐτὸν
1433 4610 1704 4675 ἐξωθεῖτο.
1759 4610 1917 4664 Ἀλλὰ

245 4698 424 4750 καίτοι
464 4698 666 4769 σφόδρα
719 4698 955 4768 χαλεπὸν
995 4698 1124 4751 ὄντα
1150 4699 1244 4752 τὸν
1287 4698 1551 4770 πρότερον
1588 4697 1786 4768 φόϐον,
1825 4698 1916 4750 τὸν

244 4783 347 4851 τῆς
387 4784 674 4854 προδοσίας
711 4786 811 4856 τῆς
839 4786 1113 4853 γυναικὸς,
1158 4785 1461 4857 παρωθεῖτο
1498 4787 1527 4837 6
1557 4784 1653 4838 τοῦ
1684 4784 1915 4837 θανάτου

244 4872 431 4939 φόϐος.
465 4872 579 4925 ’Ἱνα
612 4874 717 4945 γὰρ
761 4874 948 4927 τοῦτον
993 4873 1231 4944 διαφύγῃ
1255 4914 1270 4938 ,
1304 4873 1596 4944 ὑπέμεινεν
1638 4874 1774 4948 ὁρᾷν
1803 4876 1915 4937 τοῖς

241 4959 461 5022 οἰκείοις
484 4960 777 5031 ὀφθαλμοῖς
802 4963 901 5031 τὴν
935 4962 1188 5015 κοινωνὸν
1211 4962 1360 5031 αὐτῷ
1386 4962 1480 5014 τοῦ
1512 4961 1627 5031 βίου
1658 4961 1767 5014 ὑπὸ
1796 4966 1913 5024 ταῖς

240 5048 334 5099 τοῦ
385 5048 646 5117 βασιλέως
686 5051 842 5119 χερσὶ
885 5048 1202 5119 γενομένην.
1251 5048 1414 5102 Ὅσον
1453 5048 1511 5102 δὲ
1550 5049 1713 5103 τοῦτό
1766 5050 1913 5101 ἐστιν

240 5136 536 5205 ἀφόρητον,
570 5135 746 5189 ῐσασιν
773 5138 888 5189 ὅσοι
931 5138 1194 5204 γυναῖκας
1236 5134 1437 5205 ἔχουσι.
1474 5136 1572 5189 Διά
1615 5137 1772 5190 τοῦτο
1819 5138 1912 5189 καὶ

242 5223 403 5290 σοφός
428 5241 512 5286 τις
540 5223 691 5293 έλεγε
708 5240 723 5254 ·
756 5225 989 5287 Μεστὸς
1016 5222 1195 5288 ζήλου
1221 5223 1403 5291 θυμὸς
1430 5223 1646 5291 ἀνδρὸς
1682 5223 1877 5290 αὐτῆς
1895 5239 1908 5253 ’

239 5311 313 5360 οὐ
356 5310 625 5375 φείσεται
664 5311 732 5363 ἐν
776 5308 963 5379 ήιώρᾳ
1007 5310 1279 5377 κρίσεως,
1315 5311 1427 5361 οὐκ
1468 5309 1910 5374 ἀνταλλάξεται

238 5400 489 5466 οὐδενὸς
516 5404 736 5470 λύτρου
768 5402 882 5469 τὴν
908 5401 1148 5469 ἔχθραν.
1183 5399 1341 5452 Ἀλλά
1360 5400 1422 5451 τὸ
1456 5400 1592 5471 βαρὺ
1619 5402 1774 5454 τοῦτο
1811 5402 1912 5454 καὶ
1952 5468 1955 5471 _

240 5489 408 5540 πᾶσιν
458 5490 730 5559 ἀφόρητον
772 5490 872 5558 ὅρα
911 5488 1027 5550 πῶς
1058 5487 1146 5541 διὰ
1185 5486 1277 5539 τὸν
1320 5485 1413 5538 τοῦ
1458 5486 1689 5540 θανάτου
1739 5490 1909 5557 φόϐον

239 5575 497 5639 γενναίως
524 5576 553 5625 6
589 5575 794 5637 δίκαιος
827 5577 1043 5645 ἤνεγκε.
1076 5572 1246 5626 Τοῦτο
1268 5572 1324 5625 δὲ
1347 5573 1439 5625 καί
1463 5573 1553 5627 ἐπὶ
1584 5573 1692 5625 τῶν
1719 5592 1903 5646 σωμα-

236 5662 406 5715 τικῶν
458 5664 643 5716 παθῶν
681 5662 997 5732 συμϐαίνειν
1043 5661 1197 5725 ἔθος·
1240 5661 1456 5713 ἐπειδὰν
1483 5661 1591 5732 γὰρ
1624 5663 1715 5715 δύο
1761 5667 1903 5717 κατὰ

235 5748 403 5801 ταὺτὸ
438 5749 584 5818 πάθη
624 5749 884 5819 πολιορκῇ
910 5749 969 5800 τὸ
1007 5748 1165 5817 σῶμα
1202 5747 1261 5800 τὸ
1289 5747 1573 5817 ἡμέτερον,
1600 5750 1632 5819 ἡ
1658 5749 1750 5802 τοῦ
1780 5753 1898 5815 ἐνὸς

236 5835 486 5898 ἐπίτασις
532 5836 876 5907 ἀποκρύπτει
928 5837 989 5888 τὸ
1032 5836 1219 5907 ἕτερον
1244 5877 1255 5898 ,
1292 5835 1387 5888 καὶ
1429 5836 1539 5888 ὅλοι
1579 5838 1673 5906 τῆς
1705 5838 1897 5911 ὀδύνης

240 5924 448 5995 τκείνης
478 5924 758 5994 γινόμεθα,
780 5925 873 5977 καὶ
896 5924 1149 5986 πολλάκις
1175 5924 1296 5977 οὐδὲ
1316 5923 1563 5993 αἴσθησιν
1590 5926 1680 5979 τοῦ
1710 5928 1894 6000 ἐτέρου

519 6020 790 6080 ΡΑτιιοι.
827 6018 917 6077 GR
931 6063 944 6077 .
981 6017 1133 6077 LIV.

1403 267 1469 320 IN
1500 267 1650 323 CAP.
1694 268 1789 323 XX
1831 270 2079 326 GENES.
2123 274 2354 332 IIOMIL.
2398 280 2557 336 XLV.

3604 301 3707 355 “6

2051 388 2419 481 λαμϐάνομεν,
2455 397 2556 467 τῆς
2591 399 2790 473 πολλῆς
2820 402 3008 473 ὀδύνης
3043 405 3397 479 περισπώσης
3438 410 3602 481 ἡμᾶς,
3626 417 3719 469 καὶ

2047 477 2163 565 οὐκ,
2182 481 2434 554 ἀφιείσης
2458 484 2552 537 τοῦ
2584 485 2865 551 ἐλάττονος
2900 490 3108 555 πάθους
3146 477 3363 565 πεῖραν.
3387 477 3591 553 λαϐεῖν.
3621 503 3725 553 Τὸν

2049 564 2214 653 αὐτὸν
2240 567 2309 638 δὴ
2340 569 2541 639 τρόπον
2565 572 2658 625 καὶ
2682 574 2711 625 6
2734 573 2938 639 δίκαιος
2962 568 3118 642 οὗτος
3147 564 3407 653 νῦνίὸρῶν
3433 585 3524 637 τοῦ
3558 586 3722 642 θανά-

2265 653 2428 743 φόϐον
2441 659 2806 743 ἐπικείμενον,
2822 662 3000 715 πάντα
3019 665 3087 718 τὰ
3107 666 3267 720 λοιπά
3285 652 3493 740 φορητά
3514 675 3721 743 ἡγεῖτο.

2058 737 2219 792 Ἀλλά
2242 741 2412 794 ταῦτα
2434 742 2667 809 ἀκούων,
2688 747 2959 819 ἀγαπητέ,
2990 752 3065 821 μὴ
3091 737 3377 825 καταγνῷς
3398 737 3490 811 τοῦ
3513 737 3723 814 δικαίου

2045 826 2436 915 μικροψυχίαν,
2467 830 2515 881 εἰ
2556 832 2648 885 τὸν
2677 832 2905 889 θάνατον
2929 837 3185 892 ἐδεδοίκει
3209 852 3223 867 °
3266 841 3403 896 ἀλλά
3438 844 3723 915 θαύμασον

2040 910 2135 1003 τοῦ
2159 913 2373 1003 πάντων
2383 915 2423 1003 ,ἡ
2431 916 2547 987 μῶν
2562 920 2832 974 Δεσπότου
2850 922 2947 993 τὴν
2964 925 3301 996 ὑπερϐάλλου
3310 946 3407 983 σαν
3428 910 3559 1002 περί
3575 934 3722 1003 ἡμᾶς

2041 997 2481 1071 φιλανθρωπίαν,
2506 1004 2589 1058 ὅτι
2616 1005 2708 1059 τὸν
2737 1006 2966 1064 θάνατον
2993 1011 3085 1065 τὸν
3109 1016 3220 1078 τοῖς
3241 1015 3467 1081 δικαίοις
3493 997 3722 1085 ἐκείνοις

2038 1085 2133 1140 καὶ
2184 1087 2361 1156 ἁγίοις
2414 1091 2538 1144 τότε
2572 1092 2837 1165 φοϐερὸν,
2868 1096 3055 1153 τοῦτον
3107 1100 3203 1154 νῦν
3248 1105 3719 1179 εὐκαταφρόνητον

2040 1174 2387 1266 εἰργάσατοό
2436 1177 2704 1266 Χριστὸς,
2751 1183 2847 1235 καὶ
2877 1182 2938 1235 ὃν
2980 1185 3336 1243 ἐδεδοίκεισαν
3373 1193 3423 1245 οί
3470 1174 3720 1266 ἐνάρετοι

2039 1259 2237 1353 ἐκεῖνοι
2286 1262 2383 1353 καὶ
2427 1264 2698 1337 τοσαύτην
2733 1271 3046 1341 παρρησίαν
3077 1274 3213 1343 πρὸς
3255 1276 3347 1331 τὸν
3386 1279 3519 1332 Θεὸν
3551 1259 3718 1353 ἐσχη-

2037 1350 2213 1413 κότες,
2240 1350 2426 1405 τοῦτον
2460 1353 2554 1406 νῦν
2582 1356 2923 1425 καταγελῶσι
2948 1372 2975 1401 ιι
3006 1362 3100 1414 καὶ
3126 1363 3234 1417 νέοι
3266 1366 3361 1420 καὶ
3386 1368 3544 1438 κόραι
3577 1350 3720 1423 ἀπα-

2036 1433 2147 1490 λαί.
2184 1437 2318 1491 Οὐδὲ
2354 1438 2461 1510 γάρ
2512 1440 2740 1505 θάνατός
2781 1441 2932 1517 [459]
2982 1446 3098 1501 ἐστι
3137 1448 3355 1517 λοιπὸν,
3395 1433 3510 1506 ἀλλ’
3552 1454 3717 1521 ὕπνος

2037 1522 2132 1609 καὶ
2159 1523 2459 1594 ἀποδημία,
2494 1527 2586 1579 καὶ
2614 1530 2945 1598 μετάστασις
2970 1532 3077 1587 ἀπὸ
3106 1535 3214 1589 τῶν
3248 1538 3507 1609 χειρόνων
3529 1542 3620 1594 ἐπὶ
3646 1549 3718 1597 τά

2038 1606 2253 1677 βελτίω.
2302 1609 2362 1663 Ὀ
2402 1612 2512 1683 γὰρ
2559 1612 2789 1680 Θάνατος
2832 1618 2926 1671 τοῦ
2960 1620 3232 1675 Δεσπότου
3277 1606 3375 1695 τὴν
3416 1626 3717 1681 ἀθανασίαν

2035 1696 2167 1765 ήμῖν
2206 1697 2559 1768 ἐδωρήσατο,
2597 1702 2692 1755 καί⁵
2722 1704 2999 1759 κατελθὼν
3032 1708 3113 1771 εἰς
3159 1708 3248 1761 τὸν
3292 1711 3424 1782 ᾅδην
3463 1713 3716 1780 ἐξέλυσεν

2036 1782 2203 1836 αὐτοῦ
2242 1784 2310 1836 τὰ
2342 1784 2528 1857 νεῦρα,
2567 1789 2663 1842 καὶ
2693 1790 2792 1861 τὴν
2826 1792 2978 1862 ἰσχὺν
3012 1793 3176 1847 αὑτοῦ
3208 1797 3457 1851 καθεῖλε·
3494 1801 3587 1854 καί
3622 1803 3714 1856 τὸν

2037 1868 2268 1940 φοϐερὸν
2296 1870 2403 1943 πρὸ
2429 1872 2620 1927 τούτου
2648 1876 2742 1929 καὶ
2769 1877 3106 1948 ἀμείλικτον,
3140 1881 3330 1936 τοῦτον
3358 1884 3531 1951 οὕτως
3550 1889 3714 1943 εὐκα-

2034 1959 2371 2029 ταφρόνητον
2396 1962 2711 2029 εἰργάσατο,
2736 1964 2814 2029 ὼς
2835 1966 2928 2019 καὶ
2958 1968 3230 2041 ἐπιπηδᾷν
3260 1989 3411 2037 τινας
3448 1976 3543 2029 καὶ
3574 1977 3715 2030 ἐπεί·

2032 2046 2225 2112 γεσθαι
2264 2046 2399 2117 πρὸς
2438 2048 2537 2120 τὴν
2576 2050 2824 2104 ἐντεῦθεν
2866 2055 3220 2124 μετάστασιν.
3266 2060 3364 2113 Διά
3407 2061 3566 2115 τοῦτο
3618 2064 3714 2117 καὶ

2036 2132 2247 2197 Παῦλος
2272 2134 2373 2207 βοᾷ
2388 2136 2582 2205 λέγων,
2608 2139 2678 2191 Τὸ
2709 2139 3013 2195 ἀναλῦσαι
3041 2144 3139 2197 καί
3167 2145 3289 2199 σὺν
3308 2149 3539 2215 Χριστῷ
3558 2148 3712 2205 εἶναι

2033 2219 2242 2286 πολλῷ
2263 2222 2510 2291 μᾶλλον
2546 2225 2858 2291 κρεῖσσον.
2901 2228 3061 2282 Ἀλλά
3093 2230 3264 2285 ταῦτα
3301 2234 3401 2303 μὲν
3440 2236 3535 2289 νῦν
3571 2240 3713 2307 μετά

2031 2307 2131 2375 τὴν
2162 2307 2255 2361 τοῦ
2288 2309 2524 2381 Χριστοῦ
2554 2314 2876 2383 παρουσίαν,
2911 2316 3049 2385 μετά
3093 2318 3151 2370 τὸ
3184 2320 3588 2393 συγκλασθῆναι
3613 2325 3713 2389 τάς

2031 2394 2205 2482 πύλας
2238 2396 2337 2460 τάς
2366 2398 2604 2467 χαλκᾶς,
2645 2401 2784 2469 μετά
2830 2402 2890 2455 τὸ
2922 2404 3197 2476 πανταχοῦ
3239 2408 3338 2477 τῆς
3391 2411 3711 2482 οἰκουμένης

2031 2480 2123 2535 τὸν
2159 2482 2308 2567 ἥλιον
2350 2486 2448 2556 τῆς
2480 2485 2823 2559 δικαιοσύνης
2863 2490 3162 2561 ἐκλάμψαι.
3197 2495 3329 2548 Τότε
3351 2496 3407 2549 δὲ
3444 2498 3525 2550 ἔτι
3547 2480 3711 2567 φοϐε-

2033 2567 2132 2636 ρὰν
2158 2562 2272 2638 εἶχε
2291 2569 2389 2640 τὴν
2417 2572 2702 2642 πρόσοψιν,
2724 2576 2817 2627 καὶ
2838 2577 3088 2631 κατέσειε
3111 2579 3217 2633 τῶν
3242 2581 3466 2636 δικαίων
3487 2562 3710 2639 ἐκείνων

2030 2653 2239 2724 ἀνδρῶν
2273 2655 2371 2726 τὴν
2414 2658 2685 2713 διάνοιαν·
2718 2662 2800 2714 διὸ
2845 2665 2938 2717 καὶ
2989 2666 3165 2720 πάντα
3197 2667 3266 2721 τά
3321 2669 3455 2723 ἄλλα
3492 2672 3709 2741 κούφως

2030 2740 2247 2811 ἔφερον,
2277 2744 2381 2797 κᾶν
2425 2746 2674 2817 ἀφόρητα
2710 2748 3006 2819 ἐτύγχανεν
3033 2751 3183 2806 ὄντα.
3214 2755 3314 2809 Διά
3346 2748 3505 2810 τοῦτο
3542 2740 3637 2812 καὶ
3679 2763 3709 2814 6

2029 2829 2234 2893 δίκαιος
2291 2827 2443 2896 οὗτος
2491 2834 2822 2905 φοϐούμενος
2853 2837 2962 2890 τῶν
2996 2839 3054 2891 ἐν
3106 2841 3372 2913 Γεράροις
3416 2846 3708 2901 οἰκούντων

2155 2917 2466 2990 ἐπιϐουλὴν,
2507 2922 2606 2993 οὐχ
2639 2922 2714 2986 ὡς
2749 2927 3013 2993 γυναῖκα,
3046 2927 3161 2981 ἀλλ’
3206 2930 3284 2994 ὡς
3339 2932 3573 3007 ἀδελφὴν
3606 2938 3707 2989 ἐπ-

2029 3004 2326 3074 αγόμενος,
2360 3007 2502 3062 οὑτω
2528 3009 2626 3081 τὴν
2660 3011 2893 3067 ἐνταῦθα
2934 3015 3265 3087 παροίκησιν
3302 3004 3554 3077 ποιεῖται.
3594 3025 3706 3079 Καὶ

2029 3092 2278 3165 καθάπερ
2310 3096 2389 3157 εἰς
2409 3094 2507 3166 τὴν
2531 3098 2805 3165 Αἴγυπτον
2835 3101 3118 3156 κατελθεῖν
3138 3103 3300 3158 αὐτὸν
3324 3108 3703 3181 συνεχώρησεν

2026 3180 2057 3231 6
2088 3179 2243 3245 Θεὸς,
2280 3180 2603 3253 βουλόμενος
2647 3186 2739 3238 καὶ
2781 3188 2905 3251 τοὺς
2939 3189 3263 3260 ἀγνώμονας
3311 3179 3561 3261 ἐκείνους
3594 3179 3704 3251 καὶ

2031 3267 2388 3339 ἀναισθήτους
2418 3269 2513 3324 τοῦ
2554 3271 2763 3326 δικαίου
2799 3275 2993 3344 μαθεῖν
3020 3277 3120 3348 τὴν
3167 3279 3398 3349 ἀρετήν·
3437 3280 3581 3337 οῦτω
3612 3287 3703 3338 καὶ

2028 3355 2263 3408 ἐνταῦθα
2306 3356 2403 3427 τὴν
2448 3359 2656 3412 οἰκείαν
2700 3362 3079 3433 μακροθυμίαν
3124 3365 3492 3421 ἐπιδείκνυται
3528 3372 3558 3422 ὁ
3606 3375 3701 3424 Δε-

2030 3441 2255 3512 σπότης,
2284 3442 2370 3496 ἴνα
2401 3444 2496 3496 καὶ
2527 3444 2621 3497 τοῦ
2656 3445 2919 3519 δικαίουή
2958 3450 3204 3523 ὑπομονὴ
3237 3451 3327 3508 διά
3367 3454 3585 3509 πάντων
3609 3459 3701 3510 ἐκ-

2027 3528 2235 3600 λάμψῃ,
2271 3532 2366 3583 καὶ
2408 3532 2441 3603 ἡ
2474 3532 2566 3585 τοῦ
2598 3533 2733 3586 Θεοῦ
2770 3536 2899 3606 περὶ
2944 3538 3106 3591 αὐτὸν
3144 3538 3327 3594 εὔνοια
3364 3544 3496 3595 πᾶσι
3529 3546 3699 3598 κατά-

2024 3617 2186 3688 δηλος
2216 3618 2460 3689 γένηται.
2503 3621 2841 3677 Ἀπέστειλε
2870 3624 2939 3677 δὲ
2974 3626 3281 3697 Ἀϐιμέλεχ
3320 3632 3356 3683 ό
3396 3631 3699 3698 βασιλεὺς

2026 3707 2325 3778 Γεράρων,
2362 3712 2571 3764 λαϐεῖν
2598 3711 2713 3780 τὴν
2734 3714 2991 3782 Σὰρῤαν.
3035 3717 3314 3788 Ἐννόησόν
3345 3737 3435 3790 μοι
3464 3721 3557 3775 τὸν
3584 3740 3697 3793 χει-

2029 3795 2184 3865 μῶνα
2207 3796 2313 3848 τῶν
2335 3795 2632 3867 λογισμῶν,
2657 3793 2732 3852 ὦν
2767 3801 3059 3871 ὑπέμεινεν
3083 3803 3111 3854 ὁ
3137 3802 3343 3868 δίκαιος
3362 3805 3504 3876 ὁρῶν
3529 3808 3695 3863 αὐτοῦ

1990 3914 1993 3917 ‹
2022 3884 2123 3953 τὴν
2143 3886 2373 3951 γυναῖκα
2395 3886 2771 3956 ἀπαγομένην,
2788 3890 2883 3943 καὶ
2910 3889 3061 3942 οὐδὲν
3082 3890 3376 3962 δυνάμενος
3397 3894 3692 3965 ἐπαμῦναι.

2025 3972 2157 4044 Σιγῇ
2192 3974 2300 4045 γὰρ
2332 3975 2547 4029 ᾶπαντα
2572 3975 2787 4047 ἔφερεν,
2805 3977 2958 4041 εἰδὼς
2983 3979 3063 4032 ὅτι
3104 3980 3165 4031 οὐ
3195 3980 3509 4051 περιόψεται
3532 3985 3693 4037 αὐτὸν

2022 4066 2051 4116 ὁ
2080 4065 2376 4133 Δεσπότης,
2404 4064 2541 4118 ἀλλά
2574 4066 2798 4135 ταχεῖαν
2826 4066 3055 4137 παρέξει
3088 4069 3188 4139 τὴν
3219 4072 3556 4141 συμμαχίαν.
3582 4074 3694 4127 Καὶ

2022 4148 2124 4218 τῆς
2156 4150 2373 4219 Σάρρας
2394 4149 2451 4202 δὲ
2482 4149 2760 4220 θαυμάσαι
2782 4149 2895 4203 ἐστι
2926 4150 3022 4221 τὴν
3049 4152 3248 4223 πολλὴν
3287 4154 3689 4227 φιλοστοργίαν,

2023 4234 2142 4297 πῶς
2176 4236 2271 4287 τοῦ
2310 4235 2552 4288 κινδύνου
2597 4236 2690 4288 τοῦ
2737 4236 2967 4289 θανάτου
3010 4238 3101 4292 τὸν
3146 4239 3351 4294 δίκαιον
3384 4240 3689 4313 ἐξαρπάσαι

2023 4320 2322 4391 βουλομένη
2344 4339 2355 4351 ο
2384 4320 2510 4391 ἐξῆν
2538 4321 2645 4394 γὰρ
2672 4322 2841 4393 αὐτὴν
2865 4323 3250 4394 ἐκκαλύψασαν
3269 4327 3328 4380 τὸ
3352 4328 3551 4400 δρᾶμα,
3577 4330 3689 4383 δια-

2022 4411 2212 4475 φυγεῖν
2237 4408 2334 4477 τὴν
2359 4408 2795 4480 ὁμολογουμένην
2813 4409 2997 4482 ὓϐριν·
3022 4411 3134 4464 ἀλλ’
3161 4412 3453 4484 ὑπέμεινεν
3475 4417 3689 4472 ἅπαντα

2020 4495 2302 4562 γενναίως,
2327 4496 2411 4548 ἵνα
2437 4495 2514 4565 τῷ
2542 4496 2731 4566 δικαίῳ
2752 4496 2849 4567 τὴν
2874 4498 3147 4569 σωτηρίαν
3175 4502 3681 4574 πραγματεύσηται.

2021 4580 2133 4634 Καὶ
2169 4581 2473 4652 ἐπληροῦτο
2507 4583 2683 4635 ἐκεῖνο
2724 4583 2785 4636 τὸ
2831 4585 3141 4656 εἰρημένον,
3184 4587 3265 4640 ὅτι
3311 4590 3594 4644 Ἔσονται
3630 4595 3685 4644 ol

2017 4666 2128 4722 δύο
2154 4670 2242 4734 εἰς
2274 4667 2471 4735 σάρκα
2495 4670 2660 4738 μίαν.
2685 4670 2897 4741 Ὥσπερ
2925 4674 3033 4743 γὰρ
3064 4673 3160 4743 μία
3186 4674 3321 4744 σάρξ
3343 4674 3512 4742 ὄντες,
3542 4675 3684 4731 οὕτω

2017 4755 2115 4825 τῆς
2146 4753 2388 4825 ἀλλήλων
2421 4756 2692 4827 σωτηρίας
2733 4758 3005 4827 ἐκήδοντο,
3043 4760 3139 4812 καὶ
3165 4761 3434 4831 τοσαύτην
3474 4763 3681 4817 ἐπεδεί-

2018 4859 2212 4895 κνυντο
2239 4842 2335 4912 τὴν
2362 4842 2633 4911 ὁμόνοιαν,
2668 4842 2743 4906 ὡς
2769 4843 2827 4896 ἓν
2862 4843 3021 4916 σῶμα
3063 4848 3422 4919 τυγχάνοντες
3452 4851 3544 4903 καὶ
3585 4852 3681 4921 μία

2015 4928 2184 4999 ψυχή.
2209 4928 2396 4981 Ταῦτα
2423 4930 2765 4983 ἀκουέτωσαν
2790 4931 3002 5003 ἄνδρες,
3024 4933 3368 4990 ἀκουέτωσαν
3393 4940 3645 5005 γυναῖκες
3664 4957 3679 4970 ·

2015 5020 2293 5085 γυναῖκες,
2327 5018 2413 5070 ἵνα
2444 5018 2711 5089 τοσαύτην
2739 5021 2867 5091 περὶ
2896 5022 3022 5085 τοὺς
3042 5023 3240 5094 ἄνδρας
3272 5024 3371 5095 τὴν
3403 5024 3681 5096 φιλοστορ-

2016 5106 2142 5174 γίαν
2194 5105 2609 5171 ἐπιδεικνύωσι,
2653 5108 2747 5160 καὶ
2795 5108 2960 5179 μηδὲν
3001 5109 3185 5181 ἓτερον
3227 5113 3533 5181 προτιμῶσι
3582 5114 3678 5183 τῆς

2015 5192 2236 5247 ἐκείνων
2264 5193 2536 5265 σωτηρίας
2554 5211 2568 5224 ·
2603 5195 2696 5248 καὶ
2723 5193 2933 5266 ἄνδρες,
2960 5196 3025 5249 ἵν’
3046 5196 3187 5249 οὕτω
3208 5198 3404 5268 πολλὴν
3426 5200 3525 5269 τὴν
3552 5203 3677 5272 περὶ

2014 5282 2183 5343 αὐτὰς
2203 5278 2418 5334 εὔνοιαν
2441 5280 2624 5351 ἔχωσι,
2643 5282 2738 5334 καὶ
2766 5282 2841 5345 ὡς
2873 5282 2997 5352 μίαν
3023 5284 3200 5353 ψυχὴν
3232 5285 3554 5354 κεκτημένοι
3584 5288 3674 5339 καὶ

2012 5367 2071 5421 ἓν
2111 5368 2271 5439 σῶμα
2301 5368 2472 5433 ὄντες,
2496 5369 2637 5421 οῦτω
2664 5370 2839 5423 πάντα
2866 5370 3315 5441 διαπράττωνται.

2075 5479 2323 5549 γ’.Τοῦτο
2341 5479 2449 5551 γὰρ
2463 5480 2659 5550 ἀληθὲς
2673 5478 3155 5544 συνοικέσιον,ὅταν
3165 5478 3396 5551 τοσαύτη
3421 5480 3479 5531 ἐν
3495 5481 3674 5544 αὐτοῖς

2014 5568 2363 5638 πολιτεύηται
2411 5567 2697 5636 συμφωνία
2717 5605 2732 5629 ,
2763 5567 2891 5619 ὅταν
2918 5565 3169 5628 τοσοῦτος
3283 5567 3312 5620 6
3346 5565 3638 5636 σύνδεσμος
3657 5608 3671 5630 ,

2011 5655 2139 5707 ὅταν
2168 5654 2338 5719 οὑτως
2362 5649 2465 5708 ὦσι
2491 5658 2557 5725 τῇ
2590 5655 2777 5724 ἀγάπῃ
2808 5653 3244 5724 συνεσφιγμένοι.
3272 5653 3537 5725 Καθάπερ
3567 5654 3675 5725 γὰρ

2015 5742 2174 5812 σῶμα
2219 5744 2355 5813 πρὸς
2405 5742 2564 5797 ἐαυτὸ
2611 5742 2711 5794 οὐκ
2759 5742 2824 5795 ἄν
2858 5758 2989 5794 ποτε
3038 5739 3514 5803 διαστασιάσειεν,
3553 5741 3672 5794 οὐδὲ

2012 5831 2158 5901 ψυχὴ
2193 5830 2328 5899 πρὸς
2361 5830 2587 5899 ἑαυτήν·
2634 5827 2806 5892 οὕτως
2838 5829 3004 5900 ἄνδρα
3037 5830 3131 5882 καὶ
3172 5830 3403 5898 γυναῖκα
3446 5829 3507 5881 οὐ
3559 5827 3669 5881 δια·

2078 5936 2101 5961 “
2128 5935 2351 5994 Quinque
2373 5946 2484 5981 mss.
2506 5932 2673 5979 τούτου
2700 5930 2780 5978 νῦν
2802 5934 3117 5981 καταγελῶσι.

3254 6000 3291 6059 3
