4084 6356
350 281 454 336 417

351 394 680 458 στασιάζειν,
713 393 825 447 ἀλλ’
857 393 1096 464 ἡνῶσθαι
1140 395 1265 464 χρή.
1309 394 1442 446 Τότε
1470 395 1576 464 γὰρ
1611 397 1704 448 καὶ
1738 397 1805 450 τά
1843 397 2005 466 μυρία

349 485 531 546 αὐτοῖς
556 482 737 551 ἀγαθά
758 481 1078 552 ἐπιρῤεῦσαι
1105 481 1412 551 δυνήσεται.
1447 483 1621 534 Ὅπου
1654 483 1764 553 γὰρ
1793 485 2012 554 ὁμόνοια

348 569 618 640 τοσαύτη,
670 570 786 622 ἐκεῖ
833 569 1046 620 πάντων
1078 566 1186 620 τῶν
1223 568 1442 636 ἀγαθῶν
1479 571 1512 639 ή
1554 569 1784 633 σύνοδος,
1837 573 1952 624 ἐκεῖ
1979 572 2012 626 ἡ

350 659 564 727 εἰρήνη,
600 657 773 726 ἐκείή
809 656 1019 724 ἀγάπη,
1051 657 1164 708 ἐκεῖ
1201 657 1233 726 ἡ
1270 655 1417 727 [460]
1449 657 1752 729 εὐφροσύνη
1789 660 1820 728 ή
1849 677 2012 710 πνευ-

354 746 588 815 ματικήο
633 743 871 812 οὐδαμοῦ
920 743 1185 812 πόλεμος.
1243 744 1479 814 οὐδαμοῦ
1541 747 1724 815 μάχη,
1775 745 2011 816 οὐδαμοῦ

351 829 518 902 ἔχθρα
546 833 635 882 καὶ
662 829 957 899 φιλονεικία
975 847 988 859 ⁸
1021 829 1156 883 ἀλλά
1195 830 1363 884 ταῦτα
1392 831 1571 886 πάντα
1603 834 1842 888 ἐκποδὼν
1871 833 2014 901 γίνε-

349 939 458 987 ται,
487 922 587 990 τῆς
624 921 776 992 ῥίζης
817 921 925 973 τῶν
959 921 1198 988 ἀγαθῶν,
1233 924 1330 993 τῆς
1359 925 1611 993 ὁμονοίας
1643 925 1806 994 λέγω,
1841 926 2014 978 ταῦτα

354 1012 529 1065 πάντα
577 1009 966 1080 ἀφανιζούσης.
1005 1009 1346 1065 Ἀπέστειλε
1391 1012 1458 1064 δέ
1507 1012 1797 1082 Ἀϐιμέλεχ
1831 1015 2012 1077 ,ϐασι-

348 1100 493 1164 λεὺς
514 1097 809 1166 Γεράρων,
842 1097 937 1150 καὶ
966 1099 1142 1151 ἔλαϐε
1167 1098 1282 1165 τὴν
1305 1098 1558 1168 Σάρραν.
1596 1100 1705 1152 Καὶ
1727 1099 2012 1168 εἰσῆλθεν

349 1191 380 1239 ό
436 1186 578 1252 Θεὸς
637 1186 786 1254 πρὸς
839 1185 1144 1255 Ἀϐιμέλεχ
1186 1185 1255 1238 ἐν
1301 1185 1471 1249 ὕπνῳ
1501 1186 1614 1254 τὴν
1653 1188 1858 1249 νύκτα,
1913 1189 2010 1241 καί

349 1271 515 1328 εἶπεν
533 1291 547 1304 ·
585 1274 738 1326 Ἰδοὺ
767 1273 847 1326 σὺ
873 1272 1277 1338 ἀποθνήσκεις
1307 1274 1438 1340 περὶ
1467 1272 1576 1340 τῆς
1604 1275 1907 1343 γυναικὸς,
1937 1272 2010 1344 ἧς

348 1360 592 1422 ἔλαϐες·
624 1356 774 1423 αὕτη
809 1354 875 1407 δέ
912 1355 1039 1408 ἐστι
1074 1355 1459 1421 συνῳκηκυῖα
1483 1357 1674 1425 ἀνδρί.
1698 1358 1838 1429 Ὅρα
1875 1358 2008 1411 Θεοῦ

350 1445 785 1516 φιλανθρωπίαν·
838 1444 1024 1514 ἐπειδὴ
1077 1439 1183 1496 εἶδε
1246 1443 1339 1496 τὸν
1385 1444 1594 1497 δίκαιον
1642 1445 1731 1498 διὰ
1778 1446 1867 1500 τὸν
1915 1445 2008 1499 τοῦ

349 1536 578 1587 θανάτου
609 1533 771 1602 φόϐον
794 1533 1051 1600 γενναίως
1072 1531 1355 1600 ἐνεγκόντα
1377 1534 1476 1605 τῆς
1493 1535 1709 1606 Σάρρας
1729 1536 1825 1607 τὴν
1851 1537 2012 1605 ἀφαί-

349 1638 518 1692 ρεσιν.
547 1621 641 1673 καὶ
675 1621 767 1672 τὸν
809 1619 1030 1688 βασιλέα
1069 1619 1146 1682 ὼς
1193 1620 1428 1691 ἀδελφὴν
1460 1621 1554 1674 τοῦ
1591 1623 1800 1676 δικαίου
1839 1624 2011 1688 οὕτως

350 1709 516 1778 αὐτὴν
565 1709 851 1778 ἀγόμενον,
894 1706 1078 1760 λοιπὸν
1120 1708 1219 1778 τὴν
1248 1708 1455 1761 οἰκείαν
1490 1709 1748 1780 πρόνοιαν
1799 1710 2012 1763 ἐπιδεί-

349 1814 556 1859 κνυται,
594 1796 730 1866 ὁμοῦ
777 1796 870 1848 καὶ
914 1795 1006 1847 τὸν
1047 1795 1255 1848 δίκαιον
1295 1797 1755 1868 περιφανέστερον
1794 1798 2012 1851 ἀποδει-

348 1885 498 1946 κνὺς,
541 1885 636 1937 καὶ
683 1882 780 1953 τὴν
813 1883 1029 1954 Σάρραν
1063 1883 1163 1951 τῆς
1191 1882 1401 1953 ῦϐρεως
1433 1883 1730 1955 ἐλευθερῶν
1750 1926 1764 1949 ,
1797 1887 1890 1938 καὶ
1922 1885 2012 1938 τὸν

349 1973 574 2041 βασιλέα
605 1971 963 2025 ἀπαλλάττων
995 1971 1095 2040 τῆς
1124 1973 1488 2043 παρανομίας.
1533 1974 1640 2027 Καὶ
1669 1973 1953 2042 εἰσῆλθεν
1979 1979 2012 2030 ό

351 2059 493 2125 Θεὸς
519 2061 668 2127 πρὸς
695 2057 1001 2128 Ἀϐιμέλεχ
1023 2059 1092 2111 ὲν
1118 2058 1287 2124 ὕπνῳ
1312 2059 1424 2126 τὴν
1442 2062 1648 2114 νύκτα.
1667 2063 1803 2115 Κατ’
1828 2063 2008 2124 αὑτὸν.

349 2147 501 2215 φησί,
527 2147 618 2198 τὸν
643 2147 736 2199 τοῦ
763 2145 928 2199 ὕπνου
955 2146 1144 2215 καιρὸν
1176 2147 1482 2215 ἐξαρπάσαι
1511 2147 1671 2200 αὐτόν
1696 2149 2011 2219 βουλόμενος

347 2235 445 2302 τῆς
474 2233 838 2304 παρανομίας,
869 2233 1122 2302 ἐνέθηκεν
1147 2234 1308 2285 αὑτοῦ
1331 2237 1394 2303 τῇ
1424 2234 1630 2306 διανοίᾳ
1661 2236 1756 2307 τήν
1787 2237 2008 2304 γνῶσιν,

347 2321 441 2373 καὶ
469 2321 538 2373 τὰ
573 2321 900 2373 λανθάνοντα
929 2319 1075 2390 αὐτῷ
1107 2321 1186 2384 εἰς
1217 2321 1330 2391 φῶς
1360 2323 1555 2392 ἤγαγε,
1590 2323 1684 2377 καὶ
1724 2325 1888 2378 πολὺν
1920 2325 2011 2378 τὸν

348 2409 508 2477 φόϐον
531 2407 678 2478 αὑτῷ
706 2407 968 2470 ἐπέτεινε,
991 2407 1082 2460 τὸν
1113 2407 1338 2461 θάνατον
1368 2411 1687 2481 ἀπειλήσας.
1727 2412 2012 2480 Ἀποθνή-

346 2510 516 2562 σκεις
545 2495 672 2565 γὰρ,
692 2495 842 2565 φησὶ,
864 2495 994 2562 περί
1024 2493 1134 2561 τῆς
1152 2496 1455 2563 γυναικὸς,
1485 2493 1559 2567 ἧς
1586 2498 1828 2565 ἔλαϐες·
1854 2501 2008 2568 αὕτη

347 2582 414 2634 δέ
439 2583 566 2634 ἐστι
599 2580 985 2647 συνῳκηκυῖα
1007 2579 1198 2647 ἀνδρί.
1237 2581 1539 2651 Ἀϐιμέλεχ
1561 2582 1628 2635 δὲ
1662 2587 1774 2653 οὐχ
1810 2585 2009 2654 ἥψατο

345 2665 552 2734 αὐτῆς.
582 2665 767 2720 Ταῦτα
785 2666 840 2718 δέ
858 2666 1034 2719 πάντα
1055 2665 1280 2733 ἐγίνετο,
1309 2667 1393 2718 ἵνα
1423 2669 1454 2738 ή
1482 2667 1574 2720 τοῦ
1607 2669 1740 2722 Θεοῦ
1771 2671 2010 2740 ἐπαγγε-

346 2755 436 2810 λία
464 2759 496 2826 ἡ
527 2756 604 2817 εἰς
631 2754 723 2806 τὸν
756 2753 1097 2824 πατριάρχην
1126 2755 1204 2816 είς
1231 2753 1388 2823 ἔργον
1411 2755 1619 2830 ἐξέλθῃ.
1648 2757 1867 2830 Ἐπειδὴ
1897 2760 2006 2828 γὰρ

345 2841 454 2912 πρὸ
503 2840 729 2912 βραχέος
767 2839 1030 2908 ὑπέσχετο
1072 2838 1221 2908 αὐτῷ
1268 2839 1360 2893 τὸν
1403 2841 1586 2895 Ἰσαὰκ
1625 2844 2004 2914 τεχθήσεσθαι,

346 2928 511 2996 ἐγγὺς
546 2929 600 2980 δέ
644 2927 827 2979 λοιπὸν
855 2927 882 2977 6
917 2926 1104 2996 καιρὸς
1133 2921 1222 2996 ἦν,
1256 2927 1321 2978 ἶν’
1361 2923 1454 2980 οὖν
1493 2928 1566 3000 μὴ
1603 2928 1908 3001 λυμήνηταί
1954 2949 2008 2984 τι

347 3021 410 3089 τῇ
444 3017 537 3070 τοῦ
572 3017 706 3069 Θεοῦ
751 3015 1073 3085 ἐπαγγελίᾳ,
1111 3015 1362 3068 τοσοῦτον
1392 3017 1554 3084 φόϐον
1583 3018 1662 3088 τῷ
1721 3019 2008 3091 ’Δϐιμέλεχ

345 3105 684 3174 ἐπιτίθησιν,
735 3103 810 3167 ὡς
851 3101 1305 3172 καταπληχθέντα
1349 3115 1374 3142 ι
1417 3104 1577 3157 αὐτὸν
1629 3106 1702 3178 μὴ
1740 3107 2007 3176 τολμῆσαι

347 3191 656 3261 ἐφάψασθαι
697 3193 794 3261 τῆς
842 3189 1074 3260 Σάρρας.
1122 3189 1221 3242 Διά
1255 3189 1363 3258 γάρ
1392 3189 1550 3243 τοῦτο
1596 3191 1932 3262 προσέθηκεν
1972 3196 2005 3264 ἡ

347 3281 466 3334 θεία
496 3278 707 3350 Γραφὴ,
751 3279 834 3329 ὅτι
885 3275 1192 3345 Ἀὄιμέλεχ
1227 3278 1338 3343 οὐχ
1383 3275 1582 3343 ἥψατο
1612 3277 1835 3346 αὐτῆς·
1875 3279 2009 3334 ἀλλὰ

347 3369 442 3421 καὶ
476 3367 821 3435 ἀπολογεῖται
844 3364 982 3435 ὑπὲρ
1007 3363 1102 3416 τοῦ
1125 3364 1492 3434 τολμήματος,
1517 3364 1608 3417 καί
1631 3382 1784 3435 φησι,
1809 3367 2004 3435 Κύριε,

345 3458 520 3520 εθνος
548 3454 782 3507 δίκαιον
814 3451 911 3506 καί
950 3450 1211 3520 ἀγνοοῦν
1251 3450 1533 3516 ἀπολεῖς;
1565 3451 1656 3522 Μὴ
1687 3451 1796 3524 γὰρ
1844 3454 2006 3508 αὑτοῦ

347 3541 519 3605 εἰδὼς.
545 3542 697 3612 φησὶ,
728 3542 964 3609 γυναῖκα
989 3537 1156 3592 οὖσαν
1190 3537 1378 3608 αὐτὴν,
1407 3537 1564 3591 τοῦτο
1593 3539 1902 3611 πεποίηκα;
1934 3543 2006 3612 μὴ

347 3632 454 3701 γὰρ
483 3630 735 3699 ἀδικῆσαι
761 3628 1080 3698 βουλόμενος
1108 3625 1198 3678 τὸν
1235 3625 1418 3692 ξένον;
1450 3625 1523 3697 μὴ
1547 3626 1655 3697 γάρ
1677 3627 1751 3690 ὡς
1775 3631 2008 3697 γυναῖκα

348 3717 781 3789 ἀφαιρούμενος;
837 3716 924 3775 Ὠς
970 3715 1204 3784 ἀδελφὴν
1251 3713 1459 3782 μέλλων
1512 3715 1807 3785 λαμϐάνειν
1851 3716 2008 3770 τοῦτο

345 3806 744 3877 διεπραξάμην,
790 3803 1024 3874 νομίζων
1065 3804 1157 3856 καὶ
1204 3802 1374 3873 ταύτῃ
1407 3807 1655 3874 τιμήσειν
1697 3805 1787 3856 καὶ
1822 3805 2002 3859 αὐτόν.

349 3897 561 3958 Ἐθνος
591 3891 682 3946 οὖν
730 3890 991 3961 ἀγνοοῦν
1023 3890 1118 3941 καί
1154 3889 1384 3942 δίκαιον
1413 3890 1696 3956 ἀπολεῖς;
1727 3890 1880 3944 Μετὰ
1913 3892 2004 3945 τοῦ

344 3982 574 4043 δικαίου,
607 3981 760 4049 φησι,
804 3978 1140 4047 πεποιηκότα
1173 3993 1238 4046 με
1281 3977 1342 4028 τδ
1370 3977 1705 4048 ἐπιχείρημα
1754 3979 2004 4043 ἀπολεῖς;

348 4067 474 4121 Εἶτα
512 4068 841 4136 σαφέστερον
869 4064 1036 4117 ποιῶν
1067 4065 1204 4134 ὅπερ
1229 4064 1403 4132 ἔλεγε,
1443 4065 1634 4133 φησίνο
1673 4067 1794 4120 Οὐκ
1828 4067 2010 4130 αὐτός

339 4176 438 4226 μοι
460 4155 646 4218 εἶπεν,
679 4155 769 4208 ὅτι
802 4151 1050 4222 Ἀδελςρή
1069 4171 1186 4222 μου
1214 4153 1365 4212 ἐστὶ,
1390 4152 1490 4206 καί
1517 4154 1665 4221 αὕτη
1684 4172 1786 4222 μοι
1815 4151 2004 4215 εἶπεν,

343 4246 431 4299 ὅτι
462 4244 739 4313 Ἀδελφός
765 4260 883 4312 μου
910 4243 1045 4295 ἐστί
1060 4258 1077 4306 ;
1105 4241 1300 4293 Σκόπει
1325 4239 1441 4304 πῶς
1466 4236 1607 4311 εἶχον
1629 4240 1726 4311 τὴν
1759 4241 2008 4312 ὁμόνοιαν

344 4335 437 4387 καὶ
461 4334 559 4404 τὴν
583 4331 916 4400 συμφωνίαν.
943 4329 1048 4382 Καὶ
1060 4329 1240 4392 αὐτὸς,
1269 4328 1424 4398 φησὶ,
1451 4327 1607 4380 τοῦτό
1633 4347 1721 4398 μοι
1753 4325 1895 4391 εἰπε,
1916 4332 2008 4383 καὶ

342 4421 481 4490 αῦτη
514 4419 761 4472 συνέθετο
786 4421 896 4480 τοῖς
927 4419 1054 4488 παρ’
1082 4416 1245 4469 αὐτοῦ
1292 4415 1618 4485 λεγομένοις.
1657 4418 1752 4469 Ἐν
1783 4418 2008 4487 καθαρᾷ

344 4507 574 4576 καρδίᾳ,
597 4505 692 4561 καὶ
721 4506 788 4558 ἐν
809 4503 1161 4570 δικαιοσύνῃ
1183 4503 1396 4572 χειρῶν
1417 4504 1673 4571 ἐποίησα
1693 4504 1887 4567 τοῦτο·⁵
1906 4523 2008 4576 φη-

343 4596 426 4650 σίν
443 4611 456 4626 °
482 4595 580 4664 οὐχ
597 4593 784 4663 ὥσπερ
809 4591 1120 4662 παράνομόν
1140 4609 1191 4643 τι
1216 4591 1423 4662 μέλλων
1443 4591 2006 4662 διαπράττεσθαι,ἀλλ’

338 4685 415 4747 ὡς
436 4681 816 4752 νενομισμένον
849 4681 943 4732 καὶ
970 4678 1280 4744 ἀκόλουθον,
1303 4680 1396 4732 καὶ
1421 4680 1675 4751 οὐδεμίαν
1711 4679 1832 4749 ἔχον
1866 4681 2006 4751 μέμ-

339 4772 434 4841 ψιν
461 4768 618 4821 τοῦτο
645 4765 938 4835 πεποίηκα.
983 4765 1049 4817 Τί
1095 4762 1187 4818 οὖν
1217 4768 1246 4818 6
1283 4765 1658 4835 φιλάνθρωπος
1688 4767 1965 4838 Δεσπότης
1990 4783 2004 4831 ;

342 4853 492 4911 Εἷπε
517 4855 586 4908 δὲ
603 4852 760 4920 αὐτῷ
781 4856 813 4908 ό
839 4852 983 4918 Θεὸς
1005 4852 1132 4906 καθ’
1159 4852 1374 4905 ὕπνον.
1393 4854 1533 4924 Ὅρα
1562 4853 1704 4925 πόσῃ
1735 4869 2007 4922 συγκατα-

341 4943 496 4996 ϐάσει
526 4943 788 5012 κέχρηται
820 4942 850 4993 6
879 4938 990 4992 τῶν
1017 4939 1152 4992 ὅλων
1177 4940 1474 5009 Δεσπότης,
1513 4940 1611 5009 τὴν
1643 4939 1849 4992 οἰκείαν
1873 4941 2008 5008 ἀγα-

342 5031 538 5101 θότητα
555 5030 642 5082 διὰ
673 5028 888 5080 πάντων
908 5015 1182 5080 ἐπιδὲικνύ
1191 5043 1366 5097 μενος.
1397 5027 1567 5097 Κάγὼ
1585 5026 1796 5096 ἔγνων,
1821 5027 2004 5098 φησὶν,

341 5119 428 5170 ὅτι
447 5118 517 5170 ἐν
542 5114 766 5184 καθαρᾷ
794 5114 1006 5184 καρδίᾳ
1031 5115 1321 5181 ἐποίησας
1339 5115 1532 5170 τοῦτο.
1551 5111 1698 5177 Οἶδα,
1719 5116 1904 5185 φησὶν,
1927 5115 2006 5168 ὅτι

343 5206 495 5258 αὐτοὶ
517 5203 673 5256 τοῦτο
700 5203 759 5255 τὸ
782 5203 962 5273 δρᾶμα
990 5202 1418 5265 κατεσκεύασαν,
1448 5201 1542 5255 καὶ
1563 5203 1643 5255 ὅτι
1675 5200 1824 5272 [461]
1858 5202 2006 5256 ἀπα.⁴

339 5292 522 5360 τηθεὶς
547 5295 655 5353 τοῖς
675 5309 746 5343 πει
757 5292 801 5360 ρ’
829 5290 1006 5344 αὐτῶν
1033 5288 1342 5359 λεγομένοις
1359 5289 1516 5342 τοῦτο
1537 5288 1846 5358 πεποίηκας
1866 5304 1879 5316 ·
1907 5289 2004 5342 καὶ

337 5379 426 5431 διὰ
460 5378 649 5441 τοῦτο,
677 5378 764 5430 ἵνα
797 5376 872 5447 μὴ
917 5376 1006 5430 διὰ
1053 5377 1152 5446 τὴν
1191 5377 1407 5446 ἀπάτην
1450 5376 1672 5428 ἐκείνων
1719 5375 2004 5447 ἁμάρτῃς*

350 5464 734 5533 Ἑφεισάμην,
763 5464 868 5516 τοῦ
895 5462 980 5533 ph
1009 5464 1293 5534 ἁμαρτεῖν
1325 5478 1398 5516 σε
1431 5466 1518 5528 εἰς
1547 5462 1669 5532 ἐμέ.
1705 5461 1882 5532 Πολλὴ
1911 5461 2004 5514 τοῦ

337 5553 581 5621 ῥήματος
606 5551 639 5618 ή
682 5552 1106 5616 συγκατάϐασις,
1140 5550 1372 5619 μεγίστη
1406 5548 1500 5601 τοῦ
1533 5548 1804 5600 Δεσπότου
1843 5549 1876 5618 ή
1913 5566 2002 5618 φι..

335 5635 672 5705 λανθρωπία.
728 5635 822 5697 Εἰς
864 5635 1003 5706 ἐμὲ,
1051 5638 1249 5705 φησὶν,
1302 5636 1524 5706 ἔμελλεν
1580 5635 1896 5705 ἀνατρέχειν
1949 5637 2005 5686 τὸ

333 5724 657 5794 ἁμάρτημα.
695 5722 958 5793 Καθάπερ
987 5724 1095 5794 γάρ
1124 5723 1220 5776 ἐπὶ
1249 5723 1357 5775 τῶν
1395 5722 1719 5794 ἀνθρώπων,
1751 5724 1878 5775 ὅταν
1917 5739 2001 5785 τις

341 5837 361 5863 -.~
394 5827 421 5873 ς
512 5824 632 5862 τινα
698 5809 807 5862 τῶν
856 5811 1080 5863 οἰκετῶν
1107 5811 1308 5880 πο)λῆς
1337 5810 1675 5881 ἀπολαύοντα
1699 5809 1796 5880 τῆς
1834 5812 1995 5884 τιμῆς

398 5919 422 5946 ³
444 5917 648 5979 Septem
671 5928 784 5964 mss.
812 5917 874 5971 ὡς
896 5918 1270 5974 καταπτήξαντα.

1142 279 1198 334 S.
1239 278 1526 334 JOANNIS
1565 279 2048 336 CIIRYSOSTOMI
2090 283 2408 341 ARCIHEP.
2450 285 2996 345 CONSTANTINOP.

3674 290 3791 344 HS

2113 401 2262 470 παρά
2300 402 2390 454 τοῦ
2426 403 2683 457 δεσπότου
2713 405 3024 475 ὑϐριστικόν
3055 421 3106 458 τι
3131 405 3310 475 διαθῇ,
3335 404 3538 458 οἰκείαν
3565 407 3789 475 ἡγεῖται.

2111 484 2205 553 τήν
2233 485 2388 556 ὓϐριν
2415 491 2445 540 6
2466 489 2748 558 δεσπότης,
2767 491 2858 542 καί
2891 505 3072 556 φησιν·
3104 489 3228 558 Ἑμέ
3256 489 3480 558 ὕϐρισας
3507 489 3574 541 δι’
3592 482 3666 541 ὧν
3685 489 3789 539 τὸν

2112 567 2241 619 ἐμὸν
2261 570 2475 640 οἰκέτην
2506 571 2646 623 οῦτω
2666 571 2947 641 διέθηκας·
2981 572 3072 624 καὶ
3101 572 3206 640 γὰρ
3242 572 3308 624 τὰ
3344 572 3422 634 είς
3458 574 3660 624 ἐκεῖνον
3692 589 3789 638 γιο

2111 649 2306 717 νόμενα
2339 655 2418 714 είς
2464 655 2561 723 ἐμὲ
2609 654 2902 707 διαϐαίνει·
2948 655 3039 706 τὸν
3091 653 3251 707 αὑτὸν
3290 655 3353 723 δὴ
3393 655 3590 724 τρόπον
3625 656 3719 707 καὶ
3749 656 3788 707 ὁ

2111 732 2312 801 ἀγαθὸς
2364 737 2672 807 Δεσπότης,
2712 736 3079 805 Ἐφεισὰμην
3123 751 3266 797 σου,
3323 736 3489 804 φησί,
3540 736 3646 788 τοῦ
3687 735 3784 804 μὴ

2111 815 2392 885 ἁμαρτεῖν
2415 835 2487 872 σε
2509 823 2596 885 εἰς
2624 817 2744 888 ἐμέ.
2779 820 2952 890 Ἐμοὶ,
2986 819 3167 888 φησὶν,
3193 819 3398 871 οἰκέται
3425 819 3780 888 τυγχάνουσι,

2113 901 2205 951 καὶ
2233 899 2404 964 οὕτως
2437 902 2614 954 αὐτῶν
2656 901 2914 971 ποιοῦμαι
2946 901 3145 972 πολλὴν
3175 902 3273 971 τὴν
3313 900 3657 972 κηδεμονίαν,
3691 901 3783 953 ὅτι

2111 983 2415 1053 οἰκειοῦμαι
2436 986 2501 1036 τὰ
2532 987 2609 1047 εἰς
2641 986 2834 1047 αὐτοὺς
2860 985 3140 1054 γινόμενα,
3176 985 3276 1038 κάν
3299 1001 3357 1036 τε
3389 983 3567 1051 ἀγαθά
3590 981 3646 1058 ᾖ,
3672 984 3785 1036 κᾶν

2111 1082 2169 1117 τε
2209 1068 2456 1119 ἐναντία·
2506 1068 2758 1121 ’Ἕνεκεν
2809 1061 3026 1121 τούτου
3073 1070 3182 1121 οὐκ
3233 1066 3438 1135 ἀφῆκά
3485 1083 3559 1119 σε
3613 1067 3783 1134 ἄψα-

2111 1157 2248 1204 σθιιι
2280 1153 2484 1220 αὐτῆς.
2532 1154 2746 1225 Ἐπειδὴ
2777 1155 2909 1208 πολὺ
2941 1154 3118 1209 αὐτῶν
3151 1153 3407 1223 κήδομαι,
3433 1153 3588 1206 τοῦτο
3617 1153 3781 1215 εἰδὼς

2111 1237 2190 1286 ὅτι
2221 1235 2278 1300 ἐξ
2303 1237 2523 1303 ἀγνοίας
2551 1237 2766 1306 μέλλεις
2789 1238 2889 1306 τὴν
2918 1235 3072 1307 ῦϐριν
3096 1237 3276 1298 αὐτοῖς
3296 1235 3498 1306 ταύτην
3525 1236 3777 1303 ἐπάγειν,

2125 1316 2490 1386 Ἐφεισάμην
2520 1333 2658 1381 σου,
2703 1319 2808 1372 τοῦ
2842 1318 2927 1388 μὴ
2975 1318 3256 1387 ἁμαρτεῖν
3284 1335 3358 1372 σε
3393 1321 3479 1384 εἰς
3524 1319 3643 1386 ἐμέ.
3682 1320 3779 1389 Μὴ

2112 1397 2175 1467 δὴ
2202 1400 2385 1462 ἁπλῶς
2411 1401 2484 1465 ὡς
2520 1402 2599 1454 ἐνὶ
2632 1401 2737 1454 τῶν
2764 1403 3033 1471 τυχόντων
3064 1401 3295 1472 πρόσεχε
3319 1401 3397 1469 τῷ
3429 1401 3603 1471 ἀνδρὶ,
3636 1400 3779 1454 ἀλλά

2116 1482 2352 1553 μάνθανε
2394 1485 2475 1536 ὅτι
2519 1483 2626 1538 τῶν
2678 1485 2799 1554 ἐμοὶ
2827 1483 3306 1554 περισπουδάστων
3357 1484 3491 1545 ἐστὶ,
3537 1484 3629 1536 καὶ
3664 1485 3781 1537 τῶν

2113 1565 2312 1636 πολλὴν
2352 1567 2582 1636 ἐχόντων
2628 1567 2763 1638 πρὸς
2789 1567 2887 1637 ἐμὲ
2933 1568 3028 1635 τὴν
3063 1567 3356 1620 οἰκείωσιν.
3392 1567 3631 1632 Ἀπόδος
3657 1569 3780 1620 τοί-

2111 1663 2227 1698 νυν
2261 1645 2375 1713 thr
2397 1646 2649 1715 γυναῖκα
2675 1645 2755 1711 τῷ
2791 1645 3094 1714 ἀνθρώπῳ,
3137 1645 3225 1699 ὅτι
3263 1645 3574 1713 προφήτης
3616 1647 3774 1708 ἐστὶ,

2112 1725 2206 1776 καί
2244 1725 2633 1792 προσεύξεται
2675 1726 2806 1791 περί
2839 1726 2975 1788 σοῦ,
3007 1725 3105 1778 καὶ
3149 1723 3319 1792 ζήσῃ.
3351 1725 3492 1794 Ὅρα
3527 1725 3641 1788 πῶς
3673 1726 3775 1795 τὴν

2111 1803 2309 1874 ἀρετὴν
2355 1805 2450 1857 τοῦ
2497 1805 2706 1857 δικαίου
2759 1804 3122 1857 ἐκκαλύπτειο
3157 1805 3248 1856 καὶ
3296 1805 3577 1875 προφήτην
3609 1805 3774 1858 αὑτὸν

2113 1883 2286 1946 καλεῖ,
2323 1884 2416 1934 καὶ
2451 1883 2732 1952 μονονουχὶ
2764 1883 3175 1952 παρασκευάζει
3207 1883 3298 1936 τὸν
3331 1883 3552 1952 βασιλέα
3587 1883 3776 1952 ἱκέτην

2112 1961 2273 2013 αὑτοῦ
2299 1961 2568 2028 γενέσθαι.
2588 1963 2982 2028 Προσεύξεται
3007 1961 3116 2029 γὰρ
3148 1960 3280 2028 περὶ
3311 1961 3448 2024 σοῦ’
3467 1961 3562 2013 καί
3593 1961 3770 2029 (δίεπ’

2113 2041 2293 2110 φησίν.
2336 2043 2567 2104 Ἐκεῖνος
2598 2042 2696 2112 μὲν
2733 2037 2846 2104 οὖν,
2881 2039 3132 2102 δεδοικὼς
3159 2039 3250 2092 τὸν
3280 2041 3431 2109 παρά
3467 2039 3561 2092 σοῦ
3603 2039 3772 2093 θάνα-

2109 2141 2222 2184 τον,
2253 2124 2312 2176 τὸ
2351 2124 2533 2194 δρᾶμα
2569 2125 2726 2177 τοῦτο
2764 2123 3132 2176 κατεσκεύασε
3153 2163 3167 2187 ,
3208 2123 3302 2176 καὶ
3335 2121 3616 2192 μονονουχὶ
3650 2139 3775 2174 συν-

2111 2203 2310 2273 έπραξε
2352 2203 2486 2268 πρὸς
2517 2203 2614 2272 τὴν
2645 2203 2741 2272 τῆς
2775 2203 2988 2272 Σάρρας
3030 2201 3184 2272 ὓϐριν
3204 2219 3216 2231 ·
3245 2201 3477 2268 γίνωσκε
3517 2201 3572 2252 δέ
3602 2201 3682 2252 ὅτι
3717 2203 3773 2254 αἱ

2113 2283 2238 2352 παρ’
2273 2283 2480 2334 ἐκείνου
2509 2281 2806 2352 προσευχαὶ¹
2834 2281 2933 2349 τὴν
2971 2280 3116 2350 ζωήν
3150 2297 3229 2332 σοι
3267 2279 3612 2349 παρέξουσιν.
3642 2274 3772 2331 Εἶτα

2113 2361 2197 2412 ἵνα
2245 2361 2317 2430 μὴ
2353 2363 2418 2430 τῇ
2464 2360 2728 2430 ἐπιθυμίᾳ.
2758 2359 3108 2428 φλεγόμενος,
3145 2360 3238 2412 καὶ
3275 2359 3379 2410 ὑπὸ
3419 2356 3512 2409 τοῦ
3550 2358 3774 2421 κάλλους

2109 2440 2209 2508 τῆς
2250 2438 2462 2508 Σάρρας
2494 2437 2820 2507 ἡττώμενος,
2861 2437 3076 2491 ἔλαττον
3101 2438 3128 2477 1³
3168 2439 3426 2510 φροντίσῃ
3467 2437 3574 2490 τῶν
3605 2454 3774 2507 προσ-

2110 2517 2472 2585 ταττομένων,
2504 2515 2758 2569 ἐπιτείνει
2790 2517 2882 2570 τὸν
2912 2517 3096 2585 φόϐον,
3121 2519 3218 2570 καὶ
3250 2517 3350 2588 τὴν
3379 2516 3646 2586 τιμωρίαν
3674 2518 3774 2570 ἐπ-

2111 2597 2430 2663 αγγέλλεται
2477 2595 2698 2665 μείζονα
2745 2597 2988 2659 ἐπάξειν.
3036 2599 3103 2650 Εἰ
3152 2595 3261 2666 γὰρ
3305 2596 3390 2664 ph
3442 2595 3772 2660 ἀποδίδως,

2111 2676 2266 2744 φησὶ,
2300 2673 2478 2741 γνῶθι
2525 2673 2612 2726 ὅτι
2645 2673 2920 2742 ἀποθανῇ
2959 2675 3039 2728 σύ
3078 2691 3141 2728 τε
3188 2674 3284 2727 καί
3319 2675 3514 2728 πάντα
3561 2674 3632 2728 τὰ
3668 2676 3772 2730 σά.

2110 2754 2184 2806 Οὐ
2230 2753 2386 2822 μόνον
2423 2753 2583 2815 αὐτὸς
2614 2753 2713 2821 τῆς
2754 2755 3070 2824 παρακοῆς,
3106 2755 3290 2823 φησὶν,
3327 2754 3543 2822 ὑφέξεις
3571 2756 3667 2826 τὴν
3697 2774 3774 2807 τι-

2114 2832 2344 2899 μωρίαν,
2395 2832 2531 2884 ἀλλά
2570 2833 2660 2884 καὶ
2705 2835 2878 2886 πάντα
2911 2833 2979 2885 τὰ
3015 2832 3082 2884 σά
3111 2833 3199 2885 διά
3241 2833 3298 2885 σέ
3337 2833 3566 2898 θάνατος
3603 2851 3773 2888 κατα-

2109 2909 2354 2980 λήψεται.
2380 2911 2474 2962 Διά
2496 2911 2650 2964 τοῦτο
2669 2911 2723 2964 δέ
2751 2913 2890 2964 κατά
2917 2913 3008 2964 τὸν
3035 2912 3137 2980 τῆς
3164 2914 3355 2976 νυκτὸς
3385 2915 3574 2984 καιρὸν
3600 2915 3775 2968 ταῦτα,

2111 2989 2324 3042 ἅπαντα
2356 2991 2383 3040 6
2412 2991 2542 3052 Θεὸς
2570 2989 2716 3060 αὑτῷ
2747 2990 3038 3058 διελέγετο,
3071 2993 3156 3043 ἵνα
3194 2993 3331 3061 μετά
3365 2993 3592 3063 ἡσυχίας
3619 2993 3774 3057 δεξάο

2113 3083 2270 3136 μενος
2302 3067 2398 3137 τὴν
2429 3069 2768 3138 παραίνεσιν,
2797 3071 2932 3139 μετά
2960 3069 3153 3122 πολλοῦ
3179 3069 3274 3122 τοῦ
3310 3071 3476 3138 φόϐου
3511 3072 3569 3124 τὸ
3607 3089 3776 3142 προσ-

2108 3146 2300 3215 ταχθὲν
2345 3149 2422 3210 εἰς
2459 3147 2618 3218 ἔργον
2651 3147 2854 3219 ἀγάγῃ.
2895 3150 3128 3215 Εὐθέως
3173 3149 3281 3219 γὰρ
3314 3151 3594 3218 ὀρθρίσας
3629 3151 3776 3204 Ἀϐι-

2103 3225 2311 3294 μέλεχ,
2343 3230 2526 3296 φησιν,
2560 3225 2813 3280 ἐκάλεσε
2846 3227 2986 3292 τοὺς
3025 3227 3240 3292 παῖδας
3277 3229 3482 3293 αὐτοῦ,
3509 3229 3606 3282 καί
3637 3229 3775 3282 ἐλά-

2107 3309 2263 3370 λησε
2301 3303 2494 3357 πάντα
2525 3304 2595 3357 τὰ
2607 3305 2844 3373 ῥήματα
2876 3306 3060 3359 ταῦτα
3087 3309 3174 3372 εἰς
3203 3308 3275 3360 τὰ
3304 3302 3422 3360 ὦτα
3450 3305 3666 3360 αὐτῶν.

2177 3387 2238 3438 δ’.
2278 3387 2419 3455 Ὅρα
2451 3387 2568 3450 πῶς
2600 3387 2774 3458 κήρυξ
2793 3389 2998 3455 γίνεται
3019 3388 3201 3441 λοιπὸν
3223 3389 3251 3440 6
3276 3388 3526 3458 βασιλεὺς
3553 3388 3652 3457 τῆς
3680 3388 3773 3442 τοῦ

2108 3465 2316 3519 δικαίου
2337 3467 2554 3537 ἀρετῆς,
2580 3467 2672 3520 καὶ
2693 3469 2856 3519 πᾶσιν
2868 3467 3027 3520 αὑτὸν
3041 3466 3338 3538 κατάδηλον
3353 3469 3512 3521 ποιεῖ.
3529 3466 3776 3529 Καλέσας

2109 3547 2236 3616 γὰρ,
2268 3547 2416 3617 φησί,
2455 3547 2660 3609 πάντας
2688 3549 2813 3611 τοὺς
2842 3547 3038 3608 παῖδας
3066 3545 3254 3608 αὑτοῦ,
3281 3544 3577 3615 διηγήσατο
3598 3546 3771 3598 πάντα

2109 3628 2178 3676 τὰ
2237 3626 2372 3694 πρὸς
2423 3625 2582 3679 αὑτὸν
2622 3626 2774 3696 παρά
2822 3624 2914 3678 τοῦ
2958 3624 3093 3678 Θεοῦ
3137 3623 3462 3693 δηλωθέντα,
3506 3625 3592 3677 ἵνα
3635 3628 3774 3678 πάν-

2112 3719 2200 3763 τες
2231 3702 2399 3768 γνῶσι
2447 3704 2540 3756 καὶ
2591 3703 2684 3756 τοῦ
2725 3701 2857 3754 Θεοῦ
2906 3702 3043 3773 πρὸς
3076 3703 3240 3756 αὑτὸν
3275 3703 3372 3772 τήν
3406 3699 3636 3764 εὔνοιαν,
3681 3703 3776 3755 καὶ

2111 3785 2210 3850 τῆς
2246 3781 2500 3853 προνοίας
2549 3777 2616 3854 ἧς
2656 3781 2900 3846 ἀξιοῦται
2935 3780 3086 3852 παρὰ
3115 3780 3207 3833 τοῦ
3241 3780 3511 3832 Δεσπότου
3558 3781 3645 3834 διὰ
3677 3781 3776 3850 τὴν

2111 3861 2216 3913 τῶν
2265 3863 2482 3932 τρόπων
2510 3864 2728 3934 ἀρετήν.
2777 3862 3186 3932 Ὲφοϐήθησαν
3224 3860 3292 3912 δὲ
3322 3859 3543 3926 πάντες
3577 3865 3630 3912 οί
3669 3862 3775 3913 ἄν-

2113 3944 2326 4008 θρωποι
2363 3942 2614 4009 σφόδρα.
2663 3937 2813 4003 Εἶδες
2846 3941 2958 4002 πῶς
3002 3941 3098 4009 οὐχ
3129 3939 3318 4001 ἁπλῶς
3354 3939 3473 3991 οὐδέ
3516 3941 3636 4010 εἰκῆ
3676 3941 3776 4002 τὰς

2117 4021 2542 4088 μεταναστάσεις
2571 4023 2804 4072 ἐποιεῖτο
2833 4021 2860 4070 6
2885 4019 3118 4083 δίκαιος;
3153 4019 3214 4069 Εἰ
3243 4018 3351 4086 γὰρ
3387 4017 3477 4069 ἐπὶ
3509 4018 3608 4086 τῆς
3645 4035 3779 4087 σκηο

2111 4099 2208 4167 νῆς
2227 4099 2327 4167 τῆς
2347 4098 2617 4169 προτέρας
2639 4098 2817 4167 ἔμενε,
2838 4098 3000 4150 πόθεν
3022 4093 3164 4166 εἶχον
3191 4097 3425 4160 ἀπαντες
3447 4097 3496 4147 οἰ
3523 4097 3579 4148 ἐν
3605 4097 3776 4166 Γεράο

2115 4195 2224 4248 ροις
2247 4178 2468 4245 γνῶναι,
2491 4178 2620 4246 ὅσης
2650 4178 2678 4228 6
2703 4177 2906 4239 δίκαιος
2935 4174 3306 4244 ἀπλαύειτῆς
3338 4173 3484 4244 παρὰ
3513 4175 3603 4226 τοῦ
3637 4175 3773 4227 Θεοῦ

2113 4258 2365 4326 προνοίας
2395 4267 2451 4319 ε;
2483 4254 2632 4327 [462]
2686 4253 3104 4324 Ἐφοϐήθησαν
3131 4253 3199 4306 δὲ
3227 4252 3448 4316 πάντες
3478 4255 3532 4304 οἱ
3560 4252 3778 4319 ἄνθρω.

2111 4349 2209 4384 ποι
2250 4333 2505 4401 σφόδρα.
2548 4335 2720 4398 Πολὺς
2751 4333 2928 4388 αὐτῶν
2971 4335 3130 4402 φόϐος
3175 4331 3598 4400 κατεσκεδάσθη,
3647 4334 3775 4402 περὶ

2109 4411 2205 4464 τοῦ
2232 4413 2433 4475 παντὸς
2458 4413 2788 4481 ἡγωνίασαν.
2823 4411 2973 4476 Εἶτα,
3011 4413 3313 4470 Ἐκιίλεσε.
3351 4412 3535 4478 φησὶν,
3566 4411 3777 4478 Ἀϐιμὲ-

2109 4494 2218 4559 λεχ
2267 4494 2371 4543 τιὶν
2423 4491 2682 4558 Ἀϐραάμ.
2743 4493 2940 4543 Ἐννόει
2988 4508 3075 4561 μοι
3124 4489 3240 4559 μεθ’
3283 4491 3413 4558 ὅσης
3458 4488 3638 4541 λοιπὸν
3676 4490 3774 4558 τῆς

2112 4569 2467 4636 περιφανείας
2497 4573 2523 4622 6
2542 4570 2743 4634 δίκαιος
2766 4570 3044 4638 εἰσάγεται
3067 4569 3201 4640 πρὸς
3221 4568 3310 4622 τὸν
3342 4568 3585 4638 βασιλέα,
3617 4569 3644 4620 6
3668 4569 3775 4637 πρὸ

2114 4649 2307 4719 μικροῦ
2351 4652 2481 4719 παρ’
2517 4651 2699 4712 αὐτοῖς
2746 4650 3217 4721 εὐκαταφρόνητος
3261 4650 3632 4720 νομιζόμενος,
3678 4649 3774 4701 καὶ

2110 4727 2360 4795 καθάπερ
2385 4729 2586 4798 ἀλήτης
2609 4729 2701 4781 καὶ
2735 4727 2904 4792 ξένος.
2949 4729 3167 4799 Ἀθρόον
3199 4729 3414 4782 πάντων
3446 4728 3776 4798 συνδραμόν-

2110 4823 2215 4858 των
2257 4807 2500 4860 καλεῖται
2533 4809 2560 4859 6
2592 4808 2933 4879 πατριάρχης
2971 4807 3120 4860 οὐδὲν
3165 4807 3370 4862 τούτων
3416 4806 3572 4870 εἰδὼς
3611 4807 3770 4870 τέως,

2111 4885 2204 4936 καὶ
2225 4885 2496 4954 ἐμάνθανε
2526 4885 2709 4938 λοιπὸν
2734 4887 2864 4956 παρ’
2891 4886 3054 4939 αὐτοῦ
3081 4887 3172 4939 τοῦ
3205 4887 3467 4956 βασιλέως
3521 4885 3588 4938 τά
3622 4887 3773 4960 παρά

2109 4962 2201 5014 τοῦ
2249 4963 2384 5016 Θεοῦ
2432 4965 2499 5016 δι’
2533 4964 2691 5018 αὑτὸν
2733 4967 2812 5027 είς
2855 4969 3059 5019 ἐκεῖνον
3089 4967 3451 5036 γεγενημένα.
3493 4961 3637 5019 Εἷπε
3660 4968 3773 5033 γὰρ

2107 5042 2285 5108 αὐτῷ·
2322 5046 2380 5098 Τί
2408 5045 2582 5098 τοῦτο
2613 5045 2906 5111 ἐποίησας
2929 5046 3074 5114 ἡμῖν
3092 5064 3111 5110 ;
3132 5046 3188 5098 τί
3210 5045 3548 5114 ἡμάρτομεν
3567 5047 3653 5110 εἰς
3675 5045 3769 5107 σὲ,

2109 5121 2197 5174 ὅτι
2236 5123 2532 5192 ἐπήγαγες
2575 5123 2667 5176 ἐπ’
2699 5124 2803 5192 ἐμὲ
2855 5125 2952 5178 καὶ
2994 5127 3092 5178 ἐπὶ
3134 5125 3247 5192 τὴν
3284 5125 3611 5188 βασιλείαν
3653 5141 3773 5192 μου

2109 5202 2398 5269 ἁμαρτίαν
2416 5201 2724 5270 μεγάλην;
2749 5205 2978 5272 Ἔργον,
3010 5203 3041 5256 ὃ
3067 5203 3265 5268 οὐδεὶς
3287 5203 3546 5269 ποιήσει,
3571 5203 3774 5268 ἐποίηο

2109 5298 2226 5342 σας
2259 5281 2420 5348 ἡμῖν.
2462 5283 2521 5334 Τί
2555 5282 2770 5334 ἐνιδὼν
2799 5283 3090 5346 ἐποίησας
3113 5282 3324 5341 τοῦτο;
3362 5281 3460 5332 Διὰ
3503 5281 3576 5338 τί.
3617 5282 3772 5349 φησὶ,

2109 5359 2342 5428 τοσαύτῃ
2381 5377 2447 5429 με
2492 5363 2799 5430 περιϐαλεῖν
2837 5362 3080 5430 ἁμαρτίᾳ
3112 5358 3446 5428 ήϐουλήθηςς
3491 5359 3630 5419 τίνος
3659 5357 3775 5408 ἓνε-

2108 5455 2224 5500 κεν,
2268 5439 2358 5489 καὶ
2403 5438 2452 5490 τί
2497 5441 2754 5509 ἐννοήσας
2796 5438 2953 5492 τοῦτο
2985 5439 3323 5507 πεποίηκας;
3351 5438 3490 5506 Ὅρα
3531 5437 3647 5498 πῶς
3686 5436 3774 5488 διὰ

2104 5517 2211 5568 τῶν
2272 5517 2485 5569 οἰκείων
2547 5519 2804 5588 ῥημάτων
2860 5518 3099 5571 δείκνυσι
3152 5516 3251 5587 τὴν
3309 5515 3457 5586 παρὰ
3497 5515 3590 5567 τοῦ
3638 5513 3772 5566 Θεοῦ

2105 5597 2332 5666 ἀπειλὴν
2365 5597 2460 5666 τὴν
2491 5599 2569 5659 εἰς
2597 5597 2756 5649 αὑτὸν
2797 5596 3188 5664 γεγενημένην.
3232 5595 3448 5665 Ἐπειδὴ
3481 5593 3588 5662 γάρ
3621 5590 3774 5646 εἶπεν

2107 5676 2272 5744 αὐτῷ,
2301 5677 2380 5727 ὅτι
2413 5677 2477 5728 Εἰ
2494 5676 2578 5744 ph
2607 5675 2923 5739 ἀποδίδως,
2945 5673 3220 5742 ἀποθανῇ
3251 5674 3332 5727 σὺ
3360 5674 3455 5726 καὶ
3479 5670 3674 5724 πάντα
3705 5675 3774 5725 τὰ

2172 5799 2199 5837 ὶι
2224 5800 2375 5849 San'il.
2403 5806 2452 5847 el
2477 5799 2671 5858 quidam
2699 5812 2810 5846 mss.
2837 5799 2916 5845 καὶ
2938 5797 3022 5845 τοῦ
3048 5798 3248 5854 κάλλους
3265 5804 3347 5855 τῆς
3367 5797 3543 5860 Σάῤῥας
3566 5797 3673 5850 ὅλος
3694 5811 3774 5855 γερ

2107 5861 2313 5921 νόμενος,
2338 5864 2545 5910 ἔλαττον.

2171 5926 2194 5949 τ’
2225 5924 2425 5980 Quidam
2451 5934 2565 5970 mss.
2589 5919 2673 5968 τοῦ
2702 5921 2824 5970 Θεοῦ
2846 5941 2893 5969 π’
2916 5922 3122 5984 ρῤτςσίας.
