4084 6356
374 320 478 375 ὀῖτ

372 438 520 489 ﬁnita
545 433 673 503 ipsis
700 431 924 486 afﬂuere
958 440 1227 500 poterunt.
1257 430 1388 484 Nam
1422 431 1507 482 ubi
1536 429 1821 483 concordia
1846 469 1860 491 ,
1893 427 1960 478 ibi

371 530 639 584 bonorum
666 526 969 590 confluxus,
1002 526 1071 579 ibi
1096 540 1219 594 pax,
1242 525 1311 577 ibi
1338 526 1555 586 caritas,
1586 524 1654 575 ibi
1677 521 1969 590 spiritualis

373 622 553 676 l.t-titia
586 639 599 673 :
632 620 833 673 nullum
872 619 1104 682 bellum,
1134 618 1272 670 nulla
1306 619 1417 670 rixa
1445 634 1458 670 :
1487 631 1746 681 nusquam
1790 614 1969 668 inimi-

371 713 510 766 citi:e
542 720 595 764 et
624 710 901 764 contentio
932 709 1060 763 :sed
1094 710 1206 761 haec
1237 710 1413 761 omnia
1442 724 1472 762 c
1500 708 1678 760 medio
1707 707 1967 759 tolluntur

370 817 469 870 per
508 801 855 856 concordiam
880 843 896 866 ,
935 800 1197 854 bonorum
1255 801 1493 853 omnium
1539 800 1770 852 radicem
1795 839 1808 861 ,
1849 813 1968 865 qua:

372 893 550 947 omnia
583 893 672 946 illa
702 893 861 946 simul
885 892 1084 946 abolet.
1116 892 1170 945 2.
1206 891 1349 944 Misit
1375 902 1543 945 autem
1565 890 1850 943 Abimeleclt
1880 906 1969 943 rea:

376 984 713 1050 Gerarorum,
742 996 787 1039 et
816 986 1009 1055 accepit
1056 986 1288 1038 Sarram.
1321 986 1372 1037 5.
1399 984 1466 1037 Et
1504 986 1709 1037 intravit
1736 983 1869 1035 Deus
1899 984 1967 1035 ad

375 1077 660 1131 Abimeleclt
686 1078 736 1131 in
761 1095 936 1131 somno
968 1080 980 1108 '
1012 1088 1161 1131 noctu
1181 1119 1195 1143 ,
1227 1088 1272 1131 et
1302 1078 1430 1130 dixit
1455 1092 1473 1130 :
1499 1075 1631 1130 Ecce
1660 1087 1713 1129 tu
1741 1076 1967 1129 morieris

372 1180 577 1239 propter
604 1169 886 1234 mulierem,
906 1186 1054 1239 quant
1077 1169 1325 1222 abstulisti
1347 1185 1365 1221 .'
1384 1169 1482 1221 ista
1510 1179 1677 1221 autem
1703 1168 1968 1221 contuber-

373 1262 505 1314 nalis
555 1272 625 1315 est
679 1262 805 1315 viro.
837 1261 972 1315 Vide
1014 1262 1106 1315 Dei
1148 1262 1486 1316 clementiam
1522 1280 1534 1314 :
1568 1262 1691 1331 quia
1726 1262 1857 1315 vidit
1881 1261 1965 1331 ju-

371 1363 509 1405 stum
535 1363 750 1422 propter
773 1364 969 1406 metum
998 1354 1182 1405 mortis
1222 1353 1433 1406 Sarram
1462 1353 1559 1406 sibi
1586 1353 1812 1405 ablatam
1845 1368 1966 1408 esse

373 1446 586 1499 fortiter
614 1445 755 1498 ferre
782 1488 795 1510 ,
829 1455 883 1499 et
915 1460 1096 1515 regem
1124 1460 1242 1499 eam
1275 1454 1331 1498 ut
1361 1460 1603 1498 sororem
1629 1444 1755 1514 justi
1793 1445 1963 1497 abdu-

373 1552 529 1599 cere,
562 1551 710 1589 suam
752 1535 969 1589 demum
1021 1537 1256 1589 declarat
1308 1535 1733 1606 providentiam,
1764 1538 1965 1604 justum

372 1643 584 1697 quoque
615 1627 957 1680 illustriorem
990 1627 1183 1689 reddit,
1206 1638 1259 1680 et
1286 1628 1499 1680 Sarram
1529 1628 1595 1681 ab
1638 1629 1849 1693 injuria,
1878 1644 1966 1683 rc-

372 1736 492 1790 gem
522 1735 654 1774 vero
685 1736 712 1772 τι
745 1730 965 1788 peccato
994 1721 1202 1773 liberat.
1232 1718 1298 1772 Et
1335 1720 1569 1784 intravit,
1592 1721 1797 1791 inquit,
1830 1720 1969 1775 Deus

372 1813 441 1864 ad
479 1811 768 1864 Abimeleclt
822 1812 875 1863 in
919 1828 1095 1864 somno
1148 1822 1320 1864 nocttt.
1365 1812 1470 1866 Per
1515 1812 1687 1881 ipsum
1715 1854 1730 1877 ,
1766 1813 1962 1882 inquit,

371 1905 550 1959 somni
580 1913 789 1972 tempus
818 1904 1027 1972 eripere
1047 1921 1167 1957 eum
1197 1905 1381 1957 Valens
1407 1903 1475 1957 ab
1498 1904 1794 1973 iniquitate,
1820 1904 1968 1959 dedit

373 1998 540 2050 menti
580 1996 698 2065 ejus
738 1996 1015 2049 scientiam
1060 2004 1113 2049 et
1157 1995 1365 2049 occulta
1410 1996 1799 2057 manil’estavit,
1831 1997 1969 2049 mul-

372 2098 592 2157 tumque
620 2098 821 2141 metum
861 2086 1009 2139 auxit
1033 2086 1430 2140 intermiuaudo
1455 2095 1703 2141 mortem.
1734 2086 1969 2139 Morieris

372 2180 540 2244 enirn,
575 2179 764 2248 inquit,
796 2189 1003 2247 propter
1028 2177 1321 2241 mulierem,
1354 2194 1503 2246 quam
1533 2178 1785 2231 abstulisti
1818 2194 1837 2231 .'
1868 2179 1966 2231 ista

371 2282 541 2324 autent
581 2271 957 2324 contubernalis
1002 2280 1072 2324 est
1117 2270 1241 2323 viro.
1276 2271 1330 2324 4.
1362 2270 1646 2324 Abimeleclt
1675 2281 1839 2324 autem
1868 2288 1970 2325 non

374 2364 607 2433 tetigerat
639 2363 803 2416 illaut.
843 2362 968 2416 Haec
993 2371 1171 2417 autem
1216 2361 1391 2417 omnia
1422 2360 1561 2417 facta
1589 2373 1744 2428 sunt,
1778 2372 1835 2415 ιιι
1876 2364 1969 2417 Dei

376 2455 661 2523 promissio
712 2453 850 2508 facta
916 2454 1238 2525 patriarchm
1295 2453 1626 2523 impleretur.
1685 2454 1970 2508 Enimvero

373 2552 493 2618 quia
525 2549 684 2618 paulo
712 2557 870 2603 antea
899 2548 996 2616 ipsi
1028 2548 1346 2616 promiserat
1389 2547 1536 2601 Isaac
1575 2562 1695 2601 esse
1735 2548 1969 2601 nascitu-

373 2659 514 2709 rum,
539 2652 594 2697 et
633 2658 800 2713 prope
838 2642 1024 2695 aderat
1070 2650 1316 2709 tempus:
1342 2649 1402 2694 ιιι
1441 2656 1508 2695 ne
1556 2641 1683 2709 quid
1730 2641 1972 2695 ofﬁceret

377 2736 715 2805 promissioni
744 2735 855 2798 Dei,
877 2742 1078 2787 tantum
1109 2733 1352 2785 timorem
1383 2732 1432 2784 in
1456 2731 1766 2786 Abimelcch
1796 2731 1970 2784 immi-

373 2830 463 2893 sit,
485 2838 542 2881 ut
570 2828 844 2897 perculsus
871 2827 1048 2880 animo
1071 2824 1286 2880 Sarram
1312 2827 1571 2896 attingere
1594 2840 1696 2879 non
1723 2825 1961 2879 auderet.

374 2922 601 2989 PrOpter
633 2920 734 2975 hoc
764 2920 905 2973 enim
932 2919 1128 2987 adjecit
1147 2918 1323 2971 divina
1352 2918 1625 2987 Scriptura
1645 2941 1660 2977 ε
1680 2916 1966 2970 Abimelech

374 3031 476 3066 non
511 3013 743 3083 tetigerat
768 2994 912 3064 illam
943 3026 962 3063 :
990 3010 1082 3064 sed
1110 3019 1163 3063 et
1189 3008 1254 3063 de
1288 3009 1521 3063 facinore
1547 3023 1607 3062 sc
1642 3008 1880 3062 defendit
1906 3023 1971 3064 ac

374 3107 504 3160 dicit
534 3126 547 3158 ε
582 3104 821 3170 Domine,
847 3115 1046 3174 gentem
1078 3104 1272 3173 justam
1311 3112 1357 3155 et
1399 3103 1710 3170 ignorantem
1747 3101 1923 3171 perdes
1944 3102 1970 3154 I’

374 3197 640 3267 Numquid
672 3199 870 3261 sciens,
902 3196 1089 3266 iuqttit,
1124 3210 1342 3249 uxorem
1366 3195 1482 3264 ejus
1504 3211 1622 3250 esse
1647 3236 1662 3260 ,
1688 3194 1791 3250 hoc
1824 3195 1967 3249 feci?

375 3290 635 3359 numquid
684 3290 876 3359 injuria
917 3290 1258 3358 peregrinum
1306 3287 1522 3341 allicere
1558 3287 1782 3341 volens?
1809 3303 1968 3340 num-

376 3382 501 3450 quid
558 3389 615 3434 ut
666 3396 889 3434 uxorem
946 3379 1062 3448 ejus
1115 3377 1401 3432 auferens?
1449 3378 1515 3434 Ut
1562 3394 1802 3433 sororem
1849 3395 1965 3433 eam

374 3481 691 3541 accepturus
713 3472 813 3525 hoc
843 3472 947 3542 egi,
977 3481 1122 3525 ratus
1147 3472 1248 3524 hoc
1267 3470 1483 3525 nomine
1508 3480 1561 3525 et
1584 3472 1725 3527 hunc
1752 3473 1967 3527 etillam

379 3564 649 3618 honorari.
673 3562 879 3617 Gentem
901 3564 1082 3633 igitur,
1094 3563 1291 3633 justam
1312 3572 1357 3618 et
1401 3564 1717 3634 ignorantem
1756 3565 1969 3634 perdes?

381 3675 541 3713 mene
579 3659 705 3727 justi
752 3657 932 3711 ofﬁcio
975 3657 1211 3712 functum
1243 3657 1436 3727 perdes
1461 3657 1517 3710 "2
1546 3658 1745 3713 Deinde
1774 3659 1970 3712 clarius

376 3753 609 3805 afferens
656 3750 800 3821 quod
856 3750 1099 3814 (licebat,
1134 3750 1305 3820 inquit
1330 3750 1429 3805 :‘5.
1468 3749 1653 3804 Nonne
1694 3753 1802 3821 ipse
1846 3753 1970 3804 mihi

377 3846 527 3905 dixit.
558 3843 720 3898 Soror
750 3859 860 3896 mea
900 3853 1005 3906 est,
1051 3853 1096 3895 et
1127 3843 1240 3910 ipsa
1266 3843 1390 3895 ini/ti
1419 3842 1547 3896 dixit
1566 3884 1581 3907 ,
1615 3841 1801 3896 Frater
1830 3860 1970 3896 meus

376 3938 493 3991 cst?
525 3935 654 3991 Vide
693 3951 811 3990 cum
864 3944 1065 4005 quanto
1109 3949 1372 3988 consensu
1428 3944 1484 3989 et
1538 3935 1823 3989 concordia
1868 3936 1969 3989 hoc

376 4031 606 4099 egerint.
626 4029 691 4083 Et
718 4030 851 4098 ipse,
883 4029 1071 4098 inquit,
1094 4027 1194 4081 hoc
1221 4028 1348 4081 mihi
1381 4029 1548 4093 dixit,
1581 4038 1634 4082 et
1662 4028 1775 4098 ipsa
1803 4027 1969 4082 adsti-

377 4124 553 4193 pulata
583 4131 665 4176 est
685 4122 841 4175 dictis
868 4121 1002 4191 ejus.
1027 4119 1093 4174 1η
1116 4120 1265 4175 corde
1287 4137 1437 4189 puro,
1475 4130 1519 4174 et
1545 4122 1598 4173 in
1627 4122 1826 4190 justitia
1856 4138 1969 4173 uta-

378 4232 531 4267 nuum
556 4214 652 4284 feci
677 4214 789 4277 hoc,
824 4212 1016 4283 inquit,
1044 4228 1150 4267 non
1184 4223 1241 4267 ut
1282 4213 1516 4281 iniquam
1560 4228 1673 4266 rem
1699 4212 1967 4276 facturus,

378 4307 470 4360 Sed
498 4316 552 4359 ut
580 4305 870 4376 legitimam
893 4314 945 4358 et
971 4305 1166 4359 licitam
1194 4304 1824 4374 irreprehensibilcmque
1847 4306 1963 4359 feci.

377 4399 515 4467 Quid
563 4401 722 4469 igitur
778 4398 1039 4467 benignus
1075 4398 1371 4452 Dominus?
1424 4398 1474 4451 6.
1511 4396 1655 4452 Dixit
1702 4410 1869 4451 autent
1923 4400 1966 4452 ei

376 4491 515 4547 Deus
536 4493 589 4545 in
618 4508 812 4545 somno.
843 4491 969 4545 Vide
996 4489 1265 4558 quomodo
1292 4505 1351 4544 se
1381 4500 1698 4559 attetnperat
1728 4493 1966 4545 omnium

380 4586 640 4641 Dominus
661 4628 676 4651 ,
719 4600 868 4640 suam
909 4586 1200 4638 bonitatem
1236 4599 1331 4653 per
1359 4584 1536 4637 omnia
1568 4585 1870 4638 declarans.
1902 4583 1969 4636 Et

377 4695 471 4747 ego
496 4680 601 4733 scio
628 4679 763 4748 quod
793 4679 943 4731 corde
968 4694 1096 4748 puro
1117 4677 1209 4731 hoc
1230 4679 1427 4747 feceris.
1452 4677 1593 4741 Scio,
1616 4679 1804 4747 inquit,
1827 4679 1971 4746 ipsos

378 4774 515 4826 hanc
561 4772 790 4825 fabulam
836 4783 1170 4825 commentos
1215 4785 1367 4834 esse,
1401 4779 1454 4824 et
1486 4779 1535 4822 te
1566 4771 1846 4837 deceptum
1879 4789 1970 4823 eu-

376 4881 494 4920 rum
520 4864 680 4919 dictis
712 4863 814 4917 hoc
844 4862 1038 4918 fecisse
1067 4879 1078 4915 :
1111 4862 1180 4914 ob
1207 4861 1339 4928 hoc,
1368 4871 1426 4915 ut
1455 4877 1523 4915 ne
1563 4877 1660 4931 per
1699 4861 1972 4930 deceptio-

376 4972 499 5012 ucttt
534 4957 672 5011 hanc
703 4971 913 5025 poet-cs,
949 4954 1160 5025 Peperci
1191 4954 1296 5018 tibi,
1331 4971 1393 5006 ne
1424 4963 1477 5006 tu
1503 4970 1732 5024 peccares
1774 4955 1826 5007 in
1870 4971 1967 5009 me.

374 5051 561 5120 Magna
614 5050 759 5104 verbi
809 5059 889 5102 est
943 5047 1339 5114 attemperatio,
1367 5046 1595 5099 maxima
1642 5043 1848 5099 Domini
1890 5057 1971 5099 est

373 5144 683 5199 cfeuientia.
720 5142 774 5195 In
803 5156 920 5202 me,
958 5139 1128 5208 inquit
1149 5180 1162 5203 ,
1195 5139 1489 5193 rediturum
1522 5149 1638 5192 erat
1667 5149 1965 5207 peccatum.

453 5236 553 5304 Qui
596 5236 716 5290 colit
767 5250 935 5289 servos
980 5234 1113 5294 Dei,
1140 5231 1303 5285 Deum
1332 5234 1467 5286 colit.
1493 5262 1566 5273 ——
1586 5232 1716 5286 Nam
1748 5235 1884 5287 sicut
1918 5236 1979 5287 iu-

377 5331 688 5385 hominibus
715 5345 837 5384 cum
864 5328 984 5398 quis
1026 5328 1258 5396 aliquem
1303 5324 1653 5379 domesticum
1698 5326 1747 5379 in
1804 5327 1970 5381 multo

378 5424 586 5477 honore
612 5419 755 5491 apud
776 5419 1054 5474 dominum
1080 5434 1235 5473 suum
1288 5417 1478 5485 injuria
1513 5420 1744 5487 quadam
1769 5418 1966 5486 afficit,

439 5546 456 5576 ί
473 5552 577 5619 “me
602 5557 767 5619 uoces,
794 5544 844 5594 in
863 5559 1046 5619 somno,
1074 5548 1151 5597 hic
1168 5557 1226 5619 _et
1271 5552 1390 5619 infra
1415 5554 1593 5606 desunt
1628 5560 1673 5609 in
1698 5561 1869 5613 Savilio
1913 5574 1965 5619 et

370 5608 420 5714 ξε
650 5609 876 5668 Mss.;sed
900 5609 1142 5661 habentur
1166 5615 1213 5661 in
1238 5615 1400 5665 Morel.
1428 5626 1480 5667 et
1501 5606 1963 5687 aliis,atque"evtiaiii

392 5802 427 5853 ό
454 5741 473 5770 ²
506 5736 695 5836 ςλιὶδιίο.
724 5735 902 5785 omittit
923 5733 1073 5783 verba
1092 5770 1106 5796 ,
1135 5741 1269 5784 Mene
1279 5734 1409 5797 justi
1435 5732 1590 5801 ofﬁcio
1632 5737 1846 5800 functum
1871 5755 1979 5805 per-

430 5818 476 5847 ρς

430 5818 476 5847 ρς

1404 290 1405 293 γ
1442 316 1505 371 lN
1544 316 1693 369 cur.
1745 313 1856 368 xx.
1902 310 2146 367 canes.
2191 313 2416 368 liOlllL.
2462 314 2617 371 XLV.

3569 324 3671 380 ts

2083 428 2181 481 sibi
2221 428 2473 497 injuriam
2505 429 2697 482 factam
2750 439 2901 499 putat
2948 431 3226 492 dominus.
3256 444 3304 487 el
3338 433 3465 489 dicit
3499 453 3512 491 :
3542 436 3665 491 Mihi

2082 522 2327 591 injuriam
2360 522 2529 577 fecisti
2551 539 2643 592 per
2667 538 2728 577 ca
2759 524 2952 593 quibus
2977 542 3006 580 a
3040 534 3090 580 te
3118 525 3446 583 domesticus
3475 528 3664 599 injuria

2080 624 2159 667 est
2189 614 2411 669 affectus
2446 633 2458 668 :
2492 630 2552 667 ea
2580 616 2722 669 enim
2752 631 2869 686 qua:
2900 617 2951 670 in
2982 617 3129 672 illum
3161 622 3584 687 committuntur,
3616 625 3669 677 in

2075 722 2160 758 tne
2185 714 2464 760 transeunt
2498 724 2509 760 :
2545 706 2738 761 eodem
2782 708 2944 762 modo
2967 719 3022 763 et
3044 708 3217 763 bonus
3250 710 3502 766 Dominus
3523 754 3539 778 ,
3564 711 3669 766 Pe-

2073 801 2206 867 perci
2238 800 2343 863 tibi,
2377 800 2565 869 inquit.
2593 810 2649 853 ut
2675 817 2737 854 ne
2763 818 2995 870 peccares
3011 803 3064 856 in
3091 818 3189 857 me.
3208 803 3331 870 Mei,
3365 804 3559 874 inquit,
3590 806 3668 858 fa-

2072 891 2199 943 muli
2235 899 2378 954 sunt,
2408 900 2463 945 et
2512 892 2649 945 adeo
2697 892 2828 946 mihi
2867 894 3248 960 commendati,
3278 904 3335 949 ut
3369 895 3499 950 mihi
3552 897 3666 951 ficri

2072 983 2374 1036 existimem
2405 998 2759 1053 qnazcumque
2790 984 2895 1037 illis
2923 986 3076 1048 fiunt,
3100 986 3213 1041 sive
3236 987 3373 1041 bona
3408 988 3533 1055 sint,
3554 989 3668 1043 siie

2073 1092 2178 1129 non
2208 1075 2345 1129 bona
2381 1092 2393 1127 :
2431 1073 2711 1146 Propterea
2742 1093 2845 1129 non
2874 1076 3044 1129 dimisi
3067 1087 3143 1143 te,
3172 1088 3228 1131 ut
3273 1088 3504 1150 tangeres
3532 1096 3665 1133 eant.

2071 1168 2332 1235 Quoniam
2389 1184 2635 1238 magnam
2691 1186 2876 1223 eorum
2926 1186 3106 1225 curam
3146 1187 3296 1242 gero,
3326 1174 3502 1228 sciens
3526 1174 3667 1245 quod

2073 1275 2167 1329 per
2198 1260 2550 1329 ignorantiam
2582 1260 2721 1316 hanc
2751 1263 2829 1315 eis
2851 1264 3229 1317 contumeliam
3261 1266 3493 1320 fat-turus
3522 1282 3664 1333 eras,

2078 1352 2288 1421 Peperci
2318 1353 2427 1419 tibi,
2458 1361 2511 1405 ut
2537 1370 2597 1406 ne
2626 1369 2856 1423 peccares
2896 1353 2950 1407 in
2995 1371 3092 1408 me.
3126 1355 3205 1410 Ne
3250 1357 3562 1426 simpliciter
3612 1367 3669 1412 ut

2072 1446 2377 1516 quempiam
2402 1446 2699 1515 vulgarium
2724 1448 2981 1517 respicias
3004 1445 3147 1502 hunc
3173 1448 3344 1502 virum
3367 1468 3379 1503 :
3405 1450 3497 1504 sed
3520 1450 3669 1505 disce

2073 1553 2195 1590 eum
2228 1553 2293 1592 ex
2318 1554 2542 1591 numero
2574 1538 2785 1592 illorum
2819 1553 2960 1607 esse,
2994 1555 3221 1610 quorum
3253 1556 3352 1611 ego
3377 1543 3668 1597 maximam

2072 1645 2253 1683 curam
2293 1646 2457 1699 gero,
2504 1641 2557 1685 et
2593 1632 2681 1700 qui
2712 1633 3053 1701 peculiariter
3079 1634 3185 1688 mei
3228 1642 3371 1688 sunt.
3406 1636 3458 1688 7.
3491 1636 3669 1690 Reddo

2072 1722 2227 1791 igitur
2259 1739 2465 1775 uxorem
2496 1724 2623 1784 viro,
2653 1724 2773 1794 quia
2804 1725 3052 1793 propheta
3076 1735 3171 1791 est,
3200 1737 3246 1779 et
3277 1727 3443 1780 orabit
3474 1744 3568 1797 pro
3595 1738 3660 1793 te,

2073 1825 2119 1867 et
2146 1816 2297 1869 vives.
2328 1815 2462 1871 Vide
2496 1817 2767 1886 quomodo
2808 1819 3061 1873 virtutem
3095 1819 3225 1888 justi
3271 1821 3508 1891 detegit:
3542 1838 3666 1893 pro-

2076 1908 2288 1975 phetam
2324 1908 2496 1976 ipsum
2531 1921 2720 1973 vocat,
2751 1920 2806 1964 et
2844 1911 3231 1978 propemodum
3262 1912 3459 1979 efficit,
3487 1924 3544 1966 ttt
3574 1930 3667 1968 rex

2073 1999 2367 2067 supplicem
2392 2014 2449 2053 se
2479 2000 2526 2052 ei
2556 2001 2809 2070 prtebeat.
2841 2000 3019 2055 Orabit
3044 2002 3187 2056 enim
3220 2020 3312 2073 pro
3340 2014 3417 2069 te,
3437 2015 3484 2057 et
3515 2005 3665 2059 vives.

2075 2090 2167 2146 ille
2197 2092 2393 2147 etenim
2416 2133 2431 2159 ,
2466 2094 2657 2162 inquit,
2681 2095 2883 2149 veritus
2915 2108 2982 2149 ne
3013 2094 3351 2149 occideretur
3380 2112 3409 2149 a
3441 2097 3670 2158 te,hauc

2073 2184 2392 2238 conumdiam
2424 2185 2694 2251 instruxit,
2729 2195 2783 2239 et
2810 2186 2961 2254 quasi
2990 2196 3315 2255 cooperatus
3345 2197 3427 2241 est
3461 2188 3510 2241 in
3541 2203 3668 2241 cou-

2074 2278 2346 2330 tumeliam
2400 2278 2575 2331 Sarra:
2607 2294 2619 2329 :
2654 2277 2793 2332 scias
2846 2290 3026 2333 autem
3080 2280 3220 2333 illius
3269 2296 3458 2349 preces
3502 2283 3665 2337 vitam

2076 2372 2166 2424 tibi
2224 2370 2540 2440 praebiturus
2586 2388 2726 2427 esse.
2760 2372 2961 2427 Deinde
3011 2384 3067 2427 ut
3119 2390 3186 2428 ne
3234 2376 3666 2446 concupiscentia
3719 2371 3726 2377 ’

2076 2465 2336 2534 flagrans,
2377 2476 2431 2519 et
2489 2466 2879 2534 pulchritudine
2934 2464 3111 2521 Sarrae
3164 2468 3372 2533 victus,
3416 2469 3665 2523 mandata

2075 2567 2401 2621 ciunt-munt,
2426 2557 2664 2609 immittit
2693 2566 2748 2611 et
2772 2559 3019 2612 timorem
3044 2600 3058 2623 ,
3081 2568 3137 2613 et
3167 2560 3425 2629 majorem
3456 2576 3665 2630 pteuam

2076 2648 2306 2700 minatur
2327 2663 2385 2700 se
2411 2647 2774 2703 inducturum.
2808 2649 2956 2714 Quod
2987 2653 3029 2704 si
3059 2668 3159 2704 non
3188 2652 3384 2706 dederis
3408 2695 3421 2717 ,
3451 2655 3622 2723 inquit
3646 2696 3663 2722 ,

2074 2740 2205 2793 scias
2243 2740 2377 2807 quod
2422 2741 2648 2794 morieris
2687 2751 2739 2795 tu
2784 2754 2829 2793 et
2873 2744 3042 2795 omnia
3092 2754 3197 2795 ttta.
3243 2743 3357 2797 Non
3408 2746 3581 2799 solum
3613 2757 3667 2799 tu

2077 2832 2451 2886 llIODCtllCllllJ}
2482 2848 2696 2902 pmnam
2732 2834 2844 2887 lues
2864 2876 2877 2899 ,
2908 2834 2999 2887 sed
3031 2847 3084 2888 ct
3114 2835 3292 2888 omnia
3327 2846 3412 2889 tua
3453 2849 3668 2907 propter

2079 2936 2128 2980 le
2156 2939 2301 2980 mors
2326 2925 2534 2996 perdet.
2565 2928 2643 2981 Ob
2674 2927 2773 2980 hoc
2797 2937 2971 2981 autem
3006 2944 3096 2997 per
3126 2938 3332 2996 tempus
3358 2934 3530 2984 noctis
3557 2932 3669 2986 lut-c

2075 3018 2255 3072 omnia
2282 3017 2423 3072 Deus
2454 3018 2502 3072 ei
2534 3018 2783 3087 loquitur,
2817 3020 2946 3073 utin
2972 3020 3151 3088 quiete
3181 3031 3399 3088 accepta
3427 3022 3669 3075 admoui-

2078 3111 2242 3174 tione,
2276 3126 2472 3181 magno
2504 3111 2695 3165 timore
2720 3112 2974 3179 imperata
3004 3111 3180 3166 faciat.
3209 3113 3262 3167 8.
3293 3112 3424 3166 Nam
3450 3111 3664 3177 Statim,

2076 3203 2266 3273 inquit,
2301 3221 2450 3258 mane
2481 3221 2694 3275 surgens
2717 3204 3005 3257 Abimeleclt
3032 3205 3223 3259 vocavit
3245 3222 3425 3276 pueros
3450 3223 3591 3273 suos,
3617 3219 3661 3260 et

2076 3297 2313 3365 loquutus
2332 3306 2402 3349 est
2433 3296 2605 3349 omnia
2636 3296 2781 3348 verba
2811 3294 2921 3349 hwc
2953 3296 3006 3349 in
3035 3312 3185 3350 aures
3205 3313 3398 3351 eorum.

2147 3390 2199 3440 4.
2236 3387 2368 3442 Vide
2408 3388 2678 3457 quomodo
2720 3402 2816 3440 rex
2863 3386 2920 3439 ﬁt
2953 3402 3127 3456 pra°co
3159 3389 3369 3443 virtutis
3390 3389 3519 3458 justi
3556 3433 3570 3455 ,
3616 3400 3668 3444 et

2076 3495 2197 3535 eum
2230 3480 2478 3534 omnibus
2504 3479 2843 3534 manifestum
2883 3480 3080 3535 reddit.
3122 3481 3336 3534 Vocatis
3369 3483 3511 3536 enim
3544 3525 3558 3545 ,
3593 3483 3669 3535 iu-

2075 3573 2209 3640 quit,
2242 3572 2493 3627 omnibus
2513 3573 2692 3641 pueris
2720 3573 2830 3626 suis
2854 3614 2868 3638 ,
2909 3573 3146 3627 narrat-it
3174 3575 3350 3627 omnia
3373 3576 3472 3628 sibi
3502 3590 3532 3628 a
3562 3577 3669 3629 Dco

2077 3665 2434 3731 manifestata,
2455 3675 2511 3719 ut
2536 3681 2722 3719 onmes
2747 3666 2946 3719 scirent
2972 3675 3026 3719 et
3051 3665 3145 3719 Dei
3172 3681 3293 3736 erga
3328 3667 3472 3720 illum
3504 3667 3670 3721 bene-

2075 3760 2383 3821 volentiam.
2415 3767 2469 3813 et
2495 3768 2750 3829 quantum
2782 3759 2889 3813 Deo
2915 3774 3058 3813 cura:
3087 3769 3227 3812 esset
3260 3768 3476 3828 propter
3504 3760 3668 3828 ipsius

2078 3865 2256 3906 mores
2287 3860 2343 3906 et
2366 3851 2638 3905 virtutem.
2690 3849 2987 3903 Timuerunt
3018 3859 3182 3902 autem
3220 3867 3391 3903 onmes
3437 3851 3662 3903 homines

2076 3946 2242 3998 valde.
2269 3944 2458 3997 Vidisti
2488 3942 2757 4013 quomodo
2796 3957 2900 3995 nou
2945 3943 3138 3995 frustra
3175 3951 3224 3996 et
3272 3942 3474 4011 absque
3504 3958 3663 3997 causa

2080 4039 2235 4093 toties
2264 4037 2677 4107 transmigrabat
2714 4036 2937 4106 justus?
2969 4035 3099 4088 Nam
3147 4036 3188 4087 si
3226 4034 3276 4087 in
3327 4035 3670 4089 tabernaculo

2076 4146 2172 4181 suo
2201 4129 2370 4200 primo
2400 4129 2680 4182 mansisset
2709 4168 2724 4193 ,
2757 4126 2897 4181 unde
2941 4127 3238 4195 potuissent
3263 4126 3523 4181 Gcrarita‘
3549 4144 3668 4182 om-

2079 4240 2170 4275 ncs
2193 4222 2329 4276 scire
2350 4219 2788 4290 quantamjustus
2802 4218 2940 4288 apud
2964 4219 3128 4273 Deum
3154 4218 3369 4273 haberet
3398 4219 3671 4273 fiduciam?

2083 4314 2374 4367 Timuerunt
2409 4324 2577 4366 autem
2601 4328 2773 4366 omnes
2798 4312 3022 4364 homines
3049 4311 3212 4364 valde.
3246 4310 3463 4380 Magnus
3492 4312 3543 4365 in
3568 4328 3665 4366 eos

2081 4409 2239 4459 timor
2286 4406 2554 4459 immissus
2600 4405 2665 4457 (le
2712 4419 2887 4457 rerum
2927 4417 3135 4456 summa
3186 4402 3413 4456 faciebat
3459 4405 3666 4457 anxios.

2079 4500 2267 4552 Postea
2312 4498 2586 4566 sequitur:
2620 4496 2672 4551 9.
2717 4496 2921 4549 Vocavit
2962 4495 3247 4548 Abimeleclt
3296 4496 3664 4550 Abrahamum.

2075 4590 2365 4643 Considera
2399 4589 2451 4643 in
2492 4597 2688 4657 quanta
2715 4587 2878 4657 gloria
2904 4588 3081 4655 justus
3110 4597 3291 4655 postea
3316 4588 3454 4656 apud
3485 4604 3664 4659 regem

2076 4682 2205 4751 agit,
2236 4681 2323 4751 qui
2354 4679 2511 4749 paulo
2533 4688 2687 4734 antea
2705 4679 2772 4732 ab
2797 4680 3042 4732 omnibus
3059 4679 3332 4749 despectui
3354 4680 3671 4749 habebatur,

2076 4775 2226 4844 quasi
2257 4789 2381 4827 erro
2407 4781 2461 4827 et
2486 4772 2816 4841 peregrinus.
2843 4771 3006 4839 [gitur
3033 4786 3151 4825 cum
3174 4786 3363 4827 omnes
3383 4774 3667 4828 convenis-

2077 4875 2216 4931 sent,
2248 4877 2468 4919 vocatur
2493 4865 2672 4917 statim
2702 4863 3023 4932 patriarcha,
3043 4863 3133 4932 qui
3158 4863 3288 4917 nihil
3312 4863 3500 4917 horum
3533 4864 3661 4916 scie-

2078 4960 2167 5014 bat
2199 4958 2507 5027 ,didicitque
2538 4966 2717 5026 postea
2748 4972 2778 5010 a
2805 4971 2929 5024 rege
2957 4956 3072 5023 ipso
3106 4997 3120 5021 ,
3153 4970 3272 5024 quae
3309 4964 3525 5026 propter
3550 4969 3611 5010 se
3638 4969 3669 5010 ε

2080 5054 2190 5107 Deo
2215 5052 2289 5106 illi
2333 5050 2467 5104 facta
2505 5058 2678 5103 erant.
2706 5048 2851 5101 Dixit
2889 5049 3022 5101 enim
3052 5048 3096 5101 ei
3117 5064 3135 5101 :
3165 5047 3335 5113 Quare
3368 5050 3461 5102 ltoc
3507 5049 3670 5120 fecisti

2078 5147 2217 5199 nobis
2243 5146 2269 5198 ?
2292 5144 2412 5215 quid
2441 5142 2751 5208 peccavimus
2778 5143 2830 5194 in
2859 5152 2906 5193 te
2932 5184 2945 5205 ,
2978 5141 3113 5210 quod
3134 5141 3381 5193 induatisti
3406 5156 3549 5208 super
3587 5156 3670 5194 me
3716 5159 3733 5175 ’

2077 5250 2123 5291 et
2145 5253 2295 5306 super
2324 5251 2534 5304 regnum
2564 5250 2727 5287 meum
2748 5243 3005 5302 peccatum
3023 5248 3262 5299 magnum
3292 5231 3317 5283 ?
3338 5229 3482 5290 Rem,
3513 5247 3665 5297 quam

2078 5331 2247 5383 nullus
2270 5333 2476 5398 faceret,
2512 5328 2673 5397 fecisti
2702 5326 2866 5379 nobis.
2900 5325 2983 5381 10.
3009 5324 3146 5387 Quid
3166 5323 3336 5376 videns
3362 5323 3526 5391 fecisti
3548 5323 3670 5378 hoc?

2078 5424 2255 5489 Quare
2282 5423 2334 5475 in
2365 5430 2591 5483 tantum,
2624 5420 2813 5488 inquit,
2840 5418 3048 5471 voluisti
3083 5429 3169 5471 me
3208 5415 3441 5469 incidere
3472 5431 3665 5485 pecca-

2079 5515 2228 5568 tum?
2255 5529 2351 5566 cur
2371 5526 2422 5567 et
2443 5512 2564 5582 quid
2595 5513 2834 5580 cogitans
2873 5509 2973 5562 hoc
3004 5508 3171 5562 fecisti
3194 5508 3217 5561 ?
3242 5507 3373 5561 Vide
3400 5509 3668 5594 quomodo

2079 5624 2173 5677 per
2211 5607 2369 5659 verba
2418 5621 2510 5659 sua
2559 5605 2757 5657 indicat
2801 5604 2971 5656 minas
3002 5644 3017 5666 ,
3045 5617 3164 5671 qua)
3211 5617 3239 5655 a
3284 5601 3391 5656 Deo
3418 5603 3516 5656 sibi
3545 5612 3668 5657 sunt

2079 5703 2247 5753 facian
2271 5700 2530 5766 Quoniam
2552 5697 2692 5751 enim
2732 5695 2942 5748 dixerat
2972 5695 3041 5760 ei,
3075 5692 3222 5759 Quod
3245 5696 3287 5747 si
3311 5712 3408 5748 non
3437 5698 3667 5749 reddide-

2087 5798 2177 5862 ris,
2208 5792 2434 5845 morieris
2465 5802 2515 5843 tu
2555 5800 2599 5842 et
2626 5788 2794 5842 omnia
2829 5797 2912 5839 tua
2936 5803 2954 5840 .'
2987 5785 3085 5839 hoc
3116 5785 3286 5856 ipsum
3313 5787 3661 5855 interpretans
