2042 3178
187 157 238 185 ὃηῆ

188 212 344 240 Abimclcch
365 211 431 238 dicit
448 220 453 238 :
472 210 540 245 Quid
558 209 657 245 procaci
671 209 697 235 in
712 214 735 234 te
751 229 758 240 ,
774 207 843 241 quod
857 205 982 234 induisti

185 266 260 292 super
279 266 319 284 me
331 264 354 284 et
377 266 453 292 super
467 265 572 292 regnum
592 264 673 283 meum
698 259 828 289 peccatum
842 252 983 288 magnum?

185 304 317 340 Numquid
339 304 413 332 solus
433 311 527 339 plenas
542 311 616 330 eram
632 302 743 329 daturus
753 301 765 327 ?
776 300 860 327 Onme
873 305 983 333 regnum

186 358 275 378 meum
289 351 367 378 simul
381 350 545 385 perdendum
561 353 619 377 erat
629 356 661 376 ex
675 347 832 381 deceptione
845 352 926 380 quam
944 345 983 371 fe-

187 397 257 425 cisti.
266 397 334 430 Quid
345 397 429 424 vidisti
440 401 467 423 ut
478 396 524 423 hoc
535 397 630 432 faceres
640 395 651 422 ?
661 393 806 421 Considera
816 392 869 424 hic,
877 391 984 422 dilecte,

189 442 250 481 justi
261 443 441 478 prudentiam,
451 441 585 478 quomodo
593 439 784 468 satisfactionis
798 438 856 466 loco
872 437 898 464 in
912 437 987 471 agni-

190 489 288 517 iioncm
315 488 362 516 Dei
389 489 449 516 illos
473 487 635 515 introducat.
652 486 695 513 Η.
709 484 771 512 Dixi
784 484 868 515 enim,
881 482 984 516 inquit,

190 533 260 561 Num
280 534 344 569 [orte
359 542 410 560 non
422 539 458 561 est
475 534 550 560 timor
563 532 611 559 Det
629 532 656 559 in
674 532 729 558 loco
742 531 801 562 ista,
818 537 905 564 meque
921 528 987 555 occi-

188 583 248 610 dent
262 587 364 617 propter
378 590 482 609 uxorem
493 581 530 616 (ιι)
543 582 556 608 γ
574 580 655 614 Quasi
665 579 776 611 diceret,
787 577 869 604 Valde
881 583 987 604 mecum

188 629 284 655 anxius
298 628 344 661 fui,
361 636 394 655 ne
408 629 475 654 forte
489 635 521 654 eo
535 626 605 661 quod
619 625 707 653 adhuc
720 624 856 653 erroribus
871 622 986 650 tenemi-

188 674 234 708 ni,
251 673 322 701 nulla
350 674 425 700 vobis
452 673 562 708 justitiae
585 680 648 700 cura
673 672 728 699 sit:
745 670 853 706 propter
877 669 930 696 hoc
952 667 989 695 si-

189 720 299 753 mulavi,
315 720 390 747 vobis
402 727 513 754 parcens
528 739 537 751 ,
559 723 588 746 ut
603 726 636 745 ne
651 738 659 751 ,
686 717 709 745 si
734 715 916 750 intelligeretis
930 721 990 741 eain

190 773 301 794 uxorem
322 774 409 793 meam
430 765 512 793 fuisse
527 785 535 797 ,
550 765 620 800 capti
633 764 691 799 ejus
706 770 798 790 amore
810 761 933 789 occidere
948 767 991 787 me

193 812 344 840 tentaretis.
361 811 428 839 Vide
440 811 573 847 quomodo
597 818 645 846 per
664 817 748 846 pauca
770 809 815 836 illa
834 808 916 836 verba
932 807 992 834 illos

190 864 299 893 carpat,
313 864 341 886 et
363 858 443 886 simul
463 859 559 886 doceat
577 862 703 893 oportere
727 864 787 884 eum
801 856 845 891 qui
867 855 949 882 Deum
964 854 992 881 in

192 909 280 932 mente
296 905 386 938 habet,
401 905 465 931 nihil
478 904 597 939 iniquum
611 910 691 939 agere
704 923 712 936 ,
728 902 776 930 sed
790 902 897 937 vigilem
914 900 990 927 illum

192 951 299 978 oculum
316 952 410 979 timere
421 971 430 984 ,
445 956 472 978 et
486 951 520 979 ob
535 958 641 986 pcenam
657 971 665 984 ,
676 957 736 985 quae
746 949 781 976 ab
792 949 838 976 illo
848 948 967 975 imminet
982 967 991 980 ,

193 998 301 1024 multant
321 997 431 1032 justitite
450 1005 540 1025 curam
563 1004 667 1032 gerere.
682 996 780 1024 Postea
794 995 888 1022 volens
903 1002 950 1029 pro
963 1001 993 1021 se

193 1042 376 1070 defensionem
391 1042 498 1076 atl'erre,
510 1042 550 1071 Ne
565 1042 672 1077 putetis,
686 1042 789 1077 inquit,
806 1049 849 1068 mc
859 1040 938 1069 etiam
952 1040 993 1067 sic

194 1089 333 1116 mentitum
347 1096 417 1116 esse.
432 1089 475 1116 12.
491 1088 591 1116 Etenim
602 1096 675 1115 soror
685 1096 740 1114 mea
750 1092 786 1114 est
801 1095 833 1114 ea:
843 1092 914 1122 patre
924 1106 930 1116 ,
947 1085 993 1113 sed

194 1144 244 1162 non
261 1143 292 1162 ca:
306 1140 404 1167 matre;
418 1136 479 1162 data
499 1141 584 1162 autem
606 1134 669 1161 mihi
690 1139 727 1161 est
748 1134 773 1160 in
797 1141 913 1161 uxorem.
927 1133 995 1166 Quia

194 1182 316 1209 eumdem
332 1187 433 1217 patrem
449 1187 542 1214 vocat,
560 1182 662 1216 inquit.
678 1188 757 1216 quem
771 1186 798 1208 et
808 1187 873 1215 ego;
890 1179 950 1206 ideo
964 1183 993 1205 et

196 1236 317 1256 sororem
341 1229 426 1263 ipsam
451 1228 555 1255 vocavi.
580 1227 619 1255 Ne
638 1227 717 1262 igitur
733 1225 916 1253 condemnetis
940 1232 994 1252 me.

197 1273 264 1301 Nam
283 1274 334 1301 etsi
355 1278 441 1300 metus
462 1273 555 1300 mortis
569 1273 594 1300 in
609 1272 676 1300 hanc
690 1279 733 1299 me
747 1271 934 1299 necessitatem
947 1277 995 1298 co-

198 1319 293 1355 egerit,
305 1319 402 1355 etquia
417 1320 491 1347 timui
506 1327 538 1346 ne
551 1319 620 1346 forte
634 1323 741 1354 propter
754 1326 813 1346 eam
831 1326 874 1346 me
888 1317 996 1345 occide—

196 1366 279 1399 retis,
294 1366 377 1400 ipsam
404 1371 493 1393 autem
520 1365 547 1397 in
572 1365 626 1392 vita
646 1364 861 1392 conseri-oretis:
876 1368 995 1390 attamen

197 1419 283 1446 neque
290 1412 330 1438 sic
343 1415 384 1439 est
396 1411 563 1438 mendacium
579 1410 650 1446 quod
665 1418 679 1437 a
691 1418 733 1438 me
748 1410 847 1437 dictum
860 1413 911 1437 est.
929 1409 995 1436 Vide

197 1465 275 1491 quam
290 1456 432 1492 diligenter
445 1457 498 1492 agit
514 1457 619 1492 jllSlllS,
635 1460 664 1483 ut
682 1460 813 1483 monstret
825 1462 854 1482 se
869 1462 955 1490 neque
969 1454 996 1482 in

197 1502 248 1529 hoc
261 1503 413 1530 mentitum.
430 1503 463 1530 Et
478 1507 508 1530 ut
520 1503 609 1530 omnia
622 1523 629 1535 ,
647 1502 732 1537 inquit
745 1522 753 1534 ,
767 1501 908 1536 diligenter
922 1509 936 1528 a
948 1508 990 1528 me

197 1550 298 1581 sciatis,
311 1549 401 1577 audite
412 1553 439 1577 et
452 1549 591 1576 consilium
605 1569 612 1580 ,
627 1548 698 1584 quod
710 1548 780 1575 inter
800 1555 849 1575 nos
861 1548 996 1581 inivtmus,

201 1596 241 1621 l5.
258 1595 366 1627 Quando
394 1595 483 1622 eduxit
512 1603 552 1623 me
581 1594 649 1622 Deus
676 1594 707 1622 de
728 1594 802 1621 domo
832 1594 911 1629 patris
938 1594 998 1622 mei.

201 1641 346 1668 tionsidera
360 1661 368 1673 ,
384 1641 497 1668 obsecro
511 1661 519 1674 ,
532 1641 576 1667 hic
600 1648 722 1675 magnam
737 1640 801 1674 justi
816 1640 975 1675 sapientiam
989 1659 996 1668 .

198 1687 332 1722 quomodo
347 1688 373 1714 in
391 1688 461 1715 serie
479 1688 639 1714 narrationis
649 1687 728 1714 docet
740 1694 788 1714 eos
799 1706 808 1720 ,
822 1694 852 1714 se
865 1694 879 1713 a
894 1686 996 1721 princi-

203 1733 246 1766 pio
259 1732 341 1760 fuisse
356 1733 525 1768 peculiariter
547 1733 684 1760 addictum
707 1733 762 1760 Deo
776 1753 783 1765 ,
799 1737 827 1759 et
843 1732 926 1759 Deum
941 1739 970 1758 se
983 1738 998 1758 a

204 1779 285 1806 domo
298 1786 345 1806 sua
361 1779 515 1806 evocavisse
526 1800 533 1812 ,
549 1784 577 1806 et
596 1780 621 1806 in
644 1787 705 1807 eum
722 1779 807 1806 locum
829 1779 955 1809 duxisse:
971 1782 1000 1805 ut

200 1826 268 1852 sciat
282 1833 328 1852 rex
344 1846 352 1858 ,
367 1833 400 1853 ex
422 1833 514 1852 eorum
535 1832 648 1852 numero
666 1832 727 1852 esse
748 1824 930 1852 Abrahamum
952 1823 999 1858 qui

200 1879 322 1906 magnam
348 1872 374 1898 in
393 1871 447 1898 Dco
469 1871 566 1899 habent
591 1871 723 1898 liduciam.
746 1870 855 1903 Quando
868 1891 876 1904 ,
891 1869 975 1904 inquit
990 1889 999 1902 ,

203 1919 292 1946 eduxit
304 1926 344 1945 me
354 1917 424 1944 Dens
436 1927 466 1946 ex
476 1918 552 1945 domo
565 1918 646 1950 patris
660 1918 718 1949 mei,
730 1917 842 1944 dicebam
857 1918 878 1943 ei
894 1924 903 1943 .'
925 1916 1000 1942 Hm:

198 1965 323 2000 justitiam
338 1964 415 1999 facies
430 1964 455 1991 in
467 1972 515 1996 me,
527 1964 553 1991 in
563 1964 632 1990 omni
643 1964 709 1995 loco,
722 1964 747 1990 in
761 1971 834 1998 quem
848 1963 997 1994 venerimus,

201 2012 242 2038 dic
259 2020 267 2038 :
286 2011 377 2038 Frater
392 2019 461 2038 meus
473 2015 519 2038 est.
543 2011 610 2043 Quia
633 2012 705 2038 enim
728 2010 851 2044 superius
873 2008 976 2036 dixerat
992 2017 999 2035 :

204 2057 264 2084 Dixi
280 2057 357 2089 enim,
374 2065 436 2083 num
450 2059 517 2092 forte
531 2065 581 2084 non
593 2061 629 2083 est
640 2057 715 2083 timor
723 2055 771 2082 Dei
782 2056 808 2082 in
820 2055 875 2082 loco
888 2055 937 2080 isto
952 2074 958 2084 .
974 2059 1001 2081 et

200 2103 341 2131 videbatur
359 2110 405 2130 eos
418 2103 528 2129 nimium
542 2110 663 2137 carpere,
680 2102 772 2129 volens
785 2101 907 2136 mitigare
921 2107 1000 2134 aspe-

200 2150 307 2177 ritatem
322 2148 405 2182 verbi,
418 2148 461 2176 hic
480 2148 555 2180 dicit,
566 2148 605 2176 Ne
618 2148 716 2183 putetis
731 2154 773 2174 me
786 2146 838 2173 ltoc
852 2146 937 2173 solum
956 2153 1000 2173 ve-

202 2195 250 2222 stri
264 2194 349 2229 gratia
360 2194 465 2221 fecisse.
476 2194 570 2222 Statim
580 2194 651 2221 enim
667 2192 777 2226 Quando
788 2191 876 2219 educit
885 2199 923 2218 me
932 2190 1000 2218 Deus

202 2242 234 2267 de
248 2241 322 2268 domo
341 2241 420 2275 patris
432 2242 492 2273 mei,
509 2241 623 2267 dicebam
637 2240 671 2266 ad
693 2247 748 2266 eam
765 2247 773 2266 :
791 2238 864 2265 Hanc
871 2238 1000 2273 justitiam

202 2288 280 2322 facias
300 2286 362 2313 mihi
377 2287 404 2313 in
421 2287 489 2313 omni
503 2286 558 2313 loco
572 2306 579 2318 ,
601 2286 629 2312 in
649 2293 722 2320 queat
736 2284 833 2311 venturi
848 2292 945 2311 sanius.
964 2284 1001 2311 De

202 2333 337 2367 oniinibns,
353 2333 447 2368 inquit,
462 2334 506 2368 qui
524 2339 621 2361 terram
631 2332 701 2360 hanc
714 2332 874 2366 inhabitant,
891 2331 1001 2359 manda-

203 2384 258 2406 tum
284 2379 309 2405 ei
333 2378 452 2406 dedi:et
466 2379 556 2406 docuit
576 2379 656 2406 etiam
671 2378 710 2406 sic
730 2378 926 2405 simulationem
942 2377 1001 2405 sine

204 2424 343 2452 mendacio
353 2431 424 2452 esse.
440 2424 532 2451 Mortis
549 2424 620 2452 enim
636 2425 716 2452 timor
740 2424 772 2451 ad
794 2424 844 2451 hoc
865 2431 913 2451 nos
925 2431 1000 2451 cotu-

204 2471 279 2505 pulit.
306 2470 368 2497 Haec
383 2475 412 2497 ut
429 2470 495 2497 dixit
518 2470 606 2505 justus
621 2490 629 2504 ,
653 2470 719 2497 iram
738 2477 830 2497 eorum
855 2470 999 2503 demulsit,

203 2525 334 2551 suamque
346 2517 446 2544 detexit
461 2517 584 2544 virtutem
600 2537 608 2548 ,
634 2521 661 2544 et
675 2516 849 2544 sullicientem
866 2515 1004 2551 religionis

204 2570 275 2590 verte
301 2562 451 2589 doctrinam
475 2563 514 2589 eis
536 2562 654 2589 tradidit.
682 2562 823 2590 Reveritns
846 2563 926 2596 igitur
953 2569 999 2589 rex

205 2615 328 2642 magnam
340 2608 404 2643 justi
417 2608 646 2635 mansuetudinem
660 2629 667 2641 ,
683 2615 776 2642 magna
791 2607 949 2634 liberalitate
958 2614 1002 2634 res

206 2659 332 2682 tuunerat
355 2653 544 2689 patriarcham.
569 2654 636 2681 Dicit
659 2654 729 2680 enim
746 2661 753 2680 :
768 2654 810 2680 lt.
829 2653 929 2687 Accepit
942 2653 1002 2679 Abi-

238 2720 274 2751 (n)
291 2725 345 2744 litec
358 2721 519 2745 Ahrahamum
543 2720 685 2752 loquentem
709 2720 1001 2752 iudttcittilirjsostomus,

204 2753 273 2783 quasi
283 2752 397 2775 videlicet
410 2752 545 2776 Abiinelcch
560 2757 584 2776 et
596 2752 685 2776 subditi
697 2752 760 2775 circa
778 2751 923 2783 religionem
937 2758 1002 2775 erra-

204 2782 269 2807 rent.
286 2784 307 2806 td
316 2786 401 2806 tamen
424 2784 549 2813 scriptura-
561 2784 634 2807 seriei
656 2790 703 2806 non
720 2787 836 2806 consonat
849 2789 854 2806 :
869 2782 1002 2805 exhibetur

205 2820 270 2837 ennn
284 2813 422 2837 .ttximelecb
434 2812 502 2844 quasi
514 2820 563 2838 non
578 2814 650 2838 modo
662 2814 713 2838 veri
726 2814 767 2837 Dei
777 2812 862 2842 cultor,
875 2813 919 2837 sed
929 2813 1002 2837 etiam

205 2845 269 2874 :rqni
282 2851 319 2868 ain
336 2850 372 2868 ns.
395 2844 460 2872 Quod
474 2845 539 2868 enim
558 2845 674 2868 Abraham
686 2844 752 2871 dicit.
764 2847 825 2868 Num
837 2844 897 2874 forte
908 2849 955 2868 non
966 2846 1003 2868 est

205 2874 277 2899 timor
291 2875 332 2898 μιλὶ
344 2875 367 2898 in
381 2874 431 2899 loco
442 2874 486 2899 isto
497 2876 508 2899 γ
521 2876 543 2899 id
558 2876 690 2899 dubitantis
702 2881 769 2899 more
788 2874 854 2905 dicit,
876 2875 931 2905 quia
944 2875 1001 2899 reli-

203 2905 264 2934 gion
276 2914 293 2928 's
306 2910 328 2931 et
343 2913 422 2930 mores
435 2907 516 2937 gentis
528 2907 632 2931 uoudutn
645 2911 762 2937 expertus
775 2911 836 2931 erat.

589 152 616 180 S.
638 150 777 181 JOANNIS
794 146 1029 178 CIIRYSOSTOMI
1044 146 1202 174 ARCHIEP.
1223 145 1490 174 CONSTANTINOP.

1786 148 1838 176 19.0

1039 203 1134 231 melcch
1147 203 1217 231 mille
1231 203 1395 230 didrachmas
1407 223 1415 236 ,
1429 208 1453 230 et
1468 211 1537 236 oves,
1552 207 1574 230 et
1585 203 1687 236 vitulos,
1701 208 1726 231 et
1739 212 1836 236 servos,

1038 256 1061 277 et
1074 251 1184 277 ancillas
1196 272 1203 284 ,
1226 256 1250 277 ct
1274 250 1384 278 reddidit
1397 251 1437 277 illi
1452 250 1560 278 Sarram
1574 259 1678 278 mrem
1693 259 1776 278 suam.
1793 252 1839 279 Vi-

1038 297 1101 325 disti
1116 318 1123 330 ,
1140 297 1235 325 dilecte
1247 317 1255 329 ,
1271 299 1483 332 omnipotentem
1504 302 1531 325 et
1553 298 1654 324 variam
1669 297 1716 325 Dei
1731 299 1839 332 sapien-

1039 344 1103 372 tiam
1114 345 1125 371 ’ἰ
1135 344 1185 377 Qui
1199 345 1270 371 enim
1284 344 1310 371 in
1326 345 1420 372 mortis
1439 344 1559 379 periculo
1569 344 1738 373 'constitutus
1755 351 1813 373 erat
1830 367 1838 379 ,

1039 395 1066 418 et
1076 391 1165 418 omnia
1176 390 1292 418 faciebat
1304 395 1332 417 ut
1344 395 1457 418 mortem
1474 394 1565 426 posset
1579 391 1697 426 cﬂ’ugere
1707 412 1714 422 ,
1731 399 1783 418 non
1797 399 1841 418 δο-

1040 437 1094 464 lum
1108 442 1222 464 mortem
1235 436 1337 471 ell‘ugit,
1348 436 1394 464 sed
1407 441 1433 463 et
1441 444 1563 472 magnam
1574 437 1689 464 obtinuit
1701 437 1839 472 ﬁduciam,

1040 487 1067 510 et
1081 486 1192 516 repente
1203 482 1336 517 gloriosus
1348 483 1432 510 factus
1444 486 1496 510 est.

1077 528 1104 556 5.
1119 527 1147 555 In
1163 528 1235 555 hunc
1247 529 1317 556 enim
1328 528 1437 555 modum
1446 536 1525 564 agere
1537 528 1605 556 solet
1618 529 1688 557 Deus
1704 538 1711 557 :
1726 537 1778 557 non
1792 537 1840 558 so-

1042 574 1096 601 lum
1111 582 1125 600 a
1144 574 1265 602 tristibus
1281 574 1378 601 liberat
1398 582 1445 602 eos
1466 575 1511 610 qui
1530 574 1636 603 fortiter
1657 583 1686 603 se
1703 582 1799 610 gerunt
1813 578 1840 604 in

1043 620 1233 647 tentatiouibus
1243 641 1251 654 ,
1267 621 1293 648 in
1307 628 1374 656 quas
1385 621 1523 654 incidunt;
1539 622 1586 648 sed
1599 627 1625 649 et
1638 626 1737 649 tantam
1752 623 1776 649 in
1792 623 1841 650 ad-

1042 668 1127 695 Versis
1140 667 1242 703 praebet
1257 668 1386 700 laetitiam,
1402 673 1431 695 ut
1444 668 1470 695 in
1485 676 1577 695 eorum
1597 669 1758 696 oblivionem
1778 677 1840 696 0m-

1043 714 1107 741 nitto
1120 714 1243 747 veniant,
1257 718 1284 741 et
1298 714 1323 740 in
1339 714 1421 741 multa
1433 714 1488 741 sint
1501 713 1629 741 bonorum
1643 714 1789 743 afﬂuentia.
1807 715 1842 743 Et

1043 759 1104 787 vide
1126 759 1235 795 insuper
1254 759 1325 794 regis
1345 767 1408 795 erga
1425 760 1527 794 justum
1544 760 1618 787 illum
1637 760 1765 788 ofﬁciunt.
1781 761 1840 789 Non

1044 807 1129 834 solum
1139 806 1210 833 enim
1220 806 1299 833 tantis
1313 806 1467 833 muneribus
1481 806 1553 833 illum
1564 806 1688 840 honorat,
1701 807 1746 834 sed
1760 808 1840 834 etiam

1048 857 1206 887 potestatem
1225 852 1249 879 ei
1272 852 1334 884 dat,
1362 856 1390 879 ut
1405 852 1430 879 in
1446 857 1516 880 terra
1529 860 1575 880 sua
1592 853 1702 881 habitet.
1719 854 1761 881 15.
1777 854 1843 881 Ecce

1045 899 1111 925 enim
1126 918 1133 930 ,
1151 898 1256 933 inquit,
1272 903 1340 925 terra
1352 906 1408 925 mea
1421 906 1507 925 coram
1523 904 1548 925 te
1558 904 1594 926 est
1608 907 1618 932 ;
1637 899 1787 934 ubicumque
1796 901 1842 927 tibi

1045 944 1168 979 placuerit
1180 964 1187 977 ,
1203 943 1300 971 habita.
1315 943 1379 971 Nam
1395 944 1455 979 quia
1470 944 1562 972 didicit
1577 949 1686 980 propter
1698 946 1770 972 illum
1787 967 1794 979 ,
1815 951 1843 973 et

1047 996 1156 1026 propter
1169 991 1239 1018 illitis
1252 999 1346 1027 preces
1365 992 1447 1019 vitam
1462 991 1511 1018 sibi
1525 991 1614 1019 datam
1634 999 1694 1020 esse
1708 1013 1715 1024 ,
1732 993 1792 1019 ideo
1806 994 1841 1019 ita

1047 1038 1073 1065 in
1094 1038 1280 1073 peregrinum,
1293 1046 1433 1071 erronem,
1453 1043 1479 1066 ct
1502 1044 1580 1066 antea
1602 1039 1666 1067 nulli
1689 1041 1841 1075 cognitum,

1047 1086 1122 1120 quasi
1147 1086 1173 1113 in
1195 1085 1391 1113 benefactorem
1407 1090 1433 1112 et
1447 1090 1562 1115 tutorem
1576 1086 1690 1121 aliquem
1706 1087 1844 1114 officiosus

1047 1133 1106 1160 fuit.
1122 1133 1165 1160 16.
1182 1133 1271 1160 δᾶνι-ω
1283 1138 1368 1160 autem
1381 1153 1389 1165 ,
1405 1133 1500 1167 inqttit,
1516 1133 1581 1160 dixit
1597 1141 1606 1160 :
1626 1133 1694 1160 Ecce
1706 1134 1764 1160 dedi
1776 1134 1845 1161 milia

1047 1179 1212 1206 didrachmas
1224 1180 1298 1215 fratri
1312 1184 1366 1206 tuo.
1381 1178 1448 1206 Vide
1463 1178 1608 1214 quomodo,
1624 1184 1732 1214 accepta
1746 1188 1760 1206 a
1772 1180 1845 1214 justo

1046 1224 1166 1252 doctrina
1179 1245 1187 1257 ,
1201 1225 1382 1260 crcdiditejns
1393 1224 1487 1257 dictis,
1504 1230 1583 1260 atque
1598 1225 1654 1260 ipse
1669 1225 1776 1253 fratrem
1792 1226 1845 1253 hn-

1047 1271 1090 1306 jus
1106 1271 1179 1298 illum
1193 1277 1280 1298 vocat.
1298 1271 1339 1298 Ea
1349 1280 1405 1307 qua
1419 1271 1488 1305 dedi,
1506 1272 1600 1307 inquit,
1617 1273 1692 1307 fratri
1705 1277 1758 1305 tuo,
1772 1277 1846 1299 erunt

1047 1318 1075 1345 in
1087 1318 1208 1345 honorent
1222 1318 1307 1345 vultus
1321 1319 1370 1345 tui.
1382 1323 1404 1344 et
1413 1319 1498 1345 omnia
1512 1326 1569 1345 uere
1579 1319 1629 1346 dic.
1645 1319 1712 1352 Quid
1728 1324 1770 1346 est
1780 1340 1787 1352 ,
1809 1319 1844 1346 In

1048 1365 1169 1391 honorem
1182 1365 1265 1392 vultus
1278 1365 1331 1397 tui,
1348 1369 1371 1391 et
1393 1365 1479 1391 omnia
1498 1373 1555 1392 uere
1573 1365 1614 1392 dic
1631 1365 1643 1391 ?
1670 1365 1721 1392 Pro
1736 1365 1769 1392 iis
1785 1373 1847 1400 qua

1049 1418 1098 1446 per
1110 1410 1285 1446 ignorantiam
1300 1418 1441 1446 aggressus
1451 1418 1509 1438 sum
1520 1431 1527 1444 ,
1543 1415 1568 1439 te
1580 1418 1640 1446 qum
1652 1418 1682 1439 es
1694 1420 1761 1438 uxor
1769 1412 1845 1446 justi,

1050 1457 1077 1485 in
1092 1456 1201 1484 domum
1217 1464 1304 1484 meam
1324 1456 1538 1484 introducendo:
1554 1464 1603 1491 pro
1618 1457 1669 1484 hoc
1683 1457 1771 1484 solum
1785 1457 1847 1492 quia

1048 1503 1217 1531 contumeliae
1231 1503 1278 1531 tibi
1289 1507 1381 1531 auctor
1392 1502 1438 1535 fui,
1453 1503 1525 1530 mille
1537 1502 1597 1530 dedi
1612 1502 1791 1534 didrachmas,
1804 1510 1849 1531 re-

1050 1553 1172 1576 sarturus
1185 1556 1216 1576 ca
1232 1556 1292 1584 qua:
1300 1556 1315 1576 a
1326 1556 1369 1576 me
1382 1549 1408 1576 in
1422 1554 1449 1576 te
1461 1548 1655 1576 suntadmissa.
1667 1548 1765 1576 Verum
1783 1548 1848 1576 0m-

1050 1594 1093 1621 nia
1104 1603 1159 1622 vere
1173 1595 1224 1621 dic.
1239 1595 1307 1629 Quid
1319 1594 1451 1630 signiﬁcat
1459 1615 1466 1627 ,
1480 1594 1573 1621 Omnia
1586 1603 1643 1622 vere
1651 1594 1692 1621 dic
1702 1594 1715 1621 Ρ
1727 1594 1827 1621 Omnes
1839 1614 1847 1626 ,

1051 1641 1146 1676 inquit,
1161 1649 1175 1668 a
1192 1645 1217 1668 te
1232 1641 1337 1668 discant
1352 1640 1418 1668 nihil
1437 1641 1555 1676 iniquum
1570 1648 1585 1668 a
1603 1648 1646 1667 me
1659 1639 1757 1667 factum
1768 1647 1847 1673 esse,

1051 1688 1112 1723 quia
1125 1688 1223 1715 intacta
1236 1688 1340 1715 exivisti
1352 1688 1387 1715 de
1400 1687 1481 1714 domo
1494 1694 1563 1714 mea.
1580 1687 1666 1719 Doce,
1685 1687 1788 1722 inquit,
1807 1687 1849 1713 vi-

1052 1742 1110 1762 rum
1124 1739 1198 1761 tuum
1215 1756 1222 1767 ,
1240 1742 1300 1762 esse
1313 1742 1356 1762 me
1368 1735 1537 1761 innocentem
1552 1741 1565 1760 a
1581 1738 1690 1768 peccato
1706 1741 1712 1759 :
1734 1733 1821 1760 discat
1833 1739 1847 1759 a

1053 1785 1088 1812 te,
1104 1781 1170 1808 nihil
1181 1789 1195 1807 τι
1211 1789 1254 1808 me
1269 1780 1368 1808 factum
1378 1788 1449 1808 esse.
1465 1781 1554 1813 Quare
1566 1787 1629 1806 vero
1645 1779 1702 1806 haec
1713 1779 1801 1806 dicit?
1815 1779 1849 1807 Ut

1052 1834 1113 1853 cum
1125 1827 1213 1861 justus
1232 1827 1267 1854 ab
1281 1834 1312 1854 ea
1327 1825 1471 1858 didicerit,
1485 1825 1629 1860 multisque
1647 1825 1726 1852 fuerit
1739 1824 1849 1852 rationi-

1054 1872 1104 1900 bus
1130 1872 1261 1905 edoctus,
1277 1880 1326 1907 pro
1346 1878 1379 1899 eo
1404 1878 1497 1906 preces
1522 1871 1634 1898 Domino
1655 1870 1760 1898 ott‘erat.
1783 1869 1848 1896 Nam

1053 1924 1192 1955 postquam
1205 1919 1250 1946 ille
1262 1919 1328 1946 dixit
1342 1939 1349 1951 ,
1374 1917 1466 1945 Omnia
1479 1925 1536 1944 vere
1549 1917 1609 1944 dic:
1632 1916 1681 1944 hoc
1700 1921 1758 1944 est:
1776 1917 1847 1943 Doce

1054 1966 1139 1993 virum
1154 1970 1227 1992 tuum
1245 1972 1277 1992 ea
1287 1973 1347 2000 quae
1360 1964 1428 1991 facta
1444 1968 1516 1997 sunt,
1530 1964 1619 1990 statim
1635 1962 1753 1990 subdidit
1775 1962 1850 1990 Scri-

1054 2019 1130 2048 ptura
1143 2022 1149 2040 :
1162 2013 1207 2040 17.
1226 2013 1260 2039 Et
1279 2012 1360 2039 oravit
1373 2011 1500 2038 Abraham
1520 2010 1611 2041 Deum,
1629 2015 1653 2037 et
1668 2010 1767 2037 sanavit
1783 2009 1851 2036 Deus

1053 2059 1197 2086 Abiineleclt
1208 2080 1214 2090 ,
1226 2064 1249 2085 et
1263 2066 1366 2085 uxorem
1376 2058 1431 2093 ejus
1444 2078 1451 2090 ,
1466 2062 1489 2084 et
1498 2057 1605 2083 ancillas
1618 2057 1673 2090 eius
1687 2077 1694 2088 ,
1709 2061 1732 2082 et
1748 2064 1850 2090 peperc-

1053 2109 1113 2132 runt
1129 2112 1139 2131 :
1153 2105 1196 2131 18.
1211 2104 1270 2139 quia
1286 2104 1441 2130 concludens
1451 2102 1607 2129 concluserat
1622 2102 1775 2128 extrinsecus
1792 2108 1850 2126 ont-

1054 2159 1112 2177 nem
1126 2150 1226 2177 vulvam
1239 2150 1267 2177 in
1280 2150 1355 2176 domo
1371 2148 1511 2176 Abimelech
1520 2152 1622 2183 propter
1631 2147 1738 2174 Sarram
1746 2154 1851 2173 uxorem

1054 2197 1174 2224 Abrahte.
1189 2196 1257 2224 Vide
1276 2195 1411 2231 quomodo
1425 2195 1554 2222 Dominus
1573 2194 1668 2221 volens
1686 2193 1786 2228 justum
1803 2200 1852 2227 per

1054 2245 1143 2272 omnia
1160 2243 1272 2271 reddere
1285 2242 1458 2270 illustriorem
1472 2262 1479 2274 ,
1495 2240 1619 2276 precibus
1635 2239 1794 2274 patriarcha:
1808 2247 1853 2265 sa.

1055 2291 1138 2318 lutem
1153 2289 1225 2325 regis
1237 2295 1265 2317 et
1280 2288 1400 2316 omnium
1411 2295 1471 2322 qum
1484 2287 1510 2314 in
1521 2287 1602 2314 domo
1617 2285 1687 2313 illius
1702 2289 1789 2316 erant,
1805 2285 1853 2311 do-

1055 2341 1111 2364 nat.
1127 2336 1214 2364 Oracit
1229 2335 1313 2369 enim,
1331 2334 1425 2369 inquit,
1442 2333 1570 2360 Abraham
1585 2331 1668 2358 Deum
1687 2352 1694 2364 ,
1709 2336 1732 2357 et
1753 2338 1853 2357 sariam

1055 2383 1125 2410 Deus
1140 2380 1294 2414 Abimelcch;
1307 2387 1330 2409 et
1343 2389 1447 2408 uxorem
1459 2380 1523 2414 ejus,
1539 2384 1562 2405 et
1574 2379 1681 2405 ancillas
1693 2382 1759 2412 ejus,
1772 2382 1795 2404 et
1810 2385 1854 2411 pe-

1056 2433 1174 2464 pererunt
1184 2436 1193 2454 ε
1204 2428 1263 2462 quia
1277 2427 1430 2454 concludetur
1442 2426 1600 2453 concluserat
1614 2423 1739 2451 Dominus
1752 2423 1852 2450 extrin-

1054 2483 1125 2503 secus
1143 2482 1243 2501 onmem
1257 2473 1356 2500 uuluam
1380 2473 1407 2499 in
1425 2472 1501 2498 domo
1513 2471 1667 2498 Abimelech.
1684 2470 1831 2504 Propterea
1844 2489 1853 2502 ,

1054 2520 1177 2557 quamvis
1201 2519 1304 2547 alienus
1322 2523 1395 2546 esset
1414 2526 1427 2544 a
1447 2522 1557 2553 peccato
1573 2524 1621 2544 rex
1635 2537 1642 2548 ,
1657 2516 1761 2552 plagam
1784 2514 1853 2542 han:

1055 2567 1160 2595 induxit
1180 2567 1267 2595 bonus
1286 2566 1434 2598 Dominus,
1456 2569 1484 2591 ut
1506 2564 1629 2599 precibus
1647 2563 1712 2598 justi
1731 2569 1854 2589 annuens

1055 2621 1114 2642 eain
1129 2614 1246 2642 solveret
1258 2634 1265 2647 ,
1279 2617 1306 2640 et
1318 2613 1419 2648 justqu
1430 2612 1571 2639 clariorem
1582 2615 1609 2638 et
1623 2609 1798 2637 illustriorem
1814 2608 1853 2635 ef-

1056 2661 1157 2689 ﬁceret.
1181 2661 1247 2688 Nam
1270 2667 1376 2695 semper
1398 2659 1488 2687 omnia
1512 2658 1547 2685 ita
1564 2658 1626 2685 facit
1645 2661 1673 2684 et
1693 2660 1812 2688 tractat,
1827 2659 1855 2682 et

1054 2708 1158 2744 singula
1171 2708 1317 2742 dispensat,
1330 2707 1413 2742 utqui
1426 2706 1476 2733 sibi
1490 2705 1610 2733 serviunt
1622 2725 1630 2737 ,
1646 2704 1723 2740 quasi
1736 2703 1850 2731 Iumina-

1055 2755 1096 2783 ria
1109 2754 1246 2782 rcluceant
1256 2774 1263 2787 ,
1285 2758 1312 2781 et
1326 2761 1419 2781 eorum
1434 2752 1518 2779 virtus
1534 2751 1633 2786 ubique
1646 2750 1806 2777 celebretur.
1819 2747 1851 2776 Et

1055 2802 1127 2834 vide,
1142 2801 1255 2829 obsecro
1265 2821 1273 2834 ,
1287 2800 1383 2828 dilecte
1393 2821 1401 2833 ,
1416 2803 1555 2834 postquam
1565 2797 1667 2832 justum
1681 2796 1717 2823 ita
1730 2795 1852 2822 liberavit

1055 2856 1071 2876 a
1085 2847 1217 2875 molestiis
1232 2867 1241 2881 ,
1256 2845 1391 2882 quomodo
1404 2845 1500 2872 iterum
1515 2850 1619 2870 summa
1635 2842 1766 2870 bonorum
1779 2839 1852 2874 justo

1056 2894 1178 2929 Raditur,
1190 2892 1387 2931 pollicitationis
1398 2891 1520 2926 etractus,
1531 2894 1558 2918 et
1571 2895 1643 2917 nunc
1658 2888 1853 2921 eveniuntqna
