4084 6356
319 486 428 542 H9

326 601 428 661 σὰ,
452 600 607 655 τοῦτο
633 601 762 654 αὐτὸ
790 599 1107 672 ἑρμηνεύων
1138 602 1166 654 6
1207 601 1497 671 Ἀϐιμέλεχ
1524 601 1677 671 φησί’
1715 601 1778 654 Τί
1809 598 1997 666 ἥμαρ-

324 709 433 746 τον
462 694 550 759 είς
576 691 671 758 σὲ,
698 693 789 745 ὅτι
824 691 1123 762 ἐπήγαγες
1148 692 1242 746 ἐπ’
1279 691 1385 760 ἐμὲ
1412 693 1509 746 καὶ
1545 691 1644 745 ἐπι
1685 689 1800 758 τὴν
1817 689 1997 752 βασι-

323 781 498 834 ,λείαν
515 797 636 848 μου
667 779 962 848 ἁμαρτίαν
987 778 1298 849 μεγάλην;
1343 780 1436 849 Μὴ
1479 779 1588 849 γὰρ
1625 777 1814 848 μέχρις
1861 772 1995 844 ἐμοῦ

323 861 438 937 εἶχε
471 867 660 937 στῆναι
691 867 761 921 τά
785 868 886 938 τῆς
915 867 1216 939 τιμωρίας;
1255 867 1413 920 Πᾶσά
1437 883 1538 936 μου
1572 867 1600 936 ή
1629 862 1873 934 βασιλεία
1893 862 1993 932 ἀρ-

321 955 420 1025 δην
449 954 670 1026 ἔμελλεν
696 953 1054 1023 ἀφανίζεσθαι
1081 957 1145 1008 ἐκ
1174 954 1275 1024 τῆς
1308 954 1526 1016 ἀπάτης
1567 952 1666 1022 τῆς
1703 949 1856 1022 παρὰ
1901 947 1995 1002 σοῦ

323 1042 717 1114 γεγενημένης.
755 1043 815 1096 Τί
851 1039 966 1097 οὖν
994 1041 1208 1096 ἐνιδὼν
1237 1043 1532 1110 ἐποίησας
1562 1040 1770 1103 τοῦτο;
1797 1038 1997 1091 Σκόπει

321 1129 578 1192 ἐνταῦθα,
601 1129 874 1200 άγαπητέ,
907 1129 1001 1182 τοῦ
1022 1129 1232 1182 δικαίου
1259 1129 1321 1182 τὸ
1351 1129 1623 1200 φρόνημα,
1651 1129 1798 1190 ὅπως
1825 1128 1884 1180 ἐν
1902 1125 1993 1180 τά·

323 1217 402 1282 ξει
450 1216 743 1286 ἀπολογίας
781 1216 1126 1271 διδασκαλίαν
1167 1216 1350 1279 αὐτοῖς
1389 1215 1718 1283 θεογνωσίας
1763 1212 1992 1280 εἰσάγει.

321 1303 483 1361 Εἷπα
519 1305 649 1375 γὰρ,
690 1307 843 1376 φησὶ,
871 1304 1117 1375 Μήποτε
1148 1307 1258 1360 οὐκ
1298 1305 1428 1359 ἔστι
1459 1302 1765 1359 θεοσέϐεια
1809 1301 1879 1354 ἐν
1916 1299 1998 1365 τῷ

318 1395 483 1457 τόπῳ
518 1395 726 1460 τούτῳ,
766 1393 871 1463 ἐμέ
908 1410 971 1447 τε
1009 1393 1454 1448 ἀποκτενοῦσιν
1483 1391 1690 1445 ἕνεκεν
1727 1388 1836 1458 τῆς
1892 1406 1996 1456 γυ-

320 1481 532 1547 ναικός
563 1497 714 1550 μου;
750 1479 1095 1549 Ἐναγώνιος,
1129 1481 1283 1551 φησὶ,
1309 1479 1529 1549 γέγονα,
1574 1479 1786 1550 μήποτε
1815 1477 1905 1530 διὰ
1937 1475 1997 1528 τὸ

318 1569 402 1621 ἐτι
453 1571 518 1638 τῇ
566 1568 742 1639 πλάνῃ
793 1569 938 1639 ὑμᾶς
989 1568 1314 1638 κατέχεσθαι
1355 1567 1610 1638 οὐδεμίαν
1650 1565 1744 1620 τοῦ
1784 1564 1995 1619 δικαίου

321 1656 578 1727 πρόνοιαν
607 1655 855 1727 ποιῆσθε,
895 1657 988 1709 καὶ
1031 1655 1121 1709 διὰ
1150 1655 1306 1708 τοῦτο
1340 1654 1493 1725 ὑμῶν
1533 1654 1876 1725 φειδόμενος,
1921 1652 1996 1725 μὴ

323 1743 588 1814 μαθόντες
633 1743 803 1816 αὐτὴν
844 1743 1077 1811 γυναῖκά
1116 1759 1218 1813 μου
1251 1741 1577 1812 γεγενῆσθαι
1613 1741 1701 1794 διὰ
1738 1741 1836 1813 τὴν
1868 1741 1996 1812 περὶ

318 1832 525 1903 ταύτην
582 1830 879 1901 ἐπιθυμίαν
929 1830 1031 1900 ἐμὲ
1091 1829 1300 1884 ἀνελεῖν
1372 1831 1781 1901 ἐπιχειρήσητε,
1838 1829 1996 1882 τοῦτο

320 1921 574 1992 ἐποίησα.
601 1922 743 1992 Ὅρα
791 1919 909 1983 πῶς
958 1919 1046 1972 διὰ
1100 1918 1209 1972 τῶν
1250 1918 1446 1988 ὀλίγων
1485 1918 1690 1972 τούτων
1732 1917 1994 1989 ῥημάτων

320 2008 458 2079 ἐμοῦ
489 2009 584 2061 καὶ
620 2006 904 2076 καθήψατο
934 2005 1134 2070 αὐτῶν,
1167 2007 1263 2062 καὶ
1288 2006 1524 2072 ἐδίδαξεν
1554 2007 1636 2060 ὅτι
1663 2005 1744 2058 δεῖ
1778 2005 1868 2060 τὸν
1903 2006 1996 2058 ἐπ)⁸

322 2096 544 2149 πάντων
568 2095 699 2148 Θεὸν
733 2096 792 2147 ἐν
827 2093 905 2164 νῷ
930 2093 1275 2164 λαμϐάνοντα
1317 2093 1484 2165 μηδὲν
1513 2095 1620 2147 τῶν
1667 2093 1995 2164 παρανόμων

319 2182 766 2255 διαπράττεσθαι,
816 2181 952 2236 ἀλλὰ
991 2182 1082 2235 τὸν
1121 2180 1418 2254 ἀκοίμητον
1475 2183 1680 2235 ἐκεῖνον
1716 2180 1996 2252 ὀφθαλμὸν

321 2271 639 2334 δεδοικέναι,
675 2270 770 2322 καὶ
797 2269 886 2323 διά
912 2268 1008 2341 τὴν
1034 2268 1244 2322 ἐκεῖθεν
1263 2269 1654 2340 ἐπηρτημένην
1680 2268 1836 2340 δίκην
1862 2268 1994 2324 πολ-

321 2360 420 2431 λὴν
445 2359 539 2412 τοῦ
565 2357 774 2413 δικαίου
804 2357 1073 2410 ποιεῖσθαι
1094 2357 1193 2428 τὴν
1218 2357 1493 2428 πρόνοιαν.
1521 2353 1652 2410 Εἶτα
1674 2357 1996 2429 βουλόμενος

321 2449 420 2520 τὴν
446 2449 585 2520 ὑπὲρ
611 2445 805 2500 ἐαυτοῦ
829 2445 1124 2515 ἀπολογίαν
1159 2446 1400 2516 ποιῆσαι,
1423 2445 1589 2518 φησί’
1615 2446 1710 2516 Μὴ
1735 2446 1995 2517 νομίσητέ

325 2555 394 2608 με
423 2539 518 2590 καὶ
543 2534 718 2598 οὕτως
747 2532 1029 2604 ἐψεῦσθαι.
1061 2534 1170 2588 Καὶ
1195 2533 1305 2604 γὰρ
1331 2533 1564 2603 ἀδελφή
1583 2551 1704 2604 μου
1733 2534 1904 2588 ἐστὶν
1926 2536 1996 2590 ἐκ

323 2622 569 2693 πατρὸς,
601 2621 740 2676 ἀλλ’
759 2622 872 2674 οὐκ
903 2621 972 2674 ἐκ
993 2621 1238 2690 μητρόςο
1279 2621 1534 2691 ἐγενήθη
1563 2621 1631 2676 δέ
1655 2638 1759 2692 μοι
1780 2624 1868 2688 είς
1892 2639 1996 2692 γυ-

317 2710 522 2764 ναῖκα.
555 2708 658 2761 Τὸν
686 2707 848 2761 αὐτόν
885 2725 995 2778 μοι,
1031 2709 1182 2778 φησὶ,
1216 2707 1430 2780 πατέρα
1463 2708 1848 2780 ἐπιγράφεται,
1871 2709 1937 2762 δι’
1967 2709 1996 2764 ὃ

323 2799 418 2851 καὶ
440 2796 674 2868 ἀδελφὴν
699 2797 868 2868 αὐτὴν
903 2795 1156 2848 ἐκάλεσα.
1194 2797 1286 2866 Μὴ
1310 2797 1489 2852 τοίνυν
1521 2798 1836 2868 καταγνῶτέ
1867 2815 1991 2868 μου.

324 2889 387 2941 Εἰ
417 2887 526 2957 γὰρ
565 2885 660 2938 καὶ
699 2887 728 2939 6
759 2884 921 2955 φόϐος
971 2882 1067 2937 τοῦ
1115 2883 1344 2938 θανάτου
1391 2886 1470 2949 είς
1511 2884 1608 2957 τὴν
1648 2885 1894 2957 ἀνάγκην
1926 2902 1994 2956 με

322 2975 528 3045 ταύτην
559 2973 880 3044 κατέστησε,
908 2973 1002 3026 καὶ
1033 2972 1092 3026 τὸ
1121 2972 1415 3026 δεδοικέναι
1444 2974 1653 3046 μήποτε
1678 2973 1764 3028 διὰ
1792 2973 1996 3045 ταύτην

323 3065 425 3136 ἐμὲ
473 3064 574 3136 μὲν
621 3062 1002 3133 ἀποκτείνητε,
1045 3060 1250 3132 ταύτην
1279 3060 1338 3115 δέ
1387 3062 1840 3134 περιποιήσησθε·
1880 3062 1995 3116 ἀλλ’

322 3152 474 3221 ὅμως
511 3149 632 3202 ούδέ
673 3147 845 3212 οὕτως
879 3149 996 3202 ἐστὶ
1032 3147 1226 3219 ψεῦδος
1262 3147 1322 3202 τὸ
1350 3151 1482 3220 παρ’
1514 3149 1649 3220 ἐμοῦ
1684 3150 1994 3221 εἰρημένον.

329 3240 472 3310 Ὀρα
497 3237 670 3308 πόσην
704 3238 937 3290 ποιεῖται
972 3237 1070 3308 τὴν
1096 3237 1330 3309 σπουδὴν
1359 3239 1388 3290 ὁ
1411 3237 1637 3304 δίκαιος,
1668 3235 1808 3290 ὥστε
1827 3238 1999 3306 δεῖξαι

328 3328 464 3399 μηδέ
485 3329 542 3379 ἐν
565 3325 740 3396 τούτῳ
767 3325 959 3380 ἑαυτὸν
979 3325 1320 3396 ψευσάμενον
1341 3336 1392 3379 ει.
1425 3323 1528 3378 Καὶ
1551 3325 1638 3378 ’ίνα
1662 3326 1836 3380 πάντα
1861 3326 1998 3396 μετά

325 3415 611 3487 ἀκριϐείας
657 3413 864 3485 μάθητε
901 3415 1032 3486 παρ’
1066 3412 1223 3484 ἐμοῦ,
1260 3412 1528 3466 ἀκούσατε
1581 3414 1676 3466 καὶ
1712 3413 1810 3485 τὴν
1845 3413 1996 3488 [465]

329 3505 544 3576 βουλὴν,
573 3503 638 3574 ἢν
661 3500 862 3573 μεταξὺ
886 3500 1130 3570 ἀλλήλων
1154 3501 1485 3572 ἐσχήκαμεν,
1513 3501 1725 3555 Ἦνίκα
1742 3500 2000 3573 ἐξήγαγέ

321 3609 400 3663 με
446 3595 477 3645 ό
521 3591 666 3656 Θεὸς
714 3591 783 3644 ἐκ
816 3587 923 3642 τοῦ
962 3590 1132 3643 οἴκου
1171 3589 1279 3642 τοῦ
1319 3588 1545 3655 πατρός
1576 3605 1720 3657 μου.
1764 3588 1874 3643 Θέα
1907 3607 1999 3662 μοι

327 3679 562 3734 ἐνταῦθα
601 3678 700 3749 τὴν
744 3677 944 3747 πολλὴν
973 3676 1067 3729 τοῦ
1105 3675 1315 3729 δικαίου
1356 3677 1570 3741 σοφίαν,
1611 3675 1731 3739 πῶς
1763 3676 1822 3731 ἐν
1847 3677 2000 3743 τάξει

326 3769 629 3840 διηγήσεως
676 3765 916 3819 διδάσκει
953 3764 1169 3828 αὐτοὺς,
1199 3763 1275 3828 ὡς
1310 3761 1370 3828 ἐξ
1412 3764 1588 3836 ἀρχῆς
1634 3765 1730 3818 καὶ
1762 3766 1826 3818 ὲκ
1865 3783 2001 3839 προ.

325 3857 520 3928 οιμίων
551 3855 661 3909 τῶν
688 3854 1052 3927 ᾠκειωμένων
1072 3853 1188 3906 ἐστὶ
1214 3851 1291 3923 τῷ
1316 3851 1454 3923 Θεῷ,
1487 3853 1582 3906 καὶ
1608 3852 1689 3906 ὅτι
1719 3853 1879 3918 αὐτὸς
1908 3854 2002 3908 καὶ

325 3944 536 3998 οἴκοθεν
568 3942 731 3997 αὐτὸν
758 3942 1044 4012 ἀνέστησε,
1068 3940 1164 3994 κα)⁸
1196 3941 1374 3994 ἐκεῖσε
1405 3941 1636 4012 ἤγαγεν,
1677 3941 1764 3994 ἵνα
1793 3941 1941 4016 μάθῃ
1972 3943 2001 3995 6

329 4032 603 4102 βασιλεὺς,
639 4032 722 4084 ὅτι
760 4029 868 4082 τῶν
906 4027 1106 4100 πολλὴν
1146 4028 1378 4099 ἐχόντων
1417 4027 1534 4081 ἐστὶ
1581 4029 1719 4100 πρὸς
1751 4030 1842 4083 τὸν
1869 4030 2000 4083 Θεὸν

329 4121 662 4191 παρρησίαν.
701 4119 918 4182 Ἡνίκα,
945 4119 1132 4190 φησὶν,
1159 4116 1416 4189 ἐξήγαγέ
1447 4134 1526 4186 με
1558 4120 1592 4171 ό
1617 4117 1762 4184 Θεὸς
1795 4119 1865 4172 ἐκ
1894 4119 2000 4173 τοῦ

328 4208 498 4260 οἴκου
554 4205 662 4260 τοῦ
720 4205 942 4273 πατρός
970 4221 1112 4275 μου,
1153 4201 1328 4258 εἷπον
1371 4203 1548 4273 αὐτῇ·
1602 4205 1832 4273 Ταύτην
1886 4205 2002 4274 τὴν

329 4295 727 4361 δικαιοσύνην
753 4293 1029 4359 ποιήσεις
1052 4293 1146 4347 ἐπ’
1174 4292 1298 4362 ἐμέο
1330 4295 1418 4360 είς
1449 4293 1646 4347 πάντα
1677 4295 1883 4359 τόπον,
1924 4292 1999 4352 οὗ

328 4381 437 4436 ἐὰν
475 4383 839 4450 είσέλθωμεν
866 4381 1009 4447 ἐκεῖ,
1038 4379 1190 4446 εἰπὲ,
1213 4380 1303 4435 ὅτι
1336 4380 1626 4450 Ἀδελφός
1656 4399 1778 4451 μου
1805 4383 2001 4440 ἐστίν.

339 4469 558 4540 Ἐπειδὴ
591 4469 700 4539 γὰρ
741 4469 999 4541 ἀνωτέρω
1026 4465 1200 4522 εἶπεν·
1245 4465 1404 4524 Εἴπα
1429 4472 1561 4541 γὰρ,
1599 4471 1845 4539 Μήποτε
1887 4474 1999 4528 οὐκ

329 4559 462 4612 ἔστι
500 4558 804 4613 θεοσέϐεια
837 4558 908 4611 ἐν
948 4556 1028 4624 τῷ
1063 4560 1226 4623 τόπῳ
1265 4560 1471 4624 τούτῳ·
1515 4561 1610 4612 καὶ
1647 4560 1821 4614 ἐδόκει
1866 4561 2000 4615 πολὺ

328 4647 510 4700 αὐτῶν
548 4644 946 4709 καθάπτεσθαι,
991 4645 1310 4716 βουλόμενος
1351 4645 1412 4700 τὸ
1446 4646 1672 4718 σφοδρὸν
1695 4647 1788 4700 τοῦ
1825 4649 2004 4719 ῥήμα-

328 4752 420 4795 τος
455 4732 793 4796 ὑπεκλῦσαι,
851 4731 1085 4786 ἐνταῦθά
1132 4750 1318 4804 φησιν,
1349 4733 1431 4787 ὃτι
1468 4733 1560 4806 Μὴ
1601 4736 1880 4806 νομίσητε,
1921 4737 2002 4790 ὅτι

331 4819 487 4890 ὑμῶν
525 4820 709 4871 ἐνεκεν
748 4819 906 4888 μόνον
946 4819 1103 4872 τοῦτο
1138 4819 1496 4891 πεποιηκέναι
1523 4820 1860 4891 ἐπέγνωμεν.
1895 4823 2001 4876 E6-

331 4908 466 4972 θέως
488 4909 596 4977 γὰρ
632 4907 842 4960 Ἣνίκα
861 4905 1119 4976 ἐξήγαγέ
1134 4924 1212 4976 με
1241 4909 1274 4960 ό
1304 4906 1449 4973 Θεὸς
1469 4907 1536 4960 ἐκ
1564 4905 1673 4960 τοῦ
1704 4909 1874 4962 οἴκου
1896 4910 2004 4965 τοῦ

328 4997 552 5064 πατρός
595 5013 734 5066 μου,
773 4991 947 5047 εἷπον
974 4992 1146 5062 αὐτῇ
1196 4995 1426 5062 Ταύτην
1460 4993 1576 5062 τὴν
1604 4993 2001 5065 δικαιοσύνην

329 5083 605 5152 ποιήσεις
635 5070 727 5148 εἰς
752 5081 857 5150 ἐμὲ
875 5083 962 5146 είς
994 5079 1191 5134 πάντα
1240 5082 1447 5145 τόπον,
1483 5077 1555 5136 οὗ
1592 5082 1699 5136 ἐὰν
1719 5082 2000 5136 εἰσέλθω-

323 5189 458 5241 μεν.
502 5171 637 5241 Περὶ
672 5172 888 5224 πάντων
915 5169 1023 5222 τῶν
1054 5168 1153 5240 τὴν
1180 5169 1303 5238 γῆν,
1336 5172 1522 5240 φησιν,
1554 5169 1758 5241 ταύτην
1793 5171 2003 5224 οἰκούν-

327 5277 436 5314 των
491 5259 588 5330 τήν
649 5257 1020 5330 παραγγελίαν
1071 5257 1208 5326 πρὸς
1249 5257 1421 5329 αὐτὴν
1472 5259 1849 5330 ἐποιησάμην·
1906 5261 2002 5314 καὶ

327 5349 532 5413 ἐδίδαξε
556 5350 640 5402 ὅτι
666 5349 760 5401 καὶ
787 5347 960 5410 οὓτως
993 5346 1148 5411 ἐκτὸς
1175 5345 1403 5416 ψεύδους
1438 5346 1584 5399 ἐστὶν
1616 5349 1648 5418 ή
1684 5348 2000 5420 ὑπόκρισις.

337 5440 400 5490 '0
438 5438 548 5508 γὰρ
595 5436 689 5489 τοῦ
727 5435 957 5488 θανάτου
995 5435 1158 5504 φόϐος
1187 5437 1267 5498 είς
1300 5433 1460 5488 τοῦτο
1492 5437 1638 5506 ἡμᾶς
1665 5436 1838 5491 ἐλθεῖν
1869 5455 1997 5490 κατ-

326 5525 626 5596 ηνάγκασε.
657 5523 844 5577 Ταῦτα
879 5522 1048 5576 εἰπὼν
1075 5525 1104 5576 ὁ
1129 5523 1355 5586 δίκαιος,
1389 5523 1601 5576 καὶτὸν
1628 5523 1797 5594 θυμὸν
1826 5524 2002 5578 αὐτῶν

329 5614 692 5688 κατεμάλαξε,
727 5615 822 5668 καὶ
853 5615 948 5684 τὴν
972 5613 1178 5667 οἰκείαν
1207 5612 1408 5683 ἀρετὴν
1435 5611 1756 5684 ἐξεκάλυψε,
1786 5616 1880 5668 καὶ¹
1905 5616 2001 5682 ἀρ-

327 5703 532 5757 κοῦσαν
547 5704 728 5766 αὐτοῖς
753 5701 1100 5754 διδασκαλίαν
1118 5701 1345 5772 ἐνέθηκε
1372 5701 1702 5766 θεοσεϐείας.
1725 5703 2002 5765 Αίδεσθεὶς

326 5791 508 5844 τοίνυν
539 5793 568 5843 6
607 5789 857 5860 βασιλεὺς
883 5787 978 5841 τοῦ
1005 5788 1210 5842 δικαίου
1243 5789 1340 5860 τὴν
1364 5788 1565 5862 πολλὴν
1589 5790 1907 5855 ἐπιείκειαν,
1931 5793 1996 5861 τῇ

327 5877 506 5947 οἰκείᾳ
557 5876 838 5945 φιλοτιμία.
887 5875 1171 5945 ἀμείϐεται
1227 5876 1318 5930 τὸν
1377 5876 1742 5948 πατριάρχην.
1783 5879 2000 5930 Ἐλαίῖε

329 5966 460 6036 γὰρ,
489 5965 674 6034 cpqo‘w,
721 5963 1016 6032 Ἀὸιμέλεχ
1043 5964 1210 6032 χίλια
1244 5963 1560 6033 δίδραχμα,
1585 5964 1680 6017 καὶ
1714 5966 1999 6032 πρόϐατα,

330 6055 429 6106 καὶ
462 6054 760 6122 μόσχους,
797 6049 896 6104 καὶ
930 6051 1171 6116 παῖδας,
1201 6052 1300 6104 καὶ
1336 6052 1678 6122 παιδίσκας,
1713 6053 1810 6108 καὶ
1853 6054 2000 6109 ἀπο-

394 6144 420 6170 δ
452 6143 554 6191 Alli
575 6137 820 6200 ἐψεῦσθαι,
838 6140 920 6189 alii
944 6138 1110 6187 ἑαυτὸν
1132 6138 1443 6202 ψευσάμενον.

1467 487 1535 542 ΙΝ
1571 485 1722 541 CAP.
1757 481 1851 539 XX
1883 478 2129 538 GENES.
2173 477 2406 535 llOMlL.
2448 479 2609 538 XLV.

3673 495 3778 550 520

2104 591 2363 648 δέδωκεν
2404 595 2564 661 αὐτῷ
2615 595 2851 665 Σάῤῥαν
2894 597 3009 665 τὴν
3047 601 3302 668 γυναῖκα
3342 605 3548 661 αὐτοῦ;
3602 607 3772 676 Εἶδες,

2105 681 2374 769 ἀγαπητέ,
2406 682 2506 754 τὴν
2527 684 2833 754 εὐμήχανον
2868 685 2960 739 τοῦ
2992 687 3129 740 Θεοῦ
3155 692 3381 760 σοφίαν;
3421 693 3484 747 '0
3507 695 3616 766 γάρ
3645 701 3771 769 περὶ

2104 767 2198 821 τοῦ
2223 768 2454 824 θανάτου
2484 770 2758 838 δεδοικὼς,
2793 773 2888 826 κα)⁴
2918 775 3094 827 πάντα
3119 777 3286 832 ποιῶν
3316 779 3455 834 ὥστε
3481 767 3771 855 δυνηθῆναι

2104 853 2291 908 τοῦτον
2312 855 2617 925 διαφυγεῖν,
2652 858 2714 910 οὐ
2742 858 2900 928 μόνον
2938 860 3032 914 τὸν
3064 860 3291 917 θάνατον
3326 866 3599 937 διέφυγεν,
3637 853 3781 927 ἀλλὰ·

2105 943 2198 1030 καὶ
2238 943 2435 1016 πολλῆς
2474 943 2722 1010 ἀξιοῦται
2759 947 3088 1020 παρρησίας,
3121 949 3214 1004 καὶ
3247 956 3548 1028 περιφανὴς
3578 958 3772 1030 ἁθρόον

2101 1028 2334 1097 γίνεται.

2070 1118 2089 1153 ν
2149 1123 2234 1203 ῌεν.
2252 1115 2488 1203 τοιαῦτα
2510 1117 2618 1190 γὰρ
2637 1117 2706 1172 τά
2731 1119 2883 1192 παρά
2899 1120 2993 1175 τοῦ
3017 1122 3175 1176 Θεοῦ’
3194 1127 3254 1178 ού
3284 1128 3441 1197 μόνον
3457 1128 3564 1182 τῶν
3597 1127 3769 1203 λυπη-

2108 1200 2214 1270 ρῶν
2245 1201 2522 1275 ἐλευθεροῖ
2547 1205 2673 1269 τοὺς
2699 1207 2964 1275 γενναίως
2998 1209 3241 1281 ἀντέχειν
3273 1213 3408 1284 πρὸς
3440 1218 3566 1281 τοὺς
3594 1200 3773 1272 ἐπιόν-

2101 1303 2201 1351 τας
2248 1292 2590 1362 πειρασμοὺς
2641 1294 3060 1362 σπουδάζοντας,
3116 1299 3253 1354 ἀλλὰ
3287 1299 3380 1354 καὶ
3404 1303 3670 1376 τοσαύτην
3715 1309 3770 1360 ἐν

2103 1374 2286 1440 αὐτοῖς
2319 1379 2432 1442 τοῖς
2465 1377 2730 1452 λυπηροῖς
2764 1382 2993 1452 παρέχει
3034 1385 3134 1457 τὴν
3175 1388 3534 1460 εὐφροσύνην,
3572 1374 3648 1456 ὡς
3678 1396 3772 1447 καὶ

2102 1460 2273 1534 λήθην
2310 1464 2458 1535 ἡμᾶς
2493 1465 2636 1536 ἔχειν
2669 1469 2927 1542 παντελῆ,
2959 1472 3052 1525 καὶ
3094 1474 3152 1525 ἐν
3185 1473 3350 1546 πολλῇ
3384 1477 3624 1542 γίνεσθαι
3663 1480 3780 1532 τῶν·

2103 1549 2323 1618 ἀγαθῶν
2371 1555 2682 1626 περιουσίᾳ.
2736 1558 2842 1610 Καὶ
2893 1557 2992 1629 δρα
3031 1559 3215 1614 λοιπὸν
3247 1562 3340 1615 τοῦ
3373 1562 3636 1634 βασιλέως
3672 1569 3773 1636 τὴν

2105 1637 2243 1707 πρὸς
2292 1638 2385 1692 τὸν
2417 1640 2624 1696 δίκαιον
2661 1641 2974 1714 θεραπείαν.
3011 1647 3086 1698 06
3115 1648 3273 1717 μόνον
3304 1651 3411 1721 γὰρ
3446 1655 3558 1714 τοῖς
3586 1655 3773 1706 τοσού-

2101 1739 2214 1810 τοις
2235 1726 2396 1780 αὐτὸν
2420 1727 2610 1800 δώροις
2639 1733 2791 1803 τιμᾷ,
2820 1731 2956 1786 ἀλλά
2988 1734 3082 1787 καὶ
3116 1735 3213 1806 τήν
3239 1737 3488 1801 ἐξουσίαν
3520 1741 3666 1810 αύτῷ
3693 1742 3771 1793 δί-

2102 1809 2233 1865 δωσι
2266 1814 2366 1883 τῆς
2402 1819 2460 1869 ἐν
2494 1819 2560 1888 τῇ
2594 1820 2665 1888 γῇ
2694 1821 3080 1890 κατοικήσεως.
3141 1822 3286 1877 Ἰδοὺ
3320 1825 3449 1897 γάρ,
3491 1809 3671 1897 φησιν,
3728 1830 3766 1897 ή

2103 1897 2180 1968 τῆ
2208 1917 2329 1969 μου
2350 1901 2628 1956 ἐναντίον
2649 1919 2765 1959 σου
2791 1907 2980 1959 ἐστίν·
3001 1903 3074 1962 οὗ
3099 1907 3208 1961 ἐάν
3232 1925 3329 1964 σοι
3356 1911 3607 1981 ἀρέσκῃ,
3634 1931 3771 1967 κατ-

2104 1989 2275 2042 οίκει.
2313 1989 2529 2062 Ἐπειδὴ
2575 1992 2682 2066 γὰρ
2715 1993 2938 2064 ἔμαθεν,
2965 1997 3048 2050 ὃτι
3089 1995 3155 2050 δι’
3193 1998 3398 2052 ἐκεῖνον
3432 2001 3523 2053 καὶ
3552 2001 3640 2054 διὰ
3674 2002 3773 2066 τὰς

2103 2076 2312 2131 ἐκείνου
2341 2081 2646 2150 προσευχὰς
2675 2082 2708 2151 ή
2748 2079 2860 2152 ζωὴ
2892 2084 3038 2155 αὐτῷ
3067 2086 3410 2158 κεχάρισται,
3440 2087 3516 2150 ώς
3553 2089 3773 2161 εὐεργέ-

2101 2180 2203 2234 την
2246 2164 2431 2218 λοιπὸν
2458 2167 2550 2220 καὶ
2579 2171 2910 2240 προστάτην,
2952 2171 3043 2226 τὸν
3081 2172 3252 2240 ξένον,
3290 2174 3385 2227 τὸν
3419 2175 3645 2246 ἀλήτην,
3679 2177 3772 2229 τὸν

2101 2253 2404 2322 οὐδαμόθεν
2459 2253 2735 2326 γνώριμον
2758 2256 2899 2311 οὕτω
2921 2259 3241 2328 θεραπεύειν
3271 2261 3564 2330 ἐπείγεται.
3607 2266 3683 2332 Τῇ
3706 2266 3774 2319 δὲ

2102 2338 2321 2408 Σάρρᾳ,
2361 2341 2546 2412 φησὶν,
2583 2343 2773 2396 εἶπενο
2827 2345 2980 2398 Ἰδοὺ
3013 2345 3239 2401 δέδωκα
3282 2347 3450 2417 χίλια
3480 2349 3772 2421 δίδραχμα

2102 2422 2183 2488 τῷ
2208 2423 2450 2494 ἀδελφῷ
2481 2441 2621 2480 σου.
2665 2429 2806 2499 Ὅρα
2854 2429 2969 2494 πῶς
3017 2429 3307 2502 δεξάμενος
3350 2434 3450 2504 τὴν
3498 2437 3647 2508 παρὰ
3677 2437 3770 2489 τοῦ

2101 2511 2311 2565 δικαίου
2342 2513 2710 2578 διδασκαλίαν,
2751 2517 2846 2570 καὶ
2875 2517 3173 2583 πιστεύσας
3211 2522 3324 2583 τοῖς
3351 2523 3480 2592 παρ’
3513 2523 3676 2576 αὐτοῦ
3703 2527 3774 2578 εί-

2108 2599 2383 2669 ρημένοις,
2411 2602 2506 2654 καὶ
2535 2602 2697 2667 αὐτὸς
2727 2603 2952 2673 ἀδελφὸν
2981 2607 3150 2676 αὐτῆς
3187 2607 3351 2661 αὐτὸν
3377 2608 3547 2664 καλεῖ.
3588 2611 3774 2681 ’Ἀπερ

2103 2685 2353 2752 δέδωκα,
2390 2690 2545 2759 φησὶ,
2571 2687 2652 2754 τῷ
2687 2689 2928 2759 ἀδελφῷ
2954 2706 3089 2755 σου,
3131 2693 3301 2746 ἔσται
3333 2697 3421 2761 εἱς
3457 2696 3635 2765 τιμὴν
3666 2699 3771 2753 τοῦ

2103 2772 2429 2841 προσώπου
2452 2791 2570 2831 σου
2595 2776 2645 2841 b,
2669 2777 2770 2831 καὶ
2787 2778 2985 2832 πάντα
3005 2779 3375 2847 ἀλήθευσον..
3404 2784 3466 2837 Τί
3482 2787 3647 2845 ἐστιν,
3671 2788 3773 2852 Εἰς

2101 2861 2283 2931 τιμὴν
2310 2861 2417 2917 τοῦ
2454 2862 2776 2932 προσώπου
2807 2879 2946 2930 σου,
2987 2867 3083 2920 καὶ
3118 2866 3267 2941 [464]
3288 2869 3485 2924 πάντα
3517 2873 3773 2942 ἀλήθευ-

2103 2964 2255 3014 σον;
2291 2950 2463 3022 Ὑπὲρ
2483 2945 2558 3004 ὧν
2577 2951 2645 3005 δι’
2661 2951 2879 3021 ἄγνοιαν
2899 2954 3232 3026 ἐπεχείρησα
3253 2959 3497 3028 γαμετήν
3519 2976 3578 3012 σε
3607 2956 3775 3014 οὖσαν

2103 3034 2198 3090 τοῦ
2225 3035 2434 3090 δικαίου
2471 3039 2551 3100 είς
2584 3037 2682 3109 τὴν
2711 3039 2887 3092 οίκίαν
2907 3040 3009 3112 τήν
3036 3042 3175 3113 ἐμὴν
3211 3044 3457 3112 ἀγαγεῖν,
3484 3046 3621 3117 ὑπὲρ
3650 3047 3776 3100 τού·

2103 3142 2198 3178 του
2227 3125 2412 3196 μόνου,
2443 3127 2630 3199 ἐπειδὴ
2657 3127 2867 3202 ὕϐρεώς
2889 3147 2973 3184 σοι
2994 3133 3162 3196 αἴτιος
3183 3135 3399 3202 γέγονα,
3421 3137 3490 3190 τὰ
3521 3137 3666 3209 χίλια
3691 3139 3776 3192 δέ·

2103 3213 2254 3267 δωκα
2280 3213 2569 3286 δίδραχμα,
2589 3214 2908 3288 θεραπεύων
2928 3219 2996 3274 τὰ
3019 3237 3094 3272 πα
3105 3221 3152 3292 ρ’
3170 3222 3306 3292 ἐμοῦ
3329 3226 3670 3296 γεγενημένα
3695 3229 3775 3291 είς

2107 3300 2188 3355 σέ.
2222 3301 2381 3356 Ἀλλά
2405 3301 2610 3358 Πάντα
2637 3304 3002 3371 ἀλήθευσον.
3033 3308 3097 3360 Τί
3126 3310 3267 3374 ἐστι,
3295 3310 3499 3367 Πάντα
3521 3313 3777 3381 ἀλήθευ-

2106 3404 2258 3455 σον;
2280 3390 2508 3454 Πάντες,
2541 3392 2696 3463 φησὶ,
2724 3395 2874 3465 παρὰ
2910 3394 3004 3448 σοῦ
3036 3396 3476 3467 μανθανέτωσαν,
3515 3403 3595 3455 ὅτι
3623 3405 3776 3458 οὐδὲν

2106 3478 2298 3548 γέγονε
2333 3483 2469 3553 παρ’
2491 3480 2625 3552 ἐμοῦ
2670 3481 3006 3552 παράνομον,
3027 3485 3109 3538 ὅτι
3146 3485 3422 3557 ἁνέπαφος
3456 3489 3678 3560 ἐξῆλθες
3712 3492 3779 3544 ἐκ

2106 3567 2209 3636 τῆς
2233 3567 2408 3631 οίκίας
2435 3569 2535 3638 τῆς
2569 3568 2730 3639 ἐμῆς.
2759 3570 3000 3637 Δίδαξον,
3038 3573 3192 3643 φησὶ,
3218 3573 3311 3627 τὸν
3339 3575 3508 3645 ἄνδρα
3533 3578 3623 3631 τὸν
3663 3579 3774 3644 σὺν,

2107 3654 2190 3706 δτι
2214 3653 2388 3718 άθῶός
2421 3655 2537 3724 εἶμι
2573 3655 2672 3727 ’τῆς
2697 3657 2990 3729 ἁμαρτίας·
3029 3659 3346 3729 μανθανέτω
3377 3663 3528 3735 παρά
3554 3667 3668 3732 σοῦ,
3698 3667 3775 3732 ὡς

2108 3741 2259 3795 οὐδὲν
2284 3741 2569 3813 εἴργασταί
2597 3760 2705 3814 μοι.
2734 3745 2890 3809 Τίνος
2923 3745 2980 3798 δὲ
3008 3747 3191 3802 ἐνεκεν
3221 3749 3392 3804 ταῦτά
3424 3769 3618 3822 φησιν;
3659 3755 3771 3810 Ἵνα

2112 3829 2299 3900 μαθὼν
2349 3832 2478 3902 παρ’
2515 3831 2685 3901 αὐτῆς
2721 3833 2750 3885 6
2788 3831 2997 3896 δίκαιος
3041 3835 3136 3887 καὶ
3192 3835 3626 3910 πληροφορηθεὶς
3675 3842 3774 3906 τὰς

2111 3918 2253 3990 ὑπὲρ
2283 3918 2446 3974 αὐτοῦ
2494 3920 2802 3990 προσευχὰς
2844 3923 3108 3995 ἀνενέγκῃ
3142 3923 3218 3995 τῷ
3252 3926 3512 3998 Δεσπότῃ.
3560 3928 3774 4002 Ἐπειδὴ

2109 4006 2219 4078 γὰρ
2247 4003 2398 4063 εἶπεν
2418 4011 2642 4073 ἐκεῖνος,
2672 4009 2754 4062 ὅτι
2783 4006 3774 4082 Πάνταάλήθευσον,ἀντὶτοῦ,Δίδα-

2111 4091 2199 4158 ξόν
2225 4110 2320 4147 σου
2360 4095 2451 4148 τὸν
2484 4094 2652 4166 ἄνδρα
2683 4093 2753 4148 τὰ
2789 4096 3150 4167 γεγενημένα,
3190 4097 3389 4163 ευθέως
3424 4101 3704 4170 ἐπήγαγεν
3739 4102 3773 4173 ἡ

2110 4177 2324 4248 Γραφήο
2377 4179 2487 4233 Καὶ
2542 4176 2930 4247 προσηύξατο
2970 4180 3226 4250 Ἀϐραὰμ
3263 4181 3414 4249 πρὸς
3459 4182 3569 4237 τὸν
3602 4183 3773 4248 Θεὸν,

2110 4267 2210 4320 καὶ
2251 4265 2462 4320 ἰάσατο
2491 4269 2524 4320 ό
2559 4264 2702 4332 Θεὸς
2730 4267 2839 4319 τὸν
2881 4265 3200 4336 Ἁϐιμέλεχ,
3238 4268 3338 4324 καὶ
3377 4268 3494 4338 τὴν
3521 4271 3780 4340 γυναῖκα

2109 4356 2316 4420 αὑτοῦ,
2351 4357 2449 4410 καὶ
2495 4357 2602 4422 τὰς
2643 4354 2964 4422 παιδίσκας
3001 4356 3210 4420 αὐτοῦ,
3238 4357 3338 4411 καὶ
3385 4358 3641 4414 ἔτικτον·
3685 4360 3776 4415 ὅτι

2111 4444 2453 4516 συγθςλείων
2497 4442 2897 4498 συνέκλεισεν
2953 4443 3175 4508 ἔξωθεν
3209 4442 3417 4500 πᾶσαν
3445 4448 3681 4515 μήτραν
3707 4449 3778 4502 ἐν

2110 4533 2192 4599 τῷ
2219 4533 2362 4598 οἴκῳ
2398 4531 2502 4585 τοῦ
2539 4530 2836 4600 Ἀϐιμέλεχ
2862 4530 3072 4584 ἕνεκεν
3098 4531 3330 4600 Σάρῤας
3356 4531 3468 4601 τῆς
3493 4534 3778 4603 γυναικὸς

2125 4617 2388 4688 Ἀϐραάμ.
2423 4619 2566 4689 Ὅρα
2595 4616 2713 4680 πῶς
2733 4618 2823 4672 διὰ
2848 4618 3064 4671 πάντων
3091 4619 3551 4689 περιφανέστερον
3578 4621 3668 4674 τὸν
3692 4621 3772 4674 δί-

2112 4720 2263 4757 καιον
2294 4703 2514 4772 ποιῆσαι
2545 4701 2868 4772 βουλόμενος
2902 4703 2931 4754 6
2961 4701 3260 4772 Δεσπότης,
3290 4705 3778 4773 ταῖςπροσευχαῖς

2110 4791 2204 4845 τοῦ
2231 4791 2568 4862 πατριάρχου
2593 4789 2692 4861 τὴν
2721 4788 2994 4860 σωτηρίαν
3027 4788 3122 4843 τοῦ
3148 4788 3411 4860 βασιλέως
3439 4791 3533 4842 καὶ
3558 4791 3774 4843 πάντων

2110 4878 2219 4932 τῶν
2261 4879 2318 4930 ἐν
2359 4876 2437 4948 τῷ
2487 4875 2619 4948 οἴκῳ
2645 4875 2809 4930 αὐτοῦ
2843 4875 3148 4948 χαρίζεται.
3195 4877 3589 4945 Προσηύξατο
3644 4880 3774 4947 γὰρ,

2112 4966 2295 5035 φησὶν,
2335 4962 2589 5032 Ἀϐραὰμ
2632 4961 2784 5030 πρὸς
2826 4962 2933 5016 τὸν
2975 4963 3140 5026 Θεὸν,
3171 4963 3269 5015 καὶ
3314 4965 3523 5018 ἰάσατο
3554 4967 3588 5018 ό
3633 4963 3776 5030 Θεὸς

2111 5046 2218 5098 τὸν
2271 5042 2590 5112 Ἀὸιμέλεχ,
2647 5042 2747 5095 καὶ
2795 5045 2911 5109 τὴν
2972 5041 3228 5112 γυναῖκα
3281 5042 3486 5105 αὐτοῦ,
3531 5044 3628 5096 καί
3671 5043 3777 5110 τὰς

2110 5129 2435 5196 παιδίσκας
2461 5128 2669 5190 αὑτοῦ,
2707 5128 2808 5182 καὶ
2849 5129 3103 5183 ἔτικτον·
3141 5129 3230 5182 ὅτι
3263 5130 3600 5198 συγκλείων
3629 5147 3777 5186 συν-

2111 5215 2350 5269 έκλεισε
2388 5214 2604 5281 Κύριος
2651 5211 2876 5277 ἔξωθεν
2921 5211 3127 5267 πᾶσαν
3161 5213 3397 5282 μήτραν
3426 5213 3496 5266 ἐν
3522 5211 3604 5279 τῷ
3634 5215 3778 5280 οἴκῳ

2111 5298 2218 5352 τοῦ
2257 5295 2583 5366 Ἀϐιμέλεχ.
2613 5295 2711 5348 Διά
2750 5294 2926 5360 τοῦτο,
2967 5295 3143 5348 καίτοι
3185 5295 3283 5366 τῆς
3323 5293 3592 5365 ἁμαρτίας
3615 5297 3776 5362 ἐκτὸς

2111 5385 2402 5455 γενομένου
2427 5381 2522 5435 τοῦ
2545 5382 2827 5452 βασιλέως,
2848 5382 2950 5453 τὴν
2981 5381 3250 5451 τιμωρίαν
3272 5381 3474 5451 ταύτην
3504 5381 3654 5452 αύτῷ
3679 5386 3776 5435 ἐπο

2112 5473 2318 5543 ήγαγεν
2369 5471 2398 5522 6
2446 5469 2648 5538 ἀγαθὸς
2699 5469 2996 5539 Δεσπότης,
3030 5469 3115 5522 ἵνα
3158 5471 3280 5532 ταῖς
3315 5472 3641 5572 προσευχαῖς
3679 5470 3773 5522 τοῦ

2110 5559 2317 5612 δικαίου
2353 5558 2663 5621 ἐπινεύσας,
2693 5555 2836 5610 οὕτω
2866 5557 2965 5628 τὴν
2995 5555 3146 5608 λύσιν
3174 5557 3447 5630 ἐπαγάγῃ,
3486 5555 3578 5610 κιῖι
3618 5574 3774 5626 περι-

2113 5647 2444 5717 φανέστερον
2478 5646 2572 5698 καὶ
2610 5644 2984 5716 λαμπρότερον
3023 5644 3115 5697 τὸν
3139 5643 3343 5696 δίκαιον
3373 5643 3772 5714 ἀπεργάσηται.

2114 5734 2297 5788 Πάντα
2342 5733 2450 5803 γὰρ
2495 5731 2583 5786 ἀεὶ
2630 5733 2773 5784 ποιεῖ
2817 5734 2911 5784 καὶ
2951 5731 3419 5804 πραγματεύεται,
3473 5733 3566 5785 καὶ
3605 5732 3778 5796 οὕτως

2112 5823 2341 5875 ἕκαστον
2362 5821 2650 5890 οἰκονομεῖ,
2669 5818 2809 5872 ὥστε
2829 5820 2952 5883 τοὺς
2976 5819 3122 5890 αὐτῷ
3141 5818 3506 5883 δουλεύοντας,
3531 5818 3779 5888 καθάπερ

2119 5908 2430 5978 φωστῆρας,
2486 5906 2630 5959 οὕτω
2672 5907 3019 5975 διαλάμπειν,
3053 5910 3146 5960 καὶ
3191 5908 3289 5977 τὴν
3332 5908 3535 5958 τούτων
3579 5905 3778 5976 ἀρετὴν

2116 5995 2390 6064 πανταχοῦ
2413 5995 2710 6064 κατάδηλον
2739 5995 3002 6062 γίνεσθαι.
3033 5996 3140 6048 Καὶ
3167 5996 3266 6064 ὅρα
3297 6012 3386 6064 μοι
3413 5992 3615 6056 λοιπὸν,
3639 5992 3776 6057 ἀγα-

2175 6082 2350 6149 δλΡοὶι
2369 6079 2456 6129 τοῦ
2481 6082 2740 6149 προσώπου
2765 6097 2871 6135 σου,
2896 6084 2945 6130 in
2987 6081 3157 6130 Bibliis
3177 6081 3360 6148 legitur
3381 6080 3457 6126 κςιί
3482 6077 3653 6131 πάσαις
3674 6074 3774 6131 ταῖς

2112 6145 2229 6211 μετὰ
2255 6142 2362 6201 σοῦ,
2380 6150 2424 6195 cl
2446 6142 2661 6194 omnibus
2685 6154 2794 6205 qua:
2809 6149 2958 6193 tecum
2976 6149 3104 6192 sum.
