4084 6356
322 432 419 487 4⁸21

323 556 482 626 πητέ,
537 552 674 625 μετά
712 551 809 622 τὴν
843 548 950 602 τῶν
997 547 1258 618 λυπηρῶν
1290 545 1633 616 ἀπαλλαγὴν,
1689 544 1804 607 πῶς
1836 543 1996 596 πάλιν

308 642 624 712 ’διαδέχεται
688 641 777 692 τὸν
816 638 1018 690 δίκαιον
1057 634 1351 706 ήκορωνὶς
1395 633 1503 686 τῶν
1546 632 1785 700 ἀγαθῶν,
1827 632 1860 702 ἡ
1899 630 2000 701 τῆς

323 729 650 798 ἐπαγγελίας
681 727 993 795 ὑπόσχεσις,
1023 724 1115 776 καὶ
1138 725 1215 786 εἰς
1239 722 1396 793 ἔργον
1425 720 1609 772 λοιπὸν
1631 719 1776 790 ἐξῄει
1806 719 1872 771 τά
1901 719 1997 772 πάι
2036 785 2047 794 Ι

323 820 414 874 λαι
449 817 598 888 παρά
644 816 735 869 τοῦ
783 813 918 868 Θεοῦ
961 812 1368 881 ἐπαγγελθέντα
1404 809 1572 876 αὑτῷ.
1614 808 1724 862 Kal
1758 809 1996 875 Κύριος,

325 909 509 978 φησὶν,
575 903 956 972 ἐπεσκέψατο
1013 901 1127 969 τὴν
1175 898 1432 968 Σάρραν,
1487 898 1640 953 καθὰ
1691 893 1841 960 εἷπε,
1901 895 1997 948 καί

323 995 579 1063 ἐποίησε
617 992 689 1062 τῇ
720 991 937 1060 Σάρρᾳ,
964 992 1115 1043 καθὰ
1135 987 1422 1054 ἐλάλησε.
1450 987 1559 1040 Καὶ
1594 985 1997 1038 συλλαϐοῦσα

323 1083 489 1136 ἔτεκε
513 1079 711 1150 Σάρρα
744 1078 824 1144 τῷ
867 1076 1112 1146 Ἀϐραὰμ
1146 1077 1280 1129 υἱὸν
1308 1077 1395 1141 εἰς
1429 1074 1496 1127 τὸ
1523 1073 1731 1142 γῆρας,
1763 1075 1850 1136 είς
1888 1071 1995 1124 τὸν

324 1167 552 1237 καιρὸν,
584 1161 736 1224 καθὰ
759 1165 1068 1232 ἐλάλησεν
1094 1163 1254 1228 αὐτῴ
1289 1161 1335 1213 Κ
1341 1163 1524 1230 ύριος.
1558 1161 1621 1212 Τί
1659 1161 1795 1221 ἐστι,
1829 1160 1996 1214 Καθὰ

321 1245 608 1325 ἔλάλησε,
642 1255 756 1317 καὶ,
791 1254 952 1308 Καθὰ
979 1249 1143 1316 slus;
1180 1251 1466 1320 Καθάπερ,
1494 1251 1676 1320 φησὶν,
1705 1249 1991 1317 ὑπέσχετο,

321 1347 484 1417 ήνίκα
523 1344 828 1414 ἐπεξενώθη
879 1343 1016 1414 μετά
1058 1342 1164 1394 τῶν
1209 1341 1456 1410 ἀγγέλων
1489 1342 1569 1403 είς
1597 1339 1694 1410 τὴν
1737 1338 1867 1408 δρῦν
1893 1339 1991 1410 τήν

317 1435 589 1508 Μαμϐρῆ,
627 1433 862 1503 εἰρηκὼς
887 1432 969 1484 ὅτι
1000 1433 1103 1496 Εἰς
1123 1431 1230 1482 τὸν
1255 1428 1462 1496 καιρὸν
1498 1427 1711 1481 τοῦτον
1741 1428 1993 1482 ἐλεύσο-

313 1542 440 1593 μαι,
478 1523 576 1578 καὶ
601 1522 770 1576 ἔσται
798 1521 870 1589 τῇ
896 1521 1094 1588 Σάρρᾳ
1122 1521 1270 1583 υἱός.
1303 1518 1487 1571 Ταῦτα
1515 1516 1691 1569 τοίνυν
1729 1517 1806 1579 είς
1833 1516 1993 1588 ἔργον

319 1612 530 1684 ἐξῆλθε,
556 1613 650 1665 καὶ
669 1615 735 1665 τά
759 1613 825 1681 τῇ
849 1609 1008 1680 φύσει
1029 1607 1472 1678 ἀπηγορευμένα,
1497 1607 1671 1661 ταῦτα
1696 1609 1885 1680 ἐώρων
1913 1611 1993 1671 είς

318 1702 477 1773 ἔργον
501 1701 856 1772 ἐκϐεϐηκότα,
875 1700 934 1752 οὑ
962 1697 1102 1752 κατά
1131 1698 1477 1769 ἀνθρωπίνην
1495 1699 1836 1762 ἀκολουθίαν,
1857 1698 1993 1751 ἀλλά

318 1797 459 1845 κατά
491 1791 637 1843 θείαν
667 1789 848 1860 χάριν.
871 1787 982 1842 Kal
1003 1785 1260 1840 ἐκάλεσε
1283 1785 1350 1838 τὸ
1381 1786 1569 1855 ὄνομα
1592 1786 1698 1840 τοῦ
1722 1786 1856 1840 υἱοῦ
1886 1788 1992 1840 αὺ-

249 1878 254 1882 ’
316 1879 444 1943 τοῦ,
469 1877 541 1931 ὂν
557 1879 760 1932 ἔτεκεν
774 1873 933 1940 αὑτῷ
955 1873 1171 1943 Eappa,
1198 1873 1424 1929 Ἰσαάκ.
1448 1875 1558 1945 Οὑχ
1574 1874 1762 1939 ἁπλῶς
1792 1877 1992 1946 ἐπεση-

319 1970 526 2040 μήνατο
553 1967 586 2036 ή
614 1964 733 2018 θεία
770 1964 962 2036 Γραφή
992 1963 1073 2026 τὸ,
1107 1964 1216 2014 Ὃν
1240 1961 1447 2015 ἔτεκεν
1478 1961 1639 2027 αὐτῷ
1677 1961 1890 2031 Σάρρα·
1931 1962 1989 2014 οὑ

316 2057 424 2128 γάρ
458 2052 608 2108 εἶπεν
638 2051 786 2126 [465]
816 2051 1022 2115 ἁπλῶς,
1063 2048 1354 2105 Ἐκάλεσε
1404 2049 1471 2102 τὸ
1505 2049 1692 2119 ὄνομα
1722 2049 1829 2104 τοῦ
1857 2049 1992 2104 υἱοῦ

314 2144 523 2208 αὐτοῦ,
575 2141 711 2196 ἀλλά
751 2139 1110 2212 προσέθηκεν,
1155 2140 1263 2192 Ὃν
1314 2137 1522 2192 ἔτεκεν
1557 2138 1719 2204 αὐτῷ
1771 2138 1988 2207 Σάρρα,

317 2233 459 2287 τοῦτ’
492 2231 638 2285 ἔστιν
655 2231 690 2301 ἡ
719 2231 928 2301 στεῖρα,
953 2230 987 2299 ή
1017 2228 1230 2295 ἄγονος,
1258 2228 1292 2297 ἡ
1319 2228 1678 2297 γεγηρακυῖα.
1700 2227 1810 2283 Kal
1833 2244 1993 2296 περι-

313 2321 521 2392 έτεμεν
549 2319 756 2384 αὑτὸν,
790 2317 942 2388 φησὶ,
981 2314 1056 2384 τῇ
1083 2313 1274 2384 ἡμέρᾳ
1295 2313 1369 2383 τῇ
1390 2313 1569 2385 ὀγδόῃ
1603 2316 1755 2370 καθὰ
1782 2315 1992 2370 ἐνετεί-

313 2414 462 2464 λατο
483 2403 880 2477 Κύριος.0’ὑτω
905 2402 1012 2475 γὰρ
1033 2398 1100 2473 ἦν
1127 2401 1539 2472 διαταξάμενος,
1557 2403 1699 2457 ῶστε
1719 2407 1784 2476 τῇ
1807 2406 1839 2476 ἡ
1847 2405 1990 2478 μέρᾳ

313 2497 381 2568 τῇ
416 2497 580 2568 ὀγδόῃ
613 2492 1041 2566 περιτέμνεσθαι
1066 2491 1251 2544 λοιπὸν
1290 2490 1357 2543 τά
1386 2491 1697 2562 τικτόμενα.
1737 2486 1870 2544 Εἶτα
1904 2492 1988 2544 ’ίνα

321 2585 586 2658 μάθωμεν
607 2581 794 2636 λοιπὸν
819 2583 919 2653 τὴν
944 2581 1151 2650 ἄφατον
1167 2579 1391 2650 δύναμιν
1409 2577 1502 2632 τοῦ
1519 2578 1674 2644 Θεοῦ,
1699 2579 1781 2632 ὃτι
1813 2579 1906 2632 καὶ
1921 2581 1991 2634 τὰ

315 2677 468 2747 παρά
496 2673 802 2745 ἀνθρώποις
835 2672 1074 2727 ἀδύνατα
1104 2670 1236 2742 παρ’
1266 2670 1414 2742 αὑτῷ
1453 2671 1676 2738 δυνατά,
1710 2671 1800 2725 διὰ
1831 2673 1990 2726 τοῦτο

313 2765 409 2817 καὶ
436 2763 528 2817 τὸν
554 2761 744 2834 χρόνον
773 2763 906 2832 ἡμῖν
927 2760 1089 2814 πάλιν
1113 2758 1533 2829 ἐπισημαίνεται
1557 2761 1590 2831 ἡ
1627 2759 1748 2814 θεία
1776 2761 1986 2832 Γραφὴ,

313 2853 408 2906 καὶ
441 2851 578 2923 μετὰ
607 2851 698 2904 τὸν
721 2849 880 2902 τόκον
904 2848 1146 2902 διδάσκει
1171 2849 1320 2919 ἡμᾶς
1347 2847 1602 2916 λέγουσα.
1645 2849 1902 2919 Ἀϐραὰμ
1923 2851 1990 2902 δὲ

312 2940 392 2999 ἦν
427 2939 578 2995 ἐτῶν
609 2939 845 3001 ἑκατὸν,
874 2937 1059 3005 ἡνίκα
1099 2936 1335 3005 ἐγένετο
1368 2934 1530 3000 αὑτῷ
1571 2937 1770 2990 Ἰσαὰκ
1798 2941 1830 2990 ό
1859 2941 1989 3004 υίὸς

311 3028 520 3085 αὐτοῦ.
549 3023 699 3082 Εἷπε
721 3024 789 3078 δὲ
827 3023 1045 3094 Σάρρα·
1082 3022 1324 3077 Γέλωτά
1354 3040 1456 3092 μοι
1484 3023 1776 3091 ἐποίησεν
1802 3027 1836 3079 ὀ
1868 3027 1987 3079 Κύ-

309 3133 456 3187 ριοςθ
488 3115 558 3182 ὃς
609 3115 719 3186 γὰρ
762 3112 840 3168 ἂν
880 3113 1141 3180 ἀκούσῃ,
1176 3111 1568 3180 συγχαρεῖταί
1599 3130 1722 3180 μοι.
1755 3111 1820 3164 Τί
1847 3113 1984 3176 ἐστι,

311 3202 558 3260 Γέλωτά
579 3219 680 3272 μοι
702 3201 994 3268 ἐποίησεν
1015 3202 1047 3253 ό
1071 3200 1289 3267 Κύριος
1304 3215 1323 3262 ;
1353 3199 1708 3270 Εὑφροσύνης
1735 3199 1989 3264 ὑπόθεσίς

314 3310 406 3364 μοι
435 3294 463 3345 ό
486 3290 642 3354 τόκος
672 3289 838 3342 ἐστίν.
867 3289 980 3342 Kal
1005 3287 1058 3340 τί
1087 3287 1418 3358 θαυμαστὸν,
1452 3289 1500 3340 εἰ
1531 3288 1688 3358 ἐμοί;
1722 3289 1828 3342 Καὶ
1855 3289 1990 3342 πάν-

309 3397 410 3442 τας
439 3381 566 3441 τοὺς
596 3375 894 3438 ἀκούοντας
926 3373 1322 3446 συνηδομένους
1350 3373 1477 3439 ἐξω,
1507 3375 1612 3428 οὑκ
1646 3376 1834 3448 ἐπειδὴ
1876 3376 1991 3430 ἐτε-

311 3485 428 3530 κον,
467 3465 582 3519 ἀλλ’
604 3463 794 3534 ἐπειδὴ
817 3461 987 3524 οὕτως
1013 3462 1218 3516 ἔτεκον.
1253 3463 1324 3514 Τὸ
1365 3463 1667 3532 παράδοξον
1704 3465 1800 3518 τοῦ
1832 3481 1991 3534 γεγε-

311 3555 549 3626 νημένου
579 3552 788 3614 πάντας
823 3551 902 3614 εἰς
924 3549 1108 3620 θαῦμα
1135 3552 1486 3622 καταστήσει,
1523 3553 1615 3606 καὶ
1637 3552 1857 3607 πλείονα
1883 3556 1990 3608 πᾶ-

313 3663 366 3698 σι
399 3641 626 3714 παρέξει
656 3640 754 3712 τὴν
795 3639 1009 3711 ἡδονὴν,
1055 3640 1184 3693 ὅταν
1236 3639 1499 3710 μάθωσιν,
1534 3641 1616 3694 ὅτι
1656 3641 1768 3710 ἐγὼ
1797 3646 1830 3713 ἡ
1877 3645 1988 3698 τῶν

311 3729 520 3802 νεκρῶν
544 3729 696 3783 οὐδὲν
725 3727 946 3798 ἄμεινον
978 3725 1315 3797 διακειμένη,
1338 3726 1533 3797 ἀθρόον
1555 3730 1738 3800 μήτηρ
1766 3731 1986 3800 γέγονα,

313 3819 408 3872 καὶ
444 3816 551 3871 ἀπὸ
574 3813 994 3885 κατεψυγμένης
1031 3813 1244 3885 μήτρας
1276 3815 1487 3868 παιδίον
1515 3814 1719 3881 ἔτεκον,
1751 3818 1845 3871 καὶ
1879 3820 1986 3891 μὴν

313 3907 566 3979 θηλάζειν
591 3903 846 3975 δύναμαι,
875 3902 973 3956 καὶ
1003 3902 1185 3973 πηγὰς
1210 3903 1481 3972 γάλακτος
1508 3904 1726 3974 ἀφιέναι
1760 3909 1792 3979 ἡ
1828 3909 1989 3978 μηδε-

317 3997 445 4067 μίαν
480 3993 670 4048 ἐλπίδα
707 3992 891 4047 λοιπὸν
917 3990 1265 4060 τεκνογονίας
1301 3991 1520 4061 ἔχουσα.
1546 3995 1657 4048 Kal
1696 3991 1846 4049 εἷπε·
1889 3997 1989 4064 Τίς

311 4080 636 4152 ἀναγγελεῖ
649 4078 729 4145 τῷ
757 4079 1022 4147 Ἀϐραὰμ,
1053 4077 1142 4131 ὅτι
1163 4077 1397 4146 θηλάζει
1416 4080 1480 4133 τὸ
1503 4081 1745 4136 παιδίον
1758 4084 1956 4154 Σάρῤα
1967 4103 1988 4152 ;

312 4170 410 4224 Διά
437 4170 546 4239 γάρ
579 4169 738 4221 τοῦτο
776 4166 869 4220 καὶ
911 4166 1005 4218 τοῦ
1032 4165 1302 4232 γάλακτος
1334 4167 1391 4220 αἰ
1436 4171 1610 4238 πηγαὶ
1643 4175 1988 4246 παρεσχέθη..

314 4277 436 4323 σαν,
469 4258 555 4311 ἵνα
585 4257 675 4310 τὸν
702 4255 860 4308 τόκον
893 4253 1295 4318 πιστώσωνται,
1333 4255 1426 4309 καὶ
1471 4259 1546 4328 μή
1579 4276 1661 4322 τις
1685 4261 1988 4334 ὑπόϐλητον

311 4345 450 4401 εἰναι
475 4345 672 4418 νομίσῃ
704 4343 764 4396 τὸ
791 4343 1020 4396 παιδίον·
1059 4343 1115 4394 αἱ
1138 4342 1246 4413 γάρ
1275 4345 1447 4413 πηγαὶ
1471 4345 1564 4398 τοῦ
1593 4347 1860 4415 γάλακτος
1882 4355 1986 4404 πᾶ-

313 4452 398 4488 σιν
430 4435 726 4505 ἐκήρυττον
763 4430 913 4496 παρά
946 4431 1125 4483 πᾶσαν
1159 4430 1504 4504 ἀνθρωπίνην
1555 4437 1879 4509 προσδοκίμν
1911 4437 1987 4492 εἷο

311 4541 400 4576 ναι
459 4521 520 4574 τὸ
577 4519 962 4590 γεγενημένον.
1021 4519 1115 4584 Τίς
1178 4518 1527 4590 ἀναγγελεῖ,
1598 4521 1687 4576 ὅτι
1749 4526 1985 4593 θηλάζει

312 4609 554 4662 παιδίον
605 4605 843 4674 mappa;
892 4604 980 4657 ὅτι
1014 4605 1248 4659 ,ἔτεκον
1303 4606 1438 4661 υἱὸν
1489 4609 1561 4662 ἐν
1622 4609 1776 4680 γήρᾳ
1831 4630 1985 4681 μους

311 4700 392 4752 ὅτι
437 4695 551 4767 ἐγὼ
589 4697 622 4767 ή
653 4696 994 4765 γεγηρακυῖα
1024 4697 1202 4748 τεκεῖν
1250 4695 1535 4768 ήδυνήθην,
1575 4701 1667 4752 καὶ
1712 4701 1771 4752 ἐν
1799 4701 1986 4774 ἡλικίᾳ

311 4785 534 4860 τοιαύτῃ
577 4782 789 4838 παιδίον
829 4782 1050 4854 τρέφειν
1077 4782 1346 4853 δύναμαι;
1391 4785 1499 4839 Kal
1534 4787 1790 4855 ηὐξήθη,
1831 4792 1982 4861 φησὶ,

312 4875 376 4927 τὸ
448 4873 712 4936 παιδίον,
773 4871 872 4925 καὶ
932 4870 1446 4939 ἀπεγαλακτίσθη.
1505 4873 1614 4927 Καὶ
1693 4876 1986 4945 ἐποίησεν

323 4963 570 5030 Ἀϐραὰμ
595 4958 789 5029 δοχὴν
819 4956 1114 5028 μεγάλην,
1144 4952 1184 5029 ᾗ
1208 4958 1395 5028 ἡμέρᾳ
1421 4961 1912 5033 ἀπεγαλακτίσθη
1953 4968 1986 5019 ὁ

310 5050 438 5116 υίὸς
463 5048 670 5104 αὑτοῦ.

380 5145 442 5202 ς’.
468 5135 620 5202 Εἶδες
643 5137 737 5191 τοῦ
754 5137 889 5191 Θεοῦ
912 5137 1009 5210 τὴν
1035 5137 1237 5206 ἄφατον
1263 5138 1473 5206 σοφίαν,
1490 5139 1638 5203 ὅπως
1657 5139 1744 5194 διά
1767 5142 1983 5196 πάντων

311 5229 407 5297 τὴν
451 5227 730 5298 ὑπομονὴν
773 5227 868 5279 τοῦ
904 5227 1116 5280 δικαίου
1149 5226 1464 5295 βασανίσας,
1500 5229 1588 5281 ὅτε
1618 5232 1983 5301 ἀπαγορεύειν

310 5315 455 5381 ἔδοξε
489 5315 584 5367 καὶ
619 5314 780 5379 αὑτὸς
815 5316 908 5368 καὶ
953 5315 1154 5378 πάντες
1201 5315 1250 5366 οἱ
1299 5317 1377 5378 εἰς
1418 5316 1580 5370 αὑτὸν
1624 5319 1877 5387 ὁρῶντες,
1912 5325 1976 5391 τῇ

309 5403 632 5474 ἀνθρωπεία
667 5402 826 5471 φύσει
875 5401 1422 5465 κατακολουθοῦντες,
1457 5404 1578 5458 τότε
1624 5405 1723 5477 τὴν
1774 5410 1979 5462 οἰκείαν

310 5491 604 5561 ὑπόσχεσιν
633 5491 714 5554 εἰς
736 5489 895 5559 ἔργον
917 5491 1124 5560 ήγαγε;
1149 5491 1258 5544 Καὶ
1281 5493 1444 5562 ἡμεῖς
1467 5493 1665 5559 τοίνυν,
1684 5497 1978 5567 ἀγαπητοὶ,

307 5581 407 5650 τὴν
461 5579 630 5649 αὑτὴν
664 5577 741 5648 τῷ
788 5580 983 5650 δικαίῳ
1027 5580 1307 5651 ὑπομονὴν
1351 5581 1835 5654 ἐπιδεικνυώμεθα,
1888 5589 1980 5640 καὶ

312 5667 580 5739 μηδέποτε
609 5667 921 5739 ναρκῶμεν,
953 5666 1087 5720 ἀλλὰ
1112 5671 1230 5732 ταῖς
1257 5672 1520 5739 χρησταῖς
1559 5671 1739 5724 ἐλπίσι
1772 5674 1982 5742 τρεφώ-

312 5756 471 5824 μεθα,
500 5754 703 5817 εἰδότες
729 5755 811 5807 ὅτι
842 5753 966 5808 οὔτε
992 5754 1247 5809 δυσκολία
1265 5757 1625 5827 πραγμάτων,
1643 5758 1768 5812 οὔτε
1796 5760 1981 5827 ἕτερόν

306 5860 358 5898 τι
390 5842 497 5896 τῶν
530 5843 884 5912 ἀνθρωπίνων
917 5844 1095 5895 ἱκανὴν
1131 5843 1504 5916 κώλυμαήμῖν
1533 5847 1808 5916 γενέσθαι,
1834 5851 1980 5902 ἐπει.

305 5933 400 5983 δάν
435 5933 468 6002 ἡ
503 5930 597 5984 τοῦ
629 5930 764 5983 Θεοῦ
797 5933 952 6002 χάρις
986 5931 1081 6002 τὴν
1112 5932 1318 5984 οἰκείαν
1351 5935 1662 6003 φιλοτιμίαν
1707 5937 1976 6004 ἐπιδείξα-

308 6021 429 6074 σθαι
464 6020 718 6094 βουληθῇ.
753 6021 923 6075 Ὅταν
945 6020 1050 6092 γάρ
1083 6021 1284 6086 ἐκεῖνος
1311 6023 1495 6094 νεύσῃ,
1523 6025 1695 6078 πάντα
1724 6027 1855 6081 εἴκει
1885 6033 1974 6084 καὶ

1077 427 1135 483 S.
1180 425 1462 484 JOANNIS
1498 424 1986 481 CllllYSOSTUMl
2036 425 2358 480 ARCHIEP.
2399 427 2945 482 CONSTANTINOP.

3667 436 3789 490 19.2

2104 547 2444 615 παραχωρεῖ,
2477 545 2570 598 καὶ
2601 546 2669 600 τά
2693 545 2926 600 δύσκολα
2957 546 3153 602 εὔκολα
3185 551 3411 618 γίνεται,
3432 552 3613 606 καὶτὰ
3640 555 3785 607 ἁδύ-

2098 650 2232 686 νατα
2275 635 2508 687 δυνατά·
2543 637 2703 706 μόνον
2739 637 2833 689 ἐάν
2869 639 3028 708 ἡμεῖς
3085 640 3321 710 στερρὰν
3345 640 3444 713 τήν
3487 644 3568 703 εἰς
3611 645 3786 697 αὑτὸν

2100 720 2282 774 πίστιν
2311 723 2799 793 ἐπιδεικνυώμεθα,
2831 726 2922 777 καὶ
2957 726 3094 797 πρὸς
3125 727 3186 780 τὸ
3217 729 3447 798 μέγεθος
3485 731 3648 784 αὑτοῦ
3675 735 3788 801 ἀφ-

2097 807 2352 879 ορῶντες,
2385 809 2647 882 ἀνώτεροι
2679 811 2958 882 γινώμεθα
2983 814 3089 866 τῶν
3111 815 3466 888 ἀνθρωπίνων
3494 821 3781 874 ἀπάντων.

2109 896 2166 950 ’0
2198 897 2308 967 γὰρ
2349 897 2416 951 τὰ
2458 897 2722 967 μέλλοντα
2765 900 2948 968 ἀγαθά
2994 904 3089 955 καὶ
3127 903 3197 956 τά
3254 903 3543 976 ἀπόρρητα
3587 910 3784 962 ἐκεῖνα.

2097 984 2463 1055 ὑποσχόμενος
2491 988 2605 1050 τοῖς
2637 989 2757 1058 μετ’
2786 990 2989 1060 ἀρετῆς
3041 991 3139 1060 τὴν
3189 992 3425 1048 ἐνταῦθα
3463 994 3608 1067 ζωὴν
3650 997 3782 1049 δια-

2095 1072 2330 1140 νύουσιν,
2359 1075 2419 1126 οὑ
2450 1074 2628 1146 πολλῷ
2666 1077 2865 1147 μᾶλλον
2899 1079 2995 1132 καὶ
3027 1080 3095 1133 τὰ
3125 1081 3360 1134 ἐνταῦθα
3391 1083 3638 1153 παρέξει,
3675 1086 3782 1138 καὶ

2098 1159 2356 1229 μάλιστα,
2389 1158 2484 1212 ἐὰν
2519 1161 2680 1230 ἡμεῖς
2722 1165 2944 1218 ἐκείνων
2993 1166 3289 1237 ἐφιέμενοι,
3327 1168 3432 1221 τῶν
3487 1170 3780 1240 παρόντων

2095 1249 2453 1320 ὑπερορῶμεν
2471 1265 2484 1314 ;
2505 1251 2657 1324 [466]
2672 1253 2804 1306 Τότε
2821 1253 2929 1323 γάρ
2943 1253 3120 1306 αὑτῶν
3139 1254 3370 1324 μάλιστα
3387 1256 3778 1328 ἀπολαύσομεν

2096 1337 2234 1406 μετά
2249 1339 2550 1410 δαψιλείας,
2569 1344 2697 1395 ὅταν
2713 1342 2892 1395 αὑτῶν
2913 1342 3186 1414 ὑπεριδεῖν
3209 1343 3577 1414 βουληθῶμεν.
3601 1345 3777 1399 Ταῦτ’

2091 1420 2184 1479 οὖν
2209 1427 2410 1492 εἰδότες
2433 1439 2474 1496 ⁸,
2501 1430 2686 1484 ἐκεῖνα
2721 1430 2976 1501 ποθῶμεν
3003 1431 3072 1484 τά
3100 1431 3328 1502 μένοντα
3353 1433 3447 1485 καὶ
3477 1432 3627 1505 [466]
3648 1435 3775 1488 ἀκί-

2091 1529 2226 1584 νητα
2251 1515 2451 1583 ἀγαθά,
2479 1517 2548 1571 τά
2573 1518 2722 1582 τέλος
2747 1519 2847 1571 οὐκ
2875 1520 3234 1589 ἐπιστάμενα,
3264 1520 3350 1572 ἵνα
3383 1521 3475 1574 καὶ
3504 1522 3594 1574 τὸν
3626 1540 3768 1593 παρ·

2090 1603 2220 1658 όντα
2274 1605 2386 1676 βίον
2449 1608 2667 1672 ἀλύπως
2727 1608 3097 1678 διανύσωμεν,
3158 1610 3425 1663 κάκείνων
3490 1610 3777 1680 ἐπιτυχεῖν

2094 1689 2434 1763 δυνηθῶμεν,
2457 1688 2532 1749 ὧν
2563 1696 2775 1764 γένοιτο
2803 1697 3012 1760 πάντας
3043 1698 3192 1766 ἡμᾶς
3221 1697 3545 1764 ἀπολαῦσαι,
3579 1698 3782 1770 χάριτι.

2091 1781 2183 1832 καὶ
2217 1781 2599 1855 φιλανθρωπίᾳ
2643 1784 2736 1837 τοῦ
2784 1785 2988 1856 Κυρίου
3044 1786 3200 1856 ἡμῶν
3264 1785 3438 1857 Ἰησοῦ
3494 1785 3771 1857 Χριστοῦ,

2094 1867 2214 1937 μεθ’
2246 1863 2306 1922 οῦ
2341 1871 2418 1940 τῷ
2454 1872 2630 1944 Πατρὶ
2670 1875 2703 1944 ἡ
2735 1873 2882 1939 δόξα,
2920 1873 3036 1944 ἅμα
3061 1874 3138 1944 τῷ
3174 1873 3314 1944 ἁγίῳ
3342 1873 3640 1944 Πνεύματι,
3670 1872 3773 1927 νῦν

2091 1957 2184 2010 καὶ
2212 1957 2319 2022 ἀεὶ,
2356 1961 2450 2013 καί¹
2479 1963 2557 2024 εἰς
2585 1963 2710 2023 τοὺς
2741 1962 2943 2024 αἰῶνας
2967 1962 3074 2014 τῶν
3109 1961 3339 2017 αἰώνων.
3359 1963 3551 2033 Ἀμήν.

2710 2049 2952 2102 omum
2999 2051 3150 2116 Μςν.

2089 2132 2197 2187 Kal
2225 2129 2356 2208 glas
2381 2135 2580 2208 Σάρῤα
2604 2155 2616 2168 ·
2655 2138 2748 2208 Τίς
2784 2137 3109 2208 ἀναγγελεῖ
3128 2137 3207 2202 τῷ
3247 2139 3515 2208 Ἀϐραὰμ,
3549 2140 3637 2193 ὅτι
3659 2145 3770 2206 θη·-

2158 2203 2317 2264 λάζει
2335 2203 2574 2260 παιδίον
2595 2207 2828 2275 Σάρῤα;
2854 2203 3175 2262 ὄιέίὲτεκον
3195 2203 3418 2263 υίένὲν
3440 2203 3591 2280 γήρᾳ
3609 2229 3711 2276 μοι

2159 2299 2228 2346 α’.
2268 2295 2402 2364 Φέρε
2429 2296 2523 2348 καὶ
2549 2298 2810 2367 σήμερον,
2840 2299 3137 2369 ἀγαπητοὶ,
3167 2301 3265 2369 τὴν
3299 2299 3619 2355 ἀκολουθίαν
3655 2321 3770 2356 των

2088 2379 2214 2450 χθὲς
2251 2383 2554 2452 εἰρημένων
2586 2384 2946 2448 ἀναλαϐόντες
2969 2424 2984 2450 ,
3022 2385 3166 2439 οὑτω
3217 2387 3316 2458 τὴν
3351 2389 3594 2443 ἐπίασιν
3633 2390 3768 2457 ὑμῖν

2087 2470 2424 2542 παραθῶμεν
2439 2472 2642 2544 ταύτην
2654 2474 2752 2546 τὴν
2773 2477 3171 2547 πνευματικὴν,
3195 2477 3280 2529 ἵνα
3298 2477 3558 2548 μάθωμεν
3575 2477 3767 2541 πάλιν,

2087 2558 2340 2630 καθάπερ
2373 2559 2498 2630 χθὲς
2532 2562 2825 2633 ἠκούσατε,
2863 2564 2959 2617 τοῦ
2988 2564 3193 2633 ἀγαθοῦ
3243 2565 3380 2618 Θεοῦ
3414 2567 3513 2637 τὴν
3557 2567 3767 2636 ἄφατον

2087 2647 2416 2718 κηδεμονίαν
2443 2650 2536 2703 καὶ
2567 2651 2999 2719 συγκατάϐασιν,
3036 2653 3131 2706 καὶ⁵
3173 2652 3268 2706 τοῦ
3299 2655 3634 2726 πατριάρχου
3664 2655 3768 2725 τὴν

2089 2735 2288 2807 πολλὴν
2329 2737 2576 2805 ὑπακοὴν
2609 2738 2702 2791 καὶ
2734 2739 3175 2811 εὐγνωμοσύνην.
3219 2741 3402 2794 Είδετε
3428 2743 3573 2806 ὅπως
3603 2743 3636 2814 ἡ
3666 2742 3764 2795 τοῦ

2099 2825 2287 2878 Ἰσαάκ
2315 2825 2568 2896 γέννησις
2595 2829 2871 2900 περιχαρῆ
2905 2828 3005 2900 τὴν
3051 2830 3270 2903 Σάρραν
3303 2831 3594 2902 ἐποίησεν;
3618 2827 3768 2884 Εἷπε

2088 2912 2216 2983 γάρ,
2250 2914 2402 2983 φησὶ,
2440 2913 2680 2968 ι’ἐλωτά
2716 2934 2819 2984 μοι
2855 2917 3146 2986 ἐποίησεν
3176 2922 3210 2973 ὁ
3238 2922 3382 2986 Θεός
3403 2936 3416 2948 ·
3444 2919 3513 2986 ὃς
3547 2919 3656 2989 γὰρ
3686 2919 3768 2974 ἂν

2087 3001 2345 3070 ἀκούσῃ,
2372 3003 2763 3072 συγχαρεῖταί
2776 3021 2899 3073 μοι.
2917 3006 3208 3072 Ἕκαστον,
3233 3025 3306 3078 φη
3317 3009 3388 3072 τί,
3406 3008 3515 3062 τῶν
3535 3009 3763 3062 ἀκουόν-

2087 3107 2194 3142 των
2230 3093 2310 3154 εἰς
2333 3091 2618 3144 κοινωνίαν
2644 3093 2743 3163 τῆς
2773 3095 2947 3165 χαρᾶς
2970 3095 3367 3167 ἐπισπάσομαι.
3399 3097 3626 3166 Μεγάλη
3652 3098 3760 3167 γάρ

2087 3181 2235 3233 ἐστιν
2271 3183 2304 3252 ἡ
2349 3179 2502 3251 παρά
2539 3180 2634 3234 τοῦ
2664 3183 2799 3236 Θεοῦ
2848 3185 3262 3256 παρασχεθεῖσά
3313 3203 3404 3256 μοι
3431 3185 3628 3256 δωρεά,
3669 3189 3764 3240 καὶ

2087 3268 2494 3339 ὑπερϐαίνουσα
2533 3270 2631 3342 τὴν
2660 3271 3009 3342 ἀνθρωπίνην
3035 3272 3338 3327 ἀσθένειαν.
3369 3273 3464 3338 Τίς
3495 3275 3623 3344 γὰρ,
3658 3294 3765 3346 φη-

2089 3357 2194 3419 σὶν,
2218 3358 2320 3410 οὑκ
2346 3357 2412 3411 ἂν
2443 3359 2747 3429 ἐκπλαγείη
2777 3360 2920 3431 ὀρῶν
2948 3361 3050 3432 ἐμὲ
3073 3361 3621 3433 γαλακτοτροφοῦσαν
3667 3364 3765 3418 καὶ

2084 3447 2502 3519 τιθηνουμένην,
2529 3449 2628 3519 τὴν
2656 3449 2715 3502 ἐν
2739 3449 2957 3520 ἐσχάτῳ
2980 3451 3129 3521 γήρᾳ
3152 3451 3244 3504 καὶ
3263 3451 3426 3523 μέχρι
3444 3452 3539 3505 τοῦ
3565 3454 3763 3524 παρόν-

2083 3552 2173 3598 τος
2211 3537 2267 3588 ἐν
2297 3536 2526 3607 ἀπαιδίᾳ
2569 3538 2978 3608 γεγενημένην;
3029 3540 3137 3592 Καὶ
3169 3540 3369 3594 ὡσανεὶ
3406 3540 3760 3612 θαυμάζουσα

2085 3624 2179 3676 καὶ
2208 3623 2622 3695 ἐκπληττομένη
2652 3625 2712 3677 τὸ
2736 3627 2979 3693 γεγονὸς,
3006 3627 3253 3698 ἐπήγαγε
3275 3645 3287 3658 ·
3325 3629 3418 3694 Τίς
3444 3629 3768 3700 ἀναγγελεῖ

2085 3709 2164 3776 τῷ
2207 3713 2472 3782 Ἀϐραὰμ,
2500 3711 2589 3766 ὅτι
2619 3712 2860 3780 θηλάζει
2895 3714 3136 3769 παιδίον
3165 3716 3398 3785 Eappa,-
3431 3717 3519 3771 ὅτι
3551 3718 3764 3774 ἔτεκον

2085 3799 2220 3852 υἱὸν
2237 3799 2308 3852 ἐν
2329 3799 2483 3868 γήρᾳ
2508 3819 2628 3870 μου
2642 3818 2662 3866 ;
2691 3801 2907 3875 Ἐπειδὴ
2935 3803 3073 3874 ὑπὲρ
3097 3803 3255 3873 φύσιν
3288 3806 3404 3858 ἐστί
3435 3805 3494 3858 τὸ
3516 3807 3758 3876 γεγονὸς,

2085 3886 2173 3940 διὰ
2199 3887 2357 3940 τοῦτό
2383 3905 2538 3959 φησι,
2574 3890 2669 3956 Τίς
2700 3891 3054 3960 άναγγελεῖ;
3080 3893 3200 3945 ἀντὶ
3234 3893 3350 3957 τοῦ,
3383 3893 3479 3957 Τίς
3512 3894 3760 3961 ἀναλογί-

2090 3991 2240 4027 σεται
2265 3993 2278 4040 ;
2309 3976 2394 4039 τίς
2424 3975 2489 4029 ἂν
2519 3976 2884 4048 ἐνθυμηθείη;
2917 3979 3044 4032 ποία
3072 3979 3278 4032 διάνοια
3303 3981 3628 4035 καταλαϐεῖν
3665 3983 3762 4034 δυ-

2087 4065 2340 4132 νήσεται;
2369 4066 2520 4127 ποῖος
2550 4063 2806 4136 λογισμὸς
2839 4065 3019 4138 εὑρεῖν
3053 4067 3233 4130 ἱκανὸς
3268 4067 3360 4120 τοῦ
3391 4069 3760 4139 γεγενημένου

2086 4153 2183 4224 τήν
2213 4154 2535 4225 ἀκρίϐειαν;
2571 4156 2682 4226 Οὐχ
2717 4154 2860 4209 οὕτω
2891 4156 3202 4226 θαυμαστὸν
3229 4153 3317 4228 ἦν,
3355 4157 3414 4211 τὸ
3443 4160 3506 4212 ἐκ
3534 4159 3631 4229 τῆς
3660 4160 3761 4212 πέ-

2084 4257 2222 4312 τρας
2261 4241 2401 4294 κατὰ
2429 4242 2527 4314 τὴν
2570 4242 2774 4315 ἔρημον
2804 4244 3105 4298 ἀναϐλύσαι
3141 4245 3237 4308 τάς
3281 4246 3462 4316 πηγάς
3495 4247 3603 4300 τῶν
3635 4247 3764 4302 ὑδά-

2085 4347 2212 4393 των,
2247 4330 2407 4401 ἡνίκα
2436 4333 2502 4402 τῇ
2532 4331 2712 4403 ῥάϐδῳ
2742 4332 2985 4403 Μωΰσῆς
3007 4333 3212 4403 ταύτην
3241 4335 3574 4400 έπαισεν,ώς
3601 4335 3763 4389 τοῦτο

2084 4417 2144 4470 τὸ
2174 4418 2282 4470 ἀπὸ
2318 4420 2533 4490 μήτρας
2554 4421 2652 4492 ἡδη
2682 4423 3099 4494 νενεκρωμένης
3120 4425 3331 4477 παιδίον
3355 4425 3635 4495 τεχθῆναι,
3666 4428 3762 4479 καὶ

2085 4505 2355 4574 γάλακτος
2384 4508 2565 4578 πηγάς
2580 4509 2901 4563 ἀναϐλύσαι.
2937 4511 3054 4564 ’Ίνα
3089 4511 3196 4584 γάρ
3223 4515 3388 4566 πᾶσιν
3419 4516 3446 4566 ὁ
3474 4513 3630 4576 τόκος
3655 4531 3760 4566 κα-

2085 4593 2311 4665 τάδηλος
2349 4595 2592 4666 γένηται,
2646 4596 2740 4650 καὶ
2771 4599 3004 4662 πάντας,
3038 4601 3131 4653 καὶ
3158 4603 3284 4665 τοὺς
3334 4601 3455 4654 τότε
3485 4601 3762 4672 παρόντας

2085 4681 2179 4734 καὶ
2204 4684 2329 4746 τοὺς
2364 4684 2502 4754 μετὰ
2533 4685 2708 4738 ταῦτα
2735 4686 3059 4753 ἀκούοντας,
3086 4691 3166 4752 εἰς
3199 4689 3379 4743 πίστιν
3412 4689 3505 4742 τοῦ
3541 4689 3761 4760 θαύμα-

2083 4786 2172 4832 τος
2197 4771 2460 4843 ἐναγάγῃ,
2490 4772 2576 4825 διὰ
2606 4772 2762 4826 τοῦτο
2792 4775 2886 4826 καὶ
2911 4776 3047 4846 αὑτὴ
3081 4777 3270 4847 τρέφει
3294 4778 3506 4832 παιδίον
3535 4779 3630 4832 καὶ
3657 4778 3760 4847 τῆς

2083 4856 2548 4929 γαλακτοτροφίας
2577 4860 2850 4929 ἀνέχεται.
2886 4863 2993 4915 Καί
3034 4882 3188 4934 φησι,
3225 4867 3319 4932 Τίς
3340 4865 3664 4936 ἀναγγελεῖ
3678 4865 3763 4931 τῷ

2096 4943 2371 5014 Ἀϐραὰμ.
2422 4945 2512 4998 ὅτι
2542 4947 2778 5016 θηλάζει
2816 4952 3058 5005 παιδίον
3083 4953 3318 5022 Eappa;
3347 4953 3505 5008 τοῦτο
3537 4954 3599 5007 τὸ
3631 4971 3761 5007 και-

2083 5031 2192 5093 νὸν,
2233 5032 2554 5103 παράδοξον,
2587 5036 2682 5088 καὶ
2719 5039 2847 5110 παρ’
2881 5039 3070 5094 ἐλπίδα
3107 5043 3232 5112 ἐμοὶ
3264 5042 3761 5113 παραηεθέν,”οτι

2082 5121 2290 5172 ἔτεκον
2316 5121 2533 5175 υὶὸνέν
2552 5123 2702 5191 γήρα
2725 5143 2845 5194 μου
2870 5128 2930 5191 1›;
2963 5129 3026 5181 Τί
3053 5131 3222 5196 ἐστιν,
3257 5130 3380 5183 Ὅτι
3398 5132 3607 5184 ἔτεκον
3626 5131 3761 5184 υἱὸν

2081 5208 2149 5260 ὲν
2182 5207 2333 5276 γήρᾳ
2355 5227 2511 5277 μους
2541 5211 2662 5264 Ὅτι
2695 5215 2788 5266 καὶ
2814 5215 2942 5268 ἄνευ
2967 5215 3069 5286 τῆς
3095 5216 3434 5288 στειρώσεως
3460 5218 3641 5281 ἱκανὸς
3667 5214 3756 5288 ἦν,

2083 5292 2240 5360 φησὶ,
2278 5293 2418 5345 καὶὸ
2453 5296 2552 5363 τῆς
2589 5295 2803 5364 ἡλικίας
2835 5301 3025 5369 χρόνος
3051 5301 3431 5372 ἀπαγορεῦσαι
3459 5301 3550 5353 τὸν
3576 5301 3755 5353 τόκον.

2095 5374 2254 5426 ’Λλλά
2299 5374 2474 5428 ταῦτα
2500 5378 2676 5431 πάντα
2723 5379 2794 5432 τά
2831 5382 3129 5452 κωλύματα
3150 5384 3176 5435 ό
3205 5383 3484 5455 Δεσπότης
3511 5383 3759 5436 ἐκποδὼν

2083 5461 2472 5531 ποιησάμενος,
2497 5465 2588 5517 καὶ
2611 5466 2702 5519 τοῦ
2743 5469 2929 5532 παιδὸς
2952 5471 3048 5542 ’τὸν
3068 5471 3224 5524 τόκον
3256 5473 3381 5543 ἐμοὶ
3411 5472 3756 5542 κεχάρισται,

2085 5549 2180 5602 καὶ
2209 5549 2302 5602 τοῦ
2318 5551 2590 5618 γάλακτος
2609 5554 2707 5618 τάς
2728 5557 2927 5624 πηγάς.
2950 5558 3086 5611 Ἀλλ’
3108 5559 3305 5630 ἴδωμεν
3322 5560 3506 5613 λοιπὸν
3521 5559 3588 5613 τά
3607 5559 3754 5628 ἑξῆς.

2094 5637 2310 5708 Ἐπειδὴ
2350 5638 2457 5710 γάρ
2491 5642 2792 5712 ἀπήρτιστο
2820 5644 2888 5697 τά
2919 5645 3020 5714 τῆς
3054 5645 3208 5720 [467]
3256 5647 3755 5716 γαλακτοτροφίας,

2081 5721 2233 5788 Εἷδε,
2262 5728 2414 5797 φησὶ.
2449 5727 2645 5796 Σάῤῥα
2671 5730 2779 5785 τὸν
2800 5733 2933 5786 υἱὸν
2960 5734 3146 5804 ’Ἅγαρ
3173 5733 3284 5803 τῆς
3313 5734 3657 5806 Αἰγυπτίας,
3690 5735 3759 5800 ὃς

2083 5813 2315 5882 ἐγένετο
2339 5816 2417 5880 τῷ
2456 5818 2731 5887 Ἀϐραὰμ,
2759 5819 3045 5881 παίζοντα
3069 5823 3222 5893 μετὰ
3259 5825 3455 5879 Ἰσαὰκ
3486 5822 3593 5876 τοῦ
3620 5823 3757 5877 υἱοῦ

2145 5921 2169 5947 ³
2199 5920 2369 5986 Morel.
2398 5928 2448 5970 et
2486 5923 2682 5984 quidam
2729 5939 2840 5977 mss.
2867 5926 3000 5975 ταῦτ’
3051 5928 3132 5976 οὖν
3172 5930 3358 5986 εἰδότες.
3405 5928 3554 5979 Savil.
3581 5934 3633 5976 el
3675 5923 3757 5974 alii

2084 5982 2198 6041 ὅπερ
2221 5982 2543 6041 γινώσκοντες.

2153 6043 2180 6082 b
2207 6045 2354 6094 Saxil.
2384 6047 2644 6106 etquidam
2667 6063 2782 6098 mss.
2809 6051 2853 6098 ἐν
2875 6052 3000 6114 γήρει
3029 6069 3133 6114 μου.
