4084 6356
372 436 469 492 εει

368 574 498 625 olim
532 572 606 627 illi
634 589 663 626 a
696 572 806 627 Deo
831 573 1087 642 prmuissa
1120 581 1261 626 sunt.
1310 571 1375 626 Et
1422 572 1667 626 Dominus
1693 614 1707 635 ,
1740 573 1909 641 inquit
1945 612 1960 636 ,

371 665 589 718 uisitauit
619 664 835 719 Sarram
855 706 870 729 ,
887 666 1017 719 sicut
1036 666 1164 720 dixit
1190 707 1203 730 ,
1226 676 1271 719 et
1297 666 1411 737 fecit
1430 664 1606 721 Sarra
1629 669 1757 719 sicut
1788 667 1966 735 loquu-

368 764 450 809 tus
478 765 569 809 est.
602 756 656 809 2.
681 754 749 809 Et
776 758 1018 827 concepit,
1046 758 1335 827 peperitque
1364 756 1526 811 Sarra
1552 756 1770 810 Abraha
1800 758 1964 826 ﬁlium

373 847 426 899 in
458 855 710 901 senectute
732 887 745 910 ,
785 848 839 901 in
877 859 1098 918 tempore
1122 849 1251 902 sicut
1279 848 1516 919 loquutus
1540 859 1615 902 est
1642 849 1689 902 ei
1715 848 1963 901 Dominus

373 937 524 1006 (Cap.
554 938 667 1005 21).
697 937 833 1007 Quid
861 948 961 1006 est,
990 938 1134 994 Sicut
1156 940 1391 1011 loquutus
1416 952 1508 1003 est.
1527 949 1599 1006 et,
1625 940 1771 995 Sicut
1792 941 1918 995 dixit
1940 941 1966 995 Ρ

377 1025 1068 1099 Quemadmodum,inquit,
1092 1033 1352 1101 promisit,
1376 1034 1588 1102 quando
1614 1034 1842 1103 hospitio
1866 1049 1963 1088 ex-

370 1129 556 1189 ceptus
590 1131 673 1175 est
698 1136 821 1177 cum
856 1124 1058 1193 angelis
1086 1126 1227 1195 apud
1255 1142 1509 1195 quercum
1541 1126 1794 1181 Mambre.
1824 1126 1955 1180 Nam

366 1213 510 1281 quod
541 1212 712 1269 dixit:
746 1213 813 1268 In
842 1216 1181 1285 temporehoc
1203 1218 1421 1278 veniam,
1450 1227 1497 1271 et
1517 1219 1611 1271 erit
1629 1218 1806 1273 Sarra:
1820 1218 1958 1287 ﬁlius

375 1301 526 1372 (Gen.
558 1304 646 1360 18.
676 1303 769 1377 24)
796 1306 808 1359 Ξ
840 1306 941 1361 hoc
968 1322 1109 1361 nunc
1132 1322 1295 1376 opere
1323 1308 1594 1377 impletum
1621 1317 1721 1363 est.
1745 1309 1811 1362 Et
1840 1324 1957 1379 quae

372 1404 562 1447 natura
589 1394 906 1465 denegabat,
939 1411 1002 1451 ea
1026 1396 1278 1451 videbant
1311 1398 1555 1453 evenisse
1578 1439 1592 1463 ,
1626 1414 1731 1452 non
1762 1413 1955 1453 secun-

368 1482 498 1536 dum
540 1484 829 1539 humanum
869 1494 923 1541 et
951 1486 1165 1541 solitum
1194 1502 1395 1541 morem
1432 1529 1446 1553 ,
1477 1488 1572 1543 sed
1598 1504 1693 1559 per
1720 1489 1953 1544 divinam

369 1576 616 1645 gratiam.
660 1578 713 1633 5.
748 1575 812 1630 Et
851 1580 1042 1631 vocavit
1081 1596 1261 1632 nomen
1302 1580 1396 1648 ﬁlii
1430 1581 1550 1645 sui,
1591 1597 1735 1651 quem
1765 1582 1959 1651 peperit

370 1668 467 1736 ipsi
488 1667 673 1734 Sarra,
720 1668 889 1724 Isaac.
915 1671 1030 1725 Non
1058 1673 1255 1742 absque
1279 1687 1433 1726 causa
1458 1673 1766 1742 assignavit,
1799 1674 1958 1739 Quem

376 1761 569 1827 peperit
594 1760 692 1831 ipsi
716 1760 915 1815 Sarra:
942 1778 1047 1816 non
1074 1762 1216 1816 enim
1242 1762 1375 1817 dixit
1396 1765 1711 1833 simpliciter
1729 1805 1745 1830 ,
1786 1762 1955 1817 Voca-

371 1853 439 1902 vit
460 1867 639 1904 nomen
651 1851 747 1921 ﬁlii
771 1853 850 1906 sui
868 1869 888 1918 ;
916 1854 1008 1908 sed
1022 1854 1234 1925 adjecit,
1262 1855 1419 1922 Quem
1433 1859 1624 1927 peperit
1645 1858 1745 1926 ipsi
1769 1858 1953 1923 Sarra,

371 1943 652 1998 infecunda
679 1944 765 1998 illa
791 1956 844 2000 et
867 1946 1062 2000 vetula.
1090 1947 1143 2000 4.
1168 1946 1237 1999 Et
1273 1948 1588 2001 circumcidit
1614 1965 1747 2016 eum,
1768 1949 1955 2018 inquit,

373 2034 455 2088 die
477 2044 650 2089 octavo
678 2075 693 2099 ,
726 2036 852 2089 sicut
894 2047 1199 2106 prwceperat
1226 2035 1498 2091 Dominus.
1526 2037 1613 2092 Sic
1644 2038 1788 2094 enim
1817 2055 1954 2109 prce-

369 2133 582 2191 ceptum
623 2135 903 2195 acceperat
932 2167 947 2193 ,
996 2136 1052 2181 ut
1089 2126 1176 2182 die
1217 2138 1406 2182 octavo
1449 2129 1958 2186 circumciderentur

371 2216 461 2283 qui
494 2214 714 2284 posthac
741 2229 1106 2272 nascerentur.

448 2304 632 2359 Omnia
660 2303 769 2361 Deo
798 2310 1154 2377 possibilia.—
1171 2309 1337 2366 Porro
1357 2319 1416 2366 ut
1442 2312 1664 2368 ulterius
1689 2312 1958 2369 discamus

373 2396 687 2452 ineffabilem
716 2400 1005 2468 potentiam
1036 2402 1127 2457 Dei
1156 2444 1172 2469 ,
1202 2411 1255 2458 et
1293 2418 1355 2458 ea
1386 2419 1504 2473 qua:
1545 2405 1684 2475 apud
1713 2405 1958 2463 homines

374 2487 718 2555 impossibilia
744 2499 905 2556 sunt,
934 2492 1074 2561 apud
1096 2509 1217 2547 eum
1246 2494 1517 2562 possibilia
1544 2510 1663 2551 esse
1701 2514 1716 2551 :
1757 2498 1958 2553 idcirco

372 2582 527 2636 tinbis
561 2591 768 2652 tempus
797 2585 1088 2655 assignavit
1118 2587 1307 2641 iterum
1347 2588 1525 2642 divina
1556 2588 1827 2659 Scriptura
1861 2632 1877 2656 ,
1905 2602 1959 2645 et

372 2682 490 2740 post
519 2683 723 2742 partum
757 2675 916 2731 docet
954 2692 1052 2731 nos
1098 2678 1181 2732 his
1225 2678 1403 2734 verbis
1433 2699 1443 2731 :
1475 2681 1528 2734 5.
1558 2679 1813 2735 Abraham
1852 2694 1961 2737 erat

370 2781 622 2817 annorum
650 2777 867 2831 centum,
891 2769 1094 2836 quando
1131 2781 1276 2823 natus
1310 2779 1383 2824 est
1409 2771 1454 2824 ei
1481 2770 1631 2826 Isaac
1650 2771 1791 2840 ﬁlius
1815 2790 1956 2829 suus.

372 2856 424 2908 6.
458 2855 601 2909 Dixit
624 2867 792 2911 autem
814 2857 1010 2913 Sarra:
1030 2858 1212 2914 Risum
1238 2862 1355 2932 fecit
1379 2862 1504 2916 mihi
1524 2861 1780 2921 Dominus
1799 2882 1819 2920 :
1844 2883 1961 2921 nam

368 2950 455 3017 qui
484 2950 674 3016 audiet,
692 2951 939 3021 gaudebit
961 2967 1182 3008 mecum.
1203 2953 1340 3022 Quid
1364 2963 1466 3019 est,
1487 2956 1666 3011 Risum
1696 2960 1812 3030 fecit
1835 2960 1960 3013 mihi

374 3041 620 3097 Dominus
650 3044 676 3098 .’
699 3044 920 3101 Laetitia:
961 3048 1173 3101 occasio
1217 3046 1347 3101 mihi
1387 3058 1567 3117 partus
1604 3060 1705 3105 est.
1740 3052 1799 3105 Et
1833 3052 1958 3122 quid

370 3136 585 3201 mirum,
613 3137 659 3191 si
690 3137 817 3191 mihi
846 3138 1140 3209 gaudium?
1170 3139 1368 3196 Omnes
1395 3142 1558 3197 etiam
1581 3145 1670 3214 qui
1699 3145 1950 3213 audient,

370 3227 577 3282 habebo
603 3231 1051 3298 congratulantes,
1084 3247 1191 3291 non
1218 3233 1338 3301 quia
1370 3235 1584 3303 peperi,
1612 3236 1705 3290 sed
1732 3238 1853 3307 quia
1881 3240 1959 3295 sic

373 3319 575 3386 peperi.
603 3318 733 3373 Tam
778 3320 1108 3377 admirabilis
1147 3338 1407 3393 ratusque
1447 3337 1629 3395 partus
1676 3344 1863 3385 omnes
1905 3333 1956 3386 in

371 3411 773 3466 admirationem
801 3414 989 3482 rapiet,
1013 3424 1066 3469 et
1086 3414 1343 3485 majorem
1361 3417 1609 3474 omnibus
1630 3420 1955 3491 voluptatem

369 3502 555 3557 afferet
580 3546 594 3567 ,
622 3519 744 3559 cum
770 3506 1020 3560 sciverint
1044 3521 1131 3561 me
1154 3548 1169 3572 ,
1195 3523 1314 3577 quae
1336 3507 1467 3563 nihil
1491 3525 1520 3564 a
1552 3514 1775 3566 mortuis
1803 3512 1955 3569 diffe-

372 3596 552 3649 rebam
600 3608 859 3665 quantum
900 3598 966 3652 ad
1011 3601 1409 3669 generationem
1444 3642 1459 3668 ,
1508 3603 1684 3658 subito
1728 3615 1954 3660 matrem

371 3686 559 3741 factam
581 3704 723 3754 esse,
751 3700 850 3745 ete
880 3692 1034 3746 vulva
1051 3693 1316 3747 exsiccata
1347 3695 1577 3763 puellum
1602 3698 1876 3767 peperisse
1901 3709 1956 3755 et

372 3778 568 3833 lactare
594 3795 750 3849 posse
773 3823 789 3848 ,
821 3790 875 3836 et
903 3782 1073 3838 fontes
1105 3783 1257 3839 laetis
1286 3787 1529 3840 emittere
1559 3829 1574 3853 ,
1607 3802 1726 3856 quae
1757 3790 1957 3846 nullam

366 3886 517 3938 spem
560 3873 798 3941 pariendi
848 3874 1127 3929 habebam.
1159 3877 1212 3930 7.
1250 3876 1312 3929 Et
1340 3877 1469 3931 dixit
1490 3894 1508 3931 :
1529 3878 1657 3945 Quis
1676 3883 1956 3935 annuntia-

369 3962 435 4012 bit
467 3961 703 4027 Abrahae,
723 3964 859 4033 quod
885 3966 1039 4017 lactat
1074 3983 1286 4034 puerum
1317 3967 1478 4021 Sarra
1509 3970 1534 4021 ?
1576 3969 1709 4024 Nam
1740 3981 1955 4040 propter

370 4056 471 4109 huc
513 4065 567 4109 et
613 4057 765 4111 lactis
796 4059 966 4113 fontes
994 4061 1236 4115 concessi
1265 4071 1427 4125 sunt,
1464 4071 1520 4115 ut
1549 4077 1755 4133 partum
1788 4066 1955 4135 magis

367 4146 674 4202 credibilem
695 4148 905 4214 faciant,
929 4159 985 4204 et
1006 4166 1074 4206 ne
1099 4153 1218 4219 quis
1237 4154 1631 4221 suppositilium
1659 4171 1780 4211 esse
1807 4165 1955 4225 putet

367 4253 588 4307 puerum
627 4258 639 4292 :
675 4240 849 4295 fontes
888 4243 1030 4297 enim
1088 4244 1238 4298 lactis
1283 4246 1532 4299 omnibus
1595 4244 1989 4315 prredieabant'

368 4341 557 4400 praeter
600 4331 883 4387 humanam
914 4338 1368 4404 exspectationem
1400 4338 1500 4393 hoc
1536 4340 1796 4395 evenisse.
1826 4341 1952 4406 Quis

365 4427 681 4480 annuntiabit
702 4470 716 4492 ,
758 4428 894 4496 quod
923 4428 1076 4482 lactat
1107 4447 1317 4499 puerum
1341 4431 1504 4486 Sarra
1526 4433 1552 4486 ?
1576 4435 1710 4503 quod
1739 4451 1949 4505 pepere-

361 4521 459 4570 rim
481 4520 645 4586 ﬁlium
668 4521 722 4573 in
753 4530 1004 4574 senectute
1030 4538 1140 4574 mea
1165 4522 1191 4575 ?
1217 4522 1360 4591 quod
1389 4539 1488 4593 ego
1509 4540 1627 4593 qua:
1649 4526 1823 4591 senui,
1857 4541 1949 4594 pa-

361 4625 483 4664 rere
510 4611 772 4679 potuerim
804 4652 819 4677 ,
861 4620 914 4666 et
942 4612 995 4667 in
1023 4613 1121 4667 hac
1146 4623 1303 4668 aetate
1329 4614 1495 4667 filium
1535 4615 1678 4670 alere
1707 4618 1903 4685 possim
1927 4618 1951 4672 ?

361 4704 413 4758 8.
438 4703 500 4757 Et
547 4707 723 4770 crevit,
752 4706 943 4775 inquit,
990 4723 1133 4777 puer,
1183 4717 1231 4761 et
1274 4708 1554 4761 obluctatus
1600 4719 1691 4762 est.
1721 4709 1786 4762 Et
1830 4711 1950 4779 fecit

360 4797 617 4850 Abraham
661 4798 940 4851 convivium
977 4815 1218 4869 magnum
1251 4800 1334 4853 die
1361 4817 1458 4870 quo
1480 4801 1763 4856 obluctatus
1783 4813 1855 4858 est
1885 4804 1951 4873 ﬁ-

357 4887 456 4940 lms
488 4904 630 4943 suus.

427 4981 479 5033 6.
518 4979 732 5033 Moralis
749 4981 1053 5033 exhortatio.
1071 4979 1217 5035 Nihil
1234 4999 1334 5035 non
1354 4982 1486 5035 cedit
1506 4984 1651 5035 nutui
1667 4984 1853 5038 divino.
1876 5014 1948 5026 —

356 5070 543 5124 Vidisti
575 5071 667 5125 Dei
698 5071 1022 5125 ineffabilem
1058 5072 1375 5141 sapientiam
1396 5114 1412 5138 ,
1439 5073 1708 5142 quomodo
1741 5075 1948 5143 patien-

354 5166 481 5219 tiam
494 5165 626 5235 justi
644 5165 815 5219 modis
832 5166 1085 5220 omnibus
1109 5165 1374 5235 probavit,
1398 5166 1611 5235 quando
1628 5167 1741 5236 ipse
1762 5176 1815 5222 et
1832 5184 1947 5221 om—

353 5274 447 5313 nes
465 5258 555 5328 qui
572 5258 747 5327 ipsum
760 5258 1030 5322 videbant,
1055 5258 1300 5312 humana:
1320 5268 1523 5315 natura:
1534 5261 1675 5315 vires
1695 5272 1945 5330 spectan-

354 5362 451 5410 tes,
479 5350 608 5403 nihil
634 5365 851 5418 sperare
882 5348 1167 5415 audebant,
1198 5358 1323 5403 tunc
1351 5350 1461 5419 ipsa
1489 5352 1772 5420 promissio
1798 5368 1944 5406 com-

354 5440 493 5507 pleta
509 5441 627 5494 est?
648 5439 830 5510 Igitur,
854 5440 1055 5505 dilecti,
1085 5449 1140 5495 et
1167 5455 1263 5495 nos
1289 5441 1555 5507 eamdem,
1586 5458 1745 5513 quam
1769 5442 1945 5512 justus

354 5530 442 5586 ille
469 5532 778 5601 patientiam
808 5532 1160 5587 exhibeamus
1183 5575 1198 5599 ,
1229 5543 1283 5587 et
1314 5549 1599 5602 numquam
1626 5535 1837 5590 desides
1864 5538 1941 5589 si-

353 5640 470 5677 mus
498 5642 511 5676 :
535 5625 628 5679 sed
652 5641 749 5695 spe
777 5625 916 5681 bona
944 5642 1270 5691 recreemur,
1301 5627 1531 5683 scientes
1562 5644 1734 5697 neque
1762 5646 1939 5684 rerum

354 5718 722 5773 difficultatem
743 5761 757 5783 ,
790 5736 959 5789 neque
983 5722 1121 5775 aliud
1143 5706 1269 5792 quid
1299 5720 1585 5774 humanum
1608 5722 1938 5776 obstaculum

353 5809 506 5864 nobis
527 5825 647 5864 esse
672 5824 851 5879 posse,
877 5811 921 5865 si
947 5811 1161 5880 quando
1182 5812 1352 5880 gratia
1377 5812 1467 5865 Dei
1490 5827 1639 5865 suam
1663 5812 1939 5867 declarare

354 5902 581 5957 voluerit
608 5903 1001 5957 liberalitatem.
1020 5904 1240 5971 Quoties
1258 5904 1397 5959 en’m
1422 5903 1509 5959 ille
1531 5904 1736 5971 annuit,
1758 5906 1934 5959 cntnia

1428 436 1490 491 IN
1532 436 1681 493 CAP.
1725 436 1868 492 XXI.
1912 433 2158 491 GENES.
2192 434 2423 491 HOMIL.
2466 436 2647 491 XLVI;

3547 442 3649 495 ηε

2074 550 2268 604 cedunt
2294 562 2347 605 et
2382 553 2777 624 obtemperant,
2827 563 2889 611 et'
2922 556 3155 612 difficilia
3197 555 3369 612 facilia
3416 574 3558 625 sunt,
3598 572 3653 616 et

2072 642 2422 710 impossibilia
2451 646 2720 714 possibilia
2740 690 2753 712 ,
2784 648 2829 702 si
2855 649 3190 704 solummodo
3217 650 3422 704 firmam
3456 650 3509 705 in
3538 652 3655 721 ipso

2072 733 2230 787 fidem
2249 748 2651 803 conservemus,
2665 746 2721 792 et
2739 738 2806 792 ad
2825 741 3243 810 magnitudinem
3263 741 3380 811 ejus
3401 744 3654 812 potentiae

2067 833 2375 892 spectantes
2399 826 2645 882 humanis
2680 829 2928 885 omnibus
2956 832 3262 899 superiores
3295 832 3483 886 simus.
3520 832 3652 887 Nam

2068 917 2157 985 qui
2187 917 2362 972 futura
2389 918 2525 973 bona
2548 929 2602 974 et
2632 920 2913 976 ineffabilia
2942 923 3028 976 illa
3050 924 3289 991 promisit
3320 924 3386 978 iis
3415 924 3504 993 qui
3530 938 3652 977 cum

2070 1010 2263 1064 virtute
2294 1011 2455 1064 vitam
2485 1012 2569 1067 hic
2599 1016 2920 1083 peregerint,
2948 1026 3147 1085 quanto
3175 1020 3343 1087 magis
3369 1027 3423 1071 et
3444 1034 3506 1073 ea
3535 1020 3651 1087 qui-

2068 1100 2167 1155 bus
2199 1101 2285 1155 hic
2305 1118 2439 1171 opus
2468 1114 2548 1157 est
2573 1105 2831 1172 prmbehit
2861 1123 2874 1159 :
2907 1115 2961 1161 et
2987 1108 3217 1161 maxime
3247 1110 3291 1163 si
3322 1124 3419 1165 nos
3444 1110 3529 1163 illa
3556 1110 3652 1164 de-

2068 1192 2367 1249 siderantes
2412 1198 2697 1264 praesentia
2751 1199 3147 1267 despiciamns?
3188 1203 3336 1258 Tune
3378 1206 3524 1259 enim
3569 1207 3649 1260 eis

2068 1284 2298 1338 maxime
2324 1294 2377 1338 et
2404 1286 2631 1341 ubertim
2664 1289 2933 1349 fruemur.
2962 1293 3176 1361 quando
3205 1310 3267 1348 ea
3302 1305 3647 1352 contemnere

2067 1376 2421 1433 voluerimus.
2454 1379 2687 1435 Proinde
2724 1380 2837 1436 hare
2872 1384 3137 1450 scientes,
3169 1386 3256 1440 illa
3285 1388 3652 1443 desideremus

2068 1468 2207 1523 bona
2234 1486 2353 1538 qum
2383 1482 2601 1526 manent
2639 1480 2694 1525 et
2734 1473 3025 1529 immobilia
3057 1485 3201 1541 sunt,
3248 1487 3305 1532 et
3330 1494 3449 1547 qure
3491 1479 3649 1533 finem

2071 1561 2359 1616 nesciunt:
2407 1572 2460 1616 ut
2507 1573 2560 1617 et
2606 1575 2926 1633 praesentem
2975 1572 3136 1620 vitam
3192 1569 3323 1621 citra
3381 1569 3648 1624 tristitiam

2064 1652 2511 1720 transmittamus,
2555 1662 2610 1707 et
2644 1655 2728 1708 illa
2765 1654 3012 1726 assequi,
3061 1658 3272 1727 illisque
3314 1674 3502 1716 onmes
3547 1661 3647 1714 frui

2065 1745 2355 1811 valeamus,
2386 1748 2556 1817 gratia
2588 1756 2643 1803 et
2669 1750 3035 1804 misericordia
3070 1750 3279 1805 Domini
3322 1754 3490 1807 nostri
3525 1754 3653 1809 Jesu

2063 1832 2285 1901 Christi,
2314 1838 2399 1891 cui
2443 1852 2563 1892 cum
2607 1839 2763 1896 Patre
2808 1850 2863 1895 et
2888 1840 3089 1911 Spiritu
3133 1852 3320 1898 saneto
3344 1845 3413 1899 sit
3450 1846 3643 1915 gloria,

2064 1941 2207 1981 nunc
2232 1936 2287 1981 et
2312 1942 2545 1998 semper,
2572 1938 2627 1984 et
2652 1930 2703 1983 in
2730 1930 2925 1986 saecula
2952 1933 3289 1988 saeculorum.
3324 1936 3517 1990 Amen.

2610 2042 2889 2098 HOMILIA
2929 2044 3112 2100 XLVI.

2064 2132 2133 2188 Et
2158 2136 2284 2189 dixit
2324 2135 2486 2212 Sarra
2517 2156 2530 2191 :
2567 2137 2691 2212 Quis
2717 2140 3035 2212 annuntiabit
3068 2140 3311 2203 Abrahae,
3339 2149 3472 2212 quod
3495 2146 3644 2198 lactat

2136 2223 2345 2280 puerum
2379 2207 2541 2280 Sttrra
2560 2210 2586 2263 .9
2609 2210 2745 2280 quod
2776 2212 2947 2280 peperi
2975 2213 3142 2279 ﬁlium
3170 2214 3221 2266 in
3250 2207 3502 2268 senectute
3533 2233 3642 2269 utea

2136 2276 2288 2344 (Gen.
2317 2278 2406 2332 2t.
2442 2278 2536 2346 7)?

2138 2392 2186 2445 1.
2217 2393 2330 2462 Age
2360 2402 2413 2447 et
2443 2392 2635 2461 hodie,
2664 2394 2864 2457 dilecti,
2900 2395 3013 2451 heri
3052 2396 3313 2452 dictorum
3343 2398 3536 2453 seriem
3567 2415 3650 2455 Γῦ-

2068 2492 2330 2553 petentes,
2361 2486 2661 2541 convivium
2686 2486 2789 2543 hoc
2818 2488 2969 2543 vobis
2989 2491 3263 2559 spirituale
3287 2492 3610 2548 instruamus
3636 2514 3647 2545 :

2066 2586 2123 2630 ut
2153 2576 2366 2644 iterum,
2417 2578 2555 2633 sicut
2587 2579 2722 2647 heri,
2767 2580 3037 2635 discamus
3077 2592 3128 2637 et
3160 2582 3287 2638 boni
3326 2584 3423 2641 Dei
3462 2586 3650 2641 inclia-

2064 2666 2228 2722 bilem
2253 2668 2655 2738 benignitatem,
2677 2687 2778 2740 qua
2799 2682 2981 2727 nostra
3002 2684 3172 2741 curat,
3203 2675 3356 2730 nobis
3376 2692 3434 2731 se
3456 2686 3617 2732 attem
3632 2710 3647 2718 -

2067 2773 2289 2827 perans,
2338 2768 2392 2814 et
2439 2776 2682 2830 magnam
2725 2764 3038 2831 patriarcha:
3078 2766 3437 2823 obedientiam
3487 2780 3645 2840 atque

2065 2857 2273 2918 gratum
2317 2851 2573 2905 animum.
2637 2852 2856 2909 Vidistis
2901 2856 3171 2924 quomodo
3214 2860 3460 2914 nativitas
3507 2863 3647 2916 Isaac

2066 2938 2282 2993 Sarram
2321 2940 2673 2997 exhilaravit?
2704 2942 2847 2998 Dixit
2883 2945 3034 3012 enim,
3082 2947 3281 3018 inquit,
3312 2948 3492 3003 Risum
3534 2952 3648 3022 fecit

2065 3032 2190 3084 mihi
2215 3031 2350 3087 Deus
2372 3048 2390 3086 :
2410 3050 2527 3087 nam
2548 3036 2633 3103 qui
2653 3036 2889 3092 audierit.
2914 3038 3151 3109 gaudebit
3184 3057 3395 3093 mecum.
3426 3043 3641 3107 Omnes,

2062 3121 2212 3188 dicit,
2258 3124 2530 3181 auditores
2581 3128 2866 3197 participes
2907 3130 3084 3200 gaudii
3134 3134 3238 3187 mei
3287 3132 3496 3189 faciam.
3537 3135 3648 3189 Ma-

2062 3232 2222 3286 gnum
2244 3218 2383 3272 enim
2402 3218 2599 3273 donum
2630 3220 2756 3274 mihi
2780 3237 2811 3276 a
2842 3222 2950 3279 Deo
2969 3240 3280 3281 concessum
3305 3236 3409 3295 est,
3434 3238 3489 3284 et
3508 3233 3648 3300 quod

2063 3311 2352 3365 humanam
2395 3314 2723 3369 transcendit
2768 3313 3153 3371 infirmitatem.
3201 3319 3331 3387 Quis
3371 3322 3537 3389 enim,
3568 3322 3638 3378 in.

2063 3405 2199 3475 quit,
2234 3420 2340 3459 non
2365 3405 2733 3476 Obstupescat,
2765 3408 2952 3463 videns
2980 3427 3065 3465 me
3091 3411 3232 3467 laete
3261 3429 3382 3468 meo
3411 3416 3649 3471 nutrien-

2063 3505 2170 3551 tem
2200 3513 2425 3567 puerum
2457 3498 2508 3552 in
2534 3508 2771 3555 extrema
2795 3512 3090 3567 senectute,
3113 3519 3233 3573 qua:
3250 3503 3524 3577 hucusque
3544 3522 3650 3564 non

2063 3591 2286 3659 peperi?
2316 3591 2382 3644 Et
2405 3592 2556 3661 quasi
2585 3593 2858 3648 admirans
2897 3603 2952 3649 et
2979 3597 3201 3650 attonita
3231 3597 3299 3653 de
3329 3597 3490 3665 facto,
3516 3602 3647 3656 sub-

2064 3680 2197 3735 didit
2226 3698 2238 3734 :
2273 3682 2398 3747 Quis
2431 3685 2753 3739 annuntiabit
2792 3686 3043 3753 Abrahae,
3075 3690 3211 3759 quod
3251 3690 3406 3744 lactat
3437 3709 3645 3760 puerum

2064 3773 2263 3828 Sarra?
2284 3775 2422 3842 quod
2453 3778 2627 3847 peperi
2653 3778 2817 3846 ﬁlium
2845 3780 2897 3832 in
2926 3791 3178 3836 senectute
3198 3800 3309 3836 mea
3328 3784 3354 3837 Ρ
3380 3784 3642 3852 Quoniam

2062 3878 2225 3934 super
2245 3876 2490 3920 naturam
2510 3876 2593 3921 est
2616 3869 2716 3922 hoc
2744 3868 2965 3937 factmn,
2997 3881 3273 3941 propterea
3300 3875 3491 3944 inquit,
3520 3877 3646 3944 Quis

2061 3957 2422 4011 annuntiabit?
2464 3972 2527 4013 ac
2574 3959 2619 4013 si
2665 3959 2888 4027 diceret,
2943 3962 3072 4029 Quis
3120 3978 3301 4019 secum
3350 3968 3647 4036 reputabit!

2060 4046 2181 4115 quis
2210 4056 2388 4103 mente
2416 4050 2722 4119 concipiet?
2747 4068 2865 4121 qua:
2894 4069 3045 4108 mens
3066 4057 3522 4125 comprehendere
3548 4076 3639 4129 po-

2062 4140 2224 4194 terit?
2249 4156 2366 4211 qua:
2400 4144 2533 4196 ratio
2561 4143 2756 4199 sufficit
2788 4157 2845 4199 ut
2873 4157 3119 4203 accurate
3160 4149 3284 4204 facti
3326 4150 3486 4221 hujus
3529 4170 3645 4206 mo-

2060 4233 2186 4287 dum
2216 4235 2489 4289 inveniat?
2515 4235 2631 4291 Non
2660 4237 2737 4292 sic
2775 4238 3087 4295 admirabile
3134 4241 3264 4307 fuit,
3292 4258 3355 4297 ex
3404 4254 3547 4312 petra
3594 4247 3645 4300 in

2060 4324 2275 4380 deserto
2323 4329 2633 4383 scaturiisse
2678 4328 2852 4384 fontes
2898 4346 3190 4399 aquarum,
3238 4334 3451 4403 quando
3500 4336 3640 4390 illam

2059 4415 2235 4471 Moses
2257 4418 2400 4488 virga
2427 4419 2687 4487 percussit
2709 4419 2906 4489 (Exod.
2939 4421 3026 4494 17)
3057 4440 3069 4475 :
3099 4423 3235 4477 sicut
3262 4425 3329 4480 de
3353 4427 3507 4480 vulva
3534 4428 3645 4497 jam

2055 4518 2295 4563 emortua
2344 4527 2566 4580 puerum
2620 4515 2765 4567 nasci
2818 4513 3004 4585 (Num.
3037 4514 3161 4587 ΞΟ),
3193 4526 3247 4571 et
3273 4519 3424 4572 lactis
3470 4519 3642 4575 fontes

2056 4602 2335 4658 seaturire.
2365 4602 2495 4657 Nam
2528 4614 2582 4658 ut
2612 4606 2860 4659 omnibus
2902 4618 3086 4676 partus
3134 4610 3444 4665 manifestus
3478 4625 3639 4677 esset,

2054 4706 2106 4747 et
2136 4709 2341 4755 omnes,
2379 4705 2484 4748 tam
2516 4712 2610 4750 eos
2639 4698 2725 4766 qui
2765 4706 2891 4751 tunc
2921 4698 3162 4765 aderant,
3194 4716 3352 4770 quam
3378 4704 3467 4773 qui
3499 4714 3635 4773 posts

2054 4804 2115 4840 ea
2159 4787 2446 4853 audierint,
2480 4788 2546 4843 ad
2599 4789 2757 4844 (idem
2804 4792 3043 4846 miraculi
3091 4792 3388 4862 induceret,
3441 4796 3642 4852 ideirco

2055 4880 2170 4948 ipsa
2197 4896 2418 4948 puerum
2446 4882 2539 4935 alit
2565 4891 2619 4936 et
2644 4882 2781 4938 lacte
2807 4898 2905 4938 suo
2931 4885 3042 4938 vult
3068 4887 3325 4942 enutrirc.
3361 4889 3426 4941 Et
3447 4889 3639 4959 inquit,

2057 4971 2184 5038 Quis
2209 4973 2528 5028 annuntiabit
2569 4974 2788 5029 Abrahae
2805 5018 2819 5043 ,
2847 4978 2984 5045 quod
3013 4978 3160 5032 lactet
3202 4997 3411 5051 puerum
3438 4981 3649 5037 Sarra?

2052 5063 2155 5118 hoc
2193 5079 2389 5119 novum
2415 5075 2469 5120 et
2499 5067 2838 5126 admirabile.
2872 5082 2927 5124 et
2968 5083 3159 5139 pra:ter
3185 5075 3637 5142 exspectationem

2054 5155 2182 5209 mihi
2208 5172 2553 5221 concessum,
2598 5160 2786 5229 inquit,
2820 5160 2969 5227 Quod
3002 5163 3174 5232 peperi
3216 5164 3381 5233 ﬁlium
3406 5165 3637 5219 insene-

2051 5258 2185 5302 ctute
2204 5266 2333 5303 mea.
2363 5251 2496 5317 Quid
2522 5252 2622 5306 hoc
2644 5261 2743 5317 est,
2765 5252 2950 5323 Peperi
2968 5255 3131 5321 ﬁlium
3151 5255 3204 5308 in
3224 5265 3472 5310 senectute
3486 5258 3642 5313 mea?

2051 5344 2184 5410 Quia
2214 5357 2409 5412 prmter
2436 5346 2765 5400 sterilitatem
2799 5346 3092 5401 sufficiebat
3125 5356 3354 5403 senecta:
3391 5357 3600 5419 tempus
3622 5392 3638 5416 ,

2054 5443 2109 5487 ut
2138 5444 2317 5503 partus
2362 5451 2483 5505 spes
2513 5436 2806 5492 tolleretur.
2843 5438 3217 5493 Verumtamen
3255 5438 3638 5509 impedimenta

2052 5527 2165 5581 hrec
2189 5528 2368 5581 omnia
2397 5544 2429 5584 e
2456 5529 2630 5584 medio
2674 5531 2887 5585 sustulit
2932 5531 3185 5587 Dominus
3207 5572 3221 5599 ,
3249 5540 3303 5588 et
3340 5534 3488 5602 pueri
3512 5550 3633 5604 par-

2055 5631 2164 5673 tum
2194 5628 2248 5675 et
2274 5620 2423 5675 Iactis
2451 5620 2627 5675 fontes
2657 5622 2784 5673 mihi
2816 5623 3101 5675 concessit.
3135 5621 3331 5677 Verum
3363 5624 3635 5680 videamus

2050 5716 2348 5784 sequentia.
2384 5716 2664 5785 Postquam
2714 5716 2988 5783 impletum
3021 5727 3100 5769 est
3138 5717 3363 5771 lactendi
3397 5728 3630 5787 tempus,

2062 5806 2216 5871 Vidit,
2238 5810 2427 5879 inquit,
2460 5810 2620 5863 Sarra
2647 5808 2809 5876 ﬁlium
2854 5810 2990 5879 Agar
3026 5805 3326 5879 zEgyptite,
3365 5812 3451 5881 qui
3478 5823 3629 5865 natus

2045 5914 2116 5957 est
2143 5905 2375 5969 Abrahae,
2403 5902 2651 5956 ludentem
2674 5901 2958 5957 cumlsaac
2982 5920 3133 5972 puero
3155 5920 3266 5957 suo.
3301 5902 3385 5957 10.
3412 5901 3479 5955 Et
3497 5903 3626 5956 dixit
