4084 6356
445 360 547 416 £33

442 478 659 531 Μιναιιω
685 495 704 532 :
736 478 879 549 Ejicc
920 482 1161 536 ancillam
1196 486 1326 539 hanc
1364 497 1409 541 et
1442 489 1605 557 ﬁlium
1638 492 1765 558 ejus.
1818 491 2025 563 Nequa-

440 586 590 637 quant
611 572 744 625 enim
772 573 913 628 heres
928 575 1021 629 erit
1048 575 1187 643 [ilius
1211 579 1416 633 ancilla:
1439 596 1553 634 cum
1582 582 1690 650 ﬁlio
1713 600 1821 637 meo
1849 582 2021 640 Isaac.

440 664 467 719 1
484 665 502 718 l
518 705 530 717 .
559 663 749 717 Durum
774 674 942 719 autent
964 670 1204 738 apparuit
1224 669 1433 726 verbum
1453 675 1549 727 hoc
1574 689 1743 727 coram
1770 674 2026 729 Abraham

442 773 597 827 super
635 756 744 826 ﬁlio
775 774 887 815 suo.
920 757 1069 825 Vide,
1115 760 1363 830 obsecro,
1418 762 1531 829 hic,
1565 764 1777 826 dilecte,
1809 770 2022 821 Sarram

437 848 627 903 iterum
661 865 763 904 non
796 849 1057 907 ferentem
1078 852 1317 910 lsmaelis
1349 857 1565 911 nimiam
1596 859 1888 924 licentiam,
1922 877 2021 916 ne-

435 954 538 1009 que
567 940 831 1010 patienter
856 944 1124 999 sustinere
1168 947 1434 1002 volentem
1474 950 1682 1004 ancillae
1710 951 1873 1004 lilium
1900 967 2020 1006 cum

432 1045 532 1085 suo
568 1030 716 1087 isaac
740 1045 1171 1091 conversantem.
1202 1037 1350 1093 Sicut
1378 1040 1537 1111 igitur
1562 1043 1709 1113 prius
1735 1046 2019 1113 superbum

431 1121 677 1190 Spiritum
715 1124 858 1196 Agar
887 1124 1170 1184 lmmiliare
1200 1129 1408 1195 volens,
1443 1134 1745 1190 vehementi
1782 1136 2022 1207 indigna-

430 1212 576 1268 tione
605 1214 781 1285 fugam
822 1217 957 1273 inire
980 1233 1097 1273 eam
1125 1220 1302 1292 coegit
1328 1240 1340 1275 :
1369 1222 1440 1276 ita
1484 1233 1538 1278 et
1565 1240 1707 1281 nunc
1744 1227 1927 1283 volens
1950 1228 2019 1284 ab

431 1302 584 1358 initio
614 1307 908 1375 reprimere
937 1309 1173 1367 lsmaelis
1202 1314 1582 1382 temeritatem,
1604 1308 1660 1372 et
1684 1334 1788 1373 non
1814 1318 2015 1387 ferens,

428 1408 551 1448 eum
580 1395 786 1451 videret
815 1415 1038 1468 puerum
1068 1416 1223 1457 suum
1253 1418 1284 1457 a
1320 1403 1429 1458 Deo
1458 1405 1561 1459 sibi
1596 1406 1851 1464 donatum
1894 1425 2015 1466 cum

426 1485 633 1539 ancilla:
654 1485 985 1559 Egyptiaca:
1005 1490 1116 1547 ﬁlio
1140 1491 1298 1547 simul
1330 1497 1555 1559 versari,
1583 1497 1713 1553 dicit
1739 1500 1968 1556 Abraha:
1997 1520 2011 1557 :

430 1574 575 1646 Ejice
598 1577 853 1632 ancillam
885 1590 931 1634 et
956 1581 1120 1649 [ilium
1144 1583 1270 1651 eius.
1300 1584 1423 1641 Non
1445 1588 1577 1641 enim
1598 1591 1690 1643 erit
1710 1590 1853 1646 heres
1878 1592 2015 1661 ﬁlius

427 1669 630 1723 ancilla:
654 1669 806 1741 hujus
832 1688 946 1726 cum
972 1673 1082 1743 filio
1104 1691 1236 1731 meo.
1259 1677 1521 1747 Quoniam
1542 1692 1597 1737 et
1622 1698 1682 1739 se
1702 1684 1754 1738 in
1776 1696 2012 1742 extrema

426 1769 524 1814 tuta
534 1770 584 1815 te
604 1777 723 1817 esse
746 1763 980 1832 videbat,
1002 1774 1055 1820 et
1079 1769 1432 1837 patriarcham
1453 1787 1663 1844 quoque
1680 1774 2011 1847 decrepitum

426 1854 604 1917 (erant
625 1854 766 1908 enim
794 1856 985 1922 ambo,
1020 1859 1209 1929 inquit,
1244 1862 1385 1931 pleni
1414 1864 1681 1938 dierum),
1711 1870 2009 1940 suspicans,

426 1944 470 1997 si
500 1942 636 1999 forte
662 1957 884 2018 repente
910 1961 1267 2021 morerentur,
1312 1971 1378 2011 ne
1406 1956 1629 2025 lsmael,
1661 1976 1727 2016 eo
1764 1963 1904 2032 quod
1944 1979 2007 2019 ex

427 2038 739 2105 patriarcha:
769 2042 1053 2098 concubitu
1083 2059 1239 2100 natus
1266 2057 1441 2115 esset,
1475 2064 1535 2105 se
1565 2051 1615 2105 in
1657 2054 1825 2122 patris
1852 2054 2008 2111 here-

418 2127 639 2183 ditatem
667 2131 977 2199 intrudere,
1007 2137 1424 2209 participemque
1452 2150 1506 2195 et
1530 2145 1787 2213 mqualem
1827 2145 2007 2202 lsaaco

422 2220 537 2272 ﬁeri
584 2229 814 2276 tentaret
854 2241 869 2278 :
915 2224 1111 2281 idcirco
1149 2227 1295 2296 dicit,
1339 2229 1488 2303 Ejice
1524 2237 1765 2291 ancillam
1808 2238 1924 2293 hinc
1960 2253 2007 2296 et

418 2310 583 2377 [ilium
620 2313 749 2382 ejus.
797 2312 993 2384 Discat,
1032 2318 1232 2388 inquit,
1267 2320 1378 2390 jam
1420 2324 1551 2379 nihil
1587 2343 1868 2385 commune
1909 2333 2003 2387 ha-

420 2401 649 2456 biturum
689 2403 859 2461 tilium
888 2408 1095 2464 ancilla:
1128 2425 1248 2466 cum
1300 2414 1409 2470 lilio
1449 2432 1569 2472 meo
1608 2419 1773 2475 Isaac.
1822 2423 2005 2495 Neque

417 2490 558 2543 enim
596 2508 803 2564 aequum
842 2506 926 2552 est
963 2509 1019 2551 ut
1059 2499 1197 2555 [ilius
1236 2500 1503 2575 Egyptite
1541 2518 1596 2562 et
1630 2512 1837 2567 ancilla:
1881 2490 2002 2569 cum

418 2583 528 2635 lilio
555 2601 677 2640 meo
711 2596 764 2642 et
791 2588 1023 2645 domina:
1060 2593 1217 2649 simul
1254 2609 1513 2654 versetur.
1544 2601 1807 2659 Caeterum
1843 2607 2001 2664 Sarra

416 2690 519 2727 non
578 2676 696 2730 sine
741 2694 901 2735 causa
946 2698 1058 2737 rem
1106 2683 1244 2740 haene
1272 2688 1413 2759 egit,
1458 2692 1551 2747 sed
1598 2693 1720 2763 jure
1774 2712 1836 2751 ac
1886 2716 2001 2753 me-

414 2769 535 2832 rito,
578 2781 735 2839 atque
780 2771 852 2827 ita
890 2787 1273 2845 congruenter,
1318 2791 1374 2835 ut
1411 2792 1467 2837 et
1501 2784 1641 2840 Deus
1685 2788 2002 2847 collaudarit

408 2857 524 2928 ejus
576 2859 735 2915 dicta.
787 2862 1092 2920 Patriarcha
1137 2884 1267 2925 vero
1309 2871 1446 2929 bene
1488 2876 1711 2933 allectus
1754 2895 1881 2951 erga
1917 2882 1996 2938 ls-

414 2953 661 3018 maelem,
694 2957 919 3012 moleste
943 2960 1239 3030 accipiebat
1271 2982 1390 3034 quae
1417 2982 1447 3021 a
1474 2968 1632 3024 Sarra
1661 2972 1994 3031 dicebantur.

409 3042 611 3098 Durant
664 3047 840 3113 enim,
887 3050 1090 3121 inquit,
1144 3059 1385 3126 apparuit
1437 3061 1637 3118 verbum
1680 3067 1777 3121 hoc
1826 3086 1996 3124 coram

407 3135 665 3189 Abraham
709 3137 773 3191 de
801 3139 912 3207 [ilio
943 3158 1055 3196 suo.
1089 3143 1271 3217 Neque
1299 3150 1440 3204 enim
1486 3153 1553 3208 de
1581 3156 1724 3225 Agar
1765 3160 1991 3216 multum

403 3225 666 3281 sollicitus
690 3238 827 3293 erat,
866 3231 960 3287 sed
999 3249 1124 3304 erga
1165 3252 1385 3306 puerum
1418 3242 1490 3298 ita
1519 3246 1872 3318 afﬁciebatur,
1904 3265 1990 3307 ut-

405 3326 534 3381 pote
557 3316 665 3388 jam
691 3320 1109 3381 adolescentem.
1140 3328 1246 3385 Sed
1273 3336 1553 3393 considera
1573 3380 1588 3405 ,
1616 3316 1869 3411 obsecro,
1905 3347 1990 3406 hic

404 3408 687 3465 elementis
716 3413 808 3467 Dei
839 3416 1028 3471 miram
1057 3421 1416 3481 clementiam.
1458 3429 1589 3485 Nam
1622 3435 1743 3504 quia
1774 3439 1904 3494 vidit
1930 3451 1985 3497 et

404 3504 619 3558 Sarram
660 3508 765 3575 pati
795 3509 998 3580 aliquid
1029 3512 1352 3584 humanum,
1389 3533 1444 3576 et
1468 3539 1610 3593 aegre
1637 3527 1777 3584 ferre
1803 3546 1985 3601 parem

402 3595 632 3652 ﬁliorum
679 3601 981 3662 honorem:
1022 3606 1182 3677 idque
1216 3614 1409 3668 merito
1441 3631 1456 3668 :
1499 3617 1768 3691 Abraham
1803 3595 1984 3684 autem

401 3702 506 3744 non
530 3687 670 3746 ferre
697 3710 852 3764 aequo
877 3697 1059 3753 animo
1088 3700 1401 3772 ejectionem
1432 3688 1669 3767 ismaelis
1694 3726 1749 3769 et
1776 3719 1985 3776 ancilla:

403 3781 546 3850 (nam
592 3783 713 3840 licet
762 3803 870 3843 non
911 3791 1277 3850 obluctaretur
1318 3796 1494 3857 Sarrae
1536 3804 1606 3860 ob
1657 3807 1982 3879 singularem

398 3875 859 3934 mansuetudinem
882 3921 898 3947 ,
935 3890 1169 3939 attamen
1211 3886 1403 3946 durum
1430 3894 1479 3949 ei
1528 3875 1806 3956 videbatur
1834 3921 1848 3957 :
1878 3902 1983 3962 hoc

394 3973 478 4016 est
495 3978 678 4033 grave,
705 3968 988 4026 molestum
1010 3985 1065 4029 et
1087 3980 1421 4053 onerosum),
1446 3994 1571 4042 tunc
1591 3987 1807 4047 demum
1824 4010 1977 4051 suam

393 4054 602 4109 solitam
628 4073 847 4115 servans
876 4064 1292 4124 misericordiam
1313 4113 1328 4137 ,
1361 4084 1414 4127 et
1435 4080 1737 4135 concordia:
1765 4083 1978 4142 illorum

393 4146 636 4215 copulam
658 4152 1046 4222 constringens,
1068 4156 1196 4213 dicit
1216 4162 1281 4215 ad
1313 4162 1581 4223 Abraham
1607 4187 1619 4222 :
1650 4171 1737 4226 12.
1769 4174 1853 4229 Ne
1875 4177 1976 4232 du-

392 4252 503 4290 rum
525 4240 590 4292 sit
616 4257 786 4295 coram
808 4252 855 4297 te
877 4246 1077 4301 verbum
1102 4249 1195 4304 hoc
1221 4253 1284 4306 de
1309 4272 1466 4322 puero
1488 4268 1538 4313 et
1555 4264 1765 4320 ancilla.
1791 4267 1975 4326 Omnia

391 4345 712 4400 quascumque
732 4332 913 4388 dixerit
943 4338 1033 4391 tibi
1057 4339 1217 4395 Sarra
1236 4385 1251 4409 ,
1283 4346 1407 4401 audi
1431 4363 1598 4405 vocem
1624 4355 1752 4424 ejus.
1779 4358 1857 4415 Ne
1884 4376 1973 4417 ac-

388 4420 575 4487 cipias,
597 4421 785 4491 inquit,
803 4428 1037 4495 graviter
1057 4433 1197 4500 quod
1223 4435 1291 4490 ab
1314 4452 1376 4491 ea
1397 4439 1595 4499 dictum
1619 4420 1708 4501 tibi
1726 4458 1809 4506 est
1830 4468 1847 4506 :
1873 4455 1969 4511 sed

392 4509 579 4564 Omnia
603 4529 929 4586 quascumque
951 4520 1134 4575 dixerit
1168 4526 1255 4579 tibi
1282 4528 1465 4598 Sarra,
1488 4536 1614 4590 audi
1640 4555 1808 4595 uocem
1834 4547 1966 4616 ejus.

457 4601 512 4655 2.
540 4601 679 4672 Agar
694 4604 893 4675 ejicitur
904 4624 924 4674 ;
942 4610 1223 4668 obedientia
1243 4617 1491 4688 Abrahae;
1516 4629 1828 4695 prouidentia
1846 4601 1963 4691 Dei;

386 4720 456 4731 —
475 4690 600 4746 llazc
624 4694 824 4764 omnia,
852 4697 1042 4770 inquit,
1065 4718 1184 4773 quae
1210 4721 1350 4763 nunc
1378 4712 1468 4767 tibi
1498 4690 1626 4771 dicit
1646 4721 1712 4775 de
1743 4690 1967 4784 lsmaele

385 4782 534 4837 etde
564 4784 737 4854 Agar,
766 4789 951 4862 accipe
979 4808 992 4844 :
1023 4804 1078 4848 et
1114 4797 1235 4852 audi
1286 4816 1471 4858 vocem
1514 4808 1650 4875 ejus.
1701 4813 1779 4871 Ne
1808 4782 1959 4887 velis,

379 4874 570 4944 inquit,
598 4878 917 4934 contristare
959 4898 1076 4938 eam
1098 4927 1114 4951 ,
1144 4904 1261 4956 qua:
1302 4902 1449 4949 tanto
1490 4908 1730 4970 tempore
1757 4874 1961 4965 tantum

378 4978 618 5019 amorem
653 4984 777 5038 erga
809 4978 861 5026 te
889 4972 1179 5032 declaravit
1210 4998 1224 5033 :
1252 4997 1370 5051 qua:
1413 5003 1515 5042 non
1544 4994 1717 5049 solum
1752 5002 1955 5068 semel,

377 5056 471 5111 sed
499 5068 553 5113 et
582 5061 840 5130 secundo,
874 5073 931 5118 ut
967 5076 1016 5121 te
1041 5084 1071 5123 a
1112 5082 1286 5128 morte
1316 5078 1568 5151 eriperet,
1600 5088 1829 5157 seipsam
1861 5056 1957 5160 pro

375 5156 460 5200 tua
488 5149 656 5205 salute
677 5157 958 5224 exposuit,
1002 5169 1057 5213 et
1079 5172 1266 5219 auctor
1292 5174 1397 5223 tuae
1439 5149 1596 5243 hujus
1624 5149 1806 5247 gloria:
1834 5149 1951 5239 fuit.

374 5236 608 5293 Primum
630 5243 845 5312 quidem
868 5246 993 5302 fecit
1019 5261 1075 5305 ut
1092 5267 1213 5308 cum
1243 5261 1403 5314 tantis
1423 5236 1706 5323 divitiis‘ab
1724 5236 1955 5344 Egypto

368 5329 596 5403 redires,
627 5345 810 5401 postea
840 5354 967 5395 vero
996 5341 1187 5399 iterum
1215 5347 1267 5401 in
1290 5365 1448 5407 causa
1474 5355 1570 5411 fuit
1597 5370 1654 5413 ut
1679 5362 1752 5417 ita
1782 5329 1952 5420 ve-

369 5432 651 5477 neraretur
702 5434 757 5479 et
800 5427 1112 5488 observaret
1159 5437 1487 5499 Ahimelech.
1545 5447 1623 5504 Ne
1663 5452 1819 5521 igitur
1870 5457 1950 5511 di-

365 5522 518 5564 versa
561 5513 629 5567 ab
674 5513 758 5570 his
798 5533 919 5588 qute
960 5523 1174 5594 loquuta
1204 5541 1288 5587 est
1334 5536 1467 5592 velis
1511 5540 1647 5598 inire
1685 5550 1945 5607 consilia:

362 5602 638 5659 enimvero
669 5625 772 5664 non
798 5612 954 5670 aliter
973 5622 1201 5677 eveniet.
1230 5623 1284 5679 ln
1310 5625 1454 5685 Isaac
1473 5634 1616 5689 enim
1638 5653 1703 5692 ex
1729 5655 1790 5696 ea
1820 5656 1945 5699 nato

362 5701 713 5806 flillﬂlfemcn
744 5706 1038 5773 vocabitur,
1069 5722 1119 5766 et
1143 5714 1255 5783 ipse
1277 5721 1377 5775 erit
1401 5733 1523 5781 tuus
1546 5727 1701 5786 heres
1729 5734 1797 5806 (υ.
1827 5738 1941 5806 12).

358 5781 445 5837 15.
480 5783 671 5841 Filium
709 5803 872 5848 autent
915 5798 1059 5854 illaut
1083 5781 1283 5863 ancilla:
1317 5827 1537 5873 crescere
1561 5781 1770 5891 faciam,
1799 5840 1846 5884 et
1861 5781 1936 5886 “in

1214 364 1270 421 S.
1314 366 1590 426 JOANNIS
1616 368 2442 444 CHRYSOSTOMLARCHIEP.
2483 384 3021 452 CONSTANTINOP.

3620 413 3729 470 ωε

2139 510 2335 566 gentem
2360 519 2596 575 magnam
2623 510 2810 577 faciam
2832 556 2845 579 ,
2873 519 3111 585 quoniam
3137 536 3305 578 semen
3330 535 3472 581 tuum
3495 541 3583 583 cst.
3617 532 3723 595 Fac

2137 586 2294 659 igitur
2312 610 2429 663 qua:
2460 598 2547 652 illa
2579 601 2669 654 tibi
2692 604 2908 674 dixerit,
2935 620 2989 663 et
3022 611 3177 667 obedi
3205 618 3320 671 voci
3348 618 3482 687 ejus.
3536 586 3723 691 cogat;

2139 680 2242 746 hic,
2272 686 2517 754 obsecro,
2550 706 2746 760 quanta
2774 698 2952 754 subito
2979 705 3265 760 concordia
3292 717 3345 763 et
3375 726 3475 778 pax
3502 712 3554 765 in
3583 730 3709 767 cou-

2137 777 2434 835 tubernium
2476 800 2662 841 eorum
2704 795 3052 862 concesserit,
3094 796 3331 855 bonitate
3380 804 3553 857 divina
3599 808 3721 860 vin-

2132 871 2310 925 culum
2354 890 2538 931 eorum
2582 884 2999 955 constringente.
3031 890 3119 945 M.
3171 892 3405 949 Surrexit
3449 899 3603 961 enim,
3639 903 3716 953 iu-

2132 963 2239 1031 qtzit
2250 1005 2265 1029 ,
2281 982 2446 1033 mane,
2461 979 2508 1023 et
2528 974 2716 1043 accepit
2729 992 2905 1044 panes,
2923 988 2968 1032 et
2981 990 3140 1035 utrem
3161 999 3327 1053 aqum,
3342 1000 3385 1038 et
3404 988 3541 1041 dedit
3557 992 3715 1059 Agar,

2130 1063 2179 1106 et
2217 1056 2456 1123 imposuit
2490 1077 2643 1130 super
2668 1065 2931 1122 humerum
2959 1072 3068 1138 ejus
3098 1082 3147 1126 et
3188 1092 3428 1143 puerum,
3456 1090 3502 1132 et
3528 1056 3717 1135 dimisit

2129 1164 2259 1201 eam.
2285 1150 2416 1207 Vide
2436 1152 2521 1209 hic
2542 1155 2730 1212 iterum
2751 1160 2881 1229 justi
2910 1164 3157 1220 eximiam
3188 1171 3522 1236 probitatem.
3542 1183 3597 1227 et
3612 1191 3713 1242 qua

2130 1240 2335 1295 ratione
2385 1244 2438 1297 in
2485 1248 2735 1304 omnibus
2788 1253 3091 1323 religiosam
3141 1274 3294 1313 suam
3342 1274 3571 1316 mentem
3619 1265 3715 1318 de-

2127 1330 2316 1385 claret.
2353 1333 2483 1388 Nam
2515 1339 2729 1405 quando
2754 1342 2952 1398 audivit
2982 1345 3195 1401 Sarram
3233 1350 3499 1405 dicentem
3520 1396 3534 1417 ,
3571 1355 3716 1425 Ejice

2126 1424 2367 1479 ancillam
2390 1438 2436 1481 et
2466 1430 2628 1497 [ilium
2658 1435 2770 1504 ejus
2792 1452 2811 1489 :
2837 1436 3029 1493 durum
3060 1441 3107 1495 ei
3140 1442 3418 1498 videbatur
3437 1486 3453 1511 ,
3481 1461 3546 1500 eo
3572 1424 3711 1514 quod

2126 1513 2259 1570 bene
2281 1517 2609 1576 afﬁciebatur
2630 1539 2755 1595 erga
2786 1525 3061 1584 lsmaelem
3088 1550 3100 1585 :
3127 1548 3311 1587 verum
3343 1536 3431 1590 ubi
3460 1536 3714 1593 Dominus

2126 1609 2398 1677 pra-cepit,
2440 1614 2618 1668 statim
2656 1615 2783 1672 fecit
2810 1620 2951 1689 quod
3002 1621 3317 1690 imperatum
3360 1636 3505 1692 erat,
3550 1629 3710 1683 etiam

2124 1701 2377 1754 naturalis
2398 1704 2597 1758 amoris
2625 1707 2841 1777 oblitus,
2864 1715 3015 1781 quasi
3036 1712 3273 1770 diceret:
3301 1716 3396 1772 Ubi
3426 1720 3549 1789 quid
3577 1736 3712 1789 pra:-

2121 1790 2249 1859 eipit
2282 1792 2556 1864 Dominus,
2582 1797 2847 1855 facesstant
2867 1818 3055 1860 omnes
3080 1806 3388 1865 affectiones
3418 1826 3430 1863 :
3463 1813 3582 1880 quia
3611 1830 3710 1866 na-

2121 1890 2252 1936 tura:
2283 1883 2539 1941 Dominus
2561 1900 2663 1955 est,
2692 1890 2781 1961 qui
2816 1896 3074 1965 praecipit.
3108 1896 3175 1951 Ut
3196 1902 3389 1970 accepit
3418 1902 3589 1973 igitur.
3623 1906 3707 1958 in-

2120 1976 2255 2043 quit,
2303 1979 2492 2034 ancilla
2532 1999 2709 2051 panes,
2741 1994 2787 2038 et
2827 1998 2989 2041 utrem
3027 2006 3203 2059 aqum,
3232 2008 3432 2063 egressa
3471 2006 3543 2050 est
3582 2014 3700 2049 cum

2122 2085 2298 2135 puero.
2311 2069 2529 2141 Verum,
2552 2075 2797 2144 obsecro,
2822 2079 2943 2136 vide
2964 2083 3176 2147 iterum,
3200 2088 3469 2154 quomodo
3494 2101 3709 2158 propter

2080 2225 2092 2237 _
2117 2160 2562 2235 benevolentiam,
2594 2186 2697 2240 qua
2728 2176 3146 2244 prosequebatur
3167 2178 3371 2248 justum
3402 2182 3561 2247 Deus,
3588 2184 3708 2241 haec

2115 2270 2325 2325 quoque
2357 2275 2587 2329 superna
2614 2278 2741 2319 cura
2774 2266 2931 2337 digna
2973 2269 3251 2326 habeatur.
3285 2273 3354 2329 Ut
3387 2290 3515 2346 ergo
3551 2277 3701 2342 abiit,

2113 2347 2406 2415 vagabatur
2447 2368 2540 2419 per
2568 2355 2949 2425 solitudinem,
2989 2372 3189 2416 etcum
3214 2380 3352 2435 aqua
3386 2380 3703 2438 consumpta

2112 2439 2311 2493 nullam
2356 2458 2577 2514 usquam
2608 2446 2871 2504 inveniret
2896 2453 3317 2509 consolationem
3339 2498 3355 2523 ,
3387 2458 3478 2513 15.
3510 2459 3705 2529 Abjecit

2112 2548 2347 2599 puerum,
2376 2535 2564 2605 inquit,
2594 2539 2763 2594 subter
2788 2558 2942 2595 unam
2964 2543 3194 2599 abietem.
3225 2547 3704 2618 Disrumpehantur

2109 2624 2250 2677 enim
2283 2626 2399 2695 ejus
2419 2629 2647 2694 viscera,
2678 2641 2734 2687 et
2757 2632 2972 2690 dolebat
3009 2637 3235 2692 multant
3265 2640 3333 2694 ob
3359 2640 3699 2697 immodicam

2107 2733 2233 2787 erga
2260 2734 2484 2789 puerum
2515 2723 2872 2780 alieetionem.
2905 2727 2990 2783 16.
3022 2729 3198 2797 Sedit,
3228 2732 3427 2802 inquit,
3458 2735 3700 2790 adversus

2106 2826 2251 2877 eum,
2279 2812 2425 2881 quasi
2448 2814 2517 2867 ad
2546 2816 2745 2886 jactum
2782 2834 2950 2873 arcus.
2996 2819 3205 2876 Dicebat
3245 2824 3379 2877 enim
3402 2840 3422 2879 :
3462 2824 3583 2879 Non
3621 2830 3698 2880 tri—

2105 2898 2229 2952 debo
2260 2914 2469 2954 mortem
2496 2906 2641 2973 pueri
2678 2908 2794 2961 mei.
2835 2907 2905 2962 Et
2930 2911 3058 2964 sedit
3087 2929 3115 2966 e
3140 2914 3344 2983 regione
3384 2917 3546 2985 pueri.
3575 2918 3697 2971 Clu-

2104 3006 2249 3043 mans
2277 3002 2443 3045 autem
2472 3011 2617 3064 puer,
2650 2998 2866 3067 ploravit
2894 3000 2992 3071 (a).
3018 3001 3284 3059 Caeterum
3308 3008 3615 3063 misericors
3640 3019 3694 3063 et

2102 3083 2363 3155 benignus
2393 3087 2531 3141 Deus
2550 3131 2564 3153 ,
2596 3091 2765 3158 patris
2805 3102 2860 3147 et
2886 3096 3072 3151 matris
3109 3111 3234 3167 erga
3264 3115 3363 3153 nos
3386 3115 3568 3155 curam
3597 3117 3692 3155 sua

2102 3177 2483 3233 transcenderis
2520 3180 2734 3249 pietate,
2783 3184 2871 3239 i7.
2909 3185 3189 3242 Emudivit
3228 3206 3397 3244 vocem
3439 3195 3583 3261 pueri
3627 3197 3693 3246 de

2099 3266 2212 3320 loco
2242 3268 2328 3322 ubi
2372 3281 2480 3324 erat
2519 3288 2538 3324 :
2582 3275 2834 3331 misertus
2880 3287 3042 3333 estet
3087 3281 3236 3349 pueri
3282 3292 3337 3337 et
3376 3284 3691 3339 calamitatis

2096 3360 2275 3429 Agar:
2300 3364 2544 3431 permisit
2563 3373 2765 3420 tantum
2793 3383 2910 3423 eam
2936 3371 3164 3439 experiri
3192 3372 3319 3442 quid
3342 3376 3414 3428 sit
3431 3377 3684 3443 solitudo,

2095 3463 2147 3507 et
2163 3456 2339 3509 statim
2358 3473 2512 3511 suum
2529 3461 2798 3516 concessit
2818 3464 3145 3532 prtesidium.
3168 3463 3234 3518 Et
3256 3469 3465 3535 vocavit,
3492 3469 3680 3538 inquit,

2094 3546 2305 3615 angelus
2336 3546 2433 3603 Dei
2459 3549 2598 3621 Agar
2622 3552 2684 3604 de
2710 3554 2854 3618 ctclo,
2888 3565 2935 3607 et
2965 3556 3093 3609 dixit
3110 3558 3155 3610 ei
3173 3573 3192 3611 :
3217 3558 3352 3624 Quid
3379 3569 3473 3626 est,
3505 3563 3640 3631 Agar
3658 3563 3685 3614 .’

2094 3635 2179 3690 Ne
2208 3638 2387 3693 timeas
2410 3656 2429 3695 :
2457 3643 2650 3696 audivit
2678 3645 2812 3699 enim
2835 3644 2976 3703 Deus
3002 3665 3171 3703 vocent
3194 3652 3338 3719 pueri
3367 3653 3430 3706 de
3459 3654 3570 3707 loco
3600 3657 3683 3707 ubi

2090 3740 2181 3786 est.
2212 3733 2301 3788 18.
2341 3733 2528 3807 Surge,
2566 3740 2740 3807 accipe
2769 3759 3009 3810 puerum,
3037 3755 3084 3799 et
3117 3749 3442 3816 apprehende
3475 3769 3680 3806 manant

2089 3825 2200 3889 eius
2230 3826 2324 3880 :in
2351 3840 2547 3898 gentem
2575 3833 2708 3885 enim
2738 3851 2976 3906 magnam
3003 3840 3187 3909 faciant
3225 3858 3361 3895 eum.
3390 3843 3435 3898 Ο
3469 3844 3679 3900 miseri-

2087 3915 2325 3971 cordiam
2375 3920 2622 3976 Domini!
2667 3923 2782 3978 Non
2832 3928 2955 3997 quia
2998 3931 3189 3985 ancilla
3238 3945 3376 4001 erat,
3426 3936 3677 4005 despexit

2086 4022 2245 4074 eam;
2277 4010 2370 4064 sed
2397 4012 2517 4080 quia
2560 4016 2872 4083 patriarcha:
2913 4022 3259 4091 promiserat,
3290 4037 3343 4081 et
3379 4029 3501 4096 quia
3534 4030 3676 4084 illius

2085 4112 2271 4154 semen
2297 4114 2428 4168 erat,
2458 4115 2654 4160 tantam
2677 4124 2891 4180 quoque
2910 4126 3092 4169 curam
3114 4131 3239 4186 erga
3262 4134 3379 4171 eam
3401 4120 3673 4176 declarare

2057 4188 2350 4260 'dignatur.
2384 4195 2551 4250 Dicit:
2580 4197 2717 4264 Quid
2739 4213 2831 4267 est,
2858 4203 3031 4273 Agar?
3062 4204 3146 4261 Ne
3170 4209 3344 4262 timeas
3372 4227 3391 4264 :
3418 4214 3672 4270 exaudivit

2080 4286 2214 4338 enim
2254 4285 2499 4343 Dominus
2540 4308 2709 4346 vocent
2739 4296 2901 4365 pueri.
2939 4298 3105 4369 Surge
3136 4310 3183 4353 et
3210 4303 3384 4373 accipe
3428 4306 3593 4371 illum,
3623 4319 3669 4360 et

2078 4377 2402 4448 apprehende
2430 4399 2634 4437 manum
2656 4387 2763 4455 ejus
2788 4403 2807 4441 :
2837 4389 2888 4441 in
2916 4402 3113 4460 gentem
3156 4394 3290 4448 enim
3325 4413 3561 4467 magnam
3588 4405 3669 4469 fa-

2077 4469 2207 4521 ciam
2225 4469 2392 4525 illum.
2417 4472 2491 4527 Ne
2512 4491 2759 4541 tumreas,
2786 4480 2971 4548 inquit,
2995 4498 3059 4537 eo
3081 4484 3225 4553 quod
3258 4502 3289 4541 e
3316 4487 3478 4543 domo
3496 4490 3664 4559 ejecta

2075 4559 2169 4613 sis.
2203 4559 2427 4617 Tantam
2453 4566 2593 4619 enim
2635 4583 2818 4623 curam
2870 4587 2970 4640 ego
3002 4576 3153 4645 pueri
3201 4592 3378 4647 agam,
3411 4592 3465 4634 ut
3509 4594 3563 4635 et
3610 4584 3660 4636 in

2073 4661 2283 4719 gentem
2313 4668 2556 4725 magnam
2576 4659 2691 4729 ipse
2710 4662 2799 4716 sit.
2830 4664 2915 4718 19.
2942 4665 3009 4719 Et
3031 4671 3249 4739 aperuit,
3276 4672 3466 4742 inquit,
3486 4678 3660 4729 oculos

2072 4744 2224 4812 ejus:
2254 4762 2358 4799 non
2390 4749 2529 4817 quod
2550 4760 2705 4805 antea
2737 4768 2843 4807 non
2875 4756 3089 4825 viderit,
3120 4760 3214 4815 sed
3234 4763 3358 4832 quia
3380 4764 3509 4818 nihil
3536 4780 3658 4833 pro-

2070 4831 2259 4920 derant
2292 4836 2339 4889 ei
2385 4829 2552 4908 aperti
2590 4844 2730 4897 oculi
2776 4856 2899 4900 ante
2940 4863 3225 4920 supernam
3271 4854 3649 4911 visitationem.

2072 4906 2390 4976 Propterea,
2418 4906 2540 4967 eum
2564 4920 2722 4972 vehet
2753 4937 2903 4977 suam
2934 4906 3325 4994 providentiam
3349 4936 3644 5006 declarare,

2070 4998 2243 5069 inquit
2273 5019 2283 5053 :
2316 5002 2530 5072 Aperuit
2554 5012 2728 5065 oculos
2757 5017 2911 5083 ejus:
2936 5019 2987 5074 id
3014 5032 3115 5087 est,
3146 5024 3469 5084 indicavitei
3493 5032 3646 5103 igno-

2067 5092 2228 5159 ranti,
2250 5103 2304 5147 et
2328 5105 2566 5152 mentem
2595 5102 2713 5170 ejus
2735 5110 3009 5173 excitavit.
3037 5115 3286 5186 viamque
3311 5122 3361 5175 ei
3382 5128 3637 5189 ostendit,

2066 5194 2125 5237 ut
2149 5184 2356 5241 videret
2379 5188 2555 5244 locum
2585 5194 2638 5249 iu
2664 5212 2771 5265 quo
2796 5198 2971 5259 fontes
2990 5221 3143 5275 aquae
3163 5184 3552 5271 scaturiebant.
3574 5220 3639 5273 Et

2061 5278 2206 5341 vidit,
2233 5279 2426 5350 inquit,
2447 5296 2660 5353 puteum
2687 5309 2839 5362 aqute
2865 5298 3101 5364 viventis,
3130 5312 3178 5355 et
3202 5305 3311 5367 ivit,
3338 5318 3385 5361 et
3407 5310 3640 5380 implevit

2121 5403 2272 5504 (33}:
2297 5410 2507 5504 {lenite
2531 5416 2716 5504 legitur
2741 5424 2884 5504 1am
2905 5403 3131 5504 Πίῳ-ηις
3151 5435 3306 5485 utrm
3324 5439 3466 5491 una
3484 5442 3638 5493 :uvm

2058 5478 2112 5523 Et
2141 5478 2267 5526 sedit
2295 5482 2563 5591 e'regione.
2590 5478 2632 5538 et
2652 5478 2823 5542 levabit
2842 5478 3003 5547 vocem
3021 5513 3178 5556 suam,
3202 5511 3247 5553 et
3266 5478 3413 5567 βεινῖε,
3440 5509 3636 5561 scium;

2058 5543 2201 5591 Agar,
2227 5546 2281 5589 et
2303 5556 2373 5591 διο
2440 5549 2602 5591 ulnam
2638 5561 2799 5591 nnetra
2831 5557 3117 5591 μοιιηςο..η.
3147 5570 3338 5591 ,θυμω
3369 5582 3394 5591 ,.
3421 5570 3629 5591 "ML-,4-

2052 5543 2281 5634 $5333}
2294 5543 2603 5634 Isigvvti‘l‘gata
2637 5561 2800 5602 nostra
2827 5543 3119 5634 fleb'ra‘icum
3147 5543 3351 5634 militia”

2051 5603 2413 5694 ξςὲυιέξιὺιξχ
2439 5603 2557 5657 νεῖ-ο
2582 5626 2787 5673 puerum
2812 5603 3633 5694 plorantemerfltibent,vqui;;ﬁ;

2070 5677 2077 5694 .
2135 5677 2158 5694 γ
2308 5678 2334 5694 ο
2373 5681 2468 5694 ...ω
2493 5682 2768 5694 -M--___..___
2846 5685 2858 5694 .
3113 5692 3120 5694 _
3172 5690 3181 5694 _

2052 5674 2159 5743 {"9"
2186 5664 2477 5755 ἓηθΗθδτεξίζ
2488 5664 2785 5755 sequuntur,
2804 5664 2858 5746 Et
2874 5664 3624 5755 eamut?

2052 5736 2162 5755 .‘IIIn
2186 5738 2231 5755 In
2261 5738 2406 5755 nhnrn
2434 5744 2455 5755 η
2486 5744 2580 5755 In".
2630 5750 2768 5755 ___-__
2802 5754 2807 5755 γ
2862 5740 2876 5755 1
2952 5748 2961 5755 ι
3075 5747 3117 5755 ρ..

2049 5722 2077 5788 ξι
2087 5736 2112 5767 u
2122 5722 2162 5770 ie
2185 5722 2583 5807 interpretationi
2609 5722 2785 5807 me};
2800 5722 3447 5807 iiaéiﬁﬁrfiiiiﬁis‘élioﬁﬁié‘
3460 5722 3627 5807 {Sitit};

2050 5782 2494 5877 iilﬂﬁzp‘lail‘atio‘ue
2533 5782 2931 5877 spalutrumque
2971 5782 3627 5877 θχθυόὶιίιῦὤοιὲἶὴῖἰέἰπὲῗ

2050 5847 2258 5909 Agarem
2282 5857 2504 5916 matrem,
2532 5864 2584 5906 et
2608 5847 3119 5927 ismaetéh‘fﬁuéﬁhﬁ‘.
