4084 6356
210 573 435 645 ειίντῆς.
478 571 587 626 Kal
620 566 750 626 εἷπε
796 567 876 633 τῷ
917 564 1209 635 Ἀϐραάμ’
1243 566 1505 619 Ἔκϐαλε
1548 561 1665 631 τὴν
1708 562 1903 617 παιδί-

210 680 394 732 σκην
408 662 637 728 ταύτην
666 656 897 712 καὶτὸν
924 656 1059 709 υἱὸν
1095 652 1307 722 αὐτῆς.
1335 655 1417 706 Οὐ
1442 652 1555 722 γὰρ
1577 650 1664 721 μὴ
1696 654 1904 720 κληρο-

210 751 469 822 νομήσῃ
498 752 531 803 ὀ
556 746 688 814 υίὸς
723 744 834 813 τῆς
883 742 1209 809 παιδίσκης
1251 740 1401 810 μετὰ
1450 739 1558 794 τοῦ
1605 739 1741 794 υἱοῦ
1783 756 1903 807 μου

231 837 460 893 Ἰσαάκ.
484 832 766 902 Σκληρὸν
782 832 852 885 δὲ
862 829 1055 901 ἐφάνη
1073 828 1141 883 τὸ
1154 828 1326 898 ῥῆμα
1339 828 1619 881 ἐναντίον
1648 828 1903 894 Ἀϐραὰμ

216 925 364 994 περί
396 923 505 978 τοῦ
529 921 665 977 υἱοῦ
690 919 898 975 αὑτοῦ.
924 920 1068 990 Ὅρα
1102 934 1212 989 μοι,
1246 916 1519 986 ἀγαπητὲ,
1548 914 1780 968 ἐνταῦθα
1803 914 1902 983 τὴν

218 1015 448 1086 Σάρραν
485 1012 651 1065 πάλιν
693 1008 756 1063 οὑ
806 1008 1077 1081 φέρουσαν
1122 1004 1216 1059 τοῦ
1272 1005 1496 1076 Ἰσμαὴλ
1548 1003 1646 1076 τὴν
1702 1003 1902 1073 πολλὴν

221 1098 565 1171 παρρησίαν,
600 1096 720 1150 οὑδὲ
753 1093 996 1157 ἀνεκτῶς
1029 1094 1272 1161 ἐνεγκεῖν
1316 1091 1624 1162 δυναμένην
1660 1090 1753 1143 τὸν
1803 1090 1903 1158 τῆς

219 1187 525 1257 παιδίσκης
546 1185 661 1239 υἰὸν
698 1185 833 1255 μετὰ
860 1182 952 1235 τοῦ
982 1181 1168 1235 Ἰσαὰκ
1202 1179 1692 1251 ἀναστρεφόμενον.
1717 1178 1905 1233 Καθά-

222 1293 337 1346 περ
390 1270 484 1328 οὖν
521 1272 717 1346 πρώην
743 1284 771 1312 α
819 1269 1165 1324 καταστεῖλαι
1212 1268 1311 1339 τῆς
1340 1269 1517 1338 Ἅγαρ
1559 1267 1620 1320 τὸ
1649 1266 1904 1336 φρόνημα

224 1360 560 1433 βουλομένη,
612 1360 701 1415 διά
732 1359 832 1426 τῆς
876 1357 1112 1428 σφοδρᾶς
1145 1357 1569 1427 ἀγανακτήσεως
1608 1355 1689 1417 εἰς
1726 1355 1904 1424 φυγὴν

220 1450 399 1519 αὑτὴν
423 1448 697 1520 τραπῆναι
728 1444 1141 1517 παρεσκεύασεν
1160 1460 1173 1473 ·
1206 1442 1348 1496 οὑτω
1369 1443 1464 1496 καὶ
1486 1441 1581 1495 νῦν
1605 1440 1900 1512 βουλομένη

219 1539 294 1591 ἐκ
331 1536 633 1608 προοιμίων
662 1534 975 1589 ἀναστεῖλαι
1008 1532 1103 1586 τοῦ
1156 1531 1380 1603 Ἰσμαὴλ
1406 1532 1506 1603 τὴν
1546 1531 1899 1602 προπέτειαν,

221 1626 328 1679 καὶ
362 1624 437 1696 μὴ
465 1623 704 1695 φέρουσα
738 1623 872 1693 ὁρᾷν
897 1621 990 1674 τὸν
1023 1621 1087 1674 ἐκ
1118 1620 1338 1690 χάριτος
1367 1618 1627 1689 τεχθέντα
1663 1618 1778 1671 υἰὸν
1806 1617 1902 1671 καὶ

221 1712 291 1777 ἐξ
319 1712 490 1782 αὐτῆς
517 1709 611 1764 τοῦ
634 1709 769 1763 Θεοῦ
793 1709 898 1780 τῆς
922 1709 1132 1780 δωρεᾶς
1185 1706 1323 1778 μετά
1350 1706 1444 1761 τοῦ
1487 1706 1586 1776 τῆς
1613 1705 1903 1776 παιδίσκης

218 1801 331 1871 τῆς
401 1798 704 1867 Αἰγυπτίας
775 1796 1379 1867 συναναστρεφόμενον,
1440 1795 1575 1866 φησί
1632 1794 1769 1865 πρὸς
1809 1794 1901 1848 τὸν

236 1887 515 1957 Ἀϐραάμο
543 1887 800 1939 Ἔκϐαλε
818 1884 932 1951 τὴν
947 1882 1280 1950 παιδίσκην
1299 1882 1521 1937 καὶτὸν
1540 1881 1674 1936 υίόν
1688 1881 1898 1951 αὐτῆς.

225 1976 316 2028 Οὺ
345 1975 452 2045 γὰρ
479 1974 565 2043 μὴ
596 1972 1027 2043 κληρονομήσῃ
1052 1975 1085 2026 ό
1112 1972 1243 2037 υίὸς
1271 1970 1382 2039 τῆς
1409 1970 1735 2038 παιδίσκης
1764 1972 1902 2024 ταύ-

218 2079 339 2127 της
369 2062 517 2129 μετὰ
547 2061 655 2115 τοῦ
683 2060 819 2115 υἱοῦ
852 2077 995 2130 μου.
1035 2059 1253 2132 Ἐπειδὴ
1291 2059 1408 2131 ᾔδει
1434 2060 1515 2113 ὅτι
1546 2059 1641 2113 καὶ
1669 2059 1808 2130 αὑτὴ
1842 2059 1901 2114 ἐν

231 2150 451 2221 ἐσχάτῳ
470 2151 617 2221 γήρᾳ
648 2148 909 2220 τυγχάνει
934 2148 1027 2203 καὶ
1052 2147 1144 2201 τὸν
1167 2147 1516 2219 πατριάρχην
1540 2146 1688 2220 ἐώρα
1712 2148 1904 2219 προϐε-

226 2237 437 2308 ϐηκότα
480 2232 640 2307 (ἦσαν
677 2238 786 2309 γὰρ
830 2234 1130 2308 ἀμφότεροι
1181 2234 1584 2306 προϐεϐηκότες
1624 2234 1896 2307 ήμερῶν),

226 2324 488 2395 ὑφορῶσα
548 2326 756 2394 μήποτε
783 2363 799 2387 ,
851 2323 1047 2395 ἀθρόον
1095 2322 1276 2377 αὐτῶν
1345 2323 1816 2395 τελευτησάντων,
1872 2327 1901 2378 ὁ

239 2411 466 2482 Ἰσμαὴλ
489 2410 578 2464 διὰ
609 2410 672 2464 τὸ
698 2412 762 2464 ἐκ
780 2411 883 2480 τῆς
912 2409 1007 2463 τοῦ
1029 2409 1365 2480 πατριάρχου
1393 2411 1678 2475 συνουσίας
1704 2411 1902 2483 τεχθῆ-

220 2516 339 2558 ναι,
363 2499 702 2570 ἐπιχειρήσει
730 2499 810 2562 εἰς
839 2498 932 2552 τὸν
959 2498 1158 2569 κλῆρον
1188 2498 1378 2552 ἐαυτὸν
1404 2497 1499 2552 τοῦ
1523 2500 1730 2570 πατρὸς
1754 2502 1902 2555 εἰσα-

223 2590 444 2655 γαγεῖν,
474 2587 570 2640 καὶ
592 2587 849 2650 κοινωνὸς
868 2586 1122 2655 γενέσθαι
1148 2586 1226 2657 τῷ
1263 2586 1470 2652 Ἰσαὰκ,
1498 2586 1586 2640 διά
1607 2586 1765 2641 τοῦτό
1798 2607 1901 2659 φη-

225 2693 336 2739 σιν,
374 2676 634 2729 Ἔκϐαλε
658 2674 776 2742 τὴν
809 2674 1143 2741 παιδίσκην
1159 2675 1461 2739 ἐντεῦθεν,
1492 2677 1592 2729 καὶ
1627 2677 1737 2730 τὸν
1762 2678 1900 2732 υἱόν

220 2765 441 2833 αὐτῆς.
483 2764 839 2831 Μανθανέτω,
870 2765 1054 2834 φησὶν,
1090 2764 1190 2835 ήδη
1217 2766 1299 2818 ὅτι
1331 2765 1483 2819 οὐδὲν
1517 2766 1695 2820 κοινὸν
1727 2766 1839 2833 ἐξει
1871 2768 1900 2819 ό

220 2854 325 2924 τῆς
357 2853 647 2924 παιδίσκης
673 2853 788 2916 υἰὸς
815 2852 952 2923 μετά
980 2851 1074 2905 τοῦ
1100 2852 1217 2905 υἱοῦ
1247 2869 1349 2923 μου
1394 2853 1598 2908 Ἰσαάκ.
1631 2855 1768 2909 Οὐδὲ
1790 2855 1900 2925 γὰρ

222 2943 449 3013 εὔλογον
474 2943 567 2996 τὸν
592 2944 688 3014 τῆς
707 2942 900 3013 δούλης
924 2943 1039 2995 υἰὸν
1067 2943 1206 3013 μετὰ
1234 2941 1330 2995 τοῦ
1361 2942 1478 2995 υίοῦ
1511 2943 1604 2996 τοῦ
1638 2943 1775 3013 ἐμοῦ
1798 2946 1901 3016 τῆς

221 3030 517 3102 δεσποίνης
560 3029 1117 3100 συναναστρέφεσθαι.
1179 3028 1318 3082 Ἀλλ’
1360 3031 1393 3099 ἡ
1448 3031 1547 3099 μέν
1580 3032 1769 3102 Σάῤῥα
1800 3034 1901 3087 οὑκ

224 3119 458 3182 ἀπεικὸς
481 3121 718 3190 πρᾶγμα
743 3118 1036 3181 πέπονθεν,
1056 3117 1192 3171 ἀλλά
1221 3118 1314 3170 καὶ
1340 3118 1547 3190 σφόδρα
1583 3120 1896 3185 ἀκόλουθον,

222 3208 325 3259 καὶ
356 3206 529 3270 οὕτως
561 3206 874 3269 ἀκόλουθον,
904 3206 979 3269 ὡς
1012 3206 1106 3259 καὶ
1151 3205 1243 3258 τὸν
1286 3205 1420 3258 Θεὸν
1446 3209 1758 3262 συναινέσαι
1787 3214 1901 3274 τοῖς

134 3314 145 3323 ν
227 3294 361 3365 παρ’
391 3294 560 3364 αὑτῆς
599 3293 926 3365 εἰρημένοις.
969 3293 1030 3346 '0
1064 3293 1123 3347 δέ
1161 3293 1507 3365 πατριάρχης
1550 3294 1899 3367 φιλόστοργος

223 3381 303 3434 ὢν
321 3382 416 3433 καὶ
434 3380 736 3451 συμπαθῶς
755 3380 1097 3449 διακείμενος
1125 3381 1260 3453 πρὸς
1271 3381 1362 3435 τὸν
1386 3383 1628 3455 Ἰσμαήλ,
1649 3366 1902 3456 ἐπαχθῶς

223 3468 450 3529 ἐδέξατο
481 3468 549 3521 τὰ
588 3468 741 3537 παρά
768 3468 868 3538 τῆς
902 3469 1119 3539 Σάρρας
1143 3468 1429 3539 εἰρημένα.
1465 3471 1743 3538 Σκληρὸν
1767 3473 1899 3542 γὰρ,

226 3556 420 3625 φησιν,
451 3554 646 3624 ἐφάνη
678 3556 746 3608 τὸ
788 3552 949 3626 ῥῆμα
985 3556 1267 3610 ἐναντίον
1322 3557 1569 3627 Ἀϐραὰμ
1608 3558 1743 3627 περί
1794 3561 1902 3614 τοῦ

224 3640 366 3697 υἱοῦ
391 3641 600 3695 αὐτοῦ.
622 3641 759 3694 Οὐδὲ
787 3641 898 3712 γὰρ
924 3642 1024 3711 τῆς
1046 3642 1228 3713 Ἀγαρ
1246 3643 1541 3713 ἐποιήσατο
1555 3643 1711 3713 λόγον
1728 3661 1743 3676 ο
1766 3644 1903 3699 ἀλλά

229 3729 537 3800 συμπαθῶς
586 3729 724 3799 πρὸς
764 3729 856 3782 τὸν
896 3730 1065 3783 παῖδα
1096 3730 1348 3795 διέκειτο,
1391 3731 1487 3785 ἀτε
1514 3732 1578 3804 δὴ
1626 3733 1812 3789 λοιπὸν
1842 3736 1902 3790 ἐν

225 3820 419 3891 ἡλικίᾳ
448 3818 732 3889 γεγονότα.
782 3818 941 3873 Ἀλλά
968 3818 1160 3873 σκόπει
1191 3837 1280 3890 μοι
1324 3820 1558 3875 ἐνταῦθα
1585 3821 1679 3875 τοῦ
1710 3823 1900 3890 φιλαν-

228 3906 455 3978 θρώπου
482 3905 618 3959 Θεοῦ
639 3906 735 3978 τὴν
759 3905 1203 3976 ὑπερϐάλλουσαν
1228 3907 1650 3976 συγκατάϐασιν.
1683 3909 1901 3982 Ἐπειδὴ

224 3997 341 4066 γὰρ
367 3989 476 4048 εἶδε
507 3994 603 4047 καὶ
643 3995 744 4066 τήν
796 3993 1014 4065 Σάρραν
1056 3995 1198 4048 κατά
1249 3995 1310 4047 τὸ
1357 3994 1505 4059 εἰκὸς
1538 3995 1819 4050 παθοὺσάν
1846 4015 1901 4051 τι

225 4081 594 4153 ἀνθρώπινον,
634 4083 727 4135 καὶ
764 4081 1226 4153 δυσχεραίνουσαν
1252 4083 1345 4137 ἐπὶ
1386 4086 1453 4155 τῇ
1487 4086 1748 4158 ὁμοτιμία
1792 4087 1902 4142 τῶν

225 4172 459 4232 παίδων,
495 4172 589 4225 καὶ
618 4170 711 4224 τὸν
749 4173 1004 4244 Ἀϐραὰμ
1036 4173 1097 4226 οὑ
1126 4174 1360 4245 φέροντα
1400 4176 1590 4247 πράως
1615 4176 1714 4248 τὴν
1743 4176 1902 4230 ἐκϐοο

224 4258 331 4331 λὴν
378 4258 475 4313 τοῦ
515 4260 743 4332 Ἰσμαὴλ
770 4261 984 4331 καὶτῆς
1013 4262 1305 4333 παιδίσκης
1336 4263 1405 4330 (εἰ
1428 4263 1536 4335 γάρ
1561 4264 1656 4318 καὶ
1686 4265 1759 4336 μὴ
1784 4266 1903 4320 ἀντ-

225 4346 404 4399 έτεινε
445 4348 511 4418 τῇ
544 4347 732 4420 Σάρρᾳ
762 4347 852 4402 διὰ
886 4348 1085 4421 πολλὴν
1125 4349 1226 4419 τὴν
1264 4349 1585 4415 ἐπιείκειαν,
1615 4351 1729 4404 ἀλλ’
1752 4352 1902 4423 ὅμως

226 4432 467 4504 σκληρὸν
497 4434 647 4503 αὑτῷ
677 4436 1053 4503 κατεφαίνετο,
1087 4435 1233 4489 τοῦτ’
1269 4435 1405 4499 ἐστι,
1435 4437 1594 4509 βαρὺ,
1621 4440 1773 4510 φησὶ,
1806 4441 1901 4494 καὶ

225 4521 469 4590 ἐπαχθὲς
506 4523 601 4575 καὶ
646 4523 949 4593 φορτικὸν),
990 4525 1113 4577 τότε
1138 4524 1323 4578 λοιπὸν
1356 4526 1456 4598 τὴν
1478 4526 1685 4582 οίκείαν
1712 4528 1902 4598 φιλαν-

225 4604 476 4674 θρωπίαν
520 4606 855 4677 μιμούμενος
895 4610 926 4661 ὁ
951 4609 1249 4680 Δεσπότης,
1276 4610 1369 4663 καὶ
1399 4611 1499 4681 τῆς
1534 4610 1787 4682 ὁμονοίας
1808 4614 1899 4668 τὸν

226 4691 530 4763 σύνδεσμον
559 4694 743 4749 αὑτῶν
771 4695 1115 4764 συσφίγγων,
1159 4698 1295 4768 φησὶ
1321 4697 1460 4769 πρὸς
1485 4697 1576 4751 τὸν
1618 4699 1895 4772 Ἀϐραάμ’

222 4779 328 4848 Μὴ
366 4782 644 4851 σκληρὸν
676 4782 833 4837 ἔστω
873 4784 1153 4840 ἐναντίον
1178 4801 1296 4840 σου
1332 4785 1398 4840 τὸ
1415 4785 1582 4856 ῥῆμα
1624 4788 1757 4857 περὶ
1793 4788 1899 4844 τοῦ

222 4868 470 4924 παιδίου
498 4870 598 4925 καὶ
624 4869 735 4940 τῆς
764 4871 1112 4940 παιδίσκης.
1147 4872 1353 4928 Πάντα
1383 4873 1502 4929 ὅσα
1529 4874 1607 4930 ἂν
1628 4877 1768 4946 εἴπῃ
1798 4891 1899 4933 σοι

222 4957 449 5026 Σάρρα,
482 4959 753 5015 ἄκουσον
787 4959 901 5028 τῆς
928 4960 1136 5030 φωνῆς
1166 4961 1380 5030 αὐτῆς.
1437 4962 1531 5035 Μὴ
1560 4963 1706 5035 δέξῃ,
1742 4966 1896 5036 φησὶ,

225 5044 444 5114 βαρέως
470 5045 532 5097 τὸ
556 5047 689 5117 παρ’
726 5046 899 5117 αὐτῆς
922 5044 1087 5117 ῥηθέν
1117 5062 1219 5111 σοι,
1252 5046 1388 5100 ἀλλά
1429 5049 1634 5103 Πάντα
1658 5051 1777 5106 ὅσα
1820 5050 1899 5108 ἂν

220 5132 368 5198 εἴπῃ
411 5131 438 5170 δ
462 5148 565 5185 σοι
584 5132 804 5202 Σάρῤα,
837 5132 1110 5187 ἄκουσον
1141 5132 1252 5201 τῆς
1282 5132 1488 5203 φωνῆς
1512 5136 1723 5205 αὐτῆς.

302 5218 368 5287 β’.
404 5217 554 5291 [468]
572 5219 757 5274 Ταῦτα
778 5221 977 5287 πάντα,
1000 5238 1073 5291 φη
1083 5221 1188 5284 σίν,
1213 5220 1355 5292 ειπερ
1373 5238 1455 5275 σοι
1475 5222 1570 5277 νῦν
1589 5223 1897 5294 διαλέγεται

222 5306 358 5377 περὶ
381 5306 474 5359 τοῦ
506 5308 731 5380 Ἰσμαὴλ
752 5310 962 5380 καὶτῆς
983 5310 1198 5378 Ἅγαρ,
1215 5309 1530 5376 κατάδεξαι,
1544 5313 1637 5366 καὶ
1656 5313 1896 5367 ὑπάκου-

190 5409 199 5421 ·
224 5411 322 5447 σον
340 5394 440 5464 τῆς
465 5396 650 5465 φωνῆς
676 5396 867 5466 αὑτῆς.
894 5396 985 5467 Μὴ
1014 5396 1250 5469 θελήσῃς
1273 5396 1510 5468 λυπῆσαι
1524 5400 1625 5471 τήν
1650 5402 1709 5453 ἐν
1731 5402 1896 5455 παντὶ

220 5481 306 5551 τῷ
338 5481 517 5553 χρόνῳ
548 5482 818 5553 τοσαύτην
844 5483 974 5555 περὶ
1004 5484 1063 5537 σέ
1091 5483 1190 5553 τὴν
1215 5484 1598 5556 φιλοστοργίαν
1624 5488 1897 5556 ἐπιδειξα-

226 5570 420 5642 μένην,
449 5569 547 5642 τὴν
579 5570 639 5623 οὑ
675 5571 836 5641 μόνον
867 5571 1038 5637 ἀπαξ,
1069 5572 1205 5626 ἀλλά
1240 5573 1334 5625 καὶ
1373 5573 1645 5646 δεύτερον,
1674 5577 1759 5630 ἵνα
1797 5578 1894 5631 τοῦ

222 5658 459 5710 θανάτου
488 5674 548 5710 σε
573 5656 882 5730 ἐξαρπάσῃ,
908 5659 1109 5730 ἐαυτὴν
1126 5658 1484 5714 ἐκδεδωκυῖαν
1506 5661 1647 5733 ὑπὲρ
1666 5663 1767 5734 τῆς
1796 5665 1895 5736 σῆς

224 5747 524 5816 σωτηρίας,
560 5750 657 5801 καὶ
699 5747 955 5801 ὑπόθεσίν
991 5764 1073 5801 σοι
1105 5748 1405 5819 γενομένην
1436 5749 1701 5820 τοσαύτης
1734 5769 1890 5823 περι-

225 5836 455 5907 φανείας
477 5853 491 5866 ⁸
525 5839 619 5890 καὶ
647 5837 913 5908 πρότερον
954 5838 1051 5907 μὲν
1082 5837 1220 5905 μετά
1242 5838 1495 5892 τοσούτου
1528 5838 1756 5892 πλούτου
1785 5841 1894 5895 ἀπὸ

225 5921 325 5991 τῆς
359 5919 633 5986 Αἰγύπτου
668 5920 988 5974 ἐπανελθεῖν
1031 5925 1397 5992 πεποιηκυῖαν
1419 5940 1432 5952 ·
1471 5922 1609 5993 μετὰ
1632 5922 1802 5977 ταῦτα
1831 5925 1890 5978 δέ

288 6011 315 6039 ⁸
345 6008 455 6081 ξεν.
485 6016 539 6059 et
557 6019 747 6081 septpm
759 6024 873 6059 mss.
897 6012 1320 6081 ἀγαστρεςζὸμεναν·
1335 6014 1456 6061 ἀλλὰ
1480 6016 1689 6081 καθάπερ
1706 6017 1887 6081 πρώην.

224 6070 399 6135 Ἀργει.
420 6070 839 6135 ἀναστρεφόμενον,
863 6070 1071 6135 καθάπερ
1092 6070 1174 6120 οὖν
1190 6075 1370 6135 πρῴην.

287 6132 316 6174 δ
340 6134 467 6196 Bina
488 6130 643 6184 ευίειξ
658 6130 811 6185 récle.
828 6130 1085 6187 ’Edebalu'r
1106 6130 1247 6184 ιῖποι.
1269 6134 1402 6187 Enn.

1335 449 1402 504 IN
1436 447 1592 503 CAP.
1638 444 1779 501 XXI.
1823 441 2067 504 GENES.
2112 443 2348 504 HOMIL.
2391 442 2574 499 XLVI.

3564 440 3668 494 42ῑ

2011 561 2279 633 τοσαύτης
2305 561 2469 630 τιμῆς
2506 557 2811 628 ποιήσασαν
2840 553 3139 624 ἀξιωθῆναί
3171 571 3231 607 σε
3261 554 3365 608 ὑπὸ
3392 554 3486 609 τοῦ
3526 557 3673 610 Ἀϐι-

2014 647 2201 718 μέλεχ.
2225 646 2317 717 Μή
2344 645 2521 699 τοίνυν
2541 644 2751 714 ἀνάσχῃ
2785 641 3003 695 ἐναντία
3030 643 3144 704 τοῖς
3175 644 3306 711 παρ’
3336 642 3503 713 αὑτῆς
3524 641 3676 711 λεγο-

2014 733 2197 805 μένοις
2231 730 2659 804 βουλεύσασθαι’
2696 730 2790 782 καὶ
2829 730 2938 799 γὰρ
2986 729 3106 781 οὐδὲ
3139 729 3313 791 ἄλλως
3359 729 3532 781 ἐσται.
3586 730 3674 782 Ἐν

2011 821 2121 891 γὰρ
2150 819 2227 891 τῷ
2278 819 2463 874 Ἰσαὰκ
2494 819 2573 891 τῷ
2601 819 2728 889 παρ’
2763 818 2935 887 αὑτῆς
2961 816 3205 888 τεχθέντι
3239 817 3299 869 τὸ
3334 818 3558 888 σπέρμα
3594 835 3677 871 σοι

2012 910 2367 982 κληθήσεται,
2411 908 2505 961 καὶ
2532 902 2687 970 οὗτος
2727 906 2880 958 ἐσται
2923 922 3015 958 σου
3047 904 3401 975 κληρονόμος.
3431 906 3537 958 Kal
3570 905 3678 958 τὸν

2011 998 2148 1052 υἱὸν
2190 998 2260 1051 δὲ
2304 998 2521 1051 τοῦτον
2560 994 2673 1063 τῆς
2725 993 3053 1059 παιδίσκης
3101 991 3437 1059 αὐξηθῆναι
3489 1008 3679 1060 παρα-

2010 1085 2317 1151 σκευάσω,
2346 1085 2447 1139 καί
2477 1087 2563 1149 εἰς
2589 1085 2765 1147 ἔθνος
2787 1082 2941 1151 μέγα
2973 1080 3208 1146 ποιήσω
3236 1080 3440 1143 αὐτὸν,
3469 1080 3676 1149 ἐπειδὴ

2011 1174 2252 1241 σπέρμα
2270 1172 2387 1226 σόν
2409 1172 2563 1225 ἐστι.
2581 1171 2733 1224 Ποίει
2749 1166 2842 1223 οὖν
2862 1169 2931 1221 τὰ
2951 1170 3081 1238 παρ’
3104 1168 3276 1238 αὐτῆς
3290 1185 3371 1221 σοι
3385 1168 3675 1238 λεγόμενα,

2011 1261 2106 1315 καὶ
2134 1262 2442 1315 ὑπάκουσον
2469 1263 2570 1330 τῆς
2599 1258 2786 1328 φωνῆς
2814 1258 3006 1327 αὑτῆς.
3042 1257 3324 1327 Ἐννόησὸν
3353 1274 3440 1326 μοι
3469 1256 3675 1319 λοιπὸν,

2008 1353 2109 1421 ὅση
2135 1351 2329 1424 ἀθρόον
2357 1353 2389 1422 ἠ
2422 1352 2611 1422 εἰρήνη
2629 1351 2724 1404 καὶ
2748 1351 2780 1419 ή
2803 1349 3023 1419 ὁμόνοια
3045 1350 3124 1411 εἰς
3142 1348 3202 1399 τὸ
3225 1347 3555 1401 συνοικέσιον
3582 1349 3680 1402 αύ-

2008 1442 2119 1495 τῶν
2141 1440 2505 1505 ἐπολιτεύετο,
2521 1441 2618 1510 τῆς
2634 1439 2728 1492 τοῦ
2754 1438 2891 1490 Θεοῦ
2914 1437 3252 1507 ἀγαθότητος
3276 1438 3368 1490 τὸν
3387 1436 3678 1507 σύνδεσμον

2010 1530 2189 1583 αὑτῶν
2255 1528 2684 1599 συσφιγγούσης.
2732 1524 2972 1593 Ἀνέστη
3022 1524 3151 1594 γὰρ,
3192 1524 3350 1593 φησὶ,
3379 1520 3459 1588 τῷ
3507 1524 3675 1592 πρωῒ,

2007 1617 2107 1671 καί
2156 1618 2375 1672 ἐλαϐεν
2411 1617 2629 1684 ἄρτους
2673 1616 2772 1668 καὶ
2806 1614 2999 1668 ἀσκὸν
3037 1613 3270 1677 ὓδατος,
3326 1612 3425 1665 καὶ
3459 1610 3681 1665 ἔδωκεν

2010 1706 2213 1775 Ἅγαρ,
2238 1706 2335 1768 καὶ
2359 1704 2650 1770 ἐπέθηκεν
2672 1701 2903 1755 ἐπὶτῶν
2929 1701 3101 1770 ὤμων
3116 1699 3305 1769 αὐτῆς
3330 1699 3429 1753 καὶ
3460 1700 3525 1753 τὸ
3547 1717 3680 1754 παι-

2007 1792 2163 1856 δίον,
2199 1792 2298 1845 καί
2334 1793 2697 1846 ἀπέστειλεν
2739 1788 2952 1855 αὐτήν.
2990 1789 3133 1859 Ὅρα
3171 1805 3262 1858 μοι
3292 1786 3455 1840 πάλιν
3485 1787 3578 1840 τοῦ
3602 1787 3680 1839 δι-

2009 1879 2170 1935 καίου
2200 1879 2298 1950 τὴν
2340 1878 2541 1949 πολλὴν
2569 1878 3014 1948 εὐγνωμοσύνην,
3048 1877 3143 1930 καὶ
3171 1878 3316 1939 ὅπως
3337 1876 3422 1930 διὰ
3461 1877 3679 1930 πάντων

2006 1969 2100 2023 τὸν
2134 1967 2381 2038 φιλόθεον
2426 1966 2591 2021 αὑτοῦ
2646 1965 2846 2019 σκοπὸν
2887 1966 3179 2018 δείκνυσιν.
3232 1963 3362 2018 Ὅτε
3417 1965 3514 2035 μὲν
3568 1966 3678 2035 γὰρ

2008 2058 2211 2129 ἢκουσε
2234 2056 2336 2126 τῆς
2363 2054 2581 2128 Σάρρας
2610 2053 2895 2124 λεγούσης,
2924 2055 3184 2107 Ἔκϐαλε
3208 2051 3322 2119 τὴν
3348 2054 3679 2119 παιδίσκην

2009 2144 2108 2198 καί
2148 2143 2257 2198 τὸν
2287 2144 2424 2197 υἱὸν
2453 2141 2665 2209 αὐτῆς,
2698 2140 2933 2211 πονηρὸν
2967 2139 3117 2210 αὑτῷ
3151 2140 3345 2209 ἐφάνη,
3379 2140 3565 2211 ἐπειδὴ
3599 2158 3681 2209 φι-

2006 2231 2317 2303 λοστόργως
2351 2231 2487 2303 πρὸς
2520 2231 2611 2283 τὸν
2656 2228 2883 2299 ἰσμαὴλ
2917 2228 3148 2281 διέκειτο
3171 2246 3184 2258 ·
3220 2228 3405 2300 ἐπειδὴ
3438 2229 3494 2282 δέ
3522 2232 3549 2281 ὁ
3585 2232 3679 2281 Δε-

2009 2319 2215 2388 σπότης
2248 2318 2556 2381 ἐκέλευσεν,
2589 2316 2793 2379 εὐθέως
2829 2317 2999 2368 ἐποίει
3036 2316 3097 2368 τὸ
3129 2318 3440 2387 ἐπιταχθὲν,
3465 2318 3557 2370 καὶ
3580 2318 3678 2370 ἐπ-

2005 2407 2327 2463 ελανθάνετο
2349 2406 2449 2477 τῆς
2469 2405 2707 2475 φυσικῆς
2738 2404 3316 2475 φιλοστοργίας.”οταν
3340 2406 3468 2478 γὰρ,
3490 2405 3676 2476 φησὶν,

2008 2495 2172 2558 αὐτὸς
2205 2495 2490 2566 ἐπιτάττῃ,
2524 2494 2833 2562 σχολαζέτω
2864 2492 3041 2545 πάντα
3073 2492 3141 2544 τὰ
3170 2493 3344 2563 πάθη·
3381 2495 3408 2545 ὁ
3442 2491 3547 2565 γὰρ
3581 2494 3679 2563 τῆς

2007 2581 2223 2651 φύσεώς
2254 2582 2371 2634 ἐστι
2416 2580 2693 2650 Δεσπότης
2722 2582 2750 2633 ὁ
2789 2580 3045 2633 κελεύων.
3079 2581 3359 2634 Λαϐοῦσα
3404 2582 3613 2634 τοίνυν
3639 2582 3675 2648 η

2006 2669 2317 2737 παιδίσκη,
2350 2669 2503 2739 φησὶ,
2534 2668 2675 2734 τοὺς
2696 2667 2913 2736 ἄρτους
2942 2668 3038 2721 καὶ
3060 2669 3166 2721 τὸν
3195 2669 3390 2722 ἀσκὸν
3414 2668 3519 2722 τοῦ
3538 2668 3679 2722 ὓδαο

2004 2777 2128 2825 τος,
2159 2758 2323 2827 ἐξῄει
2346 2760 2497 2828 μετὰ
2523 2758 2630 2811 τοῦ
2657 2758 2919 2813 παιδίου.
2968 2758 3106 2809 Ἀλλ’
3137 2759 3237 2829 ὅρα
3266 2776 3355 2828 μοι
3388 2758 3568 2821 πάλιν,
3593 2761 3679 2815 διὰ

2006 2849 2105 2919 τὴν
2131 2847 2269 2917 πρὸς
2290 2847 2381 2901 τὸν
2401 2846 2610 2900 δίκαιον
2643 2845 2856 2899 εὑνοιαν
2887 2845 3003 2908 πῶς
3030 2846 3125 2899 καὶ
3149 2846 3286 2915 αὑτὴ
3310 2846 3552 2909 ἀξιοῦται
3579 2851 3678 2917 τῆς

2007 2935 2339 3006 κηδεμονίας
2374 2935 2475 3005 τῆς
2524 2933 2753 2989 ἀνωθεν.
2800 2933 3138 2986 Ἀπελθοῦσα
3184 2935 3364 2986 τοίνυν
3413 2934 3679 2986 ἐπλανᾶτο

2006 3023 2151 3078 κατὰ
2176 3023 2275 3093 τὴν
2315 3022 2543 3093 ἔρημον,
2580 3022 2675 3075 καὶ
2707 3021 2802 3074 τοῦ
2828 3020 3020 3085 ὓδατος
3046 3021 3432 3085 ἀναλωθέντος,
3468 3023 3559 3075 καὶ
3585 3023 3677 3073 οὑ-

2005 3112 2198 3183 δεμίαν
2236 3109 2537 3180 οὐδαμόθεν
2586 3109 2919 3180 εὑρίσκουσα
2976 3109 3363 3181 παραμυθίαν,
3408 3112 3677 3179 Ἕῤῥιψε,

2007 3207 2163 3278 φησὶ,
2183 3204 2250 3259 τὸ
2279 3204 2520 3258 παιδίον
2537 3201 2818 3257 ὑποκάτω
2834 3199 2977 3271 μιᾶς
3002 3200 3223 3269 ἐλάτης
3240 3218 3253 3232 ·
3275 3202 3367 3254 καὶ
3391 3201 3677 3255 διακοπτο-

2010 3294 2147 3365 μένη
2180 3293 2251 3345 τὰ
2275 3290 2579 3360 σπλάγχνα.
2613 3290 2710 3343 καὶ
2732 3289 2837 3342 ὑπὸ
2864 3290 2963 3360 τῆς
2998 3288 3191 3359 ὀδύνης
3225 3288 3553 3361 συνεχομένη
3585 3290 3680 3344 καὶ

2005 3383 2106 3452 τῆς
2140 3382 2278 3453 πρὸς
2309 3380 2370 3433 τὸ
2411 3379 2627 3433 παιδίον
2674 3379 3080 3449 φιλοστοργίας,
3140 3379 3444 3444 Ἐκάθητο,
3493 3380 3677 3449 φησὶν,

2005 3469 2297 3524 ἀπέναντι
2342 3467 2550 3531 αὑτοῦ,
2591 3466 2736 3520 ὡσεί
2774 3466 2953 3529 τοξου
2978 3465 3199 3533 βολήν.
3255 3462 3404 3520 Εἷπε
3436 3465 3566 3536 γάρ·
3595 3469 3679 3521 Οὐ

2002 3558 2088 3628 μὴ
2125 3557 2230 3610 ίδω
2257 3556 2365 3610 τὸν
2395 3556 2656 3609 θάνατον
2679 3554 2785 3608 τοῦ
2818 3554 3055 3607 παιδίου
3081 3572 3220 3625 μου.
3261 3555 3369 3609 Καὶ
3397 3554 3680 3609 ἐκάθισεν

2005 3645 2296 3700 ἀπέναντι
2326 3642 2589 3697 παιδίου.
2605 3642 2717 3696 Kal
2745 3640 3100 3709 ἀναϐοῆσαν
3116 3642 3183 3695 τὸ
3202 3641 3442 3695 παιδίον
3458 3644 3680 3697 ἔκλαυ-

1986 3748 2140 3799 ,σενο
2193 3730 2332 3785 Ἀλλ’
2366 3732 2394 3783 ὁ
2426 3730 2675 3799 ἐλεήμων
2708 3728 2802 3781 καὶ
2838 3727 3221 3799 φιλάνθρωπος
3250 3729 3403 3792 Θεὸς,
3438 3731 3533 3782 καὶ
3573 3749 3680 3784 πα-

2006 3815 2135 3886 τρὸς
2172 3814 2269 3867 καὶ
2305 3813 2512 3884 μητρὸς
2540 3811 2922 3881 φιλοστοργίαν
2942 3812 3022 3873 εἰς
3050 3810 3148 3881 τὴν
3180 3812 3309 3882 περὶ
3341 3812 3488 3882 ἡμᾶς
3518 3814 3679 3881 κηδε-

2012 3896 2200 3968 μονίαν
2240 3893 2705 3966 ὑπερακοντίζων,
2756 3894 3099 3958 Εἱσήκουσε
3146 3892 3258 3961 τῆς
3309 3894 3517 3963 φωνῆς
3570 3896 3680 3950 τοῦ

2006 3978 2247 4034 παιδίου
2267 3979 2335 4032 ἐκ
2361 3977 2469 4031 τοῦ
2492 3978 2679 4031 τόπου
2697 3972 2769 4032 οὗ
2787 3972 2865 4046 ἦν
2883 3994 2894 4005 ·
2915 3976 3145 4047 ᾤκτειρε
3162 3975 3221 4029 τὸ
3235 3977 3462 4034 παιδίον.
3478 3978 3677 4049 ἠλέησε

2006 4063 2104 4134 τὴν
2134 4061 2422 4134 συμφορὰν
2444 4060 2542 4132 τῆς
2581 4060 2764 4130 ’Ἅγαρ
2786 4076 2799 4088 ·
2835 4057 3212 4134 συνεχώρησεν
3237 4059 3489 4130 αἴσθησιν
3509 4062 3677 4133 αὐτὴν

2006 4131 2327 4216 λαϐεῖνττῆς
2364 4131 2623 4216 ἐρημίας,
2656 4143 2751 4196 καὶ
2781 4142 2983 4204 εὐθέως
3015 4131 3118 4213 τὴν
3145 4144 3276 4213 παρ’
3308 4144 3501 4197 ἐαυτοῦ
3530 4131 3678 4197 ἀντί-

2004 4228 2166 4300 ληψιν
2191 4228 2501 4299 ἐχαρίσατο.
2532 4224 2684 4298 [469]
2724 4223 2836 4277 Kal
2861 4224 3148 4290 ἐκάλεσε,
3185 4224 3372 4295 φησιν,
3423 4226 3678 4296 ἅγγελος

2008 4312 2113 4366 τοῦ
2133 4311 2281 4367 Θεοῦ
2302 4309 2419 4379 τὴν
2436 4309 2613 4378 Ἅγαρ
2634 4308 2701 4362 ἐκ
2724 4307 2833 4361 τοῦ
2863 4308 3145 4375 οὐρανοῦ,
3173 4310 3269 4362 καὶ
3296 4304 3464 4361 εἶπεν
3488 4310 3641 4379 αὐτῇ
3661 4331 3675 4344 ο

2011 4398 2074 4451 Τί
2088 4396 2283 4459 ἐστιν,
2308 4393 2486 4462 Ἅγαρ
2498 4408 2518 4456 ;
2541 4391 2639 4460 Μὴ
2662 4392 2851 4460 φοϐοῦ
2869 4411 2883 4423 ·
2907 4392 3211 4459 ἑπακήκοε
3228 4395 3338 4461 γὰρ
3357 4397 3389 4447 ὀ
3408 4396 3550 4461 Θεὸς
3567 4395 3677 4463 τῆς

2005 4478 2211 4548 φωνῆς
2231 4476 2338 4532 τοῦ
2358 4475 2598 4529 παιδίου
2614 4491 2731 4528 σου
2758 4474 2827 4527 ἐκ
2850 4474 2957 4528 τοῦ
2975 4475 3163 4529 τόπου
3186 4472 3257 4531 οὗ
3282 4478 3471 4530 ἐστιν.
3518 4478 3677 4531 Ἀνά-

2005 4564 2204 4628 στηθι,
2251 4558 2399 4613 λάϐε
2428 4558 2493 4611 τὸ
2529 4556 2793 4620 παιδίον,
2838 4557 2935 4612 καί
2970 4557 3280 4625 κράτησον
3321 4560 3432 4629 τῆς
3480 4562 3678 4631 χειρὸς

2004 4638 2193 4695 αὐτοῦ
2217 4656 2231 4670 ο
2271 4641 2360 4703 εἰς
2386 4637 2499 4708 γὰρ
2536 4639 2710 4702 ἑθνος
2734 4636 2890 4705 μέγα
2922 4636 3155 4702 ποιήσω
3182 4640 3350 4693 αὐτό.
3378 4641 3452 4696 ,Ὢ
3497 4641 3677 4710 φιλαν·

2008 4723 2255 4795 θρωπίας
2290 4721 2584 4774 Δεσπότου.
2617 4721 2731 4773 υὺκ
2757 4720 2949 4791 ἐπειδὴ
2976 4722 3233 4793 παιδίσκη
3265 4718 3357 4794 ἦν.
3394 4723 3673 4794 ὑπερεῖδεν

2006 4806 2195 4878 αὐτὴν,
2225 4804 2341 4858 ἀλλ’
2380 4804 2567 4875 ἐπειδὴ
2603 4804 2933 4872 ἐπαγγελίαν
2967 4805 3260 4876 ἐποιήσατο
3294 4807 3429 4876 πρὸς
3456 4808 3547 4859 τὸν
3570 4826 3675 4862 πα-

2004 4889 2297 4960 τριάρχην,
2328 4888 2421 4940 καὶ
2466 4886 2654 4958 ἐπειδὴ
2683 4886 2893 4939 ἐκείνου
2931 4887 2993 4939 τὸ
3023 4887 3245 4959 σπέρμα
3278 4889 3558 4958 ἐτύγχανε,
3586 4909 3673 4944 το-

2007 4971 2211 5042 σαύτης
2241 4969 2498 5041 προνοίας
2538 4970 2630 5021 καὶ
2660 4968 2827 5039 αὑτὴν
2859 4968 3017 5034 ἀξιοῖ,
3054 4971 3146 5022 καί
3185 4987 3348 5039 φησι’
3393 4970 3456 5023 Τί
3477 4972 3667 5035 ἐστιν,

2005 5055 2211 5124 Ἅγαρ;
2242 5052 2342 5121 Μὴ
2375 5052 2583 5121 φοϐοῦ
2614 5051 2924 5118 ἐπήκουσε
2950 5051 3059 5121 γὰρ
3089 5054 3121 5105 ὀ
3164 5053 3307 5118 Θεὸς
3334 5052 3445 5122 τῆς
3465 5053 3671 5123 φωνῆς

2001 5138 2109 5192 τοῦ
2128 5137 2389 5190 παιδίου.
2406 5135 2717 5202 Ἀνάστηθι.
2750 5135 2846 5188 καὶ
2871 5134 3017 5188 λάϐε
3041 5134 3207 5199 αὐτὸ,
3226 5134 3325 5188 καί
3366 5136 3672 5203 κρατησον

2001 5217 2112 5286 τῆς
2145 5216 2343 5286 χειρὸς
2381 5213 2569 5268 αὑτοῦ
2585 5228 2596 5240 ·
2620 5216 2704 5278 εἰς
2729 5214 2838 5283 γὰρ
2861 5213 3035 5278 ἔθνος
3050 5213 3203 5283 μέγα
3238 5213 3469 5280 ποιήσω
3497 5218 3664 5273 αὐτό.

2000 5299 2092 5368 Μή
2119 5296 2341 5367 ἀθύμει,
2373 5295 2526 5365 φησί,
2551 5292 2719 5346 διὰτὸ
2751 5291 3080 5362 ἐκϐληθῆναί
3102 5309 3161 5344 σε
3194 5293 3290 5361 τῆς
3322 5293 3516 5357 οἰκίας.
3536 5296 3669 5348 Τοσ-

2002 5379 2174 5449 αύτης
2205 5377 2312 5448 γὰρ
2342 5375 2709 5430 ἀπολαύσεται
2735 5375 2831 5443 τῆς
2862 5375 2992 5443 παρ’
3011 5372 3145 5442 ἐμοῦ
3175 5373 3452 5443 προνοίας,
3474 5375 3548 5438 ὡς
3573 5377 3668 5431 καὶ

2004 5463 2083 5523 εἰς
2116 5459 2267 5523 ἐθνος
2300 5457 2441 5529 μέγα
2473 5455 2727 5525 γενέσθαι
2772 5454 2866 5508 καὶ
2915 5454 3065 5507 αὑτό.
3101 5456 3214 5508 Καὶ
3251 5455 3476 5523 ἤνοιξε,
3509 5460 3662 5529 φησί,

2003 5542 2144 5609 τοὺς
2159 5540 2465 5611 ὀφαλμσὺς
2482 5538 2674 5607 αὐτῆς
2689 5555 2703 5569 ·
2726 5538 2825 5590 οὑκ
2846 5536 3032 5606 ἐπειδὴ
3050 5537 3156 5607 πρὸ
3176 5538 3362 5592 τούτου
3379 5542 3476 5611 οὑχ
3495 5544 3660 5612 ἐώρα,

2002 5626 2117 5681 ἀλλ’
2153 5624 2340 5695 ἐπειδὴ
2371 5624 2466 5676 καὶ
2491 5622 2601 5675 τῶν
2629 5620 2921 5690 ὀφθαλμῶν
2951 5621 3311 5691 ἀνεῳγμένων
3348 5624 3499 5677 ούδέν
3526 5627 3662 5698 αὑτῇ

2002 5709 2197 5778 ὄφελος
2248 5708 2462 5776 ἐγένετο
2490 5705 2595 5777 πρὸ
2622 5705 2719 5775 τῆς
2764 5704 2968 5758 ἀνωθεν
3004 5705 3328 5775 ἐπισκοπῆς.
3358 5706 3458 5760 Διά
3484 5708 3660 5776 τοῦτο,

2010 5794 2101 5847 ὅτε
2131 5790 2395 5861 ἐϐουλήθη
2426 5788 2523 5859 τὴν
2551 5790 2679 5858 παρ’
2696 5786 2889 5839 ἐαυτοῦ
2923 5787 3247 5859 κηδεμονίαν
3271 5790 3658 5857 ἐπιδείξασθαι,

2003 5876 2189 5947 φησὶν,
2242 5873 2479 5941 Ἀνέφξε
2524 5873 2664 5936 τοὺς
2709 5871 3054 5940 ὀφθαλμοὺς
3103 5872 3324 5942 αὐτῆς·
3374 5876 3493 5927 ἀντὶ
3539 5874 3653 5940 τοῦ,

2012 5959 2314 6027 ’Υπέδειξεν
2326 5959 2460 6029 αὑτῇ
2478 5954 2762 6025 ἀγνοούσῃ,
2779 5955 2877 6025 τὴν
2900 5954 3135 6009 διάνοιαν
3170 5956 3341 6026 αὑτῆς
3365 5957 3650 6027 διέγειρεν,

1997 6045 2276 6114 ὡδήγησεν
2299 6042 2490 6113 αὑτὴν,
2523 6039 2663 6092 ὥστε
2695 6038 2824 6090 ἰδεῖν
2851 6039 2942 6090 τὸν
2967 6039 3133 6093 τόπον
3167 6039 3256 6092 τὸν
3284 6039 3650 6105 ἀναϐλύζοντα

2000 6128 2094 6183 τοῦ
2130 6126 2318 6190 ὓδατος
2346 6124 2440 6189 τὰς
2480 6123 2678 6195 πηγάς.
2709 6122 2819 6176 Kal
2853 6120 2992 6191 εἶδε,
3035 6124 3188 6195 φησὶ,
3219 6124 3404 6193 φρέαρ
3436 6122 3645 6178 ὕδατα(-
