4084 6356
214 497 321 553 425

215 628 400 674 mrem,
440 620 489 665 et
518 610 707 681 potavit
733 626 965 681 puerum.
1000 611 1056 666 ln
1102 612 1258 666 inviis
1287 613 1422 665 viam
1472 608 1729 679 przebuit,
1759 613 1815 660 et

217 704 489 771 perplexze
519 704 684 757 menti
707 701 1011 772 nullamque
1033 703 1219 757 salutis
1236 718 1383 772 Spem
1409 700 1641 763 habenti,
1663 714 1811 753 suam

216 794 603 847 liberalitatem
633 793 894 855 exhibuit,
928 793 1090 847 simul
1111 809 1228 847 eam
1254 792 1557 852 consolans,
1582 799 1634 843 et
1666 788 1813 857 pueri

214 900 405 938 curam
433 898 617 952 agens.
644 884 741 943 ,Sic
769 883 1215 953 quandocumque
1240 883 1467 935 voluerit
1490 882 1627 934 Deus
1647 921 1661 944 ,
1695 880 1817 932 licet

216 977 271 1027 in
306 974 597 1028 solitudine
624 974 813 1037 simus,
848 982 903 1027 et
923 975 974 1027 in
1004 975 1257 1027 extremis
1278 972 1669 1035 afflictionibus,
1696 972 1816 1023 nul.

219 1069 440 1138 'uunque
471 1084 621 1137 spem
667 1068 856 1122 salutis
882 1067 1196 1130 habeamus,
1238 1068 1384 1121 nullo
1425 1065 1529 1120 alio
1559 1080 1690 1133 Opus
1718 1064 1817 1116 ha-

221 1160 490 1223 bebimus,
538 1159 719 1212 divino
761 1159 960 1212 auxilio
1005 1159 1157 1212 nobis
1192 1160 1369 1210 omnia
1416 1155 1811 1226 suppeditante.

218 1249 359 1302 Nam
376 1250 420 1303 si
444 1250 560 1318 ejus
580 1249 1002 1303 benevolentiam
1026 1249 1180 1303 nobis
1195 1248 1675 1310 conciliaverimus,
1703 1246 1819 1299 nul-

219 1343 308 1396 lus
356 1343 512 1396 nobis
558 1342 888 1411 praevalebit,
936 1342 1029 1395 sed
1081 1356 1178 1395 nos
1225 1342 1528 1410 superiores
1571 1341 1819 1392 omnibus

220 1435 448 1488 erimus.
479 1433 569 1487 20.
604 1433 670 1487 Et
691 1443 798 1488 erat
827 1432 969 1487 Deus
994 1450 1107 1486 cum
1135 1449 1320 1503 puero,
1350 1432 1546 1502 inquit,
1575 1442 1622 1485 et
1644 1436 1817 1497 crevit,

220 1538 270 1579 et
298 1528 541 1580 habitavit
582 1527 634 1579 in
663 1527 954 1580 solitudine.
988 1526 1077 1580 Sic
1113 1525 1326 1595 quando
1368 1525 1597 1578 amicum
1638 1534 1692 1579 et
1722 1526 1819 1577 he-

223 1623 477 1675 nevolum
504 1620 761 1675 habemus
783 1621 974 1685 Deum,
998 1619 1206 1673 etiamsi
1228 1619 1277 1671 in
1306 1618 1520 1672 deserto
1541 1618 1817 1683 fuerimus,

222 1714 398 1765 multo
429 1711 729 1765 Securiores
753 1711 1013 1776 vivemus,
1045 1725 1204 1778 quam
1240 1708 1274 1762 ii
1300 1709 1388 1777 qui
1435 1709 1485 1762 in
1519 1707 1819 1761 civitatibus

224 1812 532 1857 versantur.
563 1802 792 1856 Maxima
838 1801 979 1854 enim
1011 1800 1268 1854 securitas
1305 1810 1356 1852 et
1398 1798 1819 1868 inexpugnabilis

225 1915 418 1955 murus
444 1907 525 1952 est
552 1898 809 1951 auxilium
839 1896 1099 1950 divinum.
1134 1896 1197 1948 Et
1228 1903 1287 1948 ut
1324 1893 1520 1957 discas,
1548 1892 1820 1964 quomodo

224 1994 320 2062 qui
349 1992 399 2045 in
426 1989 807 2044 solitudinibus
833 1989 963 2058 agit,
990 1988 1229 2042 securior
1256 1986 1345 2049 sit,
1375 1992 1430 2040 et
1461 1987 1727 2054 potentior
1756 1984 1820 2039 iis

225 2085 321 2153 qui
353 2084 402 2135 in
436 2082 626 2135 mediis
651 2081 954 2135 civitatibus
983 2088 1283 2142 versantur,
1314 2078 1512 2147 ingenti
1544 2076 1819 2130 hominum

231 2173 483 2243 prmsidio
516 2171 660 2233 freti,
691 2170 966 2225 videamus
1007 2169 1274 2239 quomodo
1303 2167 1467 2222 David
1503 2167 1569 2221 de
1605 2167 1723 2221 loco
1765 2167 1819 2220 in

231 2266 409 2319 locum
442 2265 725 2327 transiens,
758 2272 815 2318 et
840 2264 990 2333 quasi
1016 2264 1275 2317 erraticas
1301 2278 1520 2332 vagans,
1551 2279 1707 2315 manu
1734 2278 1823 2315 su-

232 2374 400 2427 perna
426 2357 657 2411 munitus
682 2355 875 2411 fuerit:
904 2356 1030 2411 Sail]
1052 2364 1228 2410 autem
1252 2371 1372 2410 cum
1396 2364 1538 2409 esset
1565 2357 1613 2409 in
1636 2356 1823 2411 mediis

229 2448 557 2512 civitatibus,
590 2457 644 2500 et
673 2457 874 2501 tantum
914 2462 1095 2501 secum
1126 2446 1346 2502 duceret
1374 2448 1664 2501 exercitum
1688 2487 1704 2512 ,
1735 2462 1824 2500 sa-

231 2541 432 2595 tellites
463 2541 667 2594 habens
697 2551 750 2595 et
779 2541 1097 2610 armigeros,
1130 2540 1366 2610 quotidie
1388 2540 1605 2594 timebat
1632 2551 1685 2593 et
1714 2550 1818 2596 tre-

234 2633 418 2685 mehat
470 2631 807 2686 inimicorum
859 2632 1077 2686 insidias
1128 2632 1206 2703 (l.
1272 2632 1399 2703 Reg.
1456 2634 1569 2703 I7).
1622 2635 1687 2687 Et
1736 2634 1827 2688 ille

233 2724 474 2792 quidem,
513 2723 604 2793 qui
634 2724 781 2777 solus
806 2733 942 2787 erat,
975 2724 1283 2794 nullumque
1313 2725 1471 2778 alium
1505 2740 1685 2778 secum
1728 2726 1826 2777 ha-

238 2817 419 2881 bebat,
451 2831 556 2870 non
584 2816 848 2886 indigebat
875 2816 1108 2869 luunano
1140 2817 1387 2887 pra'sidio
1412 2834 1424 2869 :
1457 2819 1540 2871 hic
1564 2835 1690 2873 vero
1716 2820 1831 2873 dia-

237 2908 453 2963 demate
474 2908 773 2971 redimitus,
794 2919 844 2962 et
864 2924 1096 2978 purpura
1121 2910 1355 2976 indutus,
1376 2909 1516 2965 illius
1534 2912 1730 2964 auxilio
1748 2912 1829 2965 in-

236 3001 472 3069 digebat,
494 3010 547 3055 et
569 3002 680 3071 regi
706 3017 840 3070 Opus
862 3015 981 3057 erat
995 3005 1222 3072 pastoris
1244 3019 1426 3073 opera,
1450 3014 1504 3060 et
1528 3006 1827 3061 diademate

240 3091 492 3145 redimite
518 3093 709 3160 privati
737 3093 833 3146 viri
876 3093 1243 3161 adjumentum
1287 3099 1643 3150 necessarium
1691 3109 1824 3152 erat.

316 3185 368 3238 5.
403 3182 551 3237 Nihil
572 3188 822 3252 potentius
851 3204 908 3241 eo
933 3188 1018 3257 qui
1044 3186 1140 3240 Dei
1165 3188 1359 3242 auxilio
1390 3192 1612 3245 munitus
1641 3201 1731 3245 est.
1758 3223 1831 3233 â€”

235 3274 346 3329 Sed
372 3276 416 3328 si
448 3276 605 3330 vultis
629 3316 645 3339 ,
686 3277 962 3347 aliquanto
1007 3280 1255 3349 superius
1284 3282 1478 3336 seriem
1522 3283 1680 3353 hujus
1718 3300 1831 3339 ser-

237 3369 419 3420 monis
443 3377 705 3436 petamus,
738 3381 793 3421 ut
819 3369 963 3422 omni
990 3369 1091 3424 hac
1117 3370 1337 3426 historia
1365 3373 1416 3427 in
1440 3374 1670 3428 medium
1704 3392 1831 3445 pro-

236 3457 423 3519 ducta,
451 3458 719 3512 discamus
736 3460 865 3513 nihil
891 3459 1081 3516 fortius
1101 3478 1220 3517 esse
1243 3464 1358 3517 viro
1378 3466 1581 3519 munito
1602 3482 1832 3537 superna

238 3550 449 3617 gratia,
495 3558 550 3603 et
593 3550 726 3604 nihil
776 3550 1037 3609 infirmius
1083 3569 1147 3608 eo
1189 3556 1278 3625 qui
1331 3556 1430 3612 hac
1460 3560 1701 3626 privatus
1727 3569 1830 3627 est,

241 3642 454 3694 etiamsi
510 3643 803 3697 innumeris
850 3646 1212 3701 circumdetur
1257 3651 1601 3704 exercitibus.
1669 3650 1834 3722 Igitur

244 3734 413 3788 David
440 3735 527 3790 ille
550 3751 670 3789 cum
701 3736 874 3792 adhuc
897 3738 1211 3793 adolescens
1241 3741 1311 3794 ob
1334 3741 1674 3796 immaturam
1702 3752 1834 3798 arta-

244 3835 355 3879 tem
383 3826 432 3879 in
458 3837 674 3895 paterna
700 3828 859 3883 domo
884 3839 1206 3891 versaretur,
1231 3834 1481 3900 quoniam
1505 3843 1712 3902 tempus
1734 3835 1834 3888 alio

243 3919 464 3986 quando
500 3920 817 3987 exposcebat
852 3928 908 3973 ut
937 3922 1134 3975 clarior
1174 3922 1286 3991 ejus
1314 3922 1465 3977 ï¬eret
1492 3924 1693 3988 virtus,
1735 3924 1834 3979 ad-

246 4015 483 4066 monitus
510 4027 539 4064 a
567 4022 715 4080 patre
746 4022 801 4065 ut
827 4013 1014 4067 fratres
1045 4030 1169 4067 suos
1192 4017 1469 4081 inviseret,
1502 4016 1838 4085 obtempera-

247 4105 345 4169 vit,
376 4113 430 4157 et
458 4104 652 4156 missus
672 4113 754 4157 est
781 4104 845 4158 ad
873 4120 985 4159 eos.
1016 4105 1182 4159 Porro
1210 4122 1333 4160 eum
1359 4107 1425 4161 ad
1454 4107 1575 4161 illos
1600 4107 1839 4162 venisset

248 4197 511 4250 invisendi
556 4197 755 4266 gratia,
799 4197 885 4252 ubi
918 4198 1050 4252 vidit
1091 4201 1402 4253 instructam
1445 4200 1615 4255 aciem
1642 4210 1826 4256 contra

248 4286 603 4357 alienigenam
633 4286 872 4352 Goliath,
917 4297 971 4342 et
997 4305 1208 4344 omnem
1250 4292 1501 4360 populum
1528 4292 1677 4360 juxta
1705 4293 1840 4347 Sau-

250 4379 358 4431 lem
390 4376 672 4432 formidine
698 4379 1019 4447 perculsmn,
1052 4396 1337 4450 regemque
1362 4383 1532 4450 ipsum
1557 4383 1608 4435 in
1632 4400 1841 4438 summo

251 4471 599 4524 constitutum
626 4471 862 4539 periculo
883 4513 898 4537 ,
942 4479 1068 4525 tunc
1097 4482 1367 4540 spectator
1408 4473 1576 4528 voluit
1605 4490 1757 4540 esse,
1786 4485 1840 4530 et

253 4561 389 4614 abiit
416 4571 469 4613 ut
498 4561 702 4616 videret
732 4577 923 4615 novum
952 4571 1006 4615 et
1045 4579 1224 4617 rarum
1252 4565 1615 4633 Spectaculum
1636 4607 1652 4632 ,
1700 4566 1841 4636 quod

256 4671 398 4707 unus
435 4654 594 4708 homo
640 4654 897 4709 adversus
938 4664 1017 4709 tot
1050 4658 1211 4710 millia
1255 4672 1313 4711 se
1343 4659 1594 4727 erigeret.
1649 4658 1842 4714 Verum

258 4747 453 4801 fratres
478 4747 593 4815 ejus
635 4762 737 4800 non
770 4746 1001 4801 ferentes
1031 4758 1136 4801 tam
1168 4750 1307 4803 altos
1333 4749 1661 4805 fortitudinis
1688 4752 1844 4821 spiri-

257 4834 346 4891 tus
368 4879 382 4901 ,
415 4838 679 4905 provocati
712 4849 833 4893 sunt
872 4840 923 4893 in
954 4839 1205 4895 invidiam
1226 4883 1239 4907 ,
1282 4849 1337 4895 et
1360 4842 1543 4896 dicunt
1571 4843 1637 4897 ad
1673 4859 1793 4898 eum
1828 4860 1842 4899 :

258 4928 383 4983 Non
404 4930 506 4983 alia
523 4932 584 4983 de
599 4947 750 4984 causa
770 4932 962 4997 venisti,
987 4948 1135 5000 quam
1152 4942 1204 4985 ut
1222 4933 1405 4987 bellum
1418 4936 1605 4990 videres
1619 4938 1666 5005 (i
1682 4977 1695 4991 .
1716 4936 1844 5009 Reg.

259 5023 350 5076 17.
378 5021 512 5091 28)?
558 5022 672 5076 Non
702 5024 843 5076 enim
876 5023 1066 5077 venisti
1090 5025 1257 5078 nostri
1284 5041 1465 5091 causa,
1497 5038 1555 5081 ut
1586 5044 1681 5082 nos
1712 5030 1844 5084 invi-

258 5129 429 5168 seres.
480 5115 548 5167 At
576 5124 632 5167 Î¹Î¹Î¹
662 5114 780 5168 vide
811 5114 968 5185 hujus
1008 5114 1340 5185 prudentiam
1379 5127 1433 5173 et
1480 5122 1848 5176 mansuetudi-

260 5221 406 5259 nem.
435 5204 576 5259 Nihil
610 5206 947 5260 temerariutn
965 5247 981 5272 ,
1014 5222 1187 5277 neque
1206 5223 1453 5279 asperum
1477 5212 1555 5265 eis
1582 5212 1846 5282 loquitur:

260 5295 360 5351 sed
387 5297 685 5365 reprimens
724 5313 909 5352 eorum
951 5297 1253 5365 ï¬‚ammam,
1287 5310 1341 5355 et
1364 5301 1674 5357 demulceus
1710 5304 1850 5357 invi-

258 5390 443 5453 diam,
498 5390 709 5458 inquit:
743 5389 1007 5461 Numquid
1048 5391 1250 5445 verbum
1298 5402 1370 5447 est
1416 5393 1575 5463 (Ibid.
1629 5412 1675 5449 Ï….
1718 5395 1850 5466 29)?

260 5480 558 5550 Numquid,
604 5484 793 5548 inquit,
840 5484 1048 5538 vidistis
1080 5500 1166 5541 me
1194 5500 1338 5540 arma
1370 5487 1647 5556 arripere?
1691 5507 1848 5547 num-

263 5571 390 5639 quid
420 5571 627 5627 vidistis
660 5588 744 5627 me
770 5573 1003 5628 ordinari
1035 5590 1155 5630 cum
1185 5578 1395 5630 exteris
1428 5577 1478 5630 in
1510 5579 1669 5632 acie?
1710 5580 1849 5633 Tan-

265 5673 379 5716 tmn
409 5664 590 5717 videre
624 5665 805 5729 volui,
858 5676 914 5719 et
960 5667 1291 5738 interrogare
1319 5669 1457 5724 unde
1488 5670 1611 5726 huic
1645 5681 1848 5727 tantum

265 5756 511 5810 insaniae.
561 5755 686 5823 Quis
720 5759 853 5811 enim
885 5768 957 5811 est
983 5748 1267 5831 alienigena
1301 5763 1423 5827 iste,
1469 5764 1556 5832 qui
1581 5766 1850 5835 exprobrat

267 5849 543 5901 exercitum
569 5848 663 5903 Dei
692 5851 896 5903 viventis
927 5850 1086 5921 (Ibid.
1117 5869 1166 5906 Ï….
1192 5854 1327 5925 26)?
1374 5856 1565 5912 Postea
1596 5874 1717 5913 cum
1758 5876 1852 5915 au-

268 5941 411 5995 diret
455 5939 600 5995 illius
645 5942 999 6014 blasphemias
1024 5957 1076 6000 et
1114 5950 1508 6020 arrogantiam,
1549 5960 1602 6007 et
1644 5952 1849 6010 videret

1219 494 1285 551 IN
1322 494 1475 551 CAP.
1520 490 1657 547 XXI.
1690 483 1934 543 CENES.
1982 482 2208 539 IIOMIL.
2254 484 2436 539 XLVI.

3396 492 3501 549 4'26

1923 600 2331 670 trepidationem
2371 619 2555 657 eorum
2594 605 2685 674 qui
2728 621 2848 661 cum
2880 607 3005 663 Saitl
3047 621 3232 678 erant,
3284 613 3499 683 inquit:

1920 693 2056 759 Quid
2083 695 2185 748 erit
2216 696 2330 749 viro
2353 737 2367 761 ,
2415 697 2505 766 qui
2554 698 2694 752 illius
2732 714 2888 768 caput
2917 705 3249 757 exsecuerit?
3302 706 3365 758 lit
3393 722 3505 760 ma-

1919 800 2080 855 gnum
2108 786 2270 841 animi
2302 788 2463 843 robur
2506 788 2587 843 his
2626 791 2802 845 verbis
2840 793 3193 860 ostendi-bat,
3240 812 3426 851 manes
3453 799 3505 852 in

1920 881 2322 935 admirationem
2351 882 2640 936 adducens.
2688 883 2811 939 H;ec
2841 895 2893 938 ut
2925 888 3175 955 cognovit
3205 888 3353 955 Saï¬l,
3386 891 3507 945 mit-

1926 972 1982 1022 tit
2010 971 2074 1023 ad
2100 971 2350 1039 juvenem
2375 1014 2389 1037 ,
2421 974 2510 1041 qui
2541 983 2734 1043 praeter
2756 979 2978 1044 pastorit
2998 994 3081 1030 am
3110 986 3277 1033 artem
3305 981 3509 1036 sciebat

1924 1061 2056 1115 nihil
2088 1080 2102 1115 :
2126 1073 2177 1116 et
2205 1074 2261 1116 ut
2282 1063 2410 1118 vidit
2434 1066 2549 1132 ejus
2574 1073 2806 1131 artatem,
2836 1068 3110 1135 vilipendit
3138 1085 3278 1122 Clllll.
3306 1071 3508 1127 Deinde

1922 1169 2041 1205 cum
2070 1154 2339 1209 didicisset
2358 1171 2427 1210 ex
2453 1171 2518 1211 eo
2538 1196 2555 1223 ,
2585 1157 2853 1226 quomodo
2882 1176 3000 1213 eutn
3028 1164 3169 1217 ursis
3195 1164 3394 1232 egisset
3420 1166 3506 1232 qui

1922 1261 2112 1316 greges
2139 1264 2265 1302 suos
2290 1248 2595 1304 invaserant
2619 1267 2631 1303 :
2659 1264 2875 1306 coactus
2896 1254 3035 1307 enim
3065 1256 3159 1308 fuit
3180 1257 3508 1310 admirabilis

1926 1339 2014 1393 ille
2046 1339 2129 1392 vir
2160 1339 2275 1393 hate
2302 1355 2552 1407 narrare,
2585 1342 2773 1397 nolens
2796 1342 2916 1397 hinc
2948 1360 3133 1397 vanam
3164 1347 3386 1414 gloriam
3416 1364 3510 1398 au-

1925 1430 2109 1497 cupari
2135 1469 2151 1495 ,
2189 1430 2283 1484 sed
2323 1433 2374 1485 in
2413 1434 2731 1488 necessitate
2754 1435 3092 1496 constitutus,
3122 1448 3175 1491 et
3201 1447 3255 1490 ut
3286 1438 3357 1491 illi
3392 1441 3507 1491 ani-

1926 1536 2070 1573 mum
2099 1521 2339 1587 adderet,
2372 1530 2425 1576 et
2456 1539 2521 1577 ne
2549 1533 2813 1593 spectaret
2837 1526 2902 1579 ad
2926 1526 3182 1581 vilitatem
3210 1527 3324 1597 ejus
3353 1546 3511 1597 quem

1926 1613 2157 1676 videbat,
2190 1614 2284 1667 sed
2306 1614 2371 1668 ad
2401 1616 2559 1670 Iidem
2583 1632 2700 1686 quae
2726 1617 3047 1672 intrinsecus
3072 1620 3288 1684 latebat,
3319 1638 3509 1690 super-

1926 1720 2158 1774 numque
2185 1707 2438 1760 auxilium
2466 1722 2571 1776 quo
2597 1707 2907 1763 adolescens
2940 1710 3157 1764 inermis
3185 1712 3310 1765 viris
3335 1728 3511 1766 arma-

1927 1797 1994 1850 tis
2022 1808 2075 1851 et
2104 1809 2285 1867 pastor
2312 1800 2568 1854 militibus
2591 1800 2777 1854 fortior
2803 1810 2918 1855 erat
2947 1820 2961 1855 :
2990 1818 3116 1872 ergo
3144 1805 3229 1858 ubi
3261 1820 3352 1859 rex
3381 1805 3510 1859 vidit

1925 1890 2085 1943 animi
2131 1890 2245 1959 ejus
2290 1889 2566 1955 fiduciam,
2609 1892 2717 1945 suis
2745 1892 2892 1946 illum
2924 1895 3088 1948 armis
3118 1894 3338 1950 induere
3365 1897 3513 1950 vole-

1927 1980 2054 2047 bat;
2097 1983 2311 2037 indutus
2336 1996 2514 2038 autem
2546 2000 2607 2037 ea
2641 1983 2778 2040 ferre
2806 2002 2913 2039 non
2946 1989 3131 2056 potuit.
3182 1989 3292 2043 lloc
3335 2001 3513 2045 auten:

1928 2074 2123 2129 factum
2166 2085 2285 2141 est,
2320 2087 2375 2129 ut
2404 2077 2571 2131 virtus
2598 2076 2714 2141 Dei,
2743 2092 2861 2148 qua:
2898 2094 2992 2148 per
3022 2095 3141 2133 eum
3172 2081 3513 2150 Operabatur,

1929 2169 2205 2223 manifesta
2252 2178 2677 2236 monstraretur,
2728 2180 2782 2224 et
2827 2186 2930 2225 nou
2974 2172 3139 2225 armis
3163 2187 3280 2241 qua:
3322 2172 3518 2227 fiebant

1928 2261 2377 2316 adscriberentur.
2430 2260 2562 2315 Nam
2591 2262 2841 2331 quoniam
2890 2262 3104 2317 indutus
3130 2264 3237 2318 illis
3257 2266 3520 2334 gravaba.

1931 2362 2038 2415 tur,
2072 2362 2128 2405 et
2156 2353 2333 2406 minus
2370 2353 2649 2423 expeditus
2684 2361 2832 2417 erat,
2862 2354 3108 2423 deposuit
3134 2370 3278 2409 arma
3300 2397 3315 2423 ,
3346 2368 3399 2410 et
3425 2372 3519 2412 ac-

1930 2456 2082 2514 cepta
2106 2460 2229 2515 pera
2248 2448 2499 2515 pastorali
2526 2457 2579 2501 et
2606 2448 2863 2513 silicibus,
2888 2459 3069 2503 contra
3102 2464 3351 2504 carneam
3376 2450 3515 2503 illam

1935 2537 2120 2590 turrim
2151 2552 2398 2607 egressus
2424 2546 2526 2592 est.
2561 2536 2665 2592 Sed
2699 2538 2820 2593 vide
2850 2539 3042 2592 iterum
3068 2540 3416 2609 alienigenam
3447 2540 3512 2593 ad

1933 2630 2187 2682 vilitatem
2218 2629 2391 2683 aetatis
2415 2638 2744 2698 spectantem
2770 2671 2783 2693 ,
2810 2639 2863 2685 et
2889 2632 2958 2685 ob
2984 2631 3085 2685 hoc
3112 2631 3519 2699 vilipendentem

1930 2720 2134 2789 justum
2158 2720 2327 2786 illum,
2355 2730 2409 2775 et
2434 2722 2584 2792 quasi
2611 2735 2795 2777 contra
2814 2738 3033 2791 puerum
3064 2722 3315 2777 humilem
3341 2724 3519 2778 verbis

1938 2814 2319 2882 insurgentem.
2349 2811 2480 2866 Nam
2511 2823 2787 2883 postquam
2818 2813 2948 2866 vidit
2975 2828 3095 2867 eum
3127 2830 3249 2866 eum
3274 2815 3524 2881 pastorali

1940 2919 2063 2974 pera
2094 2913 2279 2959 contra
2308 2920 2366 2959 se
2392 2905 2803 2960 contendentem
2829 2946 2845 2971 ,
2892 2916 2945 2961 et
2971 2905 3173 2974 lapides
3200 2906 3366 2959 solem
3393 2905 3525 2961 affe-

1940 3005 2170 3061 rentem,
2202 2997 2253 3051 in
2292 2997 2433 3052 hunc
2461 2996 2629 3051 ferme
2670 2997 2885 3052 modum
2917 3014 3037 3052 eum
3067 2998 3372 3065 alloquutus
3397 3010 3476 3053 est
3510 3017 3521 3051 :

1941 3088 2139 3143 Putasti
2170 3097 2221 3143 te
2262 3088 2435 3143 adhuc
2464 3089 2605 3158 apud
2640 3106 2769 3143 oves
2794 3104 2913 3144 esse
2938 3130 2952 3155 ,
2999 3100 3054 3144 et
3080 3106 3240 3143 canes
3271 3091 3527 3160 quosdam

1943 3182 2226 3252 persequi?
2268 3189 2322 3237 et
2362 3182 2432 3235 ita
2458 3182 2741 3236 adversum
2769 3198 2889 3249 me,
2936 3182 3086 3252 quasi
3127 3192 3310 3236 contra
3337 3198 3526 3236 canem

1943 3275 2312 3331 instrumentis
2340 3274 2442 3329 illis
2472 3276 2783 3341 instruetus,
2817 3276 2868 3329 in
2901 3290 3129 3345 pugnam
3154 3276 3388 3329 venisti?
3419 3284 3529 3331 sta-

1946 3367 2039 3420 tim
2070 3368 2397 3437 experientia
2426 3368 2601 3421 disces
2628 3381 2733 3421 non
2785 3367 2876 3420 tibi
2909 3383 3028 3420 cum
3074 3366 3291 3421 homine
3326 3368 3530 3437 vulgari

1945 3460 2145 3516 bellum
2172 3474 2311 3515 esse.
2366 3460 2435 3514 Et
2462 3474 2589 3515 usus
2609 3474 2800 3530 magno
2828 3460 3113 3514 verborum
3144 3461 3312 3524 fastu,
3343 3476 3534 3530 prope-

1948 3553 2120 3615 rabat,
2144 3562 2575 3621 armaturamque
2596 3567 2744 3605 suam
2764 3567 2980 3605 omnem
3010 3552 3277 3616 movebat,
3302 3567 3365 3606 ac
3388 3568 3534 3608 arma

1947 3646 2246 3700 esserebat.
2300 3645 2365 3698 Et
2408 3645 2520 3714 ipse
2558 3645 2772 3714 quidem
2807 3660 3076 3697 armorum
3109 3645 3300 3699 virtute
3340 3645 3532 3710 fidens,

1948 3753 2175 3806 pugnam
2218 3736 2370 3790 inivit
2400 3754 2413 3789 :
2450 3736 2612 3789 David
2639 3746 2816 3789 autem
2849 3735 2952 3789 fide
2972 3777 2985 3797 ,
3027 3750 3366 3805 supernoque
3394 3752 3534 3805 prie-

1946 3828 2082 3881 sidio
2126 3828 2381 3881 munitus.
2434 3826 2498 3879 Et
2526 3826 2671 3895 prius
2708 3825 2882 3879 verbis
2906 3826 3219 3895 alienigena:
3249 3827 3533 3881 elationem

1947 3930 2003 3976 et
2030 3921 2371 3991 supercilium
2398 3920 2706 3984 deeutiens,
2738 3929 2795 3973 ut
2821 3918 2953 3973 dixit
2982 3918 3050 3973 ad
3081 3935 3202 3973 eum
3236 3936 3250 3972 :
3279 3919 3357 3972 Tu
3386 3921 3535 3973 venis

1946 4014 2012 4068 ad
2052 4029 2137 4069 nte
2163 4013 2213 4067 in
2242 4012 2404 4067 armis
2432 4021 2485 4066 et
2523 4013 2728 4074 lancea,
2775 4020 2829 4066 et
2858 4023 2942 4065 tua
2973 4012 3164 4066 virtute
3191 4012 3450 4066 victurum
3482 4021 3533 4070 te

1948 4115 2121 4177 putas,
2158 4121 2257 4176 ego
2283 4114 2459 4160 autem
2487 4106 2538 4159 in
2573 4105 2786 4158 nomine
2810 4104 3018 4158 Domini
3052 4104 3178 4159 Dei:
3206 4114 3261 4158 ut
3285 4106 3415 4169 hzec,
3450 4105 3532 4158 in-

1946 4214 2104 4268 quam
2129 4240 2143 4263 ,
2173 4198 2338 4263 dixit,
2370 4207 2583 4266 sumpto
2606 4212 2669 4249 ex
2710 4212 2833 4264 pera
2875 4196 3128 4265 pastorali
3164 4196 3311 4251 silice
3335 4237 3350 4262 ,
3379 4196 3538 4266 quasi

1950 4308 2134 4347 revera
2178 4307 2366 4345 canem
2410 4292 2639 4360 aliquem
2684 4305 2897 4359 gregem
2946 4288 3280 4343 iuvadentem
3324 4289 3539 4343 abactu-

1950 4402 2040 4441 rus
2064 4428 2078 4451 ,
2112 4386 2269 4440 funda
2297 4385 2560 4455 jaculatus
2587 4394 2699 4447 est,
2727 4384 3014 4455 statimque
3038 4383 3088 4436 in
3120 4382 3292 4437 fronte
3325 4399 3539 4451 percus~

1953 4494 2069 4533 sum
2105 4477 2455 4547 alienigenam
2481 4475 2675 4545 dejecit
2705 4492 2719 4529 :
2750 4484 2803 4529 et
2834 4474 3144 4528 festinanter
3169 4473 3362 4529 educto
3391 4474 3528 4526 illius

1951 4569 2127 4640 gladio
2147 4580 2306 4638 caput
2334 4568 2451 4637 ejus
2476 4566 2802 4636 amputavit,
2830 4575 2883 4619 et
2911 4566 3019 4634 regi
3045 4566 3237 4629 attulit,
3273 4564 3539 4634 finemque

1954 4660 2095 4715 bello
2125 4659 2396 4731 imposuit.
2444 4660 2617 4728 Atque
2647 4658 2785 4711 illius
2814 4674 2973 4725 opera
2999 4668 3053 4710 et
3080 4673 3174 4711 rex
3205 4657 3428 4710 salutem
3462 4658 3534 4709 in-

1953 4752 2135 4813 venit,
2169 4761 2223 4805 et
2252 4750 2427 4805 omnis
2468 4749 2609 4804 illius
2647 4748 2911 4803 exercitus
2950 4748 3254 4816 respiravit.
3306 4748 3538 4802 Vidisses

1959 4853 2083 4899 tunc
2136 4842 2433 4912 inopinatas
2487 4840 2934 4909 admirabilesque
2985 4855 3108 4904 res,
3165 4850 3425 4893 armatmn
3476 4841 3542 4893 ab

1958 4939 2146 4993 inermi
2173 4938 2456 5008 dejeetnm,
2486 4937 2669 5004 reique
2700 4935 2946 4988 militaris
2976 4936 3201 5003 peritum
3227 4935 3294 4987 ab
3322 4949 3388 4988 eo
3417 4950 3536 5002 pro-

1956 5044 2177 5086 stratum
2204 5072 2219 5097 ,
2266 5030 2353 5100 qui
2382 5036 2577 5099 printer
2606 5027 2923 5097 pastoralem
2955 5036 3121 5081 artem
3166 5025 3296 5080 nihil
3321 5028 3541 5081 sciebat.

1957 5126 2166 5194 Quare.
2212 5134 2265 5177 et
2294 5124 2363 5177 ob
2399 5138 2558 5193 quam
2598 5119 2858 5177 causam?
2904 5120 3035 5186 Quia
3076 5119 3163 5174 hic
3201 5119 3416 5190 quidem
3444 5120 3541 5173 ha-

1962 5219 2075 5271 buit
2111 5232 2395 5286 supernam
2443 5216 2666 5285 gratiam
2711 5231 2771 5269 se
2812 5214 3195 5283 adjuvantem:
3236 5214 3323 5268 ille
3366 5223 3541 5267 autem

1958 5324 2017 5361 ea
2041 5322 2248 5372 carens,
2278 5307 2328 5360 in
2353 5306 2508 5375 hujus
2534 5322 2721 5359 manus
2751 5306 2912 5359 venit.
2942 5304 3057 5359 Iam
3084 5305 3205 5359 vide
3234 5305 3317 5358 hic
3340 5346 3355 5368 ,
3382 5321 3541 5374 quam

1959 5399 2183 5453 absurda
2207 5409 2457 5467 operatus
2485 5402 2553 5452 sit
2581 5397 2793 5452 invidiae
2822 5397 3059 5452 morbus.
3089 5397 3373 5465 Postquam
3400 5397 3540 5450 enim

1961 5506 2058 5544 rex
2088 5489 2219 5543 vidit
2254 5490 2455 5557 justutn
2502 5488 2641 5542 hunc
2671 5497 2811 5541 tanta
2849 5486 3015 5557 gloria
3055 5486 3335 5547 celebrari,
3370 5497 3421 5541 et
3453 5490 3545 5541 tri-

1962 5583 2241 5652 pudiantes
2265 5582 2495 5636 clamare
2528 5598 2542 5635 :
2588 5579 2711 5633 Vicit
2740 5580 2871 5634 Î´Î±á¿¦á½·
2904 5579 2955 5631 in
2987 5578 3226 5643 millibus,
3258 5577 3421 5631 David
3447 5598 3541 5631 au-

1964 5685 2063 5727 tem
2102 5674 2155 5726 in
2198 5672 2369 5725 decem
2414 5670 2635 5723 millibus
2683 5669 2758 5742 (á½·.
2801 5670 2931 5737 Reg.
2972 5669 3060 5724 18.
3090 5668 3187 5739 7):
3220 5684 3325 5722 non
3371 5670 3547 5724 ferens

1961 5780 2113 5835 a'quo
2141 5764 2320 5819 animo
2347 5779 2463 5831 (Î¼Î¹á¿‘á½²
2493 5763 2558 5816 de
2597 5761 2697 5815 hoc
2720 5760 3030 5816 dicebantur
3054 5758 3317 5833 (quamvis
3356 5777 3544 5817 secun-

1961 5858 2086 5911 dum
2121 5858 2379 5911 rationem
2417 5854 2613 5925 justam
2644 5854 2692 5907 ei
2730 5853 2899 5923 magis
2928 5853 3221 5909 tribuerant
3250 5870 3406 5925 quam
3438 5854 3542 5907 Da-

1967 5954 2115 6018 vid),
2150 5952 2315 6005 vietus
2342 5948 2537 6003 invidia
2566 5946 2890 6003 benefactori
2936 5949 3133 6003 malum
3176 5946 3448 6018 rependit;
3494 5956 3547 6000 et
