4084 6356
545 460 646 513 ηπ

540 587 698 643 quem
726 569 1003 640 oportebat
1033 575 1090 622 ut
1123 563 1441 622 salvatorem
1469 574 1524 620 et
1543 563 1938 620 benefactorem
1965 576 2128 632 agno-

539 681 710 728 scere,
729 670 848 718 euiti
864 661 1160 716 interficere
1172 660 1462 730 qumrebat.
1485 656 1808 728 Dingentem
1832 657 2088 710 insaniam
2111 657 2126 711 Ξ

538 777 570 810 o
598 757 830 828 Stuporis
873 753 1324 826 magnitudinem!
1379 752 1508 806 Eum
1553 751 1642 822 qui
1677 750 1837 803 vitam
1880 748 1980 804 sibi
2016 765 2130 803 ser-

456 871 461 877 ·
542 862 691 905 varat
713 891 727 914 ,
755 860 809 904 et
833 863 1046 902 otiiuem
1081 859 1238 901 suum
1271 844 1561 899 exercitum
1587 843 1654 897 ab
1681 843 1992 912 alienigenae
2017 840 2127 896 Go-

541 943 673 995 liath
696 940 874 994 furore
903 940 1240 1001 liberaverat,
1269 946 1326 991 ut
1351 936 1556 990 hostem
1580 945 1883 1004 suspectum
1917 933 2121 1001 habuit,

543 1044 595 1088 et
643 1035 925 1086 immemor
973 1027 1259 1093 bcnelieii,
1309 1028 1378 1082 ab
1426 1027 1706 1082 allectione
1763 1025 2125 1078 vincebatur:

539 1125 632 1180 sed
668 1135 848 1179 mente
893 1138 990 1178 sua
1020 1121 1400 1177 obtenebratus
1427 1121 1494 1173 ab
1535 1120 1732 1173 invidia
1754 1159 1768 1185 ,
1804 1117 2020 1186 perinde
2045 1128 2128 1171 at-

539 1230 644 1283 que
685 1216 752 1268 ah
781 1213 1040 1269 ebrietate
1066 1211 1292 1282 quadam
1317 1252 1335 1278 ,
1382 1211 1773 1267 benefactorum
1821 1219 1879 1264 ut
1920 1209 2129 1263 hostem

539 1307 838 1375 Spectabat.

614 1400 666 1451 4.
697 1396 911 1450 Invidiae
939 1395 1142 1449 morbus
1157 1393 1472 1449 describitur.
1515 1391 1726 1447 Moralis
1764 1395 2042 1447 exhortatio
2062 1394 2132 1447 ad

548 1487 843 1560 fugiendum
877 1487 1141 1541 invidiam.
1185 1485 1400 1540 Daemon
1431 1487 1621 1538 homini
1659 1486 1929 1555 subjectus.
1956 1513 2027 1525 --
2055 1485 2128 1540 Ita

540 1581 684 1634 enim
724 1595 783 1633 se
820 1579 1015 1633 habere
1056 1578 1192 1632 solet
1235 1577 1389 1646 hujus
1420 1576 1716 1630 atfeciionis
1744 1577 1942 1629 malitia
1975 1594 1986 1628 ε
2019 1577 2126 1645 pri-

545 1687 690 1725 mum
712 1673 1005 1744 corrumpit
1023 1689 1144 1728 eum
1170 1687 1200 1725 a
1227 1687 1331 1740 quo
1354 1679 1654 1740 generatur.
1687 1670 1746 1723 Et
1777 1671 2127 1738 quemadmo-

541 1763 666 1818 dum
711 1764 906 1820 vermis
951 1765 1101 1834 quia
1143 1765 1285 1834 ligno
1325 1763 1670 1833 producitur,
1714 1762 1912 1832 lignum
1959 1763 2130 1830 primo

541 1856 806 1908 consumit
845 1871 860 1911 :
905 1855 972 1909 ita
1014 1867 1068 1910 et
1114 1853 1309 1908 invidia
1357 1854 1499 1907 illam
1542 1853 1710 1921 primo
1750 1853 1982 1905 animam
2009 1867 2130 1906 cor-

542 1946 739 2016 rumpit
763 1963 790 2000 a
818 1962 920 2016 qua
959 1955 1080 2000 nata
1119 1955 1236 2010 est,
1283 1955 1337 1999 et
1361 1945 1408 2000 ei
1435 1945 1516 1998 cui
1555 1944 1823 1998 invidetur
1851 1945 2003 2012 plane
2041 1944 2128 1997 di-

540 2053 691 2092 vcrsa
720 2055 875 2108 quam
893 2039 1006 2092 vult
1025 2037 1199 2092 all'ert.
1225 2037 1300 2091 Ne
1323 2037 1482 2107 igitur
1503 2037 1706 2104 reSpicc
1727 2038 1791 2088 ad
1815 2037 2128 2105 principium

541 2148 724 2186 eorum
775 2132 967 2202 quibus
1010 2131 1308 2194 invidetur,
1359 2129 1450 2184 sed
1495 2129 1561 2184 ad
1605 2129 1762 2184 linem
1795 2130 2034 2199 respice,
2076 2137 2128 2184 et

542 2224 778 2286 attende,
812 2224 932 2292 quia
963 2224 1162 2277 malitia
1184 2223 1530 2276 invidentium
1555 2263 1570 2288 ,
1598 2237 1691 2277 eos
1710 2222 1900 2292 quibus
1930 2223 2130 2278 invidet

541 2315 796 2368 clariores
835 2314 1014 2368 efticit.
1072 2313 1202 2367 Nam
1237 2313 1268 2366 ii
1310 2312 1503 2383 quibus
1550 2313 1816 2367 invidetur
1858 2313 2126 2368 subsidia-

544 2406 677 2457 rium
716 2405 912 2459 habent
954 2405 1045 2458 Dei
1077 2404 1328 2458 auxilium
1355 2445 1371 2469 ,
1412 2413 1467 2458 et
1500 2405 1668 2473 gratia
1714 2403 1958 2458 fruuntur
1991 2423 2005 2460 :
2037 2407 2127 2474 qui

542 2507 717 2551 autem
763 2497 996 2564 invidet,
1027 2498 1194 2568 gratia
1221 2498 1497 2566 spoliatur,
1541 2505 1596 2551 et
1627 2495 1781 2552 facile
1808 2499 2036 2552 vincitur
2058 2499 2127 2552 ab

540 2591 826 2643 omnibus:
857 2600 910 2644 et
935 2599 1090 2644 antea
1121 2605 1150 2644 a
1182 2591 1292 2644 suis
1317 2591 1626 2653 atfectibus,
1656 2607 1817 2660 quam
1849 2591 1916 2646 ab
1945 2602 2126 2646 exter-

540 2679 625 2733 nis
652 2679 893 2734 hostibus
936 2679 1247 2746 infestatus,
1297 2680 1447 2749 quasi
1475 2682 1807 2736 consumitur
1829 2723 1845 2749 ,
1879 2691 1936 2737 et
1975 2682 2127 2752 quasi

538 2771 760 2824 occultis
791 2770 1016 2824 maxillis
1043 2769 1328 2824 devoratur
1347 2813 1361 2833 ,
1397 2781 1452 2825 et
1477 2771 1787 2840 absumptus
1806 2813 1823 2838 ,
1861 2783 1917 2825 ut
1947 2775 2013 2826 ita
2042 2774 2125 2826 di-

537 2876 693 2925 cam,
741 2861 1119 2930 snlnnergitur.
1169 2861 1298 2927 Qua:
1339 2876 1459 2914 cum
1506 2861 1659 2916 nobis
1697 2873 1967 2931 comperta
1999 2865 2124 2926 sint,

537 2951 783 3015 obsecro,
813 2951 1073 3020 fugiamus
1101 2952 1270 3006 morbi
1301 2950 1458 3021 hujus
1479 2952 1753 3016 damnum,
1778 2964 1832 3008 et
1855 2955 1978 3008 totis
2003 2955 2131 3008 viri-

541 3042 640 3096 bus
666 3043 732 3096 ab
753 3042 1031 3097 animabus
1061 3043 1256 3096 nostris
1285 3043 1644 3098 eliminemus.
1672 3044 2125 3100 Pcruiciosissima

538 3135 681 3189 enim
707 3144 790 3188 est
821 3136 1058 3188 omnium
1088 3134 1428 3190 affectionum
1457 3175 1472 3198 ,
1528 3145 1874 3206 nostramque
1901 3138 2126 3192 salutem

537 3225 866 3294 corrumpit,
893 3233 1079 3293 utpote
1107 3226 1303 3280 diaboli
1334 3225 1624 3280 inventum.
1654 3227 1938 3296 Propterea
1966 3238 2019 3284 et
2039 3246 2126 3283 sa-

541 3318 692 3385 piens
729 3316 943 3385 quidam
987 3317 1196 3371 dicebat
1239 3334 1253 3372 :
1295 3315 1497 3370 Invidia
1543 3327 1710 3371 autem
1757 3320 1946 3373 diaboli
1993 3337 2128 3376 mors

542 3409 744 3462 intravit
782 3410 832 3461 in
872 3408 1114 3461 mundum
1156 3409 1311 3479 (Sap.
1337 3410 1390 3463 2.
1421 3411 1534 3475 24).
1583 3411 1718 3476 Quid
1760 3423 1877 3475 est,
1925 3411 2129 3467 Invidia

541 3501 731 3554 diaboli
754 3517 888 3554 mors
916 3501 1119 3554 intravit
1145 3502 1195 3554 in
1215 3501 1456 3554 mundum
1474 3503 1499 3555 ἱ)
1524 3502 1653 3556 Nam
1688 3515 1963 3573 postquam
1992 3508 2126 3560 mala

545 3593 658 3646 haec
685 3592 853 3646 bestia
890 3592 1114 3661 primum
1159 3592 1429 3646 hominem
1454 3594 1581 3646 vidit
1613 3595 1963 3649 immortalem
1990 3639 2003 3660 ,
2037 3614 2129 3665 per

543 3697 692 3736 suam
745 3683 1122 3749 malignitatem
1163 3683 1229 3737 ad
1271 3686 1744 3752 transgressionem
1777 3689 2006 3742 unmdati
2050 3691 2127 3742 in-

541 3777 726 3840 duxit,
761 3792 852 3845 per
881 3791 1039 3845 quam
1066 3774 1189 3830 fecit
1222 3784 1280 3830 ut
1309 3777 1466 3830 morti
1499 3776 1649 3831 fieret
1673 3779 1951 3834 obnoxius.
1987 3781 2127 3835 luvi-

540 3867 628 3921 dia
665 3866 822 3936 igitur
862 3867 1230 3934 dec:~ptionem
1272 3876 1489 3936 operata
1520 3877 1634 3934 est,
1665 3868 1909 3937 dcceptio
1941 3871 2126 3924 inobe-

540 3959 831 4020 dientiam,
891 3957 1247 4011 iuobedientia
1302 3967 1550 4011 mortem.
1611 3959 1899 4029 Propterea
1951 3961 2124 4017 dicit:

543 4051 745 4106 Invidia
765 4062 932 4104 autem
962 4051 1149 4103 diaboli
1171 4067 1303 4104 mors
1331 4052 1535 4104 intravit
1561 4051 1613 4105 in
1643 4055 1904 4108 mundum.
1938 4055 2125 4110 V'idissi

543 4155 797 4213 quantum
842 4143 1138 4198 alfcctionis
1180 4143 1339 4211 hujus
1387 4144 1675 4198 damnum?
1727 4145 2127 4201 immortalitate

545 4239 862 4291 honoratum
890 4237 1168 4289 mortalem
1199 4236 1338 4288 fecit.
1391 4234 1583 4288 Verum
1633 4235 1877 4290 inimicus
1914 4239 2126 4307 quidem

545 4339 740 4384 nostrae
778 4328 1000 4392 salutis,
1040 4343 1134 4382 sua
1182 4328 1406 4390 invidia,
1454 4338 1510 4380 nt
1559 4333 1759 4397 primus
1803 4331 1993 4394 homo,
2039 4333 2126 4401 qui

543 4420 858 4474 immortalis
886 4428 1032 4480 erat.
1081 4416 1146 4472 ai]
1187 4428 1412 4473 mortem
1439 4421 1884 4476 condemnari-tur
1907 4424 2083 4480 elTecit
2110 4443 2128 4483 :

544 4511 849 4566 misericors
885 4518 1062 4564 autem
1107 4510 1469 4580 sollicitusque
1517 4527 1614 4580 pro
1651 4513 1804 4567 nobis
1850 4515 2125 4582 Dominus,

544 4617 641 4670 per
672 4611 894 4655 mortem
921 4617 1068 4654 suam
1111 4601 1299 4654 iterum
1333 4602 1784 4659 immortalitatem
1826 4605 1985 4659 nobis
2023 4607 2128 4658 lar-

542 4692 682 4763 gitus
710 4701 810 4746 est.
843 4690 994 4747 Unde
1022 4701 1075 4746 et
1102 4692 1302 4759 majora
1326 4709 1483 4761 quam
1507 4695 1785 4751 amisimus
1807 4697 2126 4752 invenimus.

537 4784 797 4867 Paradiso
822 4785 978 4855 ejeeit
1006 4785 1092 4840 ille
1115 4826 1130 4850 ,
1160 4784 1246 4840 hic
1274 4785 1325 4839 iu
1351 4786 1539 4839 cadum
1572 4787 1775 4842 induxit
1805 4805 1818 4844 :
1844 4789 1933 4845 ille
1957 4802 2129 4847 tnorte

541 4879 887 4934 condemnari
929 4895 1026 4934 nos
1055 4881 1292 4945 curavit,
1349 4882 1432 4935 hic
1479 4882 1924 4937 immortalitatem
1975 4886 2130 4940 nobis

543 4971 764 5041 largitus
783 4980 865 5027 est
896 4988 910 5025 :
942 4972 1030 5025 ille
1057 4970 1286 5041 paradisi
1303 4972 1506 5028 deliciis
1529 4975 1777 5042 privavit,
1803 4975 1888 5030 hic
1906 4992 2126 5045 regnum

541 5063 796 5116 eielorum
844 5061 998 5116 nobis
1045 5063 1384 5132 pneparavit.
1419 5061 1606 5117 Vidisti
1637 5065 1888 5118 solertem
1920 5066 2128 5121 Domini

542 5156 615 5208 tui
667 5153 1028 5224 sapientiam?
1085 5163 1138 5208 et
1178 5155 1446 5224 quomodo
1490 5170 1551 5208 ea
1583 5171 1701 5225 qua:
1743 5172 1834 5224 per
1881 5158 2126 5213 invidiam

539 5248 732 5301 diaboli
762 5257 947 5303 contra
975 5249 1199 5302 salutem
1229 5257 1462 5300 nostrain
1512 5247 1646 5302 facta
1689 5258 1843 5314 sunt,
1895 5249 1945 5302 iu
1973 5263 2130 5318 caput

540 5342 681 5394 illius
707 5339 1012 5393 convertit?
1058 5339 1172 5394 Non
1199 5340 1340 5394 enim
1372 5341 1542 5393 solum
1591 5356 1686 5393 nos
1729 5341 2017 5409 majoribus
2043 5344 2126 5396 di-

533 5443 729 5502 gnatus
749 5443 850 5498 est,
892 5431 988 5487 sed
1021 5442 1074 5486 et
1102 5432 1245 5484 illum
1279 5433 1448 5499 ipsum
1483 5433 1636 5486 nobis
1667 5433 1893 5500 subjecit
1918 5435 2124 5500 dicens,

539 5526 668 5579 [fere
695 5525 813 5578 dedi
853 5526 990 5579 vobis
1025 5533 1316 5595 potestatem
1343 5523 1575 5576 calcandi
1601 5542 1752 5591 super
1787 5539 2038 5595 serpentes
2078 5538 2124 5581 et

533 5619 828 5673 scorviones
854 5616 1004 5684 (Luc.
1037 5616 1122 5672 10.
1157 5616 1269 5687 l9).
1300 5616 1525 5670 Proinde
1544 5615 1656 5669 haec
1682 5616 1859 5671 omnia
1887 5619 2124 5688 cogitan-

533 5717 614 5760 tes
643 5749 658 5770 ,
699 5717 752 5762 et
778 5707 1032 5763 invidiam
1069 5723 1134 5761 ex
1160 5707 1439 5761 animabus
1478 5708 1672 5760 nostris
1712 5707 2003 5778 cffugeinus
2024 5752 2038 5774 ,
2070 5720 2126 5765 et

532 5800 848 5854 Studeamus
877 5809 934 5852 ut
957 5798 1186 5852 divinam
1218 5797 1372 5851 nobis
1411 5797 1832 5852 benevolentiam
1869 5801 2121 5856 concilie-

536 5909 684 5951 mus.
718 5893 842 5948 lltec
860 5893 1001 5948 enim
1024 5901 1205 5945 nostra
1235 5899 1499 5946 armatura
1515 5891 1706 5960 solida,
1728 5902 1782 5949 et
1803 5893 2118 5966 inexpugna-

1253 451 1317 508 8.
1354 449 1634 510 JOANNIS
1668 445 2140 507 CHRYSOSTOMI
2180 447 2494 503 ARCHIEP.
2535 403 3069 510 CONSTANTINOP.

3711 463 3825 516 4‘38

2237 559 2396 628 bilis,
2443 562 2524 616 lia:
2563 575 2758 620 nostra:
2805 567 3052 623 maxima:
3098 569 3372 625 facultates
3411 587 3429 624 :
3462 587 3555 639 per
3595 572 3736 627 hanc
3775 585 3826 629 et

2235 649 2442 716 lsmael,
2468 657 2713 722 quamvis
2736 657 3047 714 adolescens
3071 701 3085 721 ,
3113 669 3169 716 et
3186 661 3240 714 in
3265 661 3550 716 solitudine
3573 705 3585 724 ,
3611 679 3827 718 rerum-

2234 757 2336 810 que
2356 744 2593 798 omnium
2619 745 2792 816 inopia
2815 763 3032 804 versans
3055 790 3069 815 ,
3096 751 3276 806 statim
3295 753 3468 806 crevit
3486 792 3502 816 ,
3537 765 3592 808 et
3613 756 3663 807 in
3682 770 3826 824 gen-

2235 843 2343 888 tem
2383 851 2629 905 magnam
2653 839 2821 894 factus
2847 849 2931 897 est
2960 858 2975 901 :
3004 841 3125 912 quia
3162 842 3254 899 20.
3285 843 3419 898 Deus
3445 856 3552 898 erat
3572 887 3587 911 ,
3625 847 3821 917 inquit,

2232 941 2348 979 cum
2373 943 2546 995 puero.
2594 928 2731 986 Hinc
2765 931 2913 987 enim
2957 941 3100 988 totus
3143 949 3321 989 sermo
3363 945 3544 990 noster
3567 953 3828 1006 egressus

2233 1027 2336 1073 est.
2370 1019 2732 1088 Despiciamus
2753 1021 2942 1091 igitur,
2975 1039 3098 1089 oro,
3124 1030 3427 1095 praesentia,
3453 1029 3831 1086 desideremus

2234 1110 2410 1166 futura
2440 1129 2455 1167 :
2481 1116 2706 1184 gratiam
2736 1117 2828 1171 Dei
2855 1119 3102 1174 omnibus
3130 1121 3473 1190 praeferamus
3493 1164 3509 1189 ,
3540 1134 3592 1177 et
3620 1140 3716 1192 per
3747 1127 3830 1177 vi-

2237 1214 2345 1259 tam
2385 1207 2642 1276 Optimam
2681 1210 2904 1265 multam
2934 1211 3182 1267 fiduciam
3207 1213 3362 1268 nobis
3390 1225 3546 1268 antea
3584 1231 3824 1286 repona-

2233 1313 2353 1352 mus
2384 1317 2398 1352 ;
2434 1309 2490 1354 ut
2517 1311 2571 1354 et
2605 1311 2924 1370 praesentem
2947 1306 3108 1358 vitam
3135 1306 3267 1358 citra
3297 1323 3587 1362 mcerorem
3618 1311 3825 1363 transi-

2232 1401 2419 1457 gamus
2438 1428 2454 1455 ,
2483 1398 2538 1443 et
2576 1388 2751 1445 futura
2778 1390 2916 1446 bona
2937 1407 3328 1464 consequamur
3347 1435 3362 1460 ,
3394 1397 3558 1465 gratia
3589 1407 3644 1451 et
3669 1397 3831 1451 beni-

2232 1481 2433 1548 gnitate
2476 1479 2684 1536 Domini
2730 1484 2894 1537 nostri
2931 1483 3057 1539 Jesu
3098 1484 3334 1552 Christi,
3377 1487 3462 1541 cui
3494 1502 3612 1541 cum
3657 1488 3828 1542 Patro

2234 1570 2391 1624 simul
2417 1580 2472 1626 et
2498 1572 2696 1642 Spiritu
2719 1584 2905 1630 sancto
2934 1576 3002 1630 sit
3038 1576 3202 1645 gloria
3221 1618 3236 1642 ,
3273 1577 3554 1646 imperium
3575 1620 3589 1641 ,
3620 1578 3822 1645 honor,

2233 1677 2374 1717 nunc
2399 1671 2453 1718 et
2478 1677 2710 1734 semper,
2734 1674 2785 1721 et
2805 1667 2857 1720 in
2887 1668 3080 1722 siccata
3111 1669 3454 1725 saeculorum.
3478 1672 3670 1725 Amen.

2762 1802 3036 1858 HOMILIA
3079 1805 3282 1860 XLVII.

2234 1905 2305 1961 Et
2332 1908 2520 1978 factum
2546 1920 2618 1966 est
2661 1922 2773 1982 post
2795 1915 2942 1968 verba
2973 1917 3078 1968 haec
3098 1957 3112 1976 .
3141 1915 3281 1972 Deus
3306 1922 3528 1974 tentabat
3553 1921 3820 1976 Abraham

2816 2005 2985 2078 (Gen.
3013 2008 3225 2080 9.2.1.)

2305 2114 2356 2168 1.
2391 2114 2581 2182 ingens
2623 2116 2826 2173 lucrum
2851 2161 2866 2184 ,
2909 2121 3225 2192 grandisqne
3256 2123 3533 2180 thesaurus
3559 2127 3607 2181 in
3637 2129 3827 2184 verbis

2231 2219 2351 2275 qua:
2378 2205 2536 2262 hodie
2556 2208 2720 2275 lecta,
2755 2214 2961 2266 tametsi
2996 2230 3158 2282 pauca
3186 2215 3323 2280 sint,
3353 2216 3540 2272 latent.
3573 2220 3647 2273 Eo
3668 2221 3823 2274 enim

2232 2299 2392 2352 modo
2418 2315 2476 2354 se
2499 2300 2694 2355 habent
2718 2302 2894 2357 divina
2924 2305 3154 2376 eloquia,
3178 2316 3235 2360 ut
3255 2308 3447 2364 multas
3471 2311 3682 2364 divitias
3705 2329 3823 2368 non

2234 2391 2284 2444 in
2318 2393 2651 2449 multitudine
2679 2397 2982 2465 verborum,
3014 2399 3106 2453 sed
3141 2401 3189 2452 in
3222 2401 3477 2458 brevitate
3504 2421 3822 2460 sermomnn

2231 2484 2558 2538 contineant.
2591 2488 2700 2556 Age
2726 2487 2882 2556 igitur
2905 2490 3243 2559 exploremus
3267 2507 3327 2547 ea
3356 2509 3474 2563 qua:
3503 2495 3642 2550 dicta
3668 2508 3825 2561 sunt,

2231 2585 2286 2629 et
2308 2575 2576 2630 hodierna:
2599 2578 2840 2633 lectionis
2863 2581 2966 2633 vim
2988 2581 3270 2651 diligenter
3294 2583 3647 2638 addiscamus.
3681 2586 3826 2640 Nam

2231 2667 2310 2720 sic
2340 2667 2529 2721 iterum
2556 2669 2786 2725 sciemus
2813 2686 2868 2726 et
2897 2673 3207 2740 patriarcha:
3235 2676 3504 2742 copiosam
3532 2677 3790 2732 virtutem
3812 2721 3832 2742 ,

2231 2767 2284 2814 et
2315 2761 2403 2814 Dei
2424 2762 2770 2816 excellentem
2797 2764 3152 2818 clementiam.
3178 2767 3227 2820 l.
3271 2765 3338 2819 Et
3377 2767 3567 2835 factum
3595 2781 3698 2833 est,
3733 2770 3833 2820 iu-

2231 2853 2364 2921 quit,
2395 2863 2504 2922 post
2531 2854 2678 2908 verba
2699 2854 2824 2922 haec,
2853 2853 2992 2910 Deus
3013 2859 3232 2911 tentabat
3251 2859 3500 2912 Abraham
3531 2860 3678 2928 (Cap.
3697 2861 3829 2930 2‘2).

2230 2943 2366 3008 Quid
2395 2943 2494 2996 sibi
2523 2945 2706 2998 volunt
2741 2945 2856 3000 haec
2883 2947 3040 3001 verba
3060 2990 3074 3015 ,
3108 2947 3174 3000 Et
3203 2949 3394 3017 factum
3431 2961 3502 3006 est
3522 2961 3636 3020 post
3659 2953 3832 3005 verba

2232 3032 2358 3098 haec,
2385 3033 2603 3086 tentabat
2634 3034 2769 3088 Deus
2799 3036 3097 3090 Abraham?
3121 3037 3433 3106 Considera,
3455 3041 3697 3105 obsecro,
3729 3043 3833 3093 di-

2230 3125 2406 3180 vinam
2435 3124 2782 3196 Scripturam,
2811 3129 3079 3197 quomodo
3107 3130 3256 3184 nobis
3279 3130 3409 3198 justi
3434 3132 3678 3185 virtutem
3705 3132 3830 3199 jam

2233 3217 2359 3270 velit
2383 3215 2650 3285 detegere.
2680 3218 2744 3271 Et
2771 3219 2891 3288 quia
2920 3228 3195 3274 narratura
3224 3228 3324 3284 est,
3355 3223 3622 3290 quomodo
3644 3224 3832 3276 Abra-

2232 3307 2356 3363 ham
2385 3325 2414 3363 a
2450 3309 2557 3364 Deo
2587 3319 2816 3365 tentatus
2843 3312 2942 3378 sit,
2975 3313 3120 3380 prius
3151 3313 3260 3365 vult
3289 3321 3345 3367 ut
3382 3312 3650 3367 discamus
3680 3324 3828 3367 tem—

2233 3416 2363 3470 pus,
2394 3417 2498 3468 quo
2531 3399 2642 3454 h:ec
2679 3401 2989 3470 patriarchae
3032 3413 3292 3472 praecepta
3333 3413 3495 3468 sunt,
3527 3416 3578 3457 et
3605 3405 3834 3472 quando

2225 3492 2408 3558 jussus
2434 3502 2515 3547 est
2543 3493 2737 3548 olferre
2765 3493 2999 3548 Isaacum
3023 3534 3038 3560 ,
3067 3508 3123 3548 ut
3152 3496 3292 3548 scias
3318 3488 3560 3564 magnam
3592 3497 3828 3562 patriar-

2231 3585 2344 3639 chae
2365 3585 2738 3652 obedientiam,
2763 3595 2818 3640 et
2836 3589 3104 3656 quomodo
3129 3586 3219 3640 Dei
3236 3586 3398 3654 jussis
3420 3588 3547 3641 nihil
3573 3587 3831 3657 pneferri

2232 3692 2418 3746 passus
2446 3676 2532 3729 sit.
2558 3675 2694 3743 Quid
2724 3676 2882 3746 igitur
2901 3686 3003 3740 est,
3027 3675 3243 3730 Factum
3259 3687 3330 3732 est
3353 3688 3519 3731 autem
3541 3688 3648 3747 post
3671 3680 3834 3731 verba

2231 3767 2336 3820 haec
2354 3767 2378 3820 .9
2397 3766 2655 3832 Quoniam
2680 3778 2954 3838 postquam
2977 3779 3128 3822 natus
3149 3777 3230 3822 est
3260 3767 3422 3832 Isaac,
3450 3769 3661 3838 quando
3686 3770 3835 3822 vidit

2232 3859 2390 3914 Sarra
2438 3860 2712 3914 lsmaelem
2753 3861 2908 3913 simul
2937 3860 3136 3913 versari
3171 3875 3291 3913 cum
3320 3859 3468 3913 Isaac
3491 3903 3505 3923 ,
3535 3861 3675 3913 sicut
3704 3862 3830 3914 heri

2231 3953 2382 4006 vobis
2411 3953 2642 4007 diximus
2665 3993 2678 4016 ,
2722 3953 2823 4007 hoc
2865 3970 3005 4022 tl!ng
3045 3954 3220 4008 ferens
3243 3996 3258 4017 ,
3286 3954 3494 4008 dicebat
3542 3956 3774 4007 Abrahae

2231 4045 2378 4114 Ejicc
2404 4047 2639 4100 ancillam
2666 4057 2712 4100 et
2733 4047 2898 4115 ﬁlium
2925 4049 3033 4116 ejus
3063 4062 3082 4100 :
3108 4063 3207 4100 non
3235 4047 3366 4099 enim
3389 4047 3483 4100 erit
3511 4046 3650 4100 heres
3683 4045 3836 4112 [ilius

2230 4138 2432 4191 anciltw
2453 4155 2567 4191 cum
2593 4139 2699 4205 [ilio
2730 4155 2838 4191 meo
2867 4142 2882 4205 (
2910 4137 3039 4192 Gen.
3069 4137 3160 4192 2t.
3184 4137 3306 4207 l0);
3339 4152 3570 4207 cumque
3599 4137 3700 4190 hoc
3728 4153 3836 4206 pa-

2232 4230 2477 4284 triarcha:
2512 4229 2702 4284 durum
2735 4229 3002 4284 videretur
3022 4269 3038 4292 .
3066 4229 3252 4284 volens
3283 4244 3406 4284 eum
3448 4229 3588 4283 Deus
3623 4242 3834 4283 conso-

2233 4322 2352 4389 lari,
2379 4324 2453 4377 ait
2481 4341 2494 4375 :
2526 4323 2665 4378 Audi
2693 4322 2906 4378 Sarram
2939 4339 3158 4377 uxorem
3192 4333 3357 4388 tuam,
3386 4331 3443 4378 et
3469 4321 3552 4378 fac
3578 4322 3718 4393 quod
3749 4326 3834 4379 ab

2232 4431 2293 4472 ea
2324 4417 2522 4470 dictum
2555 4425 2636 4469 est
2669 4433 2683 4468 :
2716 4430 2888 4485 neque
2913 4415 3154 4469 videatur
3181 4415 3272 4469 tibi
3300 4414 3490 4469 durum
3519 4455 3532 4480 ,
3561 4414 3704 4484 quod
3733 4415 3833 4468 di-

2233 4517 2374 4561 ctum
2401 4516 2484 4561 est
2503 4505 2570 4560 de
2600 4521 2765 4575 puero
2789 4516 2842 4560 et
2866 4505 2933 4560 de
2959 4506 3172 4560 ancilla.
3199 4505 3267 4559 In
3287 4504 3441 4560 Isaac
3463 4506 3598 4559 enim
3622 4505 3836 4559 vocabi-

2233 4609 2314 4652 tur
2343 4599 2428 4651 tibi
2456 4616 2621 4652 semen
2651 4603 2667 4670 (
2695 4597 2775 4654 Ib.
2809 4615 2857 4652 v.
2890 4598 2958 4653 l2
2979 4601 3021 4670 ),
3053 4609 3108 4654 et
3131 4599 3281 4653 illum
3306 4614 3518 4669 quoque
3547 4599 3735 4653 faciam
3767 4600 3832 4654 in

2232 4699 2440 4760 gentem
2467 4705 2709 4760 magnam
2734 4729 2750 4756 ,
2781 4690 2902 4759 quia
2930 4704 3112 4744 semen
3144 4700 3291 4744 tuum
3317 4697 3417 4744 est.
3450 4689 3517 4742 Et
3539 4689 3715 4743 omnis
3745 4689 3836 4744 illi

2233 4799 2261 4834 a
2295 4783 2402 4838 Deo
2440 4783 2573 4838 facta
2609 4783 2895 4853 promissio
2921 4797 2988 4837 eo
3017 4783 3296 4849 tendebat,
3341 4793 3396 4837 ut
3439 4783 3549 4838 nati
3577 4799 3645 4838 ex
3676 4783 3836 4839 Isaac

2233 4875 2284 4930 in
2316 4892 2560 4946 magnum
2597 4876 2849 4946 populum
2891 4886 3328 4946 propagarentur.
3359 4873 3492 4929 Cum
3522 4890 3648 4946 ergo
3677 4875 3832 4930 bona

2234 4968 2534 5038 hujusmodi
2565 4983 2660 5037 spe
2688 4968 2922 5022 aleretur
2944 4969 3139 5036 justus,
3165 4975 3286 5036 post
3310 4975 3483 5021 tantas
3503 4976 3556 5023 et
3576 4978 3681 5022 tam
3711 4967 3833 5023 fre—

2232 5071 2454 5129 quentes
2480 5075 2744 5115 mrumnas
2772 5069 2827 5115 et
2855 5061 3193 5124 tentationes,
3217 5074 3400 5113 earum
3428 5069 3642 5127 accepta
3671 5075 3832 5114 mer-

2232 5152 2381 5217 cede,
2409 5161 2463 5206 et
2492 5153 2542 5206 in
2573 5161 2684 5206 tuto
2711 5151 2924 5206 demum
2951 5151 3255 5215 collocatus,
3289 5165 3398 5220 pne
3417 5151 3585 5204 oculis
3616 5150 3834 5206 habens

2231 5244 2332 5298 sibi
2362 5259 2731 5297 successurum
2765 5243 3038 5308 heredem,
3067 5257 3255 5296 secure
3278 5242 3498 5311 agebat,
3533 5241 3831 5296 maximam

2231 5337 2354 5390 inde
2377 5336 2671 5404 percipiens
2695 5335 3133 5390 consolationem.
3167 5333 3364 5388 Verum
3393 5335 3479 5404 qui
3506 5334 3832 5389 abscondita

2230 5429 2470 5482 cordinm
2503 5429 2647 5482 novit
2669 5470 2684 5489 ,
2715 5429 2898 5482 volens
2926 5427 3078 5480 nobis
3101 5426 3232 5495 justi
3260 5426 3419 5496 hujus
3445 5429 3697 5481 virtutem
3727 5427 3830 5481 de-

2232 5531 2413 5592 tegere
2436 5564 2450 5586 ,
2480 5532 2536 5577 et
2573 5538 2820 5591 magnum
2850 5537 3087 5576 amorem
3114 5537 3270 5590 quem
3299 5535 3422 5590 erga
3463 5535 3523 5573 se
3561 5521 3788 5589 gerebat
3813 5564 3830 5584 ,

2229 5624 2349 5684 post
2391 5622 2467 5668 tot
2512 5614 2889 5684 promissiones
2931 5623 2985 5667 et
3027 5612 3164 5666 hanc
3209 5628 3422 5681 quoque
3463 5628 3580 5680 qum
3630 5627 3833 5666 recens

2228 5706 2365 5762 facta
2391 5721 2525 5772 erat,
2555 5720 2607 5762 et
2627 5708 2778 5777 cujus
2803 5705 3112 5760 memoriam
3140 5707 3314 5761 adhuc
3343 5708 3548 5760 firmam
3584 5708 3830 5772 tenebat,

2226 5817 2348 5857 cum
2369 5803 2478 5872 jam
2507 5802 2836 5856 adolesceret
2865 5800 3028 5864 Isaac,
3066 5811 3116 5854 et
3149 5801 3200 5853 in
3231 5800 3346 5869 ipso
3372 5802 3544 5855 artatis
3575 5799 3709 5853 ﬂore
3738 5815 3830 5853 es—

2229 5904 2331 5963 set,
2353 5903 2722 5963 cresceretque
2742 5904 2907 5963 pau‘is
2932 5907 3056 5962 erga
3086 5891 3232 5946 illum
3257 5891 3495 5959 dilectio,
3519 5903 3641 5961 post
3663 5891 3831 5948 verba
