4084 6356
106 334 141 383 4
152 332 227 384 ‘27

104 450 291 515 γέτην
330 449 438 510 τοῖς
468 448 723 510 ἐναντίοις
754 447 943 500 λοιπὸν
971 448 1245 519 ἠμείϐετο,
1287 454 1380 503 καὶ
1412 450 1470 501 ὃν
1496 447 1665 517 ἐχρῆν
1696 462 1797 498 σω-

100 534 269 602 τῆρα
315 534 410 587 καὶ
458 534 753 604 εὐεργέτην
783 536 1201 606 ἐπιγράφεσθαι,
1240 536 1427 589 τοῦτον
1466 534 1671 588 ἀνελεῖν
1705 534 1800 584 ἑπ-

100 622 418 691 εχείρει.“Ω
448 622 641 691 μανίας
670 623 970 694 ὑπερϐολήί
1011 623 1056 676 ὣ
1099 624 1484 693 παραπληξίας
1514 621 1794 673 ἐπίτασιςί

1225 334 1290 387 IN
1329 332 1483 387 CAP.
1531 330 1672 385 XXII
1713 325 1961 381 GENES.
2007 328 2238 386 IIOMII..
2282 331 2487 387 XLVII.

3464 331 3566 385 4‘28

1916 446 2286 518 Ὑπερίδωμεν
2326 445 2440 506 οὖν,
2472 446 2792 519 παρακαλῶ,
2826 446 2935 500 τῶν
2983 446 3286 516 παρόντων,
3319 448 3565 513 ποθήσω·

1903 551 2002 602 μεν
2034 537 2101 588 τὰ
2133 537 2416 605 μέλλοντα,
2449 538 2547 605 τὴν
2582 536 2792 587 εὔνοιαν
2820 535 2919 605 τὴν
2948 534 3098 603 παρά
3130 534 3223 586 τοῦ
3259 533 3390 585 Θεοῦ
3429 535 3562 586 πάν-

1901 639 2008 675 των
2044 625 2419 694 προτιμῶμεν,
2448 624 2541 676 καὶ
2574 624 2659 676 διά
2680 625 2777 692 τῆς
2803 622 3029 692 ἀρίστης
3050 621 3324 684 πολιτείας
3353 622 3565 685 ἑαυτοῖς

104 706 228 760 Τὸν
248 708 348 779 τὴν
371 708 517 779 ζωήν
540 708 688 779 αὐτῷ
714 711 1100 780 χαρισάμενον,
1129 711 1222 764 καὶ
1250 711 1427 764 πάντα
1457 709 1547 760 τὸν
1573 705 1798 777 στρατὸν
1816 768 1843 782 _
1899 710 2099 779 πολλὴν
2125 711 2562 782 προαποθὼμεθα
2587 711 2683 781 τὴν
2716 711 3050 782 παρρησίαν,
3078 710 3162 761 ἵνα
3184 708 3280 762 καὶ
3301 708 3391 761 τὸν
3420 726 3563 779 παρ-

101 795 287 848 αὑτοῦ
320 795 764 865 ἐλευθερώσαντα
790 799 886 869 τῆς
911 796 1006 851 τοῦ
1034 797 1329 865 ἀλλοφύλου
1358 796 1574 867 μανίας,
1608 793 1797 847 τοῦτον
1823 793 1839 801 ’
1895 794 2024 847 όντα
2052 795 2165 864 βίον
2201 796 2423 860 ἀλύπως
2451 796 2695 849 διανύσαι
2727 796 3061 867 δυνηθῶμεν,
3092 795 3186 847 καὶ
3209 793 3316 847 τῶν
3344 794 3563 865 μελλόν-

99 882 193 945 ὠς
227 882 486 954 πολέμιον
516 884 702 937 λοιπὸν
730 885 1007 956 ὑφωρᾶτο,
1045 885 1140 937 καὶ
1185 885 1306 938 οὑδὲ
1354 882 1572 945 ἔναυλος
1600 876 1732 934 οῦσα
1762 880 1794 950 ή

99 969 410 1039 εὐεργεσία
451 971 791 1041 περιεγίνετο
824 972 917 1025 τοῦ
952 972 1173 1035 πάθους.
1217 971 1353 1025 ἀλλά
1395 970 1643 1039 καθάπερ
1691 967 1795 1021 ὑπὸ

106 1056 299 1126 μέθης
326 1057 492 1121 τινὸς,
514 1057 622 1111 ὑπὸ
653 1057 747 1111 τοῦ
781 1058 974 1127 φθόνου
1007 1058 1295 1122 σκοτωθεὶς
1322 1058 1413 1111 τὸν
1437 1059 1535 1128 τῆς
1559 1056 1796 1119 διανοίας

99 1141 403 1213 λογισμὸν,
438 1145 529 1199 τὸν
560 1147 854 1217 εὐεργέτην
879 1147 955 1211 ὡς
983 1147 1236 1218 πολέμιον
1264 1146 1431 1217 ἑώρα.

182 1228 248 1285 ε’.
288 1232 542 1286 Τοιοῦτον
592 1233 702 1305 γὰρ
729 1236 761 1305 ή
793 1236 961 1288 κακία
993 1235 1086 1288 τοῦ
1123 1234 1328 1297 πάθους
1352 1232 1541 1287 τούτου
1565 1248 1582 1266 ο
1644 1230 1792 1302 αὑτῷ

98 1318 383 1391 πρότερον
431 1320 749 1391 λυμαίνεται
782 1322 861 1391 τῷ
897 1322 1055 1375 τοῦτο
1089 1323 1349 1375 τίκτοντι.
1395 1323 1507 1375 Καὶ
1539 1319 1793 1391 καθάπερ

103 1403 338 1475 σκώληξ
360 1406 466 1462 ὑπὸ
483 1408 577 1461 τοῦ
609 1408 767 1472 ξύλου
790 1410 1101 1480 τικτόμενος
1120 1410 1251 1462 αὐτὸ
1273 1410 1533 1481 πρότερον
1555 1407 1615 1461 τὸ
1637 1407 1790 1473 ξύλον

98 1493 505 1549 καταναλίσκει
522 1512 537 1527 ο
575 1497 719 1551 οὑτω
745 1499 839 1550 καὶ
864 1499 892 1549 6
919 1499 1110 1567 φθόνος
1142 1498 1358 1569 ἐκείνην
1388 1496 1652 1568 πρότερον
1677 1496 1790 1548 δια-

102 1576 328 1648 φθείρει
360 1581 458 1652 τὴν
497 1583 763 1636 τεκοῦσαν
807 1585 967 1639 αὑτὸν
1013 1585 1211 1658 ψυχὴν,
1240 1586 1334 1638 καὶ
1383 1585 1445 1637 τὸ
1481 1584 1720 1638 ἐναντίον
1752 1584 1786 1654 ἢ

104 1664 369 1731 βούλεται
394 1670 485 1723 τὸν
521 1671 881 1742 φθονούμενον
914 1673 1199 1744 διατίθησι.
1241 1670 1388 1744 [472]
1414 1671 1505 1742 Μὴ
1548 1671 1657 1743 γάρ
1698 1688 1789 1741 μοι

96 1752 175 1805 τά
214 1757 478 1827 προοίμια
510 1759 700 1814 σκόπει
722 1761 814 1813 ἐπὶ
843 1760 949 1815 τῶν
979 1762 1379 1832 φθονουμένων,
1410 1760 1545 1814 ἀλλά
1567 1760 1701 1830 πρὸς
1725 1760 1786 1812 τὸ

97 1840 266 1903 τέλος
291 1844 491 1913 ἀφόρα,
529 1847 623 1900 καὶ
663 1847 830 1900 ἐννόει
863 1849 943 1900 ὅτι
970 1848 1108 1918 αὐτὴ
1138 1850 1171 1919 ἡ
1199 1848 1364 1902 κακία
1393 1847 1502 1901 τῶν
1532 1846 1785 1916 φθονούν-

98 1947 221 1982 των
252 1934 334 1994 εἰς
370 1934 591 2003 μείζονα
632 1938 985 2008 περιφάνειαν
1032 1938 1154 2005 ἄγει
1201 1938 1328 2001 τοὺς
1371 1935 1781 2005 φθονουμένους.

104 2018 175 2069 Ol
212 2018 316 2087 μὲν
347 2020 455 2091 γάρ
489 2023 583 2075 καὶ
605 2023 695 2075 τὸν
718 2024 850 2076 Θεὸν
878 2024 1191 2091 ἐφέλκονται
1219 2026 1299 2088 εἰς
1331 2024 1664 2095 συμμαχίαν,
1690 2024 1783 2078 καὶ

98 2105 213 2173 τῆς
252 2106 461 2161 ἀνωθεν
501 2109 833 2166 ἀπολαύουσι
882 2113 1088 2184 ῥοπῆςσ
1130 2114 1158 2166 6
1203 2112 1259 2166 δὲ
1305 2112 1508 2182 ταύτης
1556 2112 1781 2183 ἕρημος.

102 2196 283 2247 πᾶσιν
318 2196 730 2269 εὐεπιχείρητος
759 2200 990 2269 γίνεται,
1018 2202 1112 2255 καὶ
1143 2201 1248 2272 πρὸ
1270 2201 1377 2255 τῶν
1405 2200 1601 2266 ἔξωθεν
1627 2204 1784 2254 πολε-

104 2281 256 2349 μίων
299 2284 391 2337 ὑπ’
421 2286 585 2340 αὑτοῦ
620 2288 715 2340 τοῦ
754 2288 957 2351 πάθους
1004 2287 1457 2359 πολιορκούμενος
1500 2290 1781 2359 μονονουχὶ

100 2371 692 2441 καταναλίσκεται,καὶ
724 2374 912 2446 ὥσπερ
939 2374 1154 2445 ἀδήλοις
1179 2374 1398 2444 γνάθοις
1425 2376 1779 2446 κατεσθιόμε-

98 2471 215 2517 νος,
245 2456 392 2510 οὑτω
423 2458 1183 2532 δαπανώμενος,ὑποϐρύχιος,
1220 2460 1294 2525 ὡς
1327 2462 1521 2525 εἰπεῖν,
1549 2463 1775 2531 γίνεται.

101 2545 293 2617 Ὅπερ
338 2543 535 2608 εἰδότες
588 2546 900 2619 φεύγωμεν,
949 2547 1284 2617 παρακαλῶ,
1333 2547 1432 2619 τήν
1467 2548 1646 2620 λύμην
1682 2551 1777 2605 τοῦ

103 2635 341 2698 πάθους,
364 2637 457 2691 καὶ
479 2633 627 2710 πάσῃ
646 2634 872 2708 δυνάμει
899 2633 1228 2707 ἐξορίζωμεν
1258 2635 1415 2689 τοῦτο
1446 2637 1543 2707 τῆς
1571 2637 1780 2697 ἑαυτῶν

98 2720 312 2791 ψυχῆς.
340 2723 565 2777 Πάντων
589 2726 696 2797 γὰρ
724 2725 831 2779 τῶν
866 2725 1049 2779 παθῶν
1076 2722 1233 2780 τοῦτο
1264 2724 1668 2799 ὸλεθριώτερον,
1686 2732 1781 2783 καὶ

96 2809 243 2878 αὐτῇ
280 2810 436 2879 ήμῶν
467 2814 533 2882 τῇ
559 2812 801 2885 σωτηρίᾳ
837 2812 1227 2885 λυμαινόμενον
1251 2832 1265 2846 ο
1287 2813 1381 2867 τοῦ
1407 2814 1517 2887 γάρ
1542 2816 1780 2887 πονηροῦ

94 2897 350 2951 διαϐόλου
372 2899 519 2952 ἐστὶν
540 2900 671 2971 εὑρη
681 2918 775 2971 μα.
809 2902 887 2955 Δι’
907 2902 934 2955 6
951 2902 1044 2955 καί
1070 2921 1151 2966 τις
1172 2903 1334 2972 σοφὸς
1356 2903 1509 2973 ἔλεγε
1525 2922 1540 2936 ·
1576 2906 1781 2970 Φθόνῳ

97 2982 216 3054 [δὲ]
266 2984 550 3040 διαϐόλου
598 2988 854 3055 θάνατος
908 2990 1193 3058 εἰσῆλθεν
1247 2992 1335 3055 εἰς
1379 2991 1486 3044 τὸν
1525 2992 1776 3060 κόσμον.

95 3072 165 3124 Τί
202 3074 358 3126 ἐστι·
397 3075 602 3139 Φθόνφ
640 3074 709 3127 δὲ
752 3076 1036 3131 διαϐόλου
1067 3076 1313 3144 θάνατος
1362 3078 1645 3145 εἰσῆλθεν
1690 3081 1780 3146 εἰς

93 3161 211 3213 τὸν
232 3163 470 3231 κόσμον
485 3177 505 3226 ;
545 3162 763 3235 Ἐπειδὴ
799 3164 906 3237 γάρ
933 3162 1040 3219 εἶδε
1066 3166 1128 3218 τὸ
1152 3166 1385 3237 πονηρὸν
1416 3165 1572 3219 τοῦτο
1593 3166 1779 3237 θηρίον

90 3250 373 3303 ἀθάνατον
398 3251 689 3321 γενόμενον
718 3253 810 3307 τὸν
839 3253 1282 3325 πρωτόπλαστον,
1318 3254 1406 3306 διὰ
1439 3254 1538 3323 τῆς
1572 3253 1779 3320 οἰκείας

93 3338 374 3408 πονηρίας
415 3338 494 3401 εἰς
527 3339 624 3408 τὴν
672 3340 768 3410 τῆς
814 3341 1033 3413 ἐντολῆς
1081 3344 1364 3413 παρακοὴν
1394 3344 1553 3396 αὐτὸν
1583 3343 1775 3414 ἤγαγε,

90 3425 197 3477 καὶ
226 3426 297 3477 δι’
324 3424 538 3493 ἐκείνης
569 3424 661 3477 τοῦ
698 3425 923 3480 θανάτου
951 3428 1048 3499 τὴν
1074 3430 1342 3500 τιμωρίαν
1372 3431 1777 3501 παρεσκεύασεν

90 3513 268 3567 αὑτὸν
301 3512 806 3567 ἐπισπάσασθαι.⁹0
841 3514 1031 3583 φθόνος
1062 3517 1238 3569 τοίνυν
1274 3517 1371 3586 τὴν
1410 3518 1626 3588 ἀπάτην
1667 3521 1778 3591 εἰρ-

88 3602 331 3668 γάσατο,
351 3601 385 3671 ἡ
411 3601 593 3671 ἀπάτη
625 3600 723 3671 τὴν
749 3603 1102 3672 παρακοὴν,ή
1137 3605 1386 3676 παρακοὴ
1408 3605 1499 3659 τὸν
1527 3606 1774 3663 θάνατον.

88 3689 199 3741 Διὰ
221 3685 383 3740 τοῦτό
408 3704 541 3755 φησι
560 3703 574 3716 ’
607 3688 809 3755 Φθόνῳ
832 3687 945 3760 [δὲ]
977 3689 1259 3743 διαϐόλου
1289 3690 1543 3755 θάνατος
1568 3691 1779 3760 εἰσῆλ-

89 3781 206 3830 θεν
250 3778 341 3839 εἰς
370 3776 478 3828 τὸν
508 3776 758 3845 κόσμον.
795 3774 949 3840 Εἶδες
994 3778 1133 3849 πόση
1163 3778 1256 3831 τοῦ
1288 3779 1492 3843 πάθους
1523 3782 1555 3850 ἡ
1589 3780 1774 3853 λύμης

90 3865 205 3915 Τὸν
237 3860 508 3933 ἀθανασίᾳ
536 3862 836 3933 τιμηθέντα
869 3863 1082 3935 θανάτῳ
1112 3865 1429 3919 ὑποκεῖσθαι
1454 3868 1774 3939 πεποίηκεν.

102 3952 255 4004 Ἀλλ’
277 3952 308 4003 6
342 3950 440 4021 μὲν
474 3950 668 4021 ἐχθρὸς
690 3952 788 4023 τῆς
815 3952 1090 4025 ἡμετέρας
1138 3953 1429 4026 σωτηρίας,
1455 3956 1546 4009 τὸν
1578 3958 1776 4012 οἰκεῖον

91 4040 295 4109 φθόνον
327 4040 575 4109 κινήσας,
603 4039 731 4093 ὄντα
758 4039 1027 4094 ἀθάνατον
1070 4042 1161 4095 τὸν
1208 4042 1627 4114 πρωτόπλαστον
1677 4045 1774 4099 θα-

88 4132 246 4196 νάτῳ
274 4126 739 4198 καταδικασθῆναι
769 4131 1070 4200 πεποίηκεν
1090 4131 1148 4183 ’ὁ
1172 4131 1228 4183 δὲ
1258 4132 1507 4202 κηδεμὼν
1532 4133 1626 4186 καὶ
1657 4133 1775 4203 φιλ·

90 4217 388 4286 ἅνθρωπος
412 4216 689 4286 Δεσπότης
739 4216 828 4270 διά
858 4218 949 4271 τοῦ
989 4218 1221 4272 θανάτου
1262 4219 1354 4273 τοῦ
1380 4220 1581 4273 οἰκείου
1613 4221 1774 4275 πάλιν

90 4307 201 4373 τὴν
234 4304 532 4358 ἀθανασίαν
562 4306 695 4375 ήμῖν
734 4304 1047 4375 ἐχαρίσατο,
1077 4307 1171 4360 καὶ
1202 4305 1424 4377 μείζονα
1455 4300 1529 4362 ὧν
1556 4308 1773 4362 ἀπωλέ-

92 4409 275 4463 σαμεν
322 4391 583 4463 εὕραμεν.
620 4393 955 4464 Παραδείσου
1007 4395 1217 4457 ἐκεῖνος
1265 4394 1522 4466 ἐξήγαγε,
1553 4398 1647 4449 καὶ
1696 4398 1775 4460 εἰς

86 4481 189 4533 τὸν
242 4479 472 4550 οὐρανὸν
519 4472 674 4544 οὗτος
723 4481 968 4551 ἀνήγαγε
994 4497 1005 4509 ·
1054 4481 1268 4553 θανάτῳ
1315 4483 1775 4554 καταδικασθῆναι

87 4569 308 4630 ἐκεῖνος
346 4566 635 4638 πεποίηκε,
660 4566 756 4620 καί
793 4566 892 4638 τὴν
916 4568 1216 4623 ἀθανασίαν
1253 4570 1385 4639 ἡμῖν
1411 4562 1566 4633 οῦτος
1591 4571 1776 4643 ἐχαρί-

87 4672 230 4708 σατο
250 4672 264 4685 ·
294 4654 395 4723 τῆς
429 4656 488 4708 ἐν
521 4655 834 4726 παραδείσῳ
873 4656 1084 4726 τρυφῆς
1126 4657 1499 4726 ἀπεστέρησεν
1545 4659 1770 4723 ἐκεῖνος,

85 4745 190 4797 καὶ
219 4742 496 4813 βασιλείαν
528 4744 661 4813 ἡμῖν
689 4743 933 4815 οὐρανῶν
963 4744 1284 4815 εὐτρέπισεν
1304 4740 1476 4808 οὗτος.
1508 4740 1657 4809 Εἶδες
1679 4746 1773 4800 τοῦ

85 4831 371 4884 Δεσπότου
415 4848 508 4884 σου
546 4830 608 4884 τὸ
651 4831 980 4902 εὐμήχανον,
1026 4833 1121 4887 καὶ
1164 4833 1312 4896 ὅπως
1356 4832 1425 4886 τὰ
1475 4832 1626 4904 παρά
1674 4833 1773 4902 τῆς

86 4918 398 4989 βασκανίας
422 4918 559 4972 ὅπλα
582 4918 676 4972 τοῦ
708 4918 953 4973 διαϐόλου
988 4919 1131 4973 κατά
1166 4920 1264 4987 τῆς
1294 4920 1568 4992 ήμετέρας
1601 4937 1775 4989 σωτη-

87 5007 219 5076 ρίας
252 5006 616 5075 γεγενημένα,
649 5006 833 5059 ἐκεῖνα
876 5005 1017 5059 αὑτά
1061 5005 1416 5076 περιέτρεψεν
1445 5008 1524 5069 εἰς
1551 5005 1649 5077 τὴν
1679 5007 1775 5059 αὑ-

84 5092 187 5145 τοῦ
236 5091 512 5164 κεφαλήν;
561 5094 634 5146 υὺ
678 5094 839 5163 μόνον
884 5093 993 5165 γὰρ
1024 5095 1170 5164 ἡμᾶς
1218 5093 1478 5164 μειζόνων
1520 5094 1772 5164 ἠξίωσεν,

84 5176 232 5231 ἀλλά
259 5178 358 5230 καὶ
386 5179 592 5232 ἐκεῖνον
618 5182 752 5250 ἡμῖν
785 5181 1097 5251 ὑποχείριον
1127 5180 1346 5244 ἔδωκεν,
1372 5181 1542 5235 εἰπών
1563 5199 1576 5212 '
1628 5182 1773 5238 Ἰδοὺ

86 5264 329 5319 δέδωκα
386 5264 530 5334 ὑμῖν
572 5266 864 5331 ἐξουσίαν
913 5268 1125 5321 πατεῖν
1170 5266 1370 5321 ἐπάνω
1417 5268 1611 5337 ὄφεων
1671 5268 1772 5322 καί

85 5353 426 5419 σκορπίων.
463 5352 646 5406 Ταῦτα
701 5354 882 5409 τοίνυν
927 5355 1143 5409 ἅπαντα
1189 5355 1526 5425 λογιζόμενοι
1559 5357 1652 5409 καὶ
1680 5357 1773 5411 τὸν

88 5441 295 5511 φθόνον
336 5439 437 5509 τῆς
478 5441 688 5494 ἑαυτῶν
717 5441 895 5513 ψυχῆς
932 5442 1281 5513 ἐξορίζωμεν,
1313 5443 1406 5495 καὶ
1437 5443 1535 5514 τὴν
1562 5443 1774 5498 εὔνοιαν

84 5530 191 5599 τὴν
241 5528 398 5599 παρά
442 5528 537 5581 τοῦ
585 5529 722 5582 Θεοῦ
768 5530 1147 5600 ἐπισπώμεθα.
1181 5530 1351 5583 Τοῦτο
1388 5530 1497 5601 γὰρ
1528 5532 1682 5603 ήμῶν
1712 5534 1774 5586 τὸ

83 5617 258 5670 ὅπλον
298 5616 357 5669 τὸ
400 5617 842 5685 ἀκαταγώνιστον
867 5632 880 5645 ·
917 5623 1075 5676 τοῦτο
1104 5618 1261 5689 ήμῶν
1295 5619 1327 5687 ἡ
1357 5618 1585 5690 μεγίστη
1616 5636 1772 5689 περι-

83 5707 267 5758 ουσία.
306 5703 405 5757 Διά
434 5705 595 5759 τοῦτο
624 5706 717 5759 καὶ
743 5708 772 5760 6
808 5706 1051 5777 Ἱσμαὴλ,
1087 5708 1260 5759 καίτοι
1292 5706 1410 5769 νέος
1442 5706 1536 5759 καὶ
1561 5709 1617 5760 ἐν
1646 5708 1761 5778 ἐρη.

85 5794 196 5864 μία
226 5791 304 5845 ὣν
328 5794 425 5845 καὶ
455 5793 624 5865 πολλῇ
656 5795 882 5866 ἀπορίᾳ,
914 5795 1105 5865 ἀθρόον
1137 5795 1368 5865 ηὐξήθη,
1398 5797 1493 5849 καὶ
1516 5797 1595 5857 εἰς
1617 5795 1768 5861 ἔθνος

88 5881 241 5951 μέγα
286 5879 588 5933 ἐπέδωκεν·
636 5881 822 5951 ἐπειδὴ
861 5882 923 5934 '0
968 5884 1113 5948 Θεὸς
1152 5879 1253 5953 ἦν,
1291 5885 1443 5955 φησί,
1466 5885 1617 5951 μετὰ
1656 5885 1765 5939 τοῦ

84 5968 357 6022 παιδίου.
376 5967 657 6021 Ἐντεῦθεν
686 5969 795 6036 γὰο
823 5971 954 6037 ἡμῖν
999 5972 1027 6023 6
1068 5969 1224 6038 λόγος
1251 5970 1393 6036 ἄπας
1420 5971 1757 6041 ἐξεκυλίσθη.

1896 898 2003 933 των
2051 881 2272 949 ἀγαθῶν
2317 882 2680 953 ἐπιτύχωμεν,
2717 883 2898 952 χάριτι
2934 884 3028 935 καὶ
3064 881 3438 953 φιλανθρωπίᾳ
3462 880 3559 933 τοῦ

1898 966 2049 1039 [475]
2087 970 2289 1040 Κυρίου
2318 972 2349 1039 ή
2361 970 2475 1038 μῶν
2534 969 2707 1039 Ἰησοῦ
2741 968 2997 1041 Χριστοῦ,
3052 970 3169 1040 μεθ’
3195 962 3255 1022 οῦ
3282 969 3358 1039 τῷ
3387 970 3559 1039 Πατρὶ

1895 1056 2010 1125 ἅμα
2031 1056 2106 1127 τῷ
2129 1057 2267 1128 ἁγίῳ
2290 1058 2564 1128 Πνεύματι
2588 1058 2735 1122 δόξα,
2766 1058 2986 1129 κράτος,
3013 1057 3168 1130 τιμὴ,
3197 1058 3293 1111 νῦν
3322 1057 3418 1112 καὶ
3448 1057 3556 1123 ἀεὶ,

1892 1141 1988 1193 καὶ
2018 1144 2097 1205 είς
2127 1144 2251 1207 τοὺς
2279 1144 2480 1209 αἰῶνας
2510 1145 2620 1199 τῶν
2642 1144 2870 1198 αἰώνων.
2888 1146 3078 1217 Ἀμήν.

2513 1233 2755 1287 OMIAIA
2793 1235 2924 1289 MZ'.

1890 1316 2000 1369 Καὶ
2022 1316 2260 1387 ἐγένετο
2282 1327 2432 1388 μετα
2452 1321 2525 1374 τὰ
2539 1320 2778 1443 ςήμῖἓα
2800 1319 3009 1406 ταῦτα,
3032 1322 3066 1374 ό
3087 1320 3229 1386 Θεὸς
3254 1318 3552 1389 ἐπείραζει

2515 1407 2545 1443 τ
2583 1408 2621 1443 ν
2751 1406 2926 1443 oaau.
3107 1414 3113 1419 ’

2515 1388 2629 1443 τὸν
2661 1388 2926 1459 Ἁϐραάμ.
3107 1414 3113 1419 ’

1960 1478 2028 1527 α’.
2064 1472 2206 1527 Πολὺ
2235 1474 2343 1530 τῶν
2369 1476 2604 1548 σήμερον
2632 1477 2763 1548 ἡμῖν
2785 1476 3232 1545 ἀναγνωσθέντων
3256 1476 3316 1530 τὸ
3342 1476 3551 1547 κέρδος,

1889 1560 1984 1613 καὶ
2018 1562 2219 1630 ἄφατος
2248 1566 2276 1617 6
2314 1563 2582 1636 θησαυρὸς
2618 1567 2645 1619 6
2676 1566 2788 1629 τοῖς
2823 1565 3047 1636 βραχέσι
3079 1565 3287 1628 τούτοις
3314 1566 3553 1636 ῥήμασιν

1890 1649 2352 1722 ἐγκεκρυμμένος.
2384 1650 2617 1705 Τοιαῦτα
2642 1652 2750 1724 γὰρ
2779 1652 2845 1706 τά
2873 1652 2991 1706 θεῖα
3024 1651 3209 1721 λόγια·
3241 1653 3341 1705 οὐκ
3378 1654 3434 1704 ἐν
3476 1652 3554 1723 τῷ

1888 1736 2079 1807 πλήθει
2129 1738 2238 1791 τῶν
2281 1739 2561 1810 ῥημάτων,
2603 1740 2717 1794 ἀλλ’
2743 1742 2802 1794 ἐν
2840 1743 2905 1811 τῇ
2940 1740 3201 1811 συντομίᾳ
3231 1740 3339 1793 τῶν
3380 1740 3553 1809 λόγων

1888 1823 2054 1877 πολὺν
2078 1826 2495 1897 ἑναποκείμενον
2511 1828 2623 1899 ἔχει
2640 1828 2733 1881 τὸν
2754 1826 3000 1882 πλοῦτον.
3018 1827 3152 1899 Φέρε
3177 1823 3289 1891 οὖν,
3313 1828 3553 1882 ἀναπτύ-

1886 1910 2066 1981 ξωμεν
2110 1912 2177 1967 τά
2231 1915 2516 1986 εἰρημένα,
2563 1916 2658 1969 καὶ
2705 1916 3109 1988 καταμάθωμεν
3155 1916 3399 1987 ἀκριϐῶς
3441 1916 3551 1969 τῶν

1886 1998 2124 2069 σήμερον
2163 2001 2615 2070 ἀναγνωσθέντων
2643 2002 2740 2074 τὴν
2771 2003 3015 2075 δύναμιν.
3049 2002 3208 2057 Οῦτω
3238 2004 3345 2074 γὰρ
3388 2004 3550 2057 πάλιν

1884 2086 2145 2154 εἰσόμεθα
2177 2088 2271 2142 καὶ
2302 2086 2395 2142 τοῦ
2426 2090 2765 2161 πατριάρχου
2810 2091 2909 2161 τὴν
2956 2088 3156 2161 πολλὴν
3207 2089 3427 2160 ἀρετὴν,
3455 2092 3550 2145 καὶΙ

1881 2172 1973 2226 τοῦ
2000 2174 2135 2228 Θεοῦ
2161 2175 2260 2246 τὴν
2287 2176 2727 2248 ὑπερϐάλλουσαν
2756 2175 3181 2249 φιλανθρωπίαν.
3212 2177 3321 2230 Καὶ
3350 2176 3547 2247 ἐγένε-

1881 2278 1968 2316 το.
1996 2263 2150 2332 φησὶ,
2173 2264 2324 2333 μετὰ
2349 2265 2421 2318 τὰ
2432 2264 2671 2335 ῥήματα
2698 2266 2903 2329 ταῦτα,
2921 2268 2954 2318 ὁ
2985 2264 3127 2331 Θεὸς
3153 2263 3415 2332 ἐπείραζε
3440 2266 3549 2320 τὸν

1892 2346 2157 2419 Ἁϐραάμ.
2192 2350 2257 2404 Τί
2289 2350 2535 2422 βούλεται
2572 2354 2727 2407 ταυτὶ
2757 2352 2828 2407 τά
2869 2354 3120 2424 ῥήματα,
3158 2354 3266 2407 Καὶ
3310 2352 3547 2423 ἐγένετο

1874 2436 2025 2504 μετά
2052 2437 2125 2491 τὰ
2139 2437 2377 2508 ῥήματα
2394 2440 2599 2505 ταῦτα,
2622 2442 2655 2495 ὁ
2677 2439 2823 2507 Θεὸς
2840 2438 3101 2509 ἐπείραζε
3128 2440 3234 2495 τὸν
3266 2439 3507 2509 Ἁϐραάμ
3524 2481 3542 2504 ,

1880 2523 2078 2579 Σκόπει
2112 2543 2201 2597 μοι
2229 2526 2326 2599 τὴν
2355 2527 2505 2582 θείαν
2548 2528 2789 2600 Γραφὴν,
2815 2528 2929 2591 πῶς
2950 2527 3196 2582 ἐντεῦθεν
3234 2529 3333 2599 ἤδη
3361 2528 3547 2599 βούλε-

1878 2625 1967 2665 ται
2001 2612 2306 2683 ἐκκαλύψαι
2330 2616 2461 2685 ἡμῖν
2488 2615 2581 2668 τοῦ
2612 2614 2818 2668 δικαίου
2842 2616 2942 2685 τὴν
2980 2616 3199 2687 ἀρετήν.
3229 2617 3337 2669 Καὶ
3357 2616 3545 2687 ἐπειδὴ

1881 2699 2064 2770 μέλλει
2090 2700 2394 2772 διηγεῖσθαι
2422 2701 2521 2771 τὴν
2546 2706 2738 2773 πεῖραν
2764 2702 2863 2773 τὴν
2883 2705 3031 2775 παρά
3060 2704 3151 2756 τοῦ
3177 2703 3310 2756 Θεοῦ
3346 2707 3545 2772 ἐπαγο-

1882 2787 2051 2857 μένην
2080 2786 2160 2859 τῷ
2197 2788 2466 2860 Ἀϐραὰμ,
2491 2789 2755 2861 πρότερον
2781 2792 2924 2860 ἡμᾶς
2954 2790 3203 2860 βούλεται
3226 2791 3317 2843 τὸν
3355 2777 3545 2863 καὶρὸν

1877 2876 2108 2941 διδάξαι,
2156 2875 2277 2929 καθ’
2300 2877 2359 2930 ὃν
2404 2876 2575 2930 ταῦτα
2606 2878 2635 2931 6
2666 2878 3013 2948 πατριάρχης
3056 2880 3399 2939 ἑπετάττετο,
3451 2880 3546 2933 καὶ

1877 2964 2008 3017 πότε
2058 2964 2150 3017 τὸν
2184 2964 2367 3018 Ἰσαάκ
2411 2966 2719 3033 ἀνενεγκεῖν
2762 2964 3061 3031 ἐκελεύετο,
3094 2966 3179 3018 ἵνα
3227 2966 3404 3038 μάθῃς
3448 2966 3545 3038 τὴν

1878 3051 2078 3122 πολλὴν
2104 3050 2198 3105 τοῦ
2226 3053 2565 3125 πατριάρχου
2595 3051 2861 3124 ὑπακοὴν,
2891 3054 2986 3106 καὶ
3014 3053 3159 3116 ὅπως
3181 3052 3289 3105 τῶν
3316 3053 3394 3123 τῷ
3426 3054 3543 3125 Θεῷ

1876 3139 2175 3193 δοκούντων
2216 3140 2365 3193 οὐδὲν
2388 3141 2660 3212 προτιμᾷν
2682 3139 2958 3211 ἠνέσχετο.
2984 3139 3048 3192 Τί
3078 3136 3170 3193 οῦν
3207 3141 3375 3205 ἑστιν,
3394 3142 3545 3211 Ἑγέ-

1875 3244 2012 3281 rato
2046 3227 2114 3281 δὲ
2136 3228 2289 3297 μετὰ
2332 3229 2404 3281 τὰ
2441 3227 2682 3297 ῥήματα
2728 3228 2951 3291 ταῦτα;
2993 3227 3208 3301 Ἐπειδὴ
3251 3229 3359 3301 γὰρ
3408 3230 3546 3300 μετά

1876 3317 1970 3371 τὸν
2022 3317 2117 3371 τοῦ
2158 3318 2345 3372 Ἰσαὰκ
2394 3318 2587 3381 τόκον,
2620 3318 2785 3389 ήνίκα
2829 3317 3092 3372 ἐθεάσατο
3140 3320 3175 3390 ή
3226 3319 3413 3391 Σάρρα
3453 3320 3545 3373 τὸν

1890 3405 2113 3477 Ἰσμαὴλ
2151 3405 2719 3477 συναναστρεφόμενον
2755 3406 2832 3477 τῷ
2871 3405 3092 3470 Ἰσαὰκ,
3132 3406 3383 3478 καθάπερ
3419 3408 3545 3478 χθὲς

1877 3494 2016 3566 πρὸς
2078 3494 2218 3564 ὑμᾶς
2277 3494 2647 3565 διελέχθημεν,
2686 3494 3058 3564 δυσχεράνασα
3108 3494 3245 3563 πρὸς
3300 3494 3456 3549 τοῦτο
3509 3498 3542 3566 ἡ

1876 3582 2064 3654 Σάρρα
2100 3582 2251 3650 έλεγε
2290 3581 2423 3651 πρὸς
2460 3580 2551 3634 τὸν
2587 3580 2868 3651 Ἀϐραάμ*
2904 3582 3162 3635 Ἔκϐαλε
3201 3580 3315 3648 τὴν
3352 3582 3545 3635 παιδί-

1875 3684 2042 3737 σκην
2073 3669 2170 3723 καί
2202 3668 2307 3722 τὸν
2334 3669 2468 3722 υἱὸν
2502 3667 2724 3737 αὐτῆς·
2755 3670 2827 3722 οὺ
2856 3668 2965 3737 γὰρ
2990 3667 3075 3737 μὴ
3108 3671 3540 3739 κλγιρονομήσῃ

1876 3759 1911 3810 ό
1948 3757 2079 3824 υίὸς
2114 3756 2224 3824 τῆς
2264 3756 2585 3822 παιδίσκης
2634 3758 2786 3825 μετὰ
2833 3755 2941 3810 τοῦ
2992 3756 3124 3809 υἱοῦ
3170 3773 3325 3825 μουο
3367 3757 3539 3828 ἐφάνη

1874 3845 1932 3899 δὲ
1984 3845 2141 3899 τοῦτο
2196 3846 2427 3916 σκληρὸν
2464 3844 2542 3915 τῷ
2579 3844 2925 3917 πατριάρχῃ,
2966 3843 3285 3915 βουλόμενος
3331 3846 3361 3897 6
3409 3846 3541 3909 Θεὸς

1876 3932 2367 4006 παραμυθήσασθαι
2403 3933 2495 3987 τὸν
2531 3932 2755 3997 δίκαιον,
2795 3932 2988 4003 φησίν·
3024 3932 3358 3985 ’Υπάκουσον
3395 3933 3541 4004 Σάρ-

1878 4024 1979 4093 ρας
2016 4020 2118 4091 τῆς
2154 4020 2409 4089 γυναικός
2450 4037 2568 4084 σου,
2594 4019 2688 4073 καὶ
2716 4019 2859 4072 ποίει
2884 4020 2945 4073 τὸ
2974 4019 3101 4090 παρ’
3122 4019 3291 4089 αὑτῆς
3320 4019 3504 4090 λεχθέν
3522 4034 3540 4053 ο

1875 4109 1969 4163 καί¹
2008 4109 2083 4181 μὴ
2124 4108 2357 4179 σκληρόν
2376 4126 2460 4161 σοι
2491 4106 2767 4178 φαινέσθω
2801 4106 2863 4159 τὸ
2899 4107 3027 4179 περὶ
3062 4107 3156 4159 τοῦ
3198 4107 3409 4160 παιδίου
3448 4108 3543 4169 καὶ

1873 4197 1975 4267 τῆς
2018 4197 2328 4268 παιδίσκης.
2367 4197 2469 4251 Ἐν
2504 4194 2615 4266 γὰρ
2653 4193 2733 4259 τῷ
2770 4196 2975 4249 Ἰσαὰκ
3027 4195 3394 4263 κληθήσεταί
3442 4211 3544 4249 σοι

1874 4287 2131 4356 σπέρμα,
2169 4287 2264 4341 καὶ
2300 4286 2488 4340 τοῦτον
2524 4286 2581 4339 δὲ
2620 4285 2830 4355 ποιήσω
2866 4286 2945 4347 εἰς
2982 4283 3131 4347 ἔθνος
3172 4284 3331 4355 μέγα,
3355 4284 3543 4357 ἐπειδὴ

1877 4376 2098 4446 σπέρμα
2134 4375 2225 4428 σόν
2262 4376 2397 4427 ἐστι.
2443 4374 2553 4427 Καὶ
2591 4375 2739 4426 πᾶσα
2777 4374 2810 4444 ή
2849 4372 3140 4442 ὑπόσχεσις
3176 4372 3325 4442 αὑτῷ
3376 4373 3468 4425 καὶ
3505 4374 3541 4443 ή

1876 4463 2030 4533 παρά
2064 4461 2159 4515 τοῦ
2196 4461 2331 4514 Θεοῦ
2369 4459 2668 4529 ἐπαγγελία
2690 4459 2827 4530 αῦτη
2855 4455 2943 4530 ἦν,
2966 4458 3107 4512 ὥστε
3138 4460 3217 4523 είς
3245 4461 3377 4512 πολὺ
3407 4460 3542 4531 πλῆ-

1876 4550 1967 4613 θος
1997 4549 2331 4605 ἐκτείνεσθαι
2362 4550 2485 4613 τοὺς
2520 4550 2584 4601 ἐκ
2614 4547 2708 4601 τοῦ
2737 4547 2920 4601 Ἰσαὰκ
2955 4546 3241 4617 τεχθέντας
3258 4549 3305 4600 δ.
3325 4547 3542 4621 Ἐπειδὴ

1873 4637 2097 4700 ταύταις
2132 4639 2253 4700 ταῖς
2290 4636 2469 4689 ἐλπίσι
2506 4635 2839 4705 τρεφόμενος
2876 4636 2903 4689 6
2939 4634 3145 4698 δίκαιος
3176 4635 3419 4697 διετέλει,
3446 4638 3545 4690 καὶ

1873 4723 1948 4786 ὡς
1982 4722 2092 4775 τῶν
2127 4721 2395 4775 τοσούτων
2449 4720 2544 4774 καὶ
2590 4720 2907 4792 ἐπαλλήλων
2944 4720 3175 4791 θλίψεων
3213 4722 3308 4775 καὶ
3346 4738 3508 4792 πειρα

1875 4809 2029 4880 σμῶν
2064 4808 2164 4873 τὰς
2202 4808 2437 4879 ἀμοιϐὰς
2472 4808 2859 4878 κομισάμενος,
2902 4807 2995 4861 καὶ
3034 4810 3092 4860 ἐν
3129 4808 3394 4879 ἀσφαλείᾳ
3430 4808 3510 4861 λοι

1873 4899 1974 4952 πὸν
2022 4896 2259 4966 γεγονὼς
2284 4935 2299 4960 ,
2348 4896 2443 4949 καὶ
2498 4895 2641 4967 ὁρῶν
2689 4897 2748 4949 ἑν
2796 4895 3093 4966 ὀφθαλμοῖς
3143 4895 3235 4948 τὸν
3284 4895 3541 4966 μέλλοντα

1871 4983 2211 5055 διαδέχεσθαι
2252 4982 2418 5036 αὑτοῦ
2461 4982 2552 5036 τὸν
2595 4982 2815 5055 κλῆρον,
2856 4982 2997 5035 οὑτω
3047 4982 3182 5053 μετά
3214 4982 3393 5045 ἀδείας
3415 4984 3541 5035 καθ-

1873 5074 2140 5144 ειστήκει,
2176 5071 2439 5142 μεγίστην
2465 5069 2712 5123 ἐντεῦθεν
2748 5070 3101 5141 παραμυθίαν
3138 5069 3535 5141 καρπούμενος.

1886 5160 2024 5213 Ἀλλ’
2063 5161 2092 5212 6
2116 5158 2187 5212 τά
2217 5158 2505 5229 ἀπόρρητα
2539 5158 2641 5227 τῆς
2666 5157 2903 5221 διανοίας
2940 5158 3323 5228 ἐπιστάμενος,
3353 5156 3539 5233 βουλό-

1880 5248 2041 5318 μενος
2068 5247 2201 5317 ἡμῖν
2235 5244 2539 5315 ἐκκαλύψαι
2572 5244 2666 5297 τοῦ
2701 5244 2909 5298 δικαίου
2947 5246 3045 5315 τὴν
3084 5245 3306 5317 ἀρετὴν,
3335 5244 3539 5300 καὶτὸν

1873 5335 2039 5388 πολὺν
2069 5334 2251 5397 πόθον,
2270 5333 2330 5386 δν
2350 5334 2478 5403 περὶ
2500 5332 2660 5387 αὑτὸν
2678 5333 3041 5395 ἐπεδείκνυτο,
3064 5332 3201 5402 μετὰ
3224 5333 3319 5396 τὰς
3344 5332 3539 5386 τοσαύ-

1872 5442 1967 5486 τας
1989 5422 2328 5492 ὑποσχέσεις,
2360 5423 2455 5474 καὶ
2485 5422 2685 5491 ταύτην
2697 5421 2795 5491 τὴν
2818 5421 3127 5492 πρόσφατον
3143 5422 3533 5493 γεγενημένην,

1873 5513 1969 5566 καὶ
2008 5505 2076 5582 ἦς
2126 5512 2227 5582 τὴν
2277 5511 2501 5581 μνήμην
2549 5508 2770 5564 ἔναυλον
2805 5504 2949 5579 εἶχεν
2993 5508 3161 5581 [474],
3210 5511 3299 5564 ὅτε
3349 5509 3534 5563 λοιπὺν

1938 5670 2236 5733 ⁸Ἐπείραζε,
2256 5667 2554 5725 tentabat,sic
2575 5668 2721 5733 etiam
2749 5664 2866 5714 infra
2890 5666 2938 5733 in
2962 5666 3102 5724 Mon,
3124 5666 3171 5713 in
3203 5666 3332 5733 εἶξιν,
3355 5680 3402 5713 ιη
3419 5680 3529 5733 ιπη-

1873 5728 2121 5791 nibusque'
2135 5732 2332 5780 omnino
2355 5744 2491 5787 mss.,
2525 5737 2575 5776 ul
2620 5729 2751 5774 nulla
2780 5729 2926 5786 possit
2961 5739 3070 5791 esse:
3111 5731 3273 5791 meum
3296 5728 3529 5791 suspicio,

1879 5786 2167 5853 certumque
2190 5791 2253 5840 sit
2280 5786 3104 5853 ilalegiSseChl-xsoglumulnaAtin
3128 5786 3533 5837 ράἰιίοιιίὺυετὼν

1878 5862 1920 5906 Ο
1935 5854 1945 5869 ’
1966 5849 2147 5915 legililr
2169 5849 2644 5916 ἐπείροισεξιεηιαυὶῑζ
2793 5849 2939 5897 Alex.
2968 5851 3193 5916 ἐπείραζε.

1936 5917 1968 5957 δ
1989 5912 2535 5975 Α’ᾱᾱίὸίιηιιέτεχθέντας
2556 5925 2585 5961 e
2612 5912 2757 5963 Coisl.
2788 5919 2841 5961 et
2864 5925 3015 5973 marg.
3042 5912 3185 5963 Savil.
3211 5912 3295 5972 qui
3321 5912 3371 5959 in
3393 5914 3531 5960 textu

1869 5979 2186 6042 τικτομένους,
2214 5977 2293 6024 καὶ
2313 5975 2516 6029 ταύταις.
