4084 6356
521 317 628 372 1‘39

525 434 582 484 ἐν
611 429 795 501 ἡλικίᾳ
825 429 1045 498 γέγονεν
1080 430 1108 482 6
1150 429 1356 495 Ἰσαάκ,
1384 430 1476 483 καὶ
1525 432 1583 483 ἐν
1628 431 1776 500 αὐτῷ
1804 432 1882 502 τῷ
1905 431 2054 486 ἄνθει
2085 434 2189 502 τῆς

524 517 1140 587 ηιικίαςέτύγχανε.κα“ι
1197 516 1287 570 τὸν
1331 517 1496 570 πόθον
1523 517 1618 571 τοῦ
1671 519 1876 590 πατρὸς
1917 520 2006 572 τὸν
2060 519 2189 590 περὶ

523 605 686 658 αὐτὸν
705 601 772 676 ἦν
802 605 926 656 ἰδεῖν
959 603 1338 674 αὐξανόμενον,
1361 605 1481 657 τότε
1514 605 1649 674 μετά
1678 606 1744 658 τά
1769 607 1987 676 ῥήματα
2013 605 2187 659 ταῦτα

526 693 622 758 τῆς
645 689 992 757 ἐπαγγελίας,
1019 691 1110 742 καὶ
1131 689 1266 758 μετά
1296 690 1356 742 16
1389 692 1583 754 εἰπεῖν,
1612 692 1693 743 ὅτι
1733 693 1830 743 Ἐν
1856 689 2017 754 αὐτῷ
2041 695 2189 758 κλη-

526 778 774 842 θήσεταί
825 793 922 829 σοι
957 776 1215 844 σπέρμα,
1249 777 1343 829 καὶ
1394 777 1554 838 αὐτὸς
1599 778 1748 831 ἔσται
1789 795 1881 830 σου
1921 777 2182 848 διάδοχος·

525 865 681 917 Μετὰ
711 863 781 916 τὰ
799 863 1036 930 ῥήματα
1059 863 1242 916 ταῦτα
1272 867 1304 916 ό
1332 863 1475 929 Θεὸς
1498 864 1762 931 ἐπείραζε
1786 865 1892 917 τὸν
1920 864 2184 932 Ἀϐραάμ.

525 950 590 1002 Τί
648 952 813 1014 ἐστιν,
857 947 1230 1017 Ἐπείραζεν;
1279 951 1390 1019 Οὐχ
1423 950 1497 1013 ὡς
1553 951 1710 1014 αὐτὸς
1766 951 1994 1018 ἀγνοῶν,
2053 951 2188 1004 ἀλλά

524 1036 800 1104 προσῆγεν
832 1035 980 1105 αὐτῷ
1015 1036 1112 1104 τὴν
1149 1037 1362 1106 πεῖραν,
1406 1036 1490 1088 ἵνα
1523 1037 1617 1089 καὶ
1666 1039 1711 1088 οί
1747 1037 1866 1088 τότε
1894 1036 2184 1106 παρόντες,

526 1123 620 1176 καὶ
642 1123 690 1174 οἱ
713 1121 772 1185 ἐξ
810 1123 1017 1175 ἐκείνου
1072 1122 1231 1192 μέχρι
1264 1121 1356 1174 τοῦ
1401 1123 1666 1192 παρόντος
1699 1123 2060 1176 παιδεύωνται
2096 1122 2187 1176 τὸν

525 1209 686 1262 αὐτὸν
719 1209 880 1263 πόθον
902 1209 980 1280 τῷ
1003 1209 1336 1280 πατριάρχῃ,
1366 1211 1460 1262 καὶ
1483 1209 1580 1280 τὴν
1615 1209 1859 1280 ὑπακοὴν
1887 1211 2190 1262 ἐπιδείκνυ-

530 1296 652 1348 σθαι
705 1297 835 1368 περὶ
878 1299 947 1351 τὰ
987 1296 1081 1348 τοῦ
1117 1297 1388 1349 Δεσπότου
1438 1297 1856 1367 προστάγματα.
1894 1298 2000 1369 Καὶ
2036 1294 2186 1364 εἷπε,

529 1383 682 1452 φησὶ,
726 1387 874 1451 πρὸς
909 1385 1122 1437 αὐτόν·
1164 1383 1440 1451 Ἀϐραὰμ,
1475 1382 1749 1452 Ἀϐραάμ,
1784 1385 1847 1436 ὀ
1885 1385 1953 1436 δὲ
1989 1381 2183 1437 εἶπεν.

541 1470 695 1525 Ἰδοὺ
723 1470 854 1539 ἐγώ.
885 1470 949 1522 Τί
987 1470 1232 1540 βούλεται
1271 1472 1299 1522 6
1341 1469 1433 1523 τοῦ
1475 1470 1737 1540 ὀνόματος
1761 1471 2188 1540 διπλασιασμός;

528 1559 641 1627 Τῆς
667 1559 863 1628 πολλῆς
899 1559 1109 1621 εὐνοίας
1148 1561 1246 1628 τῆς
1279 1560 1408 1628 περὶ
1438 1559 1529 1611 τὸν
1571 1560 1912 1630 πατριάρχην
1967 1558 2190 1628 σημεῖόν

529 1648 664 1711 ἐστι,
697 1649 789 1699 καὶ
809 1646 1013 1699 ἐδείκνυ
1039 1647 1186 1716 αὐτῷ
1225 1647 1320 1698 καὶ
1345 1645 1434 1698 διά
1469 1649 1569 1716 τῆς
1597 1647 1861 1717 κλήσεως,
1892 1647 1976 1698 ὃτι
2005 1644 2186 1716 μέλλει

525 1748 582 1786 τι
634 1733 742 1786 τῶν
794 1733 1105 1801 ἀναγκαίων
1155 1733 1300 1803 αὐτῷ
1350 1734 1674 1787 ἐπιτάττειν.
1750 1731 2186 1804 Παρασκευάζων

525 1820 705 1873 τοίνυν
734 1821 893 1874 αὐτὸν
929 1823 1197 1873 συντεῖναι
1228 1821 1416 1873 ἐαυτὸν
1468 1821 1563 1873 καὶ
1615 1820 1751 1890 μετά
1776 1819 2006 1892 σπουδῆς
2025 1835 2185 1889 προσ-

533 1907 674 1972 έχειν
708 1908 820 1971 τοῖς
881 1907 1010 1980 παρ’
1032 1907 1196 1961 αὐτοῦ
1225 1908 1559 1978 λεγομένοις,
1577 1907 1656 1977 τῷ
1683 1907 2063 1977 διπλασιασμῷ
2089 1907 2188 1976 τῆς

527 1995 772 2066 κλήσεως
816 1997 1104 2066 ἐχρήσατο,
1148 1995 1239 2049 καί
1287 2012 1473 2064 φησιν·
1512 1995 1777 2064 Ἀϐραὰμ,
1824 1993 2094 2063 Ἀϐραάμ.
2127 1993 2188 2046 '0

525 2080 594 2132 δὲ
608 2078 791 2136 εἶπεν·
819 2083 973 2136 Ἰδοὺ
995 2081 1127 2151 ἐγώ.
1162 2081 1268 2136 Καὶ
1299 2082 1457 2134 εἴπεο
1483 2080 1637 2134 Λάϐε
1665 2080 1770 2133 τόν
1785 2080 1918 2134 υἱόν
1939 2096 2054 2134 σου
2077 2079 2186 2132 τὸν

525 2169 855 2236 ἀγαπητόν,
895 2169 965 2221 ὃν
991 2167 1335 2238 ἠγάπησας,
1358 2168 1464 2220 τὸν
1505 2167 1834 2233 ’1σαὰκ,καί
1873 2168 2184 2235 πορεύθητι

525 2260 610 2322 εὶς
640 2257 753 2325 τὴν
781 2257 898 2328 γῆν
923 2258 1037 2326 τὴν
1089 2257 1371 2326 ὑψηλὴν,
1430 2257 1528 2310 καὶ
1567 2255 1852 2324 ἀνένεγκε
1886 2257 2074 2310 αὐτὸν
2101 2257 2188 2321 εις

527 2344 948 2413 ὀλοκάρπωσιν
988 2345 1082 2413 ἐφ’
1122 2343 1196 2397 ἓν
1247 2342 1366 2396 τῶν
1399 2344 1603 2410 ὀρέων,
1638 2337 1725 2396 ὧν
1752 2343 1830 2396 ἄν
1865 2359 1963 2396 σοι
2017 2343 2181 2396 εἴπω.

528 2430 718 2499 Μέγας
745 2433 773 2483 6
798 2427 958 2499 ὄγκος
988 2431 1081 2484 τοῦ
1109 2431 1499 2501 ἐπιτάγματος,
1533 2430 1960 2501 καὶύπερϐαῖνον
1983 2428 2192 2499 ἀνθρω-

528 2520 689 2590 πίνην
722 2517 882 2588 φύσιν
904 2519 964 2571 16
995 2522 1241 2591 πρᾶγμα.
1271 2518 1426 2572 Λάϐε
1459 2518 1567 2572 τὸν
1590 2519 1722 2572 υἱόν
1751 2535 1867 2572 σου
1905 2517 2010 2570 τὸν
2038 2518 2182 2581 ἀγα-

528 2605 748 2673 πητὸν,
780 2607 852 2660 ὃν
882 2607 1224 2676 ἠγάπησας,
1253 2605 1358 2660 τὸν
1398 2605 1616 2660 Ἰσαάκ.
1649 2607 1789 2678 Ὀρα
1840 2605 1958 2669 πῶς
1984 2605 2050 2658 δι’
2085 2604 2185 2657 αὐ-

526 2693 633 2746 τῶν
662 2693 769 2746 τῶν
793 2695 1052 2766 ῥημάτων
1089 2694 1307 2765 μείζονα
1335 2694 1432 2766 τὴν
1460 2693 1639 2766 πυράν
1683 2693 1930 2759 ἀνάπτει,
1961 2693 2054 2746 καὶ
2087 2691 2186 2763 τῆν

525 2781 755 2850 κάμινον
813 2781 912 2851 τῆς
958 2780 1338 2854 φιλοστοργίας
1385 2780 1479 2834 τοῦ
1544 2781 1774 2846 δικαίου,
1825 2783 1889 2850 ἢν
1926 2781 2054 2850 περὶ
2096 2780 2186 2832 τὸν

538 2867 724 2922 Ἰσαὰκ
746 2868 1024 2940 ἐκέκτητο,
1058 2870 1412 2941 σφοδρότερον
1433 2870 1708 2940 διεγείρει.
1734 2868 1888 2922 Λάϐε
1922 2869 2028 2920 τὸν
2052 2868 2186 2920 υἱόν

527 2973 642 3012 σου
662 2957 766 3010 τὸν
780 2956 1106 3025 ἀγαπητὸν,
1129 2955 1200 3008 ὃν
1223 2957 1562 3025 ἠγάπησας,
1577 2955 1683 3008 τὸν
1697 2954 2188 3008 ’1σαάκ.Ἔκαστον

529 3043 651 3096 καθ’
674 3043 835 3095 ἑαυτὸ
879 3043 1058 3095 ἱκανὸν
1106 3042 1424 3095 καθικέσθαι
1478 3043 1575 3112 τῆς
1623 3041 1716 3094 τοῦ
1746 3041 1950 3094 δικαίου
1991 3041 2188 3110 ψυχῆς.

529 3131 605 3182 υύ
630 3129 737 3199 γὰρ
770 3129 954 3191 ἁπλῶς
985 3124 1125 3194 εἷπε,
1153 3129 1264 3182 Τὸν
1301 3128 1520 3191 Ἰσαὰκ,
1551 3128 1685 3181 ἀλλά
1714 3127 2039 3198 προσέθηκε,
2079 3129 2189 3179 Τὸν

530 3218 663 3270 υίόν
688 3230 825 3278 σου,
869 3215 928 3268 ὃν
967 3216 1117 3287 παρά
1173 3217 1350 3269 πᾶσαν
1389 3215 1712 3286 προσδοκίαν
1746 3217 1981 3286 ἐκτήσω,
2007 3215 2101 3268 καὶ
2127 3216 2186 3266 ἐν

529 3301 678 3372 αὐτῷ
704 3301 782 3372 τῷ
810 3304 954 3372 γήρᾳ
987 3305 1132 3372 σχεῖν
1158 3302 1442 3372 ὴδυνήθης,
1480 3303 1589 3355 Τὸν
1617 3303 1946 3371 ἀγαπητὸν,
1977 3301 2068 3355 τὸν
2091 3318 2188 3354 πε-

535 3389 821 3460 ριπόθητόν
851 3406 964 3453 σου,
991 3389 1050 3442 ὃν
1084 3389 1515 3461 μεθ’ὐπερϐολῆς
1547 3391 1784 3460 ἀγαπᾷς,
1825 3390 1930 3443 τὸν
1969 3389 2184 3455 Ἰσαὰκ,

513 3477 592 3529 ’ὃν
615 3477 858 3547 διάδοχον
881 3476 1023 3542 ’ἐξειν
1055 3477 1382 3549 προσδοκᾷς,
1443 3477 1505 3541 ἐξ
1537 3472 1598 3531 οὐ
1622 3478 1716 3530 καὶ
1747 3478 1806 3530 τὸ
1841 3479 2060 3550 σπέρμα
2095 3497 2189 3534 σου

533 3563 790 3631 αὔξεσθαι
822 3565 1254 3636 ἐπηγγειλάμην,
1289 3565 1382 3617 καὶ
1404 3563 1656 3618 τοσοῦτον
1687 3564 1965 3630 αῦξεσθαι,
1994 3567 2069 3630 ὡς
2108 3567 2184 3640 τῷ

533 3652 724 3725 πλήθει
756 3652 864 3706 τῶν
893 3653 1127 3724 ἄστρων,
1156 3654 1249 3705 καὶ
1293 3655 1358 3724 τῇ
1393 3652 1560 3724 ἄμμῳ
1594 3655 1660 3724 τῇ
1699 3653 1850 3724 παρά
1902 3655 1962 3707 τὸ
2015 3657 2192 3724 χεῖλος

534 3742 630 3812 τῆς
665 3741 939 3809 θαλάσσης
969 3740 1310 3812 ἐξισωθῆναι.
1351 3739 1551 3793 Τοῦτον
1581 3737 1672 3794 οῦν
1699 3741 1862 3795 αὐτὸν
1887 3741 2061 3804 Λάϐε,
2091 3743 2187 3796 καὶ

534 3831 848 3896 πορεύθητι
870 3831 956 3893 εὶς
999 3827 1112 3895 τὴν
1154 3826 1272 3896 γῆν
1310 3827 1425 3896 τὴν
1465 3829 1734 3896 ὑψηλὴν,
1777 3827 1876 3883 καὶ
1907 3828 2191 3898 ἀνένεγκε

533 3917 718 3970 αὐτὸν
735 3917 863 3970 ἐκεῖ
877 3919 963 3980 εὶς
990 3917 1404 3969 ὁλοκαύτωσιν
1425 3916 1513 3984 ἐφ’
1541 3915 1610 3968 ἐν
1641 3915 1756 3968 τῶν
1779 3915 1964 3983 ὀρέων
1991 3911 2078 3970 ὧν
2112 3917 2192 3970 άν

535 4019 631 4056 σοι
655 4005 820 4057 εἴπω.
881 4002 1170 4072 θαυμάσαι
1223 4019 1310 4072 μοι
1359 4002 1557 4062 ἔπεισι,
1603 4001 1718 4064 πῶς
1748 4004 1841 4054 καὶ
1878 4002 1975 4074 τὴν
2024 4005 2192 4074 ἀκοὴν

535 4090 764 4157 ἤνεγκεν
792 4089 820 4141 6
849 4087 1077 4150 δίκαιος.
1110 4085 1312 4139 Τοῦτον
1353 4085 1462 4158 γὰρ
1499 4086 1682 4148 αὐτὸν,
1736 4087 1887 4155 φησὶ,
1927 4087 2016 4140 τὸν
2049 4088 2192 4142 οὕτω

537 4189 619 4223 σοι
650 4170 1031 4240 περιπόθητον,
1063 4169 1325 4237 ἀνένεγκέ
1379 4187 1467 4240 μοι
1519 4173 1599 4232 είς
1625 4169 1989 4223 ὁλοκαύτωσιν
2022 4174 2104 4240 ἐφ’
2133 4173 2191 4227 ἓν

535 4252 642 4304 τῶν
675 4253 866 4322 ὀρέων.
911 4253 976 4304 Τί
1003 4248 1094 4306 οῦν
1124 4255 1153 4306 6
1181 4252 1386 4314 δίκαιος
1413 4271 1427 4318 ;
1483 4253 1598 4306 Οὐκ
1625 4252 1898 4322 ἐταράχθη
1925 4254 2015 4306 τὸν
2041 4253 2192 4324 λογι-

539 4335 693 4404 σμδν,
737 4335 796 4386 οὐ
849 4334 1114 4405 συνεχύθη
1143 4334 1241 4404 τὴν
1282 4334 1540 4394 διάνοιαν,
1566 4335 1666 4386 οὐκ
1693 4335 1939 4404 ⁴ίγπόρησε
1970 4335 2104 4405 πρὸς
2131 4337 2192 4389 16

536 4418 686 4480 ξένον
713 4417 804 4468 τοῦ
835 4418 1223 4487 ἐπιτάγματος,
1261 4418 1360 4470 οὐκ
1409 4417 1712 4486 ἐνενόησεν,
1756 4417 1856 4469 οὐκ
1911 4415 2190 4485 ἐλογίσατο

537 4500 671 4571 πρὸς
693 4499 974 4552 ἐαυτόψΤί
990 4499 1175 4565 τοῦτο;
1199 4503 1227 4552 ὁ
1259 4500 1410 4571 παρά
1436 4503 1612 4553 πᾶσαν
1630 4500 1955 4570 προσδοκίαν
1971 4503 2190 4572 σπέρμα

535 4585 917 4654 καρισάμενος,
950 4586 977 4635 6
1001 4583 1089 4635 διὰ
1117 4581 1213 4654 τὴν
1241 4585 1446 4637 οἰκείαν
1502 4584 1911 4654 φιλανθρωπίαν
1953 4585 2050 4656 τὴν
2085 4589 2190 4658 μή-

536 4682 673 4735 τραν
729 4665 828 4734 τῆς
881 4665 1094 4736 Σάρρας
1154 4666 1496 4736 ζωογονήσας
1550 4665 1938 4738 νεκρωθεῖσαν,
2001 4668 2187 4721 λοιπὸν

539 4749 678 4818 μετὰ
707 4749 767 4802 τὸ
787 4749 1358 4820 γαλακτοτροφηθῆναι
1411 4751 1504 4803 καὶ
1535 4749 1855 4820 αὐξηθῆναι,
1885 4751 1978 4804 καὶ
2005 4751 2190 4806 λοιπὸν

537 4835 596 4885 ἐν
633 4831 818 4902 ἡλικία
842 4831 1110 4899 γενέσθαι,
1167 4833 1437 4901 σφαγῆναι
1485 4831 1545 4884 16
1595 4831 1786 4900 τεχθέν
1836 4849 1924 4902 μοι
1954 4832 2187 4899 κελεύει,

536 4916 629 4968 καὶ
657 4917 735 4978 είς
761 4914 1119 4968 ὁλοκαύτωσιν
1144 4916 1510 4986 ἀνενεχθῆναι·
1541 4916 1568 4967 6
1601 4915 1704 4985 πρὸ
1728 4915 1968 4985 βραχέως
2002 4915 2188 4980 εἰπὼν,

550 4999 650 5051 Ἐν
685 4997 843 5062 αὐτῷ
883 4998 1250 5064 κληθήσεταί
1277 5017 1372 5052 σοι
1407 5000 1661 5068 σπέρμα,
1700 5000 1793 5052 νῦν
1850 5000 1917 5052 τὰ
1974 5002 2191 5054 ἐναντία

535 5080 844 5146 ἐπιτάττει;
875 5081 984 5132 Καὶ¹
1013 5080 1129 5144 πῶς
1162 5081 1226 5133 ἂν
1251 5083 1331 5143 είς
1382 5082 1540 5152 ἔργον
1571 5081 1773 5147 ἐξέλθοι
1804 5083 1934 5134 ποτέ
1964 5083 2033 5134 τὰ
2063 5084 2189 5153 παρ’

534 5163 696 5215 αὐτοῦ
717 5162 1151 5230 ἐπαγγελθέντα;
1184 5163 1332 5235 [475}
1359 5165 1481 5226 Πῶς
1511 5165 1618 5236 γὰρ
1662 5160 1772 5217 οἷόν
1810 5182 1870 5216 τε
1899 5165 1997 5234 τῆς
2036 5165 2190 5236 ῥίζης

535 5242 938 5312 ἐκτεμνομένης
965 5245 1090 5305 τοὺς
1118 5243 1344 5306 κλάδους
1375 5242 1575 5312 φυῆναί
1604 5261 1754 5305 ποτε,
1790 5243 1823 5313 ἥ
1852 5243 1945 5296 τοῦ
1972 5244 2188 5315 δένδρου

535 5325 932 5395 ἐκκοπτομένου
965 5325 1057 5377 16v
1094 5326 1303 5396 καρπὸν
1335 5327 1640 5395 ἐνεχθῆναι,
1675 5325 1707 5396 ἢ
1742 5326 1843 5396 τῆς
1891 5327 2071 5396 πηγῆς
2099 5327 2192 5396 ξη-

536 5403 820 5476 ρανθείσης
849 5405 1128 5471 ποταμοὺς
1155 5405 1513 5474 ἀναδοθῆναι;
1546 5406 1701 5458 Κατά
1733 5406 1832 5475 μέν
1857 5407 1954 5476 τὴν
1985 5407 2190 5477 ἀνθρω·

536 5481 694 5547 πίνην
718 5479 1034 5534 ἀκολουθίαν
1087 5483 1256 5536 ταῦτα
1297 5483 1550 5550 γενέσθαι
1585 5483 1890 5555 ἀμήχανον·
1943 5484 2076 5536 Θεοῦ
2134 5486 2190 5538 δέ

537 5558 885 5631 βουληθέντος
918 5561 1095 5614 πάντα
1129 5562 1382 5629 γενέσθαι
1423 5562 1664 5614 δυνατόν.

608 5645 672 5714 β’.
727 5643 888 5696 Ἀλλά
920 5645 1122 5698 τούτων
1139 5648 1236 5717 μέν
1247 5648 1399 5700 οὐδὲν
1425 5648 1706 5715 ἐλογίσατο
1734 5648 1760 5698 6
1785 5646 1990 5708 δίκαιος
2015 5639 2186 5709 οὗτος,

532 5724 668 5784 ἀλλὰ
685 5722 934 5793 καθάπερ
950 5724 1244 5795 εὐγνώμων
1260 5726 1496 5798 οἰκέτης,
1523 5727 1699 5780 πάντα
1720 5727 1974 5794 λογισμὸν
1993 5726 2088 5777 ἀνθ
2096 5725 2192 5797 ρώ-

534 5821 688 5859 πινον
744 5803 1139 5872 παρωσάμενος
1159 5846 1171 5866 ,
1205 5809 1322 5871 ἐνὸς
1355 5809 1512 5878 μόνου
1543 5807 1771 5875 ἐγίνετο,
1799 5806 1892 5860 τοῦ
1922 5805 1980 5858 16
2011 5808 2191 5861 ἐπιτα-

533 5885 660 5956 χθὲν
687 5882 766 5943 είς
793 5881 953 5949 ἔργον
998 5883 1248 5951 ἀγαγεῖν,
1279 5889 1374 5939 καὶ
1428 5887 1614 5958 ῶσπερ
1645 5885 1800 5948 ἐκτὸς
1829 5883 2064 5953 γεγονὼς
2094 5887 2190 5956 τῆς

533 5959 875 6031 ἀνθρωπείας
904 5958 1138 6027 φύσεως,
1175 5966 1268 6017 καὶ
1297 5967 1472 6021 πᾶσαν
1500 5966 1839 6036 συμπάθειαν
1879 5964 1970 6018 καὶ
1992 5979 2185 6033 πατρι-

1302 313 1356 368 S.
1399 313 1681 370 JOANNIS
1720 313 2206 371 CHRYSOSTOM!
2247 317 2559 374 ARCIIIEI‘.
2599 322 3148 382 (IUNSTA'NTINOP.

3864 329 3994 383 ιτςι)

2288 434 2389 503 κὴν
2422 439 2802 507 φιλοστοργίαν
2828 441 3085 512 δευτέραν
3139 443 3486 513 ἡγησάμενος
3526 443 3634 496 τῶν
3677 444 3780 498 τοῦ
3827 444 3992 496 Θεοῦ

2285 519 2743 588 προσταγμάτων,
2775 521 2867 572 ἐπὶ
2892 520 2992 590 τὴν
3020 521 3367 592 ἐκπλήρωσιν
3395 523 3639 575 ἔσπευδε.
3673 523 3792 577 Kal
3825 525 3996 576 ἁνα-

2285 597 2457 662 στὰς,
2515 599 2696 668 φησὶν,
2741 601 2992 668 ’Λϐραὰμ
3039 601 3104 653 τό
3138 601 3308 667 πρωϊ,
3365 601 3626 664 ἐπέσαξε
3664 603 3788 667 τὴν
3824 601 3994 654 ὄνον

2285 675 2492 728 αὑτοῦ.
2543 678 2845 744 Παρέλαϐε
2895 680 2963 731 δὲ
3009 681 3138 747 μεθ’
3172 680 3388 733 ἑαυτοῦ
3435 681 3544 733 δύο
3601 680 3834 746 παῖδας
3871 679 3991 731 καὶ

2298 755 2501 807 Ἰσαὰκ
2538 756 2642 808 τὸν
2675 757 2805 808 υἱὸν
2833 758 3040 810 αὑτοῦ·
3085 760 3179 811 καὶ
3226 760 3452 827 σχίσας
3491 760 3646 822 ξύλα
3672 763 3766 824 εις
3821 760 3986 811 ὀλο-

2285 831 2593 897 κάρπωσιν
2616 835 2883 900 ἀναστὰς
2911 837 3222 902 ἐπορεύθη,
3246 838 3342 890 καὶ
3373 833 3557 903 ἦλθεν
3593 837 3688 889 ἐπὶ
3723 837 3844 888 τὸν
3876 837 3994 886 τό-

2288 925 2423 972 πον,
2452 910 2523 962 ὃν
2547 906 2715 964 εἶπεν
2740 912 2950 977 αύτῷό
2983 915 3143 979 Θεὸς,
3183 913 3254 981 τῇ
3286 914 3472 982 ἡμέρᾳ
3505 914 3580 982 τῇ
3620 914 3993 982 τρίτῃ.”ορα

2286 989 2376 1040 16v
2405 989 2777 1062 φιλάνθρωπον
2807 993 3099 1061 Δεσπότην,
3136 994 3251 1056 πῶς
3274 994 3367 1046 καὶ
3406 997 3462 1046 ἐν
3507 994 3584 1064 τῷ
3627 995 3991 1062 διαστήματι

2289 1067 2568 1136 βασανίζει
2622 1069 2715 1122 τοῦ
2769 1070 2977 1123 δικαίου
3031 1072 3126 1142 τὴν
3181 1073 3405 1142 ἀρετήν.
3452 1074 3738 1142 Ἐννόησον
3787 1073 3992 1123 δὲκαὶ

2285 1145 2376 1198 τὸν
2408 1147 2612 1200 δίκαιον
2633 1148 2682 1201 τί
2714 1149 2858 1212 είκδς
2891 1146 2958 1220 ἦν
2989 1151 3278 1219 ὑπομένειν
3308 1155 3426 1214 ταῖς
3448 1153 3621 1222 τρισὶν
3649 1151 3908 1222 ἡμέραις
3930 1164 3989 1214 ³,

2287 1225 2448 1276 αὐτὸν
2494 1225 2614 1278 καθ’
2653 1227 2844 1279 ἐαυτὸν
2888 1229 2984 1297 μὲν
3049 1229 3501 1300 ἀναλογιζόμενον
3540 1230 3598 1282 16
3650 1230 3989 1296 ἐπίταγμα,

2288 1304 2381 1354 καὶ
2428 1303 2508 1356 ὃτι
2539 1303 2699 1365 αὐτὸς
2735 1305 2918 1373 μέλλει
2939 1309 3059 1368 ταῖς
3089 1307 3316 1370 οἰκείαις
3346 1307 3500 1378 χερσὶ
3541 1307 3632 1360 τὸν
3681 1307 3839 1359 οὕτω
3870 1322 3992 1356 πτο-

2288 1379 2548 1450 θούμενον
2577 1384 2801 1450 σφάζειν
2843 1386 2958 1436 υἱὸν
3001 1385 3423 1456 ἐνθυμούμενον,
3457 1386 3630 1439 οὐδενὶ
3652 1386 3707 1438 δὲ
3736 1385 3808 1437 τὸ
3837 1385 3994 1453 πρᾶ-

2290 1477 2407 1528 γμα
2441 1461 2801 1515 κοινώσασθαι
2831 1463 3043 1534 ἔχοντα·
3074 1466 3169 1517 καὶ
3196 1464 3581 1534 καταπλάγηθι
3602 1465 3701 1534 τὴν
3729 1462 3990 1531 γνώμην

2287 1539 2450 1591 αὐτοῦ
2480 1541 2578 1608 τὴν
2609 1539 2854 1606 φιλόθεον
2896 1543 2990 1594 καὶ
3028 1543 3129 1612 τὴν
3171 1543 3404 1595 σύνεσιν.
3439 1542 3663 1611 Ἐπειδὴ
3706 1542 3827 1611 γὰρ

2285 1617 2345 1669 16
2376 1617 2604 1686 μέγεθος
2633 1617 2726 1670 τοῦ
2764 1620 3154 1688 ἐπιτάγματος,
3185 1621 3359 1672 οὐδενὶ
3390 1621 3524 1684 ὅλως
3552 1621 3708 1673 τοῦτο
3763 1626 3990 1688 γνώριο

2289 1712 2386 1765 μον
2418 1698 2579 1754 ποιεῖ,
2607 1695 2728 1748 οὐτε
2755 1700 2864 1759 τοῖς
2895 1699 3102 1758 παισὶν.
3151 1697 3272 1750 οὐτε
3301 1698 3447 1768 αὐτῴ
3474 1697 3550 1768 τῷ
3585 1700 3799 1760 Ἰσαὰκ,
3835 1699 3991 1749 ἀλλὰ

2289 1775 2446 1844 μόνος
2481 1774 2602 1827 καθ’
2659 1776 2848 1828 ἑαυτὸν
2889 1777 2977 1828 τὸν
3025 1777 3212 1845 ἀγῶνα
3261 1777 3447 1830 τοῦτον
3489 1778 3819 1847 ἠγωνίζετο,
3880 1779 3989 1829 καὶ

2286 1851 2536 1922 καθάπερ
2587 1851 2798 1922 ἀδάμας
2851 1871 2934 1917 τις
2972 1854 3144 1918 οὕτως
3173 1853 3612 1923 ἀκαταγώνιστος
3639 1855 3835 1925 ἔμενε,
3871 1855 3988 1923 τὴν

2286 1930 2535 1999 ἀνδρείαν
2578 1932 2684 1985 τῶν
2712 1933 2985 2003 λογισμῶν
3020 1935 3488 2004 ἐπιδεικνύμενος,
3523 1934 3641 1986 οὐδέ
3673 1933 3986 2004 πολυπρα-

2286 2009 2524 2078 γμονῶν,
2549 2009 2665 2062 ἀλλ’
2694 2011 2859 2063 είκων
2897 2013 3033 2078 μετά
3064 2013 3257 2066 πολλοῦ
3279 2012 3371 2065 τοῦ
3402 2015 3566 2065 πόθου
3595 2011 3670 2081 τῷ
3697 2017 3802 2064 τοῦ
3831 2011 3987 2064 Θεοῦ

2285 2086 2532 2157 νεύματι.
2568 2089 2678 2142 Καὶ
2709 2090 2896 2159 ἐπειδὴ
2929 2093 3058 2162 περὶ
3083 2093 3175 2145 16v
3198 2095 3362 2146 τόπον
3392 2092 3641 2161 ἔφθασεν.
3681 2091 3988 2144 Ἀναϐλέ-

2286 2170 2426 2234 ψας,
2471 2170 2654 2240 φησὶν,
2698 2171 2942 2240 Ἀϐραάμ
2968 2171 3093 2238 τοῖς
3121 2173 3449 2242 ὀφθαλμοῖς
3467 2171 3670 2234 αὑτοῦ,
3693 2168 3823 2226 εἶδε
3853 2172 3989 2223 τόν

2285 2249 2471 2300 τόπον
2535 2250 2855 2317 μακρόθεν,
2925 2251 3024 2304 καὶ
3095 2249 3225 2305 εἷπε
3286 2253 3410 2318 τοῖς
3459 2251 3670 2304 παισίν
3719 2251 3938 2303 αὐτο-ὗ
3967 2268 3985 2281 ο

2285 2328 2580 2380 Καθίσατε
2623 2328 2809 2382 αὑτοῦ
2860 2330 3012 2398 μετά
3065 2330 3175 2397 τῆς
3223 2329 3389 2384 ὄνου.
3428 2330 3571 2398 Ὅρα
3602 2329 3692 2381 καὶ
3718 2327 3987 2380 ἐνταῦθα

2283 2405 2378 2459 τοῦ
2426 2406 2634 2460 δικαίου
2700 2406 2795 2478 τὴν
2849 2408 3044 2480 πολλὴν
3110 2408 3344 2462 σύνεσινο
3401 2409 3494 2462 καί⁵
3575 2407 3697 2470 τούς
3760 2407 3986 2468 παῖδας

2284 2484 2464 2537 λαθεῖν
2521 2486 2789 2554 ἐϐούλετο,
2843 2487 2932 2542 διά
2990 2488 3208 2541 πάντων
3266 2488 3477 2550 δεικνὺς
3533 2486 3614 2538 ὅτι
3658 2484 3804 2556 μετὰ
3836 2501 3987 2554 προ-

2286 2564 2484 2627 θυμίας
2508 2565 2734 2633 ζεούσης
2764 2568 2858 2619 καὶ
2901 2567 3290 2636 ἐπιτεταμένου
3323 2567 3486 2618 πόθου
3517 2562 3762 2635 πληροῦν
3805 2564 3984 2615 €605-

2284 2645 2406 2698 λετο
2431 2647 2492 2698 16
2520 2646 2597 2716 τῷ
2624 2645 2744 2714 Θεῷ
2770 2645 2980 2698 δοκοῦν.
3027 2645 3240 2716 Ἐπειδὴ
3265 2645 3372 2715 γὰρ
3397 2644 3530 2714 ᾔδει,
3548 2644 3628 2695 ὅτι
3648 2643 3850 2696 καινὸν
3875 2647 3984 2696 καὶ

2289 2723 2593 2794 παράδοξον
2647 2720 2737 2793 ἦν,
2777 2725 2871 2776 καὶ
2898 2724 2958 2776 οὐ
3008 2725 3271 2795 πρότερον
3303 2724 3392 2791 ὐφ’
3423 2723 3614 2793 ἐτέρου
3641 2723 3885 2788 γεγονὸς
3913 2723 3982 2774 16

2287 2802 2417 2875 παρ’
2450 2802 2616 2856 αὐτοῦ
2651 2803 2842 2872 μέλλον
2893 2803 3156 2870 γίνεσθαι,
3187 2802 3416 2873 κρύπτει
3444 2803 3570 2864 τούς
3611 2801 3816 2862 παῖδας
3868 2803 3971 2854 καὶ

2290 2880 2598 2933 καταλιπὼν
2641 2882 2835 2944 αὐτοὺς
2892 2881 3030 2952 μετά
3071 2883 3170 2953 τῆς
3210 2882 3366 2943 ὄνου,
3413 2881 3595 2950 φησίνο
3651 2880 3980 2933 Ἐνταῦθα

2287 2961 2659 3027 ἀναμείνατε,
2690 2960 2804 3029 ἐγὼ
2832 2960 2900 3012 δὲ
2953 2960 3053 3013 καὶ
3093 2962 3158 3014 τὸ
3190 2959 3502 3028 παιδάριον
3530 2959 3980 3026 διελευσόμεθα

2286 3039 2394 3103 ἕως
2418 3033 2552 3099 ὦδε,
2599 3039 2697 3092 καὶ
2745 3040 3288 3106 προσκυνήσαντες
3332 3038 3770 3107 ἁνακάμψομεν·
3817 3039 3982 3105 πρὸς

2287 3117 2461 3186 ὑμᾶς.
2500 3120 2614 3171 Οὐκ
2671 3118 2826 3182 εἰδὼς
2871 3120 2951 3172 ὅτι
2989 3119 3147 3172 τοῦτο
3178 3119 3349 3184 ἔσται,
3380 3119 3408 3170 ὃ
3435 3117 3635 3185 ἔλεγεν,
3663 3117 3811 3170 ἀλλὰ
3841 3134 3980 3187 προ·

2288 3199 2552 3268 εφήτευσε
2587 3198 2713 3267 μέν,
2745 3198 2876 3260 ίσως
2901 3197 3057 3251 τοῦτο
3083 3197 3517 3267 ἀγνοῶν.”Ελεγε
3544 3197 3601 3249 δέ
3631 3198 3745 3257 τοῖς
3778 3197 3977 3255 παισὶ,

2286 3276 2426 3346 τάχα
2457 3275 2740 3340 ἐξαπατῶν
2770 3277 2964 3340 αὐτοὺς
3019 3277 3114 3330 καὶ
3159 3275 3596 3346 παρασκευάζων
3641 3274 3842 3326 αὐτόθι
3876 3275 3980 3342 μέ-

2287 3372 2435 3408 νειν·
2483 3355 2576 3407 καὶ
2621 3355 2804 3407 λοιπὸν
2850 3351 2917 3425 ἦν
2973 3357 3001 3408 6
3048 3356 3392 3426 πατριάρχης
3442 3356 3581 3426 μετά
3619 3354 3709 3406 τοῦ
3741 3354 3975 3414 παιδός.

2292 3435 2504 3487 Ἔλαϐε
2534 3433 2602 3486 δὲ
2638 3433 2880 3502 Ἀϐραὰμ
2912 3433 2982 3488 τὰ
3011 3435 3166 3497 ξύλα
3204 3435 3312 3502 τῆς
3345 3432 3842 3500 ὁλοκαρπὼσεως,
3868 3432 3979 3484 καὶ

2286 3513 2582 3579 ἐπέθηκεν
2615 3513 2812 3566 Ἰσαὰκ
2835 3511 2914 3576 τῷ
2942 3513 3046 3578 υἱῷ
3073 3514 3278 3566 αὑτοῦ.
3314 3515 3526 3566 Ἔλαϐε
3553 3513 3619 3564 δὲ
3647 3513 3809 3579 μετὰ
3842 3513 3979 3580 χεῖ-

2279 3609 2395 3660 ρας
2425 3593 2488 3644 τὸ
2515 3587 2635 3660 πῦρ
2659 3592 2752 3644 καὶ
2793 3592 2906 3659 τὴν
2938 3592 3260 3661 μάχαιραν,
3314 3593 3410 3646 καί
3458 3593 3890 3658 ἐπορεύθησαν
3922 3594 3980 3644 cl

2287 3671 2397 3724 δύο
2425 3671 2638 3739 ἄμα.“Ω
2663 3670 2839 3740 ψυχῆς
2866 3671 3117 3740 ἀνδρείαί
3149 3672 3194 3723 ῶ
3243 3673 3587 3742 φρονήματος
3618 3670 3973 3740 στερῤότηςί

2301 3753 2606 3818 Ἐπέθηκε,
2636 3753 2788 3819 φησὶ,
2820 3750 2898 3815 τῷ
2942 3750 3150 3805 Ἰσαὰκ
3187 3753 3259 3804 τὰ
3276 3753 3434 3816 ξύλα
3473 3751 3580 3816 τῆς
3614 3751 3977 3816 ὀλοκαρπὼο

2289 3845 2462 3894 σεως’
2494 3829 2652 3892 αὐτὸς
2681 3830 2736 3881 δὲ
2784 3830 2883 3900 τὴν
2943 3830 3214 3900 μάχαιραν
3253 3832 3348 3884 καὶ
3391 3830 3451 3883 16
3490 3830 3599 3899 πῦρ
3644 3828 3832 3886 ἔλαϐε,
3865 3831 3976 3881 καὶ

2290 3907 2610 3978 ἐπορεύοντο
2639 3909 2688 3960 οἱ
2733 3907 2826 3961 δύο
2867 3909 3000 3978 ἅμα.
3036 3909 3213 3972 Ποίοις
3242 3909 3536 3978 ὀφθαλμοῖς
3566 3906 3710 3977 ἐώρα
3738 3907 3804 3959 τὸ
3832 3925 3972 3960 παι-

2288 3986 2396 4040 δίον
2424 3987 2490 4040 τά
2519 3987 2646 4050 ξύλα
2676 3987 3085 4057 ἐπιφερόμενον,
3113 3986 3261 4059 [476]
3293 3983 3372 4052 οἷς
3402 3986 3624 4057 ἔμελλεν
3646 3986 3814 4038 αὐτὸν
3838 3989 3972 4054 μετ’

2288 4068 2350 4119 οὐ
2381 4067 2510 4118 πολὺ
2543 4067 2784 4120 ἐπιθύειν
2813 4067 2876 4131 ὶ);
2916 4066 3031 4129 πῶς
3060 4069 3093 4138 ή
3123 4068 3244 4139 χεὶρ
3287 4069 3469 4141 φέρειν
3505 4067 3731 4137 ἠδύνατο
3752 4066 3817 4118 16
3847 4066 3972 4137 πῦρ

2291 4148 2384 4198 καί⁹
2410 4146 2509 4214 τὴν
2553 4145 2856 4215 μάχαιραν;
2895 4146 3062 4214 Καὶή
3099 4147 3195 4215 μὲν
3239 4148 3357 4216 χεὶρ
3405 4145 3703 4215 ἐπεφέρετο
3742 4145 3808 4196 16
3841 4143 3969 4213 πῦρ

2288 4225 2349 4276 16
2375 4224 2649 4293 αἰσθητὸν,
2678 4225 2739 4276 16
2793 4224 2850 4276 δὲ
2878 4224 3089 4276 ἔνδοθεν
3121 4225 3232 4295 πῦρ
3259 4225 3591 4293 κατέφλεγεν
3644 4223 3816 4275 αὐτοῦ
3854 4226 3965 4292 τὴν

2288 4302 2544 4367 διάνοιαν,
2587 4303 2681 4356 καὶ
2731 4302 2970 4355 ἐδαπάνα
3005 4303 3095 4356 τὸν
3139 4304 3419 4372 λογισμὸν,
3472 4303 3655 4355 πεῖθον
3684 4303 3849 4371 νικᾷν
3883 4301 3968 4370 τῷ

2291 4381 2426 4451 πρὸς
2451 4381 2541 4433 τὸν
2572 4380 2703 4432 Θεὸν
2735 4380 2902 4450 πόθῳ,
2934 4381 3027 4432 καὶ
3060 4383 3478 4452 παρασκευάζον
3499 4380 3835 4448 λογίζεσθαι,
3873 4383 3967 4433 ὅτι

2289 4461 2442 4531 ὁῆδη
2481 4459 2779 4529 παρασχὼν
2831 4463 2922 4512 καὶ
2971 4461 3108 4531 ὑπὲρ
3154 4461 3313 4528 φύσιν
3359 4460 3708 4533 ἀνθρωπίνην
3735 4461 3970 4530 πατέρα

2289 4539 2545 4608 γενέσθαι
2577 4542 2997 4609 παρασκευάσας
3028 4541 3314 4609 δυνήσεται
3343 4541 3436 4593 καὶ
3464 4539 3558 4594 νῦν
3584 4538 3652 4591 τὰ
3685 4538 3965 4608 6115961!-

2290 4637 2448 4674 νοντα
2474 4619 2565 4671 τὸν
2596 4618 2932 4687 ἀνθρώπινον
2977 4619 3236 4687 λογισμὸν
3270 4618 3626 4689 ἐργάσασθαι.
3669 4616 3810 4669 Ἀλλ’
3853 4617 3966 4685 ὅρα

2292 4717 2382 4770 μοι
2412 4698 2596 4750 λοιπὸν
2627 4699 2732 4768 πρὸ
2785 4697 2878 4749 τοῦ
2931 4697 3186 4768 αἰσθητοῦ
3220 4698 3388 4767 πυρὸς
3419 4697 3516 4768 τὴν
3572 4695 3780 4750 ἔνδοθεν
3812 4698 3964 4748 κατά

2292 4778 2486 4848 μικρὸν
2515 4776 2885 4846 ἐξαπτομένην
2915 4777 3140 4846 κάμινον
3170 4778 3263 4829 καὶ
3292 4776 3590 4844 φλέγουσαν
3615 4773 3707 4826 τοῦ
3735 4773 3963 4826 δικαίου

2288 4857 2384 4928 τὴν
2409 4857 2601 4927 ψυχήν.
2628 4853 2772 4908 Εἷπε
2803 4854 2889 4915 δὲ,
2923 4856 3106 4924 φησὶν,
3146 4856 3341 4907 Ἰσαὰκ
3373 4854 3517 4920 πρὸς
3561 4850 3812 4920 Ἀϐραὰμ
3849 4855 3968 4904 τὸν

2290 4937 2511 5004 πατέρα
2552 4934 2758 4988 αὐτοῦ·
2817 4933 3026 5002 Πάτερ.
3070 4935 3271 4987 Ἱκανὸν
3299 4934 3359 4986 16
3389 4933 3538 5003 ῥῆμα
3566 4933 3674 4985 τῶν
3707 4931 3966 5002 σπλάγχ-

2289 5035 2394 5069 νων
2427 5015 2603 5068 αὐτῶν
2630 5013 2721 5067 τοῦ
2739 5014 2947 5066 δικαίου
2967 5014 3329 5084 καθάψασθαι.
3349 5015 3409 5066 '0
3432 5013 3498 5065 δὲ
3525 5009 3682 5065 εἶπε·
3710 5013 3774 5063 Τί
3797 5012 3964 5073 ἐστε,

2290 5097 2536 5156 τέκνον;
2567 5094 2783 5163 Πατέρα
2806 5094 2989 5155 καλεῖς
3015 5094 3105 5145 16v
3137 5093 3272 5162 μετά
3308 5093 3500 5161 μικρὸν
3527 5089 3727 5144 ἄπαιδα
3759 5090 3966 5159 ἐσόμε-

2291 5193 2397 5237 νον,
2417 5171 2572 5240 κάγὼ
2592 5173 2778 5223 τέκνον
2799 5171 3186 5242 προσαγορεύω
3207 5171 3298 5222 τὸν
3313 5170 3428 5239 μετ’
3449 5170 3509 5222 οὐ
3528 5169 3658 5221 πολύ
3690 5167 3964 5236 μέλλοντα

2289 5254 2381 5304 ἐπὶ
2399 5252 2486 5304 τὸν
2520 5251 2700 5320 βωμὸν
2729 5251 2954 5311 ἀνιέναι,
2985 5251 3078 5302 καὶ
3105 5250 3162 5302 ὂν
3183 5252 3301 5311 ταῖς
3324 5248 3550 5310 οἰκείαις
3581 5245 3735 5316 χερσὶ¹
3770 5247 3963 5315 μέλλω

2291 5331 2530 5400 σφάζειν.
2567 5327 2747 5382 Εἶταό
2777 5333 2905 5392 παῖς
2950 5343 3149 5398 φησιν’
3211 5327 3356 5380 Ἰδοὺ
3399 5326 3466 5379 τὸ
3516 5324 3635 5391 πῦρ
3688 5326 3959 5398 ἐπιφέρῃ,

2289 5409 2444 5477 κάγὼ
2471 5409 2542 5461 τὰ
2564 5409 2720 5471 ξύλα
2740 5426 2752 5440 ·
2797 5406 2898 5459 ποῦ
2944 5408 3059 5459 ἐστι
3101 5407 3160 5460 16
3189 5406 3337 5477 θῦμα
3369 5405 3429 5457 τὸ
3460 5403 3648 5474 μέλλον
3678 5405 3961 5472 προσάγε-

2291 5488 2440 5551 σθαι;
2468 5487 2588 5539 Ποῦ
2615 5486 2745 5539 ἔστι
2773 5487 2835 5538 τὸ
2855 5488 3148 5552 πρόϐατον
3169 5485 3234 5537 τὸ
3250 5487 3336 5550 εἰς
3361 5483 3474 5549 τὴν
3495 5480 3957 5549 ὁλοκάρπωσιν;

2301 5567 2498 5620 Ἐννόει
2529 5581 2617 5634 μοι
2673 5563 2902 5616 ἐνταῦθα
2957 5563 3048 5634 ταῦ
3097 5563 3305 5616 δικαίου
3361 5563 3461 5631 τὴν
3517 5560 3784 5628 βάσανον·
3835 5563 3956 5626 πῶς

2295 5647 2484 5718 (γνεγκε
2638 5643 2828 5712 ἀκοὴν,
2861 5643 2978 5706 πῶς
3001 5623 3191 5712 ίσχυσε
3230 5639 3629 5712 ἀποκρίνασθαι
3666 5639 3744 5707 τῷ
3775 5641 3954 5700 πα;δ“ι,

2352 5735 2375 5761 ⁸
2402 5730 2550 5791 Savjl.
2581 5736 2632 5776 el.
2650 5729 2844 5790 quidam
2862 5742 2975 5776 τηεν.
3005 5730 3091 5791 ὅρα
3111 5731 3212 5783 πῶς
3229 5731 3307 5776 καὶ
3333 5729 3379 5775 ἐν
3398 5728 3466 5784 τῷ
3489 5724 3775 5791 διαστήματι
3801 5729 3956 5791 βασα-

2297 5792 2407 5845 νίζει
2433 5788 2518 5838 τοῦ
2541 5787 2723 5838 δικαίου
2742 5792 2826 5847 τήν
2847 5791 3016 5852 ἀρετὴν
3035 5787 3060 5838 6
3089 5788 3680 5852 φιλάνθρωποςΔεσπότης.
3697 5787 3957 5852 Ἐννόησον

2297 5853 2385 5914 γὰρ
2405 5853 2448 5898 τί
2480 5853 2702 5913 ὑπέμενεν
2728 5852 2774 5898 ἐν
2798 5851 2921 5913 τρισὶ
2943 5853 3061 5914 νυξὶν
3079 5854 3105 5898 ὁ
3129 5851 3305 5904 δίκαιος
3328 5851 3517 5908 ἐκεῖνος,
3538 5854 3588 5896 et
3614 5855 3794 5896 cetera
3818 5851 3957 5901 sitni-

2299 5912 2414 5974 lilkr
2436 5912 2628 5974 paulum
2653 5912 2845 5959 inverso
2870 5912 3061 5974 ordine.

2355 5973 2382 6012 Ι»
2408 5973 2629 6035 Quinque
2652 5988 2760 6024 mss.
2786 5975 2884 6033 μετ’
2907 5973 2960 6020 οὐ
2982 5973 3100 6021 πολύ
3125 5973 3372 6029 ἐπιθήσειν.
