4084 6356
245 326 354 386 ιξῠ

241 449 618 516 promissionis
656 459 708 503 et
743 461 1016 520 postquam
1045 452 1177 506 dixit
1211 472 1221 506 :
1258 451 1321 507 In
1349 455 1438 507 illo
1468 454 1721 508 vocabitur
1745 457 1833 509 tibi

237 554 410 592 semen
435 579 450 602 ,
493 551 548 593 et
592 539 681 594 ille
716 541 816 594 erit
859 556 1137 596 Successor
1163 552 1281 597 tuus
1310 563 1322 597 :
1359 543 1480 598 Post
1502 546 1650 599 verba
1681 547 1788 600 haec
1813 589 1828 610 ,

235 631 465 683 tentabut
487 629 624 684 Deus
654 632 929 686 Abraham.
957 633 1091 701 Quid
1120 644 1220 699 est,
1250 636 1497 691 Tentabat
1516 639 1669 692 ?Non
1693 642 1831 709 quod

236 725 355 786 ipse
384 725 682 794 ignoraret,
719 728 1010 781 tentatione
1037 726 1179 782 illum
1213 729 1485 796 probavit,
1513 731 1605 785 sed
1635 742 1692 784 ut
1718 742 1770 786 et
1798 734 1829 786 ii

238 814 326 879 qui
354 823 480 868 tunc
499 824 671 877 erant,
695 826 747 869 et
767 815 854 884 qui
878 816 945 869 ab
962 833 1026 871 eo
1050 828 1287 886 tempore
1312 836 1476 890 usque
1500 821 1567 880 ad
1596 837 1831 891 prsesens

237 907 402 960 tnturi
448 917 610 974 sunt,
657 908 795 963 istud
836 910 1007 978 ipsum
1055 911 1370 980 patriarcha:
1414 912 1735 968 desiderium
1778 926 1832 970 et

233 998 596 1053 obedientiam
645 1000 694 1054 in
732 1003 1014 1071 prmeeptis
1042 1003 1322 1058 dominicis
1350 1020 1458 1072 pra:
1487 1020 1544 1060 se
1575 1005 1716 1062 ferre
1744 1006 1828 1061 di-

231 1102 413 1144 st-anl.
451 1091 514 1145 Et
545 1094 695 1159 dixit,
721 1093 922 1164 inquit,
953 1097 1022 1148 ad
1041 1113 1156 1150 eum
1178 1113 1197 1150 :
1227 1097 1480 1150 Abraham
1505 1140 1519 1158 ,
1553 1101 1825 1154 Abraham.

234 1183 299 1233 At
348 1184 435 1237 ille
473 1185 601 1238 dixit
627 1201 647 1240 :
677 1185 811 1240 Ecce
837 1204 948 1258 ego.
982 1189 1116 1255 Quid
1145 1190 1244 1244 sibi
1273 1193 1384 1245 vult
1413 1193 1557 1246 verbi
1584 1193 1827 1262 duplica-

233 1275 313 1327 tio
334 1275 360 1328 ?
389 1276 592 1346 Magna:
616 1277 999 1334 benevolentiae
1021 1297 1143 1349 erga
1174 1284 1524 1350 patriarcbam
1547 1300 1832 1354 argumen-

235 1378 352 1421 tum
382 1380 484 1433 est,
515 1379 570 1424 et
595 1373 923 1426 monstrabat
947 1375 996 1428 ei
1027 1375 1302 1430 vocatione
1327 1375 1461 1442 ipsa,
1495 1391 1554 1431 se
1580 1393 1825 1447 magnum

230 1461 434 1530 aliquid
460 1472 850 1532 praecepturum
876 1479 1015 1519 esse.
1041 1465 1109 1520 Ut
1138 1467 1295 1535 igitur
1321 1468 1464 1520 illum
1488 1468 1825 1524 attentiorem

233 1550 508 1617 redderet,
538 1556 866 1608 vocationem
897 1557 1198 1625 geminabat
1219 1599 1233 1624 ,
1265 1569 1316 1614 et
1344 1559 1477 1612 dixit
1506 1577 1518 1612 :
1548 1561 1823 1623 Abraham,

231 1642 512 1695 Abraham.
543 1643 570 1696 Ι
580 1643 647 1698 lle
664 1655 830 1698 autem
855 1647 982 1700 dixit
1008 1665 1026 1700 :
1056 1648 1187 1702 Ecce
1225 1667 1334 1718 ego.
1357 1650 1410 1705 2.
1437 1651 1503 1704 Et
1526 1651 1654 1705 dixit
1679 1671 1692 1706 :
1724 1653 1825 1710 Ac-

232 1732 350 1801 cipe
368 1735 531 1800 ﬁlium
555 1746 695 1788 tuum
725 1737 983 1800 dilectum,
1007 1756 1151 1808 quem
1172 1740 1412 1802 dilexisti.
1438 1741 1608 1806 Isaac,
1630 1753 1678 1797 et
1703 1745 1828 1798 vade

229 1823 284 1875 in
321 1832 504 1877 terram
539 1827 786 1880 excelsam
809 1870 822 1890 ,
855 1838 898 1881 et
924 1829 1052 1894 offer
1077 1847 1188 1884 eum
1221 1833 1271 1885 iu
1300 1833 1647 1888 holocaustum
1673 1853 1826 1906 super

230 1929 394 1965 imum
424 1917 703 1984 montium,
745 1935 890 1986 quem
930 1921 1018 1974 tibi
1060 1922 1254 1977 dixero.
1296 1923 1540 1994 Magnum
1573 1929 1824 1998 praecepti

230 2003 467 2070 pondus,
499 2014 552 2060 et
581 2023 666 2062 res
697 2007 986 2065 humanam
1015 2013 1396 2069 transcendens
1425 2024 1691 2070 naturam.
1725 2020 1824 2072 Ac-

229 2095 348 2164 cipe
374 2097 536 2164 ﬁlium
557 2108 698 2153 tuum
728 2101 968 2156 dilectum
988 2144 1001 2167 ,
1029 2122 1174 2175 quem
1197 2106 1422 2161 dilexisti
1443 2151 1458 2174 ,
1484 2108 1652 2163 Isaac.
1690 2112 1824 2168 Vide

231 2187 506 2254 quomodo
544 2204 641 2258 per
668 2192 828 2246 verba
869 2193 968 2248 ista
1011 2195 1265 2264 majorem
1297 2214 1479 2267 rogum
1510 2202 1819 2267 succendit,

229 2285 288 2329 et
316 2276 583 2334 fornacem
610 2283 826 2348 amoris,
858 2299 963 2353 quo
986 2285 1160 2353 justus
1190 2287 1240 2340 in
1271 2288 1415 2342 lsaac
1441 2289 1661 2345 affectus
1684 2303 1820 2369 erat,

229 2369 602 2426 vehementius
619 2375 837 2428 excitat.
857 2377 1041 2445 Accipe
1059 2378 1222 2445 ﬁlium
1240 2389 1380 2432 tuum
1403 2380 1656 2446 dilectum,
1676 2400 1821 2453 quem

229 2462 474 2530 dilexisti,
509 2463 676 2518 Isaac.
712 2465 1135 2539 Unumquodque
1160 2471 1378 2525 verbum
1409 2490 1502 2541 per
1525 2489 1583 2528 se
1609 2475 1821 2530 suffice-

229 2561 321 2606 ret
339 2554 402 2606 ad
425 2557 760 2611 sauciandam
783 2559 1014 2613 animam
1031 2561 1180 2631 justi.
1204 2563 1318 2617 Non
1341 2565 1482 2619 enim
1505 2567 1821 2636 simpliciter

227 2645 387 2707 dixit,
415 2645 566 2700 Isaac
585 2689 600 2713 ,
628 2650 720 2703 sed
759 2651 981 2717 addidit,
1015 2653 1206 2706 Filium
1232 2665 1373 2708 tuum
1399 2698 1414 2722 ,
1439 2673 1594 2726 quem
1628 2670 1820 2729 praeter

226 2751 445 2790 omnem
466 2741 916 2806 exspectationem
937 2745 1237 2813 suscepisti,
1259 2758 1312 2801 et
1331 2749 1380 2800 in
1406 2749 1516 2818 ipsa
1541 2760 1820 2806 senectute

228 2825 430 2882 habere
451 2829 688 2897 potuisti,
720 2831 987 2897 Dilectum,
1017 2835 1424 2892 desiderabilem
1457 2849 1626 2907 tuum,
1658 2859 1814 2908 quem

225 2927 339 2972 tam
383 2920 665 2977 immodice
705 2924 914 2994 diligis,
950 2925 1186 2982 lsaacum
1210 2970 1224 2994 ,
1257 2946 1414 2999 quem
1445 2947 1812 2988 succeasurum

226 3010 326 3065 tibi
354 3023 652 3082 exspectas,
677 3030 740 3069 ex
768 3031 871 3085 quo
896 3027 949 3071 et
978 3033 1158 3074 semen
1187 3028 1330 3074 tuum
1358 3023 1812 3092 mnltiplicandum

228 3104 484 3170 promisi,
515 3114 571 3159 ct
599 3105 650 3158 in
683 3114 884 3160 tantum
923 3109 1378 3179 multiplicandum
1409 3154 1424 3180 ,
1457 3125 1512 3168 ut
1539 3116 1812 3171 stellarum

223 3195 548 3253 multitudini
578 3211 632 3255 et
670 3218 846 3257 arena:
883 3221 1002 3274 qua:
1026 3206 1173 3276 juxta
1214 3207 1338 3265 litus
1366 3212 1528 3266 maris
1556 3220 1641 3266 est
1668 3213 1816 3266 adt!)-

221 3297 437 3355 quetur.
461 3289 609 3345 Illum
646 3294 814 3362 ipsum
842 3296 1045 3368 Accipe,
1068 3309 1114 3352 et
1133 3299 1325 3354 oadein
1343 3310 1525 3354 terram
1542 3304 1812 3369 excelsam,

218 3391 269 3434 et
299 3381 429 3449 offer
460 3402 575 3438 eum
600 3387 670 3440 ibi
696 3389 747 3441 in
784 3389 1129 3445 holocaustum
1157 3409 1309 3463 super
1340 3411 1495 3448 unum
1525 3397 1767 3450 montium
1794 3440 1810 3464 ,

217 3493 367 3544 quem
399 3478 487 3531 tibi
510 3480 695 3533 dicant.
725 3483 988 3538 Admirari
1020 3485 1162 3538 subit
1186 3487 1454 3556 quomodo
1489 3488 1602 3542 haec
1639 3490 1808 3558 ju-tus

213 3568 437 3622 auribus
465 3569 603 3624 ferre
627 3574 875 3641 potuerit.
904 3575 1053 3629 lllum
1083 3577 1226 3631 enim
1255 3579 1446 3647 ipsum,
1479 3580 1668 3651 inquit,
1697 3591 1804 3636 tam

214 3661 630 3719 desiderabilem
675 3665 764 3720 tibi
792 3707 806 3730 ,
845 3666 978 3722 oﬂ‘cr
1007 3669 1139 3723 mihi
1169 3669 1219 3724 in
1251 3673 1616 3726 holocaustum
1644 3689 1808 3742 super

216 3769 388 3807 unum
415 3757 694 3810 montium.
725 3758 860 3826 Quid
891 3761 1051 3831 igitur
1069 3761 1284 3832 justus?
1310 3763 1424 3819 Non
1458 3766 1697 3820 turbatus
1725 3775 1807 3821 est

215 3843 418 3910 animo,
450 3863 556 3902 non
585 3850 835 3906 confusus
861 3862 943 3907 est
964 3863 1161 3921 mente,
1194 3870 1301 3909 non
1330 3857 1551 3911 consilio
1578 3859 1801 3913 destitu-

213 3944 307 3988 tus
327 3946 409 3990 est
430 3938 496 3992 ad
525 3949 628 3994 tam
657 3943 975 4012 stupendum
1009 3957 1351 4016 praeceptum,
1381 3963 1486 4003 non
1514 3950 1800 4018 cogitabat,

213 4041 324 4080 non
367 4032 776 4088 ratiocinabatur
810 4051 992 4091 secum
1023 4056 1036 4092 :
1065 4038 1200 4104 Quid
1247 4040 1348 4094 hoc
1387 4051 1468 4095 est
1491 4040 1514 4092 ?
1540 4043 1626 4111 qui
1674 4045 1803 4098 mihi

211 4129 412 4187 prater
451 4139 662 4178 omnem
708 4130 1156 4196 exspectationem
1199 4133 1399 4200 prolem
1440 4132 1657 4202 largitus
1683 4145 1798 4201 est,

211 4211 306 4280 qui
335 4228 549 4284 propter
577 4218 958 4288 benignitatem
985 4238 1134 4276 suam
1159 4233 1456 4280 emortuam
1482 4227 1657 4283 Sarra:
1687 4229 1799 4283 vul-

209 4319 334 4356 vam
365 4309 690 4374 generationi
725 4311 964 4366 idoneam
995 4314 1146 4381 fecit,
1179 4332 1319 4370 nunc
1345 4328 1620 4388 postquam
1648 4321 1799 4375 abla-

207 4407 386 4450 rtatus
415 4411 497 4454 est
523 4402 660 4455 filius
687 4415 740 4456 et
766 4407 931 4458 crevit.
952 4446 967 4471 ,
999 4417 1052 4461 et
1080 4407 1130 4460 in
1161 4408 1292 4463 flore
1319 4412 1489 4464 artatis
1517 4423 1628 4476 est,
1658 4414 1796 4469 hunc

206 4489 383 4542 occidi
413 4500 466 4544 et
505 4493 556 4545 in
590 4495 955 4548 holocaustum
997 4497 1175 4552 olTerri
1207 4501 1442 4570 praecipit
1473 4520 1485 4555 :
1519 4505 1606 4572 qui
1641 4507 1795 4574 paulo

203 4591 364 4634 antea
393 4581 542 4643 dixit.
572 4581 637 4636 In
668 4585 776 4654 ipso
808 4589 1060 4640 vocabitur
1085 4591 1173 4642 tibi
1201 4595 1388 4658 semen,
1420 4611 1558 4649 nunc
1583 4606 1796 4650 Contra-

203 4674 286 4725 ria
319 4675 569 4744 praecipit.
619 4677 685 4730 Et
731 4679 998 4746 quomodo
1031 4681 1408 4752 implebunlur,
1454 4701 1571 4755 qua:
1618 4689 1686 4740 ab
1729 4706 1794 4741 co

197 4775 331 4818 sunt
357 4768 612 4834 promissa
633 4770 788 4835 ‘lQuo
815 4783 966 4839 pacto
995 4775 1135 4828 enim
1166 4776 1276 4830 fieri
1305 4787 1500 4847 potest,
1529 4789 1585 4833 ut
1615 4782 1792 4837 radice

203 4871 419 4912 exsecta
467 4861 598 4915 rami
639 4862 944 4932 pullulent,
987 4867 1070 4920 vel
1111 4850 1311 4924 succisa
1357 4871 1551 4928 arbore
1591 4873 1792 4929 fructus

201 4967 252 5020 ρι
271 4953 517 5006 ovenianl
542 4996 556 5018 ,
587 4957 667 5009 vel
709 4956 856 5012 fonte
881 4959 1119 5014 arefacto
1148 4960 1288 5016 ﬂuvii
1320 4966 1612 5020 scaturiant
1637 4967 1660 5020 ?
1689 4967 1787 5022 Se-

201 5047 432 5100 rundum
463 5049 692 5106 hominis
714 5053 970 5107 ratioaem
995 5055 1115 5108 talia
1143 5055 1253 5111 ﬁeri
1279 5073 1382 5112 non
1408 5071 1489 5114 est
1513 5062 1786 5130 possibile;

195 5137 314 5190 Deo
341 5149 514 5192 autem
539 5142 748 5196 volente
777 5143 889 5198 ﬁeri
920 5157 1142 5214 possunt
1162 5150 1359 5202 omnia.

272 5227 325 5280 ‘2.
354 5227 617 5284 Caeterum
640 5231 828 5287 borum
859 5233 988 5288 nihil
1015 5237 1263 5306 cogitavit
1284 5254 1462 5294 secum
1476 5241 1657 5310 justus
1675 5245 1781 5308 ille,

191 5319 291 5372 sed
309 5321 446 5375 sicut
463 5332 646 5392 gratus
668 5324 916 5387 famulus.
931 5330 1127 5384 omissa
1145 5333 1288 5385 omni
1309 5335 1516 5390 ratione
1531 5336 1782 5402 humana,

192 5428 359 5466 unam
391 5424 590 5469 tantum
623 5433 736 5471 rem
763 5420 998 5482 curabat,
1027 5432 1082 5474 ut
1113 5423 1370 5492 imperata
1401 5442 1561 5496 opere
1591 5430 1781 5499 imple-

191 5514 321 5557 ret:
350 5515 402 5559 et
445 5509 595 5576 quasi
633 5509 803 5562 factus
845 5511 912 5565 ab
952 5512 1178 5568 humana
1222 5525 1410 5570 natura
1455 5520 1659 5574 alienus
1685 5562 1700 5584 ,
1730 5531 1783 5576 et

193 5597 617 5664 postponendam
649 5598 851 5653 ducens
875 5601 1066 5655 divinis
1099 5607 1376 5675 prmceptis
1413 5624 1622 5662 onmem
1654 5611 1783 5666 affe-

191 5687 427 5740 ctionem
459 5698 512 5742 et
538 5689 876 5744 dilectionem
903 5734 916 5754 ,
945 5693 1010 5745 ad
1041 5695 1304 5765 implenda
1337 5697 1425 5750 Dei
1454 5698 1598 5766 jussa
1628 5701 1778 5755 festi-

189 5779 361 5832 navit.
384 5779 437 5833 5.
469 5778 535 5834 Et
563 5799 676 5836 cum
707 5782 1040 5852 surrexisset,
1076 5787 1276 5859 inquit,
1306 5790 1560 5846 Abraham
1595 5810 1773 5862 mane,

1309 341 1374 394 1N
1407 340 1562 396 (IAP.
1605 342 1763 403 XXII.
1801 349 2044 410 GENES.
2091 353 2313 414 liO.\lll..
2362 362 2565 422 XLVII.

3419 397 3524 450 430

1940 465 2116 517 strauit
2143 469 2338 524 asinam
2373 490 2535 530 suam.
2571 480 2773 551 Accepit
2799 497 2966 544 autem
3006 509 3172 550 secum
3198 500 3331 556 duos
3352 520 3526 559 servos

1941 565 1989 607 et
2025 554 2176 612 Isaac
2215 564 2377 630 [ilium
2406 584 2552 623 suum
2582 590 2602 627 :
2637 587 2682 627 et
2717 580 2887 635 scissis
2923 585 3071 654 lignis
3097 589 3148 642 in
3175 589 3523 650 holocaustum

1939 662 2051 757 qum
2079 656 2407 757 surrexisset,
2433 669 2686 734 profectus
2710 680 2800 734 est,
2828 685 2874 726 et
2899 678 3029 730 venit
3053 681 3106 733 in
3142 683 3307 737 locum
3326 727 3340 750 ,
3373 705 3521 757 quem

1939 739 2068 792 dixit
2105 744 2151 796 ei
2185 744 2319 801 Deus
2342 791 2356 814 ,
2390 751 2472 805 die
2499 759 2663 812 tertio.
2690 759 2822 818 Vide
2849 767 3166 825 clementem
3191 739 3470 833 Dominbm
3503 823 3518 846 ,

1939 834 2205 898 quomodo
2249 846 2302 892 et
2341 840 2622 899 intervallo
2665 850 2766 904 loci
2803 855 2928 920 justi
2971 861 3212 925 probavit
3243 834 3514 922 virtutem:

1937 921 2116 1014 Cogita
2144 939 2319 982 autem
2347 934 2472 1001 quid
2499 939 2770 1004 probabile
2794 943 2864 998 sit
2893 921 3066 1003 triduo
3094 953 3182 1006 illo
3203 957 3520 1014 sustinuisse

1932 1010 2132 1080 justum
2167 1017 2182 1048 ¹
2213 1032 2391 1075 secum
2431 1038 2762 1094 reputantem
2797 1035 2896 1089 sibi
2927 1053 3245 1110 prmceptum
3275 1060 3393 1102 esse
3415 1089 3431 1112 ,
3463 1059 3520 1103 ut

1934 1103 2044 1159 Suis
2067 1110 2308 1165 manibus
2327 1120 2431 1167 tam
2451 1116 2702 1174 dilectum
2726 1123 2891 1180 lilium
2912 1103 3196 1198 occideret,
3219 1149 3388 1204 neque
3406 1154 3518 1194 rem

1936 1198 2029 1250 ulli
2061 1206 2480 1266 communicaret
2507 1220 2561 1264 et
2599 1211 2908 1282 detegeret;
2945 1229 2999 1274 ct
3027 1198 3341 1294 obstupesce
3367 1231 3512 1298 pium

1935 1291 2346 1366 religiosumque
2392 1317 2455 1356 ac
2497 1306 2810 1373 prudentem
2855 1313 3018 1380 ipsius
3070 1318 3327 1374 animum.
3383 1323 3515 1390 Quia

1935 1385 2077 1437 enim
2109 1387 2309 1444 sciebat
2337 1396 2750 1462 magnitudinem
2785 1407 3052 1474 tirmcepti,
3073 1411 3267 1464 nemini
3299 1428 3515 1481 prorsus

1937 1475 2036 1530 hoc
2060 1480 2408 1549 signiﬁcavit,
2440 1504 2610 1558 neque
2637 1495 2841 1560 pueris,
2873 1513 3047 1568 neque
3079 1501 3176 1569 ipsi
3211 1503 3352 1559 Isaac
3378 1524 3392 1560 :
3420 1508 3513 1561 sed

1934 1570 2078 1623 Solus
2106 1588 2286 1628 secum
2316 1593 2541 1645 agonem
2576 1582 2721 1636 illum
2752 1585 3052 1645 decertabat
3081 1633 3096 1657 ,
3126 1604 3179 1648 et
3207 1597 3353 1663 quasi
3385 1597 3516 1650 ada-

1933 1675 2047 1713 mas
2085 1663 2296 1729 quidam
2338 1670 2586 1725 manebat
2626 1673 2884 1742 invictus,
2928 1679 3091 1734 robur
3136 1686 3512 1753 cogitationum

1933 1757 2136 1806 tantum
2162 1757 2418 1811 exhibens
2438 1801 2452 1823 ,
2482 1771 2532 1814 et
2561 1778 2666 1828 non
2695 1767 2851 1820 multa
2880 1781 3148 1837 causatus,
3178 1790 3369 1844 magno
3392 1792 3512 1834 cum

1931 1842 2196 1900 desiderio
2225 1848 2623 1919 obtemperabat
2650 1858 2796 1910 nutui
2820 1859 3014 1914 divino.
3050 1863 3111 1916 Et
3140 1842 3416 1937 postquam
3443 1871 3510 1924 ad

1928 1934 2101 1991 locum
2146 1940 2293 1995 illum
2336 1949 2611 2014 pervenit,
2639 1950 2694 2003 4.
2727 1949 2953 2006 Sublatis
2975 1995 2989 2017 ,
3019 1955 3224 2026 inquit,
3257 1934 3513 2015 Abraham

1929 2032 2089 2086 oculis
2117 2034 2222 2086 suis
2247 2035 2370 2088 vidit
2396 2038 2562 2092 locum
2591 2058 2622 2093 a
2656 2033 2837 2113 longe,
2869 2046 2920 2099 5.
2953 2055 2998 2100 et
3029 2047 3156 2101 dixit
3195 2052 3347 2105 servis
3371 2053 3512 2106 suis:

1930 2124 2114 2179 Sedete
2146 2127 2228 2180 hic
2263 2146 2376 2184 cum
2411 2135 2575 2187 asina.
2605 2135 2740 2191 Vide
2763 2149 2814 2192 et
2847 2139 2932 2193 hic
2955 2141 3082 2208 justi
3111 2158 3352 2213 magnam
3383 2161 3510 2213 pru-

1927 2215 2161 2270 dentiam
2189 2235 2201 2271 :
2229 2221 2387 2275 etiam
2420 2225 2587 2278 servis
2613 2229 2723 2280 vult
2751 2243 2870 2283 eSSe
2901 2232 3142 2286 occultus
3165 2273 3180 2298 ,
3213 2249 3303 2302 per
3332 2237 3510 2291 omnia

1926 2307 2204 2363 declarans
2229 2327 2286 2364 se
2306 2328 2425 2366 cum
2457 2316 2676 2371 ferventi
2702 2319 2974 2375 alacritate
2994 2332 3048 2376 et
3075 2323 3277 2379 intento
3299 2327 3510 2381 deside-

1925 2400 2006 2453 rio
2029 2401 2249 2470 implere
2270 2407 2403 2460 velle
2424 2407 2564 2472 quod
2588 2409 2694 2463 Deo
2716 2412 3055 2479 probabatur.
3079 2413 3210 2468 Nam
3235 2417 3354 2486 quia
3377 2419 3511 2472 scie-

1928 2490 2018 2545 bat
2045 2507 2234 2546 novum
2268 2505 2320 2549 et
2353 2497 2642 2554 inauditum
2673 2516 2794 2556 esse
2829 2502 2878 2556 id
2909 2504 3047 2572 quod
3073 2505 3139 2560 ab
3169 2505 3282 2574 ipso
3308 2505 3508 2562 facien-

1925 2583 2049 2638 dum
2072 2596 2204 2649 erat,
2230 2602 2400 2657 neque
2421 2591 2488 2643 ab
2508 2591 2615 2644 ullo
2633 2608 2878 2662 umquam
2909 2595 3011 2650 tale
3031 2597 3281 2665 quiddam
3310 2596 3506 2652 factum

1925 2675 2089 2732 fuisse
2118 2692 2270 2734 antea
2295 2724 2308 2745 ,
2338 2698 2450 2735 rem
2479 2685 2652 2737 servis
2681 2688 2931 2743 occultat.
2963 2689 3024 2743 Et
3052 2689 3253 2745 relictis
3281 2692 3358 2745 eis
3383 2706 3504 2745 cum

1924 2770 2092 2834 asina,
2128 2771 2295 2841 inquit
2328 2791 2339 2826 :
2368 2774 2420 2827 5.
2454 2773 2553 2826 Hic
2573 2786 2852 2844 exspectate
2872 2795 2890 2831 :
2909 2795 2999 2849 ego
3021 2780 3153 2833 enim
3182 2790 3228 2834 et
3249 2798 3372 2850 puer
3391 2799 3504 2832 am-

1923 2859 2207 2915 bulabimus
2237 2880 2388 2932 usque
2411 2865 2553 2929 illuc,
2576 2876 2620 2919 et
2646 2885 2760 2920 cum
2784 2870 3180 2932 adoraverimus,
3205 2882 3506 2924 revertemur

1924 2956 1991 3006 ad
2020 2970 2122 3008 vos.
2160 2954 2415 3024 Ignorans
2443 2957 2672 3012 futurum
2703 2974 2822 3014 esse
2852 2960 2899 3013 id
2933 2961 3074 3028 quod
3114 2961 3324 3016 dicebat
3352 3004 3366 3026 ,
3407 2962 3502 3016 sed

1925 3047 2266 3115 prophetavit
2292 3047 2503 3116 quidem
2530 3089 2544 3112 ,
2579 3049 2826 3118 ignorans
2851 3059 3024 3105 tamen
3058 3052 3316 3106 fortassis.
3353 3053 3503 3106 Dice-

1922 3135 2011 3190 bat
2040 3146 2214 3190 autem
2249 3136 2362 3191 inec
2387 3137 2552 3192 servis
2577 3177 2592 3203 ,
2624 3138 2760 3194 forte
2791 3149 2846 3194 ut
2874 3140 3168 3210 imponeret
3194 3142 3309 3207 eis,
3339 3153 3390 3196 et
3421 3142 3501 3196 fa-

1921 3237 2068 3282 ceret
2097 3237 2153 3282 ut
2191 3229 2260 3283 ibi
2304 3238 2580 3284 manentes
2609 3246 2714 3285 non
2742 3241 3091 3301 sequerentur
3118 3249 3134 3287 :
3163 3247 3224 3287 ac
3249 3233 3503 3304 deinceps

1920 3333 2040 3372 cum
2070 3333 2234 3387 puero
2259 3328 2376 3372 erat
2404 3319 2720 3388 patriarcha.
2745 3320 2797 3376 6.
2822 3321 3025 3393 Accepit
3050 3332 3215 3376 autem
3246 3323 3501 3378 Abraham

1920 3409 2059 3479 ligna
2089 3409 2388 3474 holocausti,
2419 3420 2465 3463 et
2491 3411 2730 3480 imposuit
2758 3410 2905 3465 Isaac
2935 3413 3041 3481 filio
3070 3430 3183 3467 suo.
3215 3414 3348 3468 Tulit
3371 3432 3498 3484 quo-

1917 3516 2013 3568 que
2035 3500 2087 3552 in
2108 3500 2341 3553 manibus
2362 3500 2525 3570 ignem
2552 3511 2598 3553 et
2622 3501 2869 3567 gladium,
2891 3510 2937 3555 et
2957 3513 3282 3569 perrexerunt
3305 3504 3403 3557 duo
3424 3505 3498 3557 illi

1915 3594 2087 3646 simul.
2118 3592 2162 3648 Ο
2190 3594 2380 3646 animae
2413 3594 2768 3649 fortitudinem
2795 3595 2808 3647 Ξ
2841 3610 2872 3647 o
2899 3593 3116 3663 spiritus
3139 3595 3454 3650 soliditatem
3477 3597 3490 3651 !

1917 3686 1983 3740 Et
2009 3688 2265 3757 imposuit,
2295 3686 2484 3756 inquit,
2507 3686 2660 3740 Isaac
2676 3689 2815 3760 ligna
2835 3689 3116 3743 holocausti
3137 3705 3154 3743 :
3182 3691 3292 3756 ipse
3318 3700 3493 3744 autem

1912 3778 2145 3846 gladium
2187 3787 2241 3831 et
2281 3778 2453 3843 ignem
2489 3778 2727 3846 accepit,
2767 3789 2821 3832 et
2858 3778 3072 3833 iverunt
3108 3779 3267 3832 ambo
3310 3780 3490 3834 simul.

1911 3870 2166 3937 Qualibus
2195 3870 2360 3924 oculis
2396 3870 2668 3938 Spectabat
2697 3886 2915 3938 puerum
2957 3871 3092 3939 ligna
3135 3871 3442 3926 all'crentem
3474 3914 3492 3939 ,

1911 3977 2074 4030 super
2099 3975 2218 4030 quae
2244 3975 2348 4014 non
2376 3961 2543 4014 multo
2574 3970 2694 4030 post
2722 3961 2866 4014 illum
2895 3961 3260 4016 immolaturus
3281 3965 3301 3993 ²
3331 3974 3444 4016 erat
3469 3965 3495 4017 ἲ

1909 4052 2178 4121 quomodo
2218 4067 2404 4106 manus
2446 4051 2585 4107 ferre
2625 4053 2796 4122 potuit
2829 4053 3008 4122 ignem
3037 4063 3089 4107 et
3121 4053 3349 4122 gladium
3376 4054 3398 4103 ?
3428 4054 3492 4109 Et

1909 4158 2098 4197 manus
2127 4143 2339 4213 quidem
2365 4142 2572 4198 ferebat
2596 4144 2768 4213 ignem
2799 4143 3127 4208 sensibilem,
3157 4145 3291 4212 ignis
3314 4157 3489 4198 altlcm

1907 4234 2128 4288 interior
2154 4233 2479 4289 accendebat
2515 4234 2680 4302 ipsius
2710 4243 2939 4288 mentem
2965 4275 2978 4297 ,
3007 4242 3062 4286 et
3102 4235 3360 4290 rationem
3389 4235 3488 4289 ab-

1905 4327 2166 4392 sumebat,
2196 4327 2653 4396 pcrsuadebatque
2675 4335 2730 4379 ut
2754 4342 2936 4380 amore
2963 4327 3014 4379 in
3043 4327 3204 4381 Deum
3228 4328 3486 4389 vinceret.

1905 4427 1959 4472 ct
1991 4419 2125 4472 hanc
2153 4418 2524 4487 cogitationem
2557 4417 2892 4481 inunittebat,
2916 4433 3058 4480 eum,
3086 4417 3172 4486 qui
3195 4417 3303 4487 jam
3327 4433 3484 4487 supra

1906 4511 2186 4565 humanam
2202 4522 2440 4565 naturam
2456 4526 2512 4564 se
2530 4512 2725 4565 fecerat
2739 4525 2857 4565 esse
2873 4521 3096 4579 patrem,
3120 4513 3309 4566 iterum
3330 4526 3486 4580 posse

1902 4612 1954 4656 et
1985 4619 2123 4656 nunc
2151 4619 2268 4672 qua:
2287 4603 2569 4656 humanam
2594 4601 3052 4671 transgrediuntur
3072 4604 3330 4658 rationem
3356 4619 3486 4671 ope-

1902 4694 2027 4747 rari.
2051 4694 2313 4749 C:eterum
2342 4694 2480 4755 vide,
2498 4693 2740 4755 obsecro,
2761 4692 3011 4761 deinceps
3031 4703 3153 4747 ante
3178 4695 3481 4749 sensibilem

1902 4787 2048 4840 illum
2093 4786 2304 4855 ignem,
2352 4785 2652 4839 incendium
2698 4786 3001 4850 internum,
3048 4787 3188 4856 quod
3230 4788 3478 4855 paulatim

1899 4874 2314 4938 exardescebat,
2341 4883 2393 4930 ct
2419 4873 2546 4944 juSti
2576 4883 2805 4928 mentem
2837 4875 3216 4930 inﬂammabat.
3255 4877 3306 4930 7.
3338 4875 3480 4929 Dixit

1897 4979 2086 5032 autem,
2112 4969 2300 5037 inquit,
2330 4966 2482 5019 Isaac
2501 4966 2568 5019 ad
2588 4967 2843 5019 Abraham
2869 4977 3058 5035 patrem
3086 4985 3273 5022 suum:
3303 4967 3476 5020 Pater.

1897 5061 2204 5114 Sufhciebat
2255 5060 2355 5112 hoc
2400 5059 2614 5112 verbum
2667 5058 2732 5111 ad
2786 5057 3095 5111 lancinanda
3141 5059 3266 5124 justi
3323 5058 3479 5127 lmjus

1895 5154 2116 5206 viscera.
2151 5149 2249 5204 Ille
2277 5162 2444 5203 autent
2482 5150 2610 5203 dixit
2642 5166 2660 5201 :
2693 5149 2829 5213 Quid
2855 5159 2947 5212 est,
2980 5149 3102 5218 ﬁli?
3143 5151 3352 5204 Patrem
3385 5166 3479 5200 vn-

1892 5262 2002 5311 cas,
2029 5244 2181 5313 paulo
2200 5253 2319 5312 post
2342 5243 2568 5295 futurum
2589 5241 2774 5294 orbum
2801 5258 2814 5292 :
2844 5251 2896 5295 et
2923 5256 3020 5310 ego
3051 5241 3212 5294 lilium
3241 5241 3484 5311 appello,

1891 5337 1978 5405 qui
2012 5350 2115 5388 non
2149 5334 2312 5388 multo
2341 5341 2453 5401 post
2478 5349 2638 5399 super
2664 5334 2828 5385 altare
2855 5347 3171 5386 ascensurus
3200 5343 3311 5396 est,
3344 5333 3478 5385 uicis

1889 5426 2209 5486 occidendus
2234 5424 2497 5479 manibus.
2528 5423 2723 5477 Deinde
2751 5437 2880 5492 puer
2910 5423 3077 5492 inquit
3106 5439 3118 5475 :
3150 5420 3282 5476 Ecce
3307 5424 3475 5490 ignem

1888 5517 2079 5584 all'crs,
2113 5527 2161 5572 et
2189 5533 2287 5588 ego
2325 5516 2499 5586 ligna;
2523 5515 2609 5570 ubi
2648 5525 2731 5570 est
2766 5513 2937 5569 hostia
2978 5514 3342 5568 innnolanda?
3375 5514 3471 5569 Ubi

1949 5682 1984 5746 '_
2004 5675 2219 5746 savthet
2241 5673 2433 5746 quidam
2465 5681 2576 5724 Mss.
2619 5685 2636 5746 ς
2679 5671 2844 5735 Cogita
2861 5671 2990 5723 enim
3019 5681 3197 5736 quanta
3220 5687 3473 5738 perpessus

1883 5738 1945 5792 sit
1959 5739 2122 5805 justus
2143 5735 2224 5788 ille
2247 5735 2373 5786 intra
2396 5745 2491 5805 tres
2522 5742 2697 5805 noctes.
2879 5795 2890 5805 _

1949 5795 1976 5834 ί
2003 5803 2219 5863 quinque
2244 5808 2370 5859 Mss,
2395 5799 2718 5864 impositurus,
2744 5807 2846 5859 pro,
2872 5795 3222 5850 immolaturus.
