  <div class='ocr_page' id='page_1' title='image "/cluster/home/n/w/nwhite01/storage/ocr_20150623/54/nnc1.0046978518/057.png"; bbox 0 0 4084 6356; ppageno 0'>
   <div class='ocr_carea' id='block_1_1' title="bbox 549 365 644 418">
    <p class='ocr_par' dir='ltr' id='par_1_1' title="bbox 549 365 644 418">
     <span class='ocr_line' id='line_1_1' title="bbox 549 365 644 418; baseline 0.021 -4"><span class='ocrx_word' id='word_1_1' title='bbox 549 365 644 418; x_wconf 62' lang='grc'><strong>51</strong></span> 
     </span>
    </p>
   </div>
   <div class='ocr_carea' id='block_1_2' title="bbox 540 476 2113 545">
    <p class='ocr_par' dir='ltr' id='par_1_2' title="bbox 540 476 2113 545">
     <span class='ocr_line' id='line_1_2' title="bbox 540 476 2113 545; baseline -0.001 -15"><span class='ocrx_word' id='word_1_2' title='bbox 540 489 609 531; x_wconf 84' lang='lat' dir='ltr'><strong>est</strong></span> <span class='ocrx_word' id='word_1_3' title='bbox 632 478 736 532; x_wconf 83' lang='lat' dir='ltr'><strong>ovis</strong></span> <span class='ocrx_word' id='word_1_4' title='bbox 757 478 823 531; x_wconf 85' lang='lat' dir='ltr'><strong>ad</strong></span> <span class='ocrx_word' id='word_1_5' title='bbox 852 477 1195 531; x_wconf 89' lang='lat' dir='ltr'><strong>holocaustum</strong></span> <span class='ocrx_word' id='word_1_6' title='bbox 1218 477 1242 530; x_wconf 73' lang='lat'><strong>.9</strong></span> <span class='ocrx_word' id='word_1_7' title='bbox 1266 477 1575 539; x_wconf 87' lang='lat' dir='ltr'><strong>Considera,</strong></span> <span class='ocrx_word' id='word_1_8' title='bbox 1604 477 1851 536; x_wconf 75' lang='lat' dir='ltr'><strong>obsecro.</strong></span> <span class='ocrx_word' id='word_1_9' title='bbox 1879 476 1963 530; x_wconf 88' lang='lat' dir='ltr'><strong>hic</strong></span> <span class='ocrx_word' id='word_1_10' title='bbox 1988 476 2113 545; x_wconf 64' lang='lat' dir='ltr'><strong>justi</strong></span> 
     </span>
    </p>
   </div>
   <div class='ocr_carea' id='block_1_3' title="bbox 541 566 2120 637">
    <p class='ocr_par' dir='ltr' id='par_1_3' title="bbox 541 566 2120 637">
     <span class='ocr_line' id='line_1_3' title="bbox 541 566 2120 637; baseline 0 -19"><span class='ocrx_word' id='word_1_11' title='bbox 541 569 636 622; x_wconf 75' lang='lat' dir='ltr'><strong>viri</strong></span> <span class='ocrx_word' id='word_1_12' title='bbox 654 568 967 635; x_wconf 82' lang='lat' dir='ltr'><strong>cruciatum,</strong></span> <span class='ocrx_word' id='word_1_13' title='bbox 988 568 1255 637; x_wconf 87' lang='lat' dir='ltr'><strong>quomodo</strong></span> <span class='ocrx_word' id='word_1_14' title='bbox 1276 568 1391 620; x_wconf 89' lang='lat' dir='ltr'><strong>tulit</strong></span> <span class='ocrx_word' id='word_1_15' title='bbox 1406 568 1641 629; x_wconf 90' lang='lat' dir='ltr'><strong>auribus,</strong></span> <span class='ocrx_word' id='word_1_16' title='bbox 1662 566 1929 637; x_wconf 88' lang='lat' dir='ltr'><strong>quomodo</strong></span> <span class='ocrx_word' id='word_1_17' title='bbox 1953 567 2120 635; x_wconf 88' lang='lat' dir='ltr'><strong>potuit</strong></span> 
     </span>
    </p>
   </div>
   <div class='ocr_carea' id='block_1_4' title="bbox 541 658 2117 730">
    <p class='ocr_par' dir='ltr' id='par_1_4' title="bbox 541 658 2117 730">
     <span class='ocr_line' id='line_1_4' title="bbox 541 658 2117 730; baseline -0.003 -17"><span class='ocrx_word' id='word_1_18' title='bbox 541 659 863 728; x_wconf 89' lang='lat' dir='ltr'><strong>respondere</strong></span> <span class='ocrx_word' id='word_1_19' title='bbox 891 674 1078 730; x_wconf 88' lang='lat' dir='ltr'><strong>puero,</strong></span> <span class='ocrx_word' id='word_1_20' title='bbox 1106 659 1369 728; x_wconf 88' lang='lat' dir='ltr'><strong>quomodo</strong></span> <span class='ocrx_word' id='word_1_21' title='bbox 1396 676 1499 711; x_wconf 91' lang='lat' dir='ltr'><strong>non</strong></span> <span class='ocrx_word' id='word_1_22' title='bbox 1524 669 1603 712; x_wconf 90' lang='lat' dir='ltr'><strong>est</strong></span> <span class='ocrx_word' id='word_1_23' title='bbox 1632 658 1886 712; x_wconf 80' lang='lat' dir='ltr'><strong>confusus</strong></span> <span class='ocrx_word' id='word_1_24' title='bbox 1912 666 2117 718; x_wconf 84' lang='lat' dir='ltr'><strong>meme,</strong></span> 
     </span>
    </p>
   </div>
   <div class='ocr_carea' id='block_1_5' title="bbox 542 746 2117 819">
    <p class='ocr_par' dir='ltr' id='par_1_5' title="bbox 542 746 2117 819">
     <span class='ocr_line' id='line_1_5' title="bbox 542 746 2117 819; baseline 0 -20"><span class='ocrx_word' id='word_1_25' title='bbox 542 749 812 819; x_wconf 80' lang='lat' dir='ltr'><strong>quomodo</strong></span> <span class='ocrx_word' id='word_1_26' title='bbox 840 750 946 802; x_wconf 84' lang='lat' dir='ltr'><strong>tilio</strong></span> <span class='ocrx_word' id='word_1_27' title='bbox 972 751 1237 804; x_wconf 87' lang='lat' dir='ltr'><strong>occultare</strong></span> <span class='ocrx_word' id='word_1_28' title='bbox 1266 749 1432 817; x_wconf 87' lang='lat' dir='ltr'><strong>potuit</strong></span> <span class='ocrx_word' id='word_1_29' title='bbox 1459 749 1507 802; x_wconf 90' lang='lat' dir='ltr'><strong>id</strong></span> <span class='ocrx_word' id='word_1_30' title='bbox 1538 749 1677 818; x_wconf 89' lang='lat' dir='ltr'><strong>quod</strong></span> <span class='ocrx_word' id='word_1_31' title='bbox 1702 746 1933 802; x_wconf 90' lang='lat' dir='ltr'><strong>futurum</strong></span> <span class='ocrx_word' id='word_1_32' title='bbox 1964 757 2081 801; x_wconf 89' lang='lat' dir='ltr'><strong>erat</strong></span> <span class='ocrx_word' id='word_1_33' title='bbox 2105 762 2117 799; x_wconf 92' lang='lat'><strong>:</strong></span> 
     </span>
    </p>
   </div>
   <div class='ocr_carea' id='block_1_6' title="bbox 543 836 2122 909">
    <p class='ocr_par' dir='ltr' id='par_1_6' title="bbox 543 836 2122 909">
     <span class='ocr_line' id='line_1_6' title="bbox 543 836 2122 909; baseline -0.001 -19"><span class='ocrx_word' id='word_1_34' title='bbox 543 840 636 893; x_wconf 65' lang='lat' dir='ltr'><strong>sed</strong></span> <span class='ocrx_word' id='word_1_35' title='bbox 670 840 839 909; x_wconf 92' lang='lat' dir='ltr'><strong>inquit</strong></span> <span class='ocrx_word' id='word_1_36' title='bbox 864 854 1125 907; x_wconf 84' lang='lat' dir='ltr'><strong>generoso</strong></span> <span class='ocrx_word' id='word_1_37' title='bbox 1164 840 1348 907; x_wconf 89' lang='lat' dir='ltr'><strong>spiritu</strong></span> <span class='ocrx_word' id='word_1_38' title='bbox 1389 848 1443 892; x_wconf 89' lang='lat' dir='ltr'><strong>et</strong></span> <span class='ocrx_word' id='word_1_39' title='bbox 1484 837 1603 891; x_wconf 85' lang='lat' dir='ltr'><strong>forti</strong></span> <span class='ocrx_word' id='word_1_40' title='bbox 1642 839 1815 891; x_wconf 89' lang='lat' dir='ltr'><strong>anima</strong></span> <span class='ocrx_word' id='word_1_41' title='bbox 1849 856 1859 888; x_wconf 92' lang='lat'><strong>:</strong></span> <span class='ocrx_word' id='word_1_42' title='bbox 1892 837 1946 891; x_wconf 91' lang='lat'><strong>8.</strong></span> <span class='ocrx_word' id='word_1_43' title='bbox 1988 836 2122 889; x_wconf 85' lang='lat' dir='ltr'><strong>Deus</strong></span> 
     </span>
    </p>
   </div>
   <div class='ocr_carea' id='block_1_7' title="bbox 543 930 2117 1002">
    <p class='ocr_par' dir='ltr' id='par_1_7' title="bbox 543 930 2117 1002">
     <span class='ocr_line' id='line_1_7' title="bbox 543 930 2117 1002; baseline -0.001 -20"><span class='ocrx_word' id='word_1_44' title='bbox 543 932 725 985; x_wconf 85' lang='lat' dir='ltr'><strong>videbit</strong></span> <span class='ocrx_word' id='word_1_45' title='bbox 742 933 1033 1002; x_wconf 78' lang='lat' dir='ltr'><strong>sibimetipsi</strong></span> <span class='ocrx_word' id='word_1_46' title='bbox 1061 948 1199 985; x_wconf 71' lang='lat' dir='ltr'><strong>ovem</strong></span> <span class='ocrx_word' id='word_1_47' title='bbox 1225 933 1292 985; x_wconf 86' lang='lat' dir='ltr'><strong>ad</strong></span> <span class='ocrx_word' id='word_1_48' title='bbox 1314 932 1677 996; x_wconf 87' lang='lat' dir='ltr'><strong>holocaustum,</strong></span> <span class='ocrx_word' id='word_1_49' title='bbox 1706 930 1941 998; x_wconf 85' lang='lat' dir='ltr'><strong>ﬁli.Vide</strong></span> <span class='ocrx_word' id='word_1_50' title='bbox 1960 932 2117 982; x_wconf 73' lang='lat' dir='ltr'><strong>etiam</strong></span> 
     </span>
    </p>
   </div>
   <div class='ocr_carea' id='block_1_8' title="bbox 546 1021 2124 1093">
    <p class='ocr_par' dir='ltr' id='par_1_8' title="bbox 546 1021 2124 1093">
     <span class='ocr_line' id='line_1_8' title="bbox 546 1021 2124 1093; baseline -0.003 -18"><span class='ocrx_word' id='word_1_51' title='bbox 546 1024 630 1076; x_wconf 88' lang='lat' dir='ltr'><strong>hic</strong></span> <span class='ocrx_word' id='word_1_52' title='bbox 658 1038 763 1093; x_wconf 91' lang='lat' dir='ltr'><strong>quo</strong></span> <span class='ocrx_word' id='word_1_53' title='bbox 789 1033 943 1091; x_wconf 90' lang='lat' dir='ltr'><strong>pacto</strong></span> <span class='ocrx_word' id='word_1_54' title='bbox 969 1023 1183 1091; x_wconf 84' lang='lat' dir='ltr'><strong>ignarus</strong></span> <span class='ocrx_word' id='word_1_55' title='bbox 1220 1022 1451 1075; x_wconf 74' lang='lat' dir='ltr'><strong>insinuat</strong></span> <span class='ocrx_word' id='word_1_56' title='bbox 1495 1023 1681 1075; x_wconf 95' lang='lat' dir='ltr'><strong>iterum</strong></span> <span class='ocrx_word' id='word_1_57' title='bbox 1712 1021 1850 1090; x_wconf 82' lang='lat' dir='ltr'><strong>quod</strong></span> <span class='ocrx_word' id='word_1_58' title='bbox 1894 1024 2124 1072; x_wconf 82' lang='lat' dir='ltr'><strong>futurum</strong></span> 
     </span>
    </p>
   </div>
   <div class='ocr_carea' id='block_1_9' title="bbox 546 1102 2123 1181">
    <p class='ocr_par' dir='ltr' id='par_1_9' title="bbox 546 1102 2123 1181">
     <span class='ocr_line' id='line_1_9' title="bbox 546 1102 2123 1181; baseline -0.001 -18"><span class='ocrx_word' id='word_1_59' title='bbox 546 1123 677 1166; x_wconf 81' lang='lat' dir='ltr'><strong>erat.</strong></span> <span class='ocrx_word' id='word_1_60' title='bbox 715 1113 998 1167; x_wconf 74' lang='lat' dir='ltr'><strong>Videbatur</strong></span> <span class='ocrx_word' id='word_1_61' title='bbox 1025 1114 1164 1167; x_wconf 89' lang='lat' dir='ltr'><strong>enim</strong></span> <span class='ocrx_word' id='word_1_62' title='bbox 1196 1129 1288 1179; x_wconf 89' lang='lat' dir='ltr'><strong>per</strong></span> <span class='ocrx_word' id='word_1_63' title='bbox 1315 1102 1625 1181; x_wconf 81' lang='lat' dir='ltr'><strong>reSponsum</strong></span> <span class='ocrx_word' id='word_1_64' title='bbox 1657 1112 1800 1164; x_wconf 79' lang='lat' dir='ltr'><strong>Isaac</strong></span> <span class='ocrx_word' id='word_1_65' title='bbox 1825 1109 2123 1173; x_wconf 67' lang='lat' dir='ltr'><strong>decepisse,</strong></span> 
     </span>
    </p>
   </div>
   <div class='ocr_carea' id='block_1_10' title="bbox 547 1204 2125 1275">
    <p class='ocr_par' dir='ltr' id='par_1_10' title="bbox 547 1204 2125 1275">
     <span class='ocr_line' id='line_1_10' title="bbox 547 1204 2125 1275; baseline -0.004 -17"><span class='ocrx_word' id='word_1_66' title='bbox 547 1205 641 1259; x_wconf 73' lang='lat' dir='ltr'><strong>sed</strong></span> <span class='ocrx_word' id='word_1_67' title='bbox 672 1206 743 1259; x_wconf 91' lang='lat' dir='ltr'><strong>illi</strong></span> <span class='ocrx_word' id='word_1_68' title='bbox 774 1204 985 1275; x_wconf 84' lang='lat' dir='ltr'><strong>quidem</strong></span> <span class='ocrx_word' id='word_1_69' title='bbox 1024 1205 1200 1259; x_wconf 91' lang='lat' dir='ltr'><strong>verbis</strong></span> <span class='ocrx_word' id='word_1_70' title='bbox 1228 1206 1435 1258; x_wconf 86' lang='lat' dir='ltr'><strong>interim</strong></span> <span class='ocrx_word' id='word_1_71' title='bbox 1467 1204 1727 1273; x_wconf 75' lang='lat' dir='ltr'><strong>persuasit</strong></span> <span class='ocrx_word' id='word_1_72' title='bbox 1761 1220 1773 1255; x_wconf 93' lang='lat'>:</span> <span class='ocrx_word' id='word_1_73' title='bbox 1808 1204 1919 1271; x_wconf 76' lang='lat' dir='ltr'><strong>ipse</strong></span> <span class='ocrx_word' id='word_1_74' title='bbox 1948 1212 2125 1254; x_wconf 91' lang='lat' dir='ltr'><strong>autem</strong></span> 
     </span>
    </p>
   </div>
   <div class='ocr_carea' id='block_1_11' title="bbox 550 1296 2128 1368">
    <p class='ocr_par' dir='ltr' id='par_1_11' title="bbox 550 1296 2128 1368">
     <span class='ocr_line' id='line_1_11' title="bbox 550 1296 2128 1368; baseline 0 -19"><span class='ocrx_word' id='word_1_75' title='bbox 550 1298 805 1367; x_wconf 75' lang='lat' dir='ltr'><strong>tnajorem</strong></span> <span class='ocrx_word' id='word_1_76' title='bbox 850 1301 1250 1368; x_wconf 80' lang='lat' dir='ltr'><strong>gravioremqne</strong></span> <span class='ocrx_word' id='word_1_77' title='bbox 1299 1298 1539 1352; x_wconf 81' lang='lat' dir='ltr'><strong>dolorem</strong></span> <span class='ocrx_word' id='word_1_78' title='bbox 1585 1297 1831 1365; x_wconf 89' lang='lat' dir='ltr'><strong>pertulit,</strong></span> <span class='ocrx_word' id='word_1_79' title='bbox 1873 1296 2031 1348; x_wconf 84' lang='lat' dir='ltr'><strong>verba</strong></span> <span class='ocrx_word' id='word_1_80' title='bbox 2075 1296 2128 1349; x_wconf 91' lang='lat' dir='ltr'><strong>in</strong></span> 
     </span>
    </p>
   </div>
   <div class='ocr_carea' id='block_1_12' title="bbox 548 1387 2127 1457">
    <p class='ocr_par' dir='ltr' id='par_1_12' title="bbox 548 1387 2127 1457">
     <span class='ocr_line' id='line_1_12' title="bbox 548 1387 2127 1457; baseline -0.001 -17"><span class='ocrx_word' id='word_1_81' title='bbox 548 1390 723 1441; x_wconf 88' lang='lat' dir='ltr'><strong>anima</strong></span> <span class='ocrx_word' id='word_1_82' title='bbox 747 1404 985 1454; x_wconf 84' lang='lat' dir='ltr'><strong>versans,</strong></span> <span class='ocrx_word' id='word_1_83' title='bbox 1004 1402 1056 1443; x_wconf 87' lang='lat' dir='ltr'><strong>et</strong></span> <span class='ocrx_word' id='word_1_84' title='bbox 1075 1390 1310 1457; x_wconf 81' lang='lat' dir='ltr'><strong>cogitans</strong></span> <span class='ocrx_word' id='word_1_85' title='bbox 1333 1388 1477 1455; x_wconf 90' lang='lat' dir='ltr'><strong>pueri</strong></span> <span class='ocrx_word' id='word_1_86' title='bbox 1501 1387 1812 1454; x_wconf 77' lang='lat' dir='ltr'><strong>elegantiam</strong></span> <span class='ocrx_word' id='word_1_87' title='bbox 1830 1397 2127 1451; x_wconf 77' lang='lat' dir='ltr'><strong>externam,</strong></span> 
     </span>
    </p>
   </div>
   <div class='ocr_carea' id='block_1_13' title="bbox 560 1476 2129 1547">
    <p class='ocr_par' dir='ltr' id='par_1_13' title="bbox 560 1476 2129 1547">
     <span class='ocr_line' id='line_1_13' title="bbox 560 1476 2129 1547; baseline -0.001 -18"><span class='ocrx_word' id='word_1_88' title='bbox 560 1478 931 1547; x_wconf 81' lang='lat' dir='ltr'><strong>intentamque</strong></span> <span class='ocrx_word' id='word_1_89' title='bbox 957 1478 1397 1546; x_wconf 86' lang='lat' dir='ltr'><strong>pulchritudinem</strong></span> <span class='ocrx_word' id='word_1_90' title='bbox 1427 1519 1439 1539; x_wconf 86' lang='lat'><strong>,</strong></span> <span class='ocrx_word' id='word_1_91' title='bbox 1469 1476 1853 1539; x_wconf 85' lang='lat' dir='ltr'><strong>obedientiam,</strong></span> <span class='ocrx_word' id='word_1_92' title='bbox 1884 1478 2129 1544; x_wconf 75' lang='lat' dir='ltr'><strong>gratiam,</strong></span> 
     </span>
    </p>
   </div>
   <div class='ocr_carea' id='block_1_14' title="bbox 551 1567 2135 1637">
    <p class='ocr_par' dir='ltr' id='par_1_14' title="bbox 551 1567 2135 1637">
     <span class='ocr_line' id='line_1_14' title="bbox 551 1567 2135 1637; baseline 0 -17"><span class='ocrx_word' id='word_1_93' title='bbox 551 1570 721 1622; x_wconf 68' lang='lat' dir='ltr'><strong>astatis</strong></span> <span class='ocrx_word' id='word_1_94' title='bbox 750 1568 955 1624; x_wconf 85' lang='lat' dir='ltr'><strong>ﬂorem.</strong></span> <span class='ocrx_word' id='word_1_95' title='bbox 986 1570 1039 1623; x_wconf 87' lang='lat'><strong>9.</strong></span> <span class='ocrx_word' id='word_1_96' title='bbox 1073 1567 1293 1637; x_wconf 82' lang='lat' dir='ltr'><strong>Cumque</strong></span> <span class='ocrx_word' id='word_1_97' title='bbox 1326 1570 1451 1622; x_wconf 91' lang='lat' dir='ltr'><strong>irent</strong></span> <span class='ocrx_word' id='word_1_98' title='bbox 1478 1568 1626 1621; x_wconf 88' lang='lat' dir='ltr'><strong>ambo</strong></span> <span class='ocrx_word' id='word_1_99' title='bbox 1645 1608 1661 1634; x_wconf 93' lang='lat'><strong>,</strong></span> <span class='ocrx_word' id='word_1_100' title='bbox 1699 1578 1934 1622; x_wconf 81' lang='lat' dir='ltr'><strong>venerunt</strong></span> <span class='ocrx_word' id='word_1_101' title='bbox 1962 1569 2027 1620; x_wconf 90' lang='lat' dir='ltr'><strong>ad</strong></span> <span class='ocrx_word' id='word_1_102' title='bbox 2058 1568 2135 1620; x_wconf 86' lang='lat' dir='ltr'><strong>lo-</strong></span> 
     </span>
    </p>
   </div>
   <div class='ocr_carea' id='block_1_15' title="bbox 550 1660 2131 1730">
    <p class='ocr_par' dir='ltr' id='par_1_15' title="bbox 550 1660 2131 1730">
     <span class='ocr_line' id='line_1_15' title="bbox 550 1660 2131 1730; baseline -0.001 -17"><span class='ocrx_word' id='word_1_103' title='bbox 550 1678 663 1713; x_wconf 82' lang='lat' dir='ltr'><strong>cum</strong></span> <span class='ocrx_word' id='word_1_104' title='bbox 686 1661 747 1713; x_wconf 84' lang='lat' dir='ltr'><strong>de</strong></span> <span class='ocrx_word' id='word_1_105' title='bbox 769 1677 862 1730; x_wconf 84' lang='lat' dir='ltr'><strong>quo</strong></span> <span class='ocrx_word' id='word_1_106' title='bbox 880 1661 1004 1714; x_wconf 77' lang='lat' dir='ltr'><strong>dixit</strong></span> <span class='ocrx_word' id='word_1_107' title='bbox 1026 1661 1071 1713; x_wconf 86' lang='lat' dir='ltr'><strong>ei</strong></span> <span class='ocrx_word' id='word_1_108' title='bbox 1093 1660 1245 1713; x_wconf 86' lang='lat' dir='ltr'><strong>Deus.</strong></span> <span class='ocrx_word' id='word_1_109' title='bbox 1273 1660 1560 1723; x_wconf 87' lang='lat' dir='ltr'><strong>Venerunt,</strong></span> <span class='ocrx_word' id='word_1_110' title='bbox 1587 1661 1771 1728; x_wconf 82' lang='lat' dir='ltr'><strong>inquit,</strong></span> <span class='ocrx_word' id='word_1_111' title='bbox 1798 1660 1863 1712; x_wconf 91' lang='lat' dir='ltr'><strong>ad</strong></span> <span class='ocrx_word' id='word_1_112' title='bbox 1897 1671 2131 1712; x_wconf 82' lang='lat' dir='ltr'><strong>montem</strong></span> 
     </span>
    </p>
   </div>
   <div class='ocr_carea' id='block_1_16' title="bbox 552 1748 2135 1819">
    <p class='ocr_par' dir='ltr' id='par_1_16' title="bbox 552 1748 2135 1819">
     <span class='ocr_line' id='line_1_16' title="bbox 552 1748 2135 1819; baseline -0.001 -16"><span class='ocrx_word' id='word_1_113' title='bbox 552 1752 858 1815; x_wconf 78' lang='lat' dir='ltr'><strong>excelsum,</strong></span> <span class='ocrx_word' id='word_1_114' title='bbox 908 1765 1065 1819; x_wconf 89' lang='lat' dir='ltr'><strong>quem</strong></span> <span class='ocrx_word' id='word_1_115' title='bbox 1106 1751 1307 1803; x_wconf 85' lang='lat' dir='ltr'><strong>scilicet</strong></span> <span class='ocrx_word' id='word_1_116' title='bbox 1342 1750 1389 1804; x_wconf 91' lang='lat' dir='ltr'><strong>ei</strong></span> <span class='ocrx_word' id='word_1_117' title='bbox 1440 1751 1692 1803; x_wconf 85' lang='lat' dir='ltr'><strong>Dominus</strong></span> <span class='ocrx_word' id='word_1_118' title='bbox 1736 1750 1990 1803; x_wconf 58' lang='lat' dir='ltr'><strong>indicarat</strong></span> <span class='ocrx_word' id='word_1_119' title='bbox 2023 1766 2037 1802; x_wconf 93' lang='lat'><strong>:</strong></span> <span class='ocrx_word' id='word_1_120' title='bbox 2069 1748 2135 1802; x_wconf 78' lang='lat' dir='ltr'><strong>Et</strong></span> 
     </span>
    </p>
   </div>
   <div class='ocr_carea' id='block_1_17' title="bbox 554 1841 2135 1912">
    <p class='ocr_par' dir='ltr' id='par_1_17' title="bbox 554 1841 2135 1912">
     <span class='ocr_line' id='line_1_17' title="bbox 554 1841 2135 1912; baseline -0.001 -15"><span class='ocrx_word' id='word_1_121' title='bbox 554 1846 821 1912; x_wconf 77' lang='lat' dir='ltr'><strong>(rdiﬁcavit</strong></span> <span class='ocrx_word' id='word_1_122' title='bbox 850 1844 917 1896; x_wconf 89' lang='lat' dir='ltr'><strong>ibi</strong></span> <span class='ocrx_word' id='word_1_123' title='bbox 943 1843 1199 1897; x_wconf 87' lang='lat' dir='ltr'><strong>Abraham</strong></span> <span class='ocrx_word' id='word_1_124' title='bbox 1230 1844 1411 1897; x_wconf 86' lang='lat' dir='ltr'><strong>altare.</strong></span> <span class='ocrx_word' id='word_1_125' title='bbox 1448 1844 1639 1896; x_wconf 85' lang='lat' dir='ltr'><strong>lterum</strong></span> <span class='ocrx_word' id='word_1_126' title='bbox 1670 1843 1987 1910; x_wconf 76' lang='lat' dir='ltr'><strong>obstupesco</strong></span> <span class='ocrx_word' id='word_1_127' title='bbox 2007 1841 2135 1910; x_wconf 86' lang='lat' dir='ltr'><strong>justi</strong></span> 
     </span>
    </p>
   </div>
   <div class='ocr_carea' id='block_1_18' title="bbox 545 1934 2135 2003">
    <p class='ocr_par' dir='ltr' id='par_1_18' title="bbox 545 1934 2135 2003">
     <span class='ocr_line' id='line_1_18' title="bbox 545 1934 2135 2003; baseline -0.003 -14"><span class='ocrx_word' id='word_1_128' title='bbox 545 1934 911 1990; x_wconf 83' lang='lat' dir='ltr'><strong>fortitudinem</strong></span> <span class='ocrx_word' id='word_1_129' title='bbox 945 1976 959 1998; x_wconf 92' lang='lat'><strong>,</strong></span> <span class='ocrx_word' id='word_1_130' title='bbox 1014 1934 1281 2003; x_wconf 89' lang='lat' dir='ltr'><strong>quomodo</strong></span> <span class='ocrx_word' id='word_1_131' title='bbox 1331 1936 1562 2002; x_wconf 87' lang='lat' dir='ltr'><strong>potuerit</strong></span> <span class='ocrx_word' id='word_1_132' title='bbox 1603 1943 1876 1987; x_wconf 80' lang='lat' dir='ltr'><strong>exstruere</strong></span> <span class='ocrx_word' id='word_1_133' title='bbox 1924 1934 2091 1985; x_wconf 82' lang='lat' dir='ltr'><strong>altare</strong></span> <span class='ocrx_word' id='word_1_134' title='bbox 2120 1973 2135 1997; x_wconf 90' lang='lat'><strong>,</strong></span> 
     </span>
    </p>
   </div>
   <div class='ocr_carea' id='block_1_19' title="bbox 552 2023 2139 2095">
    <p class='ocr_par' dir='ltr' id='par_1_19' title="bbox 552 2023 2139 2095">
     <span class='ocr_line' id='line_1_19' title="bbox 552 2023 2139 2095; baseline 0 -20"><span class='ocrx_word' id='word_1_135' title='bbox 552 2026 818 2092; x_wconf 82' lang='lat' dir='ltr'><strong>quomodo</strong></span> <span class='ocrx_word' id='word_1_136' title='bbox 856 2025 1116 2091; x_wconf 88' lang='lat' dir='ltr'><strong>valuerit,</strong></span> <span class='ocrx_word' id='word_1_137' title='bbox 1163 2025 1427 2095; x_wconf 87' lang='lat' dir='ltr'><strong>quomodo</strong></span> <span class='ocrx_word' id='word_1_138' title='bbox 1470 2041 1577 2078; x_wconf 92' lang='lat' dir='ltr'><strong>non</strong></span> <span class='ocrx_word' id='word_1_139' title='bbox 1616 2023 1872 2079; x_wconf 81' lang='lat' dir='ltr'><strong>defecerit</strong></span> <span class='ocrx_word' id='word_1_140' title='bbox 1904 2040 2011 2091; x_wconf 64' lang='lat' dir='ltr'><strong>prae</strong></span> <span class='ocrx_word' id='word_1_141' title='bbox 2041 2040 2139 2075; x_wconf 85' lang='lat' dir='ltr'><strong>an-</strong></span> 
     </span>
    </p>
   </div>
   <div class='ocr_carea' id='block_1_20' title="bbox 553 2117 2139 2186">
    <p class='ocr_par' dir='ltr' id='par_1_20' title="bbox 553 2117 2139 2186">
     <span class='ocr_line' id='line_1_20' title="bbox 553 2117 2139 2186; baseline 0.001 -18"><span class='ocrx_word' id='word_1_142' title='bbox 553 2118 743 2184; x_wconf 72' lang='lat' dir='ltr'><strong>gustia,</strong></span> <span class='ocrx_word' id='word_1_143' title='bbox 776 2118 867 2171; x_wconf 87' lang='lat' dir='ltr'><strong>sed</strong></span> <span class='ocrx_word' id='word_1_144' title='bbox 899 2128 947 2171; x_wconf 89' lang='lat' dir='ltr'><strong>et</strong></span> <span class='ocrx_word' id='word_1_145' title='bbox 980 2119 1145 2171; x_wconf 88' lang='lat' dir='ltr'><strong>altare</strong></span> <span class='ocrx_word' id='word_1_146' title='bbox 1173 2119 1536 2181; x_wconf 67' lang='lat' dir='ltr'><strong>aedificaverit,</strong></span> <span class='ocrx_word' id='word_1_147' title='bbox 1566 2128 1617 2171; x_wconf 92' lang='lat' dir='ltr'><strong>et</strong></span> <span class='ocrx_word' id='word_1_148' title='bbox 1646 2118 1955 2186; x_wconf 84' lang='lat' dir='ltr'><strong>imposuerit</strong></span> <span class='ocrx_word' id='word_1_149' title='bbox 1978 2117 2139 2184; x_wconf 79' lang='lat' dir='ltr'><strong>ligna.</strong></span> 
     </span>
    </p>
   </div>
   <div class='ocr_carea' id='block_1_21' title="bbox 560 2206 2138 2277">
    <p class='ocr_par' dir='ltr' id='par_1_21' title="bbox 560 2206 2138 2277">
     <span class='ocr_line' id='line_1_21' title="bbox 560 2206 2138 2277; baseline -0.002 -16"><span class='ocrx_word' id='word_1_150' title='bbox 560 2209 622 2261; x_wconf 78' lang='lat' dir='ltr'><strong>Et</strong></span> <span class='ocrx_word' id='word_1_151' title='bbox 661 2212 869 2277; x_wconf 84' lang='lat' dir='ltr'><strong>ligatum</strong></span> <span class='ocrx_word' id='word_1_152' title='bbox 911 2209 1074 2276; x_wconf 92' lang='lat' dir='ltr'><strong>ﬁlium</strong></span> <span class='ocrx_word' id='word_1_153' title='bbox 1116 2227 1262 2262; x_wconf 88' lang='lat' dir='ltr'><strong>suam</strong></span> <span class='ocrx_word' id='word_1_154' title='bbox 1305 2208 1459 2262; x_wconf 76' lang='lat' dir='ltr'><strong>Isaac</strong></span> <span class='ocrx_word' id='word_1_155' title='bbox 1496 2210 1731 2277; x_wconf 83' lang='lat' dir='ltr'><strong>imposuit</strong></span> <span class='ocrx_word' id='word_1_156' title='bbox 1775 2224 1924 2276; x_wconf 78' lang='lat' dir='ltr'><strong>super</strong></span> <span class='ocrx_word' id='word_1_157' title='bbox 1957 2206 2138 2259; x_wconf 87' lang='lat' dir='ltr'><strong>altare.</strong></span> 
     </span>
    </p>
   </div>
   <div class='ocr_carea' id='block_1_22' title="bbox 559 2298 2145 2365">
    <p class='ocr_par' dir='ltr' id='par_1_22' title="bbox 559 2298 2145 2365">
     <span class='ocr_line' id='line_1_22' title="bbox 559 2298 2145 2365; baseline -0.003 -11"><span class='ocrx_word' id='word_1_158' title='bbox 559 2304 646 2354; x_wconf 82' lang='lat' dir='ltr'><strong>l0.</strong></span> <span class='ocrx_word' id='word_1_159' title='bbox 694 2300 759 2353; x_wconf 88' lang='lat' dir='ltr'><strong>Et</strong></span> <span class='ocrx_word' id='word_1_160' title='bbox 793 2301 1014 2354; x_wconf 70' lang='lat' dir='ltr'><strong>extendit</strong></span> <span class='ocrx_word' id='word_1_161' title='bbox 1050 2300 1305 2353; x_wconf 80' lang='lat' dir='ltr'><strong>Abraham</strong></span> <span class='ocrx_word' id='word_1_162' title='bbox 1346 2316 1551 2352; x_wconf 86' lang='lat' dir='ltr'><strong>manum</strong></span> <span class='ocrx_word' id='word_1_163' title='bbox 1593 2316 1772 2362; x_wconf 80' lang='lat' dir='ltr'><strong>suam,</strong></span> <span class='ocrx_word' id='word_1_164' title='bbox 1808 2310 1860 2350; x_wconf 92' lang='lat' dir='ltr'><strong>ut</strong></span> <span class='ocrx_word' id='word_1_165' title='bbox 1898 2298 2145 2365; x_wconf 83' lang='lat' dir='ltr'><strong>acciperet</strong></span> 
     </span>
    </p>
   </div>
   <div class='ocr_carea' id='block_1_23' title="bbox 560 2391 1537 2461">
    <p class='ocr_par' dir='ltr' id='par_1_23' title="bbox 560 2391 1537 2461">
     <span class='ocr_line' id='line_1_23' title="bbox 560 2391 1537 2461; baseline 0 -18"><span class='ocrx_word' id='word_1_166' title='bbox 560 2392 808 2461; x_wconf 85' lang='lat' dir='ltr'><strong>gladium,</strong></span> <span class='ocrx_word' id='word_1_167' title='bbox 833 2403 877 2443; x_wconf 89' lang='lat' dir='ltr'><strong>et</strong></span> <span class='ocrx_word' id='word_1_168' title='bbox 903 2391 1149 2443; x_wconf 82' lang='lat' dir='ltr'><strong>occideret</strong></span> <span class='ocrx_word' id='word_1_169' title='bbox 1180 2392 1343 2458; x_wconf 87' lang='lat' dir='ltr'><strong>ﬁlium</strong></span> <span class='ocrx_word' id='word_1_170' title='bbox 1368 2407 1537 2443; x_wconf 83' lang='lat' dir='ltr'><strong>suum.</strong></span> 
     </span>
    </p>
   </div>
   <div class='ocr_carea' id='block_1_24' title="bbox 630 2501 2148 2573">
    <p class='ocr_par' dir='ltr' id='par_1_24' title="bbox 630 2501 2148 2573">
     <span class='ocr_line' id='line_1_24' title="bbox 630 2501 2148 2573; baseline -0.001 -15"><span class='ocrx_word' id='word_1_171' title='bbox 630 2506 683 2558; x_wconf 74' lang='grc'><strong>5.</strong></span> <span class='ocrx_word' id='word_1_172' title='bbox 716 2504 988 2556; x_wconf 87' lang='lat' dir='ltr'><strong>Abrahami</strong></span> <span class='ocrx_word' id='word_1_173' title='bbox 1029 2504 1270 2573; x_wconf 75' lang='lat' dir='ltr'><strong>fortitudo</strong></span> <span class='ocrx_word' id='word_1_174' title='bbox 1308 2514 1351 2556; x_wconf 83' lang='lat' dir='ltr'><strong>ct</strong></span> <span class='ocrx_word' id='word_1_175' title='bbox 1384 2502 1552 2556; x_wconf 80' lang='lat' dir='ltr'><strong>Isaaci</strong></span> <span class='ocrx_word' id='word_1_176' title='bbox 1589 2503 1922 2573; x_wconf 77' lang='lat' dir='ltr'><strong>obsequentia.</strong></span> <span class='ocrx_word' id='word_1_177' title='bbox 1956 2532 2032 2543; x_wconf 90' lang='lat'>—</span> <span class='ocrx_word' id='word_1_178' title='bbox 2072 2501 2148 2556; x_wconf 84' lang='lat' dir='ltr'><strong>Ne</strong></span> 
     </span>
    </p>
   </div>
   <div class='ocr_carea' id='block_1_25' title="bbox 560 2593 2148 2663">
    <p class='ocr_par' dir='ltr' id='par_1_25' title="bbox 560 2593 2148 2663">
     <span class='ocr_line' id='line_1_25' title="bbox 560 2593 2148 2663; baseline -0.001 -17"><span class='ocrx_word' id='word_1_179' title='bbox 560 2595 745 2648; x_wconf 77' lang='lat' dir='ltr'><strong>levitrr</strong></span> <span class='ocrx_word' id='word_1_180' title='bbox 786 2608 1251 2662; x_wconf 59' lang='lat' dir='ltr'><strong>pra‘tercurramus</strong></span> <span class='ocrx_word' id='word_1_181' title='bbox 1274 2637 1288 2658; x_wconf 89' lang='lat'><strong>,</strong></span> <span class='ocrx_word' id='word_1_182' title='bbox 1320 2595 1497 2648; x_wconf 79' lang='lat' dir='ltr'><strong>dilecti</strong></span> <span class='ocrx_word' id='word_1_183' title='bbox 1520 2635 1534 2657; x_wconf 93' lang='lat'><strong>,</strong></span> <span class='ocrx_word' id='word_1_184' title='bbox 1562 2611 1679 2663; x_wconf 76' lang='lat' dir='ltr'><strong>quze</strong></span> <span class='ocrx_word' id='word_1_185' title='bbox 1700 2595 1837 2648; x_wconf 87' lang='lat' dir='ltr'><strong>dicta</strong></span> <span class='ocrx_word' id='word_1_186' title='bbox 1868 2604 2021 2648; x_wconf 91' lang='lat' dir='ltr'><strong>sunt:</strong></span> <span class='ocrx_word' id='word_1_187' title='bbox 2055 2593 2148 2646; x_wconf 88' lang='lat' dir='ltr'><strong>sed</strong></span> 
     </span>
    </p>
   </div>
   <div class='ocr_carea' id='block_1_26' title="bbox 558 2687 2146 2753">
    <p class='ocr_par' dir='ltr' id='par_1_26' title="bbox 558 2687 2146 2753">
     <span class='ocr_line' id='line_1_26' title="bbox 558 2687 2146 2753; baseline 0 -15"><span class='ocrx_word' id='word_1_188' title='bbox 558 2687 952 2740; x_wconf 54' lang='lat' dir='ltr'><strong>consideremus</strong></span> <span class='ocrx_word' id='word_1_189' title='bbox 978 2688 1239 2753; x_wconf 82' lang='lat' dir='ltr'><strong>quomodo</strong></span> <span class='ocrx_word' id='word_1_190' title='bbox 1267 2701 1369 2739; x_wconf 84' lang='lat' dir='ltr'><strong>no:i</strong></span> <span class='ocrx_word' id='word_1_191' title='bbox 1398 2688 1619 2739; x_wconf 80' lang='lat' dir='ltr'><strong>avolant</strong></span> <span class='ocrx_word' id='word_1_192' title='bbox 1640 2701 1667 2738; x_wconf 91' lang='lat' dir='ltr'><strong>a</strong></span> <span class='ocrx_word' id='word_1_193' title='bbox 1695 2701 1916 2753; x_wconf 77' lang='lat' dir='ltr'><strong>corpore</strong></span> <span class='ocrx_word' id='word_1_194' title='bbox 1941 2688 2113 2739; x_wconf 87' lang='lat' dir='ltr'><strong>anima</strong></span> <span class='ocrx_word' id='word_1_195' title='bbox 2132 2730 2146 2749; x_wconf 90' lang='lat'><strong>,</strong></span> 
     </span>
    </p>
   </div>
   <div class='ocr_carea' id='block_1_27' title="bbox 558 2778 2154 2847">
    <p class='ocr_par' dir='ltr' id='par_1_27' title="bbox 558 2778 2154 2847">
     <span class='ocr_line' id='line_1_27' title="bbox 558 2778 2154 2847; baseline 0.001 -18"><span class='ocrx_word' id='word_1_196' title='bbox 558 2778 827 2847; x_wconf 79' lang='lat' dir='ltr'><strong>qumnotlo</strong></span> <span class='ocrx_word' id='word_1_197' title='bbox 852 2779 1079 2846; x_wconf 84' lang='lat' dir='ltr'><strong>potuerit</strong></span> <span class='ocrx_word' id='word_1_198' title='bbox 1099 2778 1205 2830; x_wconf 83' lang='lat' dir='ltr'><strong>suis</strong></span> <span class='ocrx_word' id='word_1_199' title='bbox 1231 2779 1473 2830; x_wconf 85' lang='lat' dir='ltr'><strong>inanibus</strong></span> <span class='ocrx_word' id='word_1_200' title='bbox 1498 2778 1776 2846; x_wconf 77' lang='lat' dir='ltr'><strong>eolligzire,</strong></span> <span class='ocrx_word' id='word_1_201' title='bbox 1808 2787 1861 2829; x_wconf 87' lang='lat' dir='ltr'><strong>et</strong></span> <span class='ocrx_word' id='word_1_202' title='bbox 1882 2778 2033 2846; x_wconf 64' lang='lat' dir='ltr'><strong>lignis</strong></span> <span class='ocrx_word' id='word_1_203' title='bbox 2058 2780 2154 2831; x_wconf 81' lang='lat' dir='ltr'><strong>im-</strong></span> 
     </span>
    </p>
   </div>
   <div class='ocr_carea' id='block_1_28' title="bbox 563 2869 2154 2940">
    <p class='ocr_par' dir='ltr' id='par_1_28' title="bbox 563 2869 2154 2940">
     <span class='ocr_line' id='line_1_28' title="bbox 563 2869 2154 2940; baseline -0.001 -18"><span class='ocrx_word' id='word_1_204' title='bbox 563 2887 759 2938; x_wconf 86' lang='lat' dir='ltr'><strong>ponere</strong></span> <span class='ocrx_word' id='word_1_205' title='bbox 800 2882 902 2923; x_wconf 90' lang='lat' dir='ltr'><strong>tam</strong></span> <span class='ocrx_word' id='word_1_206' title='bbox 934 2871 1183 2923; x_wconf 85' lang='lat' dir='ltr'><strong>dilectum</strong></span> <span class='ocrx_word' id='word_1_207' title='bbox 1210 2910 1225 2935; x_wconf 91' lang='lat'><strong>,</strong></span> <span class='ocrx_word' id='word_1_208' title='bbox 1261 2879 1364 2923; x_wconf 86' lang='lat' dir='ltr'><strong>tam</strong></span> <span class='ocrx_word' id='word_1_209' title='bbox 1397 2870 1677 2922; x_wconf 90' lang='lat' dir='ltr'><strong>amabilem</strong></span> <span class='ocrx_word' id='word_1_210' title='bbox 1716 2872 2062 2940; x_wconf 70' lang='lat' dir='ltr'><strong>unigenitum.</strong></span> <span class='ocrx_word' id='word_1_211' title='bbox 2091 2869 2154 2921; x_wconf 80' lang='lat' dir='ltr'><strong>Et</strong></span> 
     </span>
    </p>
   </div>
   <div class='ocr_carea' id='block_1_29' title="bbox 561 2960 2156 3029">
    <p class='ocr_par' dir='ltr' id='par_1_29' title="bbox 561 2960 2156 3029">
     <span class='ocr_line' id='line_1_29' title="bbox 561 2960 2156 3029; baseline 0.001 -16"><span class='ocrx_word' id='word_1_212' title='bbox 561 2963 780 3014; x_wconf 73' lang='lat' dir='ltr'><strong>cxtmidit</strong></span> <span class='ocrx_word' id='word_1_213' title='bbox 812 3004 828 3026; x_wconf 91' lang='lat'><strong>,</strong></span> <span class='ocrx_word' id='word_1_214' title='bbox 875 2961 1043 3029; x_wconf 87' lang='lat' dir='ltr'><strong>inquit</strong></span> <span class='ocrx_word' id='word_1_215' title='bbox 1066 3003 1081 3027; x_wconf 90' lang='lat'><strong>,</strong></span> <span class='ocrx_word' id='word_1_216' title='bbox 1122 2960 1375 3013; x_wconf 80' lang='lat' dir='ltr'><strong>Abraham</strong></span> <span class='ocrx_word' id='word_1_217' title='bbox 1412 2978 1615 3014; x_wconf 87' lang='lat' dir='ltr'><strong>manum</strong></span> <span class='ocrx_word' id='word_1_218' title='bbox 1640 2978 1783 3014; x_wconf 81' lang='lat' dir='ltr'><strong>suum</strong></span> <span class='ocrx_word' id='word_1_219' title='bbox 1813 3002 1827 3023; x_wconf 93' lang='lat'><strong>,</strong></span> <span class='ocrx_word' id='word_1_220' title='bbox 1885 2973 1937 3014; x_wconf 90' lang='lat' dir='ltr'><strong>ut</strong></span> <span class='ocrx_word' id='word_1_221' title='bbox 1962 2963 2156 3029; x_wconf 60' lang='lat' dir='ltr'><strong>ariipe-</strong></span> 
     </span>
    </p>
   </div>
   <div class='ocr_carea' id='block_1_30' title="bbox 561 3050 2154 3123">
    <p class='ocr_par' dir='ltr' id='par_1_30' title="bbox 561 3050 2154 3123">
     <span class='ocr_line' id='line_1_30' title="bbox 561 3050 2154 3123; baseline -0.001 -19"><span class='ocrx_word' id='word_1_222' title='bbox 561 3063 633 3105; x_wconf 70' lang='grc' dir='ltr'><strong>γει</strong></span> <span class='ocrx_word' id='word_1_223' title='bbox 656 3051 881 3123; x_wconf 81' lang='lat' dir='ltr'><strong>gladium</strong></span> <span class='ocrx_word' id='word_1_224' title='bbox 911 3052 978 3104; x_wconf 92' lang='lat' dir='ltr'><strong>ad</strong></span> <span class='ocrx_word' id='word_1_225' title='bbox 1004 3050 1330 3104; x_wconf 85' lang='lat' dir='ltr'><strong>occidendum</strong></span> <span class='ocrx_word' id='word_1_226' title='bbox 1358 3051 1517 3117; x_wconf 88' lang='lat' dir='ltr'><strong>ﬁlium</strong></span> <span class='ocrx_word' id='word_1_227' title='bbox 1550 3067 1715 3103; x_wconf 82' lang='lat' dir='ltr'><strong>suum.</strong></span> <span class='ocrx_word' id='word_1_228' title='bbox 1764 3050 1809 3104; x_wconf 92' lang='grc' dir='ltr'>Ο</span> <span class='ocrx_word' id='word_1_229' title='bbox 1854 3052 2154 3119; x_wconf 75' lang='lat' dir='ltr'><strong>religiosmn</strong></span> 
     </span>
    </p>
   </div>
   <div class='ocr_carea' id='block_1_31' title="bbox 562 3141 2161 3209">
    <p class='ocr_par' dir='ltr' id='par_1_31' title="bbox 562 3141 2161 3209">
     <span class='ocr_line' id='line_1_31' title="bbox 562 3141 2161 3209; baseline 0.001 -15"><span class='ocrx_word' id='word_1_230' title='bbox 562 3144 813 3197; x_wconf 84' lang='lat' dir='ltr'><strong>animam!</strong></span> <span class='ocrx_word' id='word_1_231' title='bbox 846 3158 879 3195; x_wconf 88' lang='grc' dir='ltr'><strong>ο</strong></span> <span class='ocrx_word' id='word_1_232' title='bbox 910 3141 1096 3196; x_wconf 81' lang='lat' dir='ltr'><strong>fortem</strong></span> <span class='ocrx_word' id='word_1_233' title='bbox 1145 3142 1394 3195; x_wconf 89' lang='lat' dir='ltr'><strong>mentem!</strong></span> <span class='ocrx_word' id='word_1_234' title='bbox 1446 3156 1479 3195; x_wconf 94' lang='lat' dir='ltr'><strong>o</strong></span> <span class='ocrx_word' id='word_1_235' title='bbox 1535 3142 1797 3209; x_wconf 81' lang='lat' dir='ltr'><strong>ingentem</strong></span> <span class='ocrx_word' id='word_1_236' title='bbox 1837 3145 2094 3196; x_wconf 82' lang='lat' dir='ltr'><strong>amorem!</strong></span> <span class='ocrx_word' id='word_1_237' title='bbox 2127 3158 2161 3195; x_wconf 93' lang='lat' dir='ltr'><strong>o</strong></span> 
     </span>
    </p>
   </div>
   <div class='ocr_carea' id='block_1_32' title="bbox 564 3234 2157 3305">
    <p class='ocr_par' dir='ltr' id='par_1_32' title="bbox 564 3234 2157 3305">
     <span class='ocr_line' id='line_1_32' title="bbox 564 3234 2157 3305; baseline 0 -16"><span class='ocrx_word' id='word_1_238' title='bbox 564 3239 825 3292; x_wconf 85' lang='lat' dir='ltr'><strong>rationem</strong></span> <span class='ocrx_word' id='word_1_239' title='bbox 875 3239 1173 3290; x_wconf 87' lang='lat' dir='ltr'><strong>vincentem</strong></span> <span class='ocrx_word' id='word_1_240' title='bbox 1236 3234 1517 3288; x_wconf 87' lang='lat' dir='ltr'><strong>humanam</strong></span> <span class='ocrx_word' id='word_1_241' title='bbox 1591 3236 1849 3290; x_wconf 87' lang='lat' dir='ltr'><strong>naturam!</strong></span> <span class='ocrx_word' id='word_1_242' title='bbox 1918 3236 2157 3305; x_wconf 82' lang='lat' dir='ltr'><strong>Accepit,</strong></span> 
     </span>
    </p>
   </div>
   <div class='ocr_carea' id='block_1_33' title="bbox 568 3328 2165 3399">
    <p class='ocr_par' dir='ltr' id='par_1_33' title="bbox 568 3328 2165 3399">
     <span class='ocr_line' id='line_1_33' title="bbox 568 3328 2165 3399; baseline 0.002 -18"><span class='ocrx_word' id='word_1_243' title='bbox 568 3330 770 3397; x_wconf 91' lang='lat' dir='ltr'><strong>inquit,</strong></span> <span class='ocrx_word' id='word_1_244' title='bbox 793 3329 1022 3399; x_wconf 85' lang='lat' dir='ltr'><strong>gladium</strong></span> <span class='ocrx_word' id='word_1_245' title='bbox 1042 3370 1056 3393; x_wconf 94' lang='lat'><strong>,</strong></span> <span class='ocrx_word' id='word_1_246' title='bbox 1076 3339 1130 3380; x_wconf 88' lang='lat' dir='ltr'><strong>ut</strong></span> <span class='ocrx_word' id='word_1_247' title='bbox 1147 3328 1386 3380; x_wconf 71' lang='lat' dir='ltr'><strong>occideret</strong></span> <span class='ocrx_word' id='word_1_248' title='bbox 1414 3329 1572 3395; x_wconf 87' lang='lat' dir='ltr'><strong>ﬁlium</strong></span> <span class='ocrx_word' id='word_1_249' title='bbox 1590 3345 1735 3380; x_wconf 81' lang='lat' dir='ltr'><strong>suum</strong></span> <span class='ocrx_word' id='word_1_250' title='bbox 1787 3330 1972 3383; x_wconf 90' lang='lat' dir='ltr'><strong>Utrum</strong></span> <span class='ocrx_word' id='word_1_251' title='bbox 1999 3331 2165 3399; x_wconf 78' lang='lat' dir='ltr'><strong>magis</strong></span> 
     </span>
    </p>
   </div>
   <div class='ocr_carea' id='block_1_34' title="bbox 567 3420 2167 3489">
    <p class='ocr_par' dir='ltr' id='par_1_34' title="bbox 567 3420 2167 3489">
     <span class='ocr_line' id='line_1_34' title="bbox 567 3420 2167 3489; baseline 0.003 -17"><span class='ocrx_word' id='word_1_252' title='bbox 567 3421 798 3473; x_wconf 86' lang='lat' dir='ltr'><strong>admirer</strong></span> <span class='ocrx_word' id='word_1_253' title='bbox 834 3431 887 3473; x_wconf 93' lang='lat' dir='ltr'><strong>et</strong></span> <span class='ocrx_word' id='word_1_254' title='bbox 918 3420 1289 3487; x_wconf 78' lang='lat' dir='ltr'><strong>obstupescam</strong></span> <span class='ocrx_word' id='word_1_255' title='bbox 1334 3461 1348 3483; x_wconf 92' lang='lat'><strong>,</strong></span> <span class='ocrx_word' id='word_1_256' title='bbox 1380 3420 1637 3473; x_wconf 70' lang='lat' dir='ltr'><strong>forti-nine</strong></span> <span class='ocrx_word' id='word_1_257' title='bbox 1666 3422 1909 3489; x_wconf 79' lang='lat' dir='ltr'><strong>Spiritum</strong></span> <span class='ocrx_word' id='word_1_258' title='bbox 1943 3425 2167 3489; x_wconf 89' lang='lat' dir='ltr'><strong>patriar-</strong></span> 
     </span>
    </p>
   </div>
   <div class='ocr_carea' id='block_1_35' title="bbox 568 3512 2167 3582">
    <p class='ocr_par' dir='ltr' id='par_1_35' title="bbox 568 3512 2167 3582">
     <span class='ocr_line' id='line_1_35' title="bbox 568 3512 2167 3582; baseline -0.001 -13"><span class='ocrx_word' id='word_1_259' title='bbox 568 3515 717 3577; x_wconf 87' lang='lat' dir='ltr'><strong>ch:e,</strong></span> <span class='ocrx_word' id='word_1_260' title='bbox 754 3528 820 3566; x_wconf 87' lang='lat' dir='ltr'><strong>an</strong></span> <span class='ocrx_word' id='word_1_261' title='bbox 862 3514 1006 3581; x_wconf 91' lang='lat' dir='ltr'><strong>pueri</strong></span> <span class='ocrx_word' id='word_1_262' title='bbox 1054 3512 1450 3566; x_wconf 75' lang='lat' dir='ltr'><strong>obedientiam?</strong></span> <span class='ocrx_word' id='word_1_263' title='bbox 1490 3513 1628 3581; x_wconf 91' lang='lat' dir='ltr'><strong>quod</strong></span> <span class='ocrx_word' id='word_1_264' title='bbox 1663 3530 1831 3582; x_wconf 80' lang='lat' dir='ltr'><strong>neque</strong></span> <span class='ocrx_word' id='word_1_265' title='bbox 1880 3514 2077 3567; x_wconf 68' lang='lat' dir='ltr'><strong>relucta</strong></span> <span class='ocrx_word' id='word_1_266' title='bbox 2106 3529 2167 3569; x_wconf 87' lang='lat' dir='ltr'><strong>us</strong></span> 
     </span>
    </p>
   </div>
   <div class='ocr_carea' id='block_1_36' title="bbox 574 3606 2167 3676">
    <p class='ocr_par' dir='ltr' id='par_1_36' title="bbox 574 3606 2167 3676">
     <span class='ocr_line' id='line_1_36' title="bbox 574 3606 2167 3676; baseline 0.001 -17"><span class='ocrx_word' id='word_1_267' title='bbox 574 3619 651 3661; x_wconf 78' lang='lat' dir='ltr'><strong>est</strong></span> <span class='ocrx_word' id='word_1_268' title='bbox 678 3647 692 3671; x_wconf 92' lang='lat'><strong>,</strong></span> <span class='ocrx_word' id='word_1_269' title='bbox 725 3622 892 3675; x_wconf 89' lang='lat' dir='ltr'><strong>neque</strong></span> <span class='ocrx_word' id='word_1_270' title='bbox 933 3609 1127 3659; x_wconf 83' lang='lat' dir='ltr'><strong>factum</strong></span> <span class='ocrx_word' id='word_1_271' title='bbox 1150 3622 1290 3673; x_wconf 68' lang='lat' dir='ltr'><strong>aegre</strong></span> <span class='ocrx_word' id='word_1_272' title='bbox 1317 3607 1465 3663; x_wconf 89' lang='lat' dir='ltr'><strong>tulit.</strong></span> <span class='ocrx_word' id='word_1_273' title='bbox 1500 3606 1591 3659; x_wconf 77' lang='lat' dir='ltr'><strong>sed</strong></span> <span class='ocrx_word' id='word_1_274' title='bbox 1623 3608 1775 3659; x_wconf 80' lang='lat' dir='ltr'><strong>cessit</strong></span> <span class='ocrx_word' id='word_1_275' title='bbox 1803 3616 1855 3658; x_wconf 79' lang='lat' dir='ltr'><strong>ct</strong></span> <span class='ocrx_word' id='word_1_276' title='bbox 1888 3607 2167 3676; x_wconf 73' lang='lat' dir='ltr'><strong>obteinpe-</strong></span> 
     </span>
    </p>
   </div>
   <div class='ocr_carea' id='block_1_37' title="bbox 573 3696 2165 3768">
    <p class='ocr_par' dir='ltr' id='par_1_37' title="bbox 573 3696 2165 3768">
     <span class='ocr_line' id='line_1_37' title="bbox 573 3696 2165 3768; baseline -0.001 -17"><span class='ocrx_word' id='word_1_277' title='bbox 573 3700 710 3752; x_wconf 84' lang='lat' dir='ltr'><strong>ravit</strong></span> <span class='ocrx_word' id='word_1_278' title='bbox 760 3700 822 3751; x_wconf 86' lang='lat' dir='ltr'><strong>iis</strong></span> <span class='ocrx_word' id='word_1_279' title='bbox 862 3714 981 3768; x_wconf 62' lang='lat' dir='ltr'><strong>quae</strong></span> <span class='ocrx_word' id='word_1_280' title='bbox 1016 3713 1042 3749; x_wconf 89' lang='lat' dir='ltr'><strong>a</strong></span> <span class='ocrx_word' id='word_1_281' title='bbox 1075 3708 1223 3766; x_wconf 83' lang='lat' dir='ltr'><strong>patre</strong></span> <span class='ocrx_word' id='word_1_282' title='bbox 1253 3696 1383 3750; x_wconf 78' lang='lat' dir='ltr'><strong>facta</strong></span> <span class='ocrx_word' id='word_1_283' title='bbox 1414 3707 1569 3762; x_wconf 92' lang='lat' dir='ltr'><strong>sunt,</strong></span> <span class='ocrx_word' id='word_1_284' title='bbox 1599 3708 1651 3751; x_wconf 92' lang='lat' dir='ltr'><strong>et</strong></span> <span class='ocrx_word' id='word_1_285' title='bbox 1687 3699 1821 3751; x_wconf 87' lang='lat' dir='ltr'><strong>sicut</strong></span> <span class='ocrx_word' id='word_1_286' title='bbox 1852 3714 2016 3765; x_wconf 78' lang='lat' dir='ltr'><strong>agnus</strong></span> <span class='ocrx_word' id='word_1_287' title='bbox 2047 3715 2165 3751; x_wconf 86' lang='lat' dir='ltr'><strong>rum</strong></span> 
     </span>
    </p>
   </div>
   <div class='ocr_carea' id='block_1_38' title="bbox 572 3789 2172 3859">
    <p class='ocr_par' dir='ltr' id='par_1_38' title="bbox 572 3789 2172 3859">
     <span class='ocr_line' id='line_1_38' title="bbox 572 3789 2172 3859; baseline -0.001 -16"><span class='ocrx_word' id='word_1_288' title='bbox 572 3792 787 3845; x_wconf 75' lang='lat' dir='ltr'><strong>silentio</strong></span> <span class='ocrx_word' id='word_1_289' title='bbox 818 3806 978 3859; x_wconf 83' lang='lat' dir='ltr'><strong>super</strong></span> <span class='ocrx_word' id='word_1_290' title='bbox 1007 3790 1175 3843; x_wconf 89' lang='lat' dir='ltr'><strong>altare</strong></span> <span class='ocrx_word' id='word_1_291' title='bbox 1205 3790 1446 3843; x_wconf 57' lang='lat' dir='ltr'><strong>accubuit</strong></span> <span class='ocrx_word' id='word_1_292' title='bbox 1469 3832 1484 3854; x_wconf 90' lang='lat'><strong>,</strong></span> <span class='ocrx_word' id='word_1_293' title='bbox 1508 3799 1829 3857; x_wconf 75' lang='lat' dir='ltr'><strong>exspectans</strong></span> <span class='ocrx_word' id='word_1_294' title='bbox 1857 3791 2018 3857; x_wconf 87' lang='lat' dir='ltr'><strong>patris</strong></span> <span class='ocrx_word' id='word_1_295' title='bbox 2044 3789 2172 3843; x_wconf 79' lang='lat' dir='ltr'><strong>ilex-</strong></span> 
     </span>
    </p>
   </div>
   <div class='ocr_carea' id='block_1_39' title="bbox 576 3880 2172 3953">
    <p class='ocr_par' dir='ltr' id='par_1_39' title="bbox 576 3880 2172 3953">
     <span class='ocr_line' id='line_1_39' title="bbox 576 3880 2172 3953; baseline -0.002 -17"><span class='ocrx_word' id='word_1_296' title='bbox 576 3884 786 3937; x_wconf 81' lang='lat' dir='ltr'><strong>teram?</strong></span> <span class='ocrx_word' id='word_1_297' title='bbox 816 3883 1006 3937; x_wconf 78' lang='lat' dir='ltr'><strong>Verum</strong></span> <span class='ocrx_word' id='word_1_298' title='bbox 1035 3883 1121 3935; x_wconf 82' lang='lat' dir='ltr'><strong>tibi</strong></span> <span class='ocrx_word' id='word_1_299' title='bbox 1151 3884 1234 3936; x_wconf 83' lang='lat' dir='ltr'><strong>illa</strong></span> <span class='ocrx_word' id='word_1_300' title='bbox 1268 3883 1349 3953; x_wconf 83' lang='lat' dir='ltr'><strong>pia</strong></span> <span class='ocrx_word' id='word_1_301' title='bbox 1383 3897 1534 3935; x_wconf 89' lang='lat' dir='ltr'><strong>mens</strong></span> <span class='ocrx_word' id='word_1_302' title='bbox 1581 3897 1672 3934; x_wconf 71' lang='lat' dir='ltr'><strong>sua</strong></span> <span class='ocrx_word' id='word_1_303' title='bbox 1704 3880 1878 3933; x_wconf 84' lang='lat' dir='ltr'><strong>omnia</strong></span> <span class='ocrx_word' id='word_1_304' title='bbox 1920 3896 2172 3933; x_wconf 73' lang='lat' dir='ltr'><strong>consum-</strong></span> 
     </span>
    </p>
   </div>
   <div class='ocr_carea' id='block_1_40' title="bbox 582 3971 2170 4034">
    <p class='ocr_par' dir='ltr' id='par_1_40' title="bbox 582 3971 2170 4034">
     <span class='ocr_line' id='line_1_40' title="bbox 582 3971 2170 4034; baseline -0.004 -8"><span class='ocrx_word' id='word_1_305' title='bbox 582 3976 743 4027; x_wconf 85' lang='lat' dir='ltr'><strong>mavit</strong></span> <span class='ocrx_word' id='word_1_306' title='bbox 796 3985 848 4027; x_wconf 92' lang='lat' dir='ltr'><strong>et</strong></span> <span class='ocrx_word' id='word_1_307' title='bbox 876 3974 1002 4026; x_wconf 85' lang='lat' dir='ltr'><strong>nihil</strong></span> <span class='ocrx_word' id='word_1_308' title='bbox 1029 3975 1345 4026; x_wconf 65' lang='lat' dir='ltr'><strong>intermisit:</strong></span> <span class='ocrx_word' id='word_1_309' title='bbox 1376 3974 1662 4026; x_wconf 83' lang='lat' dir='ltr'><strong>ostendens</strong></span> <span class='ocrx_word' id='word_1_310' title='bbox 1683 3973 1851 4024; x_wconf 89' lang='lat' dir='ltr'><strong>bonus</strong></span> <span class='ocrx_word' id='word_1_311' title='bbox 1884 3971 2133 4023; x_wconf 58' lang='lat' dir='ltr'><strong>Dominus</strong></span> <span class='ocrx_word' id='word_1_312' title='bbox 2154 4010 2170 4034; x_wconf 94' lang='lat'><strong>,</strong></span> 
     </span>
    </p>
   </div>
   <div class='ocr_carea' id='block_1_41' title="bbox 583 4062 2176 4133">
    <p class='ocr_par' dir='ltr' id='par_1_41' title="bbox 583 4062 2176 4133">
     <span class='ocr_line' id='line_1_41' title="bbox 583 4062 2176 4133; baseline -0.001 -17"><span class='ocrx_word' id='word_1_313' title='bbox 583 4080 640 4116; x_wconf 69' lang='lat' dir='ltr'><strong>St!</strong></span> <span class='ocrx_word' id='word_1_314' title='bbox 667 4080 770 4117; x_wconf 90' lang='lat' dir='ltr'><strong>non</strong></span> <span class='ocrx_word' id='word_1_315' title='bbox 802 4065 967 4118; x_wconf 86' lang='lat' dir='ltr'><strong>occidi</strong></span> <span class='ocrx_word' id='word_1_316' title='bbox 1014 4080 1264 4133; x_wconf 90' lang='lat' dir='ltr'><strong>puerum,</strong></span> <span class='ocrx_word' id='word_1_317' title='bbox 1292 4064 1383 4116; x_wconf 78' lang='lat' dir='ltr'><strong>sed</strong></span> <span class='ocrx_word' id='word_1_318' title='bbox 1428 4065 1600 4131; x_wconf 85' lang='lat' dir='ltr'><strong>potius</strong></span> <span class='ocrx_word' id='word_1_319' title='bbox 1641 4064 1765 4130; x_wconf 89' lang='lat' dir='ltr'><strong>justi</strong></span> <span class='ocrx_word' id='word_1_320' title='bbox 1800 4071 2045 4116; x_wconf 68' lang='lat' dir='ltr'><strong>vrtutem</strong></span> <span class='ocrx_word' id='word_1_321' title='bbox 2090 4062 2176 4115; x_wconf 78' lang='lat' dir='ltr'><strong>ilc-</strong></span> 
     </span>
    </p>
   </div>
   <div class='ocr_carea' id='block_1_42' title="bbox 582 4155 2177 4227">
    <p class='ocr_par' dir='ltr' id='par_1_42' title="bbox 582 4155 2177 4227">
     <span class='ocr_line' id='line_1_42' title="bbox 582 4155 2177 4227; baseline -0.004 -17"><span class='ocrx_word' id='word_1_322' title='bbox 582 4160 680 4225; x_wconf 74' lang='lat' dir='ltr'><strong>trgi</strong></span> <span class='ocrx_word' id='word_1_323' title='bbox 714 4158 979 4211; x_wconf 88' lang='lat' dir='ltr'><strong>volentem</strong></span> <span class='ocrx_word' id='word_1_324' title='bbox 1002 4200 1016 4221; x_wconf 90' lang='lat'><strong>,</strong></span> <span class='ocrx_word' id='word_1_325' title='bbox 1045 4158 1158 4211; x_wconf 66' lang='lat' dir='ltr'><strong>haec</strong></span> <span class='ocrx_word' id='word_1_326' title='bbox 1185 4158 1475 4227; x_wconf 60' lang='lat' dir='ltr'><strong>imperasse</strong></span> <span class='ocrx_word' id='word_1_327' title='bbox 1501 4174 1511 4206; x_wconf 88' lang='lat'><strong><em>:</em></strong></span> <span class='ocrx_word' id='word_1_328' title='bbox 1543 4167 1797 4209; x_wconf 52' lang='lat' dir='ltr'><strong>coronato</strong></span> <span class='ocrx_word' id='word_1_329' title='bbox 1824 4156 1966 4220; x_wconf 81' lang='lat' dir='ltr'><strong>justo</strong></span> <span class='ocrx_word' id='word_1_330' title='bbox 1996 4155 2063 4207; x_wconf 92' lang='lat' dir='ltr'><strong>ob</strong></span> <span class='ocrx_word' id='word_1_331' title='bbox 2085 4171 2177 4205; x_wconf 87' lang='lat' dir='ltr'><strong>vo-</strong></span> 
     </span>
    </p>
   </div>
   <div class='ocr_carea' id='block_1_43' title="bbox 585 4245 2176 4317">
    <p class='ocr_par' dir='ltr' id='par_1_43' title="bbox 585 4245 2176 4317">
     <span class='ocr_line' id='line_1_43' title="bbox 585 4245 2176 4317; baseline -0.003 -16"><span class='ocrx_word' id='word_1_332' title='bbox 585 4254 837 4301; x_wconf 87' lang='lat' dir='ltr'><strong>luutatem</strong></span> <span class='ocrx_word' id='word_1_333' title='bbox 885 4264 1071 4313; x_wconf 90' lang='lat' dir='ltr'><strong>suam,</strong></span> <span class='ocrx_word' id='word_1_334' title='bbox 1122 4258 1177 4303; x_wconf 88' lang='lat' dir='ltr'><strong>et</strong></span> <span class='ocrx_word' id='word_1_335' title='bbox 1219 4260 1433 4317; x_wconf 86' lang='lat' dir='ltr'><strong>accepta</strong></span> <span class='ocrx_word' id='word_1_336' title='bbox 1481 4255 1844 4300; x_wconf 87' lang='lat' dir='ltr'><strong>consummata</strong></span> <span class='ocrx_word' id='word_1_337' title='bbox 1897 4245 2062 4297; x_wconf 87' lang='lat' dir='ltr'><strong>hostia</strong></span> <span class='ocrx_word' id='word_1_338' title='bbox 2113 4261 2176 4297; x_wconf 77' lang='lat' dir='ltr'><strong>ex</strong></span> 
     </span>
    </p>
   </div>
   <div class='ocr_carea' id='block_1_44' title="bbox 589 4338 2175 4408">
    <p class='ocr_par' dir='ltr' id='par_1_44' title="bbox 589 4338 2175 4408">
     <span class='ocr_line' id='line_1_44' title="bbox 589 4338 2175 4408; baseline -0.002 -16"><span class='ocrx_word' id='word_1_339' title='bbox 589 4351 763 4393; x_wconf 72' lang='lat' dir='ltr'><strong>IlIClIle</strong></span> <span class='ocrx_word' id='word_1_340' title='bbox 793 4341 1104 4408; x_wconf 64' lang='lat' dir='ltr'><strong>patriarcha:</strong></span> <span class='ocrx_word' id='word_1_341' title='bbox 1125 4380 1139 4403; x_wconf 92' lang='lat'><strong>,</strong></span> <span class='ocrx_word' id='word_1_342' title='bbox 1170 4356 1309 4393; x_wconf 90' lang='lat' dir='ltr'><strong>nunc</strong></span> <span class='ocrx_word' id='word_1_343' title='bbox 1339 4355 1486 4393; x_wconf 89' lang='lat' dir='ltr'><strong>suam</strong></span> <span class='ocrx_word' id='word_1_344' title='bbox 1517 4339 1749 4392; x_wconf 87' lang='lat' dir='ltr'><strong>declarat</strong></span> <span class='ocrx_word' id='word_1_345' title='bbox 1779 4338 2175 4405; x_wconf 75' lang='lat' dir='ltr'><strong>benignitatem.</strong></span> 
     </span>
    </p>
   </div>
   <div class='ocr_carea' id='block_1_45' title="bbox 587 4429 2176 4500">
    <p class='ocr_par' dir='ltr' id='par_1_45' title="bbox 587 4429 2176 4500">
     <span class='ocr_line' id='line_1_45' title="bbox 587 4429 2176 4500; baseline -0.003 -16"><span class='ocrx_word' id='word_1_346' title='bbox 587 4433 671 4485; x_wconf 83' lang='grc' dir='ltr'><strong>Η.</strong></span> <span class='ocrx_word' id='word_1_347' title='bbox 708 4430 772 4484; x_wconf 86' lang='grc' dir='ltr'>Ει</span> <span class='ocrx_word' id='word_1_348' title='bbox 794 4433 1115 4485; x_wconf 79' lang='lat' dir='ltr'><strong>vocariteum</strong></span> <span class='ocrx_word' id='word_1_349' title='bbox 1139 4474 1152 4494; x_wconf 89' lang='lat'><strong>,</strong></span> <span class='ocrx_word' id='word_1_350' title='bbox 1181 4432 1385 4500; x_wconf 90' lang='lat' dir='ltr'><strong>inquit,</strong></span> <span class='ocrx_word' id='word_1_351' title='bbox 1428 4431 1634 4499; x_wconf 62' lang='lat' dir='ltr'><strong>angelus</strong></span> <span class='ocrx_word' id='word_1_352' title='bbox 1675 4429 1879 4482; x_wconf 85' lang='lat' dir='ltr'><strong>Domini</strong></span> <span class='ocrx_word' id='word_1_353' title='bbox 1917 4430 1978 4481; x_wconf 87' lang='lat' dir='ltr'><strong>de</strong></span> <span class='ocrx_word' id='word_1_354' title='bbox 2014 4429 2138 4481; x_wconf 58' lang='lat' dir='ltr'><strong>caelo</strong></span> <span class='ocrx_word' id='word_1_355' title='bbox 2161 4469 2176 4492; x_wconf 94' lang='lat'><strong>,</strong></span> 
     </span>
    </p>
   </div>
   <div class='ocr_carea' id='block_1_46' title="bbox 585 4522 2177 4593">
    <p class='ocr_par' dir='ltr' id='par_1_46' title="bbox 585 4522 2177 4593">
     <span class='ocr_line' id='line_1_46' title="bbox 585 4522 2177 4593; baseline -0.003 -18"><span class='ocrx_word' id='word_1_356' title='bbox 585 4525 838 4593; x_wconf 72' lang='lat' dir='ltr'><strong>dixitque,</strong></span> <span class='ocrx_word' id='word_1_357' title='bbox 861 4524 1134 4585; x_wconf 89' lang='lat' dir='ltr'><strong>Abraham,</strong></span> <span class='ocrx_word' id='word_1_358' title='bbox 1160 4524 1431 4575; x_wconf 77' lang='lat' dir='ltr'><strong>Abraham.</strong></span> <span class='ocrx_word' id='word_1_359' title='bbox 1466 4522 1595 4575; x_wconf 89' lang='lat' dir='ltr'><strong>Nam</strong></span> <span class='ocrx_word' id='word_1_360' title='bbox 1614 4524 1731 4591; x_wconf 90' lang='lat' dir='ltr'><strong>quia</strong></span> <span class='ocrx_word' id='word_1_361' title='bbox 1756 4522 1964 4575; x_wconf 77' lang='lat' dir='ltr'><strong>videbat</strong></span> <span class='ocrx_word' id='word_1_362' title='bbox 1988 4522 2177 4586; x_wconf 85' lang='lat' dir='ltr'><strong>justum</strong></span> 
     </span>
    </p>
   </div>
   <div class='ocr_carea' id='block_1_47' title="bbox 584 4611 2183 4681">
    <p class='ocr_par' dir='ltr' id='par_1_47' title="bbox 584 4611 2183 4681">
     <span class='ocr_line' id='line_1_47' title="bbox 584 4611 2183 4681; baseline -0.004 -15"><span class='ocrx_word' id='word_1_363' title='bbox 584 4611 693 4680; x_wconf 86' lang='lat' dir='ltr'><strong>jam</strong></span> <span class='ocrx_word' id='word_1_364' title='bbox 729 4616 1022 4668; x_wconf 77' lang='lat' dir='ltr'><strong>accinctum</strong></span> <span class='ocrx_word' id='word_1_365' title='bbox 1054 4622 1110 4668; x_wconf 87' lang='lat' dir='ltr'><strong>et</strong></span> <span class='ocrx_word' id='word_1_366' title='bbox 1132 4625 1368 4681; x_wconf 89' lang='lat' dir='ltr'><strong>paratum</strong></span> <span class='ocrx_word' id='word_1_367' title='bbox 1391 4612 1456 4665; x_wconf 89' lang='lat' dir='ltr'><strong>ad</strong></span> <span class='ocrx_word' id='word_1_368' title='bbox 1508 4613 1950 4675; x_wconf 77' lang='lat' dir='ltr'><strong>immolationem,</strong></span> <span class='ocrx_word' id='word_1_369' title='bbox 2000 4622 2052 4663; x_wconf 88' lang='lat' dir='ltr'><strong>et</strong></span> <span class='ocrx_word' id='word_1_370' title='bbox 2091 4628 2183 4661; x_wconf 82' lang='lat' dir='ltr'><strong>vo-</strong></span> 
     </span>
    </p>
   </div>
   <div class='ocr_carea' id='block_1_48' title="bbox 591 4703 2179 4775">
    <p class='ocr_par' dir='ltr' id='par_1_48' title="bbox 591 4703 2179 4775">
     <span class='ocr_line' id='line_1_48' title="bbox 591 4703 2179 4775; baseline -0.004 -16"><span class='ocrx_word' id='word_1_371' title='bbox 591 4706 785 4759; x_wconf 88' lang='lat' dir='ltr'><strong>lentem</strong></span> <span class='ocrx_word' id='word_1_372' title='bbox 819 4706 1041 4775; x_wconf 86' lang='lat' dir='ltr'><strong>implere</strong></span> <span class='ocrx_word' id='word_1_373' title='bbox 1071 4706 1374 4758; x_wconf 87' lang='lat' dir='ltr'><strong>mandatum</strong></span> <span class='ocrx_word' id='word_1_374' title='bbox 1400 4704 1630 4767; x_wconf 90' lang='lat' dir='ltr'><strong>Domini,</strong></span> <span class='ocrx_word' id='word_1_375' title='bbox 1660 4703 1855 4756; x_wconf 89' lang='lat' dir='ltr'><strong>idcirco</strong></span> <span class='ocrx_word' id='word_1_376' title='bbox 1887 4711 2037 4755; x_wconf 71' lang='lat' dir='ltr'><strong>voc.it</strong></span> <span class='ocrx_word' id='word_1_377' title='bbox 2060 4717 2179 4753; x_wconf 91' lang='lat' dir='ltr'><strong>eum</strong></span> 
     </span>
    </p>
   </div>
   <div class='ocr_carea' id='block_1_49' title="bbox 586 4794 2182 4861">
    <p class='ocr_par' dir='ltr' id='par_1_49' title="bbox 586 4794 2182 4861">
     <span class='ocr_line' id='line_1_49' title="bbox 586 4794 2182 4861; baseline -0.003 -10"><span class='ocrx_word' id='word_1_378' title='bbox 586 4799 653 4851; x_wconf 92' lang='lat' dir='ltr'><strong>de</strong></span> <span class='ocrx_word' id='word_1_379' title='bbox 679 4798 840 4861; x_wconf 78' lang='lat' dir='ltr'><strong>cmlu,</strong></span> <span class='ocrx_word' id='word_1_380' title='bbox 882 4807 935 4850; x_wconf 86' lang='lat' dir='ltr'><strong>et</strong></span> <span class='ocrx_word' id='word_1_381' title='bbox 960 4796 1125 4850; x_wconf 86' lang='lat' dir='ltr'><strong>dicit:</strong></span> <span class='ocrx_word' id='word_1_382' title='bbox 1156 4797 1452 4861; x_wconf 80' lang='lat' dir='ltr'><strong>Abraham,</strong></span> <span class='ocrx_word' id='word_1_383' title='bbox 1497 4796 1783 4849; x_wconf 81' lang='lat' dir='ltr'><strong>Abraham.</strong></span> <span class='ocrx_word' id='word_1_384' title='bbox 1838 4796 1978 4847; x_wconf 77' lang='lat' dir='ltr'><strong>Bene</strong></span> <span class='ocrx_word' id='word_1_385' title='bbox 2008 4804 2063 4847; x_wconf 93' lang='lat' dir='ltr'><strong>et</strong></span> <span class='ocrx_word' id='word_1_386' title='bbox 2096 4794 2182 4847; x_wconf 86' lang='lat' dir='ltr'><strong>hic</strong></span> 
     </span>
    </p>
   </div>
   <div class='ocr_carea' id='block_1_50' title="bbox 586 4888 2183 4962">
    <p class='ocr_par' dir='ltr' id='par_1_50' title="bbox 586 4888 2183 4962">
     <span class='ocr_line' id='line_1_50' title="bbox 586 4888 2183 4962; baseline -0.001 -18"><span class='ocrx_word' id='word_1_387' title='bbox 586 4892 944 4962; x_wconf 77' lang='lat' dir='ltr'><strong>geminatione</strong></span> <span class='ocrx_word' id='word_1_388' title='bbox 971 4906 1098 4942; x_wconf 86' lang='lat' dir='ltr'><strong>usus</strong></span> <span class='ocrx_word' id='word_1_389' title='bbox 1118 4899 1199 4943; x_wconf 89' lang='lat' dir='ltr'><strong>est</strong></span> <span class='ocrx_word' id='word_1_390' title='bbox 1218 4932 1232 4953; x_wconf 92' lang='lat'><strong>,</strong></span> <span class='ocrx_word' id='word_1_391' title='bbox 1267 4900 1320 4942; x_wconf 93' lang='lat' dir='ltr'><strong>ut</strong></span> <span class='ocrx_word' id='word_1_392' title='bbox 1348 4897 1624 4957; x_wconf 77' lang='lat' dir='ltr'><strong>superaret</strong></span> <span class='ocrx_word' id='word_1_393' title='bbox 1653 4889 1903 4956; x_wconf 89' lang='lat' dir='ltr'><strong>impetum</strong></span> <span class='ocrx_word' id='word_1_394' title='bbox 1945 4888 2067 4952; x_wconf 90' lang='lat' dir='ltr'><strong>justi</strong></span> <span class='ocrx_word' id='word_1_395' title='bbox 2090 4928 2105 4949; x_wconf 92' lang='lat'><strong>,</strong></span> <span class='ocrx_word' id='word_1_396' title='bbox 2131 4898 2183 4942; x_wconf 83' lang='lat' dir='ltr'><strong>et</strong></span> 
     </span>
    </p>
   </div>
   <div class='ocr_carea' id='block_1_51' title="bbox 590 4979 2185 5055">
    <p class='ocr_par' dir='ltr' id='par_1_51' title="bbox 590 4979 2185 5055">
     <span class='ocr_line' id='line_1_51' title="bbox 590 4979 2185 5055; baseline -0.004 -18"><span class='ocrx_word' id='word_1_397' title='bbox 590 4988 734 5055; x_wconf 79' lang='lat' dir='ltr'><strong>quasi</strong></span> <span class='ocrx_word' id='word_1_398' title='bbox 765 5000 859 5053; x_wconf 90' lang='lat' dir='ltr'><strong>per</strong></span> <span class='ocrx_word' id='word_1_399' title='bbox 890 4998 1076 5035; x_wconf 85' lang='lat' dir='ltr'><strong>vocem</strong></span> <span class='ocrx_word' id='word_1_400' title='bbox 1122 4982 1445 5035; x_wconf 89' lang='lat' dir='ltr'><strong>detineretur</strong></span> <span class='ocrx_word' id='word_1_401' title='bbox 1481 4981 1604 5046; x_wconf 89' lang='lat' dir='ltr'><strong>justi</strong></span> <span class='ocrx_word' id='word_1_402' title='bbox 1632 4980 1879 5041; x_wconf 80' lang='lat' dir='ltr'><strong>dextera,</strong></span> <span class='ocrx_word' id='word_1_403' title='bbox 1920 4979 2024 5045; x_wconf 90' lang='lat' dir='ltr'><strong>jam</strong></span> <span class='ocrx_word' id='word_1_404' title='bbox 2071 4988 2185 5031; x_wconf 83' lang='lat' dir='ltr'><strong>ten-</strong></span> 
     </span>
    </p>
   </div>
   <div class='ocr_carea' id='block_1_52' title="bbox 588 5069 2181 5144">
    <p class='ocr_par' dir='ltr' id='par_1_52' title="bbox 588 5069 2181 5144">
     <span class='ocr_line' id='line_1_52' title="bbox 588 5069 2181 5144; baseline -0.004 -15"><span class='ocrx_word' id='word_1_405' title='bbox 588 5079 721 5131; x_wconf 87' lang='lat' dir='ltr'><strong>dens</strong></span> <span class='ocrx_word' id='word_1_406' title='bbox 738 5078 800 5129; x_wconf 86' lang='lat' dir='ltr'><strong>ad</strong></span> <span class='ocrx_word' id='word_1_407' title='bbox 827 5076 973 5144; x_wconf 90' lang='lat' dir='ltr'><strong>pueri</strong></span> <span class='ocrx_word' id='word_1_408' title='bbox 1000 5073 1221 5127; x_wconf 61' lang='lat' dir='ltr'><strong>caedem.</strong></span> <span class='ocrx_word' id='word_1_409' title='bbox 1250 5070 1315 5124; x_wconf 87' lang='lat' dir='ltr'><strong>Et</strong></span> <span class='ocrx_word' id='word_1_410' title='bbox 1337 5072 1461 5124; x_wconf 75' lang='lat' dir='ltr'><strong>dixit</strong></span> <span class='ocrx_word' id='word_1_411' title='bbox 1494 5070 1663 5124; x_wconf 77' lang='lat' dir='ltr'><strong>:Ecce</strong></span> <span class='ocrx_word' id='word_1_412' title='bbox 1684 5086 1793 5139; x_wconf 72' lang='lat' dir='ltr'><strong>ego.</strong></span> <span class='ocrx_word' id='word_1_413' title='bbox 1820 5070 1905 5122; x_wconf 69' lang='lat'><strong>12.</strong></span> <span class='ocrx_word' id='word_1_414' title='bbox 1936 5069 1998 5121; x_wconf 84' lang='lat' dir='ltr'><strong>Et</strong></span> <span class='ocrx_word' id='word_1_415' title='bbox 2020 5070 2181 5123; x_wconf 67' lang='lat' dir='ltr'><strong>dixit:</strong></span> 
     </span>
    </p>
   </div>
   <div class='ocr_carea' id='block_1_53' title="bbox 592 5158 2185 5237">
    <p class='ocr_par' dir='ltr' id='par_1_53' title="bbox 592 5158 2185 5237">
     <span class='ocr_line' id='line_1_53' title="bbox 592 5158 2185 5237; baseline -0.006 -15"><span class='ocrx_word' id='word_1_416' title='bbox 592 5168 677 5222; x_wconf 84' lang='lat' dir='ltr'><strong>Nc</strong></span> <span class='ocrx_word' id='word_1_417' title='bbox 701 5168 900 5237; x_wconf 89' lang='lat' dir='ltr'><strong>iujicias</strong></span> <span class='ocrx_word' id='word_1_418' title='bbox 939 5181 1143 5218; x_wconf 87' lang='lat' dir='ltr'><strong>manum</strong></span> <span class='ocrx_word' id='word_1_419' title='bbox 1185 5172 1321 5216; x_wconf 87' lang='lat' dir='ltr'><strong>tuam</strong></span> <span class='ocrx_word' id='word_1_420' title='bbox 1345 5164 1399 5215; x_wconf 89' lang='lat' dir='ltr'><strong>in</strong></span> <span class='ocrx_word' id='word_1_421' title='bbox 1437 5178 1673 5229; x_wconf 85' lang='lat' dir='ltr'><strong>puerum,</strong></span> <span class='ocrx_word' id='word_1_422' title='bbox 1720 5176 1875 5229; x_wconf 86' lang='lat' dir='ltr'><strong>neque</strong></span> <span class='ocrx_word' id='word_1_423' title='bbox 1914 5160 2071 5229; x_wconf 77' lang='lat' dir='ltr'><strong>{arias</strong></span> <span class='ocrx_word' id='word_1_424' title='bbox 2111 5158 2185 5213; x_wconf 88' lang='lat' dir='ltr'><strong>illi</strong></span> 
     </span>
    </p>
   </div>
   <div class='ocr_carea' id='block_1_54' title="bbox 591 5250 2187 5331">
    <p class='ocr_par' dir='ltr' id='par_1_54' title="bbox 591 5250 2187 5331">
     <span class='ocr_line' id='line_1_54' title="bbox 591 5250 2187 5331; baseline -0.008 -17"><span class='ocrx_word' id='word_1_425' title='bbox 591 5262 884 5331; x_wconf 85' lang='lat' dir='ltr'><strong>quidquam.</strong></span> <span class='ocrx_word' id='word_1_426' title='bbox 914 5258 1066 5311; x_wconf 88' lang='lat' dir='ltr'><strong>Nunc</strong></span> <span class='ocrx_word' id='word_1_427' title='bbox 1095 5256 1227 5309; x_wconf 87' lang='lat' dir='ltr'><strong>enim</strong></span> <span class='ocrx_word' id='word_1_428' title='bbox 1249 5256 1456 5325; x_wconf 85' lang='lat' dir='ltr'><strong>cognovi</strong></span> <span class='ocrx_word' id='word_1_429' title='bbox 1475 5255 1593 5323; x_wconf 90' lang='lat' dir='ltr'><strong>quia</strong></span> <span class='ocrx_word' id='word_1_430' title='bbox 1622 5254 1763 5304; x_wconf 76' lang='lat' dir='ltr'><strong>(iiues</strong></span> <span class='ocrx_word' id='word_1_431' title='bbox 1808 5250 1966 5303; x_wconf 73' lang='lat' dir='ltr'><strong>Deum</strong></span> <span class='ocrx_word' id='word_1_432' title='bbox 2010 5260 2062 5302; x_wconf 91' lang='lat' dir='ltr'><strong>tu</strong></span> <span class='ocrx_word' id='word_1_433' title='bbox 2081 5291 2095 5309; x_wconf 88' lang='lat'><strong>,</strong></span> <span class='ocrx_word' id='word_1_434' title='bbox 2142 5260 2187 5301; x_wconf 76' lang='lat' dir='ltr'><strong>ct</strong></span> 
     </span>
    </p>
   </div>
   <div class='ocr_carea' id='block_1_55' title="bbox 594 5339 2184 5420">
    <p class='ocr_par' dir='ltr' id='par_1_55' title="bbox 594 5339 2184 5420">
     <span class='ocr_line' id='line_1_55' title="bbox 594 5339 2184 5420; baseline -0.009 -16"><span class='ocrx_word' id='word_1_435' title='bbox 594 5370 691 5405; x_wconf 84' lang='lat' dir='ltr'><strong>non</strong></span> <span class='ocrx_word' id='word_1_436' title='bbox 723 5350 985 5420; x_wconf 73' lang='lat' dir='ltr'><strong>pepercisti</strong></span> <span class='ocrx_word' id='word_1_437' title='bbox 1015 5347 1123 5417; x_wconf 90' lang='lat' dir='ltr'><strong>ﬁlio</strong></span> <span class='ocrx_word' id='word_1_438' title='bbox 1144 5358 1228 5400; x_wconf 90' lang='lat' dir='ltr'><strong>tuo</strong></span> <span class='ocrx_word' id='word_1_439' title='bbox 1257 5346 1437 5398; x_wconf 86' lang='lat' dir='ltr'><strong>dilecto</strong></span> <span class='ocrx_word' id='word_1_440' title='bbox 1484 5360 1594 5411; x_wconf 71' lang='lat' dir='ltr'><strong>pro;</strong></span> <span class='ocrx_word' id='word_1_441' title='bbox 1613 5353 1685 5394; x_wconf 87' lang='lat' dir='ltr'><strong>ter</strong></span> <span class='ocrx_word' id='word_1_442' title='bbox 1711 5357 1808 5393; x_wconf 82' lang='lat' dir='ltr'><strong>nte.</strong></span> <span class='ocrx_word' id='word_1_443' title='bbox 1845 5339 1927 5393; x_wconf 86' lang='lat' dir='ltr'><strong>Nc</strong></span> <span class='ocrx_word' id='word_1_444' title='bbox 1952 5341 2150 5409; x_wconf 85' lang='lat' dir='ltr'><strong>iujicias</strong></span> <span class='ocrx_word' id='word_1_445' title='bbox 2170 5378 2184 5401; x_wconf 93' lang='lat'><strong>,</strong></span> 
     </span>
    </p>
   </div>
   <div class='ocr_carea' id='block_1_56' title="bbox 596 5430 2190 5513">
    <p class='ocr_par' dir='ltr' id='par_1_56' title="bbox 596 5430 2190 5513">
     <span class='ocr_line' id='line_1_56' title="bbox 596 5430 2190 5513; baseline -0.01 -16"><span class='ocrx_word' id='word_1_446' title='bbox 596 5447 793 5513; x_wconf 90' lang='lat' dir='ltr'><strong>inquit,</strong></span> <span class='ocrx_word' id='word_1_447' title='bbox 844 5457 1050 5495; x_wconf 88' lang='lat' dir='ltr'><strong>manum</strong></span> <span class='ocrx_word' id='word_1_448' title='bbox 1073 5450 1210 5491; x_wconf 82' lang='lat' dir='ltr'><strong>luant</strong></span> <span class='ocrx_word' id='word_1_449' title='bbox 1255 5437 1308 5489; x_wconf 89' lang='lat' dir='ltr'><strong>in</strong></span> <span class='ocrx_word' id='word_1_450' title='bbox 1336 5451 1563 5505; x_wconf 86' lang='lat' dir='ltr'><strong>puerum.</strong></span> <span class='ocrx_word' id='word_1_451' title='bbox 1592 5432 1706 5486; x_wconf 87' lang='lat' dir='ltr'><strong>Non</strong></span> <span class='ocrx_word' id='word_1_452' title='bbox 1739 5431 1840 5484; x_wconf 92' lang='lat' dir='ltr'><strong>hoc</strong></span> <span class='ocrx_word' id='word_1_453' title='bbox 1881 5430 2104 5497; x_wconf 65' lang='lat' dir='ltr'><strong>princrpi</strong></span> <span class='ocrx_word' id='word_1_454' title='bbox 2136 5437 2190 5481; x_wconf 89' lang='lat' dir='ltr'><strong>ut</strong></span> 
     </span>
    </p>
   </div>
   <div class='ocr_carea' id='block_1_57' title="bbox 597 5520 2188 5605">
    <p class='ocr_par' dir='ltr' id='par_1_57' title="bbox 597 5520 2188 5605">
     <span class='ocr_line' id='line_1_57' title="bbox 597 5520 2188 5605; baseline -0.009 -19"><span class='ocrx_word' id='word_1_455' title='bbox 597 5551 731 5605; x_wconf 75' lang='lat' dir='ltr'><strong>opus</strong></span> <span class='ocrx_word' id='word_1_456' title='bbox 776 5533 1076 5601; x_wconf 84' lang='lat' dir='ltr'><strong>perficiatur</strong></span> <span class='ocrx_word' id='word_1_457' title='bbox 1095 5571 1109 5591; x_wconf 86' lang='lat'><strong>,</strong></span> <span class='ocrx_word' id='word_1_458' title='bbox 1140 5543 1308 5597; x_wconf 89' lang='lat' dir='ltr'><strong>neque</strong></span> <span class='ocrx_word' id='word_1_459' title='bbox 1337 5524 1456 5578; x_wconf 91' lang='lat' dir='ltr'><strong>volo</strong></span> <span class='ocrx_word' id='word_1_460' title='bbox 1483 5534 1536 5577; x_wconf 88' lang='lat' dir='ltr'><strong>ut</strong></span> <span class='ocrx_word' id='word_1_461' title='bbox 1561 5522 1834 5577; x_wconf 88' lang='lat' dir='ltr'><strong>occidatur</strong></span> <span class='ocrx_word' id='word_1_462' title='bbox 1862 5520 1996 5574; x_wconf 63' lang='lat' dir='ltr'><strong>filius</strong></span> <span class='ocrx_word' id='word_1_463' title='bbox 2025 5531 2145 5571; x_wconf 89' lang='lat' dir='ltr'><strong>tuus</strong></span> <span class='ocrx_word' id='word_1_464' title='bbox 2174 5536 2188 5572; x_wconf 89' lang='lat'><strong>:</strong></span> 
     </span>
    </p>
   </div>
   <div class='ocr_carea' id='block_1_58' title="bbox 600 5611 2190 5682">
    <p class='ocr_par' dir='ltr' id='par_1_58' title="bbox 600 5611 2190 5682">
     <span class='ocr_line' id='line_1_58' title="bbox 600 5611 2190 5682; baseline -0.011 -2"><span class='ocrx_word' id='word_1_465' title='bbox 600 5627 691 5682; x_wconf 86' lang='lat' dir='ltr'><strong>sed</strong></span> <span class='ocrx_word' id='word_1_466' title='bbox 723 5635 779 5678; x_wconf 90' lang='lat' dir='ltr'><strong>ut</strong></span> <span class='ocrx_word' id='word_1_467' title='bbox 808 5623 1105 5678; x_wconf 86' lang='lat' dir='ltr'><strong>obedientia</strong></span> <span class='ocrx_word' id='word_1_468' title='bbox 1133 5630 1216 5672; x_wconf 89' lang='lat' dir='ltr'><strong>tua</strong></span> <span class='ocrx_word' id='word_1_469' title='bbox 1248 5617 1519 5671; x_wconf 83' lang='lat' dir='ltr'><strong>manifesta</strong></span> <span class='ocrx_word' id='word_1_470' title='bbox 1552 5616 1619 5668; x_wconf 85' lang='lat' dir='ltr'><strong>sit</strong></span> <span class='ocrx_word' id='word_1_471' title='bbox 1639 5614 1901 5666; x_wconf 89' lang='lat' dir='ltr'><strong>omnibus.</strong></span> <span class='ocrx_word' id='word_1_472' title='bbox 1938 5611 2096 5679; x_wconf 75' lang='lat' dir='ltr'><strong>Igitur</strong></span> <span class='ocrx_word' id='word_1_473' title='bbox 2125 5624 2190 5662; x_wconf 91' lang='lat' dir='ltr'><strong>ne</strong></span> 
     </span>
    </p>
   </div>
   <div class='ocr_carea' id='block_1_59' title="bbox 603 5707 2194 5787">
    <p class='ocr_par' dir='ltr' id='par_1_59' title="bbox 603 5707 2194 5787">
     <span class='ocr_line' id='line_1_59' title="bbox 603 5707 2194 5787; baseline -0.011 -14"><span class='ocrx_word' id='word_1_474' title='bbox 603 5720 789 5773; x_wconf 66' lang='lat' dir='ltr'><strong>feceris</strong></span> <span class='ocrx_word' id='word_1_475' title='bbox 818 5718 866 5771; x_wconf 90' lang='lat' dir='ltr'><strong>ei</strong></span> <span class='ocrx_word' id='word_1_476' title='bbox 907 5715 1216 5787; x_wconf 88' lang='lat' dir='ltr'><strong>quidquam.</strong></span> <span class='ocrx_word' id='word_1_477' title='bbox 1249 5712 1537 5766; x_wconf 86' lang='lat' dir='ltr'><strong>Contentus</strong></span> <span class='ocrx_word' id='word_1_478' title='bbox 1565 5724 1680 5761; x_wconf 87' lang='lat' dir='ltr'><strong>sum</strong></span> <span class='ocrx_word' id='word_1_479' title='bbox 1712 5707 1979 5758; x_wconf 81' lang='lat' dir='ltr'><strong>voluntate</strong></span> <span class='ocrx_word' id='word_1_480' title='bbox 2010 5714 2116 5763; x_wconf 84' lang='lat' dir='ltr'><strong>tua,</strong></span> <span class='ocrx_word' id='word_1_481' title='bbox 2140 5710 2194 5755; x_wconf 88' lang='lat' dir='ltr'><strong>et</strong></span> 
     </span>
    </p>
   </div>
   <div class='ocr_carea' id='block_1_60' title="bbox 544 5793 2188 5873">
    <p class='ocr_par' dir='ltr' id='par_1_60' title="bbox 544 5793 2188 5873">
     <span class='ocr_line' id='line_1_60' title="bbox 544 5793 2188 5873; baseline -0.014 -7"><span class='ocrx_word' id='word_1_482' title='bbox 544 5806 545 5809; x_wconf 38' lang='grc'><em>“</em></span> <span class='ocrx_word' id='word_1_483' title='bbox 606 5827 668 5865; x_wconf 70' lang='lat' dir='ltr'><strong>ex</strong></span> <span class='ocrx_word' id='word_1_484' title='bbox 697 5812 795 5863; x_wconf 87' lang='lat' dir='ltr'><strong>hac</strong></span> <span class='ocrx_word' id='word_1_485' title='bbox 818 5821 866 5863; x_wconf 84' lang='lat' dir='ltr'><strong>te</strong></span> <span class='ocrx_word' id='word_1_486' title='bbox 893 5821 1094 5862; x_wconf 82' lang='lat' dir='ltr'><strong>curono</strong></span> <span class='ocrx_word' id='word_1_487' title='bbox 1123 5814 1175 5858; x_wconf 91' lang='lat' dir='ltr'><strong>et</strong></span> <span class='ocrx_word' id='word_1_488' title='bbox 1198 5802 1445 5873; x_wconf 67' lang='lat' dir='ltr'><strong>prmiieo.</strong></span> <span class='ocrx_word' id='word_1_489' title='bbox 1478 5799 1626 5855; x_wconf 86' lang='lat' dir='ltr'><strong>Nunc</strong></span> <span class='ocrx_word' id='word_1_490' title='bbox 1655 5801 1794 5854; x_wconf 89' lang='lat' dir='ltr'><strong>enim</strong></span> <span class='ocrx_word' id='word_1_491' title='bbox 1820 5794 2042 5865; x_wconf 73' lang='lat' dir='ltr'><strong>Cognovi</strong></span> <span class='ocrx_word' id='word_1_492' title='bbox 2070 5793 2188 5861; x_wconf 83' lang='lat' dir='ltr'><strong>quia</strong></span> 
     </span>
    </p>
   </div>
   <div class='ocr_carea' id='block_1_61' title="bbox 1286 359 3103 421">
    <p class='ocr_par' dir='ltr' id='par_1_61' title="bbox 1286 359 3103 421">
     <span class='ocr_line' id='line_1_61' title="bbox 1286 359 3103 421; baseline -0.001 -2"><span class='ocrx_word' id='word_1_493' title='bbox 1286 363 1344 419; x_wconf 90' lang='lat' dir='ltr'><strong>S.</strong></span> <span class='ocrx_word' id='word_1_494' title='bbox 1383 361 1661 418; x_wconf 65' lang='lat' dir='ltr'><strong>JOANNIS</strong></span> <span class='ocrx_word' id='word_1_495' title='bbox 1698 359 2173 416; x_wconf 69' lang='lat' dir='ltr'><strong>CllliYSOS’I‘OSil</strong></span> <span class='ocrx_word' id='word_1_496' title='bbox 2214 363 2525 419; x_wconf 79' lang='lat' dir='ltr'><strong>ARCHIEP.</strong></span> <span class='ocrx_word' id='word_1_497' title='bbox 2568 363 3103 421; x_wconf 75' lang='lat' dir='ltr'><strong>CONSTANTINOP.</strong></span> 
     </span>
    </p>
   </div>
   <div class='ocr_carea' id='block_1_62' title="bbox 3713 367 3836 421">
    <p class='ocr_par' dir='ltr' id='par_1_62' title="bbox 3713 367 3836 421">
     <span class='ocr_line' id='line_1_62' title="bbox 3713 367 3836 421; baseline -0.024 -1"><span class='ocrx_word' id='word_1_498' title='bbox 3713 367 3836 421; x_wconf 63' lang='grc' dir='ltr'>ιτςε</span> 
     </span>
    </p>
   </div>
   <div class='ocr_carea' id='block_1_63' title="bbox 2228 477 3839 546">
    <p class='ocr_par' dir='ltr' id='par_1_63' title="bbox 2228 477 3839 546">
     <span class='ocr_line' id='line_1_63' title="bbox 2228 477 3839 546; baseline 0.001 -16"><span class='ocrx_word' id='word_1_499' title='bbox 2228 478 2382 531; x_wconf 88' lang='lat' dir='ltr'><strong>times</strong></span> <span class='ocrx_word' id='word_1_500' title='bbox 2412 477 2571 530; x_wconf 87' lang='lat' dir='ltr'><strong>Deum</strong></span> <span class='ocrx_word' id='word_1_501' title='bbox 2605 487 2676 531; x_wconf 91' lang='lat' dir='ltr'><strong>tu.</strong></span> <span class='ocrx_word' id='word_1_502' title='bbox 2703 478 2834 532; x_wconf 76' lang='lat' dir='ltr'><strong>Vide</strong></span> <span class='ocrx_word' id='word_1_503' title='bbox 2854 478 3119 546; x_wconf 88' lang='lat' dir='ltr'><strong>quomodo</strong></span> <span class='ocrx_word' id='word_1_504' title='bbox 3147 478 3416 533; x_wconf 87' lang='lat' dir='ltr'><strong>humiliter</strong></span> <span class='ocrx_word' id='word_1_505' title='bbox 3440 492 3497 531; x_wconf 89' lang='lat' dir='ltr'><strong>se</strong></span> <span class='ocrx_word' id='word_1_506' title='bbox 3519 489 3713 532; x_wconf 73' lang='lat' dir='ltr'><strong>nostra:</strong></span> <span class='ocrx_word' id='word_1_507' title='bbox 3746 479 3839 531; x_wconf 79' lang='lat' dir='ltr'><strong>in-</strong></span> 
     </span>
    </p>
   </div>
   <div class='ocr_carea' id='block_1_64' title="bbox 2226 568 3843 638">
    <p class='ocr_par' dir='ltr' id='par_1_64' title="bbox 2226 568 3843 638">
     <span class='ocr_line' id='line_1_64' title="bbox 2226 568 3843 638; baseline 0.002 -18"><span class='ocrx_word' id='word_1_508' title='bbox 2226 568 2461 622; x_wconf 87' lang='lat' dir='ltr'><strong>firmitati</strong></span> <span class='ocrx_word' id='word_1_509' title='bbox 2487 571 2585 623; x_wconf 89' lang='lat' dir='ltr'><strong>hoc</strong></span> <span class='ocrx_word' id='word_1_510' title='bbox 2607 570 2769 623; x_wconf 87' lang='lat' dir='ltr'><strong>verbo</strong></span> <span class='ocrx_word' id='word_1_511' title='bbox 2796 580 3133 638; x_wconf 88' lang='lat' dir='ltr'><strong>attemperat.</strong></span> <span class='ocrx_word' id='word_1_512' title='bbox 3160 570 3295 637; x_wconf 87' lang='lat' dir='ltr'><strong>Quid</strong></span> <span class='ocrx_word' id='word_1_513' title='bbox 3318 569 3497 638; x_wconf 81' lang='lat' dir='ltr'><strong>igitur?</strong></span> <span class='ocrx_word' id='word_1_514' title='bbox 3518 572 3843 637; x_wconf 74' lang='lat' dir='ltr'><strong>ignorabat-</strong></span> 
     </span>
    </p>
   </div>
   <div class='ocr_carea' id='block_1_65' title="bbox 2228 662 3842 731">
    <p class='ocr_par' dir='ltr' id='par_1_65' title="bbox 2228 662 3842 731">
     <span class='ocr_line' id='line_1_65' title="bbox 2228 662 3842 731; baseline -0.001 -16"><span class='ocrx_word' id='word_1_515' title='bbox 2228 678 2293 715; x_wconf 91' lang='lat' dir='ltr'><strong>ne</strong></span> <span class='ocrx_word' id='word_1_516' title='bbox 2319 672 2441 715; x_wconf 86' lang='lat' dir='ltr'><strong>ante</strong></span> <span class='ocrx_word' id='word_1_517' title='bbox 2470 662 2571 715; x_wconf 89' lang='lat' dir='ltr'><strong>hoc</strong></span> <span class='ocrx_word' id='word_1_518' title='bbox 2595 663 2720 729; x_wconf 88' lang='lat' dir='ltr'><strong>justi</strong></span> <span class='ocrx_word' id='word_1_519' title='bbox 2750 663 2996 717; x_wconf 84' lang='lat' dir='ltr'><strong>virtutem</strong></span> <span class='ocrx_word' id='word_1_520' title='bbox 3016 705 3030 726; x_wconf 87' lang='lat'><strong>,</strong></span> <span class='ocrx_word' id='word_1_521' title='bbox 3056 674 3107 716; x_wconf 91' lang='lat' dir='ltr'><strong>et</strong></span> <span class='ocrx_word' id='word_1_522' title='bbox 3138 676 3279 715; x_wconf 89' lang='lat' dir='ltr'><strong>nunc</strong></span> <span class='ocrx_word' id='word_1_523' title='bbox 3311 664 3559 731; x_wconf 76' lang='lat' dir='ltr'><strong>cognovit</strong></span> <span class='ocrx_word' id='word_1_524' title='bbox 3582 664 3842 715; x_wconf 86' lang='lat' dir='ltr'><strong>omnium</strong></span> 
     </span>
    </p>
   </div>
   <div class='ocr_carea' id='block_1_66' title="bbox 2233 751 3847 822">
    <p class='ocr_par' dir='ltr' id='par_1_66' title="bbox 2233 751 3847 822">
     <span class='ocr_line' id='line_1_66' title="bbox 2233 751 3847 822; baseline -0.001 -16"><span class='ocrx_word' id='word_1_525' title='bbox 2233 754 2521 806; x_wconf 78' lang='lat' dir='ltr'><strong>Dominus?</strong></span> <span class='ocrx_word' id='word_1_526' title='bbox 2546 753 2659 805; x_wconf 81' lang='lat' dir='ltr'><strong>Non</strong></span> <span class='ocrx_word' id='word_1_527' title='bbox 2682 752 2811 809; x_wconf 87' lang='lat' dir='ltr'><strong>hoc.</strong></span> <span class='ocrx_word' id='word_1_528' title='bbox 2842 753 3038 821; x_wconf 90' lang='lat' dir='ltr'><strong>inquit.</strong></span> <span class='ocrx_word' id='word_1_529' title='bbox 3065 752 3358 822; x_wconf 84' lang='lat' dir='ltr'><strong>significat,</strong></span> <span class='ocrx_word' id='word_1_530' title='bbox 3387 751 3523 822; x_wconf 88' lang='lat' dir='ltr'><strong>quod</strong></span> <span class='ocrx_word' id='word_1_531' title='bbox 3552 766 3690 805; x_wconf 86' lang='lat' dir='ltr'><strong>nunc</strong></span> <span class='ocrx_word' id='word_1_532' title='bbox 3716 752 3847 820; x_wconf 81' lang='lat' dir='ltr'><strong>ipse</strong></span> 
     </span>
    </p>
   </div>
   <div class='ocr_carea' id='block_1_67' title="bbox 2229 843 3850 914">
    <p class='ocr_par' dir='ltr' id='par_1_67' title="bbox 2229 843 3850 914">
     <span class='ocr_line' id='line_1_67' title="bbox 2229 843 3850 914; baseline -0.002 -16"><span class='ocrx_word' id='word_1_533' title='bbox 2229 843 2553 913; x_wconf 77' lang='lat' dir='ltr'><strong>cognoverit.</strong></span> <span class='ocrx_word' id='word_1_534' title='bbox 2580 846 2683 899; x_wconf 86' lang='lat' dir='ltr'><strong>Sed</strong></span> <span class='ocrx_word' id='word_1_535' title='bbox 2705 846 2827 914; x_wconf 90' lang='lat' dir='ltr'><strong>quid</strong></span> <span class='ocrx_word' id='word_1_536' title='bbox 2855 845 3032 899; x_wconf 88' lang='lat' dir='ltr'><strong>dicere</strong></span> <span class='ocrx_word' id='word_1_537' title='bbox 3052 844 3205 898; x_wconf 86' lang='lat' dir='ltr'><strong>vult?</strong></span> <span class='ocrx_word' id='word_1_538' title='bbox 3228 844 3403 909; x_wconf 82' lang='lat' dir='ltr'><strong>Nune,</strong></span> <span class='ocrx_word' id='word_1_539' title='bbox 3428 844 3630 913; x_wconf 90' lang='lat' dir='ltr'><strong>inquit,</strong></span> <span class='ocrx_word' id='word_1_540' title='bbox 3653 843 3850 897; x_wconf 84' lang='lat' dir='ltr'><strong>omni-</strong></span> 
     </span>
    </p>
   </div>
   <div class='ocr_carea' id='block_1_68' title="bbox 2234 933 3847 1005">
    <p class='ocr_par' dir='ltr' id='par_1_68' title="bbox 2234 933 3847 1005">
     <span class='ocr_line' id='line_1_68' title="bbox 2234 933 3847 1005; baseline -0.002 -18"><span class='ocrx_word' id='word_1_541' title='bbox 2234 936 2329 988; x_wconf 91' lang='lat' dir='ltr'><strong>hus</strong></span> <span class='ocrx_word' id='word_1_542' title='bbox 2365 935 2679 1001; x_wconf 81' lang='lat' dir='ltr'><strong>declarasti,</strong></span> <span class='ocrx_word' id='word_1_543' title='bbox 2707 936 2974 1005; x_wconf 87' lang='lat' dir='ltr'><strong>quomodo</strong></span> <span class='ocrx_word' id='word_1_544' title='bbox 3015 936 3223 989; x_wconf 88' lang='lat' dir='ltr'><strong>sincero</strong></span> <span class='ocrx_word' id='word_1_545' title='bbox 3252 935 3441 988; x_wconf 88' lang='lat' dir='ltr'><strong>timore</strong></span> <span class='ocrx_word' id='word_1_546' title='bbox 3471 935 3638 988; x_wconf 88' lang='lat' dir='ltr'><strong>Deum</strong></span> <span class='ocrx_word' id='word_1_547' title='bbox 3663 933 3847 987; x_wconf 86' lang='lat' dir='ltr'><strong>colas.</strong></span> 
     </span>
    </p>
   </div>
   <div class='ocr_carea' id='block_1_69' title="bbox 2232 1025 3853 1093">
    <p class='ocr_par' dir='ltr' id='par_1_69' title="bbox 2232 1025 3853 1093">
     <span class='ocr_line' id='line_1_69' title="bbox 2232 1025 3853 1093; baseline -0.002 -14"><span class='ocrx_word' id='word_1_548' title='bbox 2232 1025 2360 1079; x_wconf 85' lang='lat' dir='ltr'><strong>Nam</strong></span> <span class='ocrx_word' id='word_1_549' title='bbox 2392 1042 2491 1093; x_wconf 86' lang='lat' dir='ltr'><strong>ego</strong></span> <span class='ocrx_word' id='word_1_550' title='bbox 2520 1040 2769 1080; x_wconf 86' lang='lat' dir='ltr'><strong>noveram</strong></span> <span class='ocrx_word' id='word_1_551' title='bbox 2814 1025 3064 1079; x_wconf 89' lang='lat' dir='ltr'><strong>famulum</strong></span> <span class='ocrx_word' id='word_1_552' title='bbox 3092 1040 3267 1079; x_wconf 92' lang='lat' dir='ltr'><strong>meum</strong></span> <span class='ocrx_word' id='word_1_553' title='bbox 3293 1042 3306 1079; x_wconf 93' lang='lat'>:</span> <span class='ocrx_word' id='word_1_554' title='bbox 3336 1040 3454 1093; x_wconf 64' lang='lat' dir='ltr'><strong>quae</strong></span> <span class='ocrx_word' id='word_1_555' title='bbox 3482 1035 3655 1077; x_wconf 89' lang='lat' dir='ltr'><strong>autem</strong></span> <span class='ocrx_word' id='word_1_556' title='bbox 3692 1036 3853 1076; x_wconf 87' lang='lat' dir='ltr'><strong>nunc</strong></span> 
     </span>
    </p>
   </div>
   <div class='ocr_carea' id='block_1_70' title="bbox 2233 1115 3851 1185">
    <p class='ocr_par' dir='ltr' id='par_1_70' title="bbox 2233 1115 3851 1185">
     <span class='ocr_line' id='line_1_70' title="bbox 2233 1115 3851 1185; baseline -0.002 -18"><span class='ocrx_word' id='word_1_557' title='bbox 2233 1133 2261 1167; x_wconf 90' lang='lat' dir='ltr'><strong>a</strong></span> <span class='ocrx_word' id='word_1_558' title='bbox 2296 1126 2346 1170; x_wconf 91' lang='lat' dir='ltr'><strong>te</strong></span> <span class='ocrx_word' id='word_1_559' title='bbox 2372 1115 2505 1169; x_wconf 87' lang='lat' dir='ltr'><strong>facta</strong></span> <span class='ocrx_word' id='word_1_560' title='bbox 2525 1126 2649 1170; x_wconf 73' lang='lat' dir='ltr'><strong>sunt</strong></span> <span class='ocrx_word' id='word_1_561' title='bbox 2674 1117 2931 1171; x_wconf 70' lang='lat' dir='ltr'><strong>doctrinm</strong></span> <span class='ocrx_word' id='word_1_562' title='bbox 2958 1117 3174 1170; x_wconf 79' lang='lat' dir='ltr'><strong>materia</strong></span> <span class='ocrx_word' id='word_1_563' title='bbox 3200 1125 3323 1170; x_wconf 91' lang='lat' dir='ltr'><strong>sunt</strong></span> <span class='ocrx_word' id='word_1_564' title='bbox 3345 1126 3451 1169; x_wconf 88' lang='lat' dir='ltr'><strong>tam</strong></span> <span class='ocrx_word' id='word_1_565' title='bbox 3481 1115 3851 1185; x_wconf 76' lang='lat' dir='ltr'><strong>przcseutihus</strong></span> 
     </span>
    </p>
   </div>
   <div class='ocr_carea' id='block_1_71' title="bbox 2235 1207 3855 1277">
    <p class='ocr_par' dir='ltr' id='par_1_71' title="bbox 2235 1207 3855 1277">
     <span class='ocr_line' id='line_1_71' title="bbox 2235 1207 3855 1277; baseline 0 -18"><span class='ocrx_word' id='word_1_566' title='bbox 2235 1224 2392 1277; x_wconf 89' lang='lat' dir='ltr'><strong>quam</strong></span> <span class='ocrx_word' id='word_1_567' title='bbox 2422 1208 2631 1262; x_wconf 90' lang='lat' dir='ltr'><strong>futuris.</strong></span> <span class='ocrx_word' id='word_1_568' title='bbox 2663 1209 2853 1263; x_wconf 87' lang='lat' dir='ltr'><strong>Notum</strong></span> <span class='ocrx_word' id='word_1_569' title='bbox 2882 1210 3021 1263; x_wconf 92' lang='lat' dir='ltr'><strong>enim</strong></span> <span class='ocrx_word' id='word_1_570' title='bbox 3053 1207 3225 1262; x_wconf 87' lang='lat' dir='ltr'><strong>fecisti</strong></span> <span class='ocrx_word' id='word_1_571' title='bbox 3247 1222 3388 1261; x_wconf 90' lang='lat' dir='ltr'><strong>nunc</strong></span> <span class='ocrx_word' id='word_1_572' title='bbox 3416 1208 3662 1261; x_wconf 90' lang='lat' dir='ltr'><strong>omnibus</strong></span> <span class='ocrx_word' id='word_1_573' title='bbox 3690 1216 3750 1260; x_wconf 87' lang='lat' dir='ltr'><strong>te</strong></span> <span class='ocrx_word' id='word_1_574' title='bbox 3779 1207 3855 1259; x_wconf 89' lang='lat' dir='ltr'><strong>ti-</strong></span> 
     </span>
    </p>
   </div>
   <div class='ocr_carea' id='block_1_72' title="bbox 2237 1296 3851 1367">
    <p class='ocr_par' dir='ltr' id='par_1_72' title="bbox 2237 1296 3851 1367">
     <span class='ocr_line' id='line_1_72' title="bbox 2237 1296 3851 1367; baseline -0.004 -14"><span class='ocrx_word' id='word_1_575' title='bbox 2237 1316 2383 1353; x_wconf 90' lang='lat' dir='ltr'><strong>mere</strong></span> <span class='ocrx_word' id='word_1_576' title='bbox 2402 1300 2563 1353; x_wconf 87' lang='lat' dir='ltr'><strong>Deum</strong></span> <span class='ocrx_word' id='word_1_577' title='bbox 2584 1342 2597 1363; x_wconf 86' lang='lat'><strong>.</strong></span> <span class='ocrx_word' id='word_1_578' title='bbox 2626 1308 2681 1355; x_wconf 82' lang='lat' dir='ltr'><strong>et</strong></span> <span class='ocrx_word' id='word_1_579' title='bbox 2696 1315 2883 1355; x_wconf 88' lang='lat' dir='ltr'><strong>curare</strong></span> <span class='ocrx_word' id='word_1_580' title='bbox 2906 1312 2959 1353; x_wconf 89' lang='lat' dir='ltr'><strong>ut</strong></span> <span class='ocrx_word' id='word_1_581' title='bbox 2984 1298 3226 1352; x_wconf 90' lang='lat' dir='ltr'><strong>mandata</strong></span> <span class='ocrx_word' id='word_1_582' title='bbox 3246 1298 3361 1367; x_wconf 86' lang='lat' dir='ltr'><strong>ejus</strong></span> <span class='ocrx_word' id='word_1_583' title='bbox 3382 1312 3543 1367; x_wconf 89' lang='lat' dir='ltr'><strong>opere</strong></span> <span class='ocrx_word' id='word_1_584' title='bbox 3570 1296 3806 1365; x_wconf 86' lang='lat' dir='ltr'><strong>impleas</strong></span> <span class='ocrx_word' id='word_1_585' title='bbox 3832 1313 3851 1347; x_wconf 89' lang='lat'>:</span> 
     </span>
    </p>
   </div>
   <div class='ocr_carea' id='block_1_73' title="bbox 2241 1386 3855 1460">
    <p class='ocr_par' dir='ltr' id='par_1_73' title="bbox 2241 1386 3855 1460">
     <span class='ocr_line' id='line_1_73' title="bbox 2241 1386 3855 1460; baseline -0.003 -17"><span class='ocrx_word' id='word_1_586' title='bbox 2241 1389 2306 1442; x_wconf 85' lang='lat' dir='ltr'><strong>Et</strong></span> <span class='ocrx_word' id='word_1_587' title='bbox 2327 1406 2425 1443; x_wconf 87' lang='lat' dir='ltr'><strong>non</strong></span> <span class='ocrx_word' id='word_1_588' title='bbox 2443 1389 2705 1460; x_wconf 77' lang='lat' dir='ltr'><strong>pepercisti</strong></span> <span class='ocrx_word' id='word_1_589' title='bbox 2726 1391 2833 1458; x_wconf 83' lang='lat' dir='ltr'><strong>ﬁlio</strong></span> <span class='ocrx_word' id='word_1_590' title='bbox 2854 1399 2938 1441; x_wconf 92' lang='lat' dir='ltr'><strong>tuo</strong></span> <span class='ocrx_word' id='word_1_591' title='bbox 2962 1388 3143 1441; x_wconf 87' lang='lat' dir='ltr'><strong>dilecto</strong></span> <span class='ocrx_word' id='word_1_592' title='bbox 3168 1398 3371 1457; x_wconf 84' lang='lat' dir='ltr'><strong>propter</strong></span> <span class='ocrx_word' id='word_1_593' title='bbox 3385 1403 3463 1440; x_wconf 85' lang='lat' dir='ltr'><strong>me</strong></span> <span class='ocrx_word' id='word_1_594' title='bbox 3482 1402 3503 1441; x_wconf 85' lang='lat'><strong><em>:</em></strong></span> <span class='ocrx_word' id='word_1_595' title='bbox 3525 1386 3599 1440; x_wconf 85' lang='lat' dir='ltr'><strong>illi</strong></span> <span class='ocrx_word' id='word_1_596' title='bbox 3619 1386 3707 1456; x_wconf 91' lang='lat' dir='ltr'><strong>qui</strong></span> <span class='ocrx_word' id='word_1_597' title='bbox 3730 1396 3855 1438; x_wconf 88' lang='lat' dir='ltr'><strong>tam</strong></span> 
     </span>
    </p>
   </div>
   <div class='ocr_carea' id='block_1_74' title="bbox 2238 1478 3861 1550">
    <p class='ocr_par' dir='ltr' id='par_1_74' title="bbox 2238 1478 3861 1550">
     <span class='ocr_line' id='line_1_74' title="bbox 2238 1478 3861 1550; baseline -0.005 -15"><span class='ocrx_word' id='word_1_598' title='bbox 2238 1481 2464 1535; x_wconf 91' lang='lat' dir='ltr'><strong>dilectus</strong></span> <span class='ocrx_word' id='word_1_599' title='bbox 2492 1491 2608 1545; x_wconf 91' lang='lat' dir='ltr'><strong>est,</strong></span> <span class='ocrx_word' id='word_1_600' title='bbox 2641 1496 2798 1550; x_wconf 88' lang='lat' dir='ltr'><strong>quem</strong></span> <span class='ocrx_word' id='word_1_601' title='bbox 2842 1489 2948 1533; x_wconf 89' lang='lat' dir='ltr'><strong>tam</strong></span> <span class='ocrx_word' id='word_1_602' title='bbox 2977 1478 3224 1533; x_wconf 86' lang='lat' dir='ltr'><strong>ardenter</strong></span> <span class='ocrx_word' id='word_1_603' title='bbox 3264 1492 3447 1542; x_wconf 88' lang='lat' dir='ltr'><strong>amas,</strong></span> <span class='ocrx_word' id='word_1_604' title='bbox 3503 1492 3607 1529; x_wconf 91' lang='lat' dir='ltr'><strong>non</strong></span> <span class='ocrx_word' id='word_1_605' title='bbox 3650 1490 3861 1545; x_wconf 85' lang='lat' dir='ltr'><strong>peper-</strong></span> 
     </span>
    </p>
   </div>
   <div class='ocr_carea' id='block_1_75' title="bbox 2238 1568 3856 1641">
    <p class='ocr_par' dir='ltr' id='par_1_75' title="bbox 2238 1568 3856 1641">
     <span class='ocr_line' id='line_1_75' title="bbox 2238 1568 3856 1641; baseline -0.006 -16"><span class='ocrx_word' id='word_1_606' title='bbox 2238 1573 2354 1627; x_wconf 87' lang='lat' dir='ltr'><strong>cisti</strong></span> <span class='ocrx_word' id='word_1_607' title='bbox 2380 1581 2597 1641; x_wconf 90' lang='lat' dir='ltr'><strong>propter</strong></span> <span class='ocrx_word' id='word_1_608' title='bbox 2616 1586 2701 1625; x_wconf 91' lang='lat' dir='ltr'><strong>me</strong></span> <span class='ocrx_word' id='word_1_609' title='bbox 2720 1613 2735 1638; x_wconf 88' lang='lat'><strong>,</strong></span> <span class='ocrx_word' id='word_1_610' title='bbox 2762 1582 2973 1640; x_wconf 84' lang='lat' dir='ltr'><strong>pr0pter</strong></span> <span class='ocrx_word' id='word_1_611' title='bbox 2992 1569 3296 1623; x_wconf 87' lang='lat' dir='ltr'><strong>mandatum</strong></span> <span class='ocrx_word' id='word_1_612' title='bbox 3318 1578 3371 1621; x_wconf 90' lang='lat' dir='ltr'><strong>et</strong></span> <span class='ocrx_word' id='word_1_613' title='bbox 3394 1568 3598 1635; x_wconf 90' lang='lat' dir='ltr'><strong>jussum</strong></span> <span class='ocrx_word' id='word_1_614' title='bbox 3624 1581 3811 1619; x_wconf 88' lang='lat' dir='ltr'><strong>meum</strong></span> <span class='ocrx_word' id='word_1_615' title='bbox 3834 1581 3856 1617; x_wconf 89' lang='lat'><strong>:</strong></span> 
     </span>
    </p>
   </div>
   <div class='ocr_carea' id='block_1_76' title="bbox 2240 1657 3861 1733">
    <p class='ocr_par' dir='ltr' id='par_1_76' title="bbox 2240 1657 3861 1733">
     <span class='ocr_line' id='line_1_76' title="bbox 2240 1657 3861 1733; baseline -0.007 -15"><span class='ocrx_word' id='word_1_616' title='bbox 2240 1663 2639 1733; x_wconf 67' lang='lat' dir='ltr'><strong>sedprmtuliati</strong></span> <span class='ocrx_word' id='word_1_617' title='bbox 2669 1662 2971 1716; x_wconf 87' lang='lat' dir='ltr'><strong>mandatum</strong></span> <span class='ocrx_word' id='word_1_618' title='bbox 3003 1676 3177 1714; x_wconf 91' lang='lat' dir='ltr'><strong>meum</strong></span> <span class='ocrx_word' id='word_1_619' title='bbox 3221 1658 3331 1713; x_wconf 85' lang='lat' dir='ltr'><strong>ﬁlio</strong></span> <span class='ocrx_word' id='word_1_620' title='bbox 3356 1667 3470 1712; x_wconf 87' lang='lat' dir='ltr'><strong>tuo.</strong></span> <span class='ocrx_word' id='word_1_621' title='bbox 3512 1657 3743 1710; x_wconf 80' lang='lat' dir='ltr'><strong>Proinde</strong></span> <span class='ocrx_word' id='word_1_622' title='bbox 3796 1664 3861 1709; x_wconf 80' lang='lat' dir='ltr'><strong>et</strong></span> 
     </span>
    </p>
   </div>
   <div class='ocr_carea' id='block_1_77' title="bbox 2243 1750 3857 1823">
    <p class='ocr_par' dir='ltr' id='par_1_77' title="bbox 2243 1750 3857 1823">
     <span class='ocr_line' id='line_1_77' title="bbox 2243 1750 3857 1823; baseline -0.007 -13"><span class='ocrx_word' id='word_1_623' title='bbox 2243 1756 2407 1810; x_wconf 86' lang='lat' dir='ltr'><strong>filium</strong></span> <span class='ocrx_word' id='word_1_624' title='bbox 2438 1764 2582 1809; x_wconf 92' lang='lat' dir='ltr'><strong>tuum</strong></span> <span class='ocrx_word' id='word_1_625' title='bbox 2612 1754 2813 1823; x_wconf 90' lang='lat' dir='ltr'><strong>accipe.</strong></span> <span class='ocrx_word' id='word_1_626' title='bbox 2846 1754 3069 1823; x_wconf 86' lang='lat' dir='ltr'><strong>Propter</strong></span> <span class='ocrx_word' id='word_1_627' title='bbox 3096 1752 3197 1805; x_wconf 93' lang='lat' dir='ltr'><strong>hoc</strong></span> <span class='ocrx_word' id='word_1_628' title='bbox 3236 1752 3377 1805; x_wconf 88' lang='lat' dir='ltr'><strong>enim</strong></span> <span class='ocrx_word' id='word_1_629' title='bbox 3412 1750 3675 1819; x_wconf 89' lang='lat' dir='ltr'><strong>pollicitus</strong></span> <span class='ocrx_word' id='word_1_630' title='bbox 3724 1763 3857 1800; x_wconf 85' lang='lat' dir='ltr'><strong>smn</strong></span> 
     </span>
    </p>
   </div>
   <div class='ocr_carea' id='block_1_78' title="bbox 2244 1839 3861 1907">
    <p class='ocr_par' dir='ltr' id='par_1_78' title="bbox 2244 1839 3861 1907">
     <span class='ocr_line' id='line_1_78' title="bbox 2244 1839 3861 1907; baseline -0.007 -6"><span class='ocrx_word' id='word_1_631' title='bbox 2244 1847 2358 1901; x_wconf 88' lang='lat' dir='ltr'><strong>fore</strong></span> <span class='ocrx_word' id='word_1_632' title='bbox 2388 1856 2446 1901; x_wconf 93' lang='lat' dir='ltr'><strong>ut</strong></span> <span class='ocrx_word' id='word_1_633' title='bbox 2467 1860 2648 1901; x_wconf 89' lang='lat' dir='ltr'><strong>semen</strong></span> <span class='ocrx_word' id='word_1_634' title='bbox 2669 1854 2813 1898; x_wconf 90' lang='lat' dir='ltr'><strong>tuum</strong></span> <span class='ocrx_word' id='word_1_635' title='bbox 2841 1843 3216 1897; x_wconf 78' lang='lat' dir='ltr'><strong>extenderetur</strong></span> <span class='ocrx_word' id='word_1_636' title='bbox 3236 1860 3247 1894; x_wconf 96' lang='lat'>:</span> <span class='ocrx_word' id='word_1_637' title='bbox 3269 1841 3543 1895; x_wconf 90' lang='lat' dir='ltr'><strong>redimitus</strong></span> <span class='ocrx_word' id='word_1_638' title='bbox 3567 1853 3694 1907; x_wconf 86' lang='lat' dir='ltr'><strong>ergo</strong></span> <span class='ocrx_word' id='word_1_639' title='bbox 3714 1839 3861 1889; x_wconf 84' lang='lat' dir='ltr'><strong>obe-</strong></span> 
     </span>
    </p>
   </div>
   <div class='ocr_carea' id='block_1_79' title="bbox 2246 1933 3861 2005">
    <p class='ocr_par' dir='ltr' id='par_1_79' title="bbox 2246 1933 3861 2005">
     <span class='ocr_line' id='line_1_79' title="bbox 2246 1933 3861 2005; baseline -0.007 -11"><span class='ocrx_word' id='word_1_640' title='bbox 2246 1940 2461 1996; x_wconf 75' lang='lat' dir='ltr'><strong>dientia:</strong></span> <span class='ocrx_word' id='word_1_641' title='bbox 2500 1948 2603 1993; x_wconf 70' lang='lat' dir='ltr'><strong>tua:</strong></span> <span class='ocrx_word' id='word_1_642' title='bbox 2627 1953 2823 1991; x_wconf 91' lang='lat' dir='ltr'><strong>corona</strong></span> <span class='ocrx_word' id='word_1_643' title='bbox 2843 1978 2858 1997; x_wconf 87' lang='lat'><strong>.</strong></span> <span class='ocrx_word' id='word_1_644' title='bbox 2890 1936 2998 1992; x_wconf 85' lang='lat' dir='ltr'><strong>abi.</strong></span> <span class='ocrx_word' id='word_1_645' title='bbox 3031 1936 3140 2005; x_wconf 83' lang='lat' dir='ltr'><strong>Ego</strong></span> <span class='ocrx_word' id='word_1_646' title='bbox 3162 1935 3304 1989; x_wconf 90' lang='lat' dir='ltr'><strong>enim</strong></span> <span class='ocrx_word' id='word_1_647' title='bbox 3333 1933 3657 1988; x_wconf 88' lang='lat' dir='ltr'><strong>voluntatem</strong></span> <span class='ocrx_word' id='word_1_648' title='bbox 3685 1947 3861 1984; x_wconf 79' lang='lat' dir='ltr'><strong>coru-</strong></span> 
     </span>
    </p>
   </div>
   <div class='ocr_carea' id='block_1_80' title="bbox 2248 2024 3862 2100">
    <p class='ocr_par' dir='ltr' id='par_1_80' title="bbox 2248 2024 3862 2100">
     <span class='ocr_line' id='line_1_80' title="bbox 2248 2024 3862 2100; baseline -0.007 -13"><span class='ocrx_word' id='word_1_649' title='bbox 2248 2049 2377 2087; x_wconf 88' lang='lat' dir='ltr'><strong>nare</strong></span> <span class='ocrx_word' id='word_1_650' title='bbox 2397 2032 2578 2095; x_wconf 84' lang='lat' dir='ltr'><strong>soleo.</strong></span> <span class='ocrx_word' id='word_1_651' title='bbox 2606 2040 2659 2085; x_wconf 90' lang='lat' dir='ltr'><strong>et</strong></span> <span class='ocrx_word' id='word_1_652' title='bbox 2698 2040 2913 2100; x_wconf 89' lang='lat' dir='ltr'><strong>propter</strong></span> <span class='ocrx_word' id='word_1_653' title='bbox 2945 2040 3173 2083; x_wconf 90' lang='lat' dir='ltr'><strong>mentem</strong></span> <span class='ocrx_word' id='word_1_654' title='bbox 3204 2028 3418 2098; x_wconf 62' lang='lat' dir='ltr'><strong>praemia</strong></span> <span class='ocrx_word' id='word_1_655' title='bbox 3448 2026 3643 2095; x_wconf 83' lang='lat' dir='ltr'><strong>largiri.</strong></span> <span class='ocrx_word' id='word_1_656' title='bbox 3670 2024 3862 2092; x_wconf 83' lang='lat' dir='ltr'><strong>Opere</strong></span> 
     </span>
    </p>
   </div>
   <div class='ocr_carea' id='block_1_81' title="bbox 2248 2116 3863 2193">
    <p class='ocr_par' dir='ltr' id='par_1_81' title="bbox 2248 2116 3863 2193">
     <span class='ocr_line' id='line_1_81' title="bbox 2248 2116 3863 2193; baseline -0.006 -16"><span class='ocrx_word' id='word_1_657' title='bbox 2248 2124 2388 2177; x_wconf 88' lang='lat' dir='ltr'><strong>enim</strong></span> <span class='ocrx_word' id='word_1_658' title='bbox 2410 2123 2612 2193; x_wconf 89' lang='lat' dir='ltr'><strong>imp&#39;eri</strong></span> <span class='ocrx_word' id='word_1_659' title='bbox 2634 2138 2726 2191; x_wconf 87' lang='lat' dir='ltr'><strong>par</strong></span> <span class='ocrx_word' id='word_1_660' title='bbox 2751 2130 2834 2175; x_wconf 90' lang='lat' dir='ltr'><strong>est</strong></span> <span class='ocrx_word' id='word_1_661' title='bbox 2857 2136 2917 2174; x_wconf 87' lang='lat' dir='ltr'><strong>ea</strong></span> <span class='ocrx_word' id='word_1_662' title='bbox 2945 2133 3067 2189; x_wconf 68' lang='lat' dir='ltr'><strong>qua:</strong></span> <span class='ocrx_word' id='word_1_663' title='bbox 3105 2132 3134 2168; x_wconf 88' lang='lat' dir='ltr'><strong>a</strong></span> <span class='ocrx_word' id='word_1_664' title='bbox 3169 2129 3223 2173; x_wconf 89' lang='lat' dir='ltr'><strong>te</strong></span> <span class='ocrx_word' id='word_1_665' title='bbox 3263 2119 3407 2173; x_wconf 81' lang='lat' dir='ltr'><strong>dicta</strong></span> <span class='ocrx_word' id='word_1_666' title='bbox 3434 2126 3556 2171; x_wconf 90' lang='lat' dir='ltr'><strong>sunt</strong></span> <span class='ocrx_word' id='word_1_667' title='bbox 3596 2126 3648 2169; x_wconf 91' lang='lat' dir='ltr'><strong>et</strong></span> <span class='ocrx_word' id='word_1_668' title='bbox 3676 2116 3863 2168; x_wconf 82' lang='lat' dir='ltr'><strong>servis</strong></span> 
     </span>
    </p>
   </div>
   <div class='ocr_carea' id='block_1_82' title="bbox 2252 2206 3874 2279">
    <p class='ocr_par' dir='ltr' id='par_1_82' title="bbox 2252 2206 3874 2279">
     <span class='ocr_line' id='line_1_82' title="bbox 2252 2206 3874 2279; baseline -0.007 -11"><span class='ocrx_word' id='word_1_669' title='bbox 2252 2216 2354 2269; x_wconf 87' lang='lat' dir='ltr'><strong>tuis</strong></span> <span class='ocrx_word' id='word_1_670' title='bbox 2399 2223 2453 2268; x_wconf 91' lang='lat' dir='ltr'><strong>et</strong></span> <span class='ocrx_word' id='word_1_671' title='bbox 2497 2215 2675 2267; x_wconf 75' lang='lat' dir='ltr'><strong>Isaac:</strong></span> <span class='ocrx_word' id='word_1_672' title='bbox 2709 2212 2812 2266; x_wconf 91' lang='lat' dir='ltr'><strong>illis</strong></span> <span class='ocrx_word' id='word_1_673' title='bbox 2847 2211 2986 2265; x_wconf 88' lang='lat' dir='ltr'><strong>enim</strong></span> <span class='ocrx_word' id='word_1_674' title='bbox 3017 2209 3338 2279; x_wconf 84' lang='lat' dir='ltr'><strong>promisisti,</strong></span> <span class='ocrx_word' id='word_1_675' title='bbox 3386 2208 3513 2263; x_wconf 88' lang='lat' dir='ltr'><strong>Cum</strong></span> <span class='ocrx_word' id='word_1_676' title='bbox 3563 2206 3874 2259; x_wconf 49' lang='lat' dir='ltr'><strong>adoravi-ri-</strong></span> 
     </span>
    </p>
   </div>
   <div class='ocr_carea' id='block_1_83' title="bbox 2251 2301 3859 2370">
    <p class='ocr_par' dir='ltr' id='par_1_83' title="bbox 2251 2301 3859 2370">
     <span class='ocr_line' id='line_1_83' title="bbox 2251 2301 3859 2370; baseline -0.007 -10"><span class='ocrx_word' id='word_1_677' title='bbox 2251 2326 2396 2370; x_wconf 86' lang='lat' dir='ltr'><strong>mus,</strong></span> <span class='ocrx_word' id='word_1_678' title='bbox 2443 2307 2761 2360; x_wconf 82' lang='lat' dir='ltr'><strong>redibimus:</strong></span> <span class='ocrx_word' id='word_1_679' title='bbox 2801 2319 2927 2357; x_wconf 89' lang='lat' dir='ltr'><strong>ecce</strong></span> <span class='ocrx_word' id='word_1_680' title='bbox 2972 2302 3073 2356; x_wconf 89' lang='lat' dir='ltr'><strong>hoc</strong></span> <span class='ocrx_word' id='word_1_681' title='bbox 3112 2316 3251 2354; x_wconf 90' lang='lat' dir='ltr'><strong>nunc</strong></span> <span class='ocrx_word' id='word_1_682' title='bbox 3287 2301 3419 2363; x_wconf 86' lang='lat' dir='ltr'><strong>erit;</strong></span> <span class='ocrx_word' id='word_1_683' title='bbox 3451 2308 3506 2352; x_wconf 90' lang='lat' dir='ltr'><strong>et</strong></span> <span class='ocrx_word' id='word_1_684' title='bbox 3548 2313 3709 2366; x_wconf 84' lang='lat' dir='ltr'><strong>puero</strong></span> <span class='ocrx_word' id='word_1_685' title='bbox 3771 2313 3859 2348; x_wconf 75' lang='lat' dir='ltr'><strong>rn—</strong></span> 
     </span>
    </p>
   </div>
   <div class='ocr_carea' id='block_1_84' title="bbox 2251 2387 3863 2471">
    <p class='ocr_par' dir='ltr' id='par_1_84' title="bbox 2251 2387 3863 2471">
     <span class='ocr_line' id='line_1_84' title="bbox 2251 2387 3863 2471; baseline -0.01 -16"><span class='ocrx_word' id='word_1_686' title='bbox 2251 2411 2428 2471; x_wconf 84' lang='lat' dir='ltr'><strong>ganle,</strong></span> <span class='ocrx_word' id='word_1_687' title='bbox 2462 2399 2557 2453; x_wconf 90' lang='lat' dir='ltr'><strong>Ubi</strong></span> <span class='ocrx_word' id='word_1_688' title='bbox 2588 2399 2691 2452; x_wconf 75' lang='lat' dir='ltr'><strong>ovis</strong></span> <span class='ocrx_word' id='word_1_689' title='bbox 2716 2406 2785 2451; x_wconf 82' lang='lat' dir='ltr'><strong>est</strong></span> <span class='ocrx_word' id='word_1_690' title='bbox 2814 2397 2879 2449; x_wconf 85' lang='lat' dir='ltr'><strong>ad</strong></span> <span class='ocrx_word' id='word_1_691' title='bbox 2910 2392 3303 2448; x_wconf 74' lang='lat' dir='ltr'><strong>holocaustum?</strong></span> <span class='ocrx_word' id='word_1_692' title='bbox 3330 2390 3464 2443; x_wconf 85' lang='lat' dir='ltr'><strong>Deus</strong></span> <span class='ocrx_word' id='word_1_693' title='bbox 3503 2390 3681 2441; x_wconf 83' lang='lat' dir='ltr'><strong>videbit</strong></span> <span class='ocrx_word' id='word_1_694' title='bbox 3724 2387 3863 2439; x_wconf 54' lang='lat' dir='ltr'><strong>sibi-</strong></span> 
     </span>
    </p>
   </div>
   <div class='ocr_carea' id='block_1_85' title="bbox 2254 2481 3865 2562">
    <p class='ocr_par' dir='ltr' id='par_1_85' title="bbox 2254 2481 3865 2562">
     <span class='ocr_line' id='line_1_85' title="bbox 2254 2481 3865 2562; baseline -0.011 -16"><span class='ocrx_word' id='word_1_695' title='bbox 2254 2492 2453 2562; x_wconf 84' lang='lat' dir='ltr'><strong>metipsi</strong></span> <span class='ocrx_word' id='word_1_696' title='bbox 2498 2506 2635 2544; x_wconf 82' lang='lat' dir='ltr'><strong>ovem</strong></span> <span class='ocrx_word' id='word_1_697' title='bbox 2662 2489 2730 2541; x_wconf 89' lang='lat' dir='ltr'><strong>ad</strong></span> <span class='ocrx_word' id='word_1_698' title='bbox 2774 2487 3156 2549; x_wconf 80' lang='lat' dir='ltr'><strong>holocaustum,</strong></span> <span class='ocrx_word' id='word_1_699' title='bbox 3184 2483 3385 2536; x_wconf 80' lang='lat' dir='ltr'><strong>dixisti.</strong></span> <span class='ocrx_word' id='word_1_700' title='bbox 3429 2481 3565 2534; x_wconf 86' lang='lat' dir='ltr'><strong>Ecce</strong></span> <span class='ocrx_word' id='word_1_701' title='bbox 3614 2494 3733 2532; x_wconf 89' lang='lat' dir='ltr'><strong>cum</strong></span> <span class='ocrx_word' id='word_1_702' title='bbox 3770 2495 3865 2530; x_wconf 75' lang='lat' dir='ltr'><strong>rc—</strong></span> 
     </span>
    </p>
   </div>
   <div class='ocr_carea' id='block_1_86' title="bbox 2260 2574 3865 2653">
    <p class='ocr_par' dir='ltr' id='par_1_86' title="bbox 2260 2574 3865 2653">
     <span class='ocr_line' id='line_1_86' title="bbox 2260 2574 3865 2653; baseline -0.013 -13"><span class='ocrx_word' id='word_1_703' title='bbox 2260 2584 2499 2653; x_wconf 72' lang='lat' dir='ltr'><strong>Spexeris</strong></span> <span class='ocrx_word' id='word_1_704' title='bbox 2521 2625 2536 2649; x_wconf 94' lang='lat'><strong>,</strong></span> <span class='ocrx_word' id='word_1_705' title='bbox 2569 2581 2737 2651; x_wconf 91' lang='lat' dir='ltr'><strong>inquit</strong></span> <span class='ocrx_word' id='word_1_706' title='bbox 2761 2620 2777 2646; x_wconf 94' lang='lat'><strong>,</strong></span> <span class='ocrx_word' id='word_1_707' title='bbox 2808 2578 2977 2633; x_wconf 91' lang='lat' dir='ltr'><strong>oculis</strong></span> <span class='ocrx_word' id='word_1_708' title='bbox 2995 2618 3011 2639; x_wconf 87' lang='lat'><strong>,</strong></span> <span class='ocrx_word' id='word_1_709' title='bbox 3039 2576 3159 2630; x_wconf 85' lang='lat' dir='ltr'><strong>vide</strong></span> <span class='ocrx_word' id='word_1_710' title='bbox 3184 2574 3486 2636; x_wconf 67' lang='lat' dir='ltr'><strong>pra&#39;dictam</strong></span> <span class='ocrx_word' id='word_1_711' title='bbox 3508 2587 3536 2624; x_wconf 90' lang='lat' dir='ltr'><strong>a</strong></span> <span class='ocrx_word' id='word_1_712' title='bbox 3565 2580 3616 2624; x_wconf 88' lang='lat' dir='ltr'><strong>te</strong></span> <span class='ocrx_word' id='word_1_713' title='bbox 3658 2585 3825 2623; x_wconf 88' lang='lat' dir='ltr'><strong>ovem</strong></span> <span class='ocrx_word' id='word_1_714' title='bbox 3848 2612 3865 2633; x_wconf 82' lang='lat'><strong>,</strong></span> 
     </span>
    </p>
   </div>
   <div class='ocr_carea' id='block_1_87' title="bbox 2257 2662 3876 2746">
    <p class='ocr_par' dir='ltr' id='par_1_87' title="bbox 2257 2662 3876 2746">
     <span class='ocr_line' id='line_1_87' title="bbox 2257 2662 3876 2746; baseline -0.01 -17"><span class='ocrx_word' id='word_1_715' title='bbox 2257 2693 2414 2746; x_wconf 90' lang='lat' dir='ltr'><strong>quam</strong></span> <span class='ocrx_word' id='word_1_716' title='bbox 2439 2676 2639 2730; x_wconf 90' lang='lat' dir='ltr'><strong>scilicet</strong></span> <span class='ocrx_word' id='word_1_717' title='bbox 2674 2688 2771 2743; x_wconf 92' lang='lat' dir='ltr'><strong>pro</strong></span> <span class='ocrx_word' id='word_1_718' title='bbox 2801 2686 2968 2741; x_wconf 89' lang='lat' dir='ltr'><strong>puero</strong></span> <span class='ocrx_word' id='word_1_719' title='bbox 3010 2667 3353 2724; x_wconf 82' lang='lat' dir='ltr'><strong>sacrificabis.</strong></span> <span class='ocrx_word' id='word_1_720' title='bbox 3404 2666 3484 2719; x_wconf 79' lang='lat' dir='ltr'><strong>l5.</strong></span> <span class='ocrx_word' id='word_1_721' title='bbox 3522 2662 3589 2718; x_wconf 88' lang='lat' dir='ltr'><strong>Ut</strong></span> <span class='ocrx_word' id='word_1_722' title='bbox 3634 2663 3876 2730; x_wconf 69' lang='lat' dir='ltr'><strong>respexit</strong></span> 
     </span>
    </p>
   </div>
   <div class='ocr_carea' id='block_1_88' title="bbox 2259 2752 3869 2823">
    <p class='ocr_par' dir='ltr' id='par_1_88' title="bbox 2259 2752 3869 2823">
     <span class='ocr_line' id='line_1_88' title="bbox 2259 2752 3869 2823; baseline -0.014 0"><span class='ocrx_word' id='word_1_723' title='bbox 2259 2786 2425 2823; x_wconf 83' lang='lat' dir='ltr'><strong>autem</strong></span> <span class='ocrx_word' id='word_1_724' title='bbox 2451 2768 2609 2821; x_wconf 75' lang='lat' dir='ltr'><strong>oculis</strong></span> <span class='ocrx_word' id='word_1_725' title='bbox 2636 2765 2757 2819; x_wconf 85' lang='lat' dir='ltr'><strong>vidit</strong></span> <span class='ocrx_word' id='word_1_726' title='bbox 2780 2779 2798 2817; x_wconf 92' lang='lat'><em>:</em></span> <span class='ocrx_word' id='word_1_727' title='bbox 2824 2774 2867 2816; x_wconf 88' lang='lat' dir='ltr'><strong>et</strong></span> <span class='ocrx_word' id='word_1_728' title='bbox 2901 2779 3010 2815; x_wconf 87' lang='lat' dir='ltr'><strong>ecce</strong></span> <span class='ocrx_word' id='word_1_729' title='bbox 3030 2762 3161 2813; x_wconf 79' lang='lat' dir='ltr'><strong>aries</strong></span> <span class='ocrx_word' id='word_1_730' title='bbox 3186 2775 3317 2811; x_wconf 82' lang='lat' dir='ltr'><strong>unus</strong></span> <span class='ocrx_word' id='word_1_731' title='bbox 3335 2755 3642 2810; x_wconf 84' lang='lat' dir='ltr'><strong>detinebatur</strong></span> <span class='ocrx_word' id='word_1_732' title='bbox 3687 2752 3869 2804; x_wconf 80' lang='lat' dir='ltr'><strong>corni-</strong></span> 
     </span>
    </p>
   </div>
   <div class='ocr_carea' id='block_1_89' title="bbox 2259 2843 3868 2917">
    <p class='ocr_par' dir='ltr' id='par_1_89' title="bbox 2259 2843 3868 2917">
     <span class='ocr_line' id='line_1_89' title="bbox 2259 2843 3868 2917; baseline -0.016 -1"><span class='ocrx_word' id='word_1_733' title='bbox 2259 2863 2348 2917; x_wconf 84' lang='lat' dir='ltr'><strong>bus</strong></span> <span class='ocrx_word' id='word_1_734' title='bbox 2370 2863 2423 2916; x_wconf 89' lang='lat' dir='ltr'><strong>iu</strong></span> <span class='ocrx_word' id='word_1_735' title='bbox 2451 2860 2652 2913; x_wconf 88' lang='lat' dir='ltr'><strong>arbusto</strong></span> <span class='ocrx_word' id='word_1_736' title='bbox 2680 2857 2857 2913; x_wconf 81' lang='lat' dir='ltr'><strong>Sabec.</strong></span> <span class='ocrx_word' id='word_1_737' title='bbox 2888 2855 2949 2908; x_wconf 87' lang='lat' dir='ltr'><strong>Et</strong></span> <span class='ocrx_word' id='word_1_738' title='bbox 2970 2855 3055 2907; x_wconf 83' lang='lat' dir='ltr'><strong>ivit</strong></span> <span class='ocrx_word' id='word_1_739' title='bbox 3080 2853 3367 2914; x_wconf 88' lang='lat' dir='ltr'><strong>Abraham,</strong></span> <span class='ocrx_word' id='word_1_740' title='bbox 3408 2858 3453 2902; x_wconf 88' lang='lat' dir='ltr'><strong>et</strong></span> <span class='ocrx_word' id='word_1_741' title='bbox 3490 2844 3677 2914; x_wconf 79' lang='lat' dir='ltr'><strong>accepit</strong></span> <span class='ocrx_word' id='word_1_742' title='bbox 3720 2843 3868 2893; x_wconf 72' lang='lat' dir='ltr'><strong>arie-</strong></span> 
     </span>
    </p>
   </div>
   <div class='ocr_carea' id='block_1_90' title="bbox 2263 2939 3872 3021">
    <p class='ocr_par' dir='ltr' id='par_1_90' title="bbox 2263 2939 3872 3021">
     <span class='ocr_line' id='line_1_90' title="bbox 2263 2939 3872 3021; baseline -0.014 -11"><span class='ocrx_word' id='word_1_743' title='bbox 2263 2969 2391 3021; x_wconf 77' lang='lat' dir='ltr'><strong>tem,</strong></span> <span class='ocrx_word' id='word_1_744' title='bbox 2420 2966 2469 3010; x_wconf 83' lang='lat' dir='ltr'><strong>et</strong></span> <span class='ocrx_word' id='word_1_745' title='bbox 2503 2954 2676 3007; x_wconf 87' lang='lat' dir='ltr'><strong>obtulit</strong></span> <span class='ocrx_word' id='word_1_746' title='bbox 2701 2952 2846 3005; x_wconf 87' lang='lat' dir='ltr'><strong>illum</strong></span> <span class='ocrx_word' id='word_1_747' title='bbox 2870 2951 2922 3003; x_wconf 88' lang='lat' dir='ltr'><strong>in</strong></span> <span class='ocrx_word' id='word_1_748' title='bbox 2953 2950 3301 3001; x_wconf 84' lang='lat' dir='ltr'><strong>holocaustum</strong></span> <span class='ocrx_word' id='word_1_749' title='bbox 3328 2961 3416 3010; x_wconf 85' lang='lat' dir='ltr'><strong>pro</strong></span> <span class='ocrx_word' id='word_1_750' title='bbox 3439 2942 3589 2994; x_wconf 82' lang='lat' dir='ltr'><strong>Isaac</strong></span> <span class='ocrx_word' id='word_1_751' title='bbox 3610 2939 3715 3006; x_wconf 83' lang='lat' dir='ltr'><strong>ﬁlio</strong></span> <span class='ocrx_word' id='word_1_752' title='bbox 3741 2954 3872 2989; x_wconf 84' lang='lat' dir='ltr'><strong>suo-</strong></span> 
     </span>
    </p>
   </div>
   <div class='ocr_carea' id='block_1_91' title="bbox 2265 3021 3872 3107">
    <p class='ocr_par' dir='ltr' id='par_1_91' title="bbox 2265 3021 3872 3107">
     <span class='ocr_line' id='line_1_91' title="bbox 2265 3021 3872 3107; baseline -0.012 -16"><span class='ocrx_word' id='word_1_753' title='bbox 2265 3041 2383 3095; x_wconf 73' lang='lat' dir='ltr'><strong>V&#39;idi</strong></span> <span class='ocrx_word' id='word_1_754' title='bbox 2414 3039 2711 3107; x_wconf 80' lang='lat' dir='ltr'><strong>religiosam</strong></span> <span class='ocrx_word' id='word_1_755' title='bbox 2742 3046 2884 3089; x_wconf 92' lang='lat' dir='ltr'><strong>tuam</strong></span> <span class='ocrx_word' id='word_1_756' title='bbox 2932 3041 3195 3097; x_wconf 86' lang='lat' dir='ltr'><strong>mentem,</strong></span> <span class='ocrx_word' id='word_1_757' title='bbox 3228 3028 3429 3097; x_wconf 88' lang='lat' dir='ltr'><strong>inquit,</strong></span> <span class='ocrx_word' id='word_1_758' title='bbox 3469 3041 3594 3079; x_wconf 89' lang='lat' dir='ltr'><strong>ecce</strong></span> <span class='ocrx_word' id='word_1_759' title='bbox 3641 3022 3690 3074; x_wconf 88' lang='lat' dir='ltr'><strong>id</strong></span> <span class='ocrx_word' id='word_1_760' title='bbox 3716 3021 3872 3087; x_wconf 85' lang='lat' dir='ltr'><strong>quod</strong></span> 
     </span>
    </p>
   </div>
   <div class='ocr_carea' id='block_1_92' title="bbox 2267 3115 3872 3203">
    <p class='ocr_par' dir='ltr' id='par_1_92' title="bbox 2267 3115 3872 3203">
     <span class='ocr_line' id='line_1_92' title="bbox 2267 3115 3872 3203; baseline -0.017 -15"><span class='ocrx_word' id='word_1_761' title='bbox 2267 3135 2411 3203; x_wconf 87' lang='lat' dir='ltr'><strong>prius</strong></span> <span class='ocrx_word' id='word_1_762' title='bbox 2436 3130 2612 3185; x_wconf 82' lang='lat' dir='ltr'><strong>dixisti</strong></span> <span class='ocrx_word' id='word_1_763' title='bbox 2656 3141 2854 3197; x_wconf 88' lang='lat' dir='ltr'><strong>puero,</strong></span> <span class='ocrx_word' id='word_1_764' title='bbox 2888 3125 2991 3179; x_wconf 91' lang='lat' dir='ltr'><strong>hoc</strong></span> <span class='ocrx_word' id='word_1_765' title='bbox 3034 3123 3127 3177; x_wconf 89' lang='lat' dir='ltr'><strong>tibi</strong></span> <span class='ocrx_word' id='word_1_766' title='bbox 3156 3118 3465 3191; x_wconf 76' lang='lat' dir='ltr'><strong>prteparavi.</strong></span> <span class='ocrx_word' id='word_1_767' title='bbox 3525 3115 3587 3170; x_wconf 82' lang='lat' dir='ltr'><strong>Et</strong></span> <span class='ocrx_word' id='word_1_768' title='bbox 3635 3115 3872 3177; x_wconf 60' lang='lat' dir='ltr'><strong>accepit,</strong></span> 
     </span>
    </p>
   </div>
   <div class='ocr_carea' id='block_1_93' title="bbox 2262 3209 3871 3292">
    <p class='ocr_par' dir='ltr' id='par_1_93' title="bbox 2262 3209 3871 3292">
     <span class='ocr_line' id='line_1_93' title="bbox 2262 3209 3871 3292; baseline -0.014 -14"><span class='ocrx_word' id='word_1_769' title='bbox 2262 3224 2467 3292; x_wconf 88' lang='lat' dir='ltr'><strong>inquit,</strong></span> <span class='ocrx_word' id='word_1_770' title='bbox 2498 3234 2541 3275; x_wconf 90' lang='lat' dir='ltr'><strong>et</strong></span> <span class='ocrx_word' id='word_1_771' title='bbox 2570 3221 2749 3275; x_wconf 88' lang='lat' dir='ltr'><strong>obtulit</strong></span> <span class='ocrx_word' id='word_1_772' title='bbox 2792 3220 2845 3271; x_wconf 88' lang='lat' dir='ltr'><strong>in</strong></span> <span class='ocrx_word' id='word_1_773' title='bbox 2876 3217 3220 3270; x_wconf 80' lang='lat' dir='ltr'><strong>holocaustum</strong></span> <span class='ocrx_word' id='word_1_774' title='bbox 3250 3228 3341 3282; x_wconf 87' lang='lat' dir='ltr'><strong>pro</strong></span> <span class='ocrx_word' id='word_1_775' title='bbox 3388 3210 3539 3264; x_wconf 84' lang='lat' dir='ltr'><strong>Isaac</strong></span> <span class='ocrx_word' id='word_1_776' title='bbox 3587 3209 3693 3275; x_wconf 85' lang='lat' dir='ltr'><strong>ﬁlio</strong></span> <span class='ocrx_word' id='word_1_777' title='bbox 3743 3222 3871 3258; x_wconf 73' lang='lat' dir='ltr'><strong>suo.</strong></span> 
     </span>
    </p>
   </div>
   <div class='ocr_carea' id='block_1_94' title="bbox 2270 3304 3877 3370">
    <p class='ocr_par' dir='ltr' id='par_1_94' title="bbox 2270 3304 3877 3370">
     <span class='ocr_line' id='line_1_94' title="bbox 2270 3304 3877 3370; baseline -0.014 0"><span class='ocrx_word' id='word_1_778' title='bbox 2270 3316 2456 3370; x_wconf 72' lang='lat' dir='ltr'><strong>Vidisti</strong></span> <span class='ocrx_word' id='word_1_779' title='bbox 2490 3315 2578 3367; x_wconf 90' lang='lat' dir='ltr'><strong>Dei</strong></span> <span class='ocrx_word' id='word_1_780' title='bbox 2606 3309 2976 3365; x_wconf 83' lang='lat' dir='ltr'><strong>clementiam?</strong></span> <span class='ocrx_word' id='word_1_781' title='bbox 3006 3307 3071 3361; x_wconf 85' lang='lat' dir='ltr'><strong>Et</strong></span> <span class='ocrx_word' id='word_1_782' title='bbox 3095 3304 3406 3358; x_wconf 87' lang='lat' dir='ltr'><strong>sacrilicium</strong></span> <span class='ocrx_word' id='word_1_783' title='bbox 3436 3306 3877 3355; x_wconf 77' lang='lat' dir='ltr'><strong>colistnnmatmu</strong></span> 
     </span>
    </p>
   </div>
   <div class='ocr_carea' id='block_1_95' title="bbox 2269 3390 3876 3475">
    <p class='ocr_par' dir='ltr' id='par_1_95' title="bbox 2269 3390 3876 3475">
     <span class='ocr_line' id='line_1_95' title="bbox 2269 3390 3876 3475; baseline -0.017 -10"><span class='ocrx_word' id='word_1_784' title='bbox 2269 3418 2385 3470; x_wconf 83' lang='lat' dir='ltr'><strong>est,</strong></span> <span class='ocrx_word' id='word_1_785' title='bbox 2420 3419 2473 3460; x_wconf 81' lang='lat' dir='ltr'><strong>et</strong></span> <span class='ocrx_word' id='word_1_786' title='bbox 2516 3403 2809 3475; x_wconf 81' lang='lat' dir='ltr'><strong>patriarcha</strong></span> <span class='ocrx_word' id='word_1_787' title='bbox 2863 3401 3161 3469; x_wconf 52' lang='lat' dir='ltr'><strong>religiosam</strong></span> <span class='ocrx_word' id='word_1_788' title='bbox 3216 3410 3365 3449; x_wconf 89' lang='lat' dir='ltr'><strong>suam</strong></span> <span class='ocrx_word' id='word_1_789' title='bbox 3398 3403 3631 3446; x_wconf 90' lang='lat' dir='ltr'><strong>mentem</strong></span> <span class='ocrx_word' id='word_1_790' title='bbox 3679 3390 3876 3441; x_wconf 81' lang='lat' dir='ltr'><strong>decla-</strong></span> 
     </span>
    </p>
   </div>
   <div class='ocr_carea' id='block_1_96' title="bbox 2272 3484 3879 3566">
    <p class='ocr_par' dir='ltr' id='par_1_96' title="bbox 2272 3484 3879 3566">
     <span class='ocr_line' id='line_1_96' title="bbox 2272 3484 3879 3566; baseline -0.013 -9"><span class='ocrx_word' id='word_1_791' title='bbox 2272 3504 2438 3566; x_wconf 91' lang='lat' dir='ltr'><strong>ravit,</strong></span> <span class='ocrx_word' id='word_1_792' title='bbox 2465 3512 2519 3553; x_wconf 90' lang='lat' dir='ltr'><strong>et</strong></span> <span class='ocrx_word' id='word_1_793' title='bbox 2567 3516 2593 3551; x_wconf 88' lang='lat' dir='ltr'><strong>a</strong></span> <span class='ocrx_word' id='word_1_794' title='bbox 2648 3498 2917 3550; x_wconf 71' lang='lat' dir='ltr'><strong>voluntate</strong></span> <span class='ocrx_word' id='word_1_795' title='bbox 2963 3507 3214 3547; x_wconf 88' lang='lat' dir='ltr'><strong>coronam</strong></span> <span class='ocrx_word' id='word_1_796' title='bbox 3254 3488 3539 3557; x_wconf 71' lang='lat' dir='ltr'><strong>repel-tavit</strong></span> <span class='ocrx_word' id='word_1_797' title='bbox 3566 3503 3579 3539; x_wconf 91' lang='lat'><strong>:</strong></span> <span class='ocrx_word' id='word_1_798' title='bbox 3611 3495 3665 3539; x_wconf 90' lang='lat' dir='ltr'><strong>et</strong></span> <span class='ocrx_word' id='word_1_799' title='bbox 3718 3484 3879 3536; x_wconf 75' lang='lat' dir='ltr'><strong>Isaae</strong></span> 
     </span>
    </p>
   </div>
   <div class='ocr_carea' id='block_1_97' title="bbox 2272 3581 3435 3663">
    <p class='ocr_par' dir='ltr' id='par_1_97' title="bbox 2272 3581 3435 3663">
     <span class='ocr_line' id='line_1_97' title="bbox 2272 3581 3435 3663; baseline -0.013 -15"><span class='ocrx_word' id='word_1_800' title='bbox 2272 3606 2491 3663; x_wconf 87' lang='lat' dir='ltr'><strong>accepto</strong></span> <span class='ocrx_word' id='word_1_801' title='bbox 2511 3635 2525 3655; x_wconf 91' lang='lat'><strong>,</strong></span> <span class='ocrx_word' id='word_1_802' title='bbox 2551 3592 2704 3645; x_wconf 89' lang='lat' dir='ltr'><strong>rediit</strong></span> <span class='ocrx_word' id='word_1_803' title='bbox 2731 3605 2849 3642; x_wconf 91' lang='lat' dir='ltr'><strong>cum</strong></span> <span class='ocrx_word' id='word_1_804' title='bbox 2884 3586 3177 3640; x_wconf 84' lang='lat' dir='ltr'><strong>innumeris</strong></span> <span class='ocrx_word' id='word_1_805' title='bbox 3202 3581 3435 3636; x_wconf 88' lang='lat' dir='ltr'><strong>coronis.</strong></span> 
     </span>
    </p>
   </div>
   <div class='ocr_carea' id='block_1_98' title="bbox 2349 3669 3877 3751">
    <p class='ocr_par' dir='ltr' id='par_1_98' title="bbox 2349 3669 3877 3751">
     <span class='ocr_line' id='line_1_98' title="bbox 2349 3669 3877 3751; baseline -0.012 -14"><span class='ocrx_word' id='word_1_806' title='bbox 2349 3684 2674 3751; x_wconf 80' lang='lat' dir='ltr'><strong>Sacriﬁcium</strong></span> <span class='ocrx_word' id='word_1_807' title='bbox 2727 3679 2942 3732; x_wconf 71' lang='lat' dir='ltr'><strong>Abrahae</strong></span> <span class='ocrx_word' id='word_1_808' title='bbox 2987 3677 3152 3747; x_wconf 87' lang='lat' dir='ltr'><strong>ﬁgura</strong></span> <span class='ocrx_word' id='word_1_809' title='bbox 3182 3674 3363 3726; x_wconf 83' lang='lat' dir='ltr'><strong>crucis.</strong></span> <span class='ocrx_word' id='word_1_810' title='bbox 3396 3701 3467 3709; x_wconf 91' lang='lat'>—</span> <span class='ocrx_word' id='word_1_811' title='bbox 3504 3669 3629 3723; x_wconf 71' lang='lat' dir='ltr'><strong>llec</strong></span> <span class='ocrx_word' id='word_1_812' title='bbox 3681 3678 3877 3718; x_wconf 82' lang='lat' dir='ltr'><strong>autem</strong></span> 
     </span>
    </p>
   </div>
   <div class='ocr_carea' id='block_1_99' title="bbox 2277 3761 3883 3842">
    <p class='ocr_par' dir='ltr' id='par_1_99' title="bbox 2277 3761 3883 3842">
     <span class='ocr_line' id='line_1_99' title="bbox 2277 3761 3883 3842; baseline -0.012 -13"><span class='ocrx_word' id='word_1_813' title='bbox 2277 3778 2454 3831; x_wconf 84' lang='lat' dir='ltr'><strong>eiiinia</strong></span> <span class='ocrx_word' id='word_1_814' title='bbox 2506 3776 2670 3842; x_wconf 83' lang='lat' dir='ltr'><strong>figura</strong></span> <span class='ocrx_word' id='word_1_815' title='bbox 2718 3772 2931 3826; x_wconf 89' lang='lat' dir='ltr'><strong>fuerunt</strong></span> <span class='ocrx_word' id='word_1_816' title='bbox 2973 3768 3168 3823; x_wconf 86' lang='lat' dir='ltr'><strong>crucis.</strong></span> <span class='ocrx_word' id='word_1_817' title='bbox 3200 3767 3483 3831; x_wconf 81' lang='lat' dir='ltr'><strong>Propterea</strong></span> <span class='ocrx_word' id='word_1_818' title='bbox 3537 3775 3587 3815; x_wconf 85' lang='lat' dir='ltr'><strong>et</strong></span> <span class='ocrx_word' id='word_1_819' title='bbox 3620 3761 3883 3813; x_wconf 62' lang='lat' dir='ltr'><strong>Christus</strong></span> 
     </span>
    </p>
   </div>
   <div class='ocr_carea' id='block_1_100' title="bbox 2277 3856 3881 3930">
    <p class='ocr_par' dir='ltr' id='par_1_100' title="bbox 2277 3856 3881 3930">
     <span class='ocr_line' id='line_1_100' title="bbox 2277 3856 3881 3930; baseline -0.014 -5"><span class='ocrx_word' id='word_1_820' title='bbox 2277 3871 2475 3925; x_wconf 71' lang='lat' dir='ltr'><strong>Judmis</strong></span> <span class='ocrx_word' id='word_1_821' title='bbox 2517 3867 2725 3921; x_wconf 87' lang='lat' dir='ltr'><strong>dicebat</strong></span> <span class='ocrx_word' id='word_1_822' title='bbox 2759 3882 2773 3919; x_wconf 89' lang='lat'><strong>:</strong></span> <span class='ocrx_word' id='word_1_823' title='bbox 2806 3863 3059 3917; x_wconf 87' lang='lat' dir='ltr'><strong>Abraham</strong></span> <span class='ocrx_word' id='word_1_824' title='bbox 3104 3870 3245 3930; x_wconf 88' lang='lat' dir='ltr'><strong>pater</strong></span> <span class='ocrx_word' id='word_1_825' title='bbox 3280 3871 3439 3911; x_wconf 70' lang='lat' dir='ltr'><strong>vester</strong></span> <span class='ocrx_word' id='word_1_826' title='bbox 3468 3856 3729 3909; x_wconf 71' lang='lat' dir='ltr'><strong>exsultavit</strong></span> <span class='ocrx_word' id='word_1_827' title='bbox 3751 3894 3768 3915; x_wconf 88' lang='lat'><strong>,</strong></span> <span class='ocrx_word' id='word_1_828' title='bbox 3820 3864 3881 3903; x_wconf 84' lang='lat' dir='ltr'><strong>ut</strong></span> 
     </span>
    </p>
   </div>
   <div class='ocr_carea' id='block_1_101' title="bbox 2280 3945 3881 4021">
    <p class='ocr_par' dir='ltr' id='par_1_101' title="bbox 2280 3945 3881 4021">
     <span class='ocr_line' id='line_1_101' title="bbox 2280 3945 3881 4021; baseline -0.012 -6"><span class='ocrx_word' id='word_1_829' title='bbox 2280 3964 2467 4015; x_wconf 83' lang='lat' dir='ltr'><strong>videret</strong></span> <span class='ocrx_word' id='word_1_830' title='bbox 2490 3959 2620 4012; x_wconf 89' lang='lat' dir='ltr'><strong>diem</strong></span> <span class='ocrx_word' id='word_1_831' title='bbox 2645 3964 2915 4019; x_wconf 87' lang='lat' dir='ltr'><strong>meum;et</strong></span> <span class='ocrx_word' id='word_1_832' title='bbox 2940 3954 3092 4016; x_wconf 88' lang='lat' dir='ltr'><strong>vidit,</strong></span> <span class='ocrx_word' id='word_1_833' title='bbox 3145 3962 3188 4004; x_wconf 90' lang='lat' dir='ltr'><strong>ct</strong></span> <span class='ocrx_word' id='word_1_834' title='bbox 3215 3952 3413 4021; x_wconf 87' lang='lat' dir='ltr'><strong>gavisus</strong></span> <span class='ocrx_word' id='word_1_835' title='bbox 3471 3958 3539 4001; x_wconf 87' lang='lat' dir='ltr'><strong>est</strong></span> <span class='ocrx_word' id='word_1_836' title='bbox 3595 3945 3775 4014; x_wconf 76' lang='lat' dir='ltr'><strong>(Joan.</strong></span> <span class='ocrx_word' id='word_1_837' title='bbox 3818 3946 3881 3998; x_wconf 84' lang='lat'><strong>8.</strong></span> 
     </span>
    </p>
   </div>
   <div class='ocr_carea' id='block_1_102' title="bbox 2280 4035 3885 4119">
    <p class='ocr_par' dir='ltr' id='par_1_102' title="bbox 2280 4035 3885 4119">
     <span class='ocr_line' id='line_1_102' title="bbox 2280 4035 3885 4119; baseline -0.012 -13"><span class='ocrx_word' id='word_1_838' title='bbox 2280 4054 2394 4119; x_wconf 81' lang='lat'><strong>56).</strong></span> <span class='ocrx_word' id='word_1_839' title='bbox 2450 4047 2728 4115; x_wconf 85' lang='lat' dir='ltr'><strong>Quomodo</strong></span> <span class='ocrx_word' id='word_1_840' title='bbox 2776 4045 2935 4107; x_wconf 85' lang='lat' dir='ltr'><strong>vidit,</strong></span> <span class='ocrx_word' id='word_1_841' title='bbox 2987 4043 3074 4111; x_wconf 93' lang='lat' dir='ltr'><strong>qui</strong></span> <span class='ocrx_word' id='word_1_842' title='bbox 3132 4051 3206 4093; x_wconf 90' lang='lat' dir='ltr'><strong>tot</strong></span> <span class='ocrx_word' id='word_1_843' title='bbox 3236 4040 3389 4091; x_wconf 87' lang='lat' dir='ltr'><strong>annis</strong></span> <span class='ocrx_word' id='word_1_844' title='bbox 3419 4036 3725 4105; x_wconf 64' lang='lat' dir='ltr'><strong>praecessit?</strong></span> <span class='ocrx_word' id='word_1_845' title='bbox 3761 4035 3885 4087; x_wconf 87' lang='lat' dir='ltr'><strong>I’er</strong></span> 
     </span>
    </p>
   </div>
   <div class='ocr_carea' id='block_1_103' title="bbox 2286 4128 3887 4213">
    <p class='ocr_par' dir='ltr' id='par_1_103' title="bbox 2286 4128 3887 4213">
     <span class='ocr_line' id='line_1_103' title="bbox 2286 4128 3887 4213; baseline -0.011 -17"><span class='ocrx_word' id='word_1_846' title='bbox 2286 4144 2528 4213; x_wconf 82' lang='lat' dir='ltr'><strong>figuram,</strong></span> <span class='ocrx_word' id='word_1_847' title='bbox 2562 4155 2655 4208; x_wconf 89' lang='lat' dir='ltr'><strong>per</strong></span> <span class='ocrx_word' id='word_1_848' title='bbox 2684 4136 2947 4191; x_wconf 87' lang='lat' dir='ltr'><strong>umbram.</strong></span> <span class='ocrx_word' id='word_1_849' title='bbox 2976 4132 3127 4188; x_wconf 83' lang='lat' dir='ltr'><strong>Sicut</strong></span> <span class='ocrx_word' id='word_1_850' title='bbox 3154 4132 3296 4183; x_wconf 89' lang='lat' dir='ltr'><strong>enim</strong></span> <span class='ocrx_word' id='word_1_851' title='bbox 3329 4130 3413 4181; x_wconf 90' lang='lat' dir='ltr'><strong>hie</strong></span> <span class='ocrx_word' id='word_1_852' title='bbox 3434 4130 3549 4181; x_wconf 75' lang='lat' dir='ltr'><strong>ovis</strong></span> <span class='ocrx_word' id='word_1_853' title='bbox 3576 4128 3749 4179; x_wconf 81' lang='lat' dir='ltr'><strong>oblata</strong></span> <span class='ocrx_word' id='word_1_854' title='bbox 3790 4134 3887 4179; x_wconf 83' lang='lat' dir='ltr'><strong>est</strong></span> 
     </span>
    </p>
   </div>
   <div class='ocr_carea' id='block_1_104' title="bbox 2286 4218 3882 4306">
    <p class='ocr_par' dir='ltr' id='par_1_104' title="bbox 2286 4218 3882 4306">
     <span class='ocr_line' id='line_1_104' title="bbox 2286 4218 3882 4306; baseline -0.013 -15"><span class='ocrx_word' id='word_1_855' title='bbox 2286 4253 2383 4306; x_wconf 92' lang='lat' dir='ltr'><strong>pro</strong></span> <span class='ocrx_word' id='word_1_856' title='bbox 2403 4237 2567 4299; x_wconf 87' lang='lat' dir='ltr'><strong>Isaac,</strong></span> <span class='ocrx_word' id='word_1_857' title='bbox 2586 4233 2657 4286; x_wconf 85' lang='lat' dir='ltr'><strong>ita</strong></span> <span class='ocrx_word' id='word_1_858' title='bbox 2680 4241 2732 4285; x_wconf 93' lang='lat' dir='ltr'><strong>et</strong></span> <span class='ocrx_word' id='word_1_859' title='bbox 2749 4227 3019 4283; x_wconf 80' lang='lat' dir='ltr'><strong>rationalia</strong></span> <span class='ocrx_word' id='word_1_860' title='bbox 3035 4241 3200 4294; x_wconf 83' lang='lat' dir='ltr'><strong>agnus</strong></span> <span class='ocrx_word' id='word_1_861' title='bbox 3216 4224 3422 4277; x_wconf 77' lang='lat' dir='ltr'><strong>oblatus</strong></span> <span class='ocrx_word' id='word_1_862' title='bbox 3433 4230 3513 4274; x_wconf 89' lang='lat' dir='ltr'><strong>est</strong></span> <span class='ocrx_word' id='word_1_863' title='bbox 3530 4237 3623 4289; x_wconf 91' lang='lat' dir='ltr'><strong>pro</strong></span> <span class='ocrx_word' id='word_1_864' title='bbox 3645 4218 3882 4271; x_wconf 82' lang='lat' dir='ltr'><strong>mundo.</strong></span> 
     </span>
    </p>
   </div>
   <div class='ocr_carea' id='block_1_105' title="bbox 2285 4312 3886 4396">
    <p class='ocr_par' dir='ltr' id='par_1_105' title="bbox 2285 4312 3886 4396">
     <span class='ocr_line' id='line_1_105' title="bbox 2285 4312 3886 4396; baseline -0.012 -13"><span class='ocrx_word' id='word_1_865' title='bbox 2285 4326 2572 4396; x_wconf 82' lang='lat' dir='ltr'><strong>Oportebat</strong></span> <span class='ocrx_word' id='word_1_866' title='bbox 2594 4318 2734 4377; x_wconf 88' lang='lat' dir='ltr'><strong>enim</strong></span> <span class='ocrx_word' id='word_1_867' title='bbox 2759 4322 2808 4373; x_wconf 91' lang='lat' dir='ltr'><strong>in</strong></span> <span class='ocrx_word' id='word_1_868' title='bbox 2840 4318 3022 4372; x_wconf 91' lang='lat' dir='ltr'><strong>umbra</strong></span> <span class='ocrx_word' id='word_1_869' title='bbox 3050 4316 3279 4371; x_wconf 87' lang='lat' dir='ltr'><strong>describi</strong></span> <span class='ocrx_word' id='word_1_870' title='bbox 3300 4324 3354 4367; x_wconf 90' lang='lat' dir='ltr'><strong>et</strong></span> <span class='ocrx_word' id='word_1_871' title='bbox 3381 4312 3685 4383; x_wconf 66' lang='lat' dir='ltr'><strong>przesignari</strong></span> <span class='ocrx_word' id='word_1_872' title='bbox 3709 4320 3886 4363; x_wconf 84' lang='lat' dir='ltr'><strong>antea</strong></span> 
     </span>
    </p>
   </div>
   <div class='ocr_carea' id='block_1_106' title="bbox 2286 4404 3888 4479">
    <p class='ocr_par' dir='ltr' id='par_1_106' title="bbox 2286 4404 3888 4479">
     <span class='ocr_line' id='line_1_106' title="bbox 2286 4404 3888 4479; baseline -0.016 -5"><span class='ocrx_word' id='word_1_873' title='bbox 2286 4420 2583 4474; x_wconf 88' lang='lat' dir='ltr'><strong>veritatem.</strong></span> <span class='ocrx_word' id='word_1_874' title='bbox 2632 4413 2762 4467; x_wconf 74' lang='lat' dir='ltr'><strong>Vide</strong></span> <span class='ocrx_word' id='word_1_875' title='bbox 2804 4424 3072 4479; x_wconf 88' lang='lat' dir='ltr'><strong>namque,</strong></span> <span class='ocrx_word' id='word_1_876' title='bbox 3115 4408 3357 4469; x_wconf 86' lang='lat' dir='ltr'><strong>obsecro,</strong></span> <span class='ocrx_word' id='word_1_877' title='bbox 3388 4404 3687 4464; x_wconf 85' lang='lat' dir='ltr'><strong>carissime,</strong></span> <span class='ocrx_word' id='word_1_878' title='bbox 3735 4417 3888 4469; x_wconf 82' lang='lat' dir='ltr'><strong>qun-</strong></span> 
     </span>
    </p>
   </div>
   <div class='ocr_carea' id='block_1_107' title="bbox 2288 4492 3889 4572">
    <p class='ocr_par' dir='ltr' id='par_1_107' title="bbox 2288 4492 3889 4572">
     <span class='ocr_line' id='line_1_107' title="bbox 2288 4492 3889 4572; baseline -0.014 -8"><span class='ocrx_word' id='word_1_879' title='bbox 2288 4510 2447 4565; x_wconf 88' lang='lat' dir='ltr'><strong>modo</strong></span> <span class='ocrx_word' id='word_1_880' title='bbox 2473 4505 2649 4559; x_wconf 87' lang='lat' dir='ltr'><strong>omnia</strong></span> <span class='ocrx_word' id='word_1_881' title='bbox 2678 4518 2770 4572; x_wconf 89' lang='lat' dir='ltr'><strong>per</strong></span> <span class='ocrx_word' id='word_1_882' title='bbox 2791 4501 3031 4554; x_wconf 87' lang='lat' dir='ltr'><strong>umbram</strong></span> <span class='ocrx_word' id='word_1_883' title='bbox 3061 4498 3389 4566; x_wconf 74' lang='lat' dir='ltr'><strong>pneligurata</strong></span> <span class='ocrx_word' id='word_1_884' title='bbox 3427 4504 3550 4547; x_wconf 90' lang='lat' dir='ltr'><strong>sunt</strong></span> <span class='ocrx_word' id='word_1_885' title='bbox 3582 4511 3596 4543; x_wconf 91' lang='lat'><strong>:</strong></span> <span class='ocrx_word' id='word_1_886' title='bbox 3627 4492 3889 4557; x_wconf 76' lang='lat' dir='ltr'><strong>unigeni-</strong></span> 
     </span>
    </p>
   </div>
   <div class='ocr_carea' id='block_1_108' title="bbox 2288 4589 3889 4669">
    <p class='ocr_par' dir='ltr' id='par_1_108' title="bbox 2288 4589 3889 4669">
     <span class='ocr_line' id='line_1_108' title="bbox 2288 4589 3889 4669; baseline -0.011 -10"><span class='ocrx_word' id='word_1_887' title='bbox 2288 4615 2372 4659; x_wconf 86' lang='lat' dir='ltr'><strong>tus</strong></span> <span class='ocrx_word' id='word_1_888' title='bbox 2428 4604 2576 4665; x_wconf 87' lang='lat' dir='ltr'><strong>illic,</strong></span> <span class='ocrx_word' id='word_1_889' title='bbox 2627 4612 2681 4657; x_wconf 85' lang='lat' dir='ltr'><strong>et</strong></span> <span class='ocrx_word' id='word_1_890' title='bbox 2737 4598 3039 4669; x_wconf 83' lang='lat' dir='ltr'><strong>uuigenitus</strong></span> <span class='ocrx_word' id='word_1_891' title='bbox 3090 4598 3173 4649; x_wconf 89' lang='lat' dir='ltr'><strong>hic</strong></span> <span class='ocrx_word' id='word_1_892' title='bbox 3245 4596 3355 4663; x_wconf 87' lang='lat' dir='ltr'><strong>(a);</strong></span> <span class='ocrx_word' id='word_1_893' title='bbox 3400 4592 3627 4645; x_wconf 86' lang='lat' dir='ltr'><strong>dilectus</strong></span> <span class='ocrx_word' id='word_1_894' title='bbox 3674 4589 3786 4642; x_wconf 88' lang='lat' dir='ltr'><strong>illic</strong></span> <span class='ocrx_word' id='word_1_895' title='bbox 3831 4599 3889 4642; x_wconf 70' lang='lat' dir='ltr'><strong>et</strong></span> 
     </span>
    </p>
   </div>
   <div class='ocr_carea' id='block_1_109' title="bbox 2287 4682 3891 4767">
    <p class='ocr_par' dir='ltr' id='par_1_109' title="bbox 2287 4682 3891 4767">
     <span class='ocr_line' id='line_1_109' title="bbox 2287 4682 3891 4767; baseline -0.01 -16"><span class='ocrx_word' id='word_1_896' title='bbox 2287 4710 2590 4767; x_wconf 88' lang='lat' dir='ltr'><strong>germanus,</strong></span> <span class='ocrx_word' id='word_1_897' title='bbox 2627 4695 2853 4749; x_wconf 86' lang='lat' dir='ltr'><strong>dilectus</strong></span> <span class='ocrx_word' id='word_1_898' title='bbox 2895 4700 2949 4745; x_wconf 90' lang='lat' dir='ltr'><strong>et</strong></span> <span class='ocrx_word' id='word_1_899' title='bbox 2986 4692 3069 4744; x_wconf 90' lang='lat' dir='ltr'><strong>hic</strong></span> <span class='ocrx_word' id='word_1_900' title='bbox 3110 4704 3171 4742; x_wconf 75' lang='lat' dir='ltr'><strong>ac</strong></span> <span class='ocrx_word' id='word_1_901' title='bbox 3212 4701 3519 4756; x_wconf 82' lang='lat' dir='ltr'><strong>germanus.</strong></span> <span class='ocrx_word' id='word_1_902' title='bbox 3580 4682 3679 4735; x_wconf 83' lang='lat' dir='ltr'><strong>Hic</strong></span> <span class='ocrx_word' id='word_1_903' title='bbox 3727 4697 3891 4735; x_wconf 74' lang='grc' dir='ltr'>ειιιιη</span> 
     </span>
    </p>
   </div>
   <div class='ocr_carea' id='block_1_110' title="bbox 2288 4772 3892 4849">
    <p class='ocr_par' dir='ltr' id='par_1_110' title="bbox 2288 4772 3892 4849">
     <span class='ocr_line' id='line_1_110' title="bbox 2288 4772 3892 4849; baseline -0.012 -7"><span class='ocrx_word' id='word_1_904' title='bbox 2288 4799 2358 4842; x_wconf 77' lang='lat' dir='ltr'><strong>est</strong></span> <span class='ocrx_word' id='word_1_905' title='bbox 2415 4787 2582 4839; x_wconf 83' lang='lat' dir='ltr'><strong>Filius</strong></span> <span class='ocrx_word' id='word_1_906' title='bbox 2609 4802 2745 4839; x_wconf 90' lang='lat' dir='ltr'><strong>meus</strong></span> <span class='ocrx_word' id='word_1_907' title='bbox 2798 4782 3115 4846; x_wconf 80' lang='lat' dir='ltr'><strong>dilectus,iu</strong></span> <span class='ocrx_word' id='word_1_908' title='bbox 3143 4796 3241 4849; x_wconf 91' lang='lat' dir='ltr'><strong>quo</strong></span> <span class='ocrx_word' id='word_1_909' title='bbox 3279 4778 3401 4829; x_wconf 88' lang='lat' dir='ltr'><strong>mihi</strong></span> <span class='ocrx_word' id='word_1_910' title='bbox 3432 4777 3552 4829; x_wconf 87' lang='lat' dir='ltr'><strong>bene</strong></span> <span class='ocrx_word' id='word_1_911' title='bbox 3593 4772 3892 4841; x_wconf 71' lang='lat' dir='ltr'><strong>complacai</strong></span> 
     </span>
    </p>
   </div>
   <div class='ocr_carea' id='block_1_111' title="bbox 2291 4863 3888 4951">
    <p class='ocr_par' dir='ltr' id='par_1_111' title="bbox 2291 4863 3888 4951">
     <span class='ocr_line' id='line_1_111' title="bbox 2291 4863 3888 4951; baseline -0.012 -20"><span class='ocrx_word' id='word_1_912' title='bbox 2291 4879 2504 4951; x_wconf 73' lang='lat' dir='ltr'><strong>(Matth.</strong></span> <span class='ocrx_word' id='word_1_913' title='bbox 2555 4874 2752 4947; x_wconf 66' lang='lat'><strong>3.17).</strong></span> <span class='ocrx_word' id='word_1_914' title='bbox 2806 4876 2849 4928; x_wconf 77' lang='grc' dir='ltr'><strong>Δ</strong></span> <span class='ocrx_word' id='word_1_915' title='bbox 2902 4886 3051 4943; x_wconf 86' lang='lat' dir='ltr'><strong>patre</strong></span> <span class='ocrx_word' id='word_1_916' title='bbox 3082 4873 3167 4925; x_wconf 89' lang='lat' dir='ltr'><strong>ille</strong></span> <span class='ocrx_word' id='word_1_917' title='bbox 3210 4872 3259 4923; x_wconf 90' lang='lat' dir='ltr'><strong>in</strong></span> <span class='ocrx_word' id='word_1_918' title='bbox 3329 4868 3696 4923; x_wconf 81' lang='lat' dir='ltr'><strong>holocaustum</strong></span> <span class='ocrx_word' id='word_1_919' title='bbox 3745 4863 3888 4915; x_wconf 70' lang='lat' dir='ltr'><strong>olfe-</strong></span> 
     </span>
    </p>
   </div>
   <div class='ocr_carea' id='block_1_112' title="bbox 2291 4956 3897 5031">
    <p class='ocr_par' dir='ltr' id='par_1_112' title="bbox 2291 4956 3897 5031">
     <span class='ocr_line' id='line_1_112' title="bbox 2291 4956 3897 5031; baseline -0.012 -6"><span class='ocrx_word' id='word_1_920' title='bbox 2291 4973 2544 5031; x_wconf 82' lang='lat' dir='ltr'><strong>rebatur.</strong></span> <span class='ocrx_word' id='word_1_921' title='bbox 2599 4977 2654 5021; x_wconf 93' lang='lat' dir='ltr'><strong>et</strong></span> <span class='ocrx_word' id='word_1_922' title='bbox 2712 4969 2851 5019; x_wconf 89' lang='lat' dir='ltr'><strong>hunc</strong></span> <span class='ocrx_word' id='word_1_923' title='bbox 2897 4966 3051 5017; x_wconf 89' lang='lat' dir='ltr'><strong>Pater</strong></span> <span class='ocrx_word' id='word_1_924' title='bbox 3113 4961 3345 5015; x_wconf 84' lang='lat' dir='ltr'><strong>tradidit.</strong></span> <span class='ocrx_word' id='word_1_925' title='bbox 3401 4959 3469 5012; x_wconf 86' lang='lat' dir='ltr'><strong>Et</strong></span> <span class='ocrx_word' id='word_1_926' title='bbox 3529 4957 3629 5009; x_wconf 90' lang='lat' dir='ltr'><strong>hoc</strong></span> <span class='ocrx_word' id='word_1_927' title='bbox 3683 4956 3897 5007; x_wconf 72' lang='lat' dir='ltr'><strong>clamat</strong></span> 
     </span>
    </p>
   </div>
   <div class='ocr_carea' id='block_1_113' title="bbox 2294 5046 3894 5125">
    <p class='ocr_par' dir='ltr' id='par_1_113' title="bbox 2294 5046 3894 5125">
     <span class='ocr_line' id='line_1_113' title="bbox 2294 5046 3894 5125; baseline -0.014 -8"><span class='ocrx_word' id='word_1_928' title='bbox 2294 5063 2487 5117; x_wconf 85' lang='lat' dir='ltr'><strong>Paulus</strong></span> <span class='ocrx_word' id='word_1_929' title='bbox 2519 5061 2700 5114; x_wconf 92' lang='lat' dir='ltr'><strong>dicens</strong></span> <span class='ocrx_word' id='word_1_930' title='bbox 2732 5077 2743 5112; x_wconf 92' lang='lat'>:</span> <span class='ocrx_word' id='word_1_931' title='bbox 2789 5058 2888 5124; x_wconf 84' lang='lat' dir='ltr'><strong>Qui</strong></span> <span class='ocrx_word' id='word_1_932' title='bbox 2944 5056 3146 5125; x_wconf 84' lang='lat' dir='ltr'><strong>proprio</strong></span> <span class='ocrx_word' id='word_1_933' title='bbox 3180 5052 3313 5105; x_wconf 84' lang='lat' dir='ltr'><strong>Filio</strong></span> <span class='ocrx_word' id='word_1_934' title='bbox 3344 5068 3436 5103; x_wconf 89' lang='lat' dir='ltr'><strong>suo</strong></span> <span class='ocrx_word' id='word_1_935' title='bbox 3470 5066 3571 5101; x_wconf 85' lang='lat' dir='ltr'><strong>non</strong></span> <span class='ocrx_word' id='word_1_936' title='bbox 3619 5046 3894 5116; x_wconf 73' lang='lat' dir='ltr'><strong>pepercit,</strong></span> 
     </span>
    </p>
   </div>
   <div class='ocr_carea' id='block_1_114' title="bbox 2292 5139 3896 5222">
    <p class='ocr_par' dir='ltr' id='par_1_114' title="bbox 2292 5139 3896 5222">
     <span class='ocr_line' id='line_1_114' title="bbox 2292 5139 3896 5222; baseline -0.012 -13"><span class='ocrx_word' id='word_1_937' title='bbox 2292 5157 2379 5209; x_wconf 82' lang='lat' dir='ltr'><strong>sed</strong></span> <span class='ocrx_word' id='word_1_938' title='bbox 2420 5170 2510 5222; x_wconf 88' lang='lat' dir='ltr'><strong>pro</strong></span> <span class='ocrx_word' id='word_1_939' title='bbox 2553 5153 2693 5205; x_wconf 83' lang='lat' dir='ltr'><strong>nobis</strong></span> <span class='ocrx_word' id='word_1_940' title='bbox 2738 5149 2966 5203; x_wconf 84' lang='lat' dir='ltr'><strong>ontuibus</strong></span> <span class='ocrx_word' id='word_1_941' title='bbox 2995 5147 3201 5200; x_wconf 83' lang='lat' dir='ltr'><strong>tradidit</strong></span> <span class='ocrx_word' id='word_1_942' title='bbox 3246 5144 3390 5197; x_wconf 88' lang='lat' dir='ltr'><strong>illum</strong></span> <span class='ocrx_word' id='word_1_943' title='bbox 3418 5158 3437 5195; x_wconf 92' lang='lat'><strong><em>:</em></strong></span> <span class='ocrx_word' id='word_1_944' title='bbox 3475 5139 3723 5208; x_wconf 82' lang='lat' dir='ltr'><strong>quomodo</strong></span> <span class='ocrx_word' id='word_1_945' title='bbox 3780 5154 3896 5190; x_wconf 48' lang='lat' dir='ltr'><strong>non</strong></span> 
     </span>
    </p>
   </div>
   <div class='ocr_carea' id='block_1_115' title="bbox 2294 5227 3897 5301">
    <p class='ocr_par' dir='ltr' id='par_1_115' title="bbox 2294 5227 3897 5301">
     <span class='ocr_line' id='line_1_115' title="bbox 2294 5227 3897 5301; baseline -0.013 -2"><span class='ocrx_word' id='word_1_946' title='bbox 2294 5258 2338 5299; x_wconf 75' lang='lat' dir='ltr'><strong>et</strong></span> <span class='ocrx_word' id='word_1_947' title='bbox 2361 5262 2473 5298; x_wconf 85' lang='lat' dir='ltr'><strong>cum</strong></span> <span class='ocrx_word' id='word_1_948' title='bbox 2494 5244 2582 5296; x_wconf 86' lang='lat' dir='ltr'><strong>illo</strong></span> <span class='ocrx_word' id='word_1_949' title='bbox 2610 5242 2777 5295; x_wconf 88' lang='lat' dir='ltr'><strong>omnia</strong></span> <span class='ocrx_word' id='word_1_950' title='bbox 2802 5240 2941 5292; x_wconf 89' lang='lat' dir='ltr'><strong>nobis</strong></span> <span class='ocrx_word' id='word_1_951' title='bbox 2970 5240 3179 5290; x_wconf 86' lang='lat' dir='ltr'><strong>daturus</strong></span> <span class='ocrx_word' id='word_1_952' title='bbox 3203 5243 3273 5287; x_wconf 84' lang='lat' dir='ltr'><strong>est</strong></span> <span class='ocrx_word' id='word_1_953' title='bbox 3301 5233 3477 5301; x_wconf 78' lang='lat' dir='ltr'><strong>(Rom.</strong></span> <span class='ocrx_word' id='word_1_954' title='bbox 3502 5232 3552 5284; x_wconf 91' lang='lat'><strong>8.</strong></span> <span class='ocrx_word' id='word_1_955' title='bbox 3575 5231 3665 5297; x_wconf 74' lang='lat'><strong>3‘2)</strong></span> <span class='ocrx_word' id='word_1_956' title='bbox 3689 5228 3709 5279; x_wconf 83' lang='lat'><strong>?</strong></span> <span class='ocrx_word' id='word_1_957' title='bbox 3734 5227 3897 5279; x_wconf 79' lang='lat' dir='ltr'><strong>linc-</strong></span> 
     </span>
    </p>
   </div>
   <div class='ocr_carea' id='block_1_116' title="bbox 2296 5318 3897 5406">
    <p class='ocr_par' dir='ltr' id='par_1_116' title="bbox 2296 5318 3897 5406">
     <span class='ocr_line' id='line_1_116' title="bbox 2296 5318 3897 5406; baseline -0.012 -16"><span class='ocrx_word' id='word_1_958' title='bbox 2296 5353 2464 5406; x_wconf 75' lang='lat' dir='ltr'><strong>usque</strong></span> <span class='ocrx_word' id='word_1_959' title='bbox 2502 5334 2719 5396; x_wconf 85' lang='lat' dir='ltr'><strong>umbra;</strong></span> <span class='ocrx_word' id='word_1_960' title='bbox 2762 5344 2942 5401; x_wconf 73' lang='lat' dir='ltr'><strong>postea</strong></span> <span class='ocrx_word' id='word_1_961' title='bbox 2988 5342 3161 5381; x_wconf 88' lang='lat' dir='ltr'><strong>rerum</strong></span> <span class='ocrx_word' id='word_1_962' title='bbox 3203 5326 3398 5378; x_wconf 76' lang='lat' dir='ltr'><strong>veritas</strong></span> <span class='ocrx_word' id='word_1_963' title='bbox 3426 5323 3583 5389; x_wconf 80' lang='lat' dir='ltr'><strong>longe</strong></span> <span class='ocrx_word' id='word_1_964' title='bbox 3609 5318 3897 5371; x_wconf 72' lang='lat' dir='ltr'><strong>excellet:-</strong></span> 
     </span>
    </p>
   </div>
   <div class='ocr_carea' id='block_1_117' title="bbox 2298 5412 3897 5489">
    <p class='ocr_par' dir='ltr' id='par_1_117' title="bbox 2298 5412 3897 5489">
     <span class='ocr_line' id='line_1_117' title="bbox 2298 5412 3897 5489; baseline -0.014 -9"><span class='ocrx_word' id='word_1_965' title='bbox 2298 5430 2398 5480; x_wconf 75' lang='lat' dir='ltr'><strong>tior</strong></span> <span class='ocrx_word' id='word_1_966' title='bbox 2447 5435 2789 5479; x_wconf 80' lang='lat' dir='ltr'><strong>monstratur.</strong></span> <span class='ocrx_word' id='word_1_967' title='bbox 2823 5423 3003 5489; x_wconf 82' lang='lat' dir='ltr'><strong>Agnus</strong></span> <span class='ocrx_word' id='word_1_968' title='bbox 3032 5419 3173 5471; x_wconf 90' lang='lat' dir='ltr'><strong>enim</strong></span> <span class='ocrx_word' id='word_1_969' title='bbox 3202 5417 3290 5469; x_wconf 86' lang='lat' dir='ltr'><strong>hic</strong></span> <span class='ocrx_word' id='word_1_970' title='bbox 3327 5412 3602 5467; x_wconf 87' lang='lat' dir='ltr'><strong>rationalis</strong></span> <span class='ocrx_word' id='word_1_971' title='bbox 3640 5425 3736 5477; x_wconf 85' lang='lat' dir='ltr'><strong>pro</strong></span> <span class='ocrx_word' id='word_1_972' title='bbox 3766 5418 3897 5461; x_wconf 80' lang='lat' dir='ltr'><strong>toto</strong></span> 
     </span>
    </p>
   </div>
   <div class='ocr_carea' id='block_1_118' title="bbox 2297 5502 3896 5575">
    <p class='ocr_par' dir='ltr' id='par_1_118' title="bbox 2297 5502 3896 5575">
     <span class='ocr_line' id='line_1_118' title="bbox 2297 5502 3896 5575; baseline -0.013 -2"><span class='ocrx_word' id='word_1_973' title='bbox 2297 5519 2494 5573; x_wconf 89' lang='lat' dir='ltr'><strong>mundo</strong></span> <span class='ocrx_word' id='word_1_974' title='bbox 2519 5518 2725 5571; x_wconf 87' lang='lat' dir='ltr'><strong>oblatus</strong></span> <span class='ocrx_word' id='word_1_975' title='bbox 2754 5524 2869 5575; x_wconf 71' lang='lat' dir='ltr'><strong>est,</strong></span> <span class='ocrx_word' id='word_1_976' title='bbox 2910 5522 3077 5565; x_wconf 88' lang='lat' dir='ltr'><strong>totum</strong></span> <span class='ocrx_word' id='word_1_977' title='bbox 3116 5510 3298 5561; x_wconf 86' lang='lat' dir='ltr'><strong>orbem</strong></span> <span class='ocrx_word' id='word_1_978' title='bbox 3328 5517 3589 5560; x_wconf 85' lang='lat' dir='ltr'><strong>terrarum</strong></span> <span class='ocrx_word' id='word_1_979' title='bbox 3637 5502 3896 5570; x_wconf 81' lang='lat' dir='ltr'><strong>purifica-</strong></span> 
     </span>
    </p>
   </div>
   <div class='ocr_carea' id='block_1_119' title="bbox 2359 5658 3896 5734">
    <p class='ocr_par' dir='ltr' id='par_1_119' title="bbox 2359 5658 3896 5734">
     <span class='ocr_line' id='line_1_119' title="bbox 2359 5658 3896 5734; baseline -0.014 -11"><span class='ocrx_word' id='word_1_980' title='bbox 2359 5674 2431 5734; x_wconf 85' lang='lat' dir='ltr'><strong>(a)</strong></span> <span class='ocrx_word' id='word_1_981' title='bbox 2466 5674 2583 5721; x_wconf 87' lang='lat' dir='ltr'><strong>ttuic</strong></span> <span class='ocrx_word' id='word_1_982' title='bbox 2604 5670 2711 5720; x_wconf 85' lang='lat' dir='ltr'><strong>loco</strong></span> <span class='ocrx_word' id='word_1_983' title='bbox 2742 5668 3017 5734; x_wconf 77' lang='lat' dir='ltr'><strong>conferatur</strong></span> <span class='ocrx_word' id='word_1_984' title='bbox 3038 5666 3193 5734; x_wconf 84' lang='lat' dir='ltr'><strong>oratio</strong></span> <span class='ocrx_word' id='word_1_985' title='bbox 3214 5664 3296 5734; x_wconf 33' lang='lat' dir='ltr'><strong>.de_</strong></span> <span class='ocrx_word' id='word_1_986' title='bbox 3318 5663 3466 5732; x_wconf 71' lang='lat' dir='ltr'><strong>beato</strong></span> <span class='ocrx_word' id='word_1_987' title='bbox 3490 5658 3774 5734; x_wconf 49' lang='lat' dir='ltr'><strong>librabo-mo.</strong></span> <span class='ocrx_word' id='word_1_988' title='bbox 3805 5670 3896 5734; x_wconf 61' lang='lat' dir='ltr'><strong>su-</strong></span> 
     </span>
    </p>
   </div>
   <div class='ocr_carea' id='block_1_120' title="bbox 2297 5720 3898 5797">
    <p class='ocr_par' dir='ltr' id='par_1_120' title="bbox 2297 5720 3898 5797">
     <span class='ocr_line' id='line_1_120' title="bbox 2297 5720 3898 5797; baseline -0.011 -13"><span class='ocrx_word' id='word_1_989' title='bbox 2297 5720 2379 5797; x_wconf 68' lang='lat' dir='ltr'><strong>pra</strong></span> <span class='ocrx_word' id='word_1_990' title='bbox 2396 5720 2612 5788; x_wconf 10' lang='lat' dir='ltr'><strong>il‘om.rll,</strong></span> <span class='ocrx_word' id='word_1_991' title='bbox 2637 5746 2748 5794; x_wconf 72' lang='lat' dir='ltr'><strong>qua:</strong></span> <span class='ocrx_word' id='word_1_992' title='bbox 2782 5728 2975 5779; x_wconf 81' lang='lat' dir='ltr'><strong>humilia</strong></span> <span class='ocrx_word' id='word_1_993' title='bbox 3006 5730 3055 5778; x_wconf 84' lang='lat' dir='ltr'><strong>in</strong></span> <span class='ocrx_word' id='word_1_994' title='bbox 3090 5727 3254 5776; x_wconf 78' lang='lat' dir='ltr'><strong>multis</strong></span> <span class='ocrx_word' id='word_1_995' title='bbox 3286 5727 3397 5773; x_wconf 87' lang='lat' dir='ltr'><strong>huic</strong></span> <span class='ocrx_word' id='word_1_996' title='bbox 3425 5732 3604 5771; x_wconf 72' lang='lat' dir='ltr'><strong>nostra:</strong></span> <span class='ocrx_word' id='word_1_997' title='bbox 3627 5721 3783 5768; x_wconf 73' lang='lat' dir='ltr'><strong>aliinis</strong></span> <span class='ocrx_word' id='word_1_998' title='bbox 3803 5720 3898 5767; x_wconf 80' lang='lat' dir='ltr'><strong>de-</strong></span> 
     </span>
    </p>
   </div>
   <div class='ocr_carea' id='block_1_121' title="bbox 2298 5799 2645 5861">
    <p class='ocr_par' dir='ltr' id='par_1_121' title="bbox 2298 5799 2645 5861">
     <span class='ocr_line' id='line_1_121' title="bbox 2298 5799 2645 5861; baseline -0.009 -15"><span class='ocrx_word' id='word_1_999' title='bbox 2298 5799 2645 5861; x_wconf 78' lang='lat' dir='ltr'><strong>prchotulctm‘.</strong></span> 
     </span>
    </p>
   </div>
  </div>
