4084 6356
218 381 329 442 451

220 502 350 565 πῶς
376 501 436 554 οὐ
470 503 757 576 συνεγύθη,
809 507 929 572 πῶς
981 509 1179 581 ἤνεγκε
1229 515 1650 582 ταμιεύσασθαι,
1700 513 1794 566 καὶ
1830 511 1905 583 μὴ

219 587 532 659 κατάδηλον
577 593 801 663 ποιῆσαι
847 595 926 666 τῷ
955 598 1106 651 παιδὶ
1139 598 1200 650 τὸ
1242 599 1433 670 μέλλον
1482 601 1723 665 ἔσεσθαι,
1770 600 1908 654 ἀλλά

221 691 367 746 φησι
406 679 640 750 γενναίῳ
661 683 968 752 φρονήματι
997 686 1092 738 καὶ
1113 685 1330 758 ἀνδρεία
1358 693 1424 760 τῇ
1452 688 1622 760 ψυχῇ·
1664 689 1728 740 '0
1759 687 1904 753 Θεὸς

220 761 442 829 ὄψεται
488 765 679 832 ἐαυτῷ
721 771 1016 836 πρόϐατον
1055 775 1141 838 εὶς
1181 775 1623 843 όλοκάρπωσιν,
1657 777 1898 830 τέκνον.

220 845 375 919 Ὀρα
407 851 498 904 καὶ
525 853 759 906 ἐνταῦθα
781 856 900 919 πῶς
924 858 1022 911 ούκ
1047 859 1202 924 εἰδὼς
1228 861 1388 914 πάλιν
1416 862 1604 934 μηνύει
1625 862 1684 915 τὸ
1708 863 1902 932 μέλλον

219 934 470 991 ἔσεσθαι.
499 939 685 1007 Ἔδοξε
715 943 824 1014 γάρ
873 944 960 998 διὰ
1012 949 1111 1018 τῆς
1159 949 1506 1021 ἀποκρίσεως
1535 949 1901 1020 παραλογίζε-

221 1022 354 1076 σθαι
381 1025 470 1078 τὸν
499 1026 703 1094 Ἰσαὰκ,
737 1030 852 1083 ἀλλ’
871 1033 1074 1086 ἐκεῖνον
1104 1035 1200 1103 μὲν
1227 1036 1314 1090 διὰ
1342 1037 1450 1090 τῶν
1469 1038 1732 1107 ῥημάτων
1764 1037 1900 1108 πρὸς

215 1109 287 1160 τὸ
325 1112 499 1182 παρὸν
528 1112 764 1179 ἔπεισεν,
792 1117 954 1182 αὐτὸς
983 1120 1039 1172 δὲ
1070 1122 1291 1189 μείζονα
1321 1122 1419 1192 τὴν
1447 1123 1638 1194 ὀδύνην
1666 1124 1760 1176 καὶ
1790 1125 1902 1175 ἐπιο

216 1201 531 1270 τεταμένην
575 1203 834 1274 ὑπέμενε,
865 1209 932 1262 τά
978 1212 1196 1281 ῥήματα
1237 1212 1376 1266 αὐτὰ
1429 1215 1676 1285 στρέφων
1727 1216 1787 1265 ἐν
1829 1215 1895 1284 τῇ

213 1285 452 1373 διανοίᾳ,
482 1292 576 1343 καὶ
611 1294 807 1346 ἐννοῶν
838 1295 931 1348 τοῦ
966 1298 1151 1361 παιδὸς
1183 1300 1282 1370 τὴν
1315 1301 1621 1371 εὐμορφίαν
1646 1301 1744 1373 τὴν
1773 1301 1898 1365 ἐξω-

217 1371 343 1460 Θεν,
353 1377 469 1444 -τῆς
496 1377 676 1449 ψυχῆς
703 1379 763 1432 τὸ
791 1382 1006 1446 κάλλος,
1035 1383 1095 1438 τὸ
1127 1386 1420 1457 πειθήνιον,
1469 1389 1530 1440 τὸ
1574 1371 1893 1460 ἐπέραστον,

215 1459 359 1542 αὐτὸ
386 1463 482 1530 τῆς
513 1462 729 1532 ἡλικίας
756 1467 817 1518 τὸ
845 1467 1025 1532 ἄνθος.
1051 1471 1450 1538 Πορευθέντες
1476 1472 1546 1525 δὲ
1572 1459 1893 1542 ἀμφότεροι

213 1539 412 1609 ἦλθον
439 1546 539 1598 ἐπὶ
566 1547 674 1599 τὸν
699 1551 903 1616 τόπον,
965 1552 1038 1605 ὃν
1075 1549 1244 1608 εἶπεν
1273 1556 1433 1621 αὐτῷ
1464 1559 1496 1609 ό
1545 1539 1707 1622 Θεός.
1749 1539 1894 1630 [Iap-

213 1633 488 1700 ἐγένοντο,
508 1638 692 1706 φησὶν,
709 1639 800 1691 ἐπὶ
821 1641 880 1693 τὸ
899 1641 1023 1711 ὅρος
1047 1642 1108 1696 τὸ
1133 1645 1354 1715 ὑψηλὸν.
1372 1648 1509 1717 ὅπερ
1534 1647 1684 1717 αὐτῷ
1713 1650 1740 1701 6
1762 1647 1894 1711 Θεὸς

213 1719 504 1792 ἐγνώρισε·
547 1724 660 1777 Καὶ
690 1727 1079 1797 ᾠκοδόμησεν
1117 1731 1246 1784 ἐκεῖ
1272 1733 1528 1802 Ἀϐραὰμ
1561 1735 1893 1801 θυσιαστή-

204 1822 376 1892 ριον.
398 1809 588 1892 -Πάλιν
622 1813 996 1883 ἐκπλήττομαι
1023 1816 1118 1868 τοῦ
1134 1817 1341 1870 δικαίου
1365 1819 1460 1890 τὴν
1482 1822 1754 1892 ἀνδρείαν,
1777 1821 1893 1886 πῶς

210 1888 458 1973 ἠδυνήθη
489 1892 549 1944 τὸ
570 1893 958 1966 θυσιαστήριον
984 1900 1358 1969 οἰκοδομῆσαι,
1387 1888 1502 1964 πῶς
1535 1888 1742 1973 ἴσχυσε,
1773 1906 1891 1969 πῶς

209 1970 277 2021 ού
311 1973 530 2045 διελύθη
564 1976 668 2028 ὑπὸ
698 1979 798 2048 τῆς
855 1981 1115 2047 ἀγωνίας.
1172 1983 1333 2035 Ἀλλὰ
1366 1986 1458 2038 καὶ
1505 1985 1565 2037 τὸ
1591 1970 1893 2058 ’θυσιαστή-

214 2073 336 2128 ριον
365 2060 703 2133 ᾠκοδόμησε,
742 2068 835 2118 καὶ
876 2068 1116 2138 ἐπέθηκε
1175 2071 1243 2122 τὰ
1277 2071 1428 2135 ξύλα.
1460 2074 1566 2126 Καὶ
1595 2075 1890 2144 συμποδίσ-

210 2161 337 2211 σιις
364 2145 573 2202 Ἰσαὰκ
605 2150 713 2205 τόν
749 2153 885 2206 υἱὸν
917 2157 1126 2220 αὑτοῦ,
1157 2158 1451 2227 ἐπέθηκεν
1481 2163 1668 2215 αὐτόν
1692 2163 1792 2215 ἐπὶ
1820 2163 1887 2216 τὸ

210 2235 667 2305 θυσιαστήριον.
699 2241 809 2294 Καὶ
837 2242 1136 2305 ἐξέτεινεν
1173 2246 1421 2316 Ἀϐραὰμ
1453 2247 1567 2316 τὴν
1586 2249 1756 2318 χεῖρα
1778 2253 1887 2305 αὐ-

211 2319 343 2382 τοῦ,
375 2324 581 2377 λαϐεῖν
608 2327 720 2394 τὴν
742 2329 1064 2399 μάχαιραν,
1089 2333 1316 2401 σφάξαι
1343 2333 1450 2388 τὸν
1477 2338 1612 2390 υἱὸν
1638 2340 1846 2394 αὑτοῦ.

280 2413 352 2471 γ’.
390 2409 480 2494 Μή
503 2411 701 2494 Δόιπλῶς
747 2414 1194 2485 παραδράμωμεν
1216 2457 1230 2481 ,
1265 2418 1572 2489 ἀγαπητοὶ,
1607 2420 1677 2474 τὰ
1734 2424 1886 2494 είρηο

207 2487 373 2552 μένα,
432 2491 546 2542 ἀλλ’
580 2494 920 2565 ἐννοήσωμεν
947 2498 1064 2560 πῶς
1117 2498 1216 2551 ούκ
1262 2487 1480 2570 ἀπέπτήη
1512 2501 1603 2554 τοῦ
1635 2487 1884 2574 σώματος

202 2575 237 2642 ἡ
266 2574 434 2646 ψυχὴ,
467 2578 584 2642 πῶς
612 2580 811 2650 ἤνεγκε
832 2587 953 2646 ταῖς
978 2584 1205 2648 οἰκείαις
1235 2589 1391 2657 χερσὶ
1415 2590 1767 2658 συμποδίσαι,
1790 2596 1881 2646 καὶ

203 2665 322 2724 τοῖς
365 2662 540 2727 ξύλοις
605 2666 872 2722 ἐπιθεῖναι
923 2671 1014 2722 τὸν
1063 2671 1372 2744 ἀγαπητὸν,
1407 2675 1497 2728 τὸν
1542 2676 1878 2747 ἐπέραστον,

199 2747 616 2821 τὸν.μονογενῆο
653 2753 762 2807 Καὶ
784 2754 1060 2821 ἐξέτεινε,
1075 2760 1258 2829 φησὶν,
1302 2761 1559 2832 Ἀϐραὰμ
1580 2762 1697 2831 τὴν
1713 2766 1881 2834 κεῷα

198 2835 414 2897 αὑτοῦ,
448 2838 656 2891 λαϐεῖν
677 2840 791 2908 τὴν
805 2841 1129 2912 μάχαιραν,
1151 2847 1379 2914 σφάξαι
1399 2850 1506 2902 τὸν
1522 2852 1655 2905 υἱὸν
1666 2854 1875 2909 αὑτοῦ.

201 2922 268 2972 Ὢ
301 2923 547 2989 φιλοθέου
575 2925 779 2996 ψυχῆςί
807 2928 853 2981 ὢ
877 2930 1102 3002 γνώμης
1127 2934 1374 3004 ἀνδρείας
1396 2937 1407 2989 !
1442 2936 1486 2989 ὣ
1508 2939 1671 2992 πόθου
1694 2943 1875 2994 ἐπιτε-

197 3011 470 3078 ταμένουε
517 3009 562 3064 ὣ
596 3013 858 3084 λογισμοῦ
888 3019 1142 3083 νικῶντος
1176 3022 1523 3096 ἀνθρωπίνην
1554 3027 1744 3095 φύσινῑ
1783 3032 1876 3083 Ἕ-

196 3099 370 3158 λαϐε,
407 3101 560 3169 φησὶ,
607 3100 720 3169 τὴν
746 3106 1070 3173 μάχαιραν,
1106 3109 1332 3177 σφάξαι
1359 3112 1466 3166 τὸν
1502 3115 1638 3168 υἱόν
1663 3119 1872 3172 αὐτοῦ.

197 3183 338 3274 Τίνα
364 3183 629 3256 θαυμάσω
659 3191 752 3242 καὶ
780 3192 1075 3262 ἐκπλαγῶ;
1129 3194 1280 3268 [477]
1309 3199 1402 3251 τοῦ
1433 3202 1778 3274 πατριάρχου
1814 3206 1874 3260 τὸ

195 3271 444 3340 ἀνδρεῖον
469 3276 748 3346 φρόνημα,
773 3278 804 3347 ἦ
831 3278 923 3331 τοῦ
967 3282 1156 3346 παιδὸς
1202 3285 1299 3355 τὴν
1341 3271 1589 3360 ὑπακοήν
1611 3308 1624 3357 ;
1647 3271 1742 3344 δτι
1771 3294 1872 3347 οὐκ

194 3359 626 3431 ἀπεσκίρτησεν,
655 3364 774 3416 οὐδὲ
806 3366 1129 3440 ἐδυσχέρανε
1170 3373 1305 3442 πρὸς
1330 3374 1390 3427 τὸ
1419 3377 1728 3446 γινόμενον,
1757 3382 1871 3435 ἀλλ’

192 3446 448 3499 ἐπείθετο
477 3450 570 3502 καὶ
605 3447 719 3503 εῐκε
765 3456 877 3516 τοῖς
920 3455 1024 3507 ὑπὸ
1051 3456 1144 3510 τοῦ
1170 3460 1376 3531 πατρὸς
1408 3465 1742 3534 γινομένοις,
1774 3471 1869 3524 καὶ

193 3532 452 3606 καθάπερ
486 3536 669 3606 ἀρνίον
704 3539 821 3609 μεθ’
855 3543 1082 3612 ήσυχίας
1115 3546 1193 3615 τῷ
1237 3547 1405 3618 βωμῷ
1435 3532 1708 3618 ἐπέκειτο,
1734 3557 1869 3608 ἁνα-

197 3621 266 3688 μέ
279 3647 292 3670 -.
304 3639 379 3672 ων
409 3622 504 3675 τοῦ
539 3625 744 3696 πατρὸς
767 3627 866 3697 τὴν
894 3629 1074 3695 δεξιάν
1095 3649 1108 3695 ;
1155 3633 1292 3685 Ἀλλ’
1312 3635 1500 3705 ἐπειδὴ
1521 3637 1589 3690 τὰ
1614 3639 1715 3709 τῆς
1736 3642 1870 3709 γνώ-

194 3724 310 3776 μης
341 3708 556 3763 ᾶπαντα
586 3714 922 3788 ἁπηρτίσθη,
963 3719 1056 3771 καὶ
1105 3721 1254 3775 οὐδὲν
1279 3723 1465 3780 λοιπὸν
1499 3708 1870 3796 ἐνέλιπε,γδει-

193 3799 328 3860 κνὺς
375 3799 404 3850 ὁ
435 3799 639 3866 ἀγαθὸς
686 3804 965 3874 Δεσπότης
999 3806 1079 3859 δτι
1121 3808 1182 3860 οὐ
1237 3814 1514 3884 σφαγῆναι
1553 3816 1646 3869 τὸν
1701 3820 1868 3873 παῖδα

193 3884 518 3954 βουλόμενος
561 3886 734 3940 ταῦτα
791 3890 1070 3958 ἐπέταξεν,
1126 3895 1262 3949 ἀλλὰ
1311 3899 1404 3952 τοῦ
1436 3901 1646 3954 δικαίου
1697 3904 1866 3959 θέλων

189 3973 498 4043 ἐκκαλύψαι
530 3975 628 4047 τὴν
653 3977 855 4049 ἀρετὴν
883 3980 990 4032 ἀπὸ
1011 3981 1110 4050 τῆς
1132 3983 1360 4055 γνώμης
1388 3990 1746 4056 στεφανώσας
1772 3993 1864 4048 τὸν

186 4059 417 4150 δίκαιον,
443 4063 537 4114 καὶ
574 4063 680 4116 ἀπὸ
724 4065 824 4133 τῆς
863 4071 1253 4139 προαιρέσεως,
1285 4073 1379 4125 τοῦ
1406 4077 1740 4149 πατριάρχου
1767 4078 1863 4150 τὴν

183 4147 608 4222 ἀπηρτισμένην
667 4153 856 4209 θυσίαν
916 4155 1210 4226 δεξάμενος
1269 4159 1456 4214 λοιπὸν
1493 4147 1623 4234 τὴνή
1655 4147 1862 4221 οἰκείαν

181 4236 562 4328 ἐπιδείκνυται
597 4239 1027 4328 φιλανθρωπίαν.
1067 4245 1176 4299 Καὶ
1198 4247 1495 4303 ἐκάλεσεν
1511 4252 1717 4318 αὐτὸν,
1756 4273 1862 4328 φη-

185 4323 301 4386 σὶν,
333 4323 587 4393 ἄγγελος
639 4325 866 4395 Κυρίου
903 4330 973 4383 ἐκ
1008 4329 1116 4384 τοῦ
1167 4334 1464 4400 οὐρανοῦ,
1501 4339 1601 4391 καὶ
1650 4323 1856 4394 εἶπεν·

193 4410 460 4499 Ἀϐραὰμ
477 4453 495 4499 ν,
556 4414 821 4484 Ἁϐραάμ.
881 4418 1099 4488 Ἐπειδὴ
1161 4420 1268 4491 γὰρ
1321 4421 1470 4496 ἐώρα
1531 4431 1860 4499 συντεταμέ-

180 4515 280 4551 νον
327 4498 420 4587 τὸν
465 4498 693 4563 δίκαιον,
724 4504 818 4554 καὶ
859 4503 1076 4574 ἕτοιμον
1112 4505 1242 4559 ὄντα
1290 4511 1426 4580 πρὸς
1471 4513 1571 4583 τὴν
1619 4498 1855 4587 σφαγὴν,

178 4587 281 4638 καὶ
311 4585 374 4638 τὸ
405 4587 683 4657 ἐπίταγμα
708 4587 994 4660 πληρῶσαι
1026 4590 1368 4664 βουλόμενον,
1408 4597 1497 4650 διὰ
1519 4599 1676 4654 τοῦτο
1702 4585 1859 4656 καλεί

177 4673 349 4762 αὐτὸν
374 4675 439 4726 ἐκ
470 4675 564 4762 τοῦ
594 4676 848 4762 ούρανοῦ,
899 4680 992 4732 καί
1041 4699 1229 4753 φησιν,
1261 4683 1537 4756 Ἀϐραὰμ,
1575 4688 1853 4762 Ἀϐραάμ.

177 4758 384 4821 Καλῶς
437 4759 532 4813 καὶ
579 4761 813 4815 ἐνταῦθα
864 4764 942 4835 τῷ
987 4766 1372 4842 διπλασιασμῷ
1434 4773 1726 4844 ἐχρήσατο,
1767 4758 1854 4831 ἵνα

175 4845 541 4918 περιγένηται
574 4847 672 4918 τῆς
706 4850 884 4922 ὁρμῆς
914 4852 1008 4904 τοῦ
1047 4854 1276 4924 δικαίου,
1315 4858 1410 4910 καὶ
1457 4865 1742 4933 μονονουχὶ
1764 4864 1853 4920 διά

173 4937 285 5004 τῆς
322 4935 504 5006 φωνῆς
540 4939 790 5012 κατάσχῃ
827 4939 920 4993 τοῦ
979 4945 1319 5016 πατριάρχου
1350 4949 1451 5018 τὴν
1494 4950 1674 5016 δεξιὰν
1701 4956 1854 5007 ἐπει-

171 5022 420 5093 γομένην
450 5024 587 5094 πρὸς
618 5024 716 5096 τὴν
737 5025 832 5078 τοῦ
865 5029 1054 5092 παιδὸς
1085 5035 1318 5104 σφαγήν.
1342 5036 1454 5089 Καὶ
1468 5038 1659 5091 εἶπενο
1695 5040 1850 5096 Ἰδοὺ

169 5107 314 5176 ἐγώ.
347 5106 462 5162 Καὶ
483 5105 632 5164 εἷπε·
661 5113 758 5180 Μὴ
791 5113 1085 5184 ἐπιϐάλῃς
1126 5118 1241 5185 τὴν
1285 5120 1454 5188 χεῖρά
1491 5139 1609 5178 σου
1650 5125 1751 5178 ἐπὶ
1783 5128 1850 5182 τὸ

168 5194 512 5264 παιδάριον,
554 5197 709 5266 μηδὲ
759 5201 1024 5270 ποιήσῃς
1074 5203 1234 5269 αὐτῷ
1295 5207 1508 5276 μηδέν.
1548 5212 1682 5266 Νῦν
1737 5214 1850 5283 γὰρ

167 5285 368 5352 ἔγνων
396 5282 484 5336 ὅτι
511 5285 665 5356 φοϐῇ
697 5287 803 5340 τόν
819 5289 966 5342 Θεὸν
984 5290 1087 5355 σὺ,
1103 5291 1196 5345 και
1222 5296 1333 5347 οὐκ
1353 5296 1573 5364 ἐφείσω
1593 5299 1698 5354 τοῦ
1715 5282 1847 5354 υἱοῦ

167 5387 296 5458 σου
323 5372 429 5425 τοῦ
464 5373 772 5441 ἀγαπητοῦ
810 5375 886 5428 δι’
914 5377 1036 5447 ἐμέ.
1071 5407 1139 5420 --
1189 5380 1288 5450 Μὴ
1334 5383 1646 5455 meum,
1687 5388 1842 5458 φησὶ,

168 5457 294 5525 τὴν
320 5458 488 5527 χεῷά
514 5477 626 5514 σοι)
657 5461 757 5515 ἐπὶ
780 5461 846 5515 τὸ
874 5464 1203 5533 παιδάριον.
1224 5469 1295 5522 Οὐ
1321 5469 1380 5522 τὸ
1404 5469 1562 5542 ἔργον
1592 5457 1844 5542 γενέσθαι

171 5545 500 5615 βουλόμενος
523 5547 682 5602 τοῦτο
728 5545 996 5616 ἐπέταξα,
1045 5553 1165 5606 οὐδὲ
1215 5559 1489 5628 σφαγῆναι
1525 5559 1692 5615 θέλων
1751 5563 1843 5617 τὸν

167 5633 339 5686 παῖδα
353 5633 440 5687 τὸν
461 5633 572 5698 σὸν,
588 5635 726 5689 ἀλλὰ
743 5637 838 5707 τὴν
856 5639 1100 5710 ὑπακοὴν
1116 5643 1214 5714 τὴν
1234 5645 1333 5715 σὴν
1351 5646 1524 5700 ἅπασι
1544 5650 1841 5721 κατάδηλον

168 5719 422 5808 ποιῆσαι.
595 5722 778 5775 τοίνυν
833 5728 1061 5798 ποιήσῃς
1091 5728 1241 5800 αὐτῷ
1294 5733 1461 5803 μηδέν
1490 5754 1504 5766 ο
1558 5719 1838 5808 ἀρκοῦμαι

167 5806 282 5876 γὰρ
307 5809 373 5875 τῇ
398 5805 588 5877 γνώμῃ
616 5810 680 5878 τῇ
708 5811 796 5878 σῇ.
826 5811 920 5863 καὶ.
948 5813 1195 5867 ἐντεῦθεν
1229 5820 1477 5886 στεφανῶ
1507 5805 1832 5895 καὶ-ἀνακη-

170 5891 354 5962 ρύττω
387 5911 464 5946 σε.
501 5895 614 5948 Νῦν
636 5896 745 5964 γάρ
777 5895 948 5963 ἔγνων
979 5901 1062 5950 ὅτι
1099 5903 1238 5972 φοϐῇ
1273 5908 1336 5960 σὺ
1372 5909 1461 5962 τὸν
1497 5910 1646 5966 Θεόν.
1691 5891 1829 5987 Ὅρα

581 6003 854 6068 ΡΑτιιοι.
903 6007 1020 6070 Gn.
1069 6012 1225 6075 LIV.

1354 395 1421 453 IN
1453 399 1607 455 CAP.
1647 395 1793 453 XXII
1832 391 2078 452 GENES.
2119 397 2351 456 IIOMIL.
2396 399 2601 456 XLVII.

3573 399 3678 456 £3!

2019 511 2216 578 λέξεως
2237 518 2663 585 συγκατάϐασιν.
2702 513 2766 568 Τί
2793 508 2884 569 οῦν
2916 531 2930 580 ;
2970 516 3076 585 πρὸ
3118 513 3305 568 τούτου
3353 515 3536 584 ἠγνόει
3592 519 3677 572 τοῦ

2013 601 2219 656 δικαίου
2248 604 2346 674 τὴν
2373 607 2591 677 ἀρετὴν,
2623 606 2715 658 καὶ
2731 604 2824 657 νῦν
2849 603 2988 672 ἔγνω
3017 606 3044 656 6
3064 603 3171 656 τῶν
3197 604 3333 657 ὅλων
3363 605 3638 676 Δεσπότης
3661 627 3678 674 ;

2014 691 2088 742 Ού
2127 689 2282 743 τοῦτό
2317 710 2501 762 φησιν,
2537 694 2619 745 ὅτι
2661 691 2822 754 αὐτὸς
2877 690 2972 742 νῦν
3015 690 3176 764 ἔγνω..
3219 690 3377 744 Ἀλλὰ
3426 692 3510 758 τίς
3543 693 3677 759 Νῦν,

2013 779 2210 848 φησὶν,
2267 778 2470 832 ἆπασιν
2517 778 2838 850 ἐγνώρισάς,
2895 779 3042 841 ὅπως
3077 779 3341 850 εἰλικρινῆ
3371 781 3462 832 τὸν
3515 782 3679 850 φόϐον

2010 863 2153 932 ἔχεις
2186 866 2277 918 τὸν
2311 866 2447 936 πρὸς
2473 867 2562 919 τὸν
2583 866 2735 919 Θεόν.
2786 865 2929 934 Ἐγὼ
2955 867 3052 936 μὲν
3082 866 3190 938 γάρ
3221 868 3369 938 ᾔδειν
3428 868 3518 922 τὸν
3547 871 3678 940 ἐμὸν

2011 952 2315 1022 θεράποντα
2350 971 2364 985 ·
2398 956 2466 1009 τὰ
2503 955 2558 1008 δὲ
2585 955 2677 1008 νῦν
2702 954 2856 1028 παρά
2901 955 2994 1008 σοῦ
3037 955 3305 1024 γενόμενα
3345 960 3456 1020 τοῖς
3492 975 3552 1010 τε
3582 957 3677 1011 νῦν

2008 1035 2146 1101 οὖσι,
2183 1044 2304 1104 ταῖς
2331 1059 2390 1094 τε
2427 1043 2563 1113 μετά
2589 1043 2766 1096 ταῦτα
2794 1045 3008 1110 γενεαῖς
3046 1042 3394 1106 διδασκαλίας
3422 1044 3679 1108 ὑπόθεσις

2007 1130 2311 1196 γενήσεται.
2354 1129 2688 1200 Ἐγνώρισας
2717 1130 2828 1202 γὰρ
2851 1129 2946 1183 νῦν
2980 1131 3182 1183 ἅπασιν
3213 1131 3359 1193 ὅπως
3393 1132 3529 1202 φοϐῇ
3585 1131 3678 1186 τὸν

2007 1216 2161 1282 Θεὸν,
2202 1218 2295 1270 καὶ
2335 1216 2404 1270 τά
2430 1218 2875 1288 προσταττόμενα
2905 1220 2985 1280 είς
3036 1217 3196 1285 ἔργον
3251 1219 3475 1286 ἀγαγεῖν
3509 1219 3676 1271 σπεύ-

2004 1303 2116 1368 δεις
2147 1322 2162 1336 ο
2190 1307 2296 1359 Καὶ
2328 1308 2438 1360 οὐκ
2477 1307 2700 1374 ἐφείσω
2733 1307 2840 1360 τοῦ
2883 1307 3018 1360 υἱοῦ
3079 1321 3196 1360 σου
3228 1307 3334 1360 τοῦ
3365 1307 3674 1376 ἀγαπητοῦ

2004 1391 2081 1444 δι’
2103 1393 2208 1462 ἐμέ
2231 1411 2245 1424 °
2271 1393 2365 1448 τοῦ
2396 1395 2600 1466 σφόδρα
2632 1412 2714 1448 σοι
2751 1394 3124 1466 περιποθήτου
3154 1395 3248 1448 καὶ
3288 1397 3527 1466 γνησίως
3572 1395 3678 1448 ὑπὸ

2005 1479 2099 1532 σοῦ
2131 1482 2493 1552 ἀγαπωμένου
2515 1485 2614 1535 οὐκ
2647 1482 2846 1551 ἐφείσω
2873 1482 2938 1535 δι’
2979 1482 3098 1552 ἐμὲ,
3137 1482 3225 1536 διὰ
3256 1482 3318 1535 τὸ
3350 1483 3676 1553 πρόσταγμα

2000 1568 2062 1620 τὸ
2099 1569 2250 1639 ἐμὸν,
2289 1570 2376 1623 διὰ
2400 1571 2461 1623 τὸ
2489 1571 2771 1641 ἐπίταγμα
2822 1572 2884 1624 τὸ
2911 1574 3040 1642 παρ’
3069 1571 3203 1642 ἐμοῦ
3239 1588 3252 1600 ·
3287 1571 3420 1624 ἀλλά
3460 1569 3676 1641 προετί-

2005 1673 2185 1726 μησας
2207 1656 2266 1709 τὸ
2297 1657 2425 1729 παρ’
2446 1659 2582 1729 ἐμοῦ
2610 1658 2901 1712 κελευσθὲν
2958 1657 3050 1711 τοῦ
3084 1655 3274 1721 παιδὸς
3296 1657 3389 1712 τοῦ
3428 1657 3538 1710 σοῦ.
3576 1657 3676 1710 Διά

1999 1743 2159 1797 τοῦτο
2191 1746 2286 1798 καὶ
2314 1746 2409 1798 τὸν
2439 1746 2605 1801 παῖδα
2651 1747 2806 1817 δέχου
2864 1746 2957 1798 τὸν
2988 1746 3099 1800 σόν.
3136 1745 3236 1799 Διά
3267 1746 3424 1799 τοῦτο
3451 1746 3561 1815 γάρ
3591 1762 3673 1798 σοι

2003 1832 2421 1903 ἐπηγγειλάμην
2441 1834 2501 1887 τὸ
2526 1834 2748 1904 σπέρμα
2773 1835 2833 1887 τὸ
2863 1835 2958 1887 σὸν
2987 1834 3389 1904 ἐκταθήσεσθαι
3422 1849 3434 1862 ·
3468 1833 3672 1886 καὶτὸν

1999 1918 2093 1970 ἐπὶ
2124 1921 2189 1990 τῇ
2221 1920 2435 1990 ὑπακοῇ
2462 1921 2723 1989 στέφανον
2753 1921 3157 1992 ἀναδησάμενος
3183 1921 3356 1974 ἄπιθι.
3395 1918 3534 1987 Ἐγὼ
3563 1919 3670 1991 γὰρ

1996 2005 2096 2076 τὴν
2136 2008 2458 2078 προαίρεσιν
2489 2005 2604 2062 οἶδα
2639 2007 2955 2076 στεφανοῦν,
2999 2009 3092 2060 καὶ
3129 2008 3236 2060 ἀπὸ
3289 2007 3394 2077 τῆς
3443 2005 3670 2076 γνώμης

1995 2092 2066 2145 τὰ
2097 2091 2327 2163 βραϐεἰα
2353 2095 2634 2165 παρέχειν.
2662 2096 2756 2158 Είς
2782 2095 2939 2166 ἔργον
2968 2095 3078 2166 γάρ
3131 2095 3357 2165 ἐκϐῆναι
3402 2094 3668 2163 προσήκει

1993 2179 2062 2234 τὰ
2093 2181 2242 2252 παρά
2271 2181 2362 2234 σοῦ
2402 2182 2634 2254 ρηθέντα
2689 2183 2782 2236 καὶ
2810 2186 2920 2246 τοῖς
2952 2183 3113 2235 παισὶ⁸
3145 2185 3258 2245 τοῖς
3310 2185 3421 2245 σοῖς
3455 2181 3547 2234 καὶ
3588 2179 3666 2250 τῷ

2006 2269 2191 2322 Ἰσαάκ
2222 2287 2235 2300 ⁸
2271 2269 2499 2332 ἐκείνοις
2526 2270 2636 2341 γὰρ
2663 2270 2992 2340 ἐπηγγείλω,
3016 2271 3097 2322 ὅτι
3124 2267 3667 2337 Προσκυνήσαντες

1992 2357 2457 2427 ἀναστρέφομεν
2485 2375 2498 2388 ·
2537 2360 2629 2411 καὶ
2670 2358 2827 2411 τοῦτο
2861 2359 2961 2429 ήδη
2991 2358 3181 2411 ἔσται’
3243 2357 3338 2410 καὶ
3388 2356 3466 2427 τῷ
3516 2358 3666 2410 παιδὶ

1991 2445 2300 2514 πυθομένῳ,
2316 2445 2438 2499 Ποῦ
2459 2444 2592 2499 ἔστι
2613 2444 2676 2498 τό
2693 2447 2990 2514 πρόϐατον
3009 2445 3075 2499 τὸ
3100 2448 3186 2511 είς
3209 2445 3666 2511 ὁλοκάρπωσιν;

1999 2533 2054 2582 Ὀ
2084 2533 2228 2597 Θεὸς
2277 2532 2484 2600 ὄψεται
2512 2530 2704 2598 ἑαυτῷ
2752 2534 3048 2600 πρόϐατον
3101 2535 3190 2598 εις
3223 2531 3663 2599 όλοκάρπωσιν,

1988 2613 2169 2682 εἶπας.
2214 2619 2345 2671 Ἰδοὺ
2399 2616 2490 2672 οὖν
2549 2620 2855 2689 ἀναϐλέψας
2887 2619 3040 2691 [478]
3072 2623 3184 2683 τοῖς
3213 2618 3512 2688 ὀφθαλμοῖς
3568 2637 3661 2673 σου

1987 2706 2086 2777 δρα
2119 2706 2178 2758 τὸ
2203 2707 2512 2778 προρρηθὲν
2541 2708 2690 2784 παρὰ
2732 2706 2824 2759 σοῦ
2859 2706 3130 2778 πρόϐατον
3151 2746 3165 2769 ,
3223 2709 3359 2777 ὅπερ
3410 2707 3531 2759 ἀντὶ
3561 2707 3655 2759 τοῦ

1987 2795 2178 2858 παιδὸς
2223 2793 2649 2864 ὀλοκαρπώσεις.
2669 2795 3044 2863 Ἀναϐλέψας
3067 2794 3135 2847 δὲ
3168 2793 3293 2858 τοῖς
3324 2793 3655 2862 ὀφθαλμοῖς

1983 2878 2125 2946 εἶδε,
2159 2883 2256 2934 καὶ
2294 2881 2422 2934 ὶδοὺ
2458 2882 2624 2950 κριός
2674 2878 2762 2947 εἷς
2793 2883 3193 2950 κατεχόμενος
3240 2880 3360 2933 τῶν
3399 2879 3661 2949 κεράτων

1982 2978 2052 3031 ἐν
2077 2975 2244 3046 φυτῷ
2267 2978 2478 3032 Σαϐἐκ.
2513 2979 2623 3031 Καὶ
2669 2978 2964 3047 ἐπορεύθη
3015 2977 3290 3045 Ἀϐραὰμ,
3335 2976 3429 3028 καὶ
3481 2975 3659 3028 ἔλαϐε

1980 3074 2090 3127 τὸν
2107 3073 2297 3142 κριόν,
2346 3074 2446 3126 καὶ
2501 3074 2836 3144 ἀνήνεγκεν
2863 3074 3051 3128 αὐτόν
3097 3075 3186 3139 εὶς
3231 3071 3658 3138 όλοκάρπωσιν

1979 3170 2112 3224 ἀντὶ
2153 3169 2359 3223 Ἰσαὰκ
2388 3169 2496 3223 τοῦ
2516 3169 2651 3223 υίοῦ
2677 3171 2885 3224 αὐτοῦ.
2909 3167 3061 3222 Εἷδόν
3085 3187 3201 3230 σου,
3222 3167 3490 3237 φησὶ,τῆς
3509 3165 3654 3234 γνώ-

1983 3283 2090 3336 μης
2102 3265 2162 3318 τὸ
2181 3264 2449 3334 φιλόθεον,
2469 3266 2576 3319 ἰδοὺ
2594 3267 2730 3335 ὅπερ
2746 3263 3033 3336 προλαϐὼν
3053 3260 3204 3327 εἶπες
3217 3262 3293 3333 τῷ
3312 3262 3481 3325 παιδὶ,
3496 3261 3654 3315 τοῦτό

1981 3377 2062 3412 σοι
2079 3360 2483 3433 παρεσκεύασα.
2505 3360 2614 3414 Καὶ
2630 3360 2936 3421 ἕλαϐε,καὶ
2957 3361 3292 3428 ἀνήνεγκεν
3306 3361 3392 3423 εὶς
3409 3356 3655 3424 όλοκάρ-

1978 3472 2174 3512 πωσιν
2202 3458 2334 3512 ἀντὶ
2362 3459 2559 3512 Ἰσαὰκ
2590 3457 2695 3510 τοῦ
2720 3456 2851 3510 υἱοῦ
2878 3455 3084 3509 αὑτοῦ.
3119 3451 3272 3518 Εἶδες
3303 3454 3436 3506 Θεοῦ
3468 3453 3654 3521 φιλαν-

1978 3554 2225 3626 θρωπίαν
2249 3573 2263 3618 ;
2288 3553 2397 3606 Καὶ
2427 3554 2638 3624 ήθυσία
2663 3551 2997 3624 ἀπηρτίσθη,
3029 3552 3122 3604 καὶ
3151 3553 3180 3604 6
3213 3549 3562 3620 πατριάρχης
3593 3549 3653 3601 τὸ

1977 3650 2220 3720 φιλόθεον
2256 3648 2420 3703 αὑτοῦ
2477 3651 2573 3720 τῆς
2624 3647 2849 3719 γνώμης
2888 3648 3226 3714 ἐπεδείξατο,
3257 3648 3351 3698 καὶ
3403 3647 3510 3698 ἀπο
3550 3645 3651 3712 τῆς

1975 3749 2350 3818 προαιρέσεως
2388 3745 2478 3798 τὸν
2522 3745 2784 3814 στέφανον
2832 3742 3148 3812 ἐκομίσατο,
3191 3741 3284 3793 κοιλ¹
3331 3739 3421 3791 τὸν
3464 3738 3651 3791 Ἰσαὰκ

1972 3839 2151 3894 λαϐὼν
2173 3841 2416 3892 ἐπάνεισι
2444 3838 2580 3909 μετὰ
2612 3839 2821 3910 μυρίων
2863 3837 3163 3906 στεφάνων.
3184 3834 3441 3888 Ταῦταδέ
3473 3835 3648 3887 πάντα

1972 3937 2142 4000 τύπος
2185 3935 2392 4004 ἐγίνετο
2424 3935 2517 3988 τοῦ
2557 3933 2814 4006 σταυροῦ.
2863 3935 2962 3986 Διά
3006 3933 3164 3986 τοῦτο
3226 3933 3317 3984 καὶ
3354 3934 3381 3983 6
3413 3930 3647 4001 Χριστὸς

1969 4037 2082 4096 τοῖς
2115 4031 2386 4096 Ἰουδαίοις
2415 4030 2599 4100 ἔλεγεν
2619 4048 2632 4060 °
2677 4031 2931 4100 Ἀϐραὰμ
2958 4034 2988 4084 ό
3031 4028 3229 4096 πατὴρ
3260 4024 3426 4096 ὑμῶν
3460 4027 3645 4095 ἠγαλ-

1968 4129 2246 4192 λιάσατο,
2274 4128 2373 4181 ἵνα
2427 4127 2524 4195 ἴδῃ
2559 4126 2672 4195 τὴν
2700 4126 2929 4196 ἡμέραν
2961 4125 3076 4193 τὴν
3113 4123 3268 4193 ἐμήν
3290 4140 3302 4154 ο
3351 4122 3446 4175 καὶ
3485 4118 3642 4185 εἶδε,

1968 4225 2067 4279 καὶ
2098 4223 2308 4294 ἐχάρη.
2357 4224 2482 4288 Πῶς
2527 4219 2666 4277 εἶδεν
2732 4226 2760 4276 ὁ
2802 4223 2908 4294 πρὸ
2957 4222 3228 4276 τοσούτων
3274 4219 3642 4290 γεγενημένος

1967 4322 2209 4392 χρόνων;
2237 4321 2336 4373 Διά
2361 4320 2456 4374 τοῦ
2487 4319 2678 4385 τύπου,
2706 4319 2792 4372 διὰ
2842 4321 2941 4391 τῆς
2995 4321 3174 4381 σκιᾶς.
3228 4315 3496 4386 Καθάπερ
3529 4314 3639 4382 γάρ

1967 4416 2201 4471 ἐνταῦθα
2259 4415 2322 4468 τὸ
2384 4415 2657 4486 πρόϐατον
2715 4413 3062 4485 προσηνέχθη
3097 4414 3218 4466 ἀντὶ
3263 4412 3358 4466 τοῦ
3413 4411 3634 4476 Ἰσαὰκ,

1967 4513 2142 4575 οὕτως
2164 4515 2194 4566 6
2230 4511 2448 4580 λογικὸς
2493 4510 2665 4581 ἀμνὸς
2691 4509 3035 4581 προσηνέχθη
3062 4510 3202 4580 ὑπὲρ
3249 4508 3350 4578 τῆς
3383 4505 3632 4576 οἰκουμέ-

1963 4629 2083 4682 νης,
2101 4612 2248 4664 Ἔδει
2278 4610 2388 4682 γὰρ
2411 4611 2468 4662 ὲν
2487 4611 2554 4681 τῇ
2585 4610 2712 4680 σκιᾷ
2736 4608 3212 4680 προδιαγραφῆναι
3230 4607 3328 4677 τὴν
3352 4605 3629 4677 ἀλήθειαν.

1966 4709 2109 4780 Ὅρα
2151 4724 2242 4776 μοι
2271 4706 2400 4777 γὰρ,
2451 4705 2726 4775 ἀγαπητὲ,
2763 4703 2880 4766 πῶς
2927 4703 3142 4757 ἅπαντα
3189 4703 3276 4756 διὰ
3321 4702 3418 4772 τῆς
3475 4702 3631 4763 σκιᾶς

2461 4799 2755 4870 μονογενὴς
2822 4800 2972 4864 ἐκεῖ,
3029 4799 3124 4852 καὶ
3191 4795 3484 4868 μονογενὴς
3547 4797 3634 4847 ἐν·

3346 4891 3626 4962 ἀγαπητὸς

1963 4801 2338 4874 προετυποῦτο
2370 4817 2384 4832 ο

1958 4899 2131 4952 ταῦθα
2159 4916 2173 4930 ·
2268 4897 2550 4969 ἀγαπητὸς
2624 4899 2740 4950 ἐκεῖ
2831 4897 2924 4949 καὶ
3002 4897 3222 4964 γνήσιος
3251 4937 3264 4958 ε

1959 4996 2049 5049 καὶ
2101 4993 2334 5048 ἐνταῦθα
2381 4994 2474 5046 καὶ
2522 4994 2765 5064 γνήσιος.
2815 4987 3004 5057 Οὗτος
3051 4992 3159 5060 γάρ
3200 4991 3370 5043 ἐστιν
3406 4991 3439 5041 ό
3492 4987 3626 5051 Υἱός

1953 5102 2070 5159 μου
2097 5093 2132 5144 ό
2159 5089 2486 5158 ἀγαπητός,
2544 5089 2730 5158 φησὶν,
2772 5087 2843 5140 ἐν
2889 5080 2938 5153 ᾧ
2994 5085 3326 5154 ηὐδόκησα.
3357 5083 3493 5136 Ὑπὸ
3530 5079 3625 5134 τοῦ

1956 5187 2159 5257 πατρὸς
2179 5188 2385 5249 ἐκεῖνος
2412 5187 2491 5249 είς
2530 5184 2896 5239 ὁλοκαύτωσιν
2952 5183 3266 5253 ἀνεφέρετο,
3299 5180 3393 5232 καὶ
3431 5179 3630 5231 τοῦτον.

1952 5285 1979 5336 ὁ
2014 5282 2201 5354 Πατὴρ
2227 5281 2476 5348 ἐξέδωκε.
2512 5280 2624 5334 Καὶ
2651 5281 2749 5351 βοᾷ
2774 5279 2984 5341 Παῦλος
3031 5278 3231 5345 λέγων·
3271 5277 3370 5340 Ὃς
3410 5291 3476 5343 γε
3512 5274 3618 5327 τοῦ

1953 5377 2108 5432 ἰδίου
2127 5377 2261 5431 Υίοῦ
2287 5379 2400 5431 οὐκ
2438 5376 2720 5445 ἐφείσατο
2744 5417 2758 5441 ,
2792 5377 2927 5430 ἀλλ’
2959 5374 3111 5441 ὑπὲρ
3169 5369 3333 5440 ἡμῶν
3378 5370 3617 5423 πάντων

1949 5475 2292 5544 παρέδωκεν
2316 5475 2524 5539 αὐτόν,
2558 5473 2684 5542 πῶς
2707 5475 2842 5544 οὐχὶ
2872 5473 2967 5528 καὶ
2988 5473 3110 5526 σὺν
3127 5467 3300 5534 αὐτῷ
3324 5468 3394 5521 τὰ
3419 5467 3616 5521 πάντα

1947 5573 2092 5642 ἡμῖν
2109 5573 2447 5642 χαρίσεταις
2473 5572 2648 5644 Μέχρι
2675 5572 2864 5625 τούτου
2898 5574 2931 5642 ή
2965 5571 3092 5624 σκιά
3117 5585 3131 5599 ·
3177 5569 3361 5621 λοιπὸν
3404 5567 3460 5619 δέ
3506 5565 3615 5617 τῶν

1948 5669 2289 5739 πραγμάτων
2324 5669 2356 5738 ἡ
2385 5667 2610 5738 ἀλήθεια
2641 5667 2774 5720 πολὺ
2818 5667 2877 5719 τὸ
2933 5664 3198 5734 ὑπερέχον
3230 5661 3610 5714 ἐπιδείκνυται.

1958 5761 2016 5813 '0
2043 5760 2152 5833 γὰρ
2186 5761 2355 5831 ἀμνὸς
2381 5754 2534 5824 οὗτος
2562 5762 2590 5814 6
2619 5758 2833 5826 λογικὸς
2865 5758 3005 5828 ὑπὲρ
3035 5758 3252 5826 ἀπάσης
3292 5755 3390 5822 τῆς
3433 5754 3612 5804 οἰκου-

1951 5857 2116 5928 μένης
2167 5858 2531 5928 προσεφέρετο
2551 5898 2566 5920 ,
2598 5849 2751 5920 οὗτος
2781 5857 2878 5926 τὴν
2915 5854 3242 5924 οἰκουμένην
3273 5850 3486 5906 ἃπασαν
3526 5845 3612 5908 ἐξα

1946 5946 2212 6021 εκάρτλρεν
2235 5965 2244 5979 ·
2265 5943 2416 6007 οὗτος
2437 5950 2559 6008 τοῦς
2576 5948 2890 6022 ἀνθρώπους
2911 5948 3006 6012 τῆς
3028 5945 3231 6005 πλάνης
3249 5938 3607 6011 ἠλευθέρωσε,

3169 6029 3208 6089 ίι
