4084 6356
437 380 549 437 1‘55

441 496 538 548 καὶ
565 493 698 567 πρὸς
717 493 813 565 τὴν
845 493 1098 566 ἀλήθειαν
1125 493 1467 564 ἐπανήγαγεν
1486 512 1498 525 ·
1529 491 1682 557 οὗτος
1727 493 1824 564 τὴν
1855 494 1956 564 γῆν
2007 493 2100 545 οὐ·

441 583 604 652 ραν“›ν
637 583 909 652 ἐποίησεν,
927 583 988 634 οὐ
1017 581 1124 634 τῶν
1148 583 1425 650 στοιχείων
1451 581 1745 646 ἐναλλάξας
1769 580 1869 650 τὴν
1905 578 2064 648 φύσιν
2084 619 2100 645 ,

436 662 572 714 ἀλλά
586 663 682 733 τὴν
696 663 752 714 ἐν
765 665 870 725 τοῖς
889 663 1134 732 οὐρανοῖς
1151 661 1423 714 πολιτείαν
1440 664 1518 725 είς
1531 664 1656 724 τοὺς
1675 661 1766 713 ἐπὶ
1781 661 1886 729 γῆς
1901 659 1998 713 ἀνθ
2007 659 2104 732 ρώο

437 761 570 806 πους
588 747 946 816 μεταστήσας.
964 745 1062 798 Διά
1087 746 1278 798 τούτου
1296 749 1445 799 πᾶσα
1461 747 1494 815 ὴ
1519 745 1628 798 τῶν
1645 745 1914 814 δαιμόνων
1939 743 2102 813 θερα-

439 831 568 882 πεία
589 831 925 884 λέλυταιοδιά
951 832 1140 884 τούτου
1175 833 1274 885 οὐκ
1305 832 1382 884 ἔτι
1412 833 1579 892 λίθοις
1607 833 1702 886 καὶ
1729 831 1909 898 ξύλοις
1933 848 2104 902 προσ-

440 917 689 970 κυνοῦσιν
713 918 1010 989 ἄνθρωποι,
1034 919 1155 972 οὐδὲ
1189 920 1238 971 οἱ
1272 919 1414 990 λόγῳ
1439 920 1789 990 τετιμημένοι
1812 920 1924 981 τοῖς
1951 919 2103 971 ἀναι-

441 1003 656 1070 σθήτοις
686 1005 1106 1068 ὐποκύπτουσιν,
1127 1005 1264 1058 ἀλλά
1303 1007 1450 1059 πᾶσα
1473 1005 1811 1075 ἀπελήλαται
1837 1006 1871 1075 ἡ
1903 1005 2100 1072 πλάνη,

439 1090 532 1141 καὶ
557 1092 618 1143 τὸ
641 1092 740 1160 τῆς
797 1093 1053 1160 ἀληθείας
1084 1093 1198 1162 φῶς
1237 1095 1338 1163 τὴν
1371 1095 1697 1163 οἰκουμένην
1735 1092 2100 1163 κατηύγασεν.

461 1246 463 1251 Ι
507 1176 569 1230 δ’.
605 1173 756 1240 Εἶδες
789 1179 886 1249 τῆς
923 1179 1180 1249 ἀληθείας
1208 1179 1305 1250 τὴν
1336 1181 1647 1251 ὐπεροχήν;
1685 1176 1821 1243 εἶδες
1865 1179 1916 1232 τί
1951 1180 2100 1250 μένή

439 1265 586 1324 σκιὰ,
616 1267 668 1318 τί
698 1266 753 1319 δέ
777 1269 809 1336 ή
837 1266 1062 1338 ἀλήθεια
1086 1283 1100 1333 ;
1125 1267 1235 1320 Καὶ
1275 1267 1553 1328 ἐκάλεσε,
1599 1267 1784 1337 φησὶν,
1847 1267 2104 1335 Ἀϐραὰμ

435 1350 506 1404 τὸ
540 1351 726 1421 ὄνομα
758 1354 862 1408 τοῦ
884 1356 1068 1409 τόπου
1089 1356 1347 1420 ἐκείνου,
1377 1358 1590 1425 Κύριος
1626 1353 1786 1412 εἶδεν
1812 1371 1828 1388 ⁶
1875 1357 1975 1409 ἵνα
2021 1357 2105 1409 εῖ-

439 1453 595 1492 πωσι
627 1440 914 1509 σήμερον,
951 1443 1053 1496 Ἐν
1079 1443 1160 1509 τῷ
1182 1444 1301 1512 ὄρει
1341 1445 1554 1510 Κύριος
1581 1444 1770 1512 ὤφθη.
1822 1444 1964 1513 Ὅρα
2009 1442 2102 1495 τοῦ

438 1524 646 1579 δικαίου
676 1529 774 1598 τὴν
831 1529 1074 1598 φιλόθεον
1121 1530 1368 1601 γνώμην,
1405 1531 1519 1594 πῶς
1555 1530 1814 1583 ἑκάστοτε
1873 1533 1936 1583 ἐκ
1992 1529 2103 1582 τῶν

440 1611 844 1680 συμϐαινόντων
870 1615 965 1676 τάς
999 1617 1366 1686 προσηγορίας
1409 1619 1522 1678 τοῖς
1573 1615 1757 1678 τόποις
1806 1601 2101 1685 ἐπιτίθησι.

442 1694 554 1765 Τὴν
575 1698 684 1767 γὰρ
710 1700 856 1768 παρὰ
880 1701 972 1752 τοῦ
1003 1701 1136 1753 Θεοῦ
1156 1702 1450 1772 γενομένην
1480 1701 1766 1770 ἐπίσκεψιν
1784 1712 1809 1741 α
1842 1699 2102 1770 βουλόμε-

441 1799 549 1845 νος,
577 1785 825 1856 καθάπερ
853 1789 909 1840 ἐν
943 1788 1110 1860 στήλῃ
1137 1789 1333 1859 χαλκῇ,
1363 1790 1722 1843 ἐναποθέσθαι
1745 1789 1820 1858 τῷ
1841 1789 1992 1860 τόπῳ
2020 1789 2106 1842 διά

441 1869 540 1938 τῆς
557 1873 1214 1944 προσηγορίας,φησί,Καὶ
1229 1876 1484 1929 ἐκάλεσε
1497 1876 1562 1928 τὸ
1578 1877 1763 1944 ὄνομα
1775 1876 1880 1928 τοῦ
1897 1877 2104 1938 τόπου,

440 1958 654 2024 Κύριος
689 1955 864 2012 εἶδεν.
899 1963 1096 2033 Ἤρκει
1141 1965 1238 2033 μέν
1266 1959 1359 2016 οὖν
1386 1964 1520 2035 πρὸς
1554 1963 1784 2034 ἀμοιϐὴν
1810 1963 1886 2033 τῷ
1916 1963 2107 2032 δικαίῳ

440 2044 536 2095 καὶ⁵
567 2045 627 2097 τὸ
650 2045 824 2109 ζῶντα
847 2049 1210 2118 ἐπαναγαγεῖν
1235 2051 1323 2103 τὸν
1362 2051 1570 2116 Ἰσαὰκ,
1597 2053 1690 2104 καὶ
1717 2051 1778 2104 τὸ
1812 2049 2107 2119 ἀξιωθῆναι

439 2130 534 2183 τοῦ
570 2134 842 2204 ἐγκωμίου
881 2135 975 2189 τοῦ
1012 2138 1268 2206 μεγάλου,
1306 2139 1421 2204 τοῦ,
1462 2137 1614 2210 [479]
1646 2137 1776 2191 Νῦν
1805 2137 1996 2205 ἔγνων
2020 2137 2108 2191 ὅτι

441 2217 597 2286 εεοόιῖ
615 2220 720 2273 τὸν
732 2225 830 2274 Θεὶ
841 2241 880 2276 ν
893 2225 994 2276 σύ·
1012 2223 1126 2277 ἀλλ’
1141 2227 1168 2278 0
1182 2226 1457 2294 φιλότιμος
1471 2228 1590 2288 ταῖς
1605 2227 1830 2295 δωρεαῖς
1843 2225 1928 2277 ἀεὶ
1945 2223 2108 2276 νικῶν

442 2305 537 2359 καὶ
557 2309 675 2369 ταῖς
696 2308 1033 2380 εὐεργεσίαις
1056 2312 1154 2381 τὴν
1182 2313 1385 2364 ἔννοιαν
1413 2310 1510 2382 τὴν
1540 2311 1835 2382 ἡμετέραν,
1869 2309 2110 2378 ἐπιδαψι-

441 2389 654 2445 λεύεται
670 2393 762 2447 καὶ
779 2394 871 2447 νῦν
887 2395 978 2448 τοῦ
995 2397 1202 2450 δικαίου
1219 2397 1316 2468 τὴν
1331 2398 1576 2467 γνώμην,
1595 2397 1688 2451 καὶ
1706 2397 2062 2467 ἀμειϐόμενός
2080 2397 2104 2433 b

443 2493 574 2547 φησι
599 2479 759 2532 πάλιν
786 2481 921 2550 πρὸς
948 2483 1109 2536 αὐτόν
1127 2500 1140 2512 ·
1166 2486 1271 2536 Καὶ
1302 2483 1595 2536 ἐκάλεσεν
1617 2481 1869 2552 ἄγγελος
1889 2485 2107 2552 Κυρίου

443 2564 549 2618 τὸν
589 2567 846 2637 Ἀϐραὰμ
875 2569 1158 2638 δεύτερον
1177 2573 1244 2624 ἐκ
1267 2573 1372 2624 τοῦ
1402 2571 1682 2638 οὐρανοῦ,
1705 2569 1901 2640 λέγων
1925 2588 1938 2601 ·
1971 2573 2106 2624 Κατ’

441 2653 702 2721 ἐμαυτοῦ
727 2654 952 2724 ὤμοσα,
992 2661 1155 2728 λέγει
1190 2661 1419 2726 Κύριος,
1451 2653 1523 2712 οὗ
1556 2660 1788 2712 εἵνεκεν
1815 2659 2109 2725 ἐποίησας

441 2739 508 2792 τὸ
527 2739 695 2808 ῥῆμα
729 2742 937 2796 τοῦτο’
976 2745 1072 2798 καί
1102 2747 1212 2798 οὐκ
1247 2747 1468 2813 ἐφείσω
1503 2743 1606 2798 τοῦ
1669 2745 1803 2798 υίοῦ
1838 2761 1955 2798 σου
2003 2745 2108 2797 τοῦ

441 2825 750 2894 ἀγαπητοῦ
775 2829 848 2881 δι’
876 2827 1063 2900 ἐμὲ,ἦ
1109 2831 1237 2899 μὴν
1292 2830 1564 2900 εὐλογῶν
1629 2829 1944 2900 εὐλογήσω
2002 2847 2099 2895 σε,

443 2912 542 2964 καί
627 2917 950 2981 πληθύνων
1013 2917 1301 2985 πληθυνῶ
1369 2918 1436 2971 τὸ
1502 2917 1740 2986 σπέρμα
1815 2934 1931 2972 σου
1957 2959 1971 2982 ,
2029 2919 2109 2984 ὡς

441 3000 585 3066 τοὺς
628 3002 883 3070 ἀστέρας
939 3006 1044 3058 τοῦ
1093 3006 1350 3073 οὐρανοῦ
1387 3007 1485 3059 καὶ
1507 3007 1588 3072 ὡς
1620 3007 1733 3074 τὴν
1762 3005 1958 3075 ἄμμον
1993 3008 2106 3073 τὴν

445 3089 603 3156 παρά
632 3091 700 3142 τὸ
728 3092 930 3158 χεῖλος
950 3091 1060 3159 τῆς
1091 3092 1428 3158 θαλάσσης,
1453 3094 1549 3145 καὶ
1575 3093 2018 3162 κληρονομήσει
2043 3093 2106 3145 τὸ

443 3177 681 3245 σπέρμα
709 3193 826 3231 σου
856 3178 962 3244 τὰς
986 3181 1192 3244 πόλεις
1244 3178 1360 3231 τῶν
1390 3180 1784 3245 ὑπεναντίων,
1820 3179 1918 3233 καὶ
1944 3181 2111 3232 ἐνευ-

442 3264 884 3332 λοτηθήσονται
927 3265 996 3317 ἐν
1024 3265 1104 3330 τῷ
1147 3265 1443 3334 σπέρματί
1475 3282 1591 3319 σου
1632 3265 1829 3321 πάντα
1859 3270 1930 3321 τὰ
1962 3268 2108 3336 ἔθνη

442 3349 554 3418 τῆς
588 3350 718 3419 γῆς,
732 3353 859 3406 ἀνθ’
873 3347 960 3406 ὧν
987 3353 1341 3419 ὑπήκουσας
1362 3352 1469 3422 τῆς
1482 3353 1629 3424 ἐμῆς
1651 3354 1874 3423 φωνῆς.
1895 3356 2108 3427 Ἐπειδὴ

447 3438 787 3508 ἑπλήρωσας,
819 3440 973 3509 φησὶ,
1003 3439 1063 3492 τὸ
1091 3442 1369 3512 ἐπίταγμα
1393 3442 1453 3494 τὺ
1490 3443 1640 3512 ἐμὸν,
1672 3443 1766 3495 καὶ
1781 3443 1877 3514 τὴν
1905 3445 2108 3498 οἰκείαν

444 3525 690 3595 ὑπακοὴν
741 3527 828 3578 διὰ
871 3527 1086 3580 πάντων
1140 3527 1418 3594 ἐπεδείξω,
1464 3527 1550 3580 διὰ
1599 3528 1753 3582 τοῦτο
1789 3531 1973 3593 ἄκουε,
2027 3531 2109 3584 ὅτι

443 3615 582 3666 Κατ’
604 3615 862 3681 ἐμαυτοῦ
895 3614 1120 3683 ὤμοσα,
1146 3613 1305 3684 λέγει
1335 3617 1565 3684 Κύριος.
1587 3617 1727 3689 Ὅρα
1757 3617 1890 3670 Θεοῦ
1917 3635 2110 3688 συγκα-

442 3699 708 3752 τάϐασιν⁶
759 3701 897 3754 Κατ’
931 3701 1212 3769 ἐμαυτοῦ,
1276 3702 1460 3772 φησὶν,
1497 3702 1723 3770 ὠμοσα,
1761 3704 1846 3756 ἴνα
1889 3704 2108 3776 θαρρεῖν

444 3787 595 3859 ἔχῃς,
630 3790 709 3841 ὅτι
734 3789 947 3851 πάντως
974 3789 1124 3841 ἔσται
1152 3789 1220 3842 τὰ
1260 3791 1390 3859 παρ’
1422 3789 1554 3859 ἐμοῦ
1590 3791 1873 3861 εἰρημένα.
1893 3792 2109 3864 Ἐπειδὴ

443 3879 552 3947 γάρ
575 3877 623 3928 οἱ
655 3876 949 3946 ἄνθρωποι,
987 3875 1123 3928 ἐπάν
1151 3875 1215 3947 δὴ
1247 3876 1408 3946 ὅρκον
1441 3876 1670 3932 ἐπιθῶσι
1697 3881 1809 3941 τοῖς
1837 3879 2109 3946 ἐπαγγελ-

446 3964 606 4026 θείσι,
638 3963 758 4015 τότε
789 3963 863 4026 ὡς
899 3963 1119 4032 βεϐαίαν
1158 3964 1256 4033 τὴν
1309 3963 1599 4033 ὑπόσχεσιν
1629 3964 1932 4035 δεξάμενοι.
1965 3966 2110 4019 οὕτω

443 4050 741 4104 διάκεινται
769 4053 817 4103 οἱ
842 4051 938 4121 τὴν
969 4050 1300 4119 ἐπαγγελίαν
1347 4051 1638 4121 ἐσχηκότες
1661 4069 1673 4081 ·
1708 4052 1795 4105 διὰ
1828 4051 1983 4106 τοῦτο
2017 4053 2109 4106 καὶ

443 4143 474 4192 ὀ
501 4138 774 4208 Δεσπότης
803 4140 868 4208 τῇ
919 4137 1233 4208 ἀνθρωπίνῃ
1278 4137 1533 4208 συνηθείᾳ
1564 4139 1906 4209 χρησάμενός
1936 4156 2068 4209 φησι
2091 4157 2105 4170 ·

445 4225 583 4281 Κατ’
608 4224 864 4293 ἐμαυτοῦ
893 4223 1118 4292 ὤμοσα.
1153 4220 1224 4278 οὗ
1259 4225 1491 4278 εἵνεκεν
1519 4227 1813 4294 ἐποίησας
1845 4226 1912 4279 τὸ
1941 4227 2110 4296 ῥῆμα

444 4312 642 4374 τοῦτο,
673 4311 771 4363 καὶ
822 4312 932 4362 οὐκ
964 4311 1184 4376 ἐφείσω
1220 4309 1326 4362 τοῦ
1349 4310 1485 4363 υίοῦ
1523 4328 1638 4364 σου
1677 4312 1783 4365 τοῦ
1801 4313 2111 4381 ἀγαπητοῦ

445 4399 521 4452 δι’
575 4398 698 4467 ἐμέ.
751 4399 949 4450 Σκόπει
1024 4414 1115 4466 μοι
1164 4396 1572 4468 φιλανθρωπίαν
1638 4399 1929 4452 Δεσπότου.
1986 4403 2110 4453 Οὐκ

447 4487 668 4554 ἐφείσω
695 4485 802 4539 τοῦ
824 4485 958 4538 υἱοῦ
989 4500 1105 4538 σου
1133 4485 1239 4539 τοῦ
1269 4485 1579 4555 ἀγαπητοῦ
1619 4483 1694 4537 δι’
1724 4485 1848 4554 ἐμέ.
1870 4487 1980 4539 Καὶ
2007 4488 2112 4557 μὴν

447 4575 628 4638 ζῶντα
664 4573 825 4626 αὐτὸν
885 4572 1170 4638 ἐπανάγει.
1221 4572 1311 4641 Μὴ
1364 4572 1424 4624 10
1465 4571 1618 4634 τέλος
1670 4573 1806 4643 ἴδῃς,
1839 4574 2110 4644 ἀγαπητέ,

447 4661 584 4715 ἀλλὰ
608 4662 703 4730 τὴν
729 4658 953 4730 γνώμην
986 4660 1144 4729 μάθε,
1179 4659 1297 4730 μεθ’
1325 4655 1393 4730 ἦς
1422 4659 1821 4728 ἀσυλλογίστως
1848 4661 1917 4713 τά
1946 4679 2114 4732 προσ-

446 4748 749 4818 ταττόμενα
775 4746 1036 4817 ἐπλήρου.
1069 4748 1232 4800 Ὅσον
1283 4748 1391 4816 γάρ
1442 4750 1520 4811 εἰς
1562 4749 1900 4818 προαίρεσιν,
1936 4749 2110 4820 ᾕμαξε

444 4837 543 4908 τὴν
567 4835 745 4902 δεξιὰν
772 4833 800 4884 ὁ
830 4833 1194 4904 πατριάρχης,
1230 4834 1322 4886 καὶ
1345 4834 1486 4887 κατά
1514 4834 1612 4904 τῆς
1643 4833 1841 4904 δέρρας
1874 4837 1966 4887 τοῦ
1992 4853 2114 4888 παιη-

443 4925 531 4988 δὺς
559 4924 807 4993 ἐπαφῆκε
832 4923 892 4974 τὸ
938 4922 1110 4990 ξίφος,
1147 4922 1239 4974 καὶ
1279 4921 1690 4993 ἀπηρτισμένην
1740 4923 2114 4992 ἀπειργάσατο

445 5014 543 5083 τὴν
565 5012 753 5064 θυσίαν
776 5026 790 5039 ο
819 5009 882 5062 δι’
907 5009 934 5060 ὂ
959 5009 1051 5061 καὶ
1083 5011 1110 5061 0
1140 5010 1434 5079 Δεσπότης,
1468 5009 1543 5072 ὡς
1586 5011 1660 5072 εἰς
1701 5008 1860 5078 ἔργον
1884 5010 1984 5078 τῆς
2021 5008 2113 5060 θυ-

448 5100 570 5161 σίας
603 5099 931 5169 ἐνεχθείσης,
957 5097 1095 5150 οῦτω
1123 5099 1209 5150 τὸν
1237 5098 1455 5150 ἔπαινον
1473 5096 1564 5149 τοῦ
1581 5096 1789 5148 δικαίου
1811 5096 2110 5166 συντίθησι,

447 5187 543 5240 καί
573 5203 756 5256 φησιν,
792 5187 874 5238 ὅτι
903 5187 1024 5238 Οὐκ
1050 5185 1270 5253 ἐφείσω
1299 5185 1404 5238 τοῦ
1430 5184 1562 5237 vlo?)
1593 5199 1706 5236 σου
1737 5184 1844 5236 τοῦ
1880 5186 2114 5252 ἀγαπη-

445 5274 554 5328 τοῦ
592 5273 665 5325 δι’
847 5274 919 5326 Σὺ
941 5273 1038 5343 μὲν
1055 5274 1156 5326 οὐκ
1185 5257 1384 5340 ἐφείσω
1409 5271 1498 5324 διὰ
1516 5272 1575 5324 τὸ
1597 5271 1726 5338 ἐμὸν
1752 5271 2109 5342 πρόσταγμα·

447 5360 559 5428 ἐγὼ
605 5360 662 5413 δέ
715 5360 1020 5431 ἐφεισάμην
1045 5361 1132 5412 διά
1169 5361 1268 5428 τὴν
1311 5359 1407 5429 σὴν
1455 5358 1720 5426 ὑπακοήν.
1753 5359 1979 5411 ’Ἕνεκεν
2019 5356 2113 5412 οὖν

447 5447 548 5515 τῆς
598 5447 845 5516 ὑπακοῆς
885 5449 1089 5519 ταύτης
1117 5446 1480 5516 ἁμειϐόμενός
1533 5461 1608 5506 σε,
1649 5445 1974 5513 Εὑλογήσω
2018 5462 2111 5510 σε,

449 5531 911 5599 καὶπληθύνων
957 5531 1246 5602 πληθυνῶ
1277 5548 1370 5584 σε.
1397 5531 1536 5600 ’Ὀρα
1565 5531 1812 5597 εὐλογίας
1845 5531 2112 5594 ἐπίτασιν,

451 5621 570 5673 ἀντὶ
600 5620 713 5685 τοῦ,
738 5619 860 5674 Ἐπί
872 5621 1030 5673 πλέον
1061 5620 1312 5691 πληθυνῶ
1343 5619 1402 5671 τὸ
1426 5619 1646 5690 σπέρμα
1671 5635 1782 5672 σου.
1815 5613 1978 5682 Οὗτος
2005 5619 2114 5691 γὰρ

513 5707 543 5768 ξ
571 5709 794 5768 Ouinque
819 5722 930 5756 mss.
957 5710 1234 5766 ἐπισκοπήν.

513 5764 666 5836 ΕΚαὶ
683 5764 1007 5836 ,ἀμειϐόμενος
1030 5764 1190 5829 potest
1229 5771 1308 5836 hic;
1332 5769 1516 5830 duplici
1553 5767 1695 5815 modo
1719 5765 1950 5826 intelligi,
1972 5773 2022 5836 el_
2038 5767 2108 5816 vi-

452 5827 623 5879 cissim
643 5827 908 5892 alloquens}
931 5833 1009 5878 vel
1033 5827 1074 5880 bl
1099 5827 1413 5892 respondens;
1433 5844 1531 5891 quo
1555 5842 1702 5892 seusu
1731 5836 1988 5888 usurpatur
2010 5829 2114 5878 haec

455 5903 544 5937 vox
570 5889 856 5952 saepissime,
882 5895 958 5939 vel
985 5889 1220 5952 explicari
1263 5889 1513 5952 polesuet
1532 5889 1742 5938 vicissim
1781 5902 2112 5948 remmwruns,

455 5953 561 6001 sne
583 5959 627 6015 ei
645 5951 846 6002 munera
864 5964 954 6013 pro
973 5951 1247 6003 muneribus
1273 5951 1496 6015 reddens,
1511 5959 1564 6004 ei
1580 5952 1673 6002 hoc
1694 5952 1955 6014 posteriori
1973 5953 2116 6002 modo

455 6027 576 6079 pulo
599 6013 679 6063 hic
699 6015 838 6063 inlell
861 6015 1075 6074 gendum
1110 6026 1238 6064 esse.

1272 381 1328 434 S.
1383 378 1669 436 JOANNIS
1713 372 2205 433 CIIRYSOSTOMI
2237 370 2556 428 ARCIIIEP.
2594 369 3138 429 CONSTANTINOP.

3782 371 3904 428 ιτε

2216 494 2245 545 0
2288 494 2354 562 τῇ
2387 491 2581 562 γνώμῃ
2614 506 2707 542 σου
2743 487 3119 558 σφαγιασθεὶς,
3162 485 3333 548 οὕτως
3362 486 3442 548 εἰς
3471 485 3675 556 πλῆθος
3697 488 3906 540 ἐκτει-

2211 579 2432 648 νόμενον
2453 576 2562 641 ἐξει
2595 577 2656 628 τὸ
2693 575 2932 644 σπέρμα,
2966 575 3041 636 ὼς
3069 576 3182 636 τοῖς
3222 573 3442 643 ἄστροις
3474 573 3569 625 καὶ
3601 576 3670 643 τῇ
3705 574 3904 643 ἄμμῳ

2211 664 2609 736 παρισωθῆναι,
2635 663 2745 716 Καὶ
2777 661 2971 714 πάντα
3007 660 3079 713 τὰ
3109 661 3255 726 ἔθνη
3297 661 3787 729 ἐνευλογηθῆναι
3823 660 3905 712 ἐν

2211 749 2291 815 τῷ
2320 750 2615 820 σπέρματί
2626 765 2762 814 σου,
2781 749 2909 802 ἀνθ’
2935 742 3024 801 ὧν
3049 747 3405 812 ὑπήκουσας
3432 747 3543 816 τῆς
3574 748 3735 816 ἐμῆς
3765 765 3903 815 φω-

2213 836 2346 904 νῆς.
2375 837 2558 891 Ταῦτα
2584 836 2640 889 δέ
2670 853 2772 898 σοι,
2801 836 2982 905 φησὶν,
3018 835 3229 887 ἅπαντα
3265 833 3520 887 ἔσταιδιά
3549 833 3648 904 τὴν
3676 833 3900 903 πολλὴν

2215 925 2478 996 ὑπακοήν.
2511 920 2656 996 Ἀρα
2706 924 2813 976 τῶν
2864 923 3070 993 μυρίων
3112 924 3246 991 ἡμῖν
3287 922 3504 989 ἀγαθῶν
3551 920 3830 991 πρόξενον
3868 931 3896 958 ⁸

2214 1012 2423 1079 γίνεται
2452 1011 2512 1064 τὸ
2542 1010 2833 1064 ὑπακούειν
2866 1009 2944 1079 τῷ
2979 1009 3245 1078 Δεσπότῃ.
3273 1009 3369 1060 καὶ
3395 1006 3677 1059 πείθεσθαι
3710 1006 3897 1060 αὑτοῦ

2213 1101 2326 1162 τοῖς
2353 1099 2752 1169 προστάγμασι,
2781 1098 2874 1151 καί⁵
2903 1097 3100 1166 ὁμοίως
3133 1095 3208 1164 τῷ
3237 1095 3548 1165 πατριάρχῃ
3590 1093 3780 1162 τούτῳ
3816 1092 3898 1163 μὴ

2216 1185 2668 1256 περιεργάζεσθαι
2731 1185 2799 1237 τὰ
2855 1185 2984 1254 παρ’
3039 1181 3203 1236 αὐτοῦ
3248 1181 3681 1250 ἐπιταττόμενα⁶
3749 1179 3901 1232 ἀλλὰ

2213 1273 2465 1344 καθάπερ
2491 1272 2834 1342 εὐγνώμονας
2853 1271 3068 1332 οἰκέτας
3090 1267 3331 1340 πληροῦν
3357 1268 3425 1321 τὰ
3452 1267 3898 1336 διατεταγμένα,

2215 1362 2308 1413 καί
2363 1361 2450 1413 τὸν
2516 1360 2651 1430 ὑπὲρ
2691 1358 2896 1412 τούτων
2927 1358 3083 1425 λόγον
3113 1359 3460 1426 παραχωρεῖν
3488 1353 3563 1424 τῷ
3590 1355 3896 1424 Δεσπότης

2229 1449 2354 1502 Ἐὰν
2378 1443 2469 1500 οὖν
2505 1448 2645 1501 οὕτω
2677 1447 3054 1516 παιδεύσωμεν
3111 1446 3353 1507 ἐαυτοὺς,
3399 1442 3744 1513 δυνησόμεθα
3794 1444 3899 1495 καὶ

2214 1538 2312 1607 τὴν
2345 1536 2514 1606 αὐτὴν
2566 1535 2808 1604 ὑπακοὴν
2849 1533 2924 1603 τῷ
2967 1531 3156 1602 δικαίῳ
3197 1529 3582 1596 ἐπιδείξασθαι,
3633 1529 3732 1582 καὶ
3775 1530 3896 1582 τῶν

2217 1622 2396 1675 αὐτῶν
2422 1621 2697 1690 στεφάνων
2741 1622 3037 1690 ἐπιτυχεῖν.
3077 1617 3199 1680 [Ιῶς
3229 1618 3285 1670 δέ
3306 1617 3716 1686 ὐπακούσομεν;
3758 1616 3900 1669 Ἐὰν

2215 1711 2315 1773 τὰς
2355 1709 2570 1769 ἐντολὰς
2631 1707 2795 1761 αὐτοῦ
2829 1707 2917 1760 διά
2950 1706 3055 1759 τῶν
3094 1705 3268 1774 ἔργων
3294 1703 3444 1776 [480]
3474 1703 3896 1775 πληρώσωμεν.

2210 1799 2291 1850 Οὐ
2306 1797 2416 1864 γὰρ
2443 1799 2495 1849 οί
2524 1795 2997 1865 ἀκροαταί,φησὶ,
3020 1794 3125 1846 τοῦ
3149 1795 3335 1862 νόμου
3359 1792 3898 1857 δικαιωθήσονται,

2215 1885 2350 1938 ἀλλ’
2389 1886 2442 1938 οί
2471 1882 2730 1950 ποιηταί.
2757 1883 2820 1934 Τί
2846 1881 2954 1952 γὰρ
2986 1880 3196 1950 δφελος,
3221 1880 3316 1933 ἐὰν
3353 1879 3475 1932 καθ’
3508 1880 3750 1948 ἑκάστην
3789 1879 3900 1948 μὲν

2216 1969 2520 2040 ἀκούωμεν,
2551 1968 2838 2039 ἀμελῶμεν
2864 1968 2920 2021 δέ
2941 1968 3040 2037 τῆς
3060 1967 3261 2020 τούτων
3285 1967 3574 2034 ἐργασίας;
3597 1965 3688 2016 Διὸ
3702 1982 3900 2035 παρα-

2216 2048 2382 2111 καλῶ,
2418 2049 2510 2100 ἐπὶ
2543 2047 2638 2118 τὴν
2663 2046 2920 2118 ἐργασίαν
2949 2045 3127 2100 αὐτῶν
3156 2045 3263 2098 τῶν
3297 2045 3475 2116 ἔργων
3517 2044 3852 2112 σπεύσωμεν
3874 2060 3891 2072 ·

2214 2127 2337 2179 οὐδέ
2365 2127 2473 2196 γὰρ
2500 2127 2672 2188 ἄλλως
2717 2125 2953 2194 σωθῆναι
2981 2125 3204 2177 δυνατόν
3232 2142 3243 2153 ·
3273 2124 3358 2176 ἵνα
3404 2124 3498 2176 καί
3535 2123 3600 2174 τά
3625 2125 3897 2192 ἡμαρτη-

2220 2204 2356 2275 μένα
2411 2204 2822 2274 ἀπονιψώμεθα,
2851 2203 2943 2256 καὶ
2983 2205 3080 2273 τῆς
3113 2205 3242 2270 παρ’
3273 2201 3436 2254 αὐτοῦ
3476 2201 3568 2252 τοῦ
3603 2200 3894 2252 Δεσπότου

2218 2284 2621 2354 φιλανθρωπίας
2673 2283 3009 2352 ἀξιωθῶμεν,
3065 2281 3247 2351 χάριτι
3303 2281 3395 2332 καὶ
3430 2283 3733 2349 οἰκτιρμοῖς
3791 2277 3894 2331 τοῦ

2217 2365 2421 2431 Κυρίου
2446 2362 2599 2432 ἡμῶν
2637 2362 2809 2430 Ἰησοῦ
2832 2359 3086 2431 Χριστοῦ,
3117 2360 3234 2430 μεθ’
3263 2354 3324 2412 οῦ
3362 2359 3438 2429 τῷ
3468 2360 3640 2429 Πατρί
3677 2357 3892 2428 ήδόξα,

2219 2443 2332 2511 ἅμα
2364 2441 2440 2510 τῷ
2483 2442 2622 2510 ἁγίῳ
2650 2441 2744 2492 καί
2796 2439 3041 2509 ζωοποιῷ
3084 2437 3383 2508 Πνεύματι,
3407 2437 3502 2490 νῦν
3523 2439 3616 2490 καὶ
3647 2437 3761 2498 ἀεὶ,
3792 2439 3896 2489 καὶ

2217 2521 2297 2581 είς
2325 2521 2446 2583 τοὺς
2480 2519 2677 2574 αἰῶνας
2704 2517 2812 2569 τῶν
2844 2517 3074 2570 αἰώνων.
3127 2517 3319 2587 Ἀμήν.

2835 2605 3076 2658 υΜΙΛΙΑ
3124 2605 3263 2657 MH'.

2231 2694 2671 2761 Ἀπεκρίθησαν
2697 2692 2764 2744 δὲ
2786 2697 2836 2744 οἰ
2866 2691 2981 2746 υἱοὶ
3003 2690 3109 2743 τοῦ
3147 2691 3268 2761 Χὲζ
3283 2689 3432 2758 πρὸς
3483 2689 3751 2761 Ἀϐραὰμ,
3785 2687 3892 2761 καί

2287 2757 2464 2817 εἶπαν
2483 2782 2494 2793 ·
2532 2757 2828 2826 Βασιλεὺς
2849 2762 3005 2829 παρὰ
3037 2761 3183 2829 Θεοῦ
3217 2757 3272 2812 εί
3297 2757 3378 2813 σὺ
3399 2761 3467 2812 ἐν
3485 2760 3648 2826 ἡμῖν,
3672 2760 3744 2810 ἐν
3761 2758 3894 2822 τοῖς

2287 2833 2591 2897 ἐκλεκτοῖς
2611 2828 3116 2901 μνημείοιςημῶν
3137 2830 3335 2898 θάψον
3361 2829 3467 2882 τὸν
3490 2829 3708 2895 νεκρόν
3740 2845 3889 2881 σου.

2288 2920 2468 2974 Εἷδετε
2497 2919 2638 2989 χθὲς,
2665 2919 2955 2989 ἀγαπητοὶ,
2974 2918 3065 2970 τοῦ
3096 2918 3432 2987 πατριάρχου
3457 2916 3553 2986 τὴν
3587 2915 3851 2989 ἀνδρείαν
3872 2931 3890 2944 ·

2217 2999 2385 3052 εἴδετε
2417 2988 2593 3067 ψυχὴν
2621 2988 2922 3065 ἀδάμαντος
2953 2996 3332 3067 στερροτέραν,
3367 2994 3501 3059 πῶς,
3541 2994 3599 3046 τὸ
3629 2988 3769 3062 ἧκον
3810 2995 3894 3056 εἰς

2217 3079 2400 3140 αὐτὸν,
2431 3079 2516 3130 διὰ
2546 3077 2636 3129 τὸν
2682 3077 2808 3143 περὶ
2849 3074 2939 3126 τὸν
2976 3073 3108 3126 Θεὸν
3136 3074 3296 3125 πόθον
3338 3074 3516 3142 ἱερεὺς
3556 3071 3651 3124 τοῦ
3697 3071 3892 3132 παιδὸς

2217 3159 2454 3227 ἐγένετο,
2496 3156 2588 3208 καὶ
2633 3158 2700 3226 τῇ
2763 3155 2857 3224 μέν
2885 3152 3077 3222 γνώμῃ
3128 3152 3302 3222 ᾕμαξε
3340 3154 3436 3220 τὴν
3467 3149 3670 3214 δεξιὰν,
3698 3152 3798 3202 καὶ
3831 3150 3894 3201 τὸ

2221 3239 2412 3308 ἱερεῖον
2474 3236 2813 3306 προσήνεγκε
2837 3250 2850 3263 ·
2881 3233 2967 3285 διά
2996 3233 3052 3286 δέ
3087 3232 3184 3301 τὴν
3227 3232 3434 3298 ἄφατον
3473 3231 3566 3308 τοῦ
3597 3230 3730 3282 Θεοῦ
3769 3229 3895 3308 φιλ-

2217 3307 2527 3386 ανθρωπίαν
2576 3314 2714 3366 σῶον
2765 3313 2860 3364 καὶ
2917 3312 3041 3379 ὑγιῆ
3089 3311 3181 3363 τὸν
3212 3310 3377 3363 παῖδα
3418 3307 3597 3361 λαϐὼν
3633 3307 3889 3376 ἐπανῄει,

2218 3396 2311 3448 καὶ
2345 3393 2452 3448 ἀπὸ
2485 3393 2582 3462 τῆς
2613 3391 2984 3463 προαιρέσεως
3035 3388 3430 3458 ἀνεκηρύττετο
3467 3389 3495 3439 0
3541 3387 3894 3456 πατριάρχης

2218 3474 2310 3526 καὶ
2357 3473 2448 3524 τὸν
2498 3471 2760 3540 στέφανον
2807 3467 3058 3539 λαμπρὸν
3088 3467 3401 3536 ἀνεδήσατο,
3444 3466 3536 3519 καὶ
3568 3465 3759 3517 τοῦτον
3798 3466 3896 3516 τὸν

2216 3552 2518 3604 τελευταῖον
2550 3549 2734 3617 ἀγῶνα
2764 3548 3089 3617 ἠγωνίσατο,
3122 3546 3216 3598 καὶ
3267 3544 3355 3597 διὰ
3394 3546 3610 3597 πάντων
3640 3543 3700 3594 τὸ
3731 3541 3895 3609 φιλό-

2217 3631 2337 3683 θεον
2368 3628 2531 3682 αὐτοῦ
2553 3629 2653 3698 τῆς
2682 3627 2906 3696 γνώμης
2930 3623 3258 3687 ἐπεδείξατο.
3284 3623 3511 3691 Ἴδωμεν
3538 3617 3566 3656 (³
3591 3621 3682 3672 καὶ
3708 3621 3895 3687 σήμε-

2220 3726 2311 3779 ρον
2354 3707 2448 3761 τοῦ
2496 3708 2702 3760 δικαίου
2748 3705 2938 3759 τούτου
2978 3704 3040 3756 τὸ
3094 3704 3462 3773 φιλόστοργον,
3491 3704 3621 3770 ὅσην
3654 3700 3896 3751 ποιεῖται

2215 3777 2310 3839 τοῦ
2358 3787 2545 3848 παιδὸς
2578 3786 2676 3855 τὴν
2724 3783 3301 3854 κηδεμονίαν.Ἑπειδὴ
3355 3781 3464 3851 γὰρ
3505 3780 3642 3850 μετά
3667 3778 3727 3828 τὸ
3777 3777 3895 3830 ἀπὸ

2217 3866 2316 3936 τῆς
2346 3863 2535 3928 θυσίας
2557 3864 2758 3935 ταύτης
2781 3863 3090 3916 ἐπανελθεῖν
3111 3863 3207 3932 τῆς
3231 3864 3423 3930 καινῆς
3457 3861 3549 3912 καὶ
3581 3855 3894 3936 παραδόξου

2217 3935 2485 4009 διεδέξατο
2539 3941 2700 3996 αὐτὸν
2743 3941 2844 4010 τῆς
2885 3943 3102 4012 Σάρρας
3140 3941 3198 3992 τὸ
3240 3939 3457 4002 πένθος,
3483 3939 3710 4006 αἰτήσας
3734 3935 3897 4003 παρά

2218 4022 2328 4074 τῶν
2360 4021 2492 4073 υἱῶν
2526 4021 2634 4073 Χέτ
2669 4021 2861 4089 κτῆσιν
2912 4020 3104 4087 τάφου,
3135 4020 3230 4070 καὶ
3256 4018 3555 4087 πριάμενος
3587 4014 3676 4066 τὸν
3696 4012 3893 4072 τόπον,

2220 4099 2456 4153 ἀπέθετο
2485 4100 2574 4151 τὸν
2593 4100 2803 4170 νεκρὸν,
2834 4098 2926 4151 καὶ
2953 4097 3154 4165 ταύτην
3186 4093 3406 4165 πρώτην
3437 4092 3611 4164 ἀρχὴν
3641 4091 3898 4160 κτήσεως

2220 4184 2452 4232 ποιεῖται
2497 4181 2524 4229 0
2563 4169 2905 4248 πατριάρχης
2950 4176 3036 4228 διὰ
3077 4176 3177 4244 τὴν
3214 4175 3313 4242 τῆς
3347 4173 3563 4243 Σάρρας
3607 4169 3893 4239 τελευτήν.

2220 4261 2488 4314 Δεικνῦσα
2509 4259 2615 4332 γάρ
2633 4261 2765 4328 ήμῖν
2790 4260 2822 4328 ή
2857 4257 2973 4309 θεία
2996 4255 3186 4327 Γραφὴ
3212 4254 3300 4306 διὰ
3321 4253 3537 4332 πάντων
3559 4251 3654 4303 τοῦ
3676 4251 3894 4332 δικαίου

2219 4341 2318 4410 τὴν
2337 4339 2557 4410 ἀρετὴν,
2572 4329 2663 4391 καὶ
2678 4339 2758 4389 ὅτι
2780 4336 2856 4398 ώς
2883 4336 3141 4406 πάροικος
3159 4335 3252 4386 καὶ
3277 4331 3546 4404 παρεπίδη
3556 4347 3652 4399 μος
3673 4329 3896 4381 ἅπαντα

2221 4407 2504 4487 διῆγετδν
2532 4419 2744 4488 χρόνον,
2780 4414 3046 4468 καὶτοῦτο
3066 4413 3470 4482 ἐπεσημήνατο,
3491 4411 3576 4462 ἵνα
3602 4407 3890 4488 μάθωμεν,

2221 4498 2302 4550 ὅτι
2346 4499 2373 4550 0
2417 4487 2683 4564 τοσαύτης
2729 4491 3014 4548 ἀπολαύων
3053 4492 3151 4559 τῆς
3184 4490 3387 4544 ἀνωθεν
3434 4487 3763 4558 συμμαχίας,
3793 4487 3895 4540 καὶ

2220 4576 2361 4629 οὓτω
2378 4576 2681 4645 περιφανὴς
2705 4570 2962 4640 γεγονὼς,
2992 4571 3084 4623 καὶ
3105 4572 3196 4621 ἐπὶ
3219 4567 3470 4622 τοσοῦτον
3499 4567 3696 4637 πλῆθος
3719 4568 3893 4618 ἔκτα--

2224 4656 2355 4717 θεὶς,
2388 4644 2587 4708 οἰκεῖον
2620 4653 2780 4705 τόπον
2823 4652 2921 4702 οὐκ
2971 4651 3256 4720 ἐκτήσατο,
3288 4647 3538 4717 καθάπερ
3576 4646 3670 4697 νῦν
3701 4644 3896 4699 πολλοὶ

2222 4733 2482 4790 ποιοῦσιν,
2518 4733 2718 4802 ἀγροὺς
2747 4731 2838 4783 καὶ
2864 4729 3074 4797 κώμας,
3111 4729 3203 4780 καὶ
3233 4727 3432 4795 πολλήν
3461 4741 3585 4777 τινα
3618 4723 3709 4776 καὶ
3740 4722 3896 4791 ἄφα-

2221 4831 2312 4865 τον
2344 4798 2657 4882 περιουσίαν
2701 4807 3072 4862 κατακτᾶσθαι
3123 4804 3510 4868 σπουδάζοντες
3541 4813 3586 4853 θ.
3620 4798 3745 4871 Εἶχε
3776 4800 3896 4872 γὰρ

2222 4880 2495 4958 ἀρκοῦντα
2554 4887 2778 4940 πλοῦτον
2814 4887 2903 4937 τὸν
2951 4885 3057 4937 ἀπὸ
3093 4886 3190 4954 τῆς
3227 4883 3474 4953 γνώμης,
3512 4883 3608 4934 καὶ
3633 4880 3894 4958 οὐδεμίαν

2221 4957 2350 5038 περὶ
2379 4969 2549 5021 ταῦτα
2575 4969 2806 5017 ἐποιεῖτο
2833 4964 2928 5034 τὴν
2961 4965 3213 5032 σπουδήν.
3233 4961 3606 5014 Ἀκουέτωσαν
3622 4961 3670 5011 οἱ
3692 4957 3895 5026 ἀθρόον

2222 5037 2314 5099 καί
2335 5049 2392 5098 ἐν
2433 5047 2530 5116 μιᾷ
2561 5043 2752 5113 καιροῦ
2779 5044 2916 5112 ῥοπῇ
2945 5042 3014 5094 τά
3044 5041 3258 5094 πάντων
3290 5037 3760 5108 περιϐαλλόμενοι,
3794 5037 3896 5089 καὶ

2223 5124 2517 5194 πανταχοῦ,
2549 5124 2623 5185 ὡς
2657 5125 2850 5183 εἰπεῖν,
2881 5122 2979 5191 τῆς
3004 5121 3211 5182 οἰκείας
3234 5118 3547 5183 πλεονεξίας
3568 5116 3666 5186 τὴν
3697 5115 3894 5168 ἐπιθυ-

2226 5204 2353 5272 μίαν
2387 5203 2737 5263 ἐκτείνοντες,
2765 5202 2856 5252 καὶ
2881 5198 3250 5269 μιμείσθωσαν
3276 5197 3366 5249 τὸν
3394 5194 3757 5265 πατριάρχην,
3796 5194 3893 5246 τὸν

2222 5271 2341 5334 οὐδὲ
2397 5283 2530 5334 ὅπου
2587 5279 2794 5348 καταθῇ
2842 5280 2938 5346 τῆς
2969 5279 3182 5348 Σάρρας
3223 5275 3281 5328 τὸ
3313 5274 3563 5342 λείψανον
3591 5271 3888 5341 ἐσχηκότα,

2226 5360 2417 5430 μέχρις
2447 5360 2556 5419 ὅτε,
2587 5359 2680 5410 καὶ
2702 5358 2794 5409 ὑπ’
2819 5357 2986 5425 αὐτῆς
3009 5356 3103 5422 τῆς
3129 5353 3372 5422 ἀνάγκης
3394 5349 3724 5430 ὠθούμενος,
3745 5349 3894 5430 (ἕνῇ...

2226 5428 2354 5490 σατο
2383 5438 2472 5490 τὸν
2538 5436 2705 5507 ἀγρὸν
2747 5436 2839 5488 καί
2865 5435 2925 5486 τὸ
2955 5433 3217 5500 σπήλαιον
3261 5431 3412 5501 παρά
3441 5430 3550 5482 τῶν
3588 5429 3720 5507 υἱῶν
3751 5428 3887 5484 Χέτ.

2226 5515 2348 5566 Ὅτι
2370 5519 2478 5586 γὰρ
2508 5506 2865 5584 περίϐλεπτος
2906 5507 2974 5581 ἦν
3009 5510 3158 5581 παρά
3191 5512 3302 5572 τοίς
3341 5508 3440 5580 τὴν
3475 5506 3789 5586 Χαναναίαν
3818 5510 3895 5560 οἰ-

2222 5593 2428 5655 κοῦσιν,
2449 5584 2620 5648 ⁷δίκουε
2648 5593 2753 5646 τῶν
2772 5590 2902 5645 υἰῶν
2925 5591 3029 5643 Χέτ
3065 5589 3198 5659 πρὸς
3228 5589 3388 5642 αὐτὸν
3419 5589 3710 5654 λεγόντων·
3734 5584 3888 5660 [481]

2220 5672 2520 5738 Βασιλεὺς
2539 5671 2696 5740 παρὰ
2715 5670 2864 5724 Θεοῦ
2889 5667 2970 5722 σὺ
2991 5665 3046 5720 εἷ
3064 5667 3132 5736 ἐν
3161 5667 3322 5736 ἡμῖν,
3345 5667 3414 5720 ὲν
3433 5665 3559 5730 τοῖς
3581 5666 3890 5734 ἐκλεκτοῖς

2203 5798 2206 5801 -
2288 5773 2310 5831 ς
2335 5769 2485 5819 Savil.
2512 5777 2564 5818 el
2588 5771 2724 5830 pauci
2751 5782 2863 5816 mss.
2899 5768 3132 5831 πρόξενος,
3157 5767 3437 5831 quaelepliq
3466 5778 3561 5812 non
3584 5763 3886 5831 sgéruefida.

2285 5830 2312 5870 ά
2341 5831 2488 5880 Savil.
2517 5839 2569 5877 ei.
2589 5823 2681 5878 'sex
2730 5843 2843 5877 mss.
2865 5823 3152 5890 ἠγωνίσατο,
3176 5823 3252 5890 ἵνα
3275 5828 3351 5874 διὰ
3369 5827 3560 5890 πάντων
3595 5823 3652 5872 τὸ
3677 5823 3894 5887 φιλόθεον

2221 5892 2366 5942 αὐτοῦ
2388 5899 2470 5950 τῆς
2491 5895 2678 5953 γνώμης
2700 5893 2848 5938 ἅπασι
2867 5886 3056 5953 γένηται
3076 5888 3358 5953 κατάδηλον.
3387 5886 3608 5953 ἰδωμεζι

2248 5966 2311 6063 re
2327 5947 2458 6063 Huic}
2485 5947 2808 6000 κατακτᾶσθαι
2853 5947 3208 6012 σπουδάζοντες,
3241 5949 3423 5998 desunt
3456 5947 3515 5996 in
3553 5947 3705 6000 Savil.
3743 5951 3796 5995 et
3831 5949 3889 5998 111

2218 6030 2245 6066 a
2271 6027 2381 6076 iquo
2435 6026 2551 6062 mss.
