4084 6356
352 384 456 441 ιδδ

350 499 458 558 vit;
486 492 573 549 hic
604 492 846 548 homines
874 490 942 546 ab
978 504 1161 546 errore
1189 488 1450 553 liberavit,
1482 495 1537 540 et
1565 484 1630 539 ad
1658 484 1935 539 veritatem

352 586 597 650 reduxit;
632 584 722 639 hic
765 594 961 637 terram
991 580 1178 635 caelum
1218 579 1381 645 fecit,
1410 593 1517 634 non
1557 578 1939 633 elementorum
1980 644 1987 649 _

354 676 631 730 immutata
672 684 883 741 natura,
930 673 1023 729 sed
1050 673 1458 727 conversatione
1482 670 1681 726 caelesti
1708 667 1942 723 homini-

355 767 457 821 bus
481 781 642 835 super
672 775 872 820 terram
901 764 1215 835 degentibus
1243 763 1422 817 allata.
1453 764 1556 818 Per
1584 762 1728 816 hunc
1762 758 1942 814 omnis

355 859 656 913 daemonum
687 858 866 913 cultus
891 858 1097 912 solutus
1122 865 1241 921 est;
1275 872 1370 926 per
1388 856 1529 910 hunc
1558 854 1751 909 factum
1781 860 1864 907 est
1885 860 1945 905 ut

356 966 462 1005 non
493 949 784 1004 adorentur
806 949 1012 1018 lapides
1038 957 1091 1003 et
1137 948 1277 1019 ligna
1305 948 1373 1002 ab
1400 947 1739 1001 hominibus:
1768 954 1825 999 et
1852 943 1944 1013 qui

356 1042 565 1095 ratione
595 1040 942 1109 prmdilisunl.
966 1051 1089 1095 ante
1118 1038 1446 1094 insensibilia
1491 1052 1596 1091 non
1622 1035 1904 1106 procidunt
1924 1074 1941 1099 ,

354 1131 451 1186 sed
465 1131 639 1186 omnis
652 1132 781 1186 abiit
793 1146 964 1192 error,
999 1141 1050 1186 et
1071 1131 1308 1185 veritatis
1328 1130 1419 1184 lux
1437 1129 1620 1183 orbem
1640 1126 1939 1181 illustravit.

426 1223 481 1277 4.
519 1220 709 1277 Vidisti
735 1223 976 1277 veritatis
1000 1221 1403 1276 excellentiam?
1449 1219 1627 1275 vidisti
1655 1216 1780 1287 quid
1826 1232 1946 1270 utn—

354 1313 451 1367 bra
474 1352 492 1379 ,
523 1312 649 1382 quid
677 1312 915 1366 veritas?
954 1313 1041 1367 l4.
1092 1312 1156 1366 Et
1179 1312 1401 1377 vocavit,
1432 1310 1605 1380 inquit
1627 1351 1642 1374 ,
1689 1307 1945 1362 Abraham

357 1420 540 1457 nomen
567 1404 666 1457 loci
707 1404 845 1457 illius
868 1444 885 1470 ,
918 1402 1170 1458 Dominus
1195 1401 1317 1457 vidit
1342 1418 1361 1456 :
1386 1413 1438 1456 ut
1478 1402 1649 1455 dicant
1670 1401 1820 1454 hodie
1842 1441 1856 1465 ,
1891 1399 1946 1453 in

355 1504 526 1547 monte
565 1494 813 1548 Dominus
837 1496 971 1549 visus
1012 1504 1103 1549 est.
1136 1494 1269 1549 Vide
1288 1493 1416 1563 justi
1458 1494 1761 1562 religiosam
1792 1508 1945 1546 men-

358 1598 463 1639 tem
485 1628 502 1652 ,
533 1586 803 1655 quomodo
831 1587 1024 1655 ubique
1050 1601 1115 1641 ex
1146 1586 1209 1640 iis
1236 1601 1353 1655 quae
1383 1584 1685 1640 acciderant
1712 1584 1947 1654 appella-

356 1679 532 1733 tiones
572 1678 702 1733 locis
731 1679 976 1748 imponit.
1006 1678 1375 1733 Visitationem
1400 1679 1542 1734 enim
1565 1692 1596 1731 a
1621 1678 1730 1732 Deo
1750 1674 1944 1731 factam

356 1769 542 1823 volens
590 1771 741 1839 quasi
786 1770 838 1824 in
882 1770 1133 1825 columna
1162 1785 1302 1825 terea
1350 1769 1651 1839 insculpere
1689 1769 1807 1823 loco
1852 1783 1948 1838 per

356 1861 807 1928 appellationem,
862 1860 1065 1915 Vocavit
1116 1878 1297 1915 nomen
1347 1860 1477 1926 loci,
1510 1860 1757 1915 Dominus
1801 1860 1943 1913 vidit.

355 1951 667 2006 Sufliciebat
690 1951 902 2022 quidem
930 1952 1077 2022 justo
1100 1966 1198 2022 pro
1225 1952 1445 2021 prmmio
1465 1993 1479 2016 ,
1506 1950 1647 2020 quod
1685 1951 1835 2004 vivus
1863 1964 1944 2004 re-

355 2044 499 2098 diret
548 2043 813 2109 lsaac,et
838 2043 979 2114 quod
1033 2044 1257 2099 meritus
1309 2052 1455 2098 esset
1505 2042 1652 2097 illam
1689 2043 1947 2098 eximiam

359 2136 609 2201 laudent,
654 2153 849 2205 nempe
875 2136 1018 2207 quod
1041 2136 1207 2191 dicit:
1238 2134 1390 2190 Nunc
1421 2136 1629 2207 cognovi
1651 2135 1784 2205 quod
1805 2136 1947 2189 times

361 2225 526 2280 Deum
554 2238 607 2282 tu
638 2242 657 2282 :
681 2237 1046 2282 verumtamen
1074 2227 1121 2282 is
1141 2227 1231 2297 qui
1260 2227 1417 2282 donis
1435 2236 1645 2282 certare
1673 2226 1856 2295 cupit,
1893 2233 1947 2280 et

360 2318 633 2374 beneﬁciis
656 2335 871 2389 semper
905 2321 1069 2375 vincit
1093 2330 1330 2376 mentem
1372 2328 1610 2374 nostram
1630 2361 1649 2387 ,
1670 2320 1796 2387 justi
1826 2320 1947 2373 ani-

360 2426 506 2464 mum
558 2412 721 2465 variis
762 2421 993 2466 exornat
1037 2412 1308 2482 praemiis,
1361 2421 1417 2467 et
1440 2411 1611 2480 inquit
1642 2412 1833 2465 iterum
1879 2409 1947 2465 ad

362 2501 508 2555 illum
532 2518 545 2554 :
578 2503 663 2557 l5.
688 2500 753 2555 Et
778 2503 969 2555 vocavit
994 2502 1203 2573 angelus
1222 2501 1431 2556 Domini
1452 2501 1706 2554 Abraham
1729 2501 1947 2555 secundo

362 2594 426 2646 de
452 2594 597 2659 caelo,
624 2593 796 2647 dicens
826 2610 844 2647 :
870 2593 959 2648 16.
987 2593 1091 2648 Per
1115 2595 1461 2665 memetipsum
1479 2595 1674 2662 iuravi,
1702 2593 1821 2648 dicit
1843 2593 1950 2647 Do-

362 2688 547 2751 minus,
576 2703 634 2740 eo
673 2687 808 2757 quod
836 2688 997 2757 fecisti
1050 2686 1251 2740 verbum
1286 2687 1414 2753 hoc,
1467 2696 1514 2740 et
1542 2703 1643 2740 non
1682 2687 1948 2757 pepercisti

363 2780 471 2847 [ilio
517 2788 603 2833 tuo
629 2779 811 2834 dilecto
863 2789 1067 2850 propter
1092 2796 1208 2845 me,
1243 2780 1333 2834 17.
1391 2781 1614 2849 profecto
1656 2779 1947 2834 benedicens

362 2870 653 2923 benedicam
679 2880 726 2923 te
743 2910 761 2936 ,
782 2881 829 2925 et
859 2871 1201 2942 multiplicans
1234 2872 1580 2942 multiplicabo
1608 2889 1774 2926 semen
1805 2883 1949 2926 tuum

358 2962 493 3012 sicut
530 2961 703 3015 stellas
727 2961 872 3025 cteli,
905 2971 951 3015 et
979 2963 1106 3016 sicut
1158 2979 1362 3016 arenam
1408 2979 1523 3032 qua:
1569 2973 1638 3017 est
1679 2963 1732 3015 in
1784 2963 1949 3017 liuore

362 3050 517 3102 maris
541 3066 558 3113 ,'
584 3060 631 3103 et
655 3050 926 3103 hereditate
954 3051 1223 3119 possidebit
1248 3067 1413 3105 semen
1440 3061 1583 3105 tuum
1606 3052 1828 3106 civitates
1852 3053 1947 3106 Ito-

362 3142 533 3201 stium.
576 3142 662 3196 i8.
696 3152 742 3195 et
764 3142 815 3195 in
854 3143 1041 3196 semine
1076 3153 1159 3217 tuo
1187 3143 1540 3197 benedicentur
1568 3160 1739 3197 omnes
1777 3152 1947 3214 gentes

362 3242 523 3297 terrw,
554 3249 612 3286 eo
641 3234 776 3302 quod
803 3236 991 3289 audisti
1019 3251 1185 3289 vocent
1220 3253 1400 3290 meam.
1428 3237 1563 3305 Quia
1585 3277 1601 3304 ,
1621 3237 1810 3306 inquit,
1843 3237 1944 3291 im-

361 3326 572 3391 plevisli
615 3336 937 3397 przcceptum
984 3343 1160 3383 meum
1181 3371 1196 3393 ,
1224 3337 1279 3383 et
1306 3337 1447 3383 tuam
1475 3329 1831 3385 obedientiam
1854 3346 1948 3400 per

361 3418 541 3470 omnia
587 3417 902 3484 declarasli,
935 3429 1213 3489 propterea
1240 3420 1406 3474 audi:
1450 3418 1555 3474 Per
1600 3421 1948 3491 memetipsum

364 3507 562 3570 iuravi,
612 3508 731 3561 dicit
762 3508 1024 3564 Dominus.
1058 3509 1190 3565 Vide
1222 3511 1490 3581 quomodo
1532 3512 1584 3566 in
1614 3527 1861 3567 sermone
1887 3528 1948 3570 se

360 3599 604 3652 demittat
646 3600 899 3656 Dominus
931 3620 943 3655 :
988 3600 1092 3656 Per
1118 3604 1460 3673 memetipsum
1480 3645 1495 3669 ,
1527 3602 1724 3673 inquit,
1757 3604 1943 3672 iuravi,

364 3700 421 3744 ut
445 3692 680 3746 conﬁdas
728 3695 948 3748 omnino
999 3704 1254 3749 eventura
1303 3695 1395 3750 tibi
1443 3712 1561 3766 quae
1610 3712 1641 3750 a
1690 3712 1778 3752 me
1805 3698 1947 3753 dicta

362 3793 510 3837 sunt.
543 3784 984 3853 Quandoquidem
1026 3788 1171 3841 enim
1214 3802 1337 3841 cum
1380 3786 1622 3842 homines
1669 3789 1946 3859 promissis

359 3873 658 3943 iuramenta
687 3874 916 3940 addunt,
949 3883 1073 3930 tunc
1090 3876 1415 3931 stabiliorem
1431 3877 1689 3946 accipiunt
1721 3878 1945 3945 promis-

360 3972 569 4018 sionem
616 3965 649 4018 ii
677 3965 869 4034 quibus
899 3965 1228 4036 promittitur
1256 3985 1268 4019 :
1301 3976 1586 4036 eapropter
1611 3977 1665 4022 et
1692 3968 1945 4024 Dominus

362 4055 594 4111 humana
639 4073 766 4112 usus
810 4058 1195 4113 consuetudine
1224 4059 1392 4128 inquit
1423 4077 1435 4113 :
1466 4059 1569 4113 Per
1600 4061 1945 4131 memetipsum

361 4145 564 4210 iuravi,
612 4164 671 4200 eo
724 4148 860 4217 quod
897 4148 1052 4218 fecisti
1082 4153 1285 4203 verbum
1313 4151 1445 4216 hoc,
1474 4159 1518 4204 et
1548 4168 1649 4204 non
1679 4152 1946 4221 pepercisti

361 4242 469 4309 ﬁlio
490 4252 576 4295 tuo
597 4242 777 4296 dilecto
809 4252 1010 4314 prapter
1047 4260 1145 4298 me.
1186 4243 1475 4300 Considera
1496 4285 1512 4309 ,
1542 4245 1798 4312 obsecro,
1829 4245 1940 4300 cIe-

360 4335 618 4388 mentiam
673 4335 903 4389 Domini.
954 4333 1076 4389 Non
1127 4337 1418 4405 perpercisti
1462 4338 1569 4405 [ilio
1617 4347 1701 4391 tuo
1757 4339 1939 4393 dilecto

362 4435 567 4492 propter
590 4441 687 4478 me.
711 4426 958 4480 Attamen
981 4441 1157 4480 vivum
1180 4426 1354 4496 ipsum
1382 4428 1605 4482 reducit.
1632 4428 1750 4483 Non
1779 4445 1943 4493 evenv

360 4527 475 4570 tnm
500 4518 787 4585 respicias,
827 4517 1049 4585 dilecte,
1106 4518 1200 4573 sed
1244 4520 1571 4574 voluntatem
1616 4530 1670 4575 et
1709 4530 1944 4576 mentem

359 4607 537 4670 disce,
589 4623 694 4677 qua
732 4608 849 4662 sine
897 4608 1004 4662 ullo
1046 4609 1322 4663 ratiocinio
1371 4610 1619 4664 mandata
1669 4611 1943 4680 implebat.

360 4699 632 4766 Quantum
659 4700 802 4753 enim
836 4698 902 4753 ad
933 4699 1259 4754 voluntatem
1305 4702 1526 4765 attinet,
1574 4712 1945 4757 cruentaverat

360 4790 607 4843 dextram
630 4789 948 4859 patriarcha,
982 4799 1038 4844 et
1065 4806 1158 4860 per
1180 4792 1444 4846 cervicem
1472 4793 1622 4861 pueri
1654 4793 1946 4847 immiserat

359 4880 617 4949 gladium,
646 4879 1046 4948 perfectumque
1069 4881 1332 4935 obtulerat
1351 4882 1671 4937 sacriﬁcium
1704 4900 1714 4934 :
1744 4883 1944 4938 idcirco

365 4972 642 5037 Dominus,
675 4972 825 5042 quasi
852 4972 1110 5026 sacriﬁcio
1130 4988 1188 5027 re
1211 4973 1328 5042 ipsa
1358 4985 1745 5039 consummato,
1766 4974 1946 5031 laudat

359 5063 563 5132 justum
584 5104 602 5130 ,
628 5073 683 5118 et
705 5064 870 5119 dicit:
906 5063 1027 5118 Non
1059 5068 1320 5135 pepercisti
1342 5069 1449 5136 ﬁlio
1491 5078 1576 5123 tuo
1603 5069 1787 5124 dilecto
1823 5088 1945 5139 pro-

366 5164 477 5221 pter
533 5171 628 5207 me.
657 5154 735 5208 Tu
776 5154 993 5224 quidem
1038 5170 1143 5208 non
1183 5156 1461 5224 pepercisti
1506 5166 1725 5228 propter
1765 5174 1945 5214 meum

367 5243 707 5308 mandatum;
740 5259 840 5312 ego
865 5255 1041 5299 autem
1068 5246 1280 5314 peperci
1298 5258 1511 5316 propter
1531 5257 1674 5303 tuam
1692 5248 1947 5306 obedien-

366 5337 514 5389 tiam.
546 5335 767 5404 Propter
787 5337 923 5389 hanc
947 5347 1092 5389 tuam
1117 5336 1475 5394 obedientiam
1497 5347 1550 5393 te
1576 5355 1943 5407 remunerans,

366 5425 669 5482 Benedicam
710 5436 785 5493 te,
838 5436 886 5481 et
940 5427 1281 5496 multiplicans
1310 5426 1650 5497 multiplicabo
1698 5439 1766 5485 te.
1814 5431 1947 5487 Vide

368 5519 694 5572 cumulatam
721 5518 1142 5572 benedicﬁonem
1177 5535 1190 5571 :
1218 5518 1318 5572 hoc
1341 5528 1423 5573 est
1450 5536 1462 5571 :
1493 5521 1734 5590 Amplius
1762 5523 1951 5577 multi-

372 5612 581 5681 plicabo
614 5628 795 5667 semen
825 5621 994 5667 tuum.
1030 5612 1124 5666 llic
1172 5612 1311 5666 enim
1343 5613 1431 5682 qui
1479 5626 1574 5682 per
1618 5615 1945 5671 voluntatem

370 5712 514 5756 tuam
544 5704 754 5758 occisus
774 5712 878 5769 est,
905 5704 955 5756 in
986 5709 1186 5757 tantam
1226 5702 1612 5759 multitudinem
1643 5708 1950 5777 propagabit

373 5811 557 5851 semen
603 5806 749 5850 tuum
773 5837 787 5863 ,
818 5803 874 5850 ut
910 5794 1077 5850 stellis
1106 5804 1158 5851 ct
1186 5809 1362 5851 arenae
1413 5795 1795 5867 adaequandum
1841 5803 1948 5869 sit,

1328 372 1392 429 IN
1431 371 1584 428 CAP.
1630 364 1811 423 XXIII.
1852 358 2101 419 GENES.
2142 358 2368 416 HOMIL.
2410 354 2641 413 XLVIII.

3523 338 3625 392 43/}

2051 475 2122 530 Et
2150 491 2321 529 omnes
2346 482 2515 545 gentes
2564 472 2617 524 in
2640 468 2825 524 semine
2853 475 2939 520 tuo
2966 457 3344 519 benedicenda:
3394 457 3527 521 sint,
3571 471 3627 506 co

2048 567 2183 638 quod
2212 567 2397 619 audisti
2420 580 2589 619 vocem
2633 577 2812 616 meam.
2865 558 2989 613 liazc
3032 552 3248 618 omnia,
3302 551 3507 622 iltquit,
3539 547 3630 601 tibi

2051 661 2102 713 in
2130 658 2442 713 obedientize
2459 665 2619 709 tanta:
2644 650 2945 708 mercedem
2976 646 3222 702 aderunt.

2123 750 2337 804 Moralis
2364 747 2751 803 exhortatio.—
2778 744 2989 814 Ergone
3035 739 3259 809 plurima
3302 734 3457 791 nobis
3494 733 3630 788 bona

2052 843 2103 897 id
2132 841 2414 905 conciliat,
2465 838 2607 909 quod
2644 836 2924 891 obedimus
2962 835 3071 887 Deo
3097 839 3151 885 et
3196 826 3478 899 prmceptis
3517 825 3631 891 ejus

2049 935 2512 1002 obtemperamus,
2567 940 2621 985 et
2667 928 2806 983 sicut
2852 924 3150 995 patriarcha
3193 922 3316 985 ille,
3368 917 3633 972 curiosius

2051 1040 2159 1079 non
2203 1023 2548 1093 inquirimus,
2582 1034 2745 1090 quare
2795 1018 2917 1071 talia
2951 1015 3019 1069 ab
3050 1028 3116 1070 eo
3163 1013 3421 1081 imperata
3470 1009 3577 1062 sint
3613 1024 3629 1059 :

2049 1116 2143 1171 sed
2187 1124 2244 1169 ut
2271 1115 2403 1186 grati
2434 1112 2572 1168 servi
2615 1111 2894 1180 implemus
2937 1106 3183 1161 mandata
3208 1144 3223 1170 ,
3263 1103 3631 1167 rationemque

2050 1226 2234 1264 eorum
2278 1206 2626 1277 relinquimus
2672 1201 2930 1259 Domino?
2971 1200 3025 1254 Si
3068 1198 3227 1268 igitur
3266 1195 3343 1250 sic
3379 1189 3626 1247 docueri-

2050 1318 2169 1359 mus
2229 1301 2616 1370 nosmetipsos,
2668 1296 2958 1367 poterimus
2991 1301 3047 1348 et
3087 1289 3329 1345 eamdem
3376 1284 3627 1340 obedien-

2052 1394 2176 1448 tiam
2199 1392 2472 1455 exhibere,
2494 1404 2650 1460 quam
2673 1388 2847 1457 justus
2873 1384 2960 1439 ille
2979 1427 2993 1447 ,
3026 1380 3347 1446 easdemque
3373 1373 3629 1442 consequi

2049 1502 2292 1540 coronas.
2316 1482 2593 1552 Quomodo
2611 1488 2788 1534 autem
2816 1474 3160 1532 obediemus?
3181 1474 3235 1528 Si
3258 1470 3500 1525 mandata
3514 1468 3628 1536 ejus

2049 1593 2212 1648 opere
2253 1573 2739 1645 adimpleverimus.
2771 1570 2891 1625 Non
2919 1568 3052 1623 enim
3091 1564 3381 1627 auditores,
3423 1559 3624 1630 inquit,

2050 1669 2174 1740 legis
2199 1665 2635 1738 justiﬁcabuntur,
2675 1663 2763 1717 sed
2801 1665 3016 1732 factores
3046 1656 3221 1728 (Rom.
3265 1654 3321 1708 2.
3353 1651 3463 1723 15).
3496 1651 3629 1717 Qutc

2050 1765 2191 1819 enim
2221 1762 2451 1825 utilitas,
2473 1760 2519 1814 si
2546 1756 2783 1828 quotidie
2803 1753 3101 1816 audiamus,
3129 1757 3184 1803 et
3202 1762 3364 1818 opera
3386 1744 3628 1814 negliga-

2050 1854 2200 1907 mus?
2231 1851 2353 1907 Ideo
2379 1865 2495 1915 oro,
2523 1858 2581 1904 ut
2606 1847 2672 1901 ad
2698 1845 2898 1916 agenda
2917 1858 3077 1912 opera
3102 1841 3240 1896 bona
3283 1837 3627 1895 festinemus;

2052 1960 2225 2016 neque
2250 1944 2390 1999 enim
2413 1943 2567 1997 aliter
2592 1941 2815 1995 salutem
2836 1934 3087 2003 consequi
3118 1943 3399 2002 possumus
3429 1944 3442 1979 :
3477 1935 3535 1980 ut
3577 1934 3630 1979 et

2051 2046 2266 2108 peccata
2297 2043 2479 2089 nostra
2519 2032 2834 2093 abluamus,
2873 2038 2927 2083 et
2970 2024 3252 2081 clementia
3302 2020 3511 2076 Domini
3541 2018 3627 2072 di-

2050 2129 2139 2199 gni
2170 2128 2477 2190 habeantur,
2505 2124 2672 2194 gratia
2697 2132 2748 2176 et
2778 2116 3204 2174 miserationibus
3222 2110 3432 2168 Domini
3462 2122 3625 2164 nostri

2049 2220 2173 2276 Jesu
2215 2218 2446 2283 Christi,
2499 2232 2619 2269 eum
2658 2227 2764 2283 quo
2817 2212 2955 2265 l’atri
3005 2218 3058 2264 et
3085 2215 3269 2262 sancto
3316 2202 3628 2271 viviﬁcoquc

2052 2310 2273 2382 Spiritui
2302 2310 2375 2363 sit
2397 2307 2561 2377 gloria
2586 2348 2602 2373 ,
2632 2320 2772 2360 nunc
2793 2314 2848 2360 et
2872 2316 3103 2371 seraper,
3134 2307 3188 2355 et
3215 2298 3268 2353 in
3294 2295 3492 2352 saecula
3520 2310 3622 2349 sa:-

2054 2403 2314 2457 eulorum.
2346 2402 2535 2454 Amen.

2557 2465 2833 2523 HOMILIA
2884 2461 3115 2519 XLVIII.

2053 2564 2438 2634 Responderunt
2471 2570 2637 2614 autent
2666 2558 2759 2628 ﬁlii
2784 2556 2907 2612 Chet
2939 2555 3007 2609 ad
3043 2553 3298 2608 Abraham
3323 2592 3336 2616 ,
3381 2560 3428 2605 ct
3470 2551 3625 2604 ἀὴρ-ς

2121 2669 2279 2712 runt:
2308 2656 2416 2711 Rex
2442 2672 2473 2709 a
2511 2653 2618 2708 Deo
2654 2670 2704 2706 es
2737 2663 2790 2705 tu
2832 2652 2885 2705 in
2910 2649 3071 2712 nobis,
3100 2649 3153 2702 in
3186 2646 3352 2703 electis
3381 2645 3624 2716 sepulcris

2122 2754 2304 2809 nostris
2331 2750 2484 2821 sepeli
2513 2758 2765 2802 mortuum
2792 2756 2931 2800 tuum
2957 2742 3105 2815 (Gen.
3136 2742 3227 2795 ‘25.
3260 2741 3313 2795 5.
3345 2738 3424 2809 6).

2124 2870 2176 2922 l.
2210 2864 2427 2921 Vidistis
2459 2862 2571 2918 heri
2592 2902 2607 2929 ,
2629 2859 2846 2926 dilecti,
2876 2854 3192 2927 patriarcha:
3223 2852 3580 2907 fortitudinem
3612 2868 3625 2901 :

2052 2960 2257 3013 vidistis
2295 2958 2528 3011 animam
2580 2952 2858 3007 adamante
2909 2945 3248 3009 solidiorem,
3313 2942 3620 3013 quomodo,

2050 3057 2304 3119 quantum
2331 3046 2383 3100 in
2417 3045 2531 3115 ipso
2546 3053 2678 3107 erat,
2709 3040 2778 3095 ob
2807 3052 3052 3108 magnam
3079 3036 3132 3090 in
3156 3035 3321 3089 Deum
3347 3034 3625 3087 caritatem

2051 3138 2300 3194 sacerdos
2331 3137 2424 3190 ﬁlii
2451 3135 2619 3189 factus
2644 3140 2728 3187 est
2748 3172 2763 3198 ,
2800 3138 2854 3185 et
2882 3127 3155 3199 proposito
3181 3124 3395 3195 quidem
3434 3136 3627 3175 cruen-

2050 3232 2181 3286 tavit
2203 3229 2464 3291 dextram,
2487 3224 2914 3293 sacriﬁciumque
2942 3219 3164 3276 obtulit:
3189 3233 3284 3288 per
3309 3215 3629 3270 ineffabilem

2049 3331 2225 3376 autem
2256 3315 2677 3373 misericordiam
2716 3315 2810 3369 Dei
2835 3313 2983 3367 salvo
3025 3320 3079 3365 et
3114 3324 3243 3364 sano
3275 3307 3381 3361 ﬁlio
3418 3321 3515 3363 suo
3542 3321 3629 3359 re-

2049 3421 2205 3481 cepto
2244 3410 2435 3475 rediit,
2468 3416 2523 3464 et
2565 3415 2781 3477 propter
2821 3403 3145 3457 voluntatem
3183 3398 3501 3469 praedicatus
3547 3407 3631 3451 est

2048 3518 2351 3572 coronaque
2396 3498 2591 3570 fulgida
2639 3496 2948 3559 redimitus,
2993 3502 3048 3548 et
3093 3505 3361 3546 summum
3402 3504 3626 3558 agonem

2048 3594 2303 3658 certavit,
2327 3609 2388 3647 ac
2424 3607 2520 3661 per
2546 3590 2725 3644 omnia
2762 3588 3008 3657 pietatem
3036 3584 3227 3637 mentis
3252 3596 3364 3637 sum
3386 3579 3629 3634 declara-

2048 3690 2144 3743 vit.
2172 3687 2457 3742 Videamus
2488 3692 2541 3739 et
2565 3683 2723 3737 hodie
2751 3690 2997 3750 quantam
3020 3677 3192 3746 justus
3214 3676 3301 3729 ille
3332 3674 3419 3727 ﬁlii
3446 3688 3627 3726 curant

2050 3781 2310 3837 habuerit.
2349 3777 2482 3832 Nam
2505 3788 2784 3846 postquam
2805 3788 2835 3826 a
2865 3771 3126 3826 sacriﬁcio
3164 3768 3255 3823 illo
3286 3782 3422 3821 novo
3450 3774 3505 3820 et
3531 3764 3626 3816 ad-

2050 3872 2277 3927 mirabili
2304 3869 2497 3933 rediit,
2525 3867 2733 3936 excepit
2757 3880 2879 3920 cum
2929 3863 3101 3918 Sarra:
3139 3861 3311 3914 luctus
3340 3876 3352 3910 :
3385 3872 3505 3910 cum
3535 3870 3629 3907 au-

2048 3972 2155 4019 tem
2174 3961 2415 4032 petiisset
2433 3973 2463 4012 a
2482 3958 2602 4013 ﬁliis
2616 3956 2754 4011 Chet
2770 3953 3159 4026 possessionem
3180 3948 3430 4018 sepulcri,
3448 3954 3628 4013 empto

2048 4058 2166 4114 loco
2187 4096 2202 4119 ,
2230 4053 2479 4122 deposuit
2522 4060 2811 4116 mortuam,
2840 4056 2895 4103 et
2933 4047 3035 4100 hoc
3071 4043 3386 4114 principium
3418 4054 3630 4109 posses-

2046 4146 2213 4201 sionis
2280 4143 2441 4199 habet
2496 4138 2793 4211 patriarcha
2854 4137 3040 4191 mortis
3092 4135 3266 4190 Sarrae
3320 4130 3623 4186 occasione.

2044 4238 2346 4293 Monstrans
2370 4235 2510 4290 enim
2537 4232 2690 4287 nobis
2706 4230 2974 4299 Scriptura
3002 4226 3177 4280 divina
3200 4224 3329 4293 jt‘isti
3352 4223 3626 4285 virtutem,

2045 4342 2274 4397 eumque
2302 4327 2438 4381 sicut
2480 4323 2820 4394 peregrinum
2861 4330 2917 4374 et
2944 4318 3203 4372 advenam
3235 4324 3345 4368 toto
3389 4321 3627 4381 tempore

2045 4422 2209 4478 fuisse
2226 4463 2240 4487 ,
2266 4421 2367 4475 hoc
2393 4433 2607 4490 quoque
2632 4414 2985 4487 signiﬁcavit,
3019 4421 3077 4466 ut
3096 4411 3362 4465 discamus
3388 4423 3511 4462 eum
3536 4411 3626 4475 qui

2047 4523 2194 4567 tanto
2220 4525 2456 4579 superno
2500 4507 2749 4578 praesidio
2777 4506 3071 4568 fruebatur,
3094 4511 3151 4558 et
3176 4501 3252 4556 sic
3299 4498 3520 4554 illustris
3546 4496 3626 4550 fa-

2045 4615 2161 4658 ctus
2196 4614 2354 4672 atque
2397 4602 2449 4655 in
2503 4607 2701 4653 tantam
2752 4592 3145 4651 multitudinem
3199 4590 3424 4646 diﬁusus
3470 4595 3624 4651 erat,

2047 4697 2318 4766 proprium
2342 4692 2642 4763 sepulcrum
2670 4704 2774 4743 non
2795 4684 3094 4757 possedisse
3112 4723 3128 4750 ,
3152 4684 3288 4738 sicut
3314 4695 3453 4735 nunc
3475 4678 3626 4734 multi

2046 4790 2281 4853 faciunt,
2307 4800 2463 4855 agros
2488 4793 2543 4838 et
2569 4781 2755 4846 villas,
2797 4777 3161 4845 inﬁnitamque
3188 4773 3347 4827 aliam
3375 4770 3625 4825 substan-

2048 4882 2175 4935 tiam
2220 4877 2495 4948 possidere
2521 4874 2814 4929 studentes.
2842 4871 3016 4925 Multis
3052 4870 3194 4924 enim
3235 4866 3397 4921 animi
3428 4864 3628 4919 divitiis

2047 4972 2339 5032 fruebatur,
2371 4978 2426 5023 et
2462 4968 2529 5022 de
2577 4966 2695 5020 aliis
2722 4980 2825 5018 non
2872 4972 2988 5019 erat
3015 4962 3224 5016 anxius.
3276 4958 3510 5014 Audiant
3537 4956 3626 5024 qni

2047 5073 2268 5133 repente
2317 5071 2370 5115 et
2398 5060 2449 5114 in
2481 5074 2585 5114 uno
2619 5055 2874 5125 temporis
2903 5062 3173 5108 momento
3200 5050 3437 5109 omnium
3487 5047 3624 5102 bona

2048 5156 2371 5214 corradunt,
2414 5158 2468 5204 et
2518 5149 2744 5218 ubique,
2784 5155 2842 5201 ut
2892 5147 2965 5199 ita
3010 5143 3217 5207 dicam,
3250 5140 3485 5194 avaritia:
3517 5152 3625 5193 sua:

2048 5244 2533 5314 concupiscentiam
2594 5238 2923 5303 extendunt,
2978 5235 3355 5302 imitenturque
3402 5230 3625 5299 patriar~

2049 5340 2203 5395 cham
2231 5379 2250 5405 ,
2279 5338 2370 5407 qui
2395 5352 2462 5390 ne
2486 5334 2698 5404 quidem
2748 5331 2931 5386 habuit
2973 5329 3147 5383 locum
3202 5326 3254 5380 in
3298 5339 3404 5395 quo
3449 5323 3623 5378 Sarra:

2050 5431 2337 5485 collocaret
2362 5426 2644 5497 reliquias.
2677 5423 2770 5479 sed
2818 5431 2942 5477 tunc
2987 5419 3254 5490 primum,
3302 5414 3516 5486 quando
3561 5413 3622 5470 ab

2052 5523 2165 5593 ipsa
2187 5522 2505 5575 necessitate
2530 5516 2835 5586 compulsus
2861 5522 2972 5577 est,
3013 5512 3142 5566 emit
3180 5524 3363 5579 agrum
3394 5517 3450 5563 et
3497 5522 3612 5575 spe-

2052 5616 2263 5670 luncam
2288 5628 2317 5666 a
2344 5612 2463 5672 ﬁliis
2489 5611 2643 5664 Chet.
2670 5607 2800 5662 Nam
2828 5604 2969 5677 quod
2997 5602 3300 5674 spectabilis
3319 5608 3464 5656 esset
3484 5598 3624 5669 apud

2052 5706 2408 5767 Cbananazos,
2464 5700 2584 5755 audi
2633 5699 2767 5752 ﬁlios
2810 5696 2947 5752 Chet
2995 5695 3061 5750 ad
3113 5710 3236 5751 eum
3264 5694 3536 5755 dicentes,
3567 5691 3621 5745 6.

2055 5798 2165 5853 Rea:
2194 5814 2223 5852 a
2253 5795 2357 5850 Deo
2385 5810 2435 5849 cs
2463 5803 2514 5847 tu
2542 5793 2593 5847 in
2644 5788 2817 5859 nobis,
2847 5789 2898 5845 in
2926 5788 3091 5845 electis
3146 5788 3393 5858 sepulcris
3427 5789 3621 5842 nostris
