4084 6356
462 313 562 370 435

459 432 612 498 sepeli
640 441 894 487 mortuum
921 443 1100 490 tuum:
1127 439 1299 493 nullus
1335 443 1466 495 enim
1497 454 1721 498 nostrum
1764 447 2040 515 prohibebit

457 524 743 592 sepulcrum
791 542 939 579 suum
980 543 1013 579 a
1044 538 1093 581 te
1117 528 1271 599 (Cap.
1302 530 1417 601 9.3).
1448 532 1711 590 Cieterum
1738 536 1860 593 vide
1909 554 2043 608 quo-

456 616 807 686 modojustus
832 620 1083 687 Operibus
1102 622 1213 677 suis
1233 623 1422 679 doceat
1444 626 1564 681 illos
1590 643 1769 683 veram
1805 628 2041 699 philoso-

456 706 666 777 phiam,
709 718 763 763 et
819 725 924 765 non
970 712 1116 781 prius
1164 715 1292 769 velit
1312 719 1555 786 accipere
1598 733 2038 790 monumentum,

454 814 610 867 quam
655 801 856 871 justum
886 804 1191 862 dinunteret
1240 810 1487 879 pretium.
1544 812 1675 868 Nam
1732 816 1855 870 licet
1907 832 2035 881 vos,

453 889 653 959 inquit,
704 893 774 946 ita
804 894 1049 951 benevoli
1090 914 1215 968 erga
1253 916 1341 955 me
1379 901 1496 957 sitis
1525 922 1539 958 :
1570 916 1621 959 at
1646 922 1747 976 ego
1798 923 1901 964 non
1949 926 2040 979 pa-

453 982 576 1049 tiar,
606 984 706 1039 nisi
754 987 901 1056 prius
922 988 1161 1045 debitum
1189 994 1419 1063 pretium
1446 995 1790 1066 dependerim
1809 1000 1877 1070 (ν.
1910 1002 2033 1073 13>ε

447 1082 502 1126 et
530 1073 609 1128 sic
629 1075 890 1146 accipiam
912 1080 1235 1150 sepulcrum.
1270 1084 1336 1139 Et
1360 1098 1635 1143 numerata
1657 1131 1671 1154 ,
1706 1090 1909 1159 inquit,
1939 1108 2037 1163 pe-

446 1164 600 1218 cunia
621 1168 820 1237 accepit
849 1183 1286 1229 monumentum:
1341 1179 1427 1237 19.
1495 1178 1563 1232 Et
1581 1182 1803 1252 sepelivit
1821 1182 2036 1239 Sarram

445 1270 655 1311 uxorem
677 1274 823 1313 suam
849 1262 901 1315 in
923 1264 1163 1331 spelunca
1190 1268 1303 1337 agri
1322 1267 1536 1340 duplici,
1562 1289 1675 1343 qua:
1698 1285 1770 1329 est
1794 1294 1820 1329 ε
1834 1278 2037 1348 regione

447 1345 700 1404 Mambre.
731 1352 798 1406 Et
843 1355 933 1423 qui
961 1365 1067 1410 tam
1097 1358 1276 1414 clarus
1300 1368 1357 1415 et
1401 1364 1707 1431 spectabilis
1750 1345 1906 1433 erat,
1942 1370 2031 1439 qui

446 1446 644 1493 tantam
672 1441 813 1510 apud
843 1444 1006 1499 Deum
1036 1446 1236 1504 habens
1262 1448 1507 1507 fiduciam
1529 1494 1545 1520 ,
1574 1464 1629 1509 et
1663 1458 1803 1525 apud
1847 1473 2033 1516 omnes

445 1528 557 1585 fere
582 1533 672 1602 qui
722 1534 791 1589 ibi
836 1537 1063 1606 agebant
1113 1540 1167 1595 in
1198 1549 1346 1598 tanto
1374 1543 1577 1601 honore
1615 1557 1760 1617 erat,
1793 1562 1851 1606 ut
1895 1561 1951 1607 et
1998 1570 2029 1608 a

446 1621 568 1677 filiis
597 1623 732 1681 Chet
785 1644 878 1683 rex
910 1633 1295 1703 nominaretur,
1347 1652 1523 1708 neque
1560 1643 1840 1712 vestigium
1880 1646 2031 1715 pedis

441 1718 764 1784 possidebat.
795 1722 1081 1792 Propterea
1104 1735 1159 1782 et
1196 1728 1382 1785 beatus
1413 1731 1613 1787 Paulus
1634 1736 1885 1792 virtutem
1901 1739 2030 1808 justi

440 1808 737 1875 praedicans
764 1820 821 1868 et
845 1816 1086 1871 scribens
1111 1817 1323 1876 dicebat
1354 1841 1368 1877 :
1399 1822 1503 1878 Per
1538 1826 1691 1894 ﬁdem
1734 1832 2029 1902 peregrinus

440 1901 538 1967 fuit
562 1902 818 1959 Abraham
856 1908 909 1961 in
952 1918 1085 1964 terra
1116 1915 1463 1981 promissionis
1490 1919 1641 1973 ueluti
1675 1901 1877 1987 aliena,
1913 1940 2028 1978 cum

437 1990 490 2044 in
528 1992 863 2052 tabernaculis
892 2001 1162 2057 habitasset
1181 2021 1296 2060 cum
1326 2006 1478 2063 Isaac
1506 2021 1553 2064 et
1576 2010 1737 2067 Iacob
1764 2016 2026 2071 coheredi-

436 2084 527 2139 bus
551 2089 771 2157 ejusdem
791 2095 1140 2163 promissionis
1166 2098 1348 2169 (Hebr.
1378 2104 1464 2157 11.
1488 2106 1565 2175 9).
1596 2107 1795 2162 Deinde
1824 2110 2027 2166 docens

437 2191 533 2232 nos
558 2219 573 2245 ,
601 2183 868 2247 quomodo
888 2186 991 2241 llde
1022 2192 1336 2260 peregrinus
1380 2192 1574 2264 fuerit,
1612 2200 1882 2256 subdidit:
1918 2202 2026 2257 Ea;-

433 2272 689 2338 spectabat
708 2276 839 2329 enim
886 2280 1147 2339 habentem
1184 2286 1516 2355 fundamenta
1554 2292 1801 2347 civitatem
1825 2336 1838 2357 ,
1877 2298 2025 2366 cujus

438 2361 610 2431 cpifea:
634 2373 678 2416 et
704 2367 933 2422 conditor
971 2382 1044 2425 est
1074 2373 1212 2428 Deus
1241 2375 1402 2447 (Ibid.
1430 2395 1477 2433 υ.
1512 2382 1624 2451 10).
1650 2383 1755 2453 Spe
1775 2427 1789 2451 ,
1816 2361 2020 2458 inquit,

434 2450 734 2510 futurorum
776 2457 1105 2529 despiciebat
1156 2472 1475 2537 praesentia;
1525 2450 1591 2528 et
1624 2450 2023 2545 exspectatione

433 2543 696 2612 majorum
720 2547 1003 2619 bonorum,
1025 2556 1200 2611 minus
1222 2561 1518 2618 curabatea
1546 2580 1665 2636 quae
1687 2567 1739 2622 in
1771 2574 2021 2640 praesenti

431 2637 539 2694 vita
582 2652 748 2696 sunt:
783 2656 941 2716 atque
982 2648 1096 2705 hccc
1123 2661 1247 2708 ante
1290 2656 1491 2727 legem,
1521 2669 1575 2715 et
1602 2670 1728 2718 ante
1770 2637 2018 2734 gratiam.

430 2732 651 2801 Qualem
674 2737 830 2808 igitur
858 2740 1171 2801 habebimus
1201 2763 1300 2804 nos
1323 2753 1741 2823 excusationem,
1773 2757 1880 2825 die,
1898 2775 2018 2826 oro,

430 2828 520 2894 qui
553 2838 671 2897 post
698 2840 776 2886 tot
804 2834 1244 2909 pollicitationes,
1274 2851 1328 2897 et
1359 2847 1743 2914 promissiones
1774 2852 2017 2909 ineffabi—

431 2917 560 2973 lium
603 2920 860 2979 bonorum
886 2968 900 2992 ,
947 2928 1215 2987 inhiamus
1263 2939 1648 3007 praesentibus,
1696 2953 1750 2998 et
1787 2947 2018 3003 emimus

428 3024 620 3079 agros,
665 3025 719 3068 et
750 3017 945 3088 ubique
965 3021 1092 3076 clari
1118 3040 1239 3080 esse
1268 3030 1546 3086 studemus
1566 3075 1581 3099 ,
1611 3035 2017 3110 colligimusque

427 3102 543 3158 haec
582 3108 758 3161 omnia
805 3126 901 3179 per
943 3117 1217 3173 avaritiam
1274 3130 1331 3176 et
1370 3126 1654 3193 rapinam?
1706 3102 1762 3186 et
1791 3134 1846 3189 id
1873 3102 2014 3203 quod

426 3193 613 3250 beatus
663 3202 922 3270 propheta
968 3221 1090 3262 cum
1134 3209 1366 3269 lamento
1418 3216 1671 3275 dicebat:
1713 3222 1804 3278 Va:
1838 3193 1903 3281 iii
1929 3230 2017 3299 qui

422 3288 735 3361 conjungunt
756 3292 961 3349 domum
986 3299 1190 3367 domui,
1218 3313 1265 3357 et
1303 3322 1481 3377 agrum
1509 3326 1631 3381 agro
1651 3318 1922 3386 copulant,
1940 3288 2017 3375 ἀι

426 3378 550 3446 quid
579 3397 611 3433 a
634 3384 870 3449 proximo
899 3391 1132 3459 auferant
1159 3392 1309 3462 (Isai.
1343 3396 1396 3452 5.
1435 3399 1489 3459 8)
1522 3378 1669 3459 z—ltoc
1705 3378 1802 3461 nos
1841 3378 2015 3477 operi-

425 3468 523 3522 bus
549 3470 870 3540 implemus?
898 3480 1090 3535 Annon
1121 3486 1360 3553 quotidie
1375 3490 1617 3548 videmus
1643 3496 1799 3567 diripi
1826 3468 2011 3557 viduae

423 3576 539 3615 rum
572 3564 709 3621 bona
730 3609 744 3632 ,
787 3571 1003 3638 spoliari
1030 3576 1334 3647 orphanos,
1369 3582 1607 3641 infirmos
1634 3603 1663 3640 a
1698 3589 2009 3652 fortioribus

420 3655 692 3722 opprimi?
721 3659 918 3716 Verum
963 3663 1136 3733 justus
1158 3669 1247 3725 ille
1294 3689 1629 3746 nequaquam
1660 3682 1772 3746 sic,
1819 3685 1914 3741 sed
1954 3698 2009 3743 et

419 3747 721 3814 sepulcrum
768 3768 951 3811 emere
974 3772 1093 3813 cum
1148 3764 1340 3831 voluit,
1374 3770 1623 3838 quoniam
1663 3775 1797 3831 vidit
1842 3793 1935 3834 eos
1975 3797 2004 3836 a

418 3838 610 3904 quibus
640 3844 790 3911 petiit
809 3846 939 3903 dare
966 3851 1242 3923 volentes,
1277 3873 1382 3913 non
1413 3863 1559 3931 prius
1579 3870 1815 3937 accepit,
1845 3888 2004 3942 quam

414 3928 614 3997 justum
647 3934 993 4005 dependisset
1019 3948 1271 4015 pretium.
1299 3928 1426 4007 Haec
1467 3955 1644 4028 itaque
1671 3928 2003 4021 nieute.ver-

416 4033 599 4077 cantes
623 4065 636 4089 ,
661 4026 837 4084 dilecti
860 4073 875 4097 ,
900 4048 1000 4089 nos
1026 4038 1116 4106 qui
1146 4040 1247 4094 sub
1266 4044 1434 4112 gratia
1451 4088 1466 4109 ,
1508 4026 1628 4104 eum
1654 4054 1741 4122 qui
1771 4064 1897 4112 ante
1927 4058 2007 4114 lc-

417 4128 536 4180 gem
589 4115 900 4177 imitemur:
957 4136 1011 4181 et
1060 4145 1127 4184 ne
1155 4133 1321 4188 multa
1366 4115 1685 4206 possidendi
1715 4147 2004 4217 cupiditate

416 4207 627 4261 accensi
647 4249 663 4275 ,
696 4213 955 4280 majorem
985 4228 1037 4272 et
1062 4223 1359 4289 graviorem
1410 4233 1804 4291 accumulenius
1824 4238 2001 4308 ignem

419 4294 938 4371 inexstinguibilem,
979 4318 1032 4363 et
1060 4309 1329 4369 ﬂammam
1361 4318 1771 4380 intolerabilem.
1801 4294 1998 4386 Abdic-

417 4400 535 4440 inus
561 4390 731 4457 enim,
762 4394 809 4448 si
838 4396 888 4450 in
917 4396 1219 4469 bujusmodi
1250 4408 1435 4477 rapina
1466 4420 1520 4465 et
1540 4415 1757 4470 avaritia
1788 4433 2001 4477 manse-

419 4476 611 4545 rimus,
642 4496 704 4536 ea
731 4500 849 4554 qua:
870 4488 1008 4544 dicta
1030 4502 1154 4547 sunt
1179 4476 1328 4552 diviti
1359 4500 1468 4555 illi:
1500 4501 1702 4573 Stulte,
1729 4509 1828 4563 ista
1853 4524 2001 4569 nocte

411 4567 502 4621 abs
528 4579 574 4624 te
603 4574 826 4630 animam
856 4588 992 4634 tuam
1030 4596 1252 4653 repetent
1279 4603 1299 4643 :
1320 4606 1436 4657 quin
1471 4605 1637 4650 autem
1660 4606 1994 4672 preparasti,

411 4665 559 4733 cujus
584 4679 731 4722 erunt
773 4670 923 4742 (Luc.
954 4675 1204 4750 12.20)?
1248 4682 1464 4752 Quare,
1508 4687 1595 4744 dic
1622 4665 1788 4759 mihi,
1823 4665 1998 4751 tanto;

411 4770 539 4823 pere
576 4759 740 4815 sudes
764 4802 778 4826 ,
812 4772 871 4817 ut
896 4766 1116 4838 colligas
1144 4786 1205 4826 ea
1233 4789 1352 4844 qua:
1380 4791 1489 4833 non
1526 4781 1695 4836 multo
1721 4795 1840 4853 post
1870 4786 1997 4843 hinc

410 4844 752 4917 abripiendus
777 4895 792 4919 ,
821 4853 908 4911 hic
956 4858 1227 4931 relinques
1247 4904 1263 4930 ,
1294 4879 1359 4920 ex
1386 4869 1467 4924 eis
1504 4885 1610 4927 non
1659 4875 1832 4931 solum
1861 4878 1994 4937 nihil

411 4941 658 4999 utilitatis
683 4948 962 5018 percipere
1006 4953 1223 5023 valens,
1265 4958 1359 5013 sed
1385 4969 1438 5015 et
1464 4977 1599 5019 onus
1650 4979 1990 5037 peccatorum

409 5031 460 5083 in
512 5032 753 5091 humeris
797 5042 1029 5110 propriis
1081 5043 1302 5115 ferens,
1350 5060 1403 5106 et
1450 5053 1620 5110 inutili
1650 5031 1989 5126 -pmnitentia

410 5124 640 5181 ductus?
660 5129 790 5185 Nam
812 5148 874 5187 ea
901 5150 1020 5203 qua:
1050 5151 1076 5189 a
1103 5147 1154 5192 te
1180 5156 1275 5209 per
1294 5146 1570 5201 avaritiam
1595 5124 1818 5210 coliecta
1841 5164 1985 5222 sunt,

408 5215 460 5268 in
491 5218 718 5276 hostium
743 5239 887 5295 sa'pe
914 5225 1200 5285 devenient
1240 5248 1430 5291 manus
1450 5279 1464 5304 ,
1496 5248 1549 5292 tu
1577 5252 1753 5297 autem
1796 5259 1896 5315 pro
1922 5247 1988 5303 iis

404 5311 665 5367 rationem
692 5324 745 5369 et
771 5331 981 5386 plenam
1005 5320 1177 5376 dabis.
1214 5323 1437 5391 Quanta:
1467 5329 1625 5400 igitur
1653 5343 1732 5387 est
1762 5311 1985 5405 demen-

406 5402 491 5453 tiae
515 5403 634 5457 aliis
665 5405 908 5464 laborare
927 5452 943 5477 ,
971 5420 1024 5466 et
1052 5421 1104 5467 te
1137 5426 1417 5484 propterea
1452 5434 1663 5489 pinnam
1708 5425 1872 5480 dare?

474 5492 529 5547 9.
561 5492 690 5550 Esto
714 5507 913 5567 autem,
949 5502 1202 5559 hactenus
1230 5506 1297 5561 ita
1326 5509 1653 5580 negligenter
1673 5529 1770 5569 nos
1796 5531 1980 5586 gesse-

394 5583 563 5639 rimus
581 5629 596 5653 ,
626 5604 766 5645 nunc
787 5594 978 5650 saltem
998 5598 1122 5667 quid
1146 5615 1283 5669 opus
1310 5599 1449 5656 facto
1475 5602 1545 5658 sit
1572 5606 1938 5664 consultemus
1962 5628 1979 5680 ;

392 5687 445 5729 et
475 5695 578 5733 non
603 5690 804 5739 tantum
831 5702 1048 5759 operam
1077 5692 1297 5761 demus,
1324 5706 1382 5773 ut
1411 5697 1564 5752 nobis
1586 5714 1715 5769 opes
1737 5702 1978 5773 afﬂuant,

392 5770 485 5824 sed
519 5783 569 5826 ut
611 5786 663 5827 et
688 5775 908 5843 justitiic
936 5796 1181 5851 magnam
1214 5772 1472 5842 rationem
1514 5801 1567 5844 et
1607 5808 1788 5849 curam
1829 5811 1980 5865 gera.

1191 320 1247 378 S.
1286 322 1560 381 JOANNIS
1598 326 2067 387 CIIRYSOSTOMI
2105 331 2421 391 ABCUIEP.
2464 340 2995 405 CONSTANTINOP.

3634 368 3749 424 ‘56

2156 468 2294 509 mus.
2332 456 2519 530 Neque
2558 463 2700 519 enim
2740 482 2827 524 res
2867 482 3064 528 nostra“:
3114 477 3271 547 hujus
3314 484 3437 539 vita:
3480 486 3747 544 tinnitibus

2124 549 2569 631 .circumscripta:
2610 568 2734 613 sunt
2758 601 2771 624 ,
2806 578 2979 634 neque
3001 583 3214 639 semper
3244 572 3298 627 in
3327 575 3498 630 aliena
3521 580 3749 649 regione

2152 639 2393 696 erimus:
2426 645 2519 699 sed
2566 663 2671 715 non
2726 656 2895 709 multo
2935 668 3052 726 post
3086 661 3135 714 in
3168 665 3439 734 propriam
3478 639 3719 725 reni‘eabi
3741 700 3753 707 -

2151 747 2269 788 mus
2298 738 2545 803 patriam.
2577 739 2768 799 Omnia
2804 747 2963 817 igitur
2998 749 3286 822 faciamus,
3334 773 3401 811 ne
3445 758 3552 815 illic
3579 762 3741 832 egeni

2147 825 2311 882 simus
2336 828 2523 887 futuri.
2553 834 2684 891 Nam
2707 853 2824 908 quae
2844 842 3062 908 utilitas,
3093 846 3143 899 in
3166 848 3333 903 aliena
3352 853 3570 922 regione
3599 825 3745 911 Inul-

2151 928 2229 975 tas
2258 920 2471 979 divitias
2499 927 2820 998 relinquere,
2855 934 2906 986 in
2937 942 3149 1006 propria
3176 950 3378 1007 autem,
3407 920 3462 998 et
3483 946 3537 999 in
3565 949 3741 1016 patria

2146 1017 2463 1073 necessariis
2482 1035 2667 1076 carere
2688 1023 2710 1076 ?
2733 1024 2912 1096 Itaque
2932 1042 3048 1091 oro.
3074 1030 3390 1091 festinemus
3414 1038 3541 1092 dum
3561 1041 3743 1097 adhuc

2145 1110 2352 1175 tempus
2386 1120 2489 1174 est,
2538 1120 2595 1165 ut
2639 1114 2766 1170 illuc
2801 1119 3183 1177 transferamus
3219 1126 3379 1179 etiam
3410 1144 3527 1196 qua:
3557 1130 3609 1183 in
3639 1132 3743 1185 hac

2142 1196 2312 1252 aliena
2342 1198 2619 1257 habemus.
2666 1204 2955 1265 Enimvero
2978 1212 3100 1267 licet
3124 1216 3356 1272 multum
3397 1220 3539 1275 inter
3562 1237 3622 1277 se
3650 1224 3739 1277 di-

2142 1298 2305 1356 stent,
2347 1292 2520 1349 facilis
2551 1306 2729 1355 tamen
2755 1313 2839 1357 est
2865 1310 3207 1365 transvectio.
3249 1311 3351 1379 Qui
3385 1315 3529 1369 enim
3550 1332 3741 1373 nostra

2140 1396 2206 1436 eo
2236 1385 2560 1443 transierant
2579 1429 2593 1453 ,
2627 1394 2797 1460 parati
2826 1404 2980 1462 sunt,
3023 1408 3076 1452 et
3101 1415 3289 1458 secure
3314 1403 3440 1459 illuc
3468 1421 3695 1479 pergunt
3717 1450 3737 1474 ,

2141 1482 2296 1543 atque
2335 1477 2389 1530 in
2423 1479 2675 1535 thesauro
2702 1483 3099 1554 indeprmdabili
3130 1506 3190 1544 ea
3222 1507 3491 1562 reponunt
3514 1538 3530 1563 ,
3572 1477 3737 1569 qua:-

2139 1581 2363 1636 cumque
2395 1584 2490 1637 per
2515 1571 2727 1627 illorum
2772 1591 2962 1632 manus
3008 1583 3333 1649 praemittere
3380 1590 3734 1655 potuerimus.

2141 1658 2435 1729 Pauperum
2479 1666 2623 1719 cnim
2670 1683 2859 1723 manus
2886 1671 2937 1724 in
2976 1673 3211 1729 cadestia
3240 1683 3601 1749 promptuaria
3628 1686 3735 1740 sibi

2138 1752 2328 1806 collata
2368 1754 2507 1809 dona
2549 1767 2729 1813 nostra
2770 1774 3051 1830 reponunt.
3080 1766 3344 1834 Quoniam
3384 1772 3545 1842 igitur
3582 1786 3737 1831 tanta

2137 1852 2191 1897 et
2228 1843 2451 1901 facilitas
2487 1858 2541 1902 et
2562 1852 2822 1907 securitas
2858 1865 2963 1921 est,
2995 1872 3162 1926 quare
3202 1876 3594 1930 moramur,et
3621 1884 3733 1924 non

2135 1938 2277 1992 omni
2307 1940 2484 1996 studio
2508 1942 2612 1999 hoc
2640 1944 2892 2013 facimus,
2926 1960 2982 2005 ut
3012 1952 3081 2006 ibi
3113 1969 3174 2009 ea
3219 1956 3588 2026 inveniamus,
3631 1964 3725 2017 ubi

2136 2032 2212 2085 eis
2238 2034 2466 2090 maxime
2491 2052 2627 2105 opus
2652 2040 2791 2094 erit?
2814 2042 3097 2114 Propterea
3127 2050 3424 2117 patriarcha
3448 2054 3545 2109 ille
3565 2059 3725 2125 quasi

2133 2125 2359 2180 alienam
2388 2128 2644 2187 inhabitat
2670 2132 3043 2203 Chananaeam,
3073 2141 3197 2209 quia
3218 2143 3359 2197 illam
3383 2145 3729 2216 Exspectabis:

2133 2217 2408 2282 civitatem,
2440 2222 2588 2290 cujus
2615 2226 2788 2293 opifex
2811 2236 2857 2279 et
2880 2229 3112 2282 conditor
3137 2242 3209 2285 est
3236 2232 3375 2289 Deus
3401 2235 3602 2309 (Hebr.
3628 2241 3687 2295 Η
3705 2281 3719 2295 .

2134 2307 2254 2376 10).
2283 2309 2337 2363 sa
2369 2310 2527 2381 igitur
2556 2314 2879 2371 voluerimus
2901 2318 3103 2387 justum
3131 2322 3273 2379 hunc
3294 2307 3513 2395 imitari,
3540 2340 3597 2385 et
3623 2346 3727 2387 nos

2133 2397 2187 2452 in
2212 2399 2352 2454 illam
2380 2417 2723 2460 occurremus
2743 2447 2757 2473 ,
2796 2416 2853 2463 et
2895 2410 2945 2463 in
2990 2412 3167 2469 sinum
3190 2416 3509 2486 patriarcha:
3535 2423 3726 2476 venie-

2131 2506 2268 2547 mus.
2299 2492 2532 2565 Operum
2561 2498 2703 2553 enim
2733 2504 3042 2559 communio
3078 2507 3236 2562 etiam
3279 2508 3546 2568 fruitionis
3572 2529 3727 2570 cont-

2130 2586 2436 2641 munionem
2468 2600 2704 2659 praestat.
2757 2592 2953 2649 Verum
2999 2597 3043 2651 si
3072 2598 3276 2669 placet,
3322 2603 3604 2661 redeamus
3653 2610 3724 2663 ad

2129 2678 2395 2733 sermonis
2423 2681 2659 2747 seriem,
2708 2694 2758 2738 et
2801 2686 3074 2743 videamus
3106 2700 3226 2759 post
3271 2692 3445 2750 Sarra:
3488 2708 3726 2755 mortem

2128 2779 2377 2839 quantam
2416 2770 2589 2839 justus
2614 2790 2795 2831 curam
2820 2779 2928 2848 agit
2956 2780 3048 2834 lilii
3073 2822 3087 2847 ,
3137 2782 3302 2839 lsaaci
3343 2788 3485 2842 dico.
3518 2791 3724 2845 Audia-

2127 2878 2245 2916 mus
2263 2864 2419 2933 igitur
2436 2865 2669 2921 divinam
2699 2870 3027 2940 Scripturam
3050 2876 3203 2930 nobis
3226 2890 3553 2936 narrantem.
3578 2883 3631 2937 1.
3655 2883 3723 2936 Et

2125 2954 2380 3009 Abraham
2405 2967 2512 3011 erat
2536 2976 2688 3015 sensa:
2707 3003 2720 3025 ,
2748 2975 3008 3033 provectus
3036 2967 3227 3023 diebus.
3260 2970 3327 3023 Et
3351 2971 3605 3029 Dominus
3635 2978 3719 3031 be-

2126 3050 2316 3104 nedixit
2341 3050 2597 3106 Abraham
2622 3072 2708 3124 per
2728 3057 2899 3111 omnia
2926 3058 3086 3128 (Cap.
3118 3060 3187 3115 ΞΔ,
3207 3063 3245 3129 ).
3271 3062 3447 3130 Quare
3475 3066 3588 3121 hinc
3615 3085 3718 3122 no.-

2127 3142 2208 3196 bis
2236 3144 2525 3214 assignavit
2563 3145 2878 3217 Scriptura?
2924 3150 3056 3218 Quia
3088 3155 3385 3223 patriarcha
3432 3160 3724 3232 diligenter

2123 3246 2407 3291 curaturus
2447 3247 2562 3292 erat
2600 3249 2654 3294 ut
2687 3255 2879 3310 sponsa
2932 3243 3111 3299 ISuaco
3152 3246 3543 3315 adduceretur,
3592 3251 3716 3305 ideo

2122 3324 2274 3380 nobis
2298 3326 2413 3396 ejus
2441 3338 2651 3384 mtatem
2696 3333 2999 3401 assignavit.
3041 3335 3262 3403 Quando
3290 3339 3433 3392 enim
3455 3382 3470 3405 ,
3500 3340 3674 3410 inquit
3695 3386 3709 3405 ,

2122 3416 2187 3471 ad
2215 3428 2510 3474 extremam
2539 3432 2867 3479 senectutem
2898 3429 3165 3495 pervenit,
3196 3431 3381 3485 volens
3408 3430 3653 3488 lsaacum
3682 3452 3710 3487 a

2120 3509 2541 3567 Chananarorum
2572 3515 2888 3585 cognatione
2926 3528 3170 3574 avertere
3193 3561 3207 3585 ,
3243 3531 3300 3575 ut
3326 3537 3395 3576 ne
3421 3523 3542 3577 inde
3572 3540 3711 3578 uxo-

2121 3618 2233 3658 rein
2265 3603 2521 3669 duceret,
2568 3615 2756 3661 vocato
2779 3648 2793 3673 ,
2842 3608 3049 3679 inquit,
3091 3610 3287 3666 famulo
3316 3616 3669 3683 prudentiore
3691 3661 3707 3683 ,

2119 3695 2457 3750 commendat
2482 3696 2529 3751 ei
2560 3700 2829 3767 negotium
2876 3699 2977 3755 hoc
3001 3744 3016 3767 ,
3058 3712 3111 3756 et
3137 3704 3264 3757 dicit
3294 3725 3307 3759 :
3336 3705 3390 3759 2.
3428 3705 3571 3760 Pone
3598 3725 3710 3761 ma-

2120 3802 2239 3838 num
2277 3796 2413 3841 tuam
2450 3788 2616 3843 subter
2636 3793 2802 3860 femur
2827 3809 3009 3845 meum.
3056 3793 3257 3865 Lingua
3302 3796 3485 3852 Graeca
3511 3799 3708 3869 habet,

2117 3878 2283 3932 subter
2306 3883 2472 3951 femur
2491 3899 2654 3936 meum
2684 3886 2749 3955 (α
2776 3887 2793 3955 )
2819 3896 2834 3939 :
2865 3886 3120 3942 llebraica
3147 3905 3272 3944 vero
3291 3931 3305 3955 ,
3340 3890 3529 3946 Subter
3567 3893 3706 3947 lum-

2116 3971 2251 4025 bum.
2286 3972 2355 4028 Et
2378 3990 2542 4044 quare
2570 3976 2649 4029 sic
2673 3976 2838 4031 dicit?
2859 3979 2972 4033 Mos
2998 3980 3083 4035 ille
3112 3990 3351 4036 veterum
3375 3994 3511 4038 erat.
3535 3986 3708 4041 Aliter

2115 4072 2290 4118 autem
2320 4064 2553 4132 dixeris,
2600 4068 2723 4137 quia
2766 4069 2889 4123 hinc
2934 4071 3245 4139 principium
3288 4074 3510 4142 originis
3556 4074 3705 4130 Isaae

2113 4154 2357 4211 duxerat.
2389 4156 2459 4213 Et
2484 4167 2541 4212 ut
2564 4158 2738 4214 discas
2766 4159 2867 4215 hoc
2897 4170 3024 4217 tunc
3055 4163 3107 4216 in
3131 4179 3281 4219 more
3308 4164 3497 4233 fuisse,
3522 4168 3703 4223 anim-

2112 4247 2328 4305 adverte
2370 4250 2515 4304 illum
2548 4251 2813 4321 imperare
2860 4262 2918 4307 ut
2955 4270 3169 4310 manum
3207 4256 3298 4310 ille
3337 4273 3404 4313 eo
3451 4259 3573 4314 loco
3608 4275 3706 4328 po-

2112 4351 2222 4405 nat,
2254 4352 2308 4397 et
2340 4328 2519 4397 Statim
2545 4342 2837 4414 adjungere
2866 4362 2879 4399 :
2906 4346 2959 4400 3.
2999 4345 3067 4399 Et
3093 4348 3376 4417 adjurabo,
3417 4352 3626 4420 inquit,
3656 4367 3707 4406 re

2111 4450 2201 4503 per
2220 4433 2496 4489 Dominum
2515 4433 2682 4490 Deum
2707 4437 2819 4490 εωιί
2838 4447 2881 4492 et
2904 4438 3065 4491 Deum
3092 4448 3255 4493 terra.
3279 4440 3410 4496 Vide
3427 4444 3702 4513 quomodo

2107 4528 2265 4583 docet
2303 4527 2556 4582 famulum
2597 4528 2664 4583 ad
2692 4524 3119 4598 cognoscendum
3153 4532 3520 4587 universorum
3548 4534 3699 4589 Cou-

2107 4620 2356 4675 ditorem.
2410 4619 2543 4675 Nam
2584 4621 2672 4690 qui
2701 4621 2874 4687 dixit,
2905 4620 3068 4674 Deum
3104 4623 3217 4676 creti
3241 4631 3285 4677 et
3317 4623 3482 4677 Deum
3513 4636 3698 4693 terre,

2104 4728 2318 4767 omnem
2346 4722 2645 4769 creaturam
2673 4714 3099 4783 comprehendit.
3130 4716 3197 4769 Et
3223 4717 3364 4786 quod
3394 4717 3522 4771 illud
3546 4720 3700 4786 jura-

2104 4815 2343 4863 meutum
2373 4805 2529 4862 erat?
2561 4804 2630 4860 Ut
2658 4822 2759 4858 non
2788 4805 3008 4875 accipias
3037 4823 3246 4860 uxorem
3264 4809 3371 4876 ﬁlio
3401 4825 3510 4863 meo
3540 4809 3697 4865 Isaac

2102 4897 2165 4950 de
2182 4897 2385 4967 ﬁliabus
2412 4896 2835 4956 Chananworum,
2860 4897 2991 4950 inter
3018 4914 3142 4968 quos
3168 4916 3258 4969 ego
3284 4900 3455 4955 habito
3476 4917 3495 4955 :
3526 4904 3585 4957 Δ.
3603 4906 3695 4956 sed

2100 4989 2156 5043 in
2176 4998 2357 5043 terram
2380 5004 2564 5053 meam,
2591 4988 2645 5041 in
2665 5005 2763 5058 qua
2792 4997 2940 5042 natus
2959 5005 3095 5055 sum,
3113 4990 3228 5056 ibis,
3260 5000 3306 5045 et
3331 4993 3401 5044 ad
3420 4996 3691 5064 wgnatio-

2159 5175 2231 5237 (al
2266 5177 2320 5225 In
2352 5176 2565 5261 Hebr?!)
2587 5178 3261 5261 legitjirlz'ﬁmljll'll‘ibqujod
3282 5188 3514 5261 [partitur
3536 5192 3690 5261 ,__su_b

2090 5236 2276 5309 femore
2325 5251 2449 5309 meo.
2494 5242 2581 5309 At_
2610 5236 2853 5309 Diodorus
2891 5236 3158 5309 Tarsensis
3190 5248 3239 5294 in
3280 5248 3481 5297 Catenis
3505 5264 3517 5299 :
3540 5236 3690 5309 ’Τξεᾶἐξ

2092 5317 2207 5362 φασι
2229 5302 2310 5348 τὸν
2335 5302 2586 5379 Σύρονςκςιὶ
2614 5307 2704 5377 ,τὸν
2751 5305 2971 5378 Ἓξϐραῖον
3006 5309 3284 5385 ﬂio-1:5wa
3303 5311 3435 5385 ἑλειγ
3469 5313 3567 5385 1-6,-
3593 5318 3689 5385 θᾲς

2091 5364 2177 5418 τήν
2200 5362 2337 5430 χεῖρά
2361 5362 2658 5430 σὸν-ἐπί-τῇὸν
2683 5362 2963 5430 μηρὸν’μου·
2997 5362 3100 5415 ἄλλ’
3126 5372 3207 5427 Εἰς
3229 5362 3429 5420 αὐτδτὸ
3452 5376 3689 5430 παιδογό-

2090 5440 2169 5495 νογ
2194 5425 2393 5495 ὄργιξνρν
2418 5425 2618 5495 ’,ἐπειξή
2754 5425 3044 5495 ’διᾳβοχῆςῄ
3078 5425 3270 5495 εὐλογία
3302 5434 3358 5481 τὸ
3400 5425 3690 5489 αὐξάνεσδαι

2090 5486 2173 5553 τεαὶ
2198 5485 2529 5553 πληθύνεσθαι.
2562 5485 2773 5546 Quidam
2798 5485 2963 5538 uicum
2988 5492 3173 5553 Syrum
3199 5485 3255 5544 ἐι
3290 5485 3557 5547 Ηεὺναήιιη
3590 5485 3690 5548 nou

2090 5543 2162 5594 ita
2212 5543 2654 5618 habere,_nempe,
2700 5564 2829 5618 pone
2870 5543 3072 5618 manui}!
3110 5543 3260 5618 tuam,
3297 5543 3689 5618 subet-"iuuit..-

2091 5619 2256 5676 meum
2300 5622 2310 5655 :
2357 5606 2474 5667 sed,
2508 5606 2664 5681 super
2700 5606 2869 5693 'Lipsnm
2900 5613 3192 5693 ‘proliiicum
3249 5606 3683 5693 instiumentum;

2089 5668 2317 5732 quoniam
2354 5668 2674 5723 successionis
2697 5668 2965 5725 benedictio
3005 5676 3071 5724 ad
3102 5679 3415 5730 crescendum
3444 5688 3491 5730 et
3511 5668 3688 5731 multi;

2088 5730 2370 5792 plicandum
2394 5735 2663 5808 spectabat.
2688 5736 2898 5808 Vulgata
2924 5744 3089 5808 tamen
3129 5740 3296 5808 habet,
3328 5742 3490 5793 subter
3513 5730 3686 5808 feritur

2088 5806 2267 5854 meum,
2294 5804 2442 5857 atque
2470 5798 2538 5848 ita
2561 5805 2760 5847 vertere
2784 5799 2951 5849 solent
2986 5798 3359 5853 Hebraizautes.
