4084 6356
302 374 411 427 455

297 490 611 555 μνημείοις
636 490 807 559 ἡμῶν
845 492 1043 562 θάψον
1068 495 1173 548 τὸν
1197 497 1413 563 νεκρόν
1441 512 1559 551 σου
1582 516 1598 532 υ
1625 498 1826 566 οὐδεὶς
1873 500 1985 570 γὰρ

301 572 476 641 ἡμῶν
505 578 577 629 οὐ
604 577 693 645 μὴ
738 582 986 649 κωλύσῃ
1024 582 1093 634 τὸ
1126 583 1423 652 μνημεῖον
1453 586 1642 639 αὑτοῦ
1683 586 1802 640 ἀπὸ
1843 587 1989 642 σοῦ.

316 662 456 714 Ἀλλ’
482 665 583 734 ὅρα
602 666 692 719 τὸν
725 668 954 733 δίκαιον,
996 672 1145 734 ὅπως
1177 674 1465 738 κάκείνους
1513 675 1756 728 παιδεύει
1788 676 1855 730 δι’
1888 678 1985 730 αὐ·-

302 752 414 803 τῶν
440 753 549 806 τῶν
571 755 750 825 έργων
769 759 869 828 τὴν
898 760 1100 812 οἰκείαν
1129 762 1466 830 φιλοσοφίαν,
1499 764 1595 817 καὶ⁸
1620 764 1681 816 οὐ
1716 765 1983 835 πρότερον

301 839 555 909 ἀνέχεται
588 842 773 898 λαϐεῖν
799 845 859 898 τὸ
890 851 1171 917 μνημεῖον,
1196 850 1325 919 πρὶν
1353 848 1419 902 ἂν
1446 850 1545 915 τὴν
1574 851 1788 904 δικαίαν
1812 869 1980 905 κατα-

298 926 477 998 ϐάλλῃ
506 931 695 1000 τιμήν.
748 932 814 985 Εἰ
836 932 945 1003 γὰρ
973 937 1065 986 καὶ
1108 936 1287 1005 ὑμεῖς,
1326 937 1509 1007 φησὶν,
1536 937 1681 991 οὕτω
1724 940 1852 1009 περί
1883 938 1983 1009 ἐμὲ

303 1016 644 1087 εὐγνώμονες
661 1020 944 1088 γεγόνατε,
977 1022 1091 1075 ἀλλ’
1116 1022 1225 1090 ἐγὼ
1247 1023 1346 1077 οὐκ
1374 1025 1656 1095 ἀνέξομαι,
1679 1026 1727 1077 εἰ
1756 1025 1830 1096 μὴ
1851 1026 1985 1096 πρό⁹

298 1122 459 1178 τερον
478 1110 577 1179 τὴν
600 1110 826 1164 δέουσαν
848 1112 1012 1183 τιμὴν
1033 1113 1446 1185 καταϐάλλοιμι,
1465 1114 1647 1168 λαϐὼν
1675 1116 1807 1184 παρ’
1831 1115 1985 1186 ὑμῶν

298 1195 363 1246 τὸ
406 1198 690 1265 μνημεῖον.
744 1199 858 1250 Καὶ
897 1199 1043 1263 δοὺς,
1080 1201 1234 1271 φησὶ,
1286 1201 1348 1254 τὸ
1399 1201 1688 1271 ἀργύριον,
1732 1200 1891 1255 έλαϐε
1924 1203 1985 1255 τὸ

303 1284 573 1351 μνημεῖον
599 1299 614 1314 ο
649 1296 677 1324 ι
714 1284 814 1338 καί
894 1283 1087 1355 ἔθαψε
1108 1288 1345 1356 Σάρραν
1374 1288 1490 1356 τὴν
1509 1289 1769 1357 γυναῖκα
1796 1292 1985 1346 αὐτοῦ

296 1370 373 1421 ἐν
405 1370 486 1434 τῷ
518 1374 799 1440 σπηλαίῳ
844 1373 952 1427 τοῦ
999 1375 1184 1443 ἀγροῦ
1217 1373 1297 1440 τῷ
1340 1374 1553 1441 διπλῷ,
1590 1376 1624 1430 ὅ
1659 1378 1832 1432 ἐστιν
1867 1379 1985 1433 ἀπ-

296 1455 502 1508 έναντι
522 1459 793 1528 Μαμϐρῆ.
811 1462 920 1514 Καὶ
946 1462 975 1513 6
996 1461 1138 1514 οὕτω
1167 1461 1470 1534 περιφανὴς
1488 1463 1578 1515 καὶ
1599 1463 1981 1534 περίϐλεπτος,

303 1545 403 1595 καὶ
427 1545 699 1616 τοσαύτην
733 1548 1048 1619 παρρησίαν
1076 1550 1229 1620 παρὰ
1264 1548 1344 1619 τῷ
1380 1548 1499 1619 Θεῷ
1522 1550 1683 1620 έχων,
1714 1551 1808 1604 καί
1832 1552 1985 1623 παρά

301 1631 542 1696 πάντων,
569 1633 644 1696 ὼς
666 1634 859 1699 εἰπεῖν,
875 1634 984 1687 τῶν
1011 1636 1200 1689 αὐτόθι
1216 1636 1484 1706 τοσαύτης
1506 1636 1798 1691 ἀπολαύων
1821 1638 1984 1707 θερα-

298 1717 481 1782 πείας,
514 1719 589 1783 ώς
627 1720 721 1773 καὶ
748 1723 874 1784 τοὺς
906 1722 1059 1786 υἱοὺς
1085 1724 1193 1775 Χέτ
1229 1723 1451 1793 βασιλέα
1484 1724 1647 1778 αὐτὸν
1672 1724 1981 1795 ὀνομάζειν,

292 1806 422 1859 οὐδὲ
465 1806 621 1878 βῆμα
669 1809 827 1873 ποδὸς
864 1810 1148 1881 ἐκέκτητο.
1188 1812 1287 1865 Διά
1328 1812 1486 1866 τοῦτο
1522 1813 1616 1866 καί
1646 1814 1673 1865 6
1710 1814 1983 1884 μακάριος

296 1894 511 1959 Παῦλος
562 1896 955 1968 ἀνακηρύττων
1002 1898 1097 1951 τοῦ
1140 1899 1350 1953 δικαίου
1401 1899 1593 1953 τούτου
1626 1900 1725 1971 τὴν
1761 1901 1980 1972 ἀρετὴν,

296 1982 526 2053 γράφων
559 1983 745 2052 έλεγευ
797 1985 1007 2039 Πίστει
1050 1986 1414 2056 παρῴκησεν
1465 1988 1713 2057 Ἀϐραὰμ
1750 1991 1837 2053 είς
1870 1989 1985 2057 τὴν

298 2067 417 2139 γῆν
467 2069 577 2138 τῆς
630 2072 1015 2142 ἐπαγγελίας,
1073 2075 1152 2140 ὡς
1206 2075 1557 2145 ἀλλοτρίαν,
1609 2076 1680 2129 ἐν
1720 2076 1983 2143 σκηναῖς

297 2159 671 2224 κατοικήσας
702 2159 854 2229 μετὰ
919 2163 1127 2216 Ἰσαὰκ
1178 2162 1277 2215 καί
1329 2163 1530 2218 Ἰακὼϐ
1558 2162 1678 2217 τῶν
1709 2167 1983 2233 συγκλη-

290 2246 567 2314 ρονόμων
596 2246 708 2314 τῆς
750 2248 1112 2319 ἐπαγγελίας
1156 2249 1269 2319 τῆς
1309 2251 1521 2319 αὐτῆς.
1559 2248 1691 2304 Εῐτα
1712 2251 1982 2305 διδάσκων

296 2335 445 2404 ἡμᾶς
468 2335 584 2399 πῶς
615 2336 796 2390 πίστει
845 2337 1194 2409 παρῴκησεν,
1256 2340 1538 2409 ἐπήγαγεν
1562 2355 1576 2370 ⁸
1635 2339 1981 2409 Ἐξεδέχετο

293 2422 411 2490 γὰρ
443 2423 557 2491 τὴν
581 2424 724 2490 τοὺς
740 2427 1053 2494 θεμελίους
1081 2427 1355 2495 ἔχουσαν
1383 2422 1676 2498 πόλιν,ἧς
1704 2428 1981 2496 τεχνίτης

296 2512 396 2564 καὶ
426 2510 785 2583 δημιουργὸς
808 2517 839 2567 ὀ
858 2515 1021 2580 Θεός.
1052 2515 1128 2585 Τῇ
1158 2515 1354 2578 ἐλπίδι,
1378 2517 1531 2585 φησί,
1550 2515 1658 2568 τῶν
1678 2515 1981 2586 μελλόντων

294 2598 586 2670 ὑπερεώρα
613 2600 718 2653 τῶν
754 2602 1058 2672 παρόντων,
1092 2603 1187 2654 καί
1213 2605 1279 2673 τῇ
1313 2604 1611 2674 προσδοκίᾳ
1654 2603 1762 2655 τῶν
1799 2601 1981 2673 μειζό-

294 2705 403 2740 νων
428 2687 649 2741 έλαττον
688 2688 972 2761 ἐφρόντιζε
1000 2691 1206 2744 τούτων
1232 2690 1341 2743 τῶν
1370 2693 1428 2743 ἐν
1455 2690 1532 2761 τῷ
1580 2691 1810 2761 παρόντι
1834 2690 1936 2761 βίῳ
1962 2705 1975 2719 °

297 2777 393 2828 καὶ
425 2777 599 2829 ταῦτα
637 2780 743 2848 πρὸ
771 2778 867 2831 τοῦ
902 2778 1089 2849 νόμου,
1131 2779 1223 2832 καί
1269 2780 1375 2851 πρὸ
1402 2778 1504 2849 τῆς
1529 2778 1773 2851 χάριτος.
1811 2779 1980 2831 Ποίαν

295 2860 392 2916 οὖν
418 2864 611 2935 ἕξομεν
640 2867 803 2936 ἡμεῖς
835 2866 1153 2934 ἀπολογίαν,
1187 2868 1307 2919 εἰπέ
1334 2884 1445 2937 μοι,
1463 2868 1513 2919 οἰ
1543 2868 1682 2937 μετὰ
1710 2865 1979 2930 τοσαύτας

296 2953 633 3021 ἐπαγγελίας
660 2954 758 3009 καὶ
781 2955 880 3018 τάς
897 2956 1222 3026 ὑποσχέσεις
1249 2954 1359 3007 τῶν
1392 2956 1724 3027 ἀπορρήτων
1749 2955 1978 3024 ἀγαθῶν

296 3041 436 3111 πρὸς
474 3042 543 3095 τά
578 3042 823 3112 παρόντα
858 3044 1205 3113 ἐπτοημένοι,
1262 3045 1357 3098 καί
1404 3043 1703 3114 ὠνούμενοι
1749 3045 1976 3115 ἀγροὺς,

280 3128 393 3179 καὶ
447 3128 726 3199 πανταχοῦ
784 3129 1173 3198 φαιδρύνεσθαι
1223 3130 1649 3194 σπουδάζοντες,
1714 3132 1809 3183 καί
1870 3130 1978 3186 ἀπὸ

297 3214 616 3280 πλεονεξίας
652 3215 746 3268 καί
781 3217 1038 3288 ἁρπαγῆς
1097 3217 1271 3271 ταῦτα
1324 3216 1540 3271 ἅπαντα
1595 3218 1973 3285 συλλέγοντες,

300 3304 396 3355 καὶ
412 3304 550 3374 ὅπερ
577 3308 604 3357 6
634 3304 903 3375 μακάριος
931 3305 1219 3375 προφήτης
1247 3304 1461 3375 θρηνῶν
1490 3305 1665 3374 ἔλεγε,
1706 3307 1865 3359 τοῦτο
1889 3306 1979 3359 διὰ

295 3390 407 3443 τῶν
440 3391 618 3461 ἐργων
658 3390 1017 3461 πληροῦντεςο
1059 3392 1202 3445 Οὐαί
1250 3395 1303 3445 οἱ
1336 3390 1760 3459 συνάπτοντες
1782 3394 1979 3446 οὶκίαν

295 3479 447 3547 πρὸς
475 3479 693 3545 οὶκίαν,
740 3479 839 3531 καί
882 3477 1069 3549 ἀγρὸν
1127 3478 1274 3547 πρὸς
1305 3477 1492 3549 ἀγρὸν
1511 3479 1978 3549 ἑγγίζοντες,ἵνα

295 3565 404 3618 τοῦ
435 3565 706 3631 πλησίον
754 3565 1098 3634 ἀφέλωνταί
1126 3581 1216 3628 τις
1253 3566 1323 3618 Ἢ
1351 3567 1472 3637 οὐχὶ
1497 3566 1670 3620 ταῦτα
1697 3567 1819 3620 καθ’
1846 3569 1977 3621 ἐκά-

299 3670 432 3724 στην
456 3652 672 3724 ἡμέραν
729 3654 948 3725 ὁρῶμεν
981 3655 1263 3724 γινόμενα,
1310 3656 1404 3706 καὶ
1444 3656 1618 3726 χήρας
1656 3655 1754 3726 μὲν
1796 3657 1976 3726 ἁρπα-

296 3741 553 3810 ζομένας,
588 3741 859 3811 ὀρφανοὺς
895 3740 954 3793 δέ
997 3740 1422 3811 ἀποδυομένους,
1456 3744 1551 3795 καί
1566 3743 1691 3806 τοὺς
1726 3743 1977 3808 ἀσθενεῖς

296 3825 405 3878 ὐπὸ
453 3827 561 3879 τῶν
610 3826 995 3898 δυνατωτέρων
1039 3827 1435 3897 πιεζομένους;
1483 3827 1622 3880 Ἀλλ’
1665 3829 1763 3900 οὐχ
1804 3829 1976 3895 οὕτως

296 3914 324 3965 6
348 3912 553 3976 δίκαιος
576 3908 727 3976 οὗτος
742 3931 754 3942 ·
780 3912 918 3967 ἀλλὰ
934 3914 1029 3967 καί
1053 3917 1316 3984 μνημεῖον
1338 3914 1653 3985 ὠνήσασθαι
1672 3916 1973 3988 βουληθεὶς,

295 4002 485 4073 ἐπειδὴ
516 3998 654 4053 εἶδεν
679 4002 933 4072 ἑτοίμους
965 4002 1235 4055 διαδοῦναι
1268 4003 1628 4074 βουλομένους
1663 4006 1790 4069 τοὺς
1815 4007 1974 4076 αἰτη-

298 4088 512 4153 θέντας,
543 4090 604 4142 οὐ
632 4088 898 4160 πρότερον
926 4091 1207 4159 ἠνέσχετο,
1228 4090 1356 4160 πρὶν
1390 4091 1422 4161 ἥ
1451 4092 1551 4161 τὴν
1594 4092 1809 4145 δικαίαν
1840 4110 1975 4145 κατ-

297 4176 455 4229 έϐαλε
486 4178 671 4247 τιμήν.
699 4177 876 4247 ’Ἃπερ
907 4177 1235 4241 ἐννοοῦντες,
1273 4180 1568 4249 ἀγαπητοὶ,
1605 4179 1975 4251 μιμησώμεθα

268 4267 346 4325 ,οἰ
379 4267 437 4317 ἐν
454 4268 528 4336 ’τῇ
552 4266 735 4336 χάριτι
765 4265 855 4318 τὸν
887 4265 993 4336 πρὸ
1011 4265 1105 4317 τοῦ
1133 4266 1319 4336 νόμου,
1354 4267 1447 4319 καὶ
1481 4268 1556 4338 μὴ
1583 4269 1714 4339 περὶ
1739 4269 1836 4339 τὴν
1866 4269 1975 4321 τῶν

260 4353 562 4406 -πλειόνων
614 4352 912 4424 ἐπιθυμίαν
957 4354 1327 4425 ἐκκαιόμενοι,
1381 4355 1564 4425 μεῖζον
1620 4357 1833 4421 ἑαυτοῖς
1885 4360 1975 4412 καὶ

297 4442 657 4514 σφοδρότερον
716 4442 1142 4515 ἐπισωρεύωμεν
1200 4443 1260 4497 τὸ
1310 4443 1422 4515 πῦρ
1464 4445 1523 4497 τὸ
1566 4444 1849 4509 ἄσϐεστον,
1877 4448 1975 4518 τὴν

297 4529 473 4597 φλόγα
500 4528 598 4600 τὴν
634 4529 928 4600 ἀφόρητον.
972 4531 1345 4602 Ἀκουσόμεθα
1381 4532 1511 4602 γὰρ,
1543 4533 1589 4585 εἰ
1616 4534 1975 4604 ἐπιμένοιμεν

296 4620 415 4680 ταῖς
458 4618 734 4680 τοιαύταις
766 4619 1041 4689 ἁρπαγαῖς
1085 4620 1181 4672 καὶ
1217 4620 1573 4686 πλεονεξίαις,
1609 4622 1678 4675 τά
1713 4623 1849 4692 πρὸς
1884 4625 1974 4677 τὸν

266 4702 552 4758 Δπλούσιον
578 4708 782 4759 ἐκεῖνον
814 4706 1079 4777 εἰρημένα
1158 4709 1405 4776 ’.κλει-ρον,
1456 4710 1641 4777 ταύτῃ
1686 4708 1758 4777 τῇ
1801 4710 1975 4763 νυκτὶ

260 4794 265 4799 ’
295 4792 413 4860 τὴν
428 4792 640 4861 ψυχήν
666 4809 783 4846 σου
797 4793 1152 4848 ἐπαιτοῦσιν
1172 4796 1288 4849 ἀπὸ
1303 4796 1419 4850 σοῦ
1437 4812 1450 4825 '
1474 4795 1513 4850 ἁ
1536 4796 1603 4849 δὲ
1618 4799 1970 4867 ἡτοίμασας,

297 4883 414 4933 τίνι
448 4881 658 4946 ἑσται;
687 4880 844 4945 Τίνος
873 4881 982 4951 γὰρ
1008 4882 1213 4948 ἕνεκεν,
1255 4885 1527 4955 ἀγαπητέ,
1575 4885 1810 4939 τοσαῦτα
1851 4888 1975 4940 συλ-

295 4971 477 5035 λέγειν
528 4970 871 5035 σπουδάζεις,
901 4970 1045 5042 ἆπερ
1072 4974 1187 5041 μετ’
1215 4974 1275 5026 οὐ
1304 4975 1437 5029 πολύ
1476 4975 1686 5046 μέλλων
1726 4979 1973 5032 ἐντεῦθεν

256 5096 259 5103 .
296 5058 452 5131 [482]
474 5059 895 5129 ἀφαρπάζεσθαι
916 5060 1262 5129 καταλείψεις
1282 5064 1536 5128 ἐνταῦθα,
1554 5066 1615 5118 οὐ
1634 5066 1793 5135 μόνον
1822 5068 1973 5120 οὐδὲν

295 5150 391 5200 ἀπ’
426 5146 607 5199 αὐτῶν
650 5147 1049 5219 καρπώσασθαι
1071 5147 1339 5218 δυνηθεὶς,
1368 5151 1505 5204 ἀλλά
1535 5154 1629 5205 καὶ
1661 5154 1722 5206 τὸ
1752 5157 1971 5226 φορτίον

252 5245 259 5253 ’
294 5235 406 5288 τῶν
435 5235 848 5305 ἁμαρτημάτων
880 5234 1103 5289 ἐπὶτῶν
1121 5236 1336 5290 οἰκείων
1364 5238 1530 5308 ὤμων
1551 5242 1968 5313 ἐπιφερόμενος,

256 5352 259 5355 λ
297 5326 394 5377 καὶ
416 5324 677 5394 ἄπρακτα
715 5322 901 5376 λοιπὸν
934 5324 1359 5393 μεταγινώσκων
1392 5342 1406 5389 ;
1450 5328 1559 5379 Καὶ
1592 5331 1660 5380 τά
1695 5331 1793 5399 μὲν
1821 5333 1969 5403 παρὰ

297 5410 394 5465 σοῦ
446 5412 585 5482 μετά
637 5411 952 5477 πλεονεξίας
984 5412 1311 5481 συλλεγέντα
1342 5414 1601 5481 πολλάκις
1638 5420 1733 5471 καί¹
1764 5421 1845 5483 είς
1872 5422 1969 5485 τὰς

294 5500 405 5552 τῶν
432 5497 642 5569 ἐχθρῶν
672 5501 859 5568 χεῖρας
885 5498 1170 5551 ἐλεύσεται
1194 5515 1207 5530 ⁸
1235 5500 1395 5564 αὐτὸς
1421 5501 1477 5554 δὲ
1503 5503 1601 5574 τὴν
1638 5505 1731 5557 ἐπὶ
1758 5508 1970 5573 τούτοις

292 5588 453 5657 δίκην
478 5585 854 5657 ἀπαιτηθήσῃ.
910 5586 1076 5651 Ποίας
1117 5583 1210 5640 οὖν
1247 5590 1347 5641 οὐκ
1380 5578 1445 5642 ἄν
1476 5591 1558 5662 εἴη
1600 5592 1760 5646 τοῦτο
1791 5614 1971 5667 παρα-

294 5673 591 5743 φροσύνης,
620 5672 681 5723 τὸ
702 5672 906 5743 ἐτέροις
943 5674 1242 5741 πονεῖσθαι,
1278 5676 1372 5730 καὶ
1404 5676 1565 5740 αὐτὸς
1590 5679 1686 5749 τὴν
1715 5682 1808 5734 ἐπὶ
1849 5685 1971 5736 τού-

292 5779 407 5823 τοις
432 5760 587 5830 δίκην
616 5760 816 5813 διδόναι
838 5776 851 5825 ;

360 5869 387 5897 ⁸
416 5866 471 5915 ln
493 5864 613 5914 edit.
659 5866 833 5930 leOIel.
877 5866 957 5914 hic
996 5869 1124 5917 male
1151 5873 1337 5930 positus
1381 5871 1539 5919 fuerat
1581 5875 1848 5924 versiculus
1874 5878 1961 5927 ille

290 5933 483 5998 prima
507 5942 611 5998 cap_.
638 5928 699 5997 ει)
719 5926 930 5998 ςίειιεείε
957 5926 1172 5998 ειέγένετο
1195 5933 1263 5998 δε,
1290 5934 1458 5998 φησίν,
1476 5936 1505 5988 ἡ
1528 5936 1621 5998 ζωῂ
1652 5936 1826 5998 tam;
1849 5926 1955 5986 έκάῐ

292 5990 376 6041 τον
408 5992 561 6041 εἰκοσι
586 5990 702 6037 ἑπτα
723 5994 824 6049 ἐτη,
845 5991 924 6045 καὶ
965 5992 1177 6042 ἀπεθανε.
1205 5996 1361 6042 Secus
1384 5994 1568 6044 habent
1594 5990 1823 6049 Saxul'et
1840 6014 1957 6053 mss.

1446 382 1514 436 IN
1548 384 1699 439 CAP.
1736 383 1907 438 XXIV
1940 386 2181 441 GENES.
2228 387 2455 445 HOMIL.
2496 390 2724 447 XLVI".

3657 396 3761 451 4ζὸ

2161 504 2225 574 β’.
2255 506 2394 558 Ἀλλ’
2419 508 2465 559 εἰ
2483 508 2576 560 καὶ
2600 508 2861 579 πρότερον
2878 506 3020 561 οὕτω
3035 507 3101 562 τά
3119 509 3237 563 καθ’
3255 510 3481 575 ἑαυτοὺς
3505 511 3762 582 ῥαθύμως

2085 594 2437 666 διεθήκαμεν,
2496 597 2590 652 νῦν
2632 598 2761 666 γοῦν
2815 599 2875 651 τὸ
2913 600 3030 652 δέον
3074 600 3511 672 βουλευσώμεθα,
3559 603 3653 655 καὶ
3687 604 3761 671 μὴ

2085 685 2273 750 ἁπλῶς
2295 688 2723 756 περιϐάλλεσθαι
2755 690 3144 761 σπουδάζωμεν
3175 690 3376 762 πολλὴν
3400 694 3499 763 τὴν
3525 711 3592 746 πε
3602 712 3753 764 ριου-

2091 775 2233 835 σίαν,
2270 776 2407 830 ἀλλά
2432 777 2631 848 πολλὴν
2655 778 2749 831 τοῦ
2770 778 2978 832 δικαίου
3007 779 3291 851 ποιώμεθα
3316 781 3575 853 πρόνοιαν
3628 779 3762 836 Οὐδέ

2088 861 2197 933 γὰρ
2222 864 2383 934 μέχρι
2414 865 2509 917 τοῦ
2543 866 2808 936 παρόντος
2836 867 3093 937 στήσεται
3130 867 3199 919 τὰ
3226 867 3491 938 ἡμέτερα,
3520 868 3640 922 οὐδέ
3668 869 3759 921 ἐπὶ

2091 952 2190 1022 τῆς
2221 952 2378 1023 ξένης
2399 952 2488 1006 διὰ
2511 952 2715 1016 παντὸς
2756 954 3015 1024 ἐσόμεθα,
3062 953 3201 1007 ἀλλά
3229 957 3348 1025 μετ’
3393 957 3456 1009 οὐ
3506 956 3639 1010 πολύ
3681 957 3761 1019 εἰς

2088 1040 2186 1110 τὴν
2222 1041 2429 1094 οἰκείαν
2463 1040 2805 1111 ἐπανήξομεν
2851 1042 3105 1113 πατρίδα.
3140 1042 3325 1095 Πάντα
3363 1039 3457 1097 οὖν
3495 1042 3759 1113 ποιῶμεν,

2087 1126 2228 1180 ὥστε
2283 1129 2357 1199 μὴ
2393 1129 2512 1181 ἐκεῖ
2547 1130 2604 1181 ἐν
2642 1129 2991 1200 ἐνδείαὴμᾶς
3027 1129 3303 1196 γενέσθαι.
3336 1131 3401 1183 Τί
3429 1130 3539 1201 γὰρ
3570 1131 3761 1200 δφελος

2085 1216 2145 1267 ἐν
2182 1215 2304 1286 ξένῃ
2344 1216 2442 1286 μὲν
2471 1215 2640 1270 πολὺν
2682 1216 2774 1270 τόν
2801 1216 3031 1270 πλοῦτον
3061 1217 3403 1282 καταλιπεῖν,
3430 1220 3487 1271 ἐν
3503 1219 3559 1271 δέ
3594 1222 3660 1290 τῇ
3685 1220 3762 1271 οἰ-

2086 1301 2213 1372 κεία
2272 1302 2494 1372 πατρίδι
2547 1302 2681 1373 μηδέ
2730 1302 2841 1355 τῶν
2887 1303 3202 1372 ἀναγκαίων
3233 1306 3330 1374 τὴν
3364 1306 3552 1376 χρείαν
3584 1305 3759 1375 ἐχεινς

2086 1388 2419 1460 Σπεύσωμεν
2446 1386 2559 1453 οὖν,
2597 1390 2921 1463 παρακαλῶ,
2962 1392 3037 1454 ὼς
3067 1391 3148 1444 ἐτι
3198 1390 3408 1462 καιρός,
3447 1394 3542 1446 καὶ
3569 1394 3637 1447 τά
3667 1394 3762 1446 ἐπὶ

2086 1479 2187 1547 τῆς
2215 1477 2376 1548 ξένης
2424 1480 2541 1532 ἐκεῖ
2571 1477 2923 1550 μεταθῶμεν.
2987 1480 3050 1534 Εἰ
3095 1480 3205 1551 γὰρ
3251 1482 3345 1534 καὶ
3395 1481 3530 1535 πολὺ
3551 1482 3613 1535 τδ
3642 1482 3759 1535 διάο

2088 1585 2295 1639 στημα,
2320 1566 2459 1621 ἀλλά
2499 1568 2703 1639 σφόδρα
2742 1567 2964 1638 εὐκολος
2987 1571 3021 1639 ἡ
3049 1570 3401 1640 μετακομιδή.
3430 1572 3542 1624 Καὶ
3575 1570 3684 1642 γάρ
3710 1573 3760 1624 οί

2090 1656 2549 1726 μετακομίζοντες
2569 1656 2796 1727 ἕτοιμοι,
2821 1658 2917 1711 καὶ
2944 1657 3082 1727 μετά
3097 1657 3393 1726 ἀσφαλείας
3408 1659 3588 1711 ἐκεῖσε
3610 1658 3759 1728 βαδί·

2085 1742 2400 1809 ζοντες,καί
2424 1746 2481 1798 ἐν
2497 1744 2683 1815 ἀσύλῳ
2717 1744 3373 1817 θησαυρῷἀποτιθέμενοι
3425 1746 3569 1819 άπερ
3603 1747 3670 1800 ἂν
3691 1746 3760 1800 δι’

2084 1832 2265 1885 αὐτῶν
2296 1833 2722 1904 προαποστεῖλαι
2769 1834 3107 1906 δυνηθῶμεν.
3141 1837 3207 1887 At
3238 1834 3346 1905 γὰρ
3368 1834 3477 1887 τῶν
3514 1839 3761 1905 πενήτων

2084 1921 2267 1990 χεῖρες
2312 1921 2392 1982 είς
2422 1921 2647 1989 ταμιεῖα
2687 1918 2799 1973 τῶν
2843 1921 3090 1991 οὐρανῶν
3127 1919 3478 1974 ἀποτίθενται
3525 1920 3595 1973 τά
3630 1922 3759 1989 παρ’

2085 2006 2240 2077 ἡμῶν
2260 2007 2531 2078 διδόμενα.
2567 2008 2738 2060 Ὅταν
2768 2004 2861 2063 οὖν
2891 2009 3042 2081 καὶὴ
3076 2009 3296 2062 εὐκολία
3400 2009 3635 2078 τοσαύτη
3668 2010 3762 2061 καὶ

2084 2094 2377 2163 ἀσφάλεια,
2412 2095 2559 2159 τίνος
2585 2094 2773 2148 ἕνεκεν
2813 2095 3181 2167 ἀναδυόμεθα,
3206 2097 3325 2167 οὐχί
3363 2097 3421 2149 δὲ
3469 2095 3608 2166 μετά
3653 2096 3759 2148 πά-

2086 2198 2185 2251 σης
2235 2180 2470 2252 σπουδῆς
2496 2181 2653 2236 τοῦτο
2692 2182 3156 2254 διαπραττόμεθα,
3188 2183 3275 2237 ἵνα
3321 2185 3437 2236 ἐκεῖ
3470 2182 3641 2237 ταῦτα
3667 2182 3758 2234 εὖ-

2084 2286 2290 2339 ρωμεν,
2327 2268 2456 2322 ἔνθα
2510 2270 2745 2341 μάλιστα
2785 2270 2968 2323 αὐτῶν
2997 2271 3309 2342 χρῄζομεν;
3345 2270 3443 2323 Διά
3470 2270 3628 2323 τοῦτο
3666 2269 3763 2322 καὶ

2081 2359 2110 2408 6
2157 2358 2502 2429 πατριάρχης
2546 2351 2703 2422 οὗτος
2755 2359 2830 2423 ὼς
2880 2359 3166 2429 ἀλλοτρίαν
3206 2359 3444 2428 κατῴκει
3497 2358 3595 2429 τὴν
3650 2360 3761 2411 Χα-

2082 2448 2325 2509 ναναίαν,
2388 2447 2577 2518 ἐπειδὴ
2638 2447 2855 2518 ἐκείνην
2922 2446 3189 2515 Ἐδέχετο
3232 2448 3348 2514 τὴν
3398 2449 3625 2511 πόλιν,
3684 2442 3761 2515 ἧς

2080 2536 2356 2603 τεχνίτης
2410 2534 2508 2589 καί
2562 2533 2923 2604 δημιουργὸς
2949 2538 2982 2589 ὁ
3023 2537 3186 2601 Θεός.
3219 2537 3343 2589 Ἐὰν
3367 2537 3546 2587 τοίνυν
3568 2534 3760 2604 βουλη-

2083 2621 2264 2691 θῶμεν
2300 2622 2390 2674 τὸν
2444 2621 2652 2674 δίκαιον
2698 2622 2892 2675 τοῦτον
2948 2623 3315 2693 μιμήσασθαι,
3353 2623 3448 2674 καὶ
3477 2624 3636 2692 ἡμεῖς
3675 2621 3756 2683 εἰς

2079 2712 2297 2781 ἐκείνην
2340 2713 2752 2781 καταντήσομεν
2795 2710 2882 2775 ἂν,
2936 2712 3030 2764 καὶ
3082 2714 3163 2774 εἰς
3210 2713 3338 2775 τοὺς
3386 2712 3619 2772 κόλπους
3657 2710 3753 2762 τοῦ

2080 2800 2422 2870 πατριάρχου
2472 2798 2769 2870 φθάσομεν.
2810 2799 2874 2852 Ἦ
2927 2800 3035 2869 γάρ
3059 2800 3313 2852 κοινωνία
3352 2799 3459 2852 τῶν
3501 2797 3754 2870 πράξεων

2080 2889 2173 2941 καὶ
2231 2888 2330 2959 τῆς
2385 2886 2738 2950 ἀπολαύσεως
2784 2886 2881 2958 τὴν
2916 2887 3204 2939 κοινωνίαν
3260 2889 3393 2957 ἡμῖν
3448 2886 3749 2957 χαρίζεται.

2092 2976 2253 3041 Ἀλλ’,
2289 2978 2338 3028 εί
2376 2976 2541 3039 δοκεῖ,
2596 2974 2979 3045 ἐπανέλθωμεν
3032 2974 3218 3027 λοιπὸν
3243 2976 3335 3027 ἐπὶ
3380 2974 3477 3044 τὴν
3528 2974 3756 3026 ἀκολου-

2080 3066 2202 3119 θίαν
2240 3063 2336 3117 τοῢ
2380 3063 2539 3131 λόγου
2563 3102 2577 3126 ,
2610 3065 2704 3115 καί
2739 3063 2939 3133 ῖδωμεν
2971 3061 3109 3132 μετὰ
3139 3061 3229 3115 τὸν
3255 3061 3357 3130 τῆς
3392 3061 3609 3133 Σάρρας
3653 3062 3757 3114 θά-

2080 3169 2262 3215 νατον,
2294 3153 2426 3222 ὅσην
2448 3153 2475 3203 ὁ
2506 3148 2717 3213 δίκαιος
2747 3153 2980 3202 ποιεῖται
3014 3148 3273 3219 φροντίδα
3306 3147 3397 3200 τοῦ
3425 3148 3632 3211 παιδὸς,
3662 3148 3757 3201 τοῦ

2092 3240 2279 3294 Ἰσαὰκ
2341 3239 2510 3307 λέγω.
2562 3236 2914 3308 Ἀκούσωμεν
2962 3238 3144 3289 τοίνυν
3190 3236 3289 3306 τῆς
3338 3235 3490 3295 θείας
3534 3236 3758 3306 Γραφῆς

2077 3329 2440 3401 διηγουμένης
2471 3330 2624 3397 ἡμῖν.
2672 3325 2785 3379 Καὶ
2826 3326 3073 3393 Ἀϐραὰμ
3097 3366 3111 3389 ,
3158 3325 3355 3393 φησιν,
3383 3319 3463 3395 ἦν
3499 3325 3758 3391 πρεσϐύ-

2078 3434 2283 3485 τερος,
2318 3414 2699 3483 προϐεϐηκὼς
2730 3411 2984 3482 ἡμερῶν.
3037 3410 3146 3465 Καὶ
3198 3412 3413 3479 Κύριος
3449 3412 3758 3479 ηὐλόγησε

2076 3507 2184 3560 τὸν
2221 3507 2467 3575 Ἀϐραὰμ
2508 3503 2658 3558 κατὰ
2699 3502 2919 3557 πάντα.
2962 3501 3125 3565 Τίνος
3172 3502 3361 3554 ἐνεκεν
3415 3499 3571 3553 τοῦτο
3625 3502 3759 3571 ἡμῖν

2078 3595 2510 3666 ἐπεσημήνατο;
2557 3591 2773 3663 Ἐπειδὴ
2820 3590 3004 3661 μέλλει
3049 3590 3305 3660 φροντίδα
3348 3589 3621 3642 ποιεῖσθαι
3661 3589 3755 3641 τοῦ

2090 3682 2272 3737 Ἰσαὰκ
2295 3684 2390 3736 καί
2418 3680 2673 3749 σπουδὴν,
2704 3680 2845 3733 ὥστε
2875 3679 3093 3749 νύμφην
3123 3680 3272 3747 αὐτῷ
3298 3677 3624 3746 ἀγαγέσθαι,
3664 3678 3752 3731 διά

2075 3771 2234 3825 τοῦτο
2261 3771 2533 3841 ἐσήμανεν
2550 3770 2680 3839 ἡμῖν
2700 3768 2795 3840 τὴν
2822 3768 3039 3838 ἡλικίαν
3061 3765 3155 3818 τοῦ
3184 3766 3544 3835 πατριάρχου.
3565 3765 3755 3817 Ἡνίκα

2077 3863 2205 3933 γὰρ,
2240 3860 2408 3930 φησὶ,
2446 3858 2583 3930 πρὸς
2614 3857 2842 3926 ἔσχατον
2870 3857 3047 3926 γῆρας
3083 3853 3271 3924 ἡλασε,
3315 3854 3639 3923 βουλόμενος
3665 3853 3755 3905 τὸν

2091 3950 2275 4005 Ἰσαάκ
2303 3949 2403 4019 τῆς
2443 3947 2552 3999 τῶν
2596 3944 2918 3997 Χαναναίων
2953 3943 3271 4011 συγγενείας
3295 3940 3636 4005 ἀπαλλάξαι,
3670 3940 3755 3993 ἵνα

2079 4049 2154 4121 μὴ
2210 4048 2421 4103 ἐκεῖθεν
2458 4045 2736 4116 ἀγάγηται
2784 4046 3035 4112 γυναῖκα,
3096 4039 3364 4104 καλέσας,
3428 4039 3583 4109 φησὶ,
3646 4038 3753 4090 τῶν

2076 4146 2302 4201 οἰκετῶν
2338 4145 2431 4197 τὸν
2463 4141 2835 4212 εὐνούστερον,
2864 4139 3170 4192 ἐντέλλεται
3200 4136 3350 4207 αὐτῷ
3382 4138 3509 4207 περί
3538 4135 3750 4200 τούτου,

2077 4246 2169 4301 καί
2189 4259 2343 4316 φησισ
2370 4239 2522 4313 [485]
2541 4242 2651 4306 Θὲς
2665 4237 2780 4305 τὴν
2793 4236 2963 4307 χεῖρά
2987 4250 3103 4290 σου
3125 4234 3243 4289 ὑπὸ
3259 4235 3367 4287 τὸν
3385 4235 3580 4302 μηρόν
3592 4249 3711 4302 μου
3734 4272 3747 4285 .

2076 4348 2156 4417 Τῇ
2211 4343 2310 4414 μὲν
2343 4338 2552 4394 Ἐλλάδι
2611 4334 2827 4405 γλώττῃ
2874 4333 3017 4388 οὕτω
3073 4332 3407 4404 γέγραπται,
3452 4328 3595 4382 Ὑπὸ
3646 4328 3753 4382 τὸν

2070 4442 2265 4512 μηρόν
2277 4456 2396 4509 μου
2420 4456 2435 4469 ·
2460 4439 2518 4490 ἐν
2548 4435 2605 4488 δὲ
2631 4436 2697 4503 τῇ
2738 4431 2977 4503 Ἐϐραΐδι
3005 4430 3190 4500 φασὶν,
3216 4426 3363 4482 Ὑπὸ
3395 4426 3508 4494 τὴν
3529 4427 3747 4495 ὀσφύν.

2076 4540 2182 4592 Καὶ
2232 4536 2376 4598 τίνος
2441 4534 2627 4585 ’ἐνεκεν
2666 4529 2809 4583 οὕτω
2851 4527 3046 4597 φησίν;
3071 4526 3290 4597 ’ἰδίωμα
3317 4524 3475 4578 τοῦτο
3504 4524 3610 4576 τῶν
3641 4540 3749 4577 πα-

2074 4636 2239 4689 λαιῶν
2285 4630 2496 4702 ἀνδρῶν
2534 4625 2623 4700 ἦν.
2658 4626 2867 4688 ’Ἄλλως
2914 4626 2970 4678 δέ
3021 4625 3113 4677 καὶ
3169 4621 3357 4693 ἐπειδὴ
3404 4620 3656 4673 ἐντεῦθεν
3714 4622 3746 4688 ή

2075 4731 2217 4802 ἀρχὴ
2247 4730 2346 4799 τῆς
2388 4725 2572 4780 Ἰσαὰκ
2599 4724 2901 4794 γεννήσεως
2928 4721 3138 4790 γέγονε.
3187 4720 3298 4773 Καὶ
3328 4719 3413 4771 ἵνα
3452 4717 3629 4788 μάθῃς
3663 4716 3746 4767 δτι

2077 4827 2365 4899 συνηθείας
2395 4824 2539 4888 τινὸς
2564 4819 2632 4894 ἦν
2660 4822 2721 4875 τὸ
2754 4822 3058 4892 γινόμενον,
3081 4821 3182 4889 ὅρα
3206 4817 3366 4870 αὐτὸν
3391 4816 3745 4868 ἐπιτάττοντα

2073 4926 2171 4994 τὴν
2202 4924 2299 4994 μέν
2342 4925 2499 4994 χεῖρα
2531 4918 2720 4974 αὐτόθι
2753 4918 3021 4972 ἐπιθεῖναι
3047 4957 3062 4980 ,
3092 4915 3293 4978 εὐθέως
3331 4914 3386 4967 δέ
3426 4912 3701 4979 ἐπάγοντα
3728 4928 3739 4939 ·

2074 5020 2183 5075 Καὶ
2235 5016 2483 5086 ἑξορκιῶ
2524 5030 2598 5069 σε
2636 5017 2855 5083 Κύριον
2889 5002 2995 5067 τὸν
3020 5013 3167 5066 Θεὸν
3196 5010 3301 5065 τοῦ
3340 5002 3600 5079 ὂὺριινοῦ
3644 5006 3741 5057 καί

2072 5117 2179 5169 τὸν
2209 5114 2357 5169 Θεὸν
2384 5113 2494 5180 τῆς
2524 5110 2656 5181 γῆς.
2698 5113 2840 5182 Ὅρα
2876 5111 2989 5172 πῶς
3017 5109 3109 5162 καὶ
3136 5108 3227 5161 τὸν
3255 5108 3471 5177 οἰκέτην
3504 5104 3739 5157 διδάσκει
3792 5160 3793 5163 η

2071 5210 2270 5265 εἰδέναι
2301 5210 2393 5262 τὸν
2426 5208 2533 5260 τῶν
2561 5206 2816 5260 ἀπάντων
2840 5204 3191 5276 δημιουργόν.
3245 5201 3427 5256 Εἰπὼν
3456 5201 3563 5271 γὰρ
3593 5198 3739 5253 Θεὸν

2071 5305 2328 5376 οὐρανοῦ
2388 5306 2486 5359 καί
2518 5304 2666 5358 θεὸν
2688 5302 2823 5372 γῆς,
2852 5303 3068 5355 ἃπασαν
3107 5300 3205 5370 τὴν
3248 5299 3426 5352 κτίσιν
3472 5311 3736 5366 συμπερι-

2070 5404 2249 5459 έλαϐε.
2291 5401 2402 5456 Καὶ
2438 5401 2521 5464 τίς
2564 5401 2590 5453 6
2629 5400 2822 5470 ὅρκος;
2853 5399 2986 5452 Ἵνα
3021 5395 3107 5465 μὴ
3149 5394 3343 5462 λάϐῃς
3380 5392 3632 5463 γυναῖκα
3663 5388 3739 5453 τῷ

2070 5500 2178 5566 υίῷ
2210 5518 2329 5569 μου
2376 5497 2583 5553 Ἰσαὰκ
2625 5494 2742 5550 ἀπὸ
2778 5493 2896 5547 τῶν
2939 5490 3272 5561 θυγατέρων
3317 5488 3659 5546 Χαναναίων
3688 5487 3737 5547 δ,

2066 5598 2193 5668 μεθ’
2222 5591 2311 5650 ὦν
2338 5595 2452 5665 ἐγὼ
2498 5591 2748 5647 κατοικῶ
2792 5591 2861 5643 ἐν
2903 5587 3110 5653 αὐτοῖς
3146 5604 3160 5616 ο
3195 5588 3332 5641 ἀλλ’
3362 5587 3446 5650 είς
3481 5584 3595 5652 τὴν
3624 5580 3739 5652 γῆν

2064 5715 2205 5765 μου,
2262 5690 2334 5751 οὗ
2375 5692 2730 5762 ἐγεννήθην,
2779 5688 3065 5755 πορεύσῃ,
3112 5685 3210 5738 καὶ
3253 5686 3338 5748 εἰς
3384 5682 3497 5749 τὴν
3533 5678 3738 5750 φυλήν

2067 5812 2206 5863 μου,
2231 5793 2330 5847 καὶ
2356 5790 2527 5860 λήψῃ
2558 5787 2810 5859 γυναῖκα
2846 5784 2924 5851 τῷ
2955 5784 3061 5849 υἱῷ
3083 5801 3199 5853 μου
3245 5782 3449 5837 Ἰσαὰκ
3486 5780 3731 5834 ἐκεῖθεν.

2129 6005 2159 6072 Ρ
2188 6005 2311 6056 Bibl.
2335 6006 2441 6053 Τῶν
2463 6001 2755 6053 Χαναναίων.
