4084 6356
319 362 419 417 ΑΞἸ

316 495 433 531 nam
473 491 637 529 meum
660 515 678 542 ,
718 484 765 529 et
799 471 917 528 inde
946 471 1159 541 accipies
1184 485 1391 523 uxorem
1440 468 1546 535 ﬁlio
1581 481 1689 518 meo
1736 462 1905 518 Isaac.

320 567 511 622 Vidisti
541 564 845 621 mandatum
874 562 1213 634 patriarchas,
1241 559 1381 631 quod
1406 558 1604 612 famulo
1627 554 1815 610 dedit?
1842 556 1912 607 At

319 676 388 714 ne
436 656 794 727 perfunctorie
822 666 1107 725 prmtereas
1137 653 1310 719 dicta,
1351 651 1445 706 sed
1480 649 1650 719 cogita
1679 656 1910 703 mentem

315 761 372 806 et
402 751 731 820 propositum
757 749 883 818 justi
902 788 919 811 ,
950 756 1004 801 et
1032 744 1247 801 attende
1274 742 1543 813 quomodo
1572 750 1780 795 veteres
1804 753 1911 792 non

317 843 636 911 quaerebant
673 840 1023 895 substantiam
1066 836 1323 902 multam,
1372 850 1478 889 non
1515 830 1763 897 divitias,
1802 845 1910 884 non

317 948 525 998 servos,
559 948 664 986 non
695 941 772 986 tot
797 940 849 985 et
877 939 951 984 tot
972 929 1155 998 jugera
1186 926 1321 995 agri,
1348 941 1453 979 non
1478 935 1714 979 externa:
1740 937 1908 975 venu-

318 1026 472 1081 statis
502 1025 726 1079 formam
748 1065 760 1083 ,
793 1022 886 1077 sed
924 1022 1116 1075 animm
1146 1015 1594 1088 pulchritudinem
1625 1023 1679 1069 et
1700 1028 1907 1067 morum

318 1119 674 1173 nobilitatem.
721 1114 851 1170 Nam
884 1114 1133 1184 quoniam
1161 1109 1371 1164 videbat
1405 1107 1692 1177 nequitiam
1722 1120 1906 1159 eorum

312 1210 405 1279 qui
438 1210 489 1263 in
518 1208 820 1263 Chanantea
852 1203 1178 1267 habitabant,
1223 1202 1399 1255 sciens
1428 1208 1683 1269 quantum
1711 1195 1907 1248 bonum

313 1304 386 1356 sit
409 1301 691 1371 eonjugem
725 1298 925 1352 habere
953 1295 1141 1350 iisdem
1169 1292 1407 1347 moribus
1430 1289 1734 1361 praeditam,
1764 1302 1905 1355 pra:-

312 1395 446 1464 cipit
474 1406 653 1456 servo,
682 1399 739 1445 et
760 1390 1119 1458 juramentutn
1147 1384 1383 1448 adhibet,
1416 1390 1471 1436 ut
1498 1398 1564 1436 ex
1591 1395 1687 1435 sua
1712 1393 1906 1448 cogna-

315 1486 463 1539 tione
491 1498 712 1539 uxorem
747 1481 924 1535 lsaaeo
951 1478 1179 1534 adducat
1212 1494 1226 1531 :
1256 1490 1429 1545 neque
1458 1470 1791 1527 intervallum
1823 1469 1905 1523 lo-

309 1593 501 1631 eorum
526 1618 541 1643 ,
584 1592 757 1641 neque
793 1574 910 1627 aliae
937 1571 1273 1627 difficultates
1295 1582 1511 1638 segnem
1551 1580 1675 1620 eum
1720 1565 1772 1617 in
1824 1563 1905 1616 his

311 1669 544 1724 reddunt
574 1686 586 1721 :
616 1667 709 1723 sed
741 1666 917 1721 sciens
942 1664 1018 1719 rei
1048 1663 1443 1726 necessitatem,
1478 1673 1691 1714 omnem
1717 1671 1901 1712 curam

312 1770 369 1816 et
412 1760 645 1815 studium
674 1758 923 1824 adhibet,
955 1772 1018 1812 ac
1044 1757 1205 1811 mittit
1232 1753 1605 1808 domesticum.
1638 1749 1904 1805 Craterum

310 1851 611 1922 patriarcha
637 1851 884 1904 virtutem
913 1856 1119 1903 tantum
1140 1845 1302 1901 animi
1326 1857 1591 1914 quaerens,
1624 1852 1677 1897 et
1701 1840 1899 1895 abhor-

309 1959 436 1997 rens
455 1958 485 1995 a
506 1942 801 1996 vicinorum
824 1939 1049 2003 malitia,
1073 1938 1142 1991 ita
1171 1936 1385 2007 quidem
1412 1949 1470 1989 se
1488 1932 1655 2005 gerit;
1680 1940 1736 1986 at
1761 1945 1903 1985 nunc

305 2051 498 2090 omnes
528 2032 831 2104 bujusmodi
859 2031 1219 2086 conditionem
1245 2044 1312 2083 ne
1333 2028 1628 2097 cogitarent
1646 2024 1859 2095 quidem
1883 2040 1897 2078 :

308 2142 433 2180 nam
464 2128 567 2181 etsi
598 2126 740 2181 vitiis
768 2124 1063 2179 innumeris
1087 2122 1241 2193 plena
1269 2122 1358 2185 sit,
1388 2120 1491 2175 hoc
1519 2119 1691 2174 solum
1722 2118 1900 2188 inqui-

305 2227 452 2284 runt,
480 2226 732 2288 quantum
770 2214 1006 2269 abundet
1034 2213 1309 2283 pecuniis;
1361 2220 1553 2266 cartera
1588 2210 1767 2264 omnia
1807 2224 1901 2279 po-

304 2312 532 2366 steriore
560 2311 679 2365 loco
708 2308 927 2374 habent,
961 2307 1259 2363 nescientes
1279 2322 1359 2374 se,
1390 2306 1433 2360 si
1465 2320 1618 2360 mens
1646 2318 1897 2375 perversa

302 2403 409 2465 sit,
441 2402 563 2456 licet
589 2401 865 2456 immensae
890 2398 1113 2453 afﬂuant
1136 2398 1334 2453 divitiae
1354 2439 1368 2461 ,
1402 2397 1507 2452 cito
1528 2397 1580 2451 in
1602 2405 1896 2452 extremam

306 2503 564 2549 venturos
594 2492 869 2562 inopiam:
896 2500 951 2546 et
973 2489 1104 2544 nihil
1133 2488 1437 2560 profuturas
1458 2502 1608 2557 Opes,
1636 2502 1757 2543 cum
1789 2502 1895 2541 non

304 2589 373 2641 sit
398 2588 468 2641 ibi
500 2600 653 2641 mens
676 2600 796 2656 quae
826 2584 963 2639 bene
985 2583 1103 2637 illas
1131 2583 1441 2652 dispensare
1468 2589 1648 2651 queat.

374 2680 430 2733 5.
460 2679 653 2734 Verum
695 2677 993 2748 patriarcha
1021 2690 1181 2731 servo
1220 2682 1528 2729 accuratum
1555 2672 1708 2728 dedit
1737 2688 1894 2726 man-

301 2771 486 2825 datum
513 2812 529 2835 ,
558 2779 613 2823 et
633 2768 951 2838 juramentis
989 2783 1111 2821 eum
1138 2766 1441 2821 adstrinxit.
1478 2764 1763 2820 Videamus
1802 2779 1897 2817 au-

304 2874 416 2918 tem
461 2877 604 2915 nunc
634 2868 690 2915 et
716 2860 852 2914 servi
884 2859 1231 2928 probitatem,
1262 2856 1532 2927 quomodo
1571 2856 1688 2911 heri
1728 2856 1896 2925 pieta-

302 2964 408 3009 tem
439 2953 672 3007 imitatus
688 2952 774 3006 sit.
798 2950 929 3005 Nam
963 2959 1238 3020 postquam
1265 2948 1398 3003 vidit
1418 2958 1523 3003 tam
1545 2948 1684 3003 serio
1695 2947 1893 3017 justum

300 3048 403 3099 sibi
460 3043 781 3113 principere,
829 3042 960 3097 dicit
998 3042 1047 3096 ei
1083 3042 1173 3097 :5.
1205 3040 1265 3095 Si
1308 3056 1411 3094 non
1459 3040 1673 3094 voluerit
1714 3040 1897 3093 mulier

302 3138 469 3191 uenire
492 3152 685 3207 mecum
705 3176 719 3201 ,
750 3136 823 3190 vis
848 3134 1014 3203 ﬁlium
1046 3144 1189 3188 tuum
1213 3134 1266 3187 in
1299 3142 1485 3187 terram
1504 3174 1519 3197 ,
1546 3133 1680 3187 unde
1716 3133 1893 3199 existi,

300 3228 579 3282 inducam?
606 3227 673 3283 Ut
699 3243 801 3291 ne,
840 3225 1041 3295 inquit,
1074 3224 1120 3279 si
1146 3224 1433 3278 difﬁcultas
1453 3224 1626 3293 aliqua
1661 3223 1893 3290 incidat,

298 3318 676 3389 transgrediar
697 3317 945 3373 mandata
990 3326 1076 3370 tua
1103 3335 1119 3370 :
1152 3331 1281 3386 rogo
1304 3357 1318 3381 ,
1348 3314 1473 3385 quid
1516 3314 1785 3384 oportebit
1809 3330 1897 3370 me

299 3410 588 3464 observare
609 3449 625 3472 ,
653 3417 707 3463 et
728 3423 869 3462 nunc
901 3408 1073 3477 placet
1100 3406 1193 3461 tibi
1216 3416 1271 3461 ut
1294 3406 1420 3460 illuc
1449 3404 1607 3461 abeat
1629 3404 1776 3460 Isaac
1798 3448 1812 3470 ,
1842 3415 1898 3461 et

298 3511 515 3571 accepta
541 3515 737 3571 sponsa
763 3500 984 3563 redeat,
1008 3500 1052 3553 si
1083 3516 1185 3553 non
1216 3498 1463 3562 voluerit,
1497 3507 1558 3552 ut
1588 3497 1891 3564 mandasti,

300 3594 486 3650 venire
528 3593 771 3649 mecum?
804 3592 940 3659 Quid
992 3592 1150 3662 igitur
1191 3592 1405 3662 justus?
1434 3592 1669 3662 Denegat
1710 3592 1814 3647 hoc
1842 3601 1896 3647 et

298 3685 431 3739 dicit
456 3703 470 3739 :
496 3685 529 3738 6
552 3684 765 3739 Attende
794 3683 905 3748 tibi;
935 3700 997 3737 ne
1022 3685 1208 3737 educas
1229 3683 1394 3753 [ilium
1419 3700 1585 3736 meum
1612 3684 1753 3738 illuc.
1777 3683 1893 3738 Non

299 3778 404 3832 erit
431 3779 523 3832 tibi
547 3776 645 3832 hac
668 3793 725 3831 re
750 3776 1021 3845 opus.Qui
1050 3776 1195 3831 enim
1220 3775 1347 3831 mihi
1372 3776 1474 3831 hoc
1502 3776 1767 3846 pollicitus
1788 3786 1889 3842 est,

296 3880 356 3924 et
401 3870 646 3939 promisit
678 3884 862 3924 semen
910 3868 1026 3937 ejus
1069 3869 1140 3922 ita
1192 3867 1681 3937 multiplicandum,
1733 3870 1891 3923 etiam

296 3961 510 4017 curabit
558 3960 660 4015 hoc
686 3968 742 4014 ut
772 3974 1026 4029 prOSpere
1063 3959 1335 4014 succedat.
1368 3958 1452 4013 Ne
1490 3960 1650 4029 igitur
1673 3959 1895 4013 abducas

297 4052 423 4107 illuc
470 4053 636 4119 ﬁlium
687 4068 871 4106 meum.
910 4052 964 4104 7.
1015 4049 1268 4106 Dominus
1318 4050 1459 4106 Deus
1507 4053 1619 4106 casti
1664 4062 1712 4106 et
1756 4052 1895 4108 Deus

300 4155 468 4199 terret.
522 4142 654 4198 Vide
708 4141 978 4211 quomodo
1024 4143 1271 4211 superius
1323 4157 1537 4197 servum
1590 4142 1845 4213 adjurans
1875 4186 1891 4209 ,

300 4235 476 4304 ipsum
505 4233 575 4288 de
597 4233 836 4287 omnium
858 4233 1147 4288 Conditore
1172 4232 1402 4287 instituit
1433 4250 1447 4286 :
1472 4243 1527 4287 et
1545 4249 1684 4288 nunc
1712 4249 1895 4301 preca—

302 4336 452 4379 turus
481 4325 704 4389 iterum,
736 4323 923 4378 eadem
955 4324 1117 4379 verba
1163 4322 1293 4377 dicit
1321 4338 1337 4377 :
1362 4338 1456 4393 per
1476 4324 1654 4379 omnia
1678 4339 1891 4378 servum

298 4417 532 4481 docens,
581 4425 638 4469 ut
686 4415 875 4470 fiducia
925 4416 975 4469 in
1022 4430 1143 4470 eum
1193 4415 1378 4483 plenus
1416 4416 1517 4469 iter
1558 4416 1810 4486 arripiat,
1843 4426 1895 4469 et

300 4509 369 4561 de
416 4507 557 4560 bono
606 4506 680 4560 rei
744 4507 888 4561 exitu
938 4506 1075 4560 bene
1114 4513 1313 4576 speret.
1360 4506 1525 4560 Docet
1570 4506 1713 4560 enim
1773 4524 1894 4561 eum

300 4608 556 4669 quantam
583 4600 710 4652 olim
738 4599 806 4652 ab
832 4600 984 4653 initio
1012 4598 1438 4653 benevolentiam
1466 4600 1556 4653 Dei
1587 4598 1850 4655 invenerit
1876 4642 1892 4668 ,

298 4703 353 4746 et
378 4707 500 4747 eum
532 4693 622 4762 qui
652 4708 681 4746 a
705 4691 867 4746 domo
890 4700 1107 4762 paterna
1128 4706 1187 4747 se
1206 4692 1527 4758 evocaverit,
1558 4704 1609 4747 et
1638 4710 1805 4764 usque
1828 4694 1896 4749 ad

304 4786 407 4840 hoc
452 4795 661 4855 tempus
703 4786 775 4839 ita
812 4786 1225 4856 gubernaverit,
1253 4785 1470 4857 jamque
1499 4788 1550 4841 itt
1578 4797 1683 4841 tam
1704 4804 1893 4857 prove-

301 4886 386 4929 cta
435 4886 649 4932 senecta
689 4876 837 4931 Isaac
866 4877 1111 4943 dederit,
1147 4893 1400 4946 prospera
1440 4880 1601 4932 etiam
1633 4896 1752 4949 quae
1796 4880 1895 4934 ad-

304 4970 409 5024 huc
460 4971 770 5038 restabant,
812 4970 1073 5025 facturum
1115 4986 1256 5026 esse.
1303 4971 1555 5027 Dominus
1597 4972 1772 5038 Deus,
1818 4976 1897 5029 in-

302 5062 439 5130 quit,
466 5060 575 5115 cadi
593 5071 637 5115 et
664 5071 827 5129 terrm,
843 5063 932 5134 qui
950 5064 1221 5133 assumpsit
1242 5081 1320 5117 me
1337 5065 1399 5118 de
1414 5065 1565 5118 domo
1592 5069 1752 5135 patris
1778 5068 1894 5135 mei,

303 5164 351 5205 et
382 5152 447 5204 de
470 5163 602 5207 terra
638 5155 689 5207 in
718 5171 817 5216 qua
846 5167 995 5208 natus
1021 5172 1135 5211 sum
1158 5196 1174 5221 ,
1210 5157 1297 5210 ille
1324 5158 1431 5227 ipse
1453 5160 1539 5225 qui
1561 5160 1798 5227 loquutus
1822 5170 1895 5213 est

302 5244 431 5295 mihi
459 5246 629 5298 dicens
657 5261 676 5299 :
705 5244 819 5299 Tibi
847 5246 978 5300 dabo
1000 5255 1188 5300 terram
1217 5246 1348 5300 hanc
1372 5258 1419 5302 et
1441 5249 1620 5303 semini
1647 5258 1733 5303 tuo
1759 5266 1777 5303 :
1806 5250 1897 5305 ille

303 5337 393 5405 qui
443 5346 641 5390 tantam
681 5354 806 5408 erga
857 5355 945 5394 me
982 5338 1273 5394 declaravit
1303 5339 1685 5411 benignitatem
1712 5354 1766 5398 et
1794 5359 1895 5397 cu-

304 5445 419 5483 rant
445 5472 460 5495 ,
491 5431 602 5499 ipse
650 5432 811 5485 mittet
841 5436 1073 5502 angelum
1113 5448 1262 5485 suum
1283 5442 1400 5485 ante
1443 5443 1516 5501 te,
1542 5444 1590 5487 et
1618 5433 1736 5487 inde
1759 5436 1895 5487 acci-

306 5523 416 5591 pies
443 5524 553 5587 ﬁlia
582 5540 693 5577 meo
727 5540 955 5577 uxorem.
986 5524 1273 5579 Confidens
1293 5567 1307 5591 ,
1337 5525 1526 5594 inquit,
1556 5526 1643 5579 abi
1671 5544 1684 5580 :
1716 5534 1895 5581 certus

301 5616 444 5667 enim
494 5630 612 5669 sum
659 5631 782 5671 eum
833 5617 919 5687 qui
974 5619 1131 5671 tantis
1173 5633 1259 5671 me
1328 5616 1599 5673 beneficiis
1639 5618 1896 5676 hactenus

304 5716 662 5777 prosupmtus
689 5716 800 5773 est,
834 5709 1099 5776 prioribus
1126 5712 1284 5765 etiam
1328 5708 1457 5763 illud
1488 5710 1813 5775 additurum,
1844 5722 1898 5767 et

304 5801 594 5857 missurum
618 5802 865 5873 angelum
897 5820 1050 5860 suum
1075 5814 1196 5861 ante
1229 5813 1297 5861 te.
1330 5802 1445 5874 Ipse
1469 5842 1485 5870 ,
1514 5804 1720 5875 inquit,
1752 5806 1889 5861 viam

1309 355 1372 413 ΙΝ
1408 351 1559 410 CAP.
1599 349 1787 405 XXIV.
1829 348 2073 405 GENES.
2114 348 2350 407 "Oblita.
2392 351 2627 408 XLVIII.

3505 374 3606 429 458

1996 460 2119 516 ἰἰιή
2170 466 2489 533 praeparabit
2533 467 2584 519 in
2616 468 2891 534 omnibus,
2925 486 3253 546 uxoremque
3286 480 3376 535 tibi
3423 496 3601 542 notant

2020 550 2201 617 faciet,
2235 562 2290 607 ut
2319 567 2535 625 accepta
2566 557 2758 613 eahuc
2785 560 2993 616 redeas.
3030 563 3182 631 Quod
3213 569 3257 622 si
3288 574 3559 645 contingat
3584 617 3600 640 ,

2021 643 2162 713 quod
2207 644 2383 711 absit,
2413 656 2471 699 ut
2519 648 2809 704 reluctatur
2842 667 2975 706 uxor
3004 656 3188 711 venire
3224 658 3355 723 huc,
3398 643 3603 722 alienus

2018 736 2125 790 eris
2146 752 2175 789 a
2204 738 2577 795 maledictione
2594 741 2901 811 juramenti.
2927 747 2978 801 8.
3001 746 3223 804 Tantum
3249 756 3412 822 ﬁlium
3440 776 3602 814 meum

2016 827 2138 920 illuc
2176 844 2238 881 ne
2261 828 2498 884 abducas.
2524 831 2737 887 Nullutn
2759 837 2900 890 enim
2936 839 3063 893 tnihi
3089 840 3305 898 dubium
3329 857 3439 911 est,
3474 853 3599 920 quin

2018 918 2275 975 Dominus
2294 923 2523 978 secunda
2544 925 2632 979 tibi
2654 926 3019 985 faciatomuia.
3043 933 3326 993 Declarans
3340 918 3597 1009 quantum

2016 1009 2210 1065 divina:
2260 1015 2508 1081 potentia:
2562 1017 2717 1084 fidat,
2753 1020 2997 1088 prohibet
3036 1040 3247 1082 servum
3272 1072 3285 1094 ,
3319 1047 3390 1087 ne
3433 1035 3600 1090 lilium

2015 1098 2108 1152 illo
2134 1100 2365 1158 inducat.
2391 1105 2604 1173 Postea,
2636 1124 2755 1163 cum
2785 1111 3069 1183 diligenter
3097 1121 3406 1177 mandasset
3421 1140 3598 1189 servo,

2015 1210 2250 1266 curaque
2302 1214 2425 1253 eum
2469 1200 2786 1267 liberasset;
2816 1206 3104 1262 verebatur
3147 1213 3290 1266 enim
3322 1232 3509 1273 servus
3537 1235 3605 1273 ne

2014 1288 2268 1343 mandato
2295 1305 2399 1345 non
2441 1292 2659 1362 impleto
2683 1298 2897 1364 perjurii
2931 1315 3053 1353 reus
3095 1301 3282 1357 fieret:
3315 1307 3369 1360 9.
3399 1306 3600 1371 Posito,

2014 1377 2218 1448 inquit,
2247 1398 2400 1435 manu
2428 1400 2521 1437 sua
2564 1385 2736 1440 subter
2778 1391 2956 1460 femur,
2980 1392 3173 1461 juravit
3203 1396 3247 1448 ei
3272 1413 3422 1466 super
3451 1401 3599 1454 verbo

2014 1472 2130 1539 hoc,
2163 1476 2304 1544 quod
2337 1478 2503 1532 filium
2526 1494 2678 1534 suum
2700 1482 2824 1538 illuc
2846 1499 2952 1539 non
2982 1486 3272 1545 abduceret
3298 1491 3467 1549 Isaac.
3499 1495 3592 1548 Vi-

2011 1562 2135 1617 disti
2165 1567 2435 1635 quomodo
2464 1570 2531 1624 ab
2555 1571 2707 1626 initio
2728 1589 2915 1631 servus
2954 1576 3266 1635 indicaverit
3291 1598 3441 1639 suam
3471 1601 3596 1656 erga

2011 1653 2288 1711 dominum
2311 1658 2766 1717 benevolentiam?
2798 1666 2928 1721 Vide
2948 1684 3087 1723 nunc
3116 1674 3386 1741 quomodo
3412 1691 3475 1731 ea
3505 1653 3593 1746 pa-

2011 1747 2258 1803 triarcha:
2283 1751 2523 1807 doctrina
2572 1755 2763 1809 melior
2782 1760 3047 1824 evaserit,
3079 1770 3133 1816 et
3162 1763 3397 1819 imitatus
3436 1766 3598 1822 fuerit

2003 1839 2133 1910 justi
2167 1842 2414 1911 pietatem
2463 1855 2624 1917 atque
2667 1849 2998 1919 religionem.
3033 1855 3115 1908 lO.
3165 1857 3397 1927 Acceptis
3421 1860 3552 1913 enim
3579 1902 3595 1925 ,

2009 1932 2198 2001 inquit,
2222 1950 2394 1989 seruus
2414 1935 2581 1991 decem
2623 1941 2828 1994 camelis
2848 1983 2863 2005 ,
2896 1954 2942 1995 et
2972 1944 3035 1997 de
3059 1946 3287 2001 omnibus
3312 1948 3453 2004 bonis
3483 1967 3597 2013 qua:

2008 2024 2200 2079 domini
2226 2028 2304 2080 sui
2329 2040 2472 2082 erant
2496 2071 2511 2095 ,
2557 2036 2774 2086 surrexit
2802 2044 2848 2087 et
2889 2038 3143 2106 profectus
3170 2049 3241 2094 est
3278 2042 3331 2093 in
3360 2042 3597 2112 Μαίονο-

2007 2118 2217 2172 tamiam
2240 2121 2294 2174 in
2330 2121 2584 2177 civitatem
2611 2122 2843 2190 Nachor,
2875 2129 2961 2181 Η.
2994 2138 3039 2182 et
3065 2133 3353 2187 recumbere
3370 2134 3597 2187 camelos

2006 2213 2125 2281 fecit
2153 2224 2297 2267 extra
2321 2215 2569 2269 civitatem
2583 2218 2739 2288 juxta
2756 2229 2960 2288 puteum
2980 2238 3126 2292 aqum
3148 2225 3342 2295 vesperi
3354 2268 3370 2293 ,
3391 2228 3594 2296 quando

2004 2304 2330 2374 egrediuntur
2365 2316 2645 2377 aquaturaz.
2716 2311 2802 2365 12.
2849 2310 2917 2365 Et
2960 2314 3129 2369 dixit:
3189 2315 3405 2371 Domine
3454 2318 3593 2373 Deus

2005 2394 2197 2469 dqmini
2219 2398 2315 2450 mei
2354 2398 2628 2454 Abraham.
2674 2400 2809 2457 Vide
2855 2407 2996 2459 servi
3038 2407 3381 2475 probitatem.
3436 2410 3594 2466 Orbis

2004 2485 2290 2542 Dominum
2320 2504 2351 2543 a
2394 2490 2693 2559 patriarcha
2741 2495 2981 2549 nominat
3009 2513 3022 2550 :
3053 2496 3271 2553 Domine
3298 2501 3439 2555 enim
3461 2543 3476 2566 ,
3510 2502 3592 2556 itt-

2003 2579 2138 2648 quit,
2168 2578 2306 2634 Deus
2334 2581 2528 2635 domini
2556 2585 2653 2637 mei
2702 2584 2997 2652 Abraham,
3037 2588 3125 2658 qui
3171 2598 3314 2644 tanta
3358 2593 3410 2646 in
3444 2592 3591 2647 illum

2004 2672 2259 2727 beneficia
2286 2675 2584 2729 contulisti.
2615 2676 2682 2730 Et
2706 2677 2830 2747 quid
2858 2680 3065 2734 miraris
3094 2682 3136 2735 si
3169 2698 3354 2739 servus
3374 2699 3497 2739 eum
3521 2685 3593 2738 ita

2003 2774 2159 2820 vocat
2182 2766 2347 2820 Deum
2376 2766 2671 2822 Abraham?
2700 2769 2815 2837 Ipse
2840 2772 3076 2827 ontuium
3109 2773 3248 2829 Dens
3291 2786 3596 2832 monstrans

2003 2858 2275 2928 quomodo
2311 2858 2581 2929 justorum
2613 2861 2861 2915 virtutem
2909 2864 3085 2933 magni
3137 2864 3332 2933 faciat,
3389 2867 3592 2936 inquit,

2006 2949 2117 3020 Ego
2167 2968 2280 3005 sum
2305 2949 2447 3006 Deus
2474 2951 2731 3006 Abraham
2760 2964 2809 3008 et
2836 2952 2976 3009 Deus
3014 2954 3167 3009 Isaac
3187 2968 3233 3010 et
3267 2957 3406 3012 Deus
3434 2958 3596 3013 Iacob

2007 3041 2201 3113 (Exod.
2249 3043 2303 3097 5.
2357 3042 2437 3112 6).
2487 3044 2554 3098 Ει
2584 3043 2715 3098 dicit
2760 3044 3021 3099 :Domine
3066 3045 3207 3101 Deus
3253 3048 3445 3102 domini
3498 3050 3595 3103 mei

2001 3135 2297 3201 Abraham,
2340 3152 2578 3205 prospere
2606 3136 2769 3206 dirige
2795 3142 2968 3191 coram
2996 3154 3074 3191 me
3095 3138 3244 3192 hodie
3267 3179 3283 3206 ,
3317 3149 3362 3193 et
3385 3144 3469 3211 fac
3495 3142 3594 3193 mi-

2000 3226 2331 3280 sericordiam
2346 3242 2461 3279 cum
2485 3226 2689 3279 domino
2717 3243 2827 3281 meo
2850 3227 3146 3293 Abraham;
3168 3230 3318 3298 quasi
3344 3228 3548 3283 diceret
3576 3248 3590 3283 :

2003 3317 2108 3372 Fac
2137 3328 2194 3372 ut
2221 3317 2543 3388 impleantur
2571 3334 2634 3373 ea
2664 3334 2783 3388 qua:
2812 3318 2900 3373 ille
2922 3319 3052 3385 vult,
3082 3326 3139 3373 et
3156 3320 3450 3375 secundum
3478 3324 3595 3391 ejus

2002 3412 2321 3465 sententiain
2374 3426 2629 3482 prospera
2677 3410 2763 3467 fac
2790 3414 2993 3466 omnia.
3040 3411 3150 3466 Fac
3194 3414 3595 3468 misericordiam

2002 3518 2117 3555 cum
2161 3503 2370 3558 domino
2397 3518 2507 3556 meo
2530 3502 2809 3555 Abraham.
2850 3501 2989 3570 Quid
3011 3512 3129 3567 est,
3164 3502 3274 3556 Fac
3302 3504 3593 3557 misericor-

2001 3593 2183 3646 diam?
2212 3592 2330 3647 Voti
2363 3601 2669 3663 compotem
2698 3608 2821 3648 eum
2867 3593 2971 3648 fac.
3004 3594 3206 3649 Deinde
3256 3594 3426 3663 inquit
3450 3637 3464 3660 ,
3499 3596 3587 3650 l3.

2004 3683 2135 3738 Ecce
2158 3700 2251 3754 ego
2277 3692 2354 3737 sto
2403 3694 2609 3755 propter
2632 3684 2825 3753 fontem
2870 3699 3014 3754 aquae
3038 3725 3052 3749 ,
3080 3685 3203 3752 ﬁlia:
3238 3695 3407 3738 autem
3448 3685 3598 3739 habi-

2002 3777 2218 3829 tantium
2252 3776 2505 3829 civitatem
2544 3776 2868 3845 egrediuntur
2898 3784 2955 3827 ut
2982 3777 3223 3828 hauriant
3262 3792 3468 3843 aquant.
3500 3777 3587 3830 N.

2003 3868 2072 3922 Et
2088 3870 2179 3923 erit
2196 3869 2336 3938 virgo
2361 3869 2441 3921 cui
2464 3884 2554 3937 ego
2577 3868 2753 3921 dixero
2776 3866 3009 3921 :Inclina
3027 3867 3263 3937 hgdriam
3288 3877 3426 3919 tuam
3452 3867 3592 3921 utbi-

2001 3960 2135 4027 bant,
2155 3971 2199 4013 et
2226 3958 2409 4012 dixerit
2426 3958 2567 4020 mihi.
2587 3957 2729 4022 Bibe,
2757 3967 2803 4011 et
2823 3957 3039 4013 camelos
3063 3969 3173 4012 tuos
3187 3958 3386 4028 potabo,
3415 3975 3595 4028 usque-

2000 4070 2098 4123 quo
2115 4053 2278 4107 bibere
2292 4068 2462 4105 omnes
2480 4060 2691 4115 cessent;
2712 4050 2856 4105 illam
2868 4053 3168 4122 praeparasti
3188 4068 3344 4121 puero
3373 4060 3460 4103 tuo
3478 4049 3501 4102 Ι
3510 4067 3596 4103 sa-

2000 4161 2093 4202 ac:
2118 4156 2165 4200 et
2193 4146 2245 4199 in
2262 4146 2356 4199 hoc
2382 4161 2702 4215 cognoscam,
2726 4146 2860 4215 quod
2885 4145 3279 4199 misericordiam
3309 4146 3485 4216 feceris
3511 4144 3596 4198 do-

2002 4238 2138 4291 mino
2166 4253 2277 4290 meo
2299 4236 2575 4289 Abraham.
2608 4234 2742 4289 Vide
2770 4234 2908 4289 servi
2931 4234 3286 4304 prudentiam.
3310 4234 3441 4289 Nam
3469 4236 3593 4303 quia

2002 4337 2225 4384 noverat
2258 4325 2573 4397 patriarcha:
2620 4325 3065 4394 hospitalitatem,
3093 4334 3148 4380 et
3184 4325 3306 4395 quia
3334 4325 3592 4394 virginem

2004 4422 2127 4477 inde
2141 4419 2435 4476 ducendam
2453 4433 2548 4486 par
2562 4427 2676 4473 erat
2696 4417 2881 4471 iisdem
2899 4432 3018 4471 esse
3037 4416 3313 4485 praeditam
3335 4416 3593 4480 muribus,

2002 4514 2197 4584 quibus
2222 4512 2399 4581 justus
2427 4511 2515 4565 ille
2548 4528 2563 4564 :
2598 4509 2797 4563 nullam
2830 4508 2987 4563 aliam
3025 4508 3391 4577 conjecturam
3422 4507 3594 4577 inqui-

2003 4607 2101 4667 rit,
2130 4602 2224 4658 sed
2248 4602 2615 4656 characterem
2642 4600 2911 4669 virginalis
2940 4600 3103 4654 animi
3134 4614 3197 4653 ex
3233 4598 3593 4667 hospitalitate

2000 4696 2256 4766 colligere
2282 4694 2411 4757 vult,
2436 4702 2491 4747 et
2517 4692 2687 4763 inquit
2714 4708 2730 4747 :
2761 4691 2816 4746 Si
2844 4691 3057 4760 quando
3086 4705 3187 4761 ego
3210 4706 3401 4760 aquam
3428 4689 3495 4742 ab
3530 4703 3594 4743 ea

2005 4788 2244 4858 petivero
2266 4827 2281 4850 ,
2314 4795 2369 4839 et
2421 4785 2639 4839 inclinet
2685 4783 2814 4836 mihi
2865 4781 3106 4852 hydriam
3139 4798 3152 4834 :
3182 4791 3236 4835 et
3284 4796 3388 4834 non
3418 4779 3594 4833 solum

2005 4879 2163 4932 faciat
2186 4876 2325 4947 quod
2359 4876 2601 4946 petierim
2624 4916 2640 4939 ,
2674 4873 2768 4928 sed
2798 4874 2958 4928 etiam
2990 4872 3281 4928 candorem
3306 4886 3370 4925 ac
3391 4871 3589 4924 libera-

2004 4975 2205 5028 litatem
2236 4974 2427 5026 utentis
2456 4986 2567 5025 suae
2592 4969 2856 5033 declaret,
2888 4968 3137 5038 dicatque
3167 4986 3179 5021 :
3216 4967 3385 5021 Etiam
3407 4980 3591 5020 came-

2005 5067 2086 5122 los
2116 5076 2236 5121 tuos
2256 5064 2495 5136 aquaho,
2521 5078 2730 5117 morum
2752 5076 2971 5116 suorum
3000 5060 3463 5117 mansuetudinem
3503 5072 3592 5111 sa-

2007 5159 2075 5212 tis
2095 5173 2161 5213 ex
2186 5173 2338 5227 aqua:
2366 5156 2645 5226 largitione
2669 5153 2925 5209 ostendit.

2076 5252 2129 5305 4.
2163 5249 2562 5313 Animadverte,
2588 5248 2835 5313 obsecro,
2866 5245 3163 5308 carissime,
3196 5250 3453 5312 quantum
3480 5240 3597 5296 fue-

2006 5342 2109 5407 rit,
2147 5342 2289 5412 quod
2320 5343 2467 5411 virgo
2499 5350 2679 5394 tenera
2711 5351 2961 5409 aquatum
3004 5338 3238 5407 profecta
3272 5351 3377 5390 non
3418 5334 3593 5389 solum

2004 5433 2251 5487 annuerit
2289 5434 2406 5502 ejus
2468 5433 2743 5501 petitioni,
2792 5440 2846 5485 et
2893 5430 3198 5498 deposuerit
3238 5429 3306 5483 ab
3359 5428 3594 5480 humeris

2008 5528 2272 5598 hydriatn,
2290 5537 2343 5581 et
2364 5525 2430 5579 ad
2457 5527 2766 5579 societatem
2795 5522 3081 5593 praebuerit
3103 5521 3301 5591 petenti
3329 5518 3447 5574 viro
3474 5534 3593 5588 per-

2004 5619 2191 5688 egrino
2222 5626 2278 5672 et
2305 5632 2524 5687 prorsus
2569 5617 2749 5685 ignoto
2780 5632 2791 5668 :
2826 5623 2986 5682 atque
3026 5628 3130 5667 non
3172 5611 3346 5667 solum
3394 5611 3468 5664 illi
3497 5611 3577 5663 de

2005 5710 2166 5767 derit.
2194 5709 2285 5763 sed
2314 5718 2365 5763 et
2387 5691 2620 5763 camelos
2652 5720 2838 5761 omnes
2861 5704 3159 5774 aqnaverit,
3187 5713 3240 5757 et
3264 5718 3359 5773 per
3385 5719 3445 5757 ea
3474 5718 3591 5768 qua:

2013 5805 2217 5861 ﬂebant
2263 5802 2638 5860 monstraverit
2682 5800 2874 5856 animae
2912 5813 3022 5855 sua:
3066 5798 3465 5869 ingenuitatem.
3512 5797 3592 5847 An
