4084 6356
535 310 641 365 47.9

526 428 745 483 nescitis
772 434 910 501 quod
953 440 1097 494 nmlti
1127 443 1286 500 etiam
1328 451 1425 505 viri
1454 452 1717 527 denegant
1752 478 1895 534 saepe
1916 483 2104 537 peten-

529 524 670 578 tibus
701 526 859 581 talia?
883 531 949 585 Et
972 536 1097 603 quid
1122 537 1244 594 dico
1272 542 1339 597 de
1365 560 1499 615 aqua
1540 524 1658 620 qua:
1689 524 1995 624 praebetur?
2028 564 2113 620 ln-

531 616 737 671 terdum
764 635 883 675 cum
913 623 1056 680 faces
1083 637 1287 699 tenent,
1316 644 1370 690 et
1395 638 1462 693 ab
1491 644 1867 705 accedentibus
1892 666 2113 711 orantur

528 718 581 761 ul.
609 712 876 783 paulisper
895 732 1229 791 exapectent,
1256 742 1365 797 quo
1394 731 1571 789 lumen
1597 739 1927 811 accendant,
1961 748 2012 802 id
2035 749 2111 802 fa-

527 814 646 854 rere
670 814 914 870 renuunt,
951 814 1161 867 tametsi
1194 817 1323 871 nihil
1357 820 1480 877 inde
1509 826 1778 885 minuatur
1803 832 1938 901 ignis
1965 879 1981 902 ,
2010 841 2107 893 etsi

526 890 789 948 innumeri
820 898 926 961 sint
943 902 1027 970 qui
1054 907 1355 965 accendere
1375 913 1559 970 velint.
1592 918 1687 974 llic
1716 932 1896 979 autem
1919 938 1972 981 et
1997 946 2113 983 mll-

526 980 622 1035 licr
642 994 696 1037 et
724 989 922 1056 puella,
945 992 1186 1063 hydriam
1213 1016 1424 1072 quoque
1452 1021 1615 1077 super
1640 1011 1890 1071 humeros
1911 1020 2107 1087 ferens,

525 1086 629 1127 non
656 1075 827 1130 solum
859 1096 965 1136 non
996 1089 1254 1153 gravatim
1285 1094 1405 1149 tulit
1446 1075 1585 1166 quod
1615 1101 1679 1156 ab
1706 1118 1767 1157 ea
1800 1116 2107 1175 peteretur:

526 1164 618 1217 scd
660 1176 714 1221 et
746 1169 863 1237 plus
891 1188 1047 1241 quam
1092 1182 1311 1247 petitum
1340 1164 1477 1241 erati
1497 1195 1761 1249 concessit
1833 1207 1890 1253 et
1927 1211 2108 1269 potum

524 1254 692 1323 dedit,
728 1270 783 1315 ut
811 1264 1047 1333 petebat,
1078 1278 1238 1339 atque
1266 1289 1328 1328 ex
1360 1278 1535 1347 seipsa
1563 1283 1721 1338 etiam
1753 1254 1990 1346 camelos
2011 1308 2110 1362 po-

525 1358 642 1406 tare
666 1353 898 1411 festinat.
942 1362 1217 1419 Annuerat
1244 1371 1385 1423 enim
1414 1372 1674 1445 benignus
1703 1380 1843 1437 Deus
1877 1353 2108 1454 patriar-

523 1440 640 1496 cha:
668 1447 932 1515 precibus,
953 1456 1248 1527 angeloque
1274 1475 1372 1514 suo
1402 1466 1583 1531 misso,
1604 1472 1781 1527 omnia
1812 1476 1898 1530 illa
1926 1478 2107 1549 dispo-

523 1534 631 1589 suit
658 1535 770 1591 lieri
811 1541 947 1597 sicut
973 1560 1161 1601 servus
1196 1553 1475 1617 petiverat.
1507 1558 1635 1613 Dein
1668 1572 1949 1635 postquam
1979 1534 2109 1626 vidit

523 1639 581 1678 re
611 1627 721 1696 ipsa
753 1646 940 1698 preces
969 1638 1285 1702 patriarcha:
1305 1643 1575 1714 efficaces,
1606 1627 1917 1712 et‘obtinuit
1942 1661 2105 1731 virgi-

529 1731 651 1771 nem
680 1735 833 1790 quam
862 1727 1098 1794 optabat,
1132 1729 1375 1802 illiusque
1399 1739 1645 1793 eximiam
1669 1744 1799 1799 vidit
1827 1727 2107 1820 hospitali-

526 1815 719 1875 tatem,
770 1813 889 1867 vide
932 1818 1060 1885 quid
1105 1820 1193 1887 fit;
1225 1823 1353 1878 dicit
1392 1828 1572 1883 enim:
1605 1831 1694 1887 20.
1741 1813 2021 1896 Festinavit
2063 1854 2109 1897 et

522 1910 778 1961 eracuavit
820 1929 1005 1981 aquam
1044 1916 1096 1969 in
1116 1921 1320 1974 canales
1341 1962 1357 1988 ,
1387 1934 1434 1977 et
1458 1930 1675 1982 cucurrit
1697 1932 1765 1983 ad
1796 1943 2020 2001 puteum,
2050 1946 2107 1990 ut

518 1997 747 2053 hauriret
785 2018 1004 2074 aquam,
1028 2018 1075 2061 et
1100 2013 1302 2081 aquavit
1342 2032 1513 2072 omnes
1552 2024 1771 2077 camelos
1811 2028 1939 2097 ejus.
1971 2027 2105 2084 Vide

520 2089 998 2160 locupletissimam
1026 2107 1637 2173 promptitudinemJ’er
1662 2114 1764 2171 hoc
1794 2121 1933 2173 enim
1962 2123 2103 2192 quod

520 2181 615 2247 ait,
626 2181 915 2256 Festinavit,
927 2200 971 2244 et
983 2199 1236 2251 evacuavit
1249 2200 1500 2270 bydriam,
1511 2219 1557 2259 et
1567 2212 1781 2263 cucurrit
1794 2213 1862 2265 ad
1877 2226 2101 2283 puteum,

522 2286 847 2334 monstratur
890 2286 1078 2351 puella:
1118 2304 1329 2345 summa
1370 2296 1618 2352 alacritas
1648 2318 1661 2354 :
1694 2305 1816 2371 quia
1847 2321 2020 2375 neque
2049 2318 2105 2364 ut

519 2366 691 2421 aliena
719 2372 954 2442 aufugit,
997 2394 1168 2450 neque
1194 2396 1450 2451 praetextu
1496 2393 1835 2448 continentiaa
1859 2397 2104 2466 petitioni

519 2461 737 2515 renuit:
778 2466 873 2520 sed
922 2483 1044 2524 cum
1089 2475 1253 2530 multa
1301 2483 1711 2540 mansuetudine
1757 2487 1958 2558 inquit,
2011 2491 2099 2546 l8.

516 2547 659 2614 Bibe,
690 2552 909 2610 domine.
939 2560 1142 2630 Cogita,
1172 2567 1413 2636 obsecro,
1440 2583 1635 2641 quanta
1666 2547 1843 2632 etiam.
1857 2595 1918 2633 ea
1946 2591 2103 2637 a3tate

517 2638 675 2695 fuerit
700 2647 1039 2705 continentia:
1075 2654 1377 2725 diligentia,
1407 2638 1470 2716 et.
1491 2667 1766 2723 modestia:
1807 2672 2097 2728 eminentia

519 2731 998 2812 hospitalitatisqne
1018 2744 1333 2816 frequentia.
1356 2752 1559 2818 Quibus
1585 2757 1744 2826 igitur
1764 2762 1955 2830 opibus
1986 2764 2101 2821 lucc

517 2840 620 2878 non
649 2840 774 2884 sunt
799 2836 1155 2902 pretiosiora?
1180 2844 1373 2911 quibus
1406 2846 1671 2905 thesauris
1702 2852 1816 2907 haec
1845 2870 1947 2910 non
1977 2868 2102 2914 sunt

516 2917 877 2984 pneferenda?
904 2925 1031 2982 Haec
1071 2945 1276 2987 summa
1304 2935 1402 2990 dos
1425 2979 1439 3001 ,
1465 2938 1579 2994 ham
1617 2942 1897 3001 innumera
1920 2948 2056 3003 bona
2082 2991 2097 3015 ,

514 3022 627 3063 nine
672 3012 955 3071 thesaurus
1000 3022 1090 3089 qui
1135 3040 1242 3078 non
1291 3032 1644 3087 consumitur.
1694 3035 1895 3094 Videns
1941 3042 2102 3111 igitur

513 3103 747 3168 prudens
792 3122 979 3164 servus
1024 3115 1358 3173 manifestam
1402 3122 1493 3178 Dei
1545 3128 1965 3198 providentiam,
2000 3134 2094 3189 21.

510 3190 747 3248 Discebat
772 3215 904 3265 eam,
938 3203 1144 3272 inquit,
1176 3218 1222 3261 et
1250 3211 1447 3280 silebat,
1482 3225 1535 3268 ut
1559 3220 1708 3273 sciret
1735 3239 2099 3293 prosperumne

510 3282 707 3351 fecisset
739 3286 985 3346 Dominus
1024 3295 1119 3349 iter
1144 3315 1324 3368 suum,
1355 3319 1421 3357 an
1462 3322 1583 3361 non.
1610 3308 1747 3376 Quid
1796 3323 1879 3367 est
1930 3316 2092 3384 illud,

509 3373 743 3431 ltiscebat
771 3396 879 3434 eam
901 3383 927 3435 ?
950 3384 1120 3441 Verba
1148 3389 1259 3458 ipsa
1295 3396 1489 3462 puella:
1537 3373 1822 3470 diligenter
1846 3373 2093 3464 conside:

509 3465 691 3533 rahat,
723 3481 994 3540 aSpectnm
1015 3518 1031 3542 ,
1082 3479 1346 3535 incessum
1372 3526 1387 3548 ,
1422 3486 1686 3553 habitum,
1715 3494 1924 3564 aliaque
1976 3513 2094 3551 om-

506 3555 592 3609 nia
628 3575 639 3609 :
672 3568 726 3613 et
752 3566 1123 3635 exspectabat,
1158 3569 1227 3624 Ut
1256 3574 1405 3627 sciret
1446 3593 1515 3631 an
1552 3597 1853 3651 prosperum
1898 3589 2094 3654 fecisset

511 3647 756 3707 Dominus
780 3655 875 3707 iter
892 3673 1058 3726 suum,
1078 3678 1144 3716 an
1170 3680 1292 3717 non.
1322 3666 1453 3722 Nam
1476 3686 1594 3739 qua:
1606 3672 1716 3742 jam
1744 3676 1882 3731 facta
1914 3690 2087 3747 erant,

503 3741 765 3811 insignem
798 3755 851 3800 et
891 3749 1178 3817 plurimam
1212 3756 1429 3827 virginis
1468 3741 1776 3821 indicabant
1816 3768 2086 3825 virtutem.

505 3832 569 3884 l-It
592 3833 710 3888 ideo
738 3851 1086 3897 remunerans
1109 3844 1225 3914 ejus
1247 3847 1604 3907 obedientiam
1627 3865 1681 3908 et
1706 3873 1859 3927 aquze
1885 3861 2089 3916 submi-

500 3925 893 3995 nistrationem,
926 3932 1280 4006 circumponit
1308 3941 1391 4007 ei,
1424 3944 1614 4014 inquit,
1642 3947 1732 4001 22.
1757 3948 1975 4007 lnaures
1996 3972 2089 4007 au-

500 4035 611 4073 reos
631 4029 677 4073 et
708 4022 838 4077 duas
858 4027 1106 4094 armillas,
1134 4039 1188 4084 et
1212 4032 1495 4102 diligenter
1514 4038 1846 4107 addiscebat,
1871 4062 1991 4114 quae
2017 4049 2085 4103 ad

498 4112 667 4180 ipsam
698 4118 1062 4185 pertinerent,
1084 4132 1141 4177 et
1166 4126 1424 4194 rogabat,
1455 4129 1545 4184 25.
1570 4130 1730 4202 Cujus
1755 4150 1808 4189 es
1838 4138 1984 4205 ﬁlia?
2007 4150 2082 4206 et,

496 4203 641 4257 .Num
660 4215 733 4259 est
756 4211 894 4278 apud
923 4221 1117 4277 patrem
1140 4224 1280 4269 tuum
1305 4217 1443 4273 locus
1463 4221 1768 4278 diversorii?
1790 4203 2080 4286 Considera

496 4306 553 4349 et
587 4297 672 4352 hic
711 4302 900 4368 puella:
928 4318 1262 4374 responsum.
1292 4308 1423 4364 Nam
1452 4317 1590 4368 sicut
1615 4331 1736 4369 cum
1767 4334 1959 4388 aquam
1991 4338 2083 4393 pe-

497 4399 652 4455 teret,
676 4408 781 4446 non
810 4396 979 4450 solum
1002 4413 1118 4452 eam
1144 4400 1321 4470 dedit,
1353 4405 1447 4460 sed
1469 4416 1522 4461 et
1545 4410 1781 4465 camelos
1811 4413 1952 4469 illius
1981 4432 2078 4485 po-

496 4481 624 4535 tavit
656 4499 669 4535 :
702 4483 771 4538 ita
798 4494 853 4539 et
878 4487 962 4541 hic
983 4530 996 4551 ,
1030 4501 1252 4561 rogante
1277 4510 1467 4562 servo,
1496 4514 1619 4553 num
1644 4511 1788 4557 esset
1813 4505 1996 4574 locus,
2027 4516 2081 4564 et

490 4573 642 4641 cujus
672 4586 818 4630 esset
846 4578 951 4634 filia
977 4621 991 4645 ,
1021 4581 1192 4652 inquit
1215 4627 1230 4650 ,
1258 4586 1347 4641 2L
1375 4587 1515 4643 Filia
1541 4609 1654 4646 sum
1692 4593 1959 4655 But/melis
1983 4602 2080 4669 ﬁlii

492 4663 743 4730 Mole/ue,
770 4684 914 4736 quem
941 4675 1133 4740 peperit
1161 4676 1260 4744 ipsi
1289 4676 1520 4735 Nacltor.
1552 4683 1690 4739 Dicit
1717 4697 1771 4740 et
1795 4663 1999 4757 patrem
2024 4703 2078 4747 et

485 4770 643 4810 avum
666 4797 682 4821 ,
713 4768 771 4810 ut
812 4759 918 4813 illis
946 4765 1171 4832 cognitis
1199 4768 1291 4823 fiat
1335 4770 1580 4827 alacrior.
1613 4776 1743 4831 Vide
1787 4781 2073 4838 candorem

485 4848 698 4914 puellas.
729 4850 804 4906 De
832 4861 986 4921 patre
1007 4869 1243 4927 rogatur,
1274 4870 1329 4916 et
1357 4879 1460 4917 non
1489 4867 1661 4922 solum
1692 4869 1831 4925 hunc
1853 4873 2072 4936 indicat.

482 4938 578 4993 sed
623 4949 679 4995 et
709 4952 912 5011 patrem
942 4951 1127 5015 patris.
1159 4950 1369 5008 Etcum
1400 4969 1641 5027 rogasset
1667 4977 1855 5018 servus
1897 4967 2071 5020 solum

482 5046 549 5085 an
592 5045 734 5089 esset
778 5038 929 5094 locus
977 5042 1278 5101 divertendi
1306 5089 1320 5113 ,
1352 5049 1437 5103 illa
1476 5052 1856 5112 addidit:Non
1897 5060 2070 5115 solum

480 5122 652 5192 locus,
678 5129 770 5183 sed
792 5129 881 5186 25.
908 5131 976 5187 Εε
998 5140 1185 5205 fwnum
1208 5151 1254 5191 et
1282 5141 1521 5208 pabulum
1547 5146 1763 5200 multum
1790 5151 1929 5218 apud
1952 5169 2065 5206 nos.

482 5215 606 5271 llmc
650 5230 709 5273 ut
735 5224 937 5279 audivit
962 5242 1178 5296 servus,
1206 5233 1498 5290 admiratus
1538 5250 1622 5292 est
1665 5241 1852 5295 miram
1882 5252 1936 5298 et
1963 5245 2068 5298 lar-

481 5321 600 5373 gam
641 5313 833 5377 puella:
879 5315 1324 5387 hospitalitatem.
1376 5327 1438 5380 Et
1463 5336 1521 5381 ut
1560 5330 1744 5385 didicit
1774 5348 1832 5387 se
1863 5350 1968 5388 non
1999 5336 2065 5390 ad

480 5397 691 5465 ignotos
722 5407 981 5472 quosdam
1006 5412 1251 5481 venisse,
1281 5416 1375 5471 sed
1409 5417 1462 5471 in
1491 5419 1707 5474 domum
1742 5422 1955 5478 Nachor
1977 5428 2066 5496 qui

481 5488 645 5545 frater
665 5505 780 5549 erat
800 5503 1133 5569 patriarcha),
1164 5506 1254 5562 26.
1290 5508 1403 5562 Hoc
1423 5528 1539 5564 cum
1565 5515 1799 5583 probaret
1819 5559 1834 5583 ,
1860 5518 2060 5589 inquit,

479 5583 626 5637 nomo
655 5588 884 5645 adoravit
914 5594 1213 5652 Dominum.
1255 5601 1594 5658 Exhilaratus
1620 5606 1686 5659 iis
1714 5623 1831 5675 qua}
1860 5625 2063 5680 cogno-

476 5689 665 5744 verat,
694 5690 746 5737 et
780 5685 842 5739 iis
871 5703 989 5756 quae
1033 5691 1130 5757 ipsi
1158 5695 1327 5759 puella
1355 5695 1582 5765 dixerat,
1615 5700 1857 5755 Adoravit
1884 5703 2064 5759 Domi-

478 5783 617 5833 num,
652 5776 951 5857 gratiasque
996 5782 1069 5836 illi
1110 5784 1214 5855 egit
1239 5825 1255 5853 ,
1283 5802 1348 5842 eo
1377 5789 1520 5859 quod
1546 5792 1596 5846 in
1626 5793 1980 5862 patriarcham
2003 5809 2059 5855 et

1254 331 1312 387 S.
1342 334 1619 397 JOANNIS
1655 345 2131 414 CHRYSOSTOMI
2163 362 2477 425 ARCHIEP.
2520 374 3055 443 CONSTANTINOP.

3701 409 3807 466 ιω

2222 480 2275 534 in
2306 497 2363 538 se
2394 495 2592 545 tantam
2633 493 2960 556 declarasset
2985 506 3405 579 providentiam,
3438 526 3491 570 et
3519 522 3657 589 quod
3687 541 3808 578 om-

2217 571 2302 625 nia
2336 575 2486 641 plana
2518 591 2571 634 et
2609 582 2779 640 facilia
2815 590 2885 648 illi
2914 571 3269 655 reddidisset:
3300 615 3351 657 et
3381 571 3554 662 dixit:

2216 663 2442 721 nedictus
2471 668 2715 730 Dominus
2745 677 2881 735 Deus
2918 686 3111 741 domini
3140 693 3235 745 mei
3260 694 3515 753 Abraham
3540 743 3552 765 ,
3586 707 3672 772 qui
3699 725 3804 763 non

2224 752 2275 772 ,ι
2312 764 2324 772 .
2370 757 2422 772 ιο-
2457 762 2468 772 -
2560 765 2571 772 -
2600 767 2610 772 -

3541 752 3552 765 ,
3589 752 3667 772 τ--
3699 752 3804 763 η-..

2216 752 2422 810 abstulit
2437 762 2695 829 justitiam
2722 785 2867 824 suam
2888 784 2935 827 et
2954 778 3207 834 veritatem
3224 801 3255 835 α
3280 788 3484 842 domino
3504 809 3631 846 meo.
3656 795 3806 851 Post-

2217 860 2374 912 quam
2410 851 2539 906 vidit
2583 858 2771 923 puellm
2821 862 3281 937 benevolentiam,
3315 888 3368 931 et
3410 882 3479 935 ab
3527 899 3586 937 ea
3622 891 3803 943 omnia

2218 939 2495 997 manifeste
2522 945 2735 1013 didicit,
2770 962 2895 1010 tunc
2938 968 2993 1013 et
3033 961 3147 1030 ipse
3175 968 3364 1033 puellm
3391 973 3657 1042 significat
3682 985 3805 1050 quis

2217 1040 2359 1083 esset
2389 1050 2402 1085 :
2433 1044 2485 1087 et
2516 1052 2610 1104 per
2640 1045 2926 1109 gratiarum
2967 1054 3231 1110 actionem
3270 1059 3320 1113 in
3348 1062 3510 1118 Deum
3541 1070 3719 1137 palam
3751 1076 3802 1128 ei

2219 1118 2243 1137 ,.
2727 1135 2757 1137 η

3541 1118 3719 1137 rm---
3754 1118 3802 1128 ν.

2217 1118 2339 1173 facit
2367 1138 2425 1176 se
2453 1142 2557 1181 non
2579 1145 2644 1185 ex
2690 1135 2862 1190 aliena
2892 1139 3051 1197 domo
3078 1148 3288 1217 venire,
3318 1156 3411 1208 sed
3447 1155 3666 1216 fratrem
3696 1165 3802 1219 Na-

2214 1208 2394 1266 choris
2414 1230 2533 1272 esse
2562 1235 2681 1275 eum
2713 1226 2800 1293 qui
2830 1228 2933 1284 huc
2959 1247 3018 1285 se
3057 1237 3310 1296 misisset.
3347 1243 3468 1300 llmc
3491 1249 3578 1303 ubi
3617 1252 3804 1311 didicit

2214 1298 2306 1353 28.
2338 1300 2550 1372 Puella,
2584 1326 2702 1367 cum
2755 1333 2941 1388 magna
2978 1326 3279 1397 voluptate,
3307 1341 3564 1406 cucurrit,
3606 1344 3797 1415 inquit.

2216 1388 2347 1415 νυ,
2383 1411 2505 1415 ,μμ
2592 1401 2606 1415 .
2675 1405 2686 1415 .
2786 1409 2799 1415 -
2912 1412 2943 1415 -ν

2216 1388 2349 1446 Vide
2376 1401 2643 1464 quomodo
2675 1405 2724 1458 in
2755 1409 2977 1480 singulis
3022 1388 3279 1476 declaret'
3310 1388 3474 1483 nobis
3516 1388 3801 1502 hospiiali-

2215 1485 2337 1537 tatis
2383 1487 2707 1550 alacritatem
2735 1539 2750 1563 ,
2778 1516 2936 1557 cursu
2955 1545 2969 1566 ,
3006 1510 3178 1565 verbis
3199 1556 3211 1573 ,
3248 1524 3670 1579 mansuetudine.
3703 1530 3804 1583 Cn-

2212 2049 2332 2088 nem
2365 2047 2591 2095 stantem
2615 2047 2753 2115 apud
2796 2049 2994 2109 fontem
3017 2072 3135 2112 cum
3159 2066 3378 2121 camelis
3402 2110 3417 2135 ,
3438 2069 3527 2125 51.
3549 2072 3689 2127 Diait
3709 2079 3756 2129 ei
3782 2094 3802 2132 :

2221 2120 2364 2193 Veni,
2394 2129 2674 2201 ingredere;
2704 2138 2989 2200 benedictus
3014 2146 3258 2206 Dominus
3279 2172 3295 2209 :
3314 2174 3403 2210 cur
3426 2164 3555 2229 foris
3574 2167 3757 2220 stetisti
3775 2170 3802 2222 .’

2208 2212 2322 2285 Ego
2345 2220 2571 2290 disposui
2585 2228 2787 2283 domum
2810 2243 2855 2286 et
2877 2236 3041 2290 locum
3061 2246 3283 2298 carnalis.
3307 2212 3437 2305 Vide
3447 2262 3499 2305 et
3528 2256 3666 2311 hunc
3697 2260 3801 2311 be-

2209 2312 2541 2370 nedicentem
2567 2319 2732 2376 Deum
2760 2324 2811 2377 in
2843 2328 3076 2386 adventu
3110 2339 3408 2407 peregrini,
3447 2354 3499 2398 et
3525 2353 3799 2416 quomodo

2207 2410 2490 2472 antequam
2521 2407 2941 2479 hospitalitatem
2975 2422 3221 2492 impleret
3246 2446 3425 2498 opere,
3464 2407 3642 2491 mti'tis
3671 2458 3797 2496 eum

2208 2490 2451 2549 hortatus
2479 2509 2579 2553 est.
2621 2502 2764 2568 Veni,
2793 2508 2979 2579 inquit,
3013 2514 3275 2584 ingredere
3304 2536 3324 2573 .·
3344 2522 3452 2591 jam
3481 2528 3625 2582 enim
3655 2530 3799 2585 l’ra-c

2207 2587 2382 2651 paravi
2405 2589 2607 2644 domum
2647 2605 2691 2647 et
2718 2597 2882 2653 locum
2902 2606 3127 2659 camelis.
3161 2609 3361 2667 Deinde
3404 2616 3649 2685 ingresso
3682 2639 3749 2677 eo
3778 2669 3794 2691 ,

2206 2673 2376 2745 inquit
2407 2698 2421 2734 :
2452 2681 2540 2735 52.
2571 2682 2822 2743 Destravit
2864 2697 3084 2751 camelos
3130 2710 3175 2752 et
3224 2704 3358 2757 dedit
3386 2710 3558 2775 paleas
3580 2752 3596 2780 ,
3629 2727 3677 2766 et
3696 2720 3792 2786 far-

2204 2782 2342 2833 num,
2367 2781 2412 2822 et
2437 2790 2649 2843 aquam,
2678 2790 2733 2833 ut
2760 2780 3048 2841 lavarentur
3075 2794 3226 2858 pedes
3251 2797 3377 2864 ejus.

2275 2860 2329 2915 5.
2362 2862 2490 2918 Vide
2510 2872 2779 2936 quomodo
2804 2874 2965 2947 hiqui
3006 2882 3179 2938 adhuc
3224 2860 3408 2943 errore
3456 2893 3792 2963 tenebantur,

2203 2965 2448 3021 magnam
2473 2957 2845 3028 hospitalitatis
2863 2983 3044 3025 curam
3060 2977 3303 3043 agebant.
3334 2980 3398 3033 Et
3419 2983 3557 3038 dedit
3580 3005 3790 3057 aquam,

2203 3054 2259 3097 ut
2287 3046 2581 3105 lavarentur
2606 3057 2756 3123 pedes
2785 3062 2914 3128 ejus,
2942 3075 2988 3117 et
3016 3068 3167 3132 pedes
3196 3073 3420 3127 virorum
3451 3093 3537 3147 qus
3577 3096 3690 3134 cum
3735 3101 3793 3137 eo

2201 3148 2363 3191 erant.
2394 3142 2481 3195 55.
2518 3144 2581 3198 Et
2603 3154 2842 3217 apposuit
2866 3155 2934 3207 eis
2962 3174 3117 3225 panes
3157 3164 3226 3215 ad
3264 3142 3647 3225 comedendum.
3683 3175 3790 3231 Sed

2204 3228 2290 3285 hic
2333 3236 2568 3302 attende,
2624 3242 2869 3312 obsecro,
2918 3264 3159 3319 magnam
3212 3254 3390 3312 famuli
3432 3263 3787 3329 prudentiam.

2200 3320 2336 3387 Quid
2359 3326 2499 3380 enim
2523 3330 2634 3384 ait?
2656 3330 2777 3387 Non
2798 3341 3077 3407 comedam,
3098 3344 3258 3400 donec
3280 3349 3460 3418 loquar
3480 3356 3628 3407 verba
3654 3375 3786 3411 mea.

2202 3410 2308 3467 Vos
2337 3417 2570 3486 quidem,
2598 3422 2785 3493 inquit,
2815 3428 3048 3486 officium
3072 3446 3310 3493 vestrum
3363 3442 3413 3496 in
3439 3459 3524 3498 me
3580 3452 3789 3515 praesti-

2200 3502 2337 3558 tistis
2368 3525 2380 3559 :
2412 3524 2511 3578 ego
2539 3525 2714 3568 autem
2745 3533 3077 3591 nequaquam
3110 3537 3262 3582 antea
3288 3533 3482 3601 quietis
3509 3552 3644 3591 mea:
3694 3556 3787 3594 ra-

2198 3601 2395 3657 tionem
2420 3605 2647 3675 habebo,
2690 3612 2863 3669 donec
2884 3632 3097 3674 causam
3127 3638 3219 3676 vos
3250 3624 3481 3681 docuero
3506 3672 3520 3693 ,
3569 3644 3789 3702 propter

2195 3709 2352 3763 quam
2376 3697 2428 3752 in
2461 3699 2597 3757 hanc
2620 3705 2755 3759 viam
2784 3709 2882 3763 sim
2908 3712 3121 3781 missus,
3156 3724 3209 3770 et
3237 3734 3403 3787 quare
3424 3736 3452 3775 a
3482 3720 3783 3781 Chanana-a

2196 3787 2301 3844 huc
2331 3793 2588 3859 venerim,
2613 3809 2666 3852 et
2684 3802 2952 3869 quomodo
2974 3804 3025 3859 in
3055 3806 3270 3864 domum
3292 3824 3523 3869 vestram
3554 3816 3657 3872 huc
3684 3819 3785 3872 du-

2194 3888 2311 3932 ctus
2337 3883 2459 3946 sim,
2491 3900 2555 3939 ac
2582 3903 2703 3942 cum
2749 3893 2925 3947 omnia
2954 3896 3265 3963 didiceritis,
3296 3911 3422 3957 tunc
3456 3914 3512 3959 et
3538 3922 3633 3961 vos
3684 3926 3780 3965 ve-

2191 3982 2355 4027 stram
2382 3991 2505 4046 erga
2531 3980 2806 4037 dominum
2837 4002 3011 4041 meum
3049 3990 3472 4050 benevolentiam
3505 3999 3784 4057 declarare

2192 4068 2451 4134 poteritis.
2480 4068 2954 4147 Narrationemque
2980 4095 3137 4135 orsus
3161 4085 3232 4137 ait
3254 4101 3267 4136 :
3286 4086 3374 4142 35.
3402 4089 3590 4143 Servus
3618 4093 3782 4145 Abra-

2190 4158 2270 4211 hae
2296 4176 2407 4213 sum
2431 4178 2522 4233 ego
2548 4179 2568 4218 :
2597 4165 2684 4220 55.
2716 4166 2966 4224 Dominus
3010 4185 3176 4229 autem
3222 4178 3473 4235 benedixit
3518 4185 3780 4247 dominum

2188 4267 2350 4304 meum
2379 4255 2544 4322 valde,
2578 4267 2625 4310 et
2654 4259 2793 4313 dedit
2812 4263 2856 4314 ei
2881 4264 2897 4294 ¹
2932 4280 3045 4319 oves
3091 4280 3138 4321 et
3179 4271 3379 4335 vitulos,
3409 4291 3589 4328 aurum
3616 4289 3663 4329 et
3694 4296 3781 4331 ar-

2186 4356 2409 4415 gentum,
2443 4365 2611 4404 servos
2632 4362 2678 4405 et
2707 4356 2943 4422 ancillas,
2976 4361 3193 4415 camelos
3237 4374 3286 4417 et
3326 4367 3517 4422 asinos.

2186 4440 2376 4507 peperit
2406 4438 2569 4495 Sarra
2588 4460 2717 4497 uxor
2737 4446 2928 4500 domini
2945 4452 3040 4503 mei
3058 4452 3223 4520 ﬁlium
3242 4472 3398 4509 unum
3416 4459 3619 4514 domino
3641 4481 3775 4529 meo,

2182 4544 2297 4581 cum
2325 4532 2434 4600 ipse
2451 4533 2567 4602 jam
2597 4538 2860 4601 senuisset,
2893 4550 2942 4592 et
2972 4541 3109 4594 dedit
3131 4545 3210 4597 illi
3238 4549 3409 4601 omnia
3453 4567 3778 4624 quaecumque

2183 4620 2378 4676 habuit.
2404 4625 2534 4679 Vide
2559 4630 2827 4697 quomodo
2848 4646 2966 4685 eum
2988 4633 3259 4704 diligentia
3286 4642 3460 4695 omnia
3477 4644 3553 4697 eis
3569 4658 3772 4702 narrat.

2183 4711 2331 4768 Illius
2359 4729 2500 4778 sum,
2546 4719 2738 4788 inquit,
2772 4722 3000 4778 Abrahae
3025 4740 3231 4794 servus,
3261 4745 3420 4799 quem
3453 4738 3640 4788 nostis.
3680 4738 3774 4791 Di-

2180 4806 2313 4860 scite
2345 4808 2522 4879 itaque
2546 4823 2796 4879 quantam
2824 4815 2891 4867 ab
2918 4820 3156 4873 omnium
3187 4820 3410 4876 Domino
3440 4825 3773 4882 benedictio-

2180 4913 2303 4953 nem
2328 4915 2686 4973 consequutus
2708 4906 2797 4968 sit,
2828 4907 2898 4961 ita
2933 4920 2987 4963 ut
3019 4912 3170 4966 valde
3198 4914 3263 4967 sit
3293 4917 3510 4971 ditatus.
3566 4921 3770 4979 Deinde

2177 4990 2375 5047 docens
2403 4996 2704 5050 divitiarum
2757 5000 2983 5067 copiam,
3043 5004 3250 5073 inquit:
3288 5005 3416 5061 Oves
3458 5020 3505 5062 et
3556 5010 3767 5077 vitulos,

2177 5096 2441 5152 argentum
2461 5097 2509 5141 et
2537 5105 2741 5156 aurum,
2770 5108 2936 5146 servos
2967 5107 3016 5147 et
3041 5096 3278 5161 ancillas,
3297 5101 3517 5154 camelos
3535 5114 3580 5155 et
3595 5103 3765 5160 asinos

2176 5180 2473 5249 acquisivit.
2506 5183 2720 5247 Audite,
2748 5184 2965 5253 divites,
2994 5189 3080 5255 qui
3107 5198 3181 5242 tot
3207 5201 3261 5243 et
3286 5194 3610 5262 totquotidie
3630 5196 3768 5248 emi-

2175 5271 2242 5323 tis
2267 5271 2481 5339 przedia.
2511 5283 2565 5327 et
2598 5273 2783 5330 balnea
2824 5292 2885 5330 ac
2926 5277 3299 5335 deambulacra
3351 5294 3402 5337 et
3458 5285 3769 5354 splendidas

2174 5363 2362 5418 domos
2388 5365 2684 5421 ardificatis.

2242 5456 2447 5509 Divitite
2467 5474 2567 5511 non
2608 5457 2660 5511 in
2701 5462 2972 5531 super/luis
2999 5462 3367 5532 impendenda).
3410 5496 3482 5507 —
3510 5466 3714 5522 Videtis
3746 5510 3764 5537 ,

2171 5546 2224 5601 in
2255 5547 2446 5617 quibus
2471 5549 2667 5604 divitiae
2690 5551 2821 5620 justi
2862 5552 3058 5608 fuerint
3097 5549 3441 5613 constitutae?
3488 5558 3759 5630 Nusquam

2232 5679 2248 5705 ³
2278 5676 2360 5725 Sic
2385 5678 2607 5751 etiam-in
2631 5680 2782 5729 SaVil.
2824 5681 2878 5729 lu
2919 5688 3214 5751 texltivero_
3236 5687 3552 5751 septuaginta
3590 5689 3756 5747 Inter'

2167 5744 2359 5796 prelum
2385 5738 2464 5786 hic
2488 5741 2694 5788 effertur
2714 5756 2906 5799 sensus,
3035 5738 3570 5817 Beneairit'hominum
3592 5767 3755 5805 meum

2167 5798 2306 5817 --4-14-
2364 5806 2392 5817 ,A
2430 5814 2478 5817 κ..
2519 5802 2547 5817 1.
2589 5809 2598 5817 ι
2741 5810 2750 5817 ι
2782 5808 2789 5817 ι
2867 5809 2873 5817 ι
2908 5808 2954 5817 ιι
2990 5810 3029 5817 ι-

2166 5798 2324 5867 valde,
2349 5806 2393 5851 et
2417 5802 2660 5852 cauillatus
2683 5810 2750 5855 cst
2777 5808 2876 5867 (καὶ
2898 5798 3112 5869 ὑψώθη),
3134 5816 3177 5860 et
3199 5812 3335 5861 dedit
3358 5812 3421 5874 ti,
3449 5822 3545 5863 etc.
