4084 6356
246 501 362 554 ἴστε
391 500 472 553 ὅτι
504 500 691 555 πολλοὶ
735 503 828 557 καὶ
867 503 1060 575 ἄνδρες
1097 504 1249 569 ὄντες
1289 507 1606 561 ἀνανεύουσι
1657 509 1918 572 πολλάκις

246 590 385 661 προς
410 590 508 649 τὰς
535 591 793 654 τοιαύτας
826 594 1106 664 αἰτήσεις;
1144 595 1254 647 Καὶ
1289 595 1342 648 τί
1369 595 1512 665 λέγω
1551 595 1687 668 πρὸς
1727 595 1918 661 ὕδατος

245 678 532 748 παροχήνς
561 678 764 731 Ἐνίοτε
794 679 957 750 δᾷδας
982 681 1322 751 κατέχοντες,
1353 682 1446 737 καὶ⁵
1492 684 1598 736 ὑπὸ
1642 683 1751 736 τῶν
1785 701 1920 756 παρ-

247 773 438 813 ιοντων
487 761 1000 833 παρακαλούμενοι,
1035 764 1176 818 ὥστε
1221 769 1523 837 παρασχεῖν
1561 767 1733 838 βραχὺ
1783 769 1914 820 ἁνα-

247 850 464 924 μείναι.
509 849 600 903 ἵνα
642 849 834 919 λύχνον
861 851 1138 922 άνάψωσιν
1164 894 1179 919 ,
1215 854 1334 906 οὐδέ
1359 854 1518 908 τοῦτο
1566 855 1788 925 ποιῆσαι
1823 857 1916 908 ἀν·

1328 437 1329 441 η
1388 391 1455 446 IN
1494 392 1646 447 CAP.
1691 391 1858 447 XXIV
1886 391 2136 448 GENES.
2179 393 2411 450 HOMIL.
2445 397 2670 454 XLVIII.

3576 403 3684 458 ιιι»

2022 512 2199 565 οἰκίαν
2233 513 2325 566 τοῦ
2346 515 2569 586 Ναχὼρ,
2597 517 2656 578 ὃς
2682 517 2907 586 ἀδελφὸς
2937 508 3004 586 ἦν
3031 518 3127 573 τοῦ
3172 518 3528 589 πατριάρχου,
3565 521 3684 572 Εὑ-

2019 598 2308 666 δοκήσας,
2335 604 2517 673 φησὶν,
2550 607 2583 658 ό
2602 604 2910 672 ἄνθρωπος
2933 621 3354 675 προσεκυνησε
3374 607 3452 674 τῷ
3465 609 3680 676 Κυρίῳ.

2029 686 2244 751 Ἡσθεὶς
2279 689 2371 742 ἐπὶ
2399 693 2511 754 τοῖς
2533 692 2872 760 γνωσθεῖσιν,
2902 697 2996 748 ἐπὶ
3031 698 3146 758 τοῖς
3197 695 3506 766 εἰρημένοις
3534 697 3686 767 παρὰ

2018 777 2116 847 τῆς
2140 779 2347 842 παιδὸς.
2374 783 2804 849 Προσεκύνησε
2830 781 2910 847 τῷ
2954 784 3168 852 Κυρίῳ,
3193 783 3290 856 τὴν
3335 783 3688 855 εὐχαριστίαν

2017 865 2286 934 ἀνήνεγκε
2317 865 2395 937 τῷ
2445 869 2690 942 Δεσπότῃ
2717 868 2794 940 τῷ
2830 869 2919 923 διὰ
2950 870 3050 942 τὴν
3101 871 3239 942 πρὸς
3281 871 3373 924 τὸν
3415 871 3626 941 πατέρα
3652 869 3685 911 δ

244 933 482 1002 ἔχονται,
508 937 604 988 καὶ
632 937 806 989 ταῦτα
831 937 924 1030 τος)
961 939 1131 1010 πυρὸς
1166 940 1420 1010 οὐδεμίαν
1448 940 1741 994 ἐλάττιιυσιν
1783 943 1917 994 ὖπο-
1958 993 1995 1005 -
2017 952 2226 1006 εὐνοιαν
2257 954 2525 1027 τοσαύτην
2551 957 2647 1010 καὶ
2680 958 2806 1028 περὶ
2844 957 3003 1010 αὐτὸν
3034 957 3425 1029 ἐπιδειξαμένῳ
3451 958 3548 1030 τὴν
3581 975 3684 1028 κη·-

247 1019 520 1088 μένοντος,
547 1022 650 1074 κᾶν
681 1024 863 1094 μυρίοι
885 1018 1016 1079 ὦσιν
1038 1027 1087 1078 οἱ
1112 1025 1392 1096 μέλλοντες
1419 1027 1626 1080 ἅπτειν.
1655 1027 1918 1081 Ἐνταῦθα

243 1103 300 1158 δέ
327 1109 420 1159 καὶ
449 1108 586 1179 γυνὴ
621 1114 713 1163 καὶ
751 1112 886 1183 κόρη
921 1152 935 1177 ,
974 1114 1070 1166 καὶ
1099 1115 1287 1186 ὑδρίαν
1323 1116 1414 1169 ἐπὶ
1459 1115 1568 1168 τῶν
1610 1115 1775 1185 ὤμων
1820 1116 1916 1184 φέο

246 1208 438 1261 ρουσα,
485 1194 546 1246 οὐ
603 1197 763 1265 μόνον
815 1197 914 1250 οὐκ
960 1198 1288 1272 ἐδυσχέρανε
1351 1200 1488 1271 πρὸς
1530 1202 1628 1272 τὴν
1675 1201 1912 1272 αἴτησιν,

242 1279 381 1334 ἀλλὰ
441 1282 537 1335 καὶ
588 1283 1027 1354 ἐπιδαψιλεύεται
1085 1291 1149 1358 τῇ
1207 1289 1460 1360 αἰτήσει,
1514 1289 1610 1342 καὶ
1654 1289 1716 1343 τὸ
1748 1291 1914 1344 ποτὸν

241 1368 496 1438 παρέχει,
551 1371 644 1423 καὶ
693 1373 751 1438 ἐξ
804 1373 1010 1437 οἰκείας
1043 1375 1266 1447 γνώμης
1317 1379 1411 1430 καὶ
1468 1380 1589 1442 ταῖς
1643 1380 1913 1450 καμήλοις

243 1455 609 1527 ὑδρεύσασθαι
666 1460 963 1528 ἐπείγεται.
1039 1463 1099 1515 '0
1152 1464 1261 1535 γὰρ
1340 1465 1716 1538 φιλάνθρωπος
1780 1468 1914 1532 Θεὸς

240 1546 532 1610 ἐπινεύσας
563 1552 682 1611 ταῖς
715 1549 809 1602 τοῦ
850 1550 1187 1623 πατριάρχου
1226 1557 1550 1626 προσευχαῖς
1573 1597 1588 1621 ,
1628 1557 1720 1609 τὸν
1751 1557 1915 1626 ἄγγε-

237 1631 330 1684 λον
379 1633 544 1686 αὑτοῦ
598 1636 946 1707 προπέμψας,
993 1637 1207 1692 ἅπαντα
1248 1639 1420 1693 ταῦτα
1465 1641 1783 1714 ᾠκονόμησε
1821 1662 1916 1714 γε-

237 1721 427 1774 νέσθαι
453 1763 468 1782 ,
498 1723 592 1775 καί
621 1723 871 1795 καθάπερ
901 1725 1101 1797 ᾔτησεν
1131 1728 1158 1780 ὁ
1189 1729 1314 1791 παῖς
1334 1767 1347 1790 ,
1387 1728 1559 1793 οὕτως
1589 1729 1802 1785 ἅπαντα
1833 1735 1913 1797 εἰς

236 1810 403 1877 ἔργον
452 1810 696 1882 ἐξῆλθεν.
755 1809 887 1865 Εἶτα
938 1815 1124 1885 ἐπειδὴ
1175 1810 1282 1868 εἶδε
1319 1815 1405 1869 διὰ
1443 1817 1552 1871 τῶν
1595 1818 1772 1890 ἔργων
1811 1823 1911 1891 τὴν

236 1899 522 1968 ἐνέργειαν
568 1899 677 1952 τῶν
724 1901 898 1971 εὐχῶν
944 1901 1036 1954 τοὺ
1099 1905 1440 1976 πατριάρχου
1469 1947 1484 1972 ,
1519 1906 1614 1959 καὶ
1647 1909 1906 1979 ἐπέτυχε,

239 1990 499 2062 καθάπερ
541 1991 840 2061 ἐπεθύμει,
880 1993 979 2064 τῆς
1017 1993 1223 2064 κόρης,
1268 1995 1359 2048 καὶ
1407 1991 1544 2048 εἶδεν
1592 1997 1765 2068 αὐτῆς
1811 2001 1911 2070 τὴν

236 2077 690 2148 ὑπερϐάλλουσαν
745 2077 1070 2148 φιλοξενίαν.
1096 2083 1407 2137 Ἕσπευσε
1438 2084 1567 2154 γὰρ,
1611 2086 1765 2157 φησί,
1811 2087 1911 2141 καὶ

232 2164 574 2227 ἐξεκένωσε
623 2163 741 2234 τὴν
803 2166 1020 2235 ὑδρίαν
1072 2171 1158 2235 εἰς
1209 2169 1277 2222 τὸ
1330 2171 1718 2241 ποτιστήριον
1747 2214 1763 2239 ,
1810 2175 1911 2229 καὶ

234 2250 494 2321 ἔδραμεν
507 2253 604 2306 ἐπὶ
623 2254 688 2306 τὸ
703 2255 888 2332 φρέαρ
899 2255 1221 2323 ἀντλῆσαι,
1237 2257 1333 2310 καὶ
1345 2256 1678 2325 ὑδρεύσατο
1687 2261 1912 2328 πάσαις

231 2335 369 2399 ταῖς
407 2335 723 2405 καμήλοις.
757 2337 899 2408 Ὅρα
937 2337 1036 2409 τὴν
1071 2337 1377 2410 προθυμίαν
1406 2339 1558 2412 [486]
1586 2344 1911 2415 ἐπιτεταμέ-

231 2439 353 2492 νην.
396 2423 469 2474 Τὸ
502 2423 966 2494 γάρ,Ἕσπευσε,
1013 2426 1112 2478 καὶ
1149 2426 1483 2490 ἐξεκένωσε
1518 2429 1634 2498 τὴν
1672 2430 1908 2502 ὑδρίαν,

230 2511 335 2562 ναὶ
375 2510 632 2578 ἔδραμεν
681 2511 782 2564 έπί
833 2511 901 2565 τὸ
945 2512 1151 2582 φρέαρ,
1196 2513 1436 2568 δείκνυσι
1474 2518 1572 2588 τῆς
1601 2519 1769 2590 κόρης
1812 2521 1910 2592 τὴν

232 2598 445 2666 ἄφατον
478 2599 792 2670 προθυμίαν
815 2616 832 2632 ⁸
868 2601 948 2654 ὃτι
992 2600 1116 2654 οὐτε
1153 2603 1229 2666 ὡς
1272 2603 1396 2676 ξένη
1442 2605 1746 2676 ἀπέφυγεν,
1786 2609 1909 2662 οὐτε

232 2686 514 2755 προφάσει
542 2686 643 2756 τῆς
689 2687 1045 2758 σωφροσύνης
1082 2689 1337 2744 ἀνένευσε
1382 2692 1518 2764 πρὸς
1547 2695 1644 2765 τὴν
1675 2696 1907 2763 αἴτησιν,

229 2772 373 2826 ἀλλὰ
436 2773 576 2843 μετὰ
653 2774 852 2847 πολλῆς
907 2777 1209 2842 ἐπιεικείας
1273 2780 1449 2851 φησὶ,
1515 2784 1659 2844 Πίε,
1722 2787 1908 2855 κύριε.

243 2861 530 2932 Ἐννόησόν
592 2880 681 2933 μοι
724 2866 780 2918 ἐν
818 2863 1002 2936 ἡλικία
1043 2865 1266 2938 τοιαύτῃ
1317 2868 1458 2938 πόση
1498 2872 1591 2923 καὶ
1631 2874 1911 2945 σωφροσύ-

228 2965 334 3017 νης
349 2949 626 3018 ἀκρίϐεια,
655 2952 748 3004 καί¹
781 2953 1280 3024 ταπεινοφροσύνης
1317 2957 1608 3030 ὑπερϐολὴ,
1641 2962 1734 3014 καὶ
1761 2963 1910 3030 φιλο-

229 3035 417 3101 ξενίας
446 3037 718 3100 ἐπίτασις.
760 3038 936 3092 Πόσου
966 3039 1196 3093 πλούτου
1229 3043 1358 3110 γοῦν
1386 3046 1486 3098 οὐκ
1513 3045 1578 3100 ἂν
1613 3049 1696 3119 εἴη
1731 3049 1910 3104 ταῦτα

226 3122 534 3192 τιμιώτερα
558 3141 573 3189 ;
607 3125 787 3178 πόσων
817 3126 1106 3198 θησαυρῶν
1126 3128 1302 3183 ταῦτα
1321 3131 1423 3184 οὐκ
1443 3129 1508 3186 ἂν
1538 3137 1908 3210 προτιμότερά

227 3226 317 3272 τις
345 3212 638 3281 ήγήσαιτο;
678 3212 846 3266 Τοῦτο
890 3216 923 3286 ἡ
978 3215 1207 3287 μεγίστη
1243 3218 1420 3288 προὶξ,
1448 3220 1604 3275 τοῦτο
1630 3221 1700 3276 τὰ
1739 3226 1908 3296 μυρία

229 3297 438 3364 ἀγαθὰ,
469 3300 498 3351 ὁ
525 3297 796 3370 θησαυρὸς
824 3303 853 3354 ὁ
880 3303 1148 3372 μηδέποτε
1170 3303 1570 3377 δαπανώμενος.
1601 3311 1774 3383 Ὁρῶν
1794 3313 1908 3366 τοί-

228 3401 329 3437 νυν
375 3384 562 3439 λοιπον
614 3387 643 3439 ὁ
675 3387 971 3459 εὐγνώμων
1013 3391 1229 3462 οἰκέτης
1285 3395 1492 3466 ἐναργῆ
1521 3397 1614 3450 τοῦ
1644 3398 1778 3452 Θεοῦ
1808 3400 1906 3472 τὴν

228 3474 514 3544 πρόνοιαν,
540 3476 996 3544 Κατεμάνθανεν
1014 3481 1232 3548 αὐτὴν,
1249 3484 1403 3553 φησὶ,
1428 3485 1526 3538 καὶ
1559 3488 1908 3555 παρεσιὼπα

226 3561 340 3615 τοῦ
366 3561 606 3630 γνῶναι,
636 3567 689 3618 εἰ
718 3564 992 3620 εὐώδωσε
1020 3567 1240 3636 Κύριος
1286 3571 1402 3639 τὴν
1442 3573 1588 3628 όδὸν
1626 3577 1835 3640 αὑτοῦ,
1867 3577 1904 3646 ἢ

228 3650 327 3703 οὔ.
361 3650 426 3702 Τί
451 3652 590 3716 ἐστι,
616 3653 1073 3722 Κατεμάνθανεν
1105 3655 1329 3723 αὑτήν;
1363 3660 1509 3726 Αὐτὰ
1561 3662 1629 3714 τὰ
1684 3665 1907 3734 ῥήματα

229 3737 335 3805 τῆς
365 3739 534 3808 κόρης
563 3740 830 3804 κατενόει,
854 3742 914 3794 τὸ
951 3742 1189 3814 βλέμμα,
1221 3745 1320 3817 τὴν
1353 3746 1581 3817 βάδισιν,
1612 3749 1674 3802 τὸ
1697 3752 1902 3823 σχῆμα,

230 3827 305 3878 τά
329 3825 463 3878 ἄλλα
497 3825 734 3891 ἅπαντα,
763 3830 855 3882 καὶ
893 3830 1154 3900 ἀνέμενεν
1182 3832 1327 3898 ἰδεῖν,
1383 3837 1450 3888 El
1477 3835 1752 3892 εὑώδωσε
1795 3842 1910 3894 Κύ-

225 3931 361 3984 ριος
385 3915 500 3981 τὴν
530 3915 674 3970 όδὸν
717 3917 923 3982 αὑτοῦ,
943 3919 982 3988 ἣ
1036 3920 1126 3974 οὑ.
1163 3922 1244 3975 Τὰ
1277 3923 1376 3992 μὲν
1412 3924 1520 3995 γὰρ
1552 3927 1654 3998 ήδη
1683 3945 1910 4001 γεγενη-

235 4001 397 4071 μένα,
429 4005 584 4074 φησί,
614 4005 815 4075 πολλὴν
837 4007 1072 4062 δείκνυσι
1101 4009 1202 4080 τῆς
1225 4012 1394 4083 κόρης
1418 4014 1512 4067 καὶ
1538 4014 1910 4086 ὑπερϐάλλου-

232 4105 337 4141 σαν
357 4091 458 4157 τὴν
490 4091 712 4164 ἀρετήν.
748 4093 826 4144 Δι’
851 4093 879 4145 ὂ
924 4096 1018 4146 καὶ
1063 4096 1422 4168 ἀμειϐόμενος
1470 4100 1639 4172 αὐτὴν
1675 4105 1773 4174 τῆς
1799 4105 1908 4157 ὑπ-

229 4175 407 4245 ακοῆς
440 4177 535 4230 καὶ
566 4179 664 4250 τῆς
691 4178 786 4232 τοῦ
819 4179 1008 4244 ὓδατος
1039 4185 1304 4255 παροχῆς,
1352 4187 1692 4260 περιτίθησιν
1742 4192 1902 4263 αὐτῇ,

232 4266 419 4334 φησὶν,
473 4263 684 4318 ἐνώτια
709 4266 906 4334 χρυσᾶ
927 4269 1026 4322 καὶ
1058 4270 1167 4324 δύο
1195 4273 1439 4339 ψέλλια,
1465 4275 1560 4328 καί
1591 4280 1909 4349 περιειργά-

232 4351 360 4414 ζετο
392 4352 528 4421 μετὰ
557 4353 842 4424 ἀκριϐείας
865 4355 933 4408 τὰ
963 4359 1083 4409 κατ’
1112 4359 1302 4430 αὐτὴν,
1334 4360 1430 4412 καὶ
1458 4362 1669 4432 ήρώτα,
1738 4366 1909 4434 Τίνος

231 4438 499 4507 θυγάτηρ
522 4435 611 4503 sl;
634 4441 759 4504 καὶ,
798 4443 870 4495 El
905 4444 1036 4497 ἐστι
1065 4449 1222 4513 παρά
1249 4445 1331 4511 τῷ
1353 4453 1533 4516 πατρί
1572 4464 1688 4504 σου
1725 4453 1912 4520 τόπος

231 4525 380 4593 ἡμῖν
396 4531 586 4580 καταλ
595 4526 764 4592 ῦσαι;
783 4529 980 4582 Σκόπει
1004 4533 1096 4584 καὶ
1118 4533 1354 4587 ἐνταῦθα
1373 4535 1472 4604 τῆς
1485 4535 1652 4608 κόρης
1666 4539 1764 4610 τὴν
1780 4540 1911 4592 ἀπό-

230 4629 435 4684 κρισιν.
462 4615 726 4684 Καθάπερ
748 4617 856 4688 γάρ
882 4617 973 4671 ἐπὶ
994 4619 1086 4671 τοῦ
1123 4618 1312 4684 ὓδατος
1331 4621 1393 4674 οὐ
1420 4621 1578 4692 μόνον
1605 4624 1666 4677 τὸ
1692 4628 1911 4698 αἰτηθὲν

232 4702 530 4772 παρέσχεν,
555 4703 693 4757 ἀλλὰ
725 4705 861 4775 μετὰ
887 4705 947 4759 τὸ
982 4709 1124 4760 πιεῖν
1152 4709 1314 4762 αὑτὸν
1357 4709 1449 4762 καὶ
1477 4714 1596 4774 ταῖς
1645 4715 1910 4784 καμήλοις

237 4788 535 4859 ὑδρεύσατο
556 4807 572 4821 ·
606 4791 746 4844 οὕτω
774 4793 866 4846 καὶ
887 4794 1118 4848 ἐνταῦθα
1162 4797 1466 4867 πυθομένου
1507 4799 1601 4854 τοῦ
1629 4802 1832 4868 παιδὸς,
1863 4807 1911 4857 εἰ

231 4877 351 4930 ἔστι
379 4879 537 4947 μόνον
566 4881 747 4943 τόπος.
773 4883 866 4933 καὶ
895 4882 1037 4944 τίνος
1059 4880 1125 4953 ἦν
1147 4883 1392 4958 θυγάτηρ
1411 4927 1427 4952 ,
1481 4889 1646 4958 φησὶν
1677 4892 1708 4961 ἡ
1738 4890 1874 4960 κόρη
1895 4909 1908 4922 ο

231 4964 508 5034 Θυγάτηρ
530 4967 648 5035 εἰμὶ
675 4969 958 5036 Βαθουὴλ
996 4969 1102 5022 τοῦ
1127 4971 1392 5039 Μελχᾶς,
1418 4974 1490 5027 ὃν
1517 4977 1725 5030 ἔτεκεν
1752 4979 1913 5045 αὐτῷ

228 5050 468 5120 Ναχώρ.
501 5053 662 5122 Λέγει
687 5056 892 5109 καὶτὸν
916 5057 1127 5128 πατέρα
1153 5059 1246 5111 καὶ
1268 5061 1357 5114 τὸν
1387 5062 1631 5128 πάππον,
1650 5065 1735 5118 ἵνα
1769 5082 1912 5134 γνω-

231 5141 394 5213 ρίσας
415 5145 620 5206 ἐκεῖνος
665 5145 1072 5216 προθυμότερος
1115 5145 1358 5218 γένηται.
1393 5151 1535 5222 Ὅρα
1556 5153 1909 5225 εὐγνωμοσύ-

228 5245 334 5296 νην
363 5240 391 5267 ε
420 5230 519 5298 τῆς
547 5230 920 5302 παιδόςΑΠερὶ
949 5232 1044 5285 τοῦ
1072 5234 1276 5304 πατρὸς
1301 5237 1634 5308 ἐρωτηθεῖσα
1656 5241 1716 5292 οὑ
1750 5241 1908 5310 μόνον

227 5315 392 5368 τοῦτο
429 5319 810 5389 καταμηνύει,
861 5321 998 5374 ἀλλὰ
1027 5323 1122 5375 καὶ
1167 5323 1262 5375 τοῦ
1313 5327 1516 5396 πατρὸς
1555 5328 1645 5381 τὸν
1673 5321 1940 5399 πατέρα)

231 5402 346 5456 Καὶ
378 5403 703 5472 πυθομένου,
737 5409 787 5459 εἰ
817 5405 930 5460 ἐστι
954 5408 1116 5472 τόπος
1142 5411 1302 5480 μόνον
1336 5411 1659 5476 καταλῦσαι,
1707 5417 1872 5486 φησίν
1893 5431 1906 5446 ·

228 5491 306 5544 Οὐ
347 5490 507 5560 μόνον
547 5493 737 5557 τόπος,
788 5495 926 5548 ἀλλὰ
987 5496 1085 5551 καὶ
1129 5497 1324 5567 ἄχυρα
1371 5501 1470 5553 καὶ
1521 5501 1905 5572 χορτάσματα

232 5581 439 5633 πολλὰ
463 5582 600 5649 παρ’
635 5583 800 5650 ἡμῖν.
831 5583 1018 5638 Ταῦτα
1041 5584 1280 5649 ἀκούσας
1311 5588 1338 5640 ὁ
1367 5589 1585 5658 οἰκέτης
1606 5631 1621 5655 ,
1650 5591 1744 5643 καὶ
1777 5590 1907 5643 θαυ-

238 5666 422 5734 μάσας
464 5669 564 5738 τὴν
599 5671 766 5723 παῖδα
793 5672 892 5742 τῆς
936 5672 1191 5743 δαψιλοῦς
1236 5675 1558 5743 φιλοξενίας,
1590 5677 1684 5730 καὶ
1716 5677 1903 5746 μαθὼν

231 5752 311 5814 ὡς
337 5754 400 5806 οὐ
433 5757 570 5825 πρὸς
606 5757 858 5826 άγνῶτάς
885 5777 1036 5824 τινας
1085 5764 1477 5832 παραγέγονεν,
1513 5763 1628 5816 ἀλλ’
1675 5768 1754 5828 εἰς
1806 5765 1903 5836 τὴν

297 5843 323 5907 ἦ
348 5842 743 5911 ξξῦγχωμοσύνην.
767 5845 885 5911 Hac
910 5860 1018 5911 mg,
1045 5853 1098 5896 ιιι
1127 5847 1222 5909 jam
1251 5851 1476 5908 vidimus,
1507 5863 1703 5898 omnem
1726 5851 1900 5900 bonum

229 5903 624 5975 «nimia/ﬁdum
657 5907 915 5975 signiﬁgat.
953 5903 1224 5975 Hic_a_ul’em
1261 5925 1349 5975 μευ
1373 5903 1607 5973 singulari
1641 5913 1901 5962 candorem

229 5970 646 6082 zlnzndggtggzlcm
688 5970 966 6032 signiﬁcare
1008 5970 1216 6021 videtur.
1261 5973 1416 6023 \‘elus
1455 5970 1706 6036 interpres
1749 5977 1897 6025 venit

2015 1040 2286 1110 δεμονίαν,
2320 1045 2414 1098 καὶ
2451 1043 2596 1098 οὕτω
2625 1045 2803 1099 πάντα
2855 1047 2969 1114 μετ’
3003 1045 3251 1109 εὐκολίας
3301 1045 3447 1116 αὑτῷ
3493 1063 3687 1098 κατευ-

2017 1128 2276 1184 οδώσαντι
2299 1148 2312 1161 ·
2359 1131 2452 1184 καί
2486 1150 2650 1203 φησιν
2671 1147 2685 1161 ·
2724 1133 3070 1202 Εὐλογητὸς
3101 1133 3316 1200 Κύριος
3344 1135 3376 1186 ό
3407 1133 3551 1198 Θεὸς
3576 1129 3686 1186 τοῦ

2016 1220 2226 1284 κυρίου
2247 1235 2367 1287 μου
2401 1219 2666 1289 Ἀϐραὰμ,
2699 1220 2765 1286 ὃς
2788 1221 2897 1274 οὐκ
2942 1219 3294 1287 ἐγκατέλιπε
3327 1220 3442 1286 τὴν
3462 1218 3688 1273 δικαιο-

2016 1306 2217 1373 σύνην
2240 1306 2337 1358 καὶ
2358 1307 2474 1374 τὴν
2501 1307 2794 1372 ἀλήθειαν
2822 1306 3010 1360 αὐτοῦ
3036 1305 3155 1361 ἀπὸ
3176 1305 3282 1359 τοῦ
3309 1306 3517 1374 κυρίου
3540 1323 3681 1375 μου.

2029 1392 2242 1464 Ἐπειδὴ
2273 1390 2379 1447 εἶδε
2407 1394 2509 1465 τῆς
2546 1394 2734 1458 παιδὸς
2759 1393 2857 1466 τὴν
2885 1393 3327 1465 εὐγνωμοσύνην,
3359 1393 3454 1448 καὶ
3481 1392 3684 1464 ἔμαθεν

2015 1481 2228 1536 ἅπαντα
2260 1483 2448 1552 σαφῶς
2478 1485 2610 1554 παρ’
2659 1483 2851 1554 αὐτῆς,
2885 1482 3069 1536 λοιπὸν
3109 1482 3204 1536 καὶ
3236 1481 3396 1545 αὐτὸς
3427 1481 3683 1552 γνωρίζει

2014 1573 2080 1642 τῇ
2099 1571 2256 1643 κόρῃ,
2283 1573 2432 1636 ὅστις
2455 1572 2593 1633 ἐστὶ,
2630 1571 2782 1644 [487]
2811 1571 2907 1625 καὶ
2957 1571 3044 1625 διὰ
3072 1574 3172 1642 τῆς
3208 1569 3555 1640 εὐχαριστίας
3585 1569 3683 1639 τῆς

2014 1660 2093 1720 εἰς
2117 1659 2207 1712 τὸν
2237 1659 2368 1713 Θεὸν
2393 1661 2691 1732 κατάδηλον
2715 1661 2851 1733 αὐτῇ
2889 1663 3052 1722 ποιεῖ,
3081 1660 3163 1712 ὅτι
3185 1660 3285 1711 οὐκ
3313 1657 3374 1722 ἐξ
3398 1656 3682 1726 ἀλλοτρίας

2013 1745 2188 1811 οἰκίας
2211 1747 2601 1817 παραγέγονεν,
2634 1747 2772 1802 ἀλλὰ
2811 1748 2906 1801 καὶ
2931 1747 3158 1818 ἀδελφὸς
3187 1745 3282 1800 τοῦ
3300 1743 3505 1815 Ναχώρ
3535 1745 3684 1796 ἐστιν

2012 1831 2238 1888 ὁτοῦτον
2255 1835 2717 1908 διαπεμψάμενος.
2752 1835 2938 1891 Ταῦτα
2970 1834 3249 1906 πυθομένη
3289 1833 3358 1889 Ἦ
3379 1832 3522 1898 παῖς
3544 1830 3684 1902 μετὰ

2014 1919 2216 1990 πολλῆς
2260 1921 2361 1992 τῆς
2404 1924 2763 1993 περιχαρείας
2809 1923 3141 1993 δραμοῦσα,
3174 1922 3358 1992 φησίν.
3392 1921 3532 1991 Ὅρα
3562 1919 3682 1981 πῶς

2011 1996 2078 2050 δι’
2111 1999 2341 2052 ἑκάστου
2361 2000 2469 2054 τῶν
2499 2003 2628 2072 παρ’
2659 2002 2832 2070 αὐτῆς
2863 2001 3162 2070 γινομένων
3183 2001 3422 2053 δείκνυσι
3443 1998 3505 2050 τὸ
3542 1997 3680 2068 πρό-

2013 2075 2181 2146 θυμον
2215 2078 2272 2130 τὸ
2303 2080 2429 2149 περὶ
2465 2079 2563 2150 τὴν
2597 2080 2919 2148 φιλοξενίαν,
2948 2081 3038 2133 διὰ
3075 2079 3170 2133 τοῦ
3197 2079 3424 2150 δρόμου,
3453 2078 3541 2132 διὰ
3572 2077 3681 2130 τῶν

2013 2156 2296 2227 ῥημάτων.
2337 2157 2428 2210 διὰ
2457 2159 2556 2228 τῆς
2574 2159 2895 2222 ἐπιεικείας.
2935 2159 3192 2228 Ἕδραμε
3219 2159 3350 2229 γὰρ,
3391 2159 3544 2227 φησὶ,
3580 2156 3681 2210 καὶ

2011 2235 2377 2304 ἀπήγγειλεν
2405 2238 2492 2302 εἰς
2519 2236 2628 2290 τὸν
2654 2234 2823 2291 οἷκον
2866 2236 2976 2305 τῆς
3021 2236 3246 2305 μητρὸς
3291 2236 3482 2304 αὐτῆς
3532 2235 3683 2290 κατὰ

2011 2315 2083 2370 τὰ
2097 2315 2336 2385 ῥήματα
2363 2317 2570 2371 ταῦτα.
2595 2317 2800 2371 Πάντα
2821 2317 2970 2385 ἅπερ
2996 2317 3223 2386 ἢκουσε
3247 2315 3400 2388 παρὰ
3421 2315 3514 2370 τοῦ
3552 2332 3682 2369 παι-

2008 2395 2096 2456 δὸς
2130 2395 2394 2464 ἐγνώρισε
2426 2400 2538 2460 τοῖς
2569 2395 2808 2464 γονεῦσι.
2856 2397 2967 2449 Καὶ
3015 2395 3252 2466 έδραμε,
3297 2395 3452 2465 φησὶ,
3478 2393 3683 2448 Λάϐαν

2009 2475 2153 2541 πρὸς
2208 2475 2318 2528 τὸν
2356 2475 2669 2542 ἄνθρωπον
2709 2474 2826 2540 ἔξω
2854 2473 2956 2528 ἐπὶ
3005 2474 3122 2542 τὴν
3165 2473 3386 2544 πηγήν.
3419 2473 3559 2543 Ὅρα
3588 2473 3684 2526 καὶ

2008 2552 2196 2606 τοῦτον
2216 2555 2304 2608 διὰ
2327 2555 2420 2607 τοῦ
2443 2555 2642 2627 δρόμου
2673 2554 2954 2608 δεικνύντα
2973 2553 3063 2606 τὸν
3092 2554 3275 2606 πόθον.
3304 2553 3414 2606 Καὶ
3441 2550 3562 2604 ἰδὼν
3589 2551 3680 2604 τὸν

2009 2630 2292 2702 ἄνθρωπον
2343 2634 2552 2686 ἑστῶτα
2601 2633 2692 2686 ἐπὶ
2720 2636 2819 2703 τῆς
2849 2633 3034 2703 πηγῆς
3070 2632 3209 2702 μετὰ
3257 2631 3364 2683 τῶν
3392 2629 3678 2701 καμήλων,

2009 2707 2195 2764 Εἶπεν
2231 2709 2390 2776 αὐτῷ
2412 2728 2425 2741 ·
2460 2711 2640 2779 Δεῦρο
2666 2752 2681 2776 ,
2733 2712 2971 2764 εἴσελθε
3067 2710 3388 2779 εὐλογητὸς
3435 2711 3678 2777 Κύριος·

2009 2790 2108 2842 ἵνα
2130 2791 2187 2842 τί
2212 2789 2475 2856 ἕστηκας
2499 2791 2652 2855 έξω;
2687 2789 2833 2858 Ἐγὼ
2885 2790 2953 2842 δὲ
2986 2791 3284 2858 ήτοίμασα
3326 2788 3441 2854 τὴν
3484 2789 3681 2840 οἰκίαν

2008 2869 2106 2921 καί
2128 2872 2316 2922 τόπον
2342 2869 2467 2935 ταῖς
2497 2870 2806 2939 καμήλοις.
2837 2869 2979 2940 Ὅρα
3008 2871 3103 2922 καὶ
3135 2869 3322 2921 τοῦτον
3351 2867 3675 2935 εὐλογοῦντα

2007 2948 2098 3000 τὸν
2126 2948 2328 3020 Κύριον
2360 2950 2451 3001 ἐπὶ
2479 2952 2544 3020 τῇ
2580 2949 2854 3020 παρουσία
2877 2949 2972 3002 τοῦ
3011 2949 3183 3012 ξένου,
3214 2948 3308 2999 καὶ
3329 2946 3434 3016 πρὸ
3470 2947 3569 3016 τῆς
3588 2945 3680 2998 διὰ

2008 3027 2114 3080 τῶν
2141 3027 2318 3099 ἔργων
2352 3028 2656 3097 φιλοξενίας
2687 3028 2887 3094 πολλὴν
2911 3029 3009 3098 τὴν
3035 3026 3350 3099 προτροπὴν
3381 3025 3681 3078 ἐπιδεικνύ-

2011 3123 2189 3176 μενον.
2225 3108 2427 3176 Δεῦρο,
2477 3109 2662 3178 φησὶν.
2696 3107 2934 3162 εἴσελθε
2959 3124 2972 3138 ·
3016 3105 3302 3177 προλαϐὼν
3362 3106 3682 3174 Ἠτοίμασα

2007 3185 2121 3252 τὴν
2143 3187 2338 3239 οἰκίαν
2366 3185 2464 3239 καὶ
2493 3189 2680 3240 τόπον
2705 3186 2832 3252 ταῖς
2857 3184 3168 3255 καμήλοις.
3190 3181 3322 3238 Εἶτα
3347 3182 3678 3247 εἰσελθόντος

2007 3263 2193 3331 αὑτοῦ,
2229 3265 2427 3336 φησίνο
2468 3265 2754 3330 Ἀπέσαξε
2805 3265 2912 3331 τὰς
2945 3264 3272 3334 καμήλους,
3325 3263 3425 3316 καὶ
3456 3262 3679 3316 ἔδωκεν

2006 3341 2199 3412 ἄχυρα
2227 3345 2326 3398 καὶ
2357 3344 2762 3414 χορτάσματα,
2793 3344 2890 3397 καὶ
2918 3344 3074 3414 ὕδωρ
3098 3345 3392 3412 νίψασθαι
3420 3341 3542 3408 τοῖς
3571 3357 3676 3394 πο-

2005 3422 2110 3475 σὶν
2127 3424 2335 3478 αὑτοῦ.

2075 3508 2137 3554 ε’.
2177 3503 2320 3574 Ὅρα
2353 3501 2470 3564 πῶς
2499 3502 2593 3554 καὶ
2622 3501 2698 3554 ἔτι
2731 3501 2829 3571 τῆς
2867 3499 3076 3570 πλάνης
3118 3500 3366 3569 ἐχόμενοι
3402 3497 3530 3569 περὶ
3577 3498 3679 3568 τὴν

2005 3579 2308 3648 φιλοξενίαν
2325 3576 2463 3651 ἦσαν
2487 3580 2687 3651 πολλὴν
2705 3579 2802 3650 τὴν
2825 3579 3059 3650 σπουδὴν
3077 3577 3531 3646 ἐπιδεικνύμενοι.
3563 3578 3674 3631 Καὶ

2004 3659 2189 3712 ἔδωκε
2216 3660 2508 3728 νίψασθαι
2531 3659 2649 3724 τοῖς
2669 3658 2856 3712 ποσίν
2880 3657 3086 3718 αὑτοῦ,
3119 3658 3216 3710 καὶ
3238 3655 3360 3720 τοῖς
3389 3655 3534 3708 ποσὶ
3559 3654 3678 3708 τῶν

2004 3737 2239 3808 ἀνδρῶν
2273 3739 2394 3791 τῶν
2416 3741 2544 3808 μετ’
2576 3739 2781 3793 αὐτοῦ,
2815 3737 2927 3791 Καὶ
2956 3736 3295 3805 παρέθηκεν
3343 3735 3548 3800 αὐτοῖς
3575 3735 3678 3802 ἆρ-

2004 3833 2146 3882 τους
2182 3817 2411 3886 φαγεῖν.
2459 3817 2594 3871 Ἀλλ’
2625 3817 2859 3871 ἐνταῦθα
2889 3819 3080 3870 σκόπει
3111 3831 3200 3885 μοι
3226 3813 3317 3868 τοῦ
3347 3814 3556 3866 οἰκέτου
3575 3820 3675 3884 τὴν

2008 3897 2207 3966 πολλὴν
2236 3897 2470 3952 σύνεσιν.
2496 3899 2560 3950 Τί
2584 3897 2692 3968 γάρ
2718 3913 2922 3968 φησιν;
2959 3899 3040 3948 Οὐ
3061 3895 3146 3964 μὴ
3181 3893 3350 3964 φάγω
3369 3931 3385 3956 ,
3424 3892 3533 3957 ἕως
3566 3892 3674 3946 τοῦ

2006 3974 2275 4043 λαλῆσαί
2317 3993 2396 4045 με
2432 3976 2505 4029 τὰ
2533 3975 2778 4045 ῥήματά
2803 3993 2940 4045 μου.
2981 3973 3167 4042 Ὑμεῖς
3199 3973 3317 4043 μὲν,
3355 3971 3540 4041 φησὶν,
3575 3972 3674 4023 ἐπ-

2007 4054 2280 4118 εδείξασθε
2305 4057 2370 4109 τὰ
2399 4057 2525 4125 παρ’
2552 4055 2758 4108 ἑαυτῶν
2781 4071 2792 4085 ·
2817 4054 2926 4124 ἐγὼ
2947 4055 3003 4108 δέ
3029 4054 3089 4106 οὐ
3120 4054 3381 4123 πρότερον
3409 4052 3507 4121 τῆς
3534 4054 3674 4122 ἐμῆς

2007 4134 2366 4198 ἀναπαύσεως
2390 4135 2546 4204 λόγον
2578 4136 2700 4188 τινὰ
2723 4137 3040 4206 ποιήσομαι,
3069 4134 3261 4204 μέχρις
3288 4133 3353 4186 ἂν
3370 4134 3470 4203 τὴν
3496 4133 3677 4186 αἰτίαν

2009 4216 2152 4285 ὑμᾶς
2180 4214 2392 4282 διδάξω,
2426 4214 2490 4267 δι’
2526 4214 2592 4286 ἣν
2617 4214 2942 4286 ἐστειλάμην
2974 4215 3072 4285 τὴν
3109 4211 3374 4281 τοσαύτην
3406 4211 3545 4275 ὁδὸν,
3580 4213 3677 4264 καὶ

2007 4295 2151 4360 τίνος
2201 4295 2386 4348 ἕνεκεν
2433 4295 2541 4348 ἀπὸ
2569 4296 2668 4364 τῆς
2690 4295 3002 4357 Χαναναίας
3029 4293 3264 4347 ἐνταῦθα
3299 4293 3672 4361 παραγέγονα,

2008 4375 2101 4427 καὶ
2128 4373 2244 4437 πῶς
2268 4376 2348 4437 εἰς
2367 4373 2456 4426 τὸν
2475 4369 2621 4428 οἰκον
2647 4375 2738 4428 τὸν
2759 4375 3022 4445 ὑμέτερον
3045 4371 3353 4443 ὼδηγήθην,
3384 4372 3469 4424 ἵνα
3497 4372 3676 4425 πάντα

2012 4453 2270 4523 μαθόντες
2309 4453 2450 4505 οὑτω
2489 4453 2582 4506 καὶ
2627 4454 2785 4522 ὑμεῖς
2835 4453 2932 4524 τὴν
2986 4451 3190 4504 οἰκείαν
3253 4449 3676 4518 εὐγνωμοσύνην

2009 4531 2349 4603 ἐπιδείξησθε
2407 4532 2542 4602 πρὸς
2571 4533 2662 4584 τὸν
2706 4533 2838 4602 ἐμὸν
2867 4531 3149 4600 δεσπότην.
3205 4528 3318 4582 Καὶ
3369 4527 3674 4598 ἀρξάμενος

2007 4609 2309 4682 διηγεῖσθαί
2340 4626 2471 4679 φησι
2496 4626 2510 4639 °
2538 4610 2688 4676 Παῖς
2739 4610 2982 4679 Ἀϐραὰμ
3033 4607 3147 4678 ἐγώ
3169 4610 3286 4677 εἰμι
3311 4623 3322 4634 ’
3356 4609 3570 4674 Κύριος
3605 4607 3677 4660 δὲ

2009 4691 2306 4758 εὑλόγησε
2369 4689 2478 4741 τὸν
2539 4689 2749 4756 κύριόν
2793 4706 2913 4758 μου
2965 4687 3220 4756 σφόδρα,
3300 4687 3397 4738 καί
3453 4685 3678 4738 ἔδωκεν

2009 4767 2170 4833 αὑτῷ
2199 4769 2462 4835 πρόϐατα
2492 4768 2591 4822 καὶ
2612 4769 2906 4838 μόσχους,
2943 4769 3041 4821 καί
3073 4767 3332 4835 χρυσίον
3360 4766 3458 4818 καὶ
3494 4766 3675 4836 ἀργύ-

2001 4864 2158 4914 ριον,
2187 4847 2284 4900 καὶ
2322 4847 2538 4912 παῖδας
2567 4849 2664 4900 καὶ
2690 4848 3034 4913 παιδίσκας,
3069 4845 3167 4900 καὶ
3203 4845 3516 4913 καμήλους
3574 4843 3674 4895 και

2011 4927 2210 4993 ὄνους.
2251 4926 2358 4980 Καὶ
2391 4925 2557 4980 ἔτεκε
2586 4926 2784 4994 Σάρρα
2803 4929 2840 4994 ἠ
2865 4927 3018 4996 γυνὴ
3043 4925 3148 4979 τοῦ
3168 4925 3376 4992 κυρίου
3398 4941 3518 4992 μου
3541 4926 3679 4977 υίὸν

2009 5005 2117 5058 ἕνα
2147 5006 2226 5069 τῷ
2261 5006 2440 5072 κυρίῳ
2456 5023 2576 5073 μου
2599 5005 2750 5072 μετὰ
2778 5005 2844 5058 τὸ
2883 5004 3142 5074 γηρᾶσαι
3173 5002 3379 5066 αὑτὸν,
3407 5002 3502 5054 καὶ
3531 5001 3674 5054 ἔδω-

2011 5102 2118 5138 κεν
2139 5083 2300 5149 αὐτῷ
2328 5083 2546 5143 πάντα,
2571 5083 2688 5136 ὅσα
2717 5080 2795 5153 ἦν
2821 5083 2999 5148 αὐτῷ.
3029 5083 3171 5153 Ὅρα
3202 5081 3318 5143 πῶς
3353 5082 3490 5151 μετὰ
3520 5082 3679 5149 ἀκρι-

2011 5163 2160 5226 ϐείας
2179 5163 2391 5216 ἅπαντα
2412 5162 2596 5224 αὐτοῖς
2610 5161 2895 5232 διηγεῖται.
2921 5162 3157 5214 Ἐκείνου
3175 5160 3293 5231 εἰμὶ
3317 5162 3464 5224 παῖς,
3487 5161 3673 5229 φησὶν,

2023 5241 2292 5312 Ἀϐραάμ,
2325 5240 2383 5293 ὃν
2413 5240 2525 5293 ίστε
2547 5258 2563 5272 ο
2596 5241 2892 5309 μανθάνετε
2919 5240 3098 5294 τοίνυν
3121 5241 3202 5292 ὅτι
3232 5239 3498 5311 τοσαύτης
3525 5239 3677 5293 εὐλο-

2009 5321 2132 5387 γίας
2162 5319 2444 5389 ἁπήλαυσε
2474 5321 2624 5389 παρὰ
2643 5320 2736 5374 τοῦ
2766 5321 2874 5374 τῶν
2905 5320 3158 5374 ἁπάντων
3190 5321 3480 5385 Δεσπότου,
3509 5321 3585 5383 ὡς
3618 5323 3678 5374 ἐν

2013 5399 2224 5470 πλούτῳ
2261 5399 2511 5469 γενέσθαι
2553 5399 2714 5454 αὐτὸν
2742 5399 2938 5469 πολλῷ.
3000 5394 3134 5452 Εἶτα
3163 5399 3427 5452 διδάσκων
3461 5401 3552 5452 καὶ
3581 5399 3677 5453 τοῦ

2009 5477 2238 5530 πλούτου
2280 5479 2375 5548 τὴν
2413 5479 2748 5549 περιουσίαν,
2781 5480 2932 5548 φησὶ,
2960 5479 3229 5545 Πρόόατα
3257 5479 3355 5531 καὶ
3380 5480 3676 5548 μόσχους,

2007 5558 2291 5626 ἀργύριον
2319 5560 2417 5613 καὶ
2465 5561 2744 5631 χρυσίον,
2793 5557 3011 5624 παῖδας
3064 5559 3163 5611 καὶ
3204 5558 3548 5621 παιδίσκας,
3575 5576 3678 5612 καμ-

2002 5640 2238 5708 μήλους
2255 5641 2354 5694 καὶ
2383 5643 2562 5707 ὄνους
2581 5643 2730 5712 αὑτῷ
2767 5640 3110 5710 γεγενῆσθαι.
3156 5640 3482 5706 Ἀκούετε,οἰ
3516 5640 3677 5692 πλού-

2009 5735 2136 5782 σιοι,
2171 5723 2219 5773 οἰ
2242 5722 2449 5792 πλέθρα
2484 5723 2589 5793 γῆς
2612 5722 2744 5776 τόσα
2777 5722 2873 5775 καὶ
2895 5721 3027 5774 τόσα
3050 5721 3170 5774 καθ’
3198 5722 3434 5786 ἑκάστην
3464 5723 3677 5794 ἡμέραν

2011 5800 2324 5872 ὠνούμενοι,
2363 5805 2457 5856 καὶ
2506 5803 2704 5875 λουτρά
2757 5803 2850 5856 καὶ
2876 5803 3212 5872 περιπάτους
3256 5801 3350 5854 καὶ
3390 5804 3675 5874 οἰκοδομὰς

2015 5878 2272 5950 λαμπράς
2293 5882 2754 5952 οἰκοδομούμενοι,
2793 5883 2954 5953 ὁρᾶτε
2986 5883 3045 5933 ἐν
3071 5880 3213 5933 τίσιν
3245 5877 3313 5952 ἦν
3349 5882 3443 5934 τοῦ
3467 5882 3675 5934 δικαίου

2071 5976 2100 6041 1}
2125 5978 2252 6038 Πρὸς
2272 5979 2352 6024 τὸν
2371 5981 2567 6041 πατέρα.
2596 5982 2678 6028 Sic
2703 5994 2873 6030 omnes
2903 5984 3005 6028 tum
3040 5981 3162 6028 editi
3187 5985 3286 6027 lum
3330 5992 3441 6025 mss.
3471 5978 3670 6028 Rectius

2009 6039 2124 6101 πρὸς
2152 6040 2229 6086 τὸν
2251 6039 2560 6105 πατριάρχήν,
2584 6041 2631 6093 in
2652 6041 3000 6106 patriam/mm,
3028 6048 3078 6092 ul
3103 6042 3226 6103 legit
3254 6044 3515 6100 interpres.
