4084 6356
411 375 505 428 ιιι

407 491 443 560 ὴ
474 505 772 558 περιουσια.
802 487 1049 555 Οὐδαμοῦ
1073 485 1259 556 ἀγρὸς,
1288 486 1523 556 οὐδαμοῦ
1559 485 1858 549 οίκοδομαὶ,
1911 484 2006 536 καὶ
2033 483 2067 553 ἡ

407 577 634 648 περιττὴ
659 574 970 655 πολυτέλεια
993 589 1006 602 ·
1042 573 1178 627 ἀλλὰ
1205 572 1451 642 πρόϐατα
1495 573 1588 625 καὶ
1617 573 1806 641 μόσχοι
1847 571 1942 624 καὶ
1971 570 2073 624 κά-

411 664 570 734 μηλοι
599 663 690 716 καὶ
713 663 842 723 ὄνοι,
868 661 1052 723 παῖδες
1075 661 1168 712 καὶ
1194 659 1492 712 παιδίσκαι.
1522 659 1629 712 Καὶ
1661 660 1746 712 ἵνα
1771 657 1948 730 μάθῃς
1966 659 2072 710 τῶν

410 751 560 822 μεθ]
583 749 804 803 οἰκετῶν
831 749 893 801 τὸ
920 747 1122 817 πλῆθος
1144 747 1308 799 πόθεν
1337 747 1484 816 αὐτῴ
1510 747 1774 815 ἐγεγόνει,
1795 747 2073 812 ἐπήγαγεν

407 837 654 908 ἑτέρωθι,
691 839 771 889 ὅτι
801 837 1097 903 οἰκογονεῖς
1135 835 1374 897 ἅπαντες
1413 829 1574 904 ἦσαν.
1615 829 1782 895 Οὗτος
1811 829 1902 886 οῦν
1932 835 1960 885 6
1989 833 2072 884 δεο

410 927 612 996 σπότης
648 925 676 975 ὀ
706 923 834 993 ἐμὸς
870 925 925 975 ἐν
952 921 1186 993 τοσαύτῃ
1210 923 1495 994 περιουσίᾳ
1527 921 1798 990 γεγονὼς,
1831 923 1926 974 καὶ
1953 921 2074 972 πολ-

405 1011 501 1083 λῆς
532 1010 840 1073 ἀπολαύσας
856 1010 956 1079 τῆς
985 1009 1192 1062 ἄνωθεν
1219 1009 1412 1079 ῥοπῆς,
1438 1009 1598 1078 ἡνίκα
1630 1010 1708 1072 είς
1742 1008 1917 1079 γῆρας
1943 1007 2072 1078 ἤλα-

406 1115 517 1160 σεν,
544 1100 576 1168 ή
609 1098 792 1167 Σάρρα
823 1096 937 1148 υἱὸν
968 1096 1154 1148 ἔτεκεν
1182 1095 1330 1164 αὐτῷ
1356 1113 1368 1125 ·
1392 1095 1577 1148 τοῦτον
1616 1094 1752 1164 ἔχων
1785 1095 1875 1147 τὸν
1912 1112 2072 1163 μονο-

404 1186 558 1256 γενῆ,
585 1186 801 1238 πάντων
835 1185 996 1238 αὐτὸν
1016 1182 1349 1254 κληρονόμον
1380 1183 1479 1254 ἤδη
1508 1182 1808 1252 κατέστησε
1831 1199 1843 1211 ·
1871 1181 2073 1236 Πάντα

403 1271 512 1340 γὰρ
546 1271 771 1325 ἔδωκεν
803 1271 984 1335 αὑτῷ,
1021 1270 1136 1323 ὅσα
1163 1265 1242 1338 ἦν
1282 1267 1461 1333 αὐτῷ.
1504 1264 1637 1322 Εἶτα
1667 1267 1850 1338 ἐπειδὴ
1877 1268 2069 1338 διηγή-

404 1376 536 1411 σατο
581 1357 676 1410 τοῦ
729 1358 987 1410 δεσπότου
1035 1357 1133 1428 τὴν
1172 1355 1548 1426 περιφάνειαν,
1605 1353 1699 1407 τοῦ
1742 1354 1926 1408 Ἰσαὰκ
1980 1355 2072 1406 τὸν

402 1445 590 1505 τόκον,
643 1444 789 1512 λέγει
834 1443 1020 1496 λοιπὸν
1069 1443 1166 1506 τὰς
1211 1442 1451 1505 ἐντολὰς,
1482 1441 1546 1504 ἃς
1578 1441 1757 1494 λαϐὼν
1799 1440 1950 1512 παρὰ
1976 1440 2069 1494 τοῦ

399 1529 660 1582 δεσπότου
699 1528 862 1582 αὐτοῦ
909 1530 989 1592 είς
1037 1529 1136 1599 τὴν
1186 1529 1410 1600 Χαρρὰν
1443 1527 1806 1598 παραγέγονε.
1832 1526 2074 1595 Καίῶρ-

402 1616 560 1670 κωσέ
587 1629 612 1656 ει
636 1633 735 1686 με,
789 1616 972 1686 φησὶν,
1024 1619 1056 1669 ὁ
1084 1616 1286 1683 κύριός
1324 1631 1465 1684 μου,
1512 1614 1703 1683 λέγων
1725 1629 1739 1642 ·
1783 1615 1866 1668 Οὐ
1895 1612 2068 1682 λήψῃ

401 1703 655 1773 γυναῖκα
686 1702 766 1768 τῷ
789 1703 896 1768 υἱῷ
918 1721 1038 1772 μου
1080 1703 1276 1757 Ἰσαὰκ
1305 1701 1424 1757 ἀπὸ
1455 1702 1570 1755 τῶν
1596 1700 1930 1770 θυγατέρων
1954 1699 2072 1754 τῶν

401 1791 768 1854 Χαναναίων,
791 1791 860 1843 ἐν
883 1785 972 1855 οἷς
998 1789 1112 1857 ἐγὼ
1136 1787 1416 1856 παροικῶ,
1439 1789 1575 1842 ἀλλ’
1599 1786 1635 1855 ἢ
1668 1789 1756 1853 εις
1776 1789 1882 1840 τὸν
1903 1783 2072 1841 οἷκον

398 1878 506 1931 τοῦ
540 1880 760 1946 πατρός
786 1895 902 1946 μου
942 1878 1212 1945 πορεύσῃ
1247 1877 1344 1930 καὶ
1407 1878 1493 1941 είς
1529 1874 1642 1942 τὴν
1699 1875 1906 1943 φυλήν
1926 1892 2066 1943 μου,

401 1965 499 2018 καὶ
529 1965 698 2034 λήψῃ
725 1965 977 2034 γυναῖκα
999 1964 1077 2029 τῷ
1103 1965 1209 2030 υἱῷ
1227 1983 1346 2033 μου
1371 1962 1615 2017 ἐκεῖθεν.
1649 1962 1756 2015 Καὶ
1779 1961 1939 2025 αὐτὸς
1971 1961 2070 2032 μὲν

398 2055 571 2108 ταῦτα
601 2054 919 2119 ἐνετείλατο,
951 2054 1061 2122 ἐγὼ
1086 2054 1142 2107 δὲ
1169 2053 1266 2117 τὰς
1295 2052 1578 2115 δυσκολίας
1607 2051 1824 2114 ἐννοῶν,
1853 2051 1947 2104 καὶ
1974 2050 2067 2104 τοῦ

401 2141 724 2212 πράγματος
749 2142 810 2194 τὸ
842 2141 1099 2212 δυσχερὲς
1139 2140 1481 2210 λογιζόμενος
1500 2180 1514 2203 ,
1547 2138 1826 2210 ἐπυθόμην
1855 2137 1947 2191 τοῦ
1974 2156 2062 2191 κυ-

402 2230 518 2300 ρίου
554 2246 674 2298 μου,
708 2229 757 2281 εί
796 2229 869 2299 μὴ
899 2227 1140 2297 βούλοιτο
1165 2231 1198 2298 ἡ
1234 2227 1370 2297 γυνὴ
1405 2226 1732 2298 πορευθῆναι
1766 2228 1883 2296 μετ’
1910 2226 2064 2296 ἐμοῦ.

398 2316 510 2368 Καὶ
540 2312 669 2368 εἶπέ
686 2333 814 2384 μοι’
842 2317 1056 2384 Κύριος
1086 2319 1118 2368 ό
1145 2318 1307 2379 Θεὸς,
1325 2308 1372 2381 ᾧ
1391 2315 1768 2381 εῠηρέστησα
1795 2314 2070 2367 ἐναντίον

397 2403 603 2466 αὑτοῦ,
660 2402 842 2468 αὐτὸς
869 2401 1204 2456 ἀποστελεῖ
1244 2402 1352 2455 τὸν
1401 2402 1659 2472 ἄγγελον
1686 2401 1870 2456 αὑτοῦ
1917 2403 2070 2470 μετὰ

396 2491 537 2552 σοῦ,
567 2489 661 2542 καὶ
687 2489 970 2543 εὑοδώσει
999 2488 1113 2556 τὴν
1145 2489 1290 2542 ὁδόν
1332 2506 1469 2552 σου,
1506 2489 1604 2542 καὶ
1633 2488 1805 2557 λήψῃ
1845 2487 1924 2554 τῷ
1962 2488 2069 2554 υίῷ

394 2596 513 2647 μου
557 2577 811 2646 γυναῖκα
847 2577 915 2630 ἐκ
966 2575 1074 2644 τῆς
1119 2576 1322 2645 φυλῆς
1353 2595 1493 2645 μου,
1539 2577 1634 2630 καί
1663 2578 1730 2630 ἐκ
1760 2577 1863 2630 τοῦ
1896 2577 2066 2630 οἴκου

396 2663 506 2716 τοῦ
544 2665 766 2732 πατρός
781 2681 920 2732 μου.
958 2665 1068 2716 Καὶ
1094 2664 1188 2716 ἐὰν
1221 2665 1296 2735 μὴ
1339 2663 1589 2734 πείθηται
1624 2665 1656 2734 ἡ
1703 2664 1836 2733 γυνὴ
1866 2663 1960 2716 τοῦ
1994 2662 2068 2733 μὴ

399 2751 726 2820 πορευθῆναι
760 2750 896 2820 μετὰ
936 2749 1026 2802 σοῦ
1077 2750 1330 2814 ἐνταῦθα,
1372 2752 1510 2804 Τότε
1562 2751 1751 2816 ἀθῶιῖς
1802 2752 1916 2818 ἔσῃ
1949 2751 2066 2804 ἀπὸ

399 2835 509 2902 τῆς
531 2835 679 2903 ἀρᾶς
699 2854 840 2905 μου.
889 2835 946 2888 '0
971 2838 1068 2906 μὲν
1095 2833 1187 2889 οὖν
1205 2837 1489 2906 δεσπότης,
1513 2838 1665 2906 φησὶ,
1695 2836 1867 2889 ταῦτα
1899 2839 2067 2889 ἐντει-

397 2923 646 2992 λάμενος,
681 2924 774 2976 καὶ
795 2922 1023 2986 ταύταις
1055 2940 1121 2993 με
1145 2926 1266 2986 ταῖς
1293 2927 1620 2995 προσευχαῖς
1644 2924 1954 2992 ἐφοδιάσας,
1985 2926 2070 2977 οῦ-

396 3028 502 3074 τως
525 3010 829 3081 ἐξέπεμψεν
858 3031 867 3037 ·
906 3009 1015 3079 ἐγὼ
1039 3011 1095 3064 δέ
1120 3011 1398 3082 θαρρήσας
1431 3015 1549 3074 ταῖς
1590 3011 1798 3064 ἐκείνου
1832 3029 2064 3082 προσευ-

398 3100 541 3167 χαῖς,
563 3098 726 3168 ἡνίκα
753 3099 1133 3170 παρεγενόμην
1164 3098 1256 3149 ἐπὶ
1289 3096 1386 3167 τὴν
1418 3098 1598 3166 πηγὴν
1621 3136 1636 3161 ,
1667 3097 1840 3150 ταῦτα
1868 3098 1934 3150 τὰ
1969 3101 2064 3169 ρή-

403 3201 548 3253 ματα
577 3184 944 3253 ἐφθεγξάμην,
977 3183 1070 3238 καὶ
1092 3181 1243 3236 εἷπον
1265 3202 1278 3214 ο
1310 3185 1484 3250 Κύριε
1506 3187 1538 3237 ό
1562 3183 1705 3249 Θεὸς
1729 3184 1834 3238 τοῦ
1859 3186 2065 3252 κυρίου

394 3290 514 3340 μου
538 3271 798 3339 Ἀϐραὰμ,
825 3275 877 3324 εὶ
901 3272 980 3324 σὺ
997 3270 1228 3336 εὑοδοῖς
1255 3269 1368 3338 τὴν
1389 3269 1550 3332 ὁδὸν,
1581 3269 1658 3337 ἣν
1685 3270 1798 3339 ἐγὼ
1819 3274 2068 3339 πορεύο-

396 3374 526 3424 μαιο
557 3357 684 3411 ὶδοὺ
705 3358 819 3426 ἐγὼ
838 3357 1066 3424 ἕστηκα
1093 3357 1188 3410 ἐπὶ
1209 3356 1318 3424 τῆς
1335 3355 1534 3426 πηγῆς
1553 3358 1655 3411 τοῦ
1673 3358 1908 3423 ὓδατος,
1930 3359 2069 3412 αἰδὲ

402 3445 722 3513 θυγατέρες
750 3444 868 3497 τῶν
897 3445 1224 3512 ἀνθρώπων
1247 3444 1357 3512 τῆς
1377 3448 1609 3512 πόλεως
1641 3447 2064 3510 ἐξελεύσονται

400 3532 808 3599 ὑδρεύσασθαι
841 3532 995 3598 ὕδωρ
1017 3549 1028 3565 ’
1060 3531 1157 3584 καὶ
1186 3533 1358 3585 ἔσται
1387 3533 1424 3600 ἠ
1448 3532 1762 3600 παρθένος,
1788 3529 1828 3604 ᾗ
1851 3531 1926 3586 ἂν
1953 3534 2068 3602 ἐγὼ

401 3619 548 3670 εἴπω
568 3659 585 3682 ,
623 3619 883 3672 Πότισόν
906 3635 984 3687 με
1005 3619 1222 3686 μικρὸν
1251 3618 1405 3687 ὕδωρ
1447 3619 1514 3672 ἐκ
1545 3619 1654 3687 τῆς
1691 3620 1899 3688 ὑδρίας
1923 3637 2062 3684 σου,

402 3707 501 3760 καὶ
520 3708 657 3775 είπῃ
667 3725 790 3776 μοι⁹
806 3709 914 3761 Καὶ
932 3707 1012 3760 σὺ
1023 3709 1141 3773 πίε,
1158 3709 1255 3761 καὶ
1274 3707 1399 3774 ταῖς
1416 3708 1704 3776 καμήλοις
1721 3725 1836 3762 σου
1858 3709 2066 3776 ὑδρεύ-

403 3811 604 3863 σομαι,
635 3794 786 3862 αὕτη
819 3795 857 3862 ὴ
887 3794 1039 3864 γυνὴ
1069 3833 1086 3859 ,
1144 3793 1224 3862 ἢν
1253 3796 1584 3863 ἡτοίμασας
1621 3793 1700 3859 τῷ
1751 3795 2068 3861 θεράποντί

401 3896 519 3934 σου
557 3881 774 3946 Ἰσαὰκ,
815 3882 912 3934 καὶ
959 3882 1024 3936 ἐν
1060 3883 1246 3946 τούτῳ
1270 3879 1592 3951 γνώσομαι,
1635 3882 1724 3935 ὅτι
1773 3882 2066 3950 ἐποίησας

409 3969 582 4034 ἕλεος
612 3968 692 4034 τῷ
728 3968 910 4036 κυρίῳ
929 3986 1049 4036 μου
1091 3968 1369 4037 Ἀϐραάμ.
1403 3967 1588 4021 Ταῦτα
1617 3969 1715 4040 μὲν
1743 3968 1875 4037 ἐγὼ,
1908 3970 2064 4041 φησὶ,

404 4057 524 4109 κατ’
560 4057 793 4125 ἐμαυτὸν
838 4057 1130 4126 εὐχόμενος
1183 4057 1275 4110 τὸν
1318 4057 1446 4110 Θεὸν
1486 4057 1877 4111 καθικέτευσα·
1914 4058 2066 4112 οὐπω

401 4145 458 4196 δέ
483 4143 631 4208 τέλος
657 4145 864 4213 εἰλήφει
895 4145 964 4196 τά
985 4147 1112 4215 παρ’
1143 4144 1276 4215 ἐμοῦ
1306 4145 1560 4215 ρηθέντα,
1610 4148 1701 4199 καὶ
1729 4148 2065 4218 παραχρῆμα

402 4234 482 4294 είς
513 4231 670 4303 ἔργον
695 4231 859 4301 ἐξῄει,
889 4231 1067 4286 καὶτὰ
1095 4233 1312 4302 ῥήματα
1352 4233 1651 4302 πράγματα
1691 4233 1916 4301 ἐγίνετο.
1947 4235 2063 4302 Πρὸ

401 4318 506 4371 τοῦ
539 4319 647 4388 γὰρ
686 4317 1050 4372 συντελέσαι
1097 4335 1174 4386 με
1215 4319 1560 4386 λαλοῦντα,
1605 4319 1733 4372 ἰδοὺ
1785 4321 2064 4376 Ῥεϐέκκα

399 4406 784 4473 ἐξεπορεύετο
812 4406 926 4473 thr
954 4406 1168 4475 ὑδρίαν
1203 4407 1434 4476 ἔχουσα
1476 4406 1574 4460 ἐπὶ
1605 4407 1724 4460 τῶν
1758 4407 1929 4478 ὤμων
1961 4413 2064 4463 αὐ-

400 4491 536 4560 τῆς.
582 4488 774 4546 Εἶπον
819 4491 884 4546 δὲ
940 4492 1116 4561 αὐτῇ,
1151 4495 1412 4547 Πότισόν
1460 4511 1558 4562 με,
1610 4495 1707 4548 καί
1738 4497 2064 4552 σπεύσασα

399 4581 637 4634 καθεῖλε
657 4580 770 4649 thr
804 4580 1010 4649 ὑδρίαν
1034 4581 1244 4651 αὐτῆς,
1277 4583 1371 4636 καί
1401 4579 1532 4636 εἶπέ
1551 4603 1674 4653 μοι,
1704 4585 1811 4638 Πίε
1835 4586 1932 4639 καί
1957 4588 2058 4652 σὺ,

398 4665 497 4718 καὶ
535 4667 638 4731 τὰς
667 4667 976 4734 καμήλους
1007 4682 1122 4720 σου
1160 4667 1359 4722 ποτιῶ.
1389 4669 1498 4722 Καὶ
1527 4668 1856 4739 θεασάμενος
1879 4671 2062 4724 λοιπὸν

397 4754 602 4822 ἐναργῆ
633 4753 728 4823 τὴν
755 4753 900 4825 παρὰ
931 4753 1024 4806 τοῦ
1055 4752 1190 4806 Θεοῦ
1221 4755 1592 4826 γεγενημένην
1623 4756 1908 4826 πρόνοιαν,
1940 4759 2053 4810 ἐπ-

395 4839 624 4910 ηρώτων
656 4840 798 4902 τίνος
825 4841 910 4910 εἴη
931 4839 1174 4913 θυγάτηρ
1197 4857 1210 4871 ·
1237 4843 1330 4895 καὶ
1363 4841 1567 4912 μαθὼν,
1595 4843 1652 4907 ἐξ
1683 4838 1756 4898 ὧν
1787 4840 1960 4909 εἶπεν,
1979 4847 2060 4898 ὃτι

395 4930 456 4981 οὐ
488 4928 621 5000 πρὸς
645 4928 826 4994 ξένους
854 4929 1150 4998 ἀφικόμην,
1173 4927 1284 4982 ἀλλ’
1307 4931 1386 4992 είς
1406 4931 1503 5001 τὴν
1534 4931 1710 4984 οἰκίαν
1738 4932 1939 5003 Ναχὼρ
1966 4933 2057 4986 τοῦ

395 5015 626 5084 ἀδελφοῦ
657 5015 748 5068 τοῦ
793 5017 980 5087 κυρίου
1022 5033 1142 5086 μου,
1176 5016 1474 5088 θαρσήσας,
1531 5016 1857 5086 Περιέθηκα
1904 5021 2059 5090 αὐτῇ

393 5103 469 5154 τὰ
492 5103 702 5154 ἐνώτια
734 5101 830 5154 καὶ
873 5105 944 5155 τὰ
970 5102 1194 5170 ψέλλια
1217 5143 1230 5166 ,
1264 5103 1360 5156 καὶ
1390 5103 1730 5170 εὐδοκήσας
1757 5109 2057 5172 προσεκύ-

393 5203 556 5256 νησα
582 5188 662 5254 τῷ
692 5190 902 5256 Κιφίῳ,
935 5190 1033 5242 καὶ
1067 5191 1375 5257 εὑλόγησα
1400 5188 1504 5242 τὸν
1537 5189 1685 5241 Θεὸν
1720 5189 1826 5242 τοῦ
1849 5192 2058 5258 κυρίου

393 5295 509 5344 μου
547 5276 810 5346 Ἀϐραὰμ,
830 5278 919 5330 ὅτι
946 5276 1220 5330 εύὼδωσέ
1233 5291 1310 5342 με
1326 5275 1352 5314 δ
1371 5276 1578 5330 λαϐεῖν
1625 5277 1741 5343 thr
1767 5277 2059 5346 θυγατέρα

395 5364 500 5416 τοῦ
538 5363 803 5432 ἀδελφοῦ
833 5364 938 5418 τοῦ
976 5367 1188 5432 κυρίου
1201 5381 1342 5433 μου.
1377 5364 1536 5416 Ἀλλὰ
1557 5363 1623 5416 τὰ
1658 5365 1754 5433 μὲν
1785 5366 1933 5434 παρὰ
1963 5367 2055 5419 τοῦ

394 5449 529 5502 Θεοῦ
567 5450 736 5514 οὕτως
768 5452 1010 5522 ἐναργῶς
1039 5451 1361 5522 ᾡκονομήθη
1383 5468 1395 5480 ⁸
1419 5450 1567 5522 [489]
1599 5454 1654 5503 αἱ
1681 5453 1789 5522 γάρ
1822 5469 2058 5522 προσευ-

393 5539 488 5606 χαὶ
521 5538 840 5608 ἐληλύθασιν
874 5542 927 5592 αἱ
974 5541 1264 5609 γενόμεναι
1320 5538 1470 5608 παρὰ
1502 5537 1596 5590 τοῦ
1629 5537 1892 5591 δεσπότου
1930 5557 2054 5608 μου.

405 5623 591 5692 Ὑμεῖς
619 5623 674 5675 δέ
699 5624 903 5691 λοιπὸν,
929 5629 977 5679 εἰ
998 5625 1066 5680 τὰ
1093 5628 1220 5695 παρ’
1252 5625 1458 5679 ἑαυτῶν
1486 5623 1854 5676 ἐπιδείκνυσθε
1873 5665 1888 5689 ,
1925 5640 2056 5678 ποι-

392 5707 508 5763 εῖτε
529 5710 699 5776 ἔλεος
730 5712 828 5764 καί
859 5711 1256 5780 δικαιοσύνην
1287 5711 1440 5779 πρὸς
1469 5713 1576 5764 τὸν
1596 5711 1803 5778 κύριόν
1818 5728 1938 5779 μου
1961 5731 1974 5741 ·
2003 5715 2057 5765 εί

453 5815 481 5843 ﬂ
506 5814 576 5862 ita
600 5814 748 5863 Savil.
775 5821 828 5877 et
849 5815 1022 5864 Morel.
1045 5823 1099 5865 (ιι
1119 5829 1292 5865 omnes
1323 5830 1439 5864 mss.
1465 5816 1516 5864 In
1542 5820 1680 5865 textu
1718 5817 1814 5864 τῶν
1837 5816 1904 5864 0¹
1923 5817 2046 5877 legi-

395 5881 474 5924 tur
496 5876 832 5938 ῶρκισε.1ἰιίι“ο
857 5879 982 5938 apud
1006 5879 1206 5925 eosdem
1229 5877 1350 5925 LXX
1370 5878 1672 5938 lulcrpreles
1689 5879 1735 5925 in
1756 5878 1859 5925 cod.
1892 5876 2041 5928 Valic.

398 5938 580 5995 legilur
604 5937 704 5984 ἀλλ’
724 5939 785 5990 εἰς
806 5937 1054 5985 τὸνοῖκον.
1085 5939 1160 5995 (Ill
1186 5939 1292 5986 cod.
1324 5937 1583 5985 Alexandr.
1610 5941 1711 5986 ἀλλ’
1734 5941 1760 5997 ἢ
1787 5940 1888 5996 εἰ;.ὶ

456 5999 484 6040 1'
505 5997 558 6047 ίιι
578 6004 720 6049 textu
743 6003 835 6046 τὼν
870 6004 910 6049 υ
927 5999 936 6014 ’
954 6001 1140 6050 additur
1165 6001 1210 6047 ἐν
1233 6001 1328 6065 ὁδῷ
1353 6001 1578 6056 ἀληθείας.

1187 373 1245 427 8.
1282 370 1566 428 JOANNIS
1603 366 2088 425 CHRYSOSTOMI
2127 364 2447 422 AliClllEP.
2489 360 3032 420 CONSTANTiNiH’.

3740 360 3858 416 ua

2180 481 2249 533 δέ
2292 479 2401 550 μὴ,
2425 475 2822 548 ἀπαγγείλατέ
2853 475 3124 545 μοι.Ἤδη
3158 491 3278 543 μοι,
3311 475 3464 544 φησὶ,
3520 475 3859 546 γνωρίσατε,

2177 564 2262 617 ἵνα
2285 563 2480 616 εἰδέναι
2511 562 2637 632 ἔχω,
2659 562 2686 614 ὃ
2715 577 2764 613 τι
2788 560 2894 612 δέοι
2920 576 2986 628 με
3016 557 3436 628 διαπράξασθαι.
3472 559 3533 610 Εἰ
3560 557 3618 611 δὲ
3651 561 3729 629 μή
3758 578 3851 628 γε,

2176 647 2262 700 ἴνα
2299 645 2525 716 ἐτέρωθι
2573 643 2671 715 τὴν
2717 643 2834 695 ὁδὸν
2876 643 3209 712 ποιήσωμαι,
3260 642 3353 693 καὶ
3390 641 3771 710 Ἐπιστρέψω
3806 642 3855 710 ἦ

2172 733 2258 794 είς
2280 727 2446 791 δεξιὰ
2479 728 2516 795 ἢ
2539 729 2623 792 είς
2651 723 2954 793 ἀριστερά.
2988 719 3122 775 Εἶτα
3157 722 3342 793 ἐπειδὴ
3391 724 3418 776 ὀ
3446 722 3574 786 Θεὸς
3607 719 3675 793 ἦν
3719 723 3750 774 ὁ
3779 724 3855 778 τὰ

2175 819 2351 870 πάντα
2381 815 2754 886 ἐξευμαρίζων
2781 814 2868 866 διὰ
2891 813 2990 876 τὰς
3019 811 3113 865 τοῦ
3138 811 3476 882 πατριάρχου
3510 812 3848 882 προσευχάς,

2175 906 2306 972 φησὶ
2359 903 2495 972 πρὸς
2539 903 2698 958 αὐτὸν
2733 905 2760 954 6
2794 902 2974 971 πατὴρ
3029 901 3126 970 τῆς
3183 900 3350 970 κόρης
3396 901 3490 953 καὶ
3522 902 3551 953 6
3580 900 3848 969 ἁδελφόςο

2175 991 2337 1059 Παρὰ
2361 990 2407 1044 Κ
2415 992 2583 1058 ιιρίου
2608 989 2828 1058 ἐξῆλθε
2854 988 2919 1042 τὸ
2932 987 3096 1056 ῥῆμα
3123 987 3295 1040 τοῦτο
3317 1003 3330 1016 ·
3364 989 3434 1040 οὑ
3457 987 3854 1056 δυνησόμεθα

2172 1081 2474 1134 ἀντειπεῖν
2501 1079 2709 1139 κακὸν,
2739 1077 2775 1144 ἣ
2805 1077 3014 1131 καλόν.
3055 1076 3121 1128 Ἦ
3149 1075 3397 1144 διήγησίς
3421 1092 3537 1138 σου,
3560 1077 3718 1145 φησὶ,
3739 1074 3853 1126 δεί-

2173 1179 2359 1215 κνυσιν
2391 1162 2509 1215 ὅλον
2541 1161 2638 1232 τῆς
2684 1160 2774 1213 τοῦ
2814 1159 2948 1212 Θεοῦ
2991 1160 3301 1229 οἰκονομίας
3330 1160 3714 1229 γεγενημένον.
3753 1159 3858 1229 Μὴ

2172 1244 2348 1296 τοίνυν
2379 1244 2606 1315 νομίσῃς
2633 1244 2778 1314 ἡμᾶς
2808 1240 3176 1295 ἐναντιοῦσθαι
3197 1243 3310 1304 τοῖς
3335 1241 3412 1311 τῷ
3437 1241 3556 1310 Θεῷ
3589 1241 3810 1306 δόξασιν
3831 1255 3848 1270 ο

2172 1332 2290 1386 οὐδὲ
2323 1332 2432 1404 γὰρ
2461 1327 2572 1385 οἷόν
2601 1348 2659 1384 τε
2682 1330 2839 1384 τοῦτο
2874 1331 3002 1401 παρ’
3030 1329 3188 1400 ἡμῶν
3216 1329 3486 1398 γενέσθαι.
3540 1329 3671 1382 Ἰδοὺ
3699 1329 3851 1398 ἐχεις

2171 1419 2268 1491 τὴν
2288 1421 2456 1492 κόρην
2478 1437 2493 1452 ’
2519 1419 2726 1474 Λαϐὼν
2745 1419 3057 1486 ἀπότρεχε,
3091 1417 3189 1471 καί
3239 1417 3412 1470 ἔσται
3455 1415 3609 1487 γυνὴ
3635 1414 3715 1480 τῷ
3739 1413 3849 1481 υἱῷ

2171 1504 2276 1559 τοῦ
2307 1507 2514 1573 κύρίου
2549 1523 2685 1568 σου,
2720 1504 2874 1558 καθὰ
2904 1503 3172 1570 ἐλάλησε
3195 1500 3426 1571 Κύριος.

2227 1598 2301 1653 ς’.
2317 1592 2498 1646 Είδετε
2513 1592 2659 1655 ὅπως
2674 1592 2734 1644 τὸ
2750 1591 2975 1644 παλαιὸν
2994 1589 3324 1653 ἐσπούδαζον
3337 1591 3598 1658 γυναῖκας
3611 1588 3854 1656 ἄγεσθαι

2169 1683 2280 1743 τοῖς
2309 1679 2516 1733 ἐαυτῶν
2558 1679 2778 1744 παισίν;
2831 1679 2978 1742 ὅπως
3008 1677 3115 1750 πρὸ
3157 1676 3267 1730 τῶν
3319 1677 3620 1748 χρημάτων
3660 1676 3848 1746 ψυχῆς

2169 1767 2450 1835 εὐγένειαν
2506 1764 2836 1836 ἐπεζήτουνς
2875 1762 3123 1834 Οὐδαμοῦ
3161 1766 3539 1834 γραμματεῖα,
3596 1762 3852 1832 οὐδαμοῦ

2172 1855 2454 1924 συνθῆκαι,
2487 1853 2580 1906 καὶ
2611 1853 2678 1906 τὰ
2701 1853 2834 1907 ἄλλα
2862 1851 2930 1905 τὰ
2967 1851 3344 1918 καταγέλαστα
3366 1890 3379 1913 ,
3406 1849 3442 1904 ἃ.
3475 1851 3569 1903 νῦν
3606 1851 3844 1917 γίνεται,

2171 1943 2262 1993 καὶ
2289 1942 2344 1993 αἱ
2375 1941 2613 2012 αἱρέσεις
2640 1940 2666 1979 b
2693 1941 2896 1992 ἐκεῖναι
2924 1940 2978 1992 αί
2999 1941 3112 2002 τοῖς
3137 1937 3534 2009 γραμματείοις
3557 1936 3848 2006 ἐντιθέμε-

2170 2047 2256 2081 ναι
2283 2046 2296 2059 '
2323 2029 2444 2082 Ἐάν
2495 2029 2680 2092 ἄπαις,
2715 2027 2869 2098 φησὶ,
2913 2027 3231 2099 τελευτήσῃ,
3292 2026 3387 2079 ἐάν
3444 2025 3564 2078 τόδε
3595 2025 3690 2078 καὶ
3722 2025 3848 2078 τόδε

2172 2117 2351 2186 συμϐῇ
2372 2130 2384 2142 ·
2413 2115 2546 2169 ἀλλὰ
2580 2117 2709 2186 παρ’
2727 2115 2954 2178 ἐκείνοις
2989 2114 3139 2167 οὐδὲν
3177 2112 3436 2176 τοιοῦτον,
3469 2111 3604 2166 ἀλλὰ
3642 2112 3702 2164 τὸ
3733 2112 3845 2182 μέ-

2169 2221 2351 2272 γιστον
2379 2204 2471 2256 καὶ
2513 2203 2752 2272 ἀσφαλὲς
2782 2205 3180 2273 γραμματεῖον,
3210 2202 3310 2272 τῆς
3357 2201 3523 2272 κόρης
3548 2203 3576 2254 ὁ
3600 2200 3844 2272 τρόποςο

2168 2291 2400 2362 οὐδαμοῦ
2429 2290 2679 2361 κύμϐαλα
2703 2291 2794 2342 καὶ
2816 2292 3049 2359 χορεῖαι.
3080 2290 3190 2342 Καὶ
3221 2289 3379 2342 τοῦτο
3430 2289 3574 2360 εἴσῃ,
3616 2287 3846 2341 ἐπειδὰν

2169 2380 2304 2450 πρὸς
2324 2379 2412 2432 τὸν
2440 2377 2668 2449 νυμφίον
2694 2378 2792 2447 τὴν
2815 2377 2982 2447 κόρην
3012 2375 3127 2448 ἴδῃς
3160 2375 3577 2445 ἐπαναχθεῖσαν.
3641 2376 3844 2428 Ἀκού-

2175 2460 2291 2530 σας
2307 2466 2415 2535 γὰρ
2439 2469 2470 2519 ό
2510 2464 2648 2531 παῖς
2682 2464 2884 2528 ταῦτα,
2922 2463 3075 2532 φησὶ,
3109 2462 3267 2532 παρὰ
3321 2462 3427 2516 τοῦ
3484 2463 3705 2529 πατρὸς
3739 2463 3844 2516 καὶ

2172 2553 2277 2607 τοῦ
2319 2553 2606 2621 ἀδελφοῦ,
2658 2553 3077 2620 προσεκύνησε
3125 2549 3203 2616 τῷ
3257 2549 3378 2615 Θεῷ
3408 2550 3508 2603 ἐπὶ
3556 2548 3672 2617 τὴν
3697 2549 3839 2619 γῆν.

2169 2641 2310 2712 Ὅρα
2344 2641 2460 2703 πῶς
2487 2641 2607 2694 καθ’
2641 2641 2868 2692 ἕκαστον
2891 2640 2999 2693 τῶν
3020 2639 3326 2709 γενομένων
3352 2637 3428 2708 τῷ
3456 2639 3702 2709 Δεσπότῃ
3731 2638 3848 2690 τῶν

2166 2729 2302 2782 ὅλων
2334 2728 2438 2799 τὴν
2459 2729 2803 2798 εὐχαριστίαν
2831 2729 3114 2799 ἀναφέρει.
3168 2727 3337 2790 Αὐτὸς
3360 2726 3468 2797 γάρ
3499 2722 3566 2798 ἧν
3592 2729 3622 2779 6
3663 2727 3846 2779 πάντα

2167 2817 2549 2887 προοδοποιῶν,
2576 2817 2669 2868 καὶ
2703 2816 2842 2869 κατὰ
2875 2816 2933 2868 τὸ
2967 2817 3117 2886 ῥῆμα
3138 2813 3233 2867 τοῦ
3265 2814 3640 2885 πατριάρχου,
3671 2815 3844 2882 ἄγγε-

2166 2905 2255 2956 λον
2308 2903 2732 2975 προαποστείλας
2784 2901 3094 2974 ἔμπροσθεν
3117 2901 3302 2965 αὐτοῦ,
3363 2901 3431 2954 τὰ
3480 2902 3660 2954 πάντα
3690 2901 3842 2970 αὐτῷ

2169 2989 2609 3061 ἐξευμαρίζοντα.
2646 2990 2755 3043 Καὶ
2807 2990 2990 3042 λοιπὸν
3043 2988 3226 3059 μαθὼν
3257 2989 3333 3052 ὡς
3381 2987 3537 3052 τέλος
3587 2988 3738 3058 αὐτῷ
3779 2991 3842 3042 τὸ

2169 3074 2594 3146 σπουδαζόμενον
2625 3075 2798 3143 ἔσχεν,
2855 3073 3198 3141 Ἐξενέγκας
3243 3073 3433 3138 σκεύη
3486 3070 3688 3139 χρυσᾶ
3737 3073 3840 3125 καί

2165 3157 2410 3226 ἀργυρᾶ,
2441 3159 2535 3210 καὶ
2581 3154 2916 3226 ίματισμύν,
2951 3153 3133 3208 ἔδωκε
3164 3153 3237 3221 τῇ
3278 3152 3582 3220 Ῥεϐέκκςι.
3636 3154 3840 3206 Λοιπὸν

2171 3241 2307 3309 μετὰ
2330 3241 2637 3311 παρρησίας
2661 3239 2828 3309 αὐτὴν
2857 3237 3168 3307 θεραπεύει,
3196 3237 3271 3300 ὡς
3301 3236 3400 3305 ήδη
3417 3236 3505 3288 διὰ
3530 3235 3640 3288 τῶν
3664 3235 3842 3305 ῥημά-

2165 3341 2272 3377 των
2306 3322 2662 3392 ἐγγυηθεῖσαν
2707 3322 2783 3392 up
2842 3321 3048 3374 Ἰσαάκ.
3099 3321 3247 3389 Τιμᾷ
3289 3320 3346 3372 δὲ
3377 3318 3571 3388 δώροις
3601 3320 3699 3371 καὶ
3747 3317 3850 3370 τὸν

2165 3410 2390 3479 ἀδελφὸν
2421 3411 2512 3463 καὶ
2542 3411 2641 3479 τὴν
2680 3408 2910 3479 μητέρα,
2940 3408 3034 3460 καὶ
3067 3408 3155 3460 ὅτε
3204 3409 3283 3469 εἰς
3315 3406 3474 3477 ἔργον
3506 3403 3646 3458 εἶδεν
3674 3405 3842 3458 ἐκϐᾶ-

2169 3510 2264 3546 σαν
2293 3495 2391 3564 τὴν
2420 3492 2569 3564 παρὰ
2603 3492 2694 3545 τοῦ
2747 3492 3007 3544 δεσπότου
3064 3489 3302 3560 ἐντολὴν,
3354 3490 3472 3542 τότε
3519 3489 3708 3541 λοιπὸν
3738 3488 3842 3556 τῆς

2166 3578 2369 3640 οἰκείας
2391 3576 2747 3638 ἀναπαύσεως
2776 3575 3002 3642 γίνεται.
3044 3575 3310 3642 Ἐραγον
3358 3572 3487 3642 γάρ,
3530 3571 3687 3641 φησὶ,
3738 3570 3843 3622 καὶ

2165 3661 2355 3724 ἔπιον,
2379 3659 2560 3723 αὐτὸς
2592 3657 2690 3710 καὶ
2711 3660 2765 3710 oi
2799 3656 3014 3724 ἄνδρες
3045 3659 3097 3710 οί
3144 3654 3272 3724 μετ’
3314 3655 3522 3719 αὑτοῦ,
3557 3653 3654 3706 καὶ
3684 3655 3843 3706 ἐκοι-

2159 3741 2463 3811 μήθησαν.
2493 3741 2599 3795 Καὶ
2631 3739 2897 3804 ἀναστὰς
2918 3738 2997 3803 τῷ
3029 3738 3178 3806 πρωῒ
3219 3733 3419 3791 εἶπεν·
3461 3735 3845 3804 Ἐκπέμψατέ

2159 3841 2255 3892 με,
2287 3825 2384 3876 ἵνα
2411 3823 2646 3877 ἀπέλθω
2673 3823 2823 3889 πρὸς
2849 3821 2954 3874 τὸν
3007 3820 3212 3888 κύριόν
3250 3836 3392 3888 μου.
3410 3817 3626 3887 Ἐπειδὴ
3657 3819 3839 3872 πάντα

2169 3923 2256 3976 μοι
2284 3907 2423 3959 οὕτω
2453 3904 2831 3975 κατευωδώθη,
2883 3904 3036 3973 φησὶ,
3072 3902 3164 3956 καὶ
3216 3901 3370 3954 οὐδέν
3409 3903 3525 3954 ἐστι
3556 3900 3748 3954 λοιπὸν
3781 3903 3849 3954 τὸ

2165 3989 2426 4051 ἐλλεῖπον,
2458 3989 2592 4042 ἀλλὰ
2622 3989 2714 4042 καὶ
2753 3989 2879 4057 ὑμῖν
2912 3987 3070 4040 τοῦτο
3096 3985 3324 4056 ἀρεστὸν
3349 3985 3544 4054 ἐφάνη,
3593 3985 3841 4053 Ἐκπέμ-

2164 4073 2318 4138 ψατέ
2340 4088 2438 4140 με,
2474 4071 2572 4123 ἵνα
2598 4070 2836 4123 ἀπέλθω
2879 4069 3027 4136 πρὸς
3075 4068 3180 4121 τὸν
3211 4068 3420 4135 κύριόν
3445 4084 3586 4135 μου.
3634 4062 3842 4119 Εἶπαν

2165 4152 2251 4217 δὲ,
2283 4153 2464 4223 φησὶν,
2490 4155 2543 4204 oi
2581 4151 2830 4219 ἀδελφοὶ
2865 4151 2964 4203 καί
2999 4151 3036 4218 ἡ
3070 4148 3285 4216 μήτηρ·
3321 4147 3589 4201 Μεινάτω
3616 4147 3656 4215 ἡ
3686 4161 3840 4216 παρ-

2165 4237 2336 4301 θένος
2357 4235 2485 4304 μεθ’
2512 4233 2678 4304 ἡμῶν
2710 4233 2930 4302 ἡμέρας
2956 4232 3098 4286 ὡσεὶ
3119 4231 3292 4295 δέκα,
3325 4230 3425 4284 καὶ
3471 4229 3624 4298 μετὰ
3646 4231 3844 4287 ταῦτα

2163 4323 2595 4377 ἀπελεύσεσθε.
2633 4321 2696 4374 '0
2727 4319 2794 4373 δὲ
2817 4317 2946 4374 εἷπε
2975 4320 3124 4388 πρὸς
3141 4319 3392 4384 αὐτούς’
3422 4317 3519 4384 Mh
3550 4315 3837 4384 κατέχετὲ

2157 4420 2254 4471 με,
2278 4401 2376 4456 καὶ
2410 4404 2621 4470 Κύριος
2648 4401 2920 4456 εὑὼδωσε
2946 4401 3060 4468 τὴν
3081 4400 3225 4454 ὀδόν
3247 4417 3368 4468 μου
3393 4409 3415 4436 ο
3443 4414 3458 4429 ·
3484 4396 3840 4465 ἐκπέμψατε

2159 4501 2255 4554 με,
2283 4486 2382 4538 ἵνα
2411 4484 2648 4538 ἀπέλθω
2688 4484 2836 4551 πρὸς
2868 4483 2973 4536 τὸν
3010 4483 3213 4550 κύριόν
3237 4499 3379 4550 μου.
3416 4481 3572 4542 Τίνος
3619 4481 3833 4546 ἐνεκεν,

2166 4569 2348 4638 φησὶν,
2378 4567 2730 4639 ὐπερτίθεσθε
2755 4570 2847 4620 καὶ
2867 4566 3304 4629 διαναὸάλλεσθε,
3332 4563 3425 4617 τοῦ
3463 4564 3597 4616 Θεοῦ
3635 4567 3837 4617 τοσαύ-

2163 4667 2260 4721 την
2284 4650 2530 4703 εὐκολίαν
2553 4651 2611 4703 ἐν
2651 4651 2820 4704 ἅπασί
2851 4668 2940 4720 μοι
2982 4647 3425 4719 παρεσχηκότος;
3464 4646 3838 4700 Ἀπολύσατέ

2156 4751 2253 4802 με,
2289 4734 2388 4787 ἵνα
2412 4733 2650 4788 ἀπέλθω
2677 4734 2826 4801 πρὸς
2849 4733 2956 4786 τὸν
3002 4733 3209 4800 κύριόν
3254 4748 3393 4800 μου.
3440 4728 3593 4801 [490]
3631 4733 3699 4782 οι
3744 4730 3840 4793 δέ,

2163 4818 2345 4885 φησὶν,
2366 4813 2538 4869 εἷπον
2561 4831 2574 4844 ·
2610 4815 2971 4884 Καλέσωμεν
2992 4817 3106 4882 thr
3142 4815 3345 4877 παῖδα,
3383 4815 3480 4867 καί
3517 4813 3838 4881 ἐρωτήσωο

2156 4915 2272 4966 μεν
2301 4899 2494 4963 αὑτήν
2513 4897 2561 4953 ά.
2584 4898 2690 4951 Καὶ
2721 4899 3045 4959 ἐκάλεσαν.
3069 4900 3165 4952 καὶ
3189 4896 3366 4952 εἶπαν
3397 4897 3549 4962 αὐτῇ
3573 4913 3588 4928 ⁸
3613 4898 3838 4963 Πορεύ-

2161 4997 2244 5048 σῃ
2290 4981 2440 5050 μετὰ
2469 4981 2574 5034 τοῦ
2603 4981 2950 5048 ἀνθρώπου;
3007 4983 3074 5035 'H
3125 4980 3194 5034 δὲ
3230 4977 3382 5042 εἷπε,
3428 4979 3834 5046 Πορεύσομαι.

2159 5063 2270 5115 Καὶ
2293 5062 2641 5130 ἐξέπεμψαν
2671 5063 2990 5116 Ῥεϐέκκαν
3020 5063 3133 5130 thr
3161 5063 3438 5132 ἀδελφὴν
3461 5060 3692 5123 αὐτῶν,
3730 5060 3839 5114 καὶ

2159 5147 2232 5200 τὰ
2267 5145 2612 5214 ὑπάρχοντα
2654 5146 2879 5213 αὐτῆς,
2917 5147 3014 5200 καὶ
3049 5147 3148 5200 τὸν
3176 5146 3359 5199 παῖδα
3406 5144 3515 5198 τοῦ
3555 5145 3831 5210 Ἀϐραὰμ,

2160 5229 2256 5282 καὶ
2295 5229 2434 5294 τοὺς
2459 5231 2586 5296 μετ’
2611 5229 2815 5292 αὑτοῦ,
2847 5232 2945 5283 καὶ
2967 5232 3313 5298 εὐλόγησαν
3345 5227 3685 5290 Ῥεϐέκκαν,
3728 5229 3834 5280 καὶ

2157 5309 2327 5366 εἷπον
2376 5309 2551 5378 αὐτῇ,
2600 5310 2855 5380 ’Λδελφὴ
2893 5313 3056 5381 ἡμῶν
3098 5309 3170 5374 εἷ,
3199 5311 3376 5381 γενοῦ
3410 5313 3497 5375 εὶς
3550 5309 3837 5377 χιλιάδας

2153 5391 2473 5464 μυριάδων,
2519 5393 2618 5446 καὶ
2657 5396 3164 5464 κληρονομησάτω
3202 5396 3268 5448 τὸ
3294 5396 3535 5462 σπέρμα
3561 5409 3683 5446 σου
3723 5393 3836 5458 τὰς

2157 5477 2366 5540 πόλεις
2388 5475 2504 5528 τῶν
2542 5479 2934 5532 ὑπεναντίων.
2968 5480 3106 5547 Ὅρα
3131 5479 3246 5541 πῶς
3273 5480 3367 5532 καὶ
3399 5475 3541 5532 οὗτοι
3569 5475 3839 5544 ἀγνοοῦν-

2222 5570 2251 5609 δ
2281 5577 2336 5622 Αἱ
2360 5574 2562 5635 αἱρέσεις
2600 5573 2650 5622 in
2692 5575 2912 5624 Basilicis
2943 5582 3054 5623 sunl
3089 5577 3401 5624 conditiones
3424 5573 3524 5622 illaa-
3545 5586 3658 5633 qua
3703 5574 3841 5635 aclis

2158 5634 2454 5684 inseruntur.
2496 5635 2617 5683 Vide
2659 5641 2708 5683 in
2732 5639 2951 5685 Basilicis
2983 5637 3178 5686 Fabroli
3217 5639 3380 5685 indice
3404 5637 3464 5684 ad
3505 5647 3680 5681 vocem
3702 5634 3835 5695 αἳρε-

2158 5713 2246 5759 σις.
2277 5695 2350 5759 De
2394 5695 2471 5744 his
2514 5709 2630 5759 γει-ρ
2656 5698 3014 5746 conditionibus
3037 5699 3116 5746 hic
3167 5700 3382 5759 loquitur
3426 5697 3592 5759 (Βιττίδα
3616 5702 3831 5752 stamus,

2157 5758 2240 5818 qui
2261 5757 2436 5804 eodem
2466 5770 2551 5804 usu
2581 5757 2713 5806 illam
2739 5771 2903 5806 vocem
2923 5759 3123 5807 adhibet
3143 5755 3264 5807 infr'a
3277 5759 3486 5807 Homilia
3514 5755 3592 5817 56,
3616 5763 3672 5805 el.
3690 5769 3832 5816 saepe

2162 5822 2210 5868 in
2235 5819 2595 5880 commentariis
2627 5821 2672 5866 in
2697 5819 2911 5868 Psalmos
2943 5827 3072 5868 lomo
3093 5823 3344 5880 sequenti.

2162 5942 2170 5950 ~
2219 5880 2381 5949 °_('.ud.
2433 5877 2581 5926 Vulic.
2610 5882 2704 5927 τῶν
2725 5881 2810 5939 0’,
2850 5883 2935 5940 τὴν
2974 5882 3080 5930 ὁδὸν
3107 5876 3196 5942 μου
3218 5881 3264 5929 ἐν
3289 5882 3409 5942 ἐμοί.
3437 5881 3553 5931 Cod.
3601 5879 3748 5930 Alex.
3777 5876 3835 5926 ἐι

2154 5957 2255 5988 εμοι
2274 5956 2369 5988 (illi.

2214 5958 2255 5986 'J'.
2274 5958 2369 5988 (1111.

2180 5958 2237 6040 μά
2265 6003 2326 6051 Ο¹
2354 6003 2532 6054 habcnl
2557 6005 2634 6053 καὶ
2661 6003 2970 6070 ἱρωτήσωμεν
3001 6004 3051 6051 τὸ
3079 6004 3231 6063 στόμα
3251 6003 3410 6059 αὐτῆς.
