  <div class='ocr_page' id='page_1' title='image "/cluster/home/n/w/nwhite01/storage/ocr_20150623/54/nnc1.0046978518/068.png"; bbox 0 0 4084 6356; ppageno 0'>
   <div class='ocr_carea' id='block_1_1' title="bbox 237 391 338 448">
    <p class='ocr_par' dir='ltr' id='par_1_1' title="bbox 237 391 338 448">
     <span class='ocr_line' id='line_1_1' title="bbox 237 391 338 448; baseline 0.02 -3"><span class='ocrx_word' id='word_1_1' title='bbox 237 391 338 448; x_wconf 69' lang='lat' dir='ltr'><strong>HI</strong></span> 
     </span>
    </p>
   </div>
   <div class='ocr_carea' id='block_1_2' title="bbox 236 508 1827 581">
    <p class='ocr_par' dir='ltr' id='par_1_2' title="bbox 236 508 1827 581">
     <span class='ocr_line' id='line_1_2' title="bbox 236 508 1827 581; baseline 0.004 -21"><span class='ocrx_word' id='word_1_2' title='bbox 236 524 386 579; x_wconf 89' lang='lat' dir='ltr'><strong>ager;</strong></span> <span class='ocrx_word' id='word_1_3' title='bbox 416 524 675 579; x_wconf 79' lang='lat' dir='ltr'><strong>nusquam</strong></span> <span class='ocrx_word' id='word_1_4' title='bbox 698 508 909 574; x_wconf 87' lang='lat' dir='ltr'><strong>domus,</strong></span> <span class='ocrx_word' id='word_1_5' title='bbox 933 517 986 564; x_wconf 91' lang='lat' dir='ltr'><strong>et</strong></span> <span class='ocrx_word' id='word_1_6' title='bbox 1010 523 1398 579; x_wconf 85' lang='lat' dir='ltr'><strong>supervacanea</strong></span> <span class='ocrx_word' id='word_1_7' title='bbox 1423 513 1827 581; x_wconf 72' lang='lat' dir='ltr'><strong>sumptuositas:</strong></span> 
     </span>
    </p>
   </div>
   <div class='ocr_carea' id='block_1_3' title="bbox 237 602 1825 670">
    <p class='ocr_par' dir='ltr' id='par_1_3' title="bbox 237 602 1825 670">
     <span class='ocr_line' id='line_1_3' title="bbox 237 602 1825 670; baseline 0.001 -15"><span class='ocrx_word' id='word_1_8' title='bbox 237 602 335 658; x_wconf 87' lang='lat' dir='ltr'><strong>sed</strong></span> <span class='ocrx_word' id='word_1_9' title='bbox 358 619 486 657; x_wconf 88' lang='lat' dir='ltr'><strong>oves</strong></span> <span class='ocrx_word' id='word_1_10' title='bbox 515 614 569 656; x_wconf 93' lang='lat' dir='ltr'><strong>et</strong></span> <span class='ocrx_word' id='word_1_11' title='bbox 593 604 777 668; x_wconf 91' lang='lat' dir='ltr'><strong>vituli,</strong></span> <span class='ocrx_word' id='word_1_12' title='bbox 803 604 994 659; x_wconf 79' lang='lat' dir='ltr'><strong>cameli</strong></span> <span class='ocrx_word' id='word_1_13' title='bbox 1037 614 1091 658; x_wconf 90' lang='lat' dir='ltr'><strong>et</strong></span> <span class='ocrx_word' id='word_1_14' title='bbox 1118 605 1281 659; x_wconf 77' lang='lat' dir='ltr'><strong>asina:</strong></span> <span class='ocrx_word' id='word_1_15' title='bbox 1304 646 1320 670; x_wconf 93' lang='lat'><strong>,</strong></span> <span class='ocrx_word' id='word_1_16' title='bbox 1344 605 1485 660; x_wconf 87' lang='lat' dir='ltr'><strong>servi</strong></span> <span class='ocrx_word' id='word_1_17' title='bbox 1525 614 1579 661; x_wconf 91' lang='lat' dir='ltr'><strong>et</strong></span> <span class='ocrx_word' id='word_1_18' title='bbox 1602 606 1825 660; x_wconf 62' lang='lat' dir='ltr'><strong>ancilla.</strong></span> 
     </span>
    </p>
   </div>
   <div class='ocr_carea' id='block_1_4' title="bbox 240 693 1829 764">
    <p class='ocr_par' dir='ltr' id='par_1_4' title="bbox 240 693 1829 764">
     <span class='ocr_line' id='line_1_4' title="bbox 240 693 1829 764; baseline 0.001 -18"><span class='ocrx_word' id='word_1_19' title='bbox 240 693 308 746; x_wconf 80' lang='lat' dir='ltr'><strong>Et</strong></span> <span class='ocrx_word' id='word_1_20' title='bbox 336 703 391 746; x_wconf 91' lang='lat' dir='ltr'><strong>ut</strong></span> <span class='ocrx_word' id='word_1_21' title='bbox 418 694 616 759; x_wconf 86' lang='lat' dir='ltr'><strong>discas,</strong></span> <span class='ocrx_word' id='word_1_22' title='bbox 644 708 918 748; x_wconf 85' lang='lat' dir='ltr'><strong>servorum</strong></span> <span class='ocrx_word' id='word_1_23' title='bbox 948 694 1230 749; x_wconf 77' lang='lat' dir='ltr'><strong>multitudo</strong></span> <span class='ocrx_word' id='word_1_24' title='bbox 1254 694 1395 750; x_wconf 89' lang='lat' dir='ltr'><strong>unde</strong></span> <span class='ocrx_word' id='word_1_25' title='bbox 1420 697 1468 750; x_wconf 91' lang='lat' dir='ltr'><strong>ei</strong></span> <span class='ocrx_word' id='word_1_26' title='bbox 1508 696 1787 764; x_wconf 91' lang='lat' dir='ltr'><strong>contigerit</strong></span> <span class='ocrx_word' id='word_1_27' title='bbox 1814 736 1829 759; x_wconf 92' lang='lat'><strong>,</strong></span> 
     </span>
    </p>
   </div>
   <div class='ocr_carea' id='block_1_5' title="bbox 239 784 1835 860">
    <p class='ocr_par' dir='ltr' id='par_1_5' title="bbox 239 784 1835 860">
     <span class='ocr_line' id='line_1_5' title="bbox 239 784 1835 860; baseline 0.002 -24"><span class='ocrx_word' id='word_1_28' title='bbox 239 784 444 837; x_wconf 84' lang='lat' dir='ltr'><strong>addidit</strong></span> <span class='ocrx_word' id='word_1_29' title='bbox 473 785 578 839; x_wconf 88' lang='lat' dir='ltr'><strong>alio</strong></span> <span class='ocrx_word' id='word_1_30' title='bbox 608 784 726 839; x_wconf 77' lang='lat' dir='ltr'><strong>loco</strong></span> <span class='ocrx_word' id='word_1_31' title='bbox 752 803 767 837; x_wconf 90' lang='lat'><strong>:</strong></span> <span class='ocrx_word' id='word_1_32' title='bbox 811 785 1087 840; x_wconf 84' lang='lat' dir='ltr'><strong>Vernaculi</strong></span> <span class='ocrx_word' id='word_1_33' title='bbox 1132 801 1318 842; x_wconf 88' lang='lat' dir='ltr'><strong>omnes</strong></span> <span class='ocrx_word' id='word_1_34' title='bbox 1352 798 1516 860; x_wconf 84' lang='lat' dir='ltr'><strong>erant</strong></span> <span class='ocrx_word' id='word_1_35' title='bbox 1542 789 1559 857; x_wconf 97' lang='lat'><strong>(</strong></span> <span class='ocrx_word' id='word_1_36' title='bbox 1591 786 1717 841; x_wconf 82' lang='lat' dir='ltr'><strong>Gen.</strong></span> <span class='ocrx_word' id='word_1_37' title='bbox 1744 785 1835 839; x_wconf 81' lang='lat' dir='ltr'><strong>l7.</strong></span> 
     </span>
    </p>
   </div>
   <div class='ocr_carea' id='block_1_6' title="bbox 240 872 1836 945">
    <p class='ocr_par' dir='ltr' id='par_1_6' title="bbox 240 872 1836 945">
     <span class='ocr_line' id='line_1_6' title="bbox 240 872 1836 945; baseline 0.004 -19"><span class='ocrx_word' id='word_1_38' title='bbox 240 872 361 942; x_wconf 74' lang='lat'><strong>25).</strong></span> <span class='ocrx_word' id='word_1_39' title='bbox 395 874 491 929; x_wconf 84' lang='lat' dir='ltr'><strong>llic</strong></span> <span class='ocrx_word' id='word_1_40' title='bbox 520 875 697 945; x_wconf 82' lang='lat' dir='ltr'><strong>igitur,</strong></span> <span class='ocrx_word' id='word_1_41' title='bbox 728 876 917 945; x_wconf 86' lang='lat' dir='ltr'><strong>inquit,</strong></span> <span class='ocrx_word' id='word_1_42' title='bbox 944 877 1191 931; x_wconf 92' lang='lat' dir='ltr'><strong>dominus</strong></span> <span class='ocrx_word' id='word_1_43' title='bbox 1236 892 1411 941; x_wconf 91' lang='lat' dir='ltr'><strong>meus,</strong></span> <span class='ocrx_word' id='word_1_44' title='bbox 1444 878 1528 931; x_wconf 92' lang='lat' dir='ltr'><strong>cui</strong></span> <span class='ocrx_word' id='word_1_45' title='bbox 1570 886 1730 931; x_wconf 77' lang='lat' dir='ltr'><strong>tantae</strong></span> <span class='ocrx_word' id='word_1_46' title='bbox 1755 878 1836 931; x_wconf 87' lang='lat' dir='ltr'><strong>fa—</strong></span> 
     </span>
    </p>
   </div>
   <div class='ocr_carea' id='block_1_7' title="bbox 242 962 1835 1036">
    <p class='ocr_par' dir='ltr' id='par_1_7' title="bbox 242 962 1835 1036">
     <span class='ocr_line' id='line_1_7' title="bbox 242 962 1835 1036; baseline 0.002 -20"><span class='ocrx_word' id='word_1_47' title='bbox 242 962 473 1017; x_wconf 88' lang='lat' dir='ltr'><strong>cultates</strong></span> <span class='ocrx_word' id='word_1_48' title='bbox 498 972 643 1028; x_wconf 86' lang='lat' dir='ltr'><strong>sunt,</strong></span> <span class='ocrx_word' id='word_1_49' title='bbox 669 972 724 1017; x_wconf 89' lang='lat' dir='ltr'><strong>et</strong></span> <span class='ocrx_word' id='word_1_50' title='bbox 751 964 840 1032; x_wconf 91' lang='lat' dir='ltr'><strong>qui</strong></span> <span class='ocrx_word' id='word_1_51' title='bbox 871 965 1090 1019; x_wconf 89' lang='lat' dir='ltr'><strong>multam</strong></span> <span class='ocrx_word' id='word_1_52' title='bbox 1112 980 1341 1034; x_wconf 84' lang='lat' dir='ltr'><strong>superne</strong></span> <span class='ocrx_word' id='word_1_53' title='bbox 1360 967 1583 1036; x_wconf 78' lang='lat' dir='ltr'><strong>gratiam</strong></span> <span class='ocrx_word' id='word_1_54' title='bbox 1611 966 1835 1035; x_wconf 82' lang='lat' dir='ltr'><strong>invenit,</strong></span> 
     </span>
    </p>
   </div>
   <div class='ocr_carea' id='block_1_8' title="bbox 244 1055 1838 1127">
    <p class='ocr_par' dir='ltr' id='par_1_8' title="bbox 244 1055 1838 1127">
     <span class='ocr_line' id='line_1_8' title="bbox 244 1055 1838 1127; baseline 0.004 -22"><span class='ocrx_word' id='word_1_55' title='bbox 244 1055 460 1123; x_wconf 83' lang='lat' dir='ltr'><strong>quando</strong></span> <span class='ocrx_word' id='word_1_56' title='bbox 484 1055 595 1124; x_wconf 87' lang='lat' dir='ltr'><strong>jam</strong></span> <span class='ocrx_word' id='word_1_57' title='bbox 625 1056 802 1109; x_wconf 84' lang='lat' dir='ltr'><strong>senuit</strong></span> <span class='ocrx_word' id='word_1_58' title='bbox 830 1098 846 1122; x_wconf 92' lang='lat'><strong>,</strong></span> <span class='ocrx_word' id='word_1_59' title='bbox 875 1070 943 1111; x_wconf 81' lang='lat' dir='ltr'><strong>ex</strong></span> <span class='ocrx_word' id='word_1_60' title='bbox 981 1055 1139 1112; x_wconf 85' lang='lat' dir='ltr'><strong>Sarra</strong></span> <span class='ocrx_word' id='word_1_61' title='bbox 1172 1056 1337 1112; x_wconf 86' lang='lat' dir='ltr'><strong>lilium</strong></span> <span class='ocrx_word' id='word_1_62' title='bbox 1365 1058 1599 1127; x_wconf 86' lang='lat' dir='ltr'><strong>suscepit</strong></span> <span class='ocrx_word' id='word_1_63' title='bbox 1622 1099 1638 1123; x_wconf 91' lang='lat'><strong>,</strong></span> <span class='ocrx_word' id='word_1_64' title='bbox 1665 1059 1838 1112; x_wconf 88' lang='lat' dir='ltr'><strong>hunc-</strong></span> 
     </span>
    </p>
   </div>
   <div class='ocr_carea' id='block_1_9' title="bbox 248 1146 1837 1219">
    <p class='ocr_par' dir='ltr' id='par_1_9' title="bbox 248 1146 1837 1219">
     <span class='ocr_line' id='line_1_9' title="bbox 248 1146 1837 1219; baseline 0.003 -19"><span class='ocrx_word' id='word_1_65' title='bbox 248 1162 356 1216; x_wconf 89' lang='lat' dir='ltr'><strong>que</strong></span> <span class='ocrx_word' id='word_1_66' title='bbox 386 1146 589 1201; x_wconf 89' lang='lat' dir='ltr'><strong>habens</strong></span> <span class='ocrx_word' id='word_1_67' title='bbox 610 1148 960 1217; x_wconf 79' lang='lat' dir='ltr'><strong>unigenitum,</strong></span> <span class='ocrx_word' id='word_1_68' title='bbox 989 1149 1158 1219; x_wconf 89' lang='lat' dir='ltr'><strong>ipsum</strong></span> <span class='ocrx_word' id='word_1_69' title='bbox 1184 1149 1435 1205; x_wconf 86' lang='lat' dir='ltr'><strong>heredem</strong></span> <span class='ocrx_word' id='word_1_70' title='bbox 1452 1150 1687 1204; x_wconf 92' lang='lat' dir='ltr'><strong>omnium</strong></span> <span class='ocrx_word' id='word_1_71' title='bbox 1710 1165 1837 1204; x_wconf 85' lang='lat' dir='ltr'><strong>suo-</strong></span> 
     </span>
    </p>
   </div>
   <div class='ocr_carea' id='block_1_10' title="bbox 243 1237 1839 1311">
    <p class='ocr_par' dir='ltr' id='par_1_10' title="bbox 243 1237 1839 1311">
     <span class='ocr_line' id='line_1_10' title="bbox 243 1237 1839 1311; baseline 0.003 -21"><span class='ocrx_word' id='word_1_72' title='bbox 243 1252 364 1291; x_wconf 88' lang='lat' dir='ltr'><strong>rum</strong></span> <span class='ocrx_word' id='word_1_73' title='bbox 395 1237 505 1307; x_wconf 88' lang='lat' dir='ltr'><strong>jam</strong></span> <span class='ocrx_word' id='word_1_74' title='bbox 535 1240 809 1293; x_wconf 90' lang='lat' dir='ltr'><strong>constituit</strong></span> <span class='ocrx_word' id='word_1_75' title='bbox 833 1256 848 1295; x_wconf 89' lang='lat'><strong>:</strong></span> <span class='ocrx_word' id='word_1_76' title='bbox 874 1239 1070 1309; x_wconf 89' lang='lat' dir='ltr'><strong>quippe</strong></span> <span class='ocrx_word' id='word_1_77' title='bbox 1099 1237 1285 1294; x_wconf 81' lang='lat' dir='ltr'><strong><em>Omnia</em></strong></span> <span class='ocrx_word' id='word_1_78' title='bbox 1313 1240 1451 1294; x_wconf 84' lang='lat' dir='ltr'><strong>dedit</strong></span> <span class='ocrx_word' id='word_1_79' title='bbox 1476 1242 1554 1295; x_wconf 83' lang='lat' dir='ltr'><strong>illi</strong></span> <span class='ocrx_word' id='word_1_80' title='bbox 1583 1257 1839 1311; x_wconf 69' lang='lat' dir='ltr'><strong>quatcunt-</strong></span> 
     </span>
    </p>
   </div>
   <div class='ocr_carea' id='block_1_11' title="bbox 244 1328 1841 1403">
    <p class='ocr_par' dir='ltr' id='par_1_11' title="bbox 244 1328 1841 1403">
     <span class='ocr_line' id='line_1_11' title="bbox 244 1328 1841 1403; baseline 0.006 -23"><span class='ocrx_word' id='word_1_81' title='bbox 244 1345 345 1397; x_wconf 88' lang='lat' dir='ltr'><strong>que</strong></span> <span class='ocrx_word' id='word_1_82' title='bbox 364 1328 562 1385; x_wconf 88' lang='lat' dir='ltr'><strong>habuit.</strong></span> <span class='ocrx_word' id='word_1_83' title='bbox 592 1328 720 1383; x_wconf 88' lang='lat' dir='ltr'><strong>Dein</strong></span> <span class='ocrx_word' id='word_1_84' title='bbox 753 1340 1030 1400; x_wconf 86' lang='lat' dir='ltr'><strong>postquam</strong></span> <span class='ocrx_word' id='word_1_85' title='bbox 1051 1333 1285 1386; x_wconf 89' lang='lat' dir='ltr'><strong>narravit</strong></span> <span class='ocrx_word' id='word_1_86' title='bbox 1309 1331 1507 1387; x_wconf 90' lang='lat' dir='ltr'><strong>domini</strong></span> <span class='ocrx_word' id='word_1_87' title='bbox 1531 1332 1841 1403; x_wconf 90' lang='lat' dir='ltr'><strong>gloriam,et</strong></span> 
     </span>
    </p>
   </div>
   <div class='ocr_carea' id='block_1_12' title="bbox 247 1419 1842 1493">
    <p class='ocr_par' dir='ltr' id='par_1_12' title="bbox 247 1419 1842 1493">
     <span class='ocr_line' id='line_1_12' title="bbox 247 1419 1842 1493; baseline 0.003 -20"><span class='ocrx_word' id='word_1_88' title='bbox 247 1419 417 1475; x_wconf 89' lang='lat' dir='ltr'><strong>lsaaci</strong></span> <span class='ocrx_word' id='word_1_89' title='bbox 446 1432 677 1490; x_wconf 88' lang='lat' dir='ltr'><strong>partum,</strong></span> <span class='ocrx_word' id='word_1_90' title='bbox 701 1421 829 1476; x_wconf 89' lang='lat' dir='ltr'><strong>dicit</strong></span> <span class='ocrx_word' id='word_1_91' title='bbox 869 1424 1085 1493; x_wconf 87' lang='lat' dir='ltr'><strong>insuper</strong></span> <span class='ocrx_word' id='word_1_92' title='bbox 1104 1431 1158 1478; x_wconf 92' lang='lat' dir='ltr'><strong>et</strong></span> <span class='ocrx_word' id='word_1_93' title='bbox 1186 1423 1434 1478; x_wconf 89' lang='lat' dir='ltr'><strong>mandata</strong></span> <span class='ocrx_word' id='word_1_94' title='bbox 1463 1439 1581 1493; x_wconf 66' lang='lat' dir='ltr'><strong>quae</strong></span> <span class='ocrx_word' id='word_1_95' title='bbox 1617 1438 1842 1493; x_wconf 84' lang='lat' dir='ltr'><strong>accepe-</strong></span> 
     </span>
    </p>
   </div>
   <div class='ocr_carea' id='block_1_13' title="bbox 246 1512 1842 1585">
    <p class='ocr_par' dir='ltr' id='par_1_13' title="bbox 246 1512 1842 1585">
     <span class='ocr_line' id='line_1_13' title="bbox 246 1512 1842 1585; baseline 0.003 -20"><span class='ocrx_word' id='word_1_96' title='bbox 246 1522 332 1565; x_wconf 91' lang='lat' dir='ltr'><strong>rat</strong></span> <span class='ocrx_word' id='word_1_97' title='bbox 361 1512 429 1564; x_wconf 89' lang='lat' dir='ltr'><strong>ah</strong></span> <span class='ocrx_word' id='word_1_98' title='bbox 460 1512 588 1567; x_wconf 90' lang='lat' dir='ltr'><strong>hero</strong></span> <span class='ocrx_word' id='word_1_99' title='bbox 616 1528 735 1579; x_wconf 91' lang='lat' dir='ltr'><strong>suo,</strong></span> <span class='ocrx_word' id='word_1_100' title='bbox 759 1524 814 1567; x_wconf 94' lang='lat' dir='ltr'><strong>ut</strong></span> <span class='ocrx_word' id='word_1_101' title='bbox 840 1514 893 1568; x_wconf 92' lang='lat' dir='ltr'><strong>in</strong></span> <span class='ocrx_word' id='word_1_102' title='bbox 918 1512 1155 1569; x_wconf 87' lang='lat' dir='ltr'><strong>Charran</strong></span> <span class='ocrx_word' id='word_1_103' title='bbox 1178 1515 1626 1585; x_wconf 82' lang='lat' dir='ltr'><strong>proficisceretur.</strong></span> <span class='ocrx_word' id='word_1_104' title='bbox 1654 1517 1743 1571; x_wconf 79' lang='lat'><strong>5&#39;7.</strong></span> <span class='ocrx_word' id='word_1_105' title='bbox 1774 1515 1842 1570; x_wconf 86' lang='lat' dir='ltr'><strong>Et</strong></span> 
     </span>
    </p>
   </div>
   <div class='ocr_carea' id='block_1_14' title="bbox 247 1603 1844 1675">
    <p class='ocr_par' dir='ltr' id='par_1_14' title="bbox 247 1603 1844 1675">
     <span class='ocr_line' id='line_1_14' title="bbox 247 1603 1844 1675; baseline 0.004 -22"><span class='ocrx_word' id='word_1_106' title='bbox 247 1603 506 1671; x_wconf 82' lang='lat' dir='ltr'><strong>adjuravit</strong></span> <span class='ocrx_word' id='word_1_107' title='bbox 533 1620 631 1667; x_wconf 88' lang='lat' dir='ltr'><strong>me,</strong></span> <span class='ocrx_word' id='word_1_108' title='bbox 654 1604 842 1675; x_wconf 87' lang='lat' dir='ltr'><strong>inquit,</strong></span> <span class='ocrx_word' id='word_1_109' title='bbox 873 1604 1109 1660; x_wconf 90' lang='lat' dir='ltr'><strong>dominus</strong></span> <span class='ocrx_word' id='word_1_110' title='bbox 1126 1623 1288 1672; x_wconf 89' lang='lat' dir='ltr'><strong>meus,</strong></span> <span class='ocrx_word' id='word_1_111' title='bbox 1311 1605 1481 1660; x_wconf 88' lang='lat' dir='ltr'><strong>dicens</strong></span> <span class='ocrx_word' id='word_1_112' title='bbox 1509 1624 1531 1661; x_wconf 90' lang='lat'><strong><em>:</em></strong></span> <span class='ocrx_word' id='word_1_113' title='bbox 1554 1605 1675 1661; x_wconf 84' lang='lat' dir='ltr'><strong>Non</strong></span> <span class='ocrx_word' id='word_1_114' title='bbox 1701 1607 1844 1660; x_wconf 78' lang='lat' dir='ltr'><strong>acci-</strong></span> 
     </span>
    </p>
   </div>
   <div class='ocr_carea' id='block_1_15' title="bbox 251 1694 1845 1766">
    <p class='ocr_par' dir='ltr' id='par_1_15' title="bbox 251 1694 1845 1766">
     <span class='ocr_line' id='line_1_15' title="bbox 251 1694 1845 1766; baseline 0.003 -19"><span class='ocrx_word' id='word_1_115' title='bbox 251 1695 360 1763; x_wconf 83' lang='lat' dir='ltr'><strong>pies</strong></span> <span class='ocrx_word' id='word_1_116' title='bbox 382 1711 588 1748; x_wconf 83' lang='lat' dir='ltr'><strong>uxorem</strong></span> <span class='ocrx_word' id='word_1_117' title='bbox 626 1696 735 1764; x_wconf 85' lang='lat' dir='ltr'><strong>ﬁlio</strong></span> <span class='ocrx_word' id='word_1_118' title='bbox 758 1712 867 1750; x_wconf 89' lang='lat' dir='ltr'><strong>meo</strong></span> <span class='ocrx_word' id='word_1_119' title='bbox 896 1694 1049 1751; x_wconf 88' lang='lat' dir='ltr'><strong>Isaac</strong></span> <span class='ocrx_word' id='word_1_120' title='bbox 1072 1697 1136 1751; x_wconf 88' lang='lat' dir='ltr'><strong>de</strong></span> <span class='ocrx_word' id='word_1_121' title='bbox 1159 1697 1386 1751; x_wconf 88' lang='lat' dir='ltr'><strong>omnibus</strong></span> <span class='ocrx_word' id='word_1_122' title='bbox 1407 1697 1609 1766; x_wconf 86' lang='lat' dir='ltr'><strong>ﬁliabus</strong></span> <span class='ocrx_word' id='word_1_123' title='bbox 1637 1698 1845 1752; x_wconf 85' lang='lat' dir='ltr'><strong>Chana-</strong></span> 
     </span>
    </p>
   </div>
   <div class='ocr_carea' id='block_1_16' title="bbox 251 1787 1847 1859">
    <p class='ocr_par' dir='ltr' id='par_1_16' title="bbox 251 1787 1847 1859">
     <span class='ocr_line' id='line_1_16' title="bbox 251 1787 1847 1859; baseline 0.003 -21"><span class='ocrx_word' id='word_1_124' title='bbox 251 1802 480 1839; x_wconf 76' lang='lat' dir='ltr'><strong>nteorum</strong></span> <span class='ocrx_word' id='word_1_125' title='bbox 504 1828 519 1851; x_wconf 92' lang='lat'><strong>,</strong></span> <span class='ocrx_word' id='word_1_126' title='bbox 549 1787 678 1841; x_wconf 86' lang='lat' dir='ltr'><strong>inter</strong></span> <span class='ocrx_word' id='word_1_127' title='bbox 717 1804 843 1859; x_wconf 91' lang='lat' dir='ltr'><strong>quos</strong></span> <span class='ocrx_word' id='word_1_128' title='bbox 884 1804 975 1858; x_wconf 96' lang='lat' dir='ltr'><strong>ego</strong></span> <span class='ocrx_word' id='word_1_129' title='bbox 1029 1789 1198 1842; x_wconf 89' lang='lat' dir='ltr'><strong>habito</strong></span> <span class='ocrx_word' id='word_1_130' title='bbox 1222 1806 1241 1843; x_wconf 92' lang='lat'><strong><em>:</em></strong></span> <span class='ocrx_word' id='word_1_131' title='bbox 1279 1789 1369 1845; x_wconf 76' lang='lat'><strong>58.</strong></span> <span class='ocrx_word' id='word_1_132' title='bbox 1411 1790 1501 1844; x_wconf 90' lang='lat' dir='ltr'><strong>sed</strong></span> <span class='ocrx_word' id='word_1_133' title='bbox 1538 1791 1591 1843; x_wconf 89' lang='lat' dir='ltr'><strong>in</strong></span> <span class='ocrx_word' id='word_1_134' title='bbox 1640 1790 1847 1843; x_wconf 91' lang='lat' dir='ltr'><strong>domum</strong></span> 
     </span>
    </p>
   </div>
   <div class='ocr_carea' id='block_1_17' title="bbox 253 1878 1848 1951">
    <p class='ocr_par' dir='ltr' id='par_1_17' title="bbox 253 1878 1848 1951">
     <span class='ocr_line' id='line_1_17' title="bbox 253 1878 1848 1951; baseline 0.003 -22"><span class='ocrx_word' id='word_1_135' title='bbox 253 1880 417 1946; x_wconf 89' lang='lat' dir='ltr'><strong>patris</strong></span> <span class='ocrx_word' id='word_1_136' title='bbox 459 1881 554 1932; x_wconf 88' lang='lat' dir='ltr'><strong>mei</strong></span> <span class='ocrx_word' id='word_1_137' title='bbox 583 1878 728 1947; x_wconf 87' lang='lat' dir='ltr'><strong>vade,</strong></span> <span class='ocrx_word' id='word_1_138' title='bbox 777 1889 825 1933; x_wconf 89' lang='lat' dir='ltr'><strong>et</strong></span> <span class='ocrx_word' id='word_1_139' title='bbox 876 1880 943 1932; x_wconf 90' lang='lat' dir='ltr'><strong>ad</strong></span> <span class='ocrx_word' id='word_1_140' title='bbox 969 1880 1317 1951; x_wconf 77' lang='lat' dir='ltr'><strong>cognationem</strong></span> <span class='ocrx_word' id='word_1_141' title='bbox 1360 1897 1544 1947; x_wconf 86' lang='lat' dir='ltr'><strong>meam,</strong></span> <span class='ocrx_word' id='word_1_142' title='bbox 1573 1880 1692 1935; x_wconf 89' lang='lat' dir='ltr'><strong>inde</strong></span> <span class='ocrx_word' id='word_1_143' title='bbox 1716 1882 1848 1935; x_wconf 72' lang='lat' dir='ltr'><strong>arci-</strong></span> 
     </span>
    </p>
   </div>
   <div class='ocr_carea' id='block_1_18' title="bbox 253 1971 1853 2043">
    <p class='ocr_par' dir='ltr' id='par_1_18' title="bbox 253 1971 1853 2043">
     <span class='ocr_line' id='line_1_18' title="bbox 253 1971 1853 2043; baseline 0.001 -19"><span class='ocrx_word' id='word_1_144' title='bbox 253 1971 362 2041; x_wconf 87' lang='lat' dir='ltr'><strong>pies</strong></span> <span class='ocrx_word' id='word_1_145' title='bbox 384 1987 591 2025; x_wconf 84' lang='lat' dir='ltr'><strong>uxorem</strong></span> <span class='ocrx_word' id='word_1_146' title='bbox 616 1972 725 2040; x_wconf 80' lang='lat' dir='ltr'><strong>ﬁlio</strong></span> <span class='ocrx_word' id='word_1_147' title='bbox 749 1988 878 2026; x_wconf 89' lang='lat' dir='ltr'><strong>meo.</strong></span> <span class='ocrx_word' id='word_1_148' title='bbox 909 1973 974 2027; x_wconf 85' lang='lat' dir='ltr'><strong>Et</strong></span> <span class='ocrx_word' id='word_1_149' title='bbox 998 1973 1114 2043; x_wconf 89' lang='lat' dir='ltr'><strong>ipse</strong></span> <span class='ocrx_word' id='word_1_150' title='bbox 1141 1973 1356 2043; x_wconf 90' lang='lat' dir='ltr'><strong>quidem</strong></span> <span class='ocrx_word' id='word_1_151' title='bbox 1388 1973 1506 2028; x_wconf 67' lang='lat' dir='ltr'><strong>haec</strong></span> <span class='ocrx_word' id='word_1_152' title='bbox 1541 1974 1670 2028; x_wconf 88' lang='lat' dir='ltr'><strong>mihi</strong></span> <span class='ocrx_word' id='word_1_153' title='bbox 1699 1989 1853 2026; x_wconf 88' lang='lat' dir='ltr'><strong>man-</strong></span> 
     </span>
    </p>
   </div>
   <div class='ocr_carea' id='block_1_19' title="bbox 251 2062 1848 2135">
    <p class='ocr_par' dir='ltr' id='par_1_19' title="bbox 251 2062 1848 2135">
     <span class='ocr_line' id='line_1_19' title="bbox 251 2062 1848 2135; baseline 0.002 -19"><span class='ocrx_word' id='word_1_154' title='bbox 251 2062 422 2128; x_wconf 86' lang='lat' dir='ltr'><strong>davit,</strong></span> <span class='ocrx_word' id='word_1_155' title='bbox 451 2078 551 2131; x_wconf 77' lang='lat' dir='ltr'><strong>ego</strong></span> <span class='ocrx_word' id='word_1_156' title='bbox 580 2074 755 2118; x_wconf 88' lang='lat' dir='ltr'><strong>autem</strong></span> <span class='ocrx_word' id='word_1_157' title='bbox 777 2064 1139 2119; x_wconf 83' lang='lat' dir='ltr'><strong>difficultatem</strong></span> <span class='ocrx_word' id='word_1_158' title='bbox 1168 2066 1364 2135; x_wconf 80' lang='lat' dir='ltr'><strong>negotii</strong></span> <span class='ocrx_word' id='word_1_159' title='bbox 1382 2081 1589 2121; x_wconf 91' lang='lat' dir='ltr'><strong>mecum</strong></span> <span class='ocrx_word' id='word_1_160' title='bbox 1618 2081 1848 2135; x_wconf 80' lang='lat' dir='ltr'><strong>perpen-</strong></span> 
     </span>
    </p>
   </div>
   <div class='ocr_carea' id='block_1_20' title="bbox 253 2153 1851 2228">
    <p class='ocr_par' dir='ltr' id='par_1_20' title="bbox 253 2153 1851 2228">
     <span class='ocr_line' id='line_1_20' title="bbox 253 2153 1851 2228; baseline 0.001 -21"><span class='ocrx_word' id='word_1_161' title='bbox 253 2153 415 2217; x_wconf 89' lang='lat' dir='ltr'><strong>dens,</strong></span> <span class='ocrx_word' id='word_1_162' title='bbox 443 2155 692 2224; x_wconf 84' lang='lat' dir='ltr'><strong>rogabam</strong></span> <span class='ocrx_word' id='word_1_163' title='bbox 736 2154 1011 2209; x_wconf 90' lang='lat' dir='ltr'><strong>dominum</strong></span> <span class='ocrx_word' id='word_1_164' title='bbox 1042 2171 1217 2211; x_wconf 90' lang='lat' dir='ltr'><strong>meum</strong></span> <span class='ocrx_word' id='word_1_165' title='bbox 1242 2156 1261 2228; x_wconf 97' lang='lat'>(</span> <span class='ocrx_word' id='word_1_166' title='bbox 1287 2172 1333 2210; x_wconf 89' lang='lat' dir='ltr'><strong>v.</strong></span> <span class='ocrx_word' id='word_1_167' title='bbox 1383 2157 1515 2225; x_wconf 79' lang='lat'><strong>59),</strong></span> <span class='ocrx_word' id='word_1_168' title='bbox 1546 2157 1590 2210; x_wconf 89' lang='lat' dir='ltr'><strong>si</strong></span> <span class='ocrx_word' id='word_1_169' title='bbox 1620 2173 1722 2210; x_wconf 90' lang='lat' dir='ltr'><strong>non</strong></span> <span class='ocrx_word' id='word_1_170' title='bbox 1753 2172 1851 2209; x_wconf 85' lang='lat' dir='ltr'><strong>vo-</strong></span> 
     </span>
    </p>
   </div>
   <div class='ocr_carea' id='block_1_21' title="bbox 253 2247 1851 2304">
    <p class='ocr_par' dir='ltr' id='par_1_21' title="bbox 253 2247 1851 2304">
     <span class='ocr_line' id='line_1_21' title="bbox 253 2247 1851 2304; baseline 0 -2"><span class='ocrx_word' id='word_1_171' title='bbox 253 2248 417 2302; x_wconf 86' lang='lat' dir='ltr'><strong>luerit</strong></span> <span class='ocrx_word' id='word_1_172' title='bbox 446 2249 635 2303; x_wconf 88' lang='lat' dir='ltr'><strong>mulier</strong></span> <span class='ocrx_word' id='word_1_173' title='bbox 662 2248 840 2303; x_wconf 88' lang='lat' dir='ltr'><strong>venire</strong></span> <span class='ocrx_word' id='word_1_174' title='bbox 870 2264 1100 2303; x_wconf 91' lang='lat' dir='ltr'><strong>mecum.</strong></span> <span class='ocrx_word' id='word_1_175' title='bbox 1160 2249 1250 2304; x_wconf 74' lang='grc'><strong>40.</strong></span> <span class='ocrx_word' id='word_1_176' title='bbox 1283 2247 1351 2302; x_wconf 86' lang='lat' dir='ltr'><strong>Et</strong></span> <span class='ocrx_word' id='word_1_177' title='bbox 1384 2250 1511 2303; x_wconf 85' lang='lat' dir='ltr'><strong>dixit</strong></span> <span class='ocrx_word' id='word_1_178' title='bbox 1540 2249 1665 2302; x_wconf 89' lang='lat' dir='ltr'><strong>mihi</strong></span> <span class='ocrx_word' id='word_1_179' title='bbox 1696 2265 1715 2304; x_wconf 89' lang='lat'><strong><em>:</em></strong></span> <span class='ocrx_word' id='word_1_180' title='bbox 1745 2247 1851 2302; x_wconf 84' lang='lat' dir='ltr'><strong>Do-</strong></span> 
     </span>
    </p>
   </div>
   <div class='ocr_carea' id='block_1_22' title="bbox 255 2337 1856 2411">
    <p class='ocr_par' dir='ltr' id='par_1_22' title="bbox 255 2337 1856 2411">
     <span class='ocr_line' id='line_1_22' title="bbox 255 2337 1856 2411; baseline 0.002 -21"><span class='ocrx_word' id='word_1_181' title='bbox 255 2341 427 2391; x_wconf 86' lang='lat' dir='ltr'><strong>minus</strong></span> <span class='ocrx_word' id='word_1_182' title='bbox 456 2337 593 2393; x_wconf 88' lang='lat' dir='ltr'><strong>Deus</strong></span> <span class='ocrx_word' id='word_1_183' title='bbox 615 2340 695 2392; x_wconf 86' lang='lat' dir='ltr'><strong>cui</strong></span> <span class='ocrx_word' id='word_1_184' title='bbox 735 2340 1013 2409; x_wconf 88' lang='lat' dir='ltr'><strong>complacui</strong></span> <span class='ocrx_word' id='word_1_185' title='bbox 1033 2356 1205 2393; x_wconf 87' lang='lat' dir='ltr'><strong>corant</strong></span> <span class='ocrx_word' id='word_1_186' title='bbox 1234 2356 1315 2406; x_wconf 91' lang='lat' dir='ltr'><strong>eo,</strong></span> <span class='ocrx_word' id='word_1_187' title='bbox 1358 2340 1463 2410; x_wconf 88' lang='lat' dir='ltr'><strong>ipse</strong></span> <span class='ocrx_word' id='word_1_188' title='bbox 1504 2343 1663 2394; x_wconf 87' lang='lat' dir='ltr'><strong>mittet</strong></span> <span class='ocrx_word' id='word_1_189' title='bbox 1698 2356 1856 2411; x_wconf 68' lang='lat' dir='ltr'><strong>angeo</strong></span> 
     </span>
    </p>
   </div>
   <div class='ocr_carea' id='block_1_23' title="bbox 258 2431 1858 2501">
    <p class='ocr_par' dir='ltr' id='par_1_23' title="bbox 258 2431 1858 2501">
     <span class='ocr_line' id='line_1_23' title="bbox 258 2431 1858 2501; baseline 0 -18"><span class='ocrx_word' id='word_1_190' title='bbox 258 2435 369 2483; x_wconf 85' lang='lat' dir='ltr'><strong>tum</strong></span> <span class='ocrx_word' id='word_1_191' title='bbox 400 2447 545 2483; x_wconf 88' lang='lat' dir='ltr'><strong>suum</strong></span> <span class='ocrx_word' id='word_1_192' title='bbox 571 2438 731 2484; x_wconf 81' lang='lat' dir='ltr'><strong>tecum</strong></span> <span class='ocrx_word' id='word_1_193' title='bbox 753 2472 768 2497; x_wconf 90' lang='lat'><strong>,</strong></span> <span class='ocrx_word' id='word_1_194' title='bbox 792 2440 838 2483; x_wconf 90' lang='lat' dir='ltr'><strong>et</strong></span> <span class='ocrx_word' id='word_1_195' title='bbox 870 2447 1165 2501; x_wconf 88' lang='lat' dir='ltr'><strong>prosperum</strong></span> <span class='ocrx_word' id='word_1_196' title='bbox 1188 2431 1338 2500; x_wconf 89' lang='lat' dir='ltr'><strong>faciet</strong></span> <span class='ocrx_word' id='word_1_197' title='bbox 1364 2432 1460 2484; x_wconf 84' lang='lat' dir='ltr'><strong>iter</strong></span> <span class='ocrx_word' id='word_1_198' title='bbox 1484 2440 1664 2499; x_wconf 91' lang='lat' dir='ltr'><strong>tuum,</strong></span> <span class='ocrx_word' id='word_1_199' title='bbox 1694 2442 1740 2484; x_wconf 92' lang='lat' dir='ltr'><strong>et</strong></span> <span class='ocrx_word' id='word_1_200' title='bbox 1768 2448 1858 2483; x_wconf 86' lang='lat' dir='ltr'><strong>ac-</strong></span> 
     </span>
    </p>
   </div>
   <div class='ocr_carea' id='block_1_24' title="bbox 255 2522 1856 2591">
    <p class='ocr_par' dir='ltr' id='par_1_24' title="bbox 255 2522 1856 2591">
     <span class='ocr_line' id='line_1_24' title="bbox 255 2522 1856 2591; baseline 0.001 -18"><span class='ocrx_word' id='word_1_201' title='bbox 255 2522 417 2590; x_wconf 85' lang='lat' dir='ltr'><strong>cipies</strong></span> <span class='ocrx_word' id='word_1_202' title='bbox 447 2537 651 2575; x_wconf 88' lang='lat' dir='ltr'><strong>uxorem</strong></span> <span class='ocrx_word' id='word_1_203' title='bbox 682 2522 788 2589; x_wconf 78' lang='lat' dir='ltr'><strong>ﬁlio</strong></span> <span class='ocrx_word' id='word_1_204' title='bbox 818 2538 946 2587; x_wconf 88' lang='lat' dir='ltr'><strong>meo,</strong></span> <span class='ocrx_word' id='word_1_205' title='bbox 978 2538 1040 2575; x_wconf 88' lang='lat' dir='ltr'><strong>ex</strong></span> <span class='ocrx_word' id='word_1_206' title='bbox 1065 2522 1366 2591; x_wconf 87' lang='lat' dir='ltr'><strong>cognatione</strong></span> <span class='ocrx_word' id='word_1_207' title='bbox 1395 2539 1527 2586; x_wconf 88' lang='lat' dir='ltr'><strong>mea,</strong></span> <span class='ocrx_word' id='word_1_208' title='bbox 1545 2530 1591 2576; x_wconf 91' lang='lat' dir='ltr'><strong>et</strong></span> <span class='ocrx_word' id='word_1_209' title='bbox 1619 2539 1681 2576; x_wconf 65' lang='lat' dir='ltr'><strong>ac</strong></span> <span class='ocrx_word' id='word_1_210' title='bbox 1704 2522 1856 2575; x_wconf 87' lang='lat' dir='ltr'><strong>domo</strong></span> 
     </span>
    </p>
   </div>
   <div class='ocr_carea' id='block_1_25' title="bbox 259 2612 1855 2683">
    <p class='ocr_par' dir='ltr' id='par_1_25' title="bbox 259 2612 1855 2683">
     <span class='ocr_line' id='line_1_25' title="bbox 259 2612 1855 2683; baseline 0.002 -21"><span class='ocrx_word' id='word_1_211' title='bbox 259 2613 423 2682; x_wconf 85' lang='lat' dir='ltr'><strong>patris</strong></span> <span class='ocrx_word' id='word_1_212' title='bbox 452 2612 569 2665; x_wconf 88' lang='lat' dir='ltr'><strong>mei.</strong></span> <span class='ocrx_word' id='word_1_213' title='bbox 623 2612 775 2680; x_wconf 86' lang='lat' dir='ltr'><strong>Quod</strong></span> <span class='ocrx_word' id='word_1_214' title='bbox 820 2614 863 2666; x_wconf 92' lang='lat' dir='ltr'><strong>si</strong></span> <span class='ocrx_word' id='word_1_215' title='bbox 890 2627 998 2667; x_wconf 90' lang='lat' dir='ltr'><strong>non</strong></span> <span class='ocrx_word' id='word_1_216' title='bbox 1027 2614 1258 2682; x_wconf 91' lang='lat' dir='ltr'><strong>potuerit</strong></span> <span class='ocrx_word' id='word_1_217' title='bbox 1302 2613 1609 2683; x_wconf 91' lang='lat' dir='ltr'><strong>persuaderi</strong></span> <span class='ocrx_word' id='word_1_218' title='bbox 1639 2613 1855 2680; x_wconf 86' lang='lat' dir='ltr'><strong>mulier,</strong></span> 
     </span>
    </p>
   </div>
   <div class='ocr_carea' id='block_1_26' title="bbox 260 2702 1863 2774">
    <p class='ocr_par' dir='ltr' id='par_1_26' title="bbox 260 2702 1863 2774">
     <span class='ocr_line' id='line_1_26' title="bbox 260 2702 1863 2774; baseline -0.001 -18"><span class='ocrx_word' id='word_1_219' title='bbox 260 2714 320 2757; x_wconf 91' lang='lat' dir='ltr'><strong>ut</strong></span> <span class='ocrx_word' id='word_1_220' title='bbox 344 2714 512 2757; x_wconf 86' lang='lat' dir='ltr'><strong>tecum</strong></span> <span class='ocrx_word' id='word_1_221' title='bbox 542 2704 645 2758; x_wconf 91' lang='lat' dir='ltr'><strong>huc</strong></span> <span class='ocrx_word' id='word_1_222' title='bbox 660 2702 1111 2774; x_wconf 67' lang='lat' dir='ltr'><strong>proficiscatur,“</strong></span> <span class='ocrx_word' id='word_1_223' title='bbox 1126 2744 1138 2757; x_wconf 94' lang='lat'><strong>.</strong></span> <span class='ocrx_word' id='word_1_224' title='bbox 1166 2703 1308 2758; x_wconf 88' lang='lat' dir='ltr'><strong>Tunc</strong></span> <span class='ocrx_word' id='word_1_225' title='bbox 1324 2705 1561 2759; x_wconf 74' lang='lat' dir='ltr'><strong>innocens</strong></span> <span class='ocrx_word' id='word_1_226' title='bbox 1579 2704 1676 2758; x_wconf 90' lang='lat' dir='ltr'><strong>eris</strong></span> <span class='ocrx_word' id='word_1_227' title='bbox 1699 2720 1731 2756; x_wconf 90' lang='lat' dir='ltr'><strong>a</strong></span> <span class='ocrx_word' id='word_1_228' title='bbox 1755 2720 1863 2755; x_wconf 77' lang='lat' dir='ltr'><strong>ma-</strong></span> 
     </span>
    </p>
   </div>
   <div class='ocr_carea' id='block_1_27' title="bbox 261 2795 1856 2865">
    <p class='ocr_par' dir='ltr' id='par_1_27' title="bbox 261 2795 1856 2865">
     <span class='ocr_line' id='line_1_27' title="bbox 261 2795 1856 2865; baseline 0 -17"><span class='ocrx_word' id='word_1_229' title='bbox 261 2795 531 2849; x_wconf 84' lang='lat' dir='ltr'><strong>ledictione</strong></span> <span class='ocrx_word' id='word_1_230' title='bbox 560 2812 690 2850; x_wconf 90' lang='lat' dir='ltr'><strong>mea.</strong></span> <span class='ocrx_word' id='word_1_231' title='bbox 716 2795 878 2864; x_wconf 83' lang='lat' dir='ltr'><strong>Igitur</strong></span> <span class='ocrx_word' id='word_1_232' title='bbox 902 2795 1150 2850; x_wconf 92' lang='lat' dir='ltr'><strong>dominus</strong></span> <span class='ocrx_word' id='word_1_233' title='bbox 1175 2795 1389 2865; x_wconf 91' lang='lat' dir='ltr'><strong>quidem</strong></span> <span class='ocrx_word' id='word_1_234' title='bbox 1413 2795 1527 2849; x_wconf 73' lang='lat' dir='ltr'><strong>htec</strong></span> <span class='ocrx_word' id='word_1_235' title='bbox 1556 2795 1682 2848; x_wconf 90' lang='lat' dir='ltr'><strong>mihi</strong></span> <span class='ocrx_word' id='word_1_236' title='bbox 1703 2810 1856 2848; x_wconf 84' lang='lat' dir='ltr'><strong>man-</strong></span> 
     </span>
    </p>
   </div>
   <div class='ocr_carea' id='block_1_28' title="bbox 262 2883 1858 2955">
    <p class='ocr_par' dir='ltr' id='par_1_28' title="bbox 262 2883 1858 2955">
     <span class='ocr_line' id='line_1_28' title="bbox 262 2883 1858 2955; baseline 0.001 -18"><span class='ocrx_word' id='word_1_237' title='bbox 262 2885 442 2950; x_wconf 81' lang='lat' dir='ltr'><strong>davit,</strong></span> <span class='ocrx_word' id='word_1_238' title='bbox 481 2895 536 2939; x_wconf 91' lang='lat' dir='ltr'><strong>et</strong></span> <span class='ocrx_word' id='word_1_239' title='bbox 563 2886 745 2939; x_wconf 90' lang='lat' dir='ltr'><strong>talium</strong></span> <span class='ocrx_word' id='word_1_240' title='bbox 796 2901 1009 2955; x_wconf 90' lang='lat' dir='ltr'><strong>precum</strong></span> <span class='ocrx_word' id='word_1_241' title='bbox 1036 2886 1227 2940; x_wconf 88' lang='lat' dir='ltr'><strong>viatico</strong></span> <span class='ocrx_word' id='word_1_242' title='bbox 1274 2901 1359 2939; x_wconf 90' lang='lat' dir='ltr'><strong>me</strong></span> <span class='ocrx_word' id='word_1_243' title='bbox 1408 2885 1721 2939; x_wconf 90' lang='lat' dir='ltr'><strong>instructum</strong></span> <span class='ocrx_word' id='word_1_244' title='bbox 1753 2883 1858 2939; x_wconf 87' lang='lat' dir='ltr'><strong>huc</strong></span> 
     </span>
    </p>
   </div>
   <div class='ocr_carea' id='block_1_29' title="bbox 262 2975 1856 3047">
    <p class='ocr_par' dir='ltr' id='par_1_29' title="bbox 262 2975 1856 3047">
     <span class='ocr_line' id='line_1_29' title="bbox 262 2975 1856 3047; baseline 0 -18"><span class='ocrx_word' id='word_1_245' title='bbox 262 2977 417 3030; x_wconf 88' lang='lat' dir='ltr'><strong>misit</strong></span> <span class='ocrx_word' id='word_1_246' title='bbox 448 2991 463 3031; x_wconf 92' lang='lat'>:</span> <span class='ocrx_word' id='word_1_247' title='bbox 495 2992 592 3046; x_wconf 91' lang='lat' dir='ltr'><strong>ego</strong></span> <span class='ocrx_word' id='word_1_248' title='bbox 611 2985 787 3031; x_wconf 90' lang='lat' dir='ltr'><strong>autem</strong></span> <span class='ocrx_word' id='word_1_249' title='bbox 818 2975 984 3031; x_wconf 87' lang='lat' dir='ltr'><strong>fretus</strong></span> <span class='ocrx_word' id='word_1_250' title='bbox 1005 2976 1145 3031; x_wconf 87' lang='lat' dir='ltr'><strong>illius</strong></span> <span class='ocrx_word' id='word_1_251' title='bbox 1169 2977 1432 3047; x_wconf 84' lang='lat' dir='ltr'><strong>precibus,</strong></span> <span class='ocrx_word' id='word_1_252' title='bbox 1456 2976 1543 3029; x_wconf 86' lang='lat' dir='ltr'><strong>ubi</strong></span> <span class='ocrx_word' id='word_1_253' title='bbox 1560 2975 1626 3030; x_wconf 93' lang='lat' dir='ltr'><strong>ad</strong></span> <span class='ocrx_word' id='word_1_254' title='bbox 1656 2975 1856 3030; x_wconf 88' lang='lat' dir='ltr'><strong>fontem</strong></span> 
     </span>
    </p>
   </div>
   <div class='ocr_carea' id='block_1_30' title="bbox 266 3066 1860 3139">
    <p class='ocr_par' dir='ltr' id='par_1_30' title="bbox 266 3066 1860 3139">
     <span class='ocr_line' id='line_1_30' title="bbox 266 3066 1860 3139; baseline -0.001 -17"><span class='ocrx_word' id='word_1_255' title='bbox 266 3071 412 3135; x_wconf 81' lang='lat' dir='ltr'><strong>veni,</strong></span> <span class='ocrx_word' id='word_1_256' title='bbox 444 3070 557 3124; x_wconf 71' lang='lat' dir='ltr'><strong>hmc</strong></span> <span class='ocrx_word' id='word_1_257' title='bbox 597 3070 757 3125; x_wconf 87' lang='lat' dir='ltr'><strong>verba</strong></span> <span class='ocrx_word' id='word_1_258' title='bbox 793 3070 1045 3139; x_wconf 91' lang='lat' dir='ltr'><strong>loquutus</strong></span> <span class='ocrx_word' id='word_1_259' title='bbox 1072 3086 1223 3135; x_wconf 92' lang='lat' dir='ltr'><strong>sum,</strong></span> <span class='ocrx_word' id='word_1_260' title='bbox 1257 3079 1311 3124; x_wconf 91' lang='lat' dir='ltr'><strong>et</strong></span> <span class='ocrx_word' id='word_1_261' title='bbox 1338 3068 1446 3124; x_wconf 79' lang='lat' dir='ltr'><strong>dixi</strong></span> <span class='ocrx_word' id='word_1_262' title='bbox 1480 3086 1491 3121; x_wconf 89' lang='lat'><strong>:</strong></span> <span class='ocrx_word' id='word_1_263' title='bbox 1524 3067 1612 3122; x_wconf 72' lang='grc'><strong>42.</strong></span> <span class='ocrx_word' id='word_1_264' title='bbox 1642 3066 1860 3121; x_wconf 87' lang='lat' dir='ltr'><strong>Domine</strong></span> 
     </span>
    </p>
   </div>
   <div class='ocr_carea' id='block_1_31' title="bbox 266 3160 1859 3230">
    <p class='ocr_par' dir='ltr' id='par_1_31' title="bbox 266 3160 1859 3230">
     <span class='ocr_line' id='line_1_31' title="bbox 266 3160 1859 3230; baseline -0.002 -15"><span class='ocrx_word' id='word_1_265' title='bbox 266 3161 411 3215; x_wconf 82' lang='lat' dir='ltr'><strong>Deus</strong></span> <span class='ocrx_word' id='word_1_266' title='bbox 457 3162 647 3215; x_wconf 87' lang='lat' dir='ltr'><strong>domini</strong></span> <span class='ocrx_word' id='word_1_267' title='bbox 698 3162 795 3214; x_wconf 88' lang='lat' dir='ltr'><strong>mei</strong></span> <span class='ocrx_word' id='word_1_268' title='bbox 835 3160 1139 3227; x_wconf 82' lang='lat' dir='ltr'><strong>Abraham,</strong></span> <span class='ocrx_word' id='word_1_269' title='bbox 1183 3160 1229 3215; x_wconf 89' lang='lat' dir='ltr'><strong>si</strong></span> <span class='ocrx_word' id='word_1_270' title='bbox 1290 3169 1345 3213; x_wconf 90' lang='lat' dir='ltr'><strong>tu</strong></span> <span class='ocrx_word' id='word_1_271' title='bbox 1394 3175 1688 3230; x_wconf 86' lang='lat' dir='ltr'><strong>prosperum</strong></span> <span class='ocrx_word' id='word_1_272' title='bbox 1733 3160 1859 3229; x_wconf 85' lang='lat' dir='ltr'><strong>facis</strong></span> 
     </span>
    </p>
   </div>
   <div class='ocr_carea' id='block_1_32' title="bbox 267 3249 1862 3322">
    <p class='ocr_par' dir='ltr' id='par_1_32' title="bbox 267 3249 1862 3322">
     <span class='ocr_line' id='line_1_32' title="bbox 267 3249 1862 3322; baseline -0.003 -17"><span class='ocrx_word' id='word_1_273' title='bbox 267 3255 364 3306; x_wconf 83' lang='lat' dir='ltr'><strong>iter</strong></span> <span class='ocrx_word' id='word_1_274' title='bbox 393 3270 493 3322; x_wconf 88' lang='lat' dir='ltr'><strong>quo</strong></span> <span class='ocrx_word' id='word_1_275' title='bbox 520 3269 652 3306; x_wconf 91' lang='lat' dir='ltr'><strong>nunc</strong></span> <span class='ocrx_word' id='word_1_276' title='bbox 676 3252 800 3306; x_wconf 90' lang='lat' dir='ltr'><strong>abeo</strong></span> <span class='ocrx_word' id='word_1_277' title='bbox 839 3268 859 3306; x_wconf 91' lang='lat'><strong><em>:</em></strong></span> <span class='ocrx_word' id='word_1_278' title='bbox 906 3253 998 3307; x_wconf 69' lang='grc'><strong>45.</strong></span> <span class='ocrx_word' id='word_1_279' title='bbox 1030 3250 1165 3305; x_wconf 83' lang='lat' dir='ltr'><strong>Ecce</strong></span> <span class='ocrx_word' id='word_1_280' title='bbox 1191 3268 1293 3322; x_wconf 75' lang='lat' dir='ltr'><strong>,ego</strong></span> <span class='ocrx_word' id='word_1_281' title='bbox 1320 3260 1397 3304; x_wconf 92' lang='lat' dir='ltr'><strong>sto</strong></span> <span class='ocrx_word' id='word_1_282' title='bbox 1427 3249 1564 3321; x_wconf 87' lang='lat' dir='ltr'><strong>apud</strong></span> <span class='ocrx_word' id='word_1_283' title='bbox 1590 3253 1779 3320; x_wconf 79' lang='lat' dir='ltr'><strong>fontem</strong></span> <span class='ocrx_word' id='word_1_284' title='bbox 1803 3265 1862 3301; x_wconf 91' lang='lat' dir='ltr'><strong>a-</strong></span> 
     </span>
    </p>
   </div>
   <div class='ocr_carea' id='block_1_33' title="bbox 269 3340 1862 3413">
    <p class='ocr_par' dir='ltr' id='par_1_33' title="bbox 269 3340 1862 3413">
     <span class='ocr_line' id='line_1_33' title="bbox 269 3340 1862 3413; baseline -0.002 -18"><span class='ocrx_word' id='word_1_285' title='bbox 269 3360 384 3412; x_wconf 72' lang='lat' dir='ltr'><strong>quae</strong></span> <span class='ocrx_word' id='word_1_286' title='bbox 408 3361 429 3409; x_wconf 88' lang='lat'><strong><em>;</em></strong></span> <span class='ocrx_word' id='word_1_287' title='bbox 478 3344 599 3411; x_wconf 79' lang='lat' dir='ltr'><strong>ﬁlice</strong></span> <span class='ocrx_word' id='word_1_288' title='bbox 639 3354 809 3397; x_wconf 89' lang='lat' dir='ltr'><strong>autem</strong></span> <span class='ocrx_word' id='word_1_289' title='bbox 839 3343 1100 3396; x_wconf 82' lang='lat' dir='ltr'><strong>hominum</strong></span> <span class='ocrx_word' id='word_1_290' title='bbox 1127 3341 1281 3413; x_wconf 79' lang='lat' dir='ltr'><strong>hujus</strong></span> <span class='ocrx_word' id='word_1_291' title='bbox 1309 3341 1522 3395; x_wconf 87' lang='lat' dir='ltr'><strong>civitatis</strong></span> <span class='ocrx_word' id='word_1_292' title='bbox 1547 3340 1862 3411; x_wconf 87' lang='lat' dir='ltr'><strong>egredientur</strong></span> 
     </span>
    </p>
   </div>
   <div class='ocr_carea' id='block_1_34' title="bbox 268 3433 1862 3505">
    <p class='ocr_par' dir='ltr' id='par_1_34' title="bbox 268 3433 1862 3505">
     <span class='ocr_line' id='line_1_34' title="bbox 268 3433 1862 3505; baseline -0.002 -17"><span class='ocrx_word' id='word_1_293' title='bbox 268 3436 340 3489; x_wconf 90' lang='lat' dir='ltr'><strong>ad</strong></span> <span class='ocrx_word' id='word_1_294' title='bbox 384 3435 718 3490; x_wconf 83' lang='lat' dir='ltr'><strong>hauriendam</strong></span> <span class='ocrx_word' id='word_1_295' title='bbox 742 3451 950 3505; x_wconf 88' lang='lat' dir='ltr'><strong>aquam.</strong></span> <span class='ocrx_word' id='word_1_296' title='bbox 1002 3433 1065 3488; x_wconf 85' lang='lat' dir='ltr'><strong>Et</strong></span> <span class='ocrx_word' id='word_1_297' title='bbox 1092 3435 1185 3488; x_wconf 89' lang='lat' dir='ltr'><strong>erit</strong></span> <span class='ocrx_word' id='word_1_298' title='bbox 1208 3435 1369 3504; x_wconf 82' lang='lat' dir='ltr'><strong>virgo,</strong></span> <span class='ocrx_word' id='word_1_299' title='bbox 1398 3433 1481 3487; x_wconf 88' lang='lat' dir='ltr'><strong>cui</strong></span> <span class='ocrx_word' id='word_1_300' title='bbox 1506 3449 1597 3503; x_wconf 88' lang='lat' dir='ltr'><strong>ego</strong></span> <span class='ocrx_word' id='word_1_301' title='bbox 1636 3433 1811 3486; x_wconf 87' lang='lat' dir='ltr'><strong>dixero</strong></span> <span class='ocrx_word' id='word_1_302' title='bbox 1842 3446 1862 3485; x_wconf 90' lang='lat'><strong><em>:</em></strong></span> 
     </span>
    </p>
   </div>
   <div class='ocr_carea' id='block_1_35' title="bbox 272 3524 1864 3597">
    <p class='ocr_par' dir='ltr' id='par_1_35' title="bbox 272 3524 1864 3597">
     <span class='ocr_line' id='line_1_35' title="bbox 272 3524 1864 3597; baseline -0.001 -18"><span class='ocrx_word' id='word_1_303' title='bbox 272 3525 493 3597; x_wconf 83' lang='lat' dir='ltr'><strong>Porrige</strong></span> <span class='ocrx_word' id='word_1_304' title='bbox 521 3528 643 3580; x_wconf 89' lang='lat' dir='ltr'><strong>mihi</strong></span> <span class='ocrx_word' id='word_1_305' title='bbox 670 3543 851 3595; x_wconf 89' lang='lat' dir='ltr'><strong>parum</strong></span> <span class='ocrx_word' id='word_1_306' title='bbox 876 3541 1021 3594; x_wconf 72' lang='lat' dir='ltr'><strong>aqua:</strong></span> <span class='ocrx_word' id='word_1_307' title='bbox 1045 3542 1108 3579; x_wconf 83' lang='lat' dir='ltr'><strong>ex</strong></span> <span class='ocrx_word' id='word_1_308' title='bbox 1149 3525 1333 3596; x_wconf 84' lang='lat' dir='ltr'><strong>hydria</strong></span> <span class='ocrx_word' id='word_1_309' title='bbox 1370 3535 1455 3579; x_wconf 89' lang='lat' dir='ltr'><strong>tua</strong></span> <span class='ocrx_word' id='word_1_310' title='bbox 1482 3542 1503 3590; x_wconf 87' lang='lat'><strong><em>;</em></strong></span> <span class='ocrx_word' id='word_1_311' title='bbox 1529 3525 1619 3579; x_wconf 71' lang='grc'><strong>44.</strong></span> <span class='ocrx_word' id='word_1_312' title='bbox 1651 3525 1695 3578; x_wconf 89' lang='lat' dir='ltr'><strong>si</strong></span> <span class='ocrx_word' id='word_1_313' title='bbox 1719 3524 1864 3577; x_wconf 74' lang='lat' dir='ltr'><strong>dixe—</strong></span> 
     </span>
    </p>
   </div>
   <div class='ocr_carea' id='block_1_36' title="bbox 270 3618 1864 3688">
    <p class='ocr_par' dir='ltr' id='par_1_36' title="bbox 270 3618 1864 3688">
     <span class='ocr_line' id='line_1_36' title="bbox 270 3618 1864 3688; baseline -0.001 -17"><span class='ocrx_word' id='word_1_314' title='bbox 270 3619 340 3671; x_wconf 86' lang='lat' dir='ltr'><strong>rit</strong></span> <span class='ocrx_word' id='word_1_315' title='bbox 363 3619 512 3684; x_wconf 90' lang='lat' dir='ltr'><strong>mihi,</strong></span> <span class='ocrx_word' id='word_1_316' title='bbox 547 3618 614 3672; x_wconf 85' lang='lat' dir='ltr'><strong>Et</strong></span> <span class='ocrx_word' id='word_1_317' title='bbox 640 3628 693 3671; x_wconf 92' lang='lat' dir='ltr'><strong>tu</strong></span> <span class='ocrx_word' id='word_1_318' title='bbox 719 3618 850 3684; x_wconf 91' lang='lat' dir='ltr'><strong>bibe,</strong></span> <span class='ocrx_word' id='word_1_319' title='bbox 877 3628 922 3671; x_wconf 89' lang='lat' dir='ltr'><strong>et</strong></span> <span class='ocrx_word' id='word_1_320' title='bbox 947 3618 1166 3671; x_wconf 86' lang='lat' dir='ltr'><strong>camelos</strong></span> <span class='ocrx_word' id='word_1_321' title='bbox 1196 3626 1306 3670; x_wconf 88' lang='lat' dir='ltr'><strong>tuos</strong></span> <span class='ocrx_word' id='word_1_322' title='bbox 1332 3620 1527 3688; x_wconf 89' lang='lat' dir='ltr'><strong>aquabo</strong></span> <span class='ocrx_word' id='word_1_323' title='bbox 1569 3632 1590 3672; x_wconf 91' lang='lat'><strong><em>:</em></strong></span> <span class='ocrx_word' id='word_1_324' title='bbox 1631 3619 1744 3682; x_wconf 87' lang='lat' dir='ltr'><strong>ipsa</strong></span> <span class='ocrx_word' id='word_1_325' title='bbox 1770 3618 1864 3669; x_wconf 88' lang='lat' dir='ltr'><strong>erit</strong></span> 
     </span>
    </p>
   </div>
   <div class='ocr_carea' id='block_1_37' title="bbox 273 3708 1867 3781">
    <p class='ocr_par' dir='ltr' id='par_1_37' title="bbox 273 3708 1867 3781">
     <span class='ocr_line' id='line_1_37' title="bbox 273 3708 1867 3781; baseline -0.001 -18"><span class='ocrx_word' id='word_1_326' title='bbox 273 3729 407 3766; x_wconf 79' lang='lat' dir='ltr'><strong>uxor</strong></span> <span class='ocrx_word' id='word_1_327' title='bbox 433 3728 582 3779; x_wconf 90' lang='lat' dir='ltr'><strong>quam</strong></span> <span class='ocrx_word' id='word_1_328' title='bbox 608 3711 906 3781; x_wconf 74' lang='lat' dir='ltr'><strong>prwparasti</strong></span> <span class='ocrx_word' id='word_1_329' title='bbox 930 3726 1070 3765; x_wconf 89' lang='lat' dir='ltr'><strong>servo</strong></span> <span class='ocrx_word' id='word_1_330' title='bbox 1101 3719 1188 3763; x_wconf 92' lang='lat' dir='ltr'><strong>tuo</strong></span> <span class='ocrx_word' id='word_1_331' title='bbox 1210 3708 1383 3763; x_wconf 81' lang='lat' dir='ltr'><strong>Isaac.</strong></span> <span class='ocrx_word' id='word_1_332' title='bbox 1413 3709 1481 3762; x_wconf 83' lang='lat' dir='ltr'><strong>Et</strong></span> <span class='ocrx_word' id='word_1_333' title='bbox 1507 3711 1561 3763; x_wconf 90' lang='lat' dir='ltr'><strong>in</strong></span> <span class='ocrx_word' id='word_1_334' title='bbox 1588 3710 1682 3763; x_wconf 93' lang='lat' dir='ltr'><strong>hoc</strong></span> <span class='ocrx_word' id='word_1_335' title='bbox 1706 3709 1867 3763; x_wconf 87' lang='lat' dir='ltr'><strong>sciam</strong></span> 
     </span>
    </p>
   </div>
   <div class='ocr_carea' id='block_1_38' title="bbox 272 3801 1867 3873">
    <p class='ocr_par' dir='ltr' id='par_1_38' title="bbox 272 3801 1867 3873">
     <span class='ocr_line' id='line_1_38' title="bbox 272 3801 1867 3873; baseline 0.001 -19"><span class='ocrx_word' id='word_1_336' title='bbox 272 3802 412 3873; x_wconf 89' lang='lat' dir='ltr'><strong>quod</strong></span> <span class='ocrx_word' id='word_1_337' title='bbox 440 3803 618 3870; x_wconf 83' lang='lat' dir='ltr'><strong>feceris</strong></span> <span class='ocrx_word' id='word_1_338' title='bbox 645 3801 1041 3855; x_wconf 87' lang='lat' dir='ltr'><strong>misericordiam</strong></span> <span class='ocrx_word' id='word_1_339' title='bbox 1069 3802 1272 3854; x_wconf 89' lang='lat' dir='ltr'><strong>domino</strong></span> <span class='ocrx_word' id='word_1_340' title='bbox 1300 3816 1409 3854; x_wconf 91' lang='lat' dir='ltr'><strong>meo</strong></span> <span class='ocrx_word' id='word_1_341' title='bbox 1436 3801 1712 3854; x_wconf 83' lang='lat' dir='ltr'><strong>Abraham.</strong></span> <span class='ocrx_word' id='word_1_342' title='bbox 1739 3801 1867 3855; x_wconf 71' lang='lat' dir='ltr'><strong>Hanc</strong></span> 
     </span>
    </p>
   </div>
   <div class='ocr_carea' id='block_1_39' title="bbox 274 3894 1864 3965">
    <p class='ocr_par' dir='ltr' id='par_1_39' title="bbox 274 3894 1864 3965">
     <span class='ocr_line' id='line_1_39' title="bbox 274 3894 1864 3965; baseline -0.001 -15"><span class='ocrx_word' id='word_1_343' title='bbox 274 3910 377 3964; x_wconf 83' lang='lat' dir='ltr'><strong>ego</strong></span> <span class='ocrx_word' id='word_1_344' title='bbox 401 3896 635 3965; x_wconf 87' lang='lat' dir='ltr'><strong>quidem,</strong></span> <span class='ocrx_word' id='word_1_345' title='bbox 666 3895 854 3965; x_wconf 90' lang='lat' dir='ltr'><strong>inquit,</strong></span> <span class='ocrx_word' id='word_1_346' title='bbox 882 3894 1022 3963; x_wconf 92' lang='lat' dir='ltr'><strong>apud</strong></span> <span class='ocrx_word' id='word_1_347' title='bbox 1062 3895 1435 3963; x_wconf 91' lang='lat' dir='ltr'><strong>memetipsum</strong></span> <span class='ocrx_word' id='word_1_348' title='bbox 1467 3895 1633 3948; x_wconf 90' lang='lat' dir='ltr'><strong>Deum</strong></span> <span class='ocrx_word' id='word_1_349' title='bbox 1652 3895 1864 3963; x_wconf 79' lang='lat' dir='ltr'><strong>rogavi;</strong></span> 
     </span>
    </p>
   </div>
   <div class='ocr_carea' id='block_1_40' title="bbox 275 3984 1869 4051">
    <p class='ocr_par' dir='ltr' id='par_1_40' title="bbox 275 3984 1869 4051">
     <span class='ocr_line' id='line_1_40' title="bbox 275 3984 1869 4051; baseline 0 -12"><span class='ocrx_word' id='word_1_350' title='bbox 275 3988 514 4043; x_wconf 81' lang='lat' dir='ltr'><strong>nondum</strong></span> <span class='ocrx_word' id='word_1_351' title='bbox 553 3994 729 4041; x_wconf 89' lang='lat' dir='ltr'><strong>autem</strong></span> <span class='ocrx_word' id='word_1_352' title='bbox 782 3986 941 4040; x_wconf 90' lang='lat' dir='ltr'><strong>linem</strong></span> <span class='ocrx_word' id='word_1_353' title='bbox 994 3984 1223 4040; x_wconf 77' lang='lat' dir='ltr'><strong>feceram</strong></span> <span class='ocrx_word' id='word_1_354' title='bbox 1262 3986 1347 4040; x_wconf 91' lang='lat' dir='ltr'><strong>illa</strong></span> <span class='ocrx_word' id='word_1_355' title='bbox 1375 3985 1623 4051; x_wconf 89' lang='lat' dir='ltr'><strong>dicendi,</strong></span> <span class='ocrx_word' id='word_1_356' title='bbox 1655 3996 1710 4040; x_wconf 85' lang='lat' dir='ltr'><strong>et</strong></span> <span class='ocrx_word' id='word_1_357' title='bbox 1733 4001 1869 4039; x_wconf 87' lang='lat' dir='ltr'><strong>con-</strong></span> 
     </span>
    </p>
   </div>
   <div class='ocr_carea' id='block_1_41' title="bbox 278 4076 1872 4148">
    <p class='ocr_par' dir='ltr' id='par_1_41' title="bbox 278 4076 1872 4148">
     <span class='ocr_line' id='line_1_41' title="bbox 278 4076 1872 4148; baseline -0.002 -17"><span class='ocrx_word' id='word_1_358' title='bbox 278 4078 459 4133; x_wconf 83' lang='lat' dir='ltr'><strong>feSIim</strong></span> <span class='ocrx_word' id='word_1_359' title='bbox 506 4078 792 4148; x_wconf 84' lang='lat' dir='ltr'><strong>adimpleta</strong></span> <span class='ocrx_word' id='word_1_360' title='bbox 843 4086 986 4132; x_wconf 87' lang='lat' dir='ltr'><strong>sunt.</strong></span> <span class='ocrx_word' id='word_1_361' title='bbox 1034 4078 1125 4133; x_wconf 74' lang='grc'><strong>45.</strong></span> <span class='ocrx_word' id='word_1_362' title='bbox 1161 4076 1300 4130; x_wconf 88' lang='lat' dir='ltr'><strong>Nunt</strong></span> <span class='ocrx_word' id='word_1_363' title='bbox 1345 4078 1639 4148; x_wconf 83' lang='lat' dir='ltr'><strong>priusquam</strong></span> <span class='ocrx_word' id='word_1_364' title='bbox 1670 4093 1762 4146; x_wconf 89' lang='lat' dir='ltr'><strong>ego</strong></span> <span class='ocrx_word' id='word_1_365' title='bbox 1789 4076 1872 4128; x_wconf 86' lang='lat' dir='ltr'><strong>di-</strong></span> 
     </span>
    </p>
   </div>
   <div class='ocr_carea' id='block_1_42' title="bbox 276 4170 1870 4241">
    <p class='ocr_par' dir='ltr' id='par_1_42' title="bbox 276 4170 1870 4241">
     <span class='ocr_line' id='line_1_42' title="bbox 276 4170 1870 4241; baseline -0.001 -17"><span class='ocrx_word' id='word_1_366' title='bbox 276 4172 425 4226; x_wconf 83' lang='lat' dir='ltr'><strong>cendi</strong></span> <span class='ocrx_word' id='word_1_367' title='bbox 455 4171 609 4238; x_wconf 76' lang='lat' dir='ltr'><strong>ﬁnem</strong></span> <span class='ocrx_word' id='word_1_368' title='bbox 634 4175 851 4241; x_wconf 83' lang='lat' dir='ltr'><strong>facerem</strong></span> <span class='ocrx_word' id='word_1_369' title='bbox 877 4212 895 4237; x_wconf 90' lang='lat'><strong>,</strong></span> <span class='ocrx_word' id='word_1_370' title='bbox 924 4187 1035 4224; x_wconf 83' lang='lat' dir='ltr'><strong>ecce</strong></span> <span class='ocrx_word' id='word_1_371' title='bbox 1083 4170 1307 4225; x_wconf 88' lang='lat' dir='ltr'><strong>Rebecca</strong></span> <span class='ocrx_word' id='word_1_372' title='bbox 1351 4170 1469 4224; x_wconf 90' lang='lat' dir='ltr'><strong>exiit</strong></span> <span class='ocrx_word' id='word_1_373' title='bbox 1492 4185 1676 4239; x_wconf 89' lang='lat' dir='ltr'><strong>aquam</strong></span> <span class='ocrx_word' id='word_1_374' title='bbox 1703 4172 1870 4240; x_wconf 88' lang='lat' dir='ltr'><strong>ferens</strong></span> 
     </span>
    </p>
   </div>
   <div class='ocr_carea' id='block_1_43' title="bbox 278 4260 1866 4329">
    <p class='ocr_par' dir='ltr' id='par_1_43' title="bbox 278 4260 1866 4329">
     <span class='ocr_line' id='line_1_43' title="bbox 278 4260 1866 4329; baseline -0.002 -14"><span class='ocrx_word' id='word_1_375' title='bbox 278 4263 333 4316; x_wconf 87' lang='lat' dir='ltr'><strong>in</strong></span> <span class='ocrx_word' id='word_1_376' title='bbox 381 4263 599 4316; x_wconf 81' lang='lat' dir='ltr'><strong>humeris</strong></span> <span class='ocrx_word' id='word_1_377' title='bbox 645 4263 770 4315; x_wconf 85' lang='lat' dir='ltr'><strong>suis.</strong></span> <span class='ocrx_word' id='word_1_378' title='bbox 808 4262 1049 4316; x_wconf 86' lang='lat' dir='ltr'><strong>Dicebam</strong></span> <span class='ocrx_word' id='word_1_379' title='bbox 1100 4270 1268 4315; x_wconf 91' lang='lat' dir='ltr'><strong>autem</strong></span> <span class='ocrx_word' id='word_1_380' title='bbox 1296 4262 1342 4314; x_wconf 92' lang='lat' dir='ltr'><strong>ei</strong></span> <span class='ocrx_word' id='word_1_381' title='bbox 1366 4276 1387 4315; x_wconf 91' lang='lat'><strong><em>:</em></strong></span> <span class='ocrx_word' id='word_1_382' title='bbox 1419 4261 1495 4314; x_wconf 93' lang='lat' dir='ltr'><strong>Da</strong></span> <span class='ocrx_word' id='word_1_383' title='bbox 1522 4260 1647 4313; x_wconf 91' lang='lat' dir='ltr'><strong>mihi</strong></span> <span class='ocrx_word' id='word_1_384' title='bbox 1674 4269 1866 4329; x_wconf 89' lang='lat' dir='ltr'><strong>potum.</strong></span> 
     </span>
    </p>
   </div>
   <div class='ocr_carea' id='block_1_44' title="bbox 280 4351 1867 4424">
    <p class='ocr_par' dir='ltr' id='par_1_44' title="bbox 280 4351 1867 4424">
     <span class='ocr_line' id='line_1_44' title="bbox 280 4351 1867 4424; baseline -0.001 -18"><span class='ocrx_word' id='word_1_385' title='bbox 280 4352 374 4406; x_wconf 79' lang='grc'><strong>46.</strong></span> <span class='ocrx_word' id='word_1_386' title='bbox 394 4352 455 4405; x_wconf 87' lang='lat' dir='ltr'><strong>Et</strong></span> <span class='ocrx_word' id='word_1_387' title='bbox 481 4353 765 4407; x_wconf 89' lang='lat' dir='ltr'><strong>accelerans</strong></span> <span class='ocrx_word' id='word_1_388' title='bbox 793 4352 1025 4422; x_wconf 84' lang='lat' dir='ltr'><strong>deposuit</strong></span> <span class='ocrx_word' id='word_1_389' title='bbox 1047 4353 1280 4424; x_wconf 80' lang='lat' dir='ltr'><strong>hydriam</strong></span> <span class='ocrx_word' id='word_1_390' title='bbox 1304 4369 1468 4417; x_wconf 91' lang='lat' dir='ltr'><strong>suam,</strong></span> <span class='ocrx_word' id='word_1_391' title='bbox 1486 4364 1533 4405; x_wconf 93' lang='lat' dir='ltr'><strong>et</strong></span> <span class='ocrx_word' id='word_1_392' title='bbox 1558 4352 1686 4405; x_wconf 90' lang='lat' dir='ltr'><strong>dixit</strong></span> <span class='ocrx_word' id='word_1_393' title='bbox 1710 4351 1867 4404; x_wconf 90' lang='lat' dir='ltr'><strong>mihi:</strong></span> 
     </span>
    </p>
   </div>
   <div class='ocr_carea' id='block_1_45' title="bbox 282 4442 1869 4515">
    <p class='ocr_par' dir='ltr' id='par_1_45' title="bbox 282 4442 1869 4515">
     <span class='ocr_line' id='line_1_45' title="bbox 282 4442 1869 4515; baseline 0 -17"><span class='ocrx_word' id='word_1_394' title='bbox 282 4442 408 4499; x_wconf 82' lang='lat' dir='ltr'><strong>Bibe</strong></span> <span class='ocrx_word' id='word_1_395' title='bbox 432 4456 477 4498; x_wconf 88' lang='lat' dir='ltr'><strong>et</strong></span> <span class='ocrx_word' id='word_1_396' title='bbox 504 4455 557 4498; x_wconf 90' lang='lat' dir='ltr'><strong>tu</strong></span> <span class='ocrx_word' id='word_1_397' title='bbox 580 4486 597 4510; x_wconf 90' lang='lat'><strong>,</strong></span> <span class='ocrx_word' id='word_1_398' title='bbox 628 4456 674 4499; x_wconf 88' lang='lat' dir='ltr'><strong>et</strong></span> <span class='ocrx_word' id='word_1_399' title='bbox 719 4445 936 4499; x_wconf 88' lang='lat' dir='ltr'><strong>camelos</strong></span> <span class='ocrx_word' id='word_1_400' title='bbox 964 4457 1074 4499; x_wconf 90' lang='lat' dir='ltr'><strong>tuos</strong></span> <span class='ocrx_word' id='word_1_401' title='bbox 1125 4445 1339 4515; x_wconf 90' lang='lat' dir='ltr'><strong>aquabo.</strong></span> <span class='ocrx_word' id='word_1_402' title='bbox 1392 4445 1458 4499; x_wconf 88' lang='lat' dir='ltr'><strong>Et</strong></span> <span class='ocrx_word' id='word_1_403' title='bbox 1486 4460 1605 4499; x_wconf 92' lang='lat' dir='ltr'><strong>cum</strong></span> <span class='ocrx_word' id='word_1_404' title='bbox 1628 4444 1869 4499; x_wconf 79' lang='lat' dir='ltr'><strong>viderem</strong></span> 
     </span>
    </p>
   </div>
   <div class='ocr_carea' id='block_1_46' title="bbox 279 4535 1869 4607">
    <p class='ocr_par' dir='ltr' id='par_1_46' title="bbox 279 4535 1869 4607">
     <span class='ocr_line' id='line_1_46' title="bbox 279 4535 1869 4607; baseline 0.001 -20"><span class='ocrx_word' id='word_1_405' title='bbox 279 4535 388 4603; x_wconf 84' lang='lat' dir='ltr'><strong>jam</strong></span> <span class='ocrx_word' id='word_1_406' title='bbox 419 4535 717 4589; x_wconf 89' lang='lat' dir='ltr'><strong>evidentem</strong></span> <span class='ocrx_word' id='word_1_407' title='bbox 759 4536 871 4590; x_wconf 89' lang='lat' dir='ltr'><strong>fieri</strong></span> <span class='ocrx_word' id='word_1_408' title='bbox 908 4536 997 4590; x_wconf 91' lang='lat' dir='ltr'><strong>Dei</strong></span> <span class='ocrx_word' id='word_1_409' title='bbox 1028 4537 1411 4606; x_wconf 84' lang='lat' dir='ltr'><strong>providentiam</strong></span> <span class='ocrx_word' id='word_1_410' title='bbox 1432 4578 1446 4601; x_wconf 92' lang='lat'><strong>,</strong></span> <span class='ocrx_word' id='word_1_411' title='bbox 1478 4536 1869 4607; x_wconf 86' lang='lat' dir='ltr'><strong>interrogabam</strong></span> 
     </span>
    </p>
   </div>
   <div class='ocr_carea' id='block_1_47' title="bbox 283 4627 1871 4696">
    <p class='ocr_par' dir='ltr' id='par_1_47' title="bbox 283 4627 1871 4696">
     <span class='ocr_line' id='line_1_47' title="bbox 283 4627 1871 4696; baseline -0.001 -14"><span class='ocrx_word' id='word_1_412' title='bbox 283 4627 436 4696; x_wconf 81' lang='lat' dir='ltr'><strong>Cujus</strong></span> <span class='ocrx_word' id='word_1_413' title='bbox 464 4638 604 4681; x_wconf 67' lang='lat' dir='ltr'><strong>esset</strong></span> <span class='ocrx_word' id='word_1_414' title='bbox 633 4627 759 4681; x_wconf 85' lang='lat' dir='ltr'><strong>ﬁlia.</strong></span> <span class='ocrx_word' id='word_1_415' title='bbox 789 4627 858 4682; x_wconf 91' lang='lat' dir='ltr'><strong>Et</strong></span> <span class='ocrx_word' id='word_1_416' title='bbox 883 4636 939 4681; x_wconf 91' lang='lat' dir='ltr'><strong>ut</strong></span> <span class='ocrx_word' id='word_1_417' title='bbox 964 4627 1121 4682; x_wconf 85' lang='lat' dir='ltr'><strong>didici</strong></span> <span class='ocrx_word' id='word_1_418' title='bbox 1147 4628 1298 4683; x_wconf 80' lang='lat' dir='ltr'><strong>exiis</strong></span> <span class='ocrx_word' id='word_1_419' title='bbox 1323 4644 1441 4696; x_wconf 69' lang='lat' dir='ltr'><strong>qua:</strong></span> <span class='ocrx_word' id='word_1_420' title='bbox 1467 4627 1621 4693; x_wconf 79' lang='lat' dir='ltr'><strong>dixit,</strong></span> <span class='ocrx_word' id='word_1_421' title='bbox 1652 4643 1736 4681; x_wconf 92' lang='lat' dir='ltr'><strong>me</strong></span> <span class='ocrx_word' id='word_1_422' title='bbox 1766 4643 1871 4681; x_wconf 86' lang='lat' dir='ltr'><strong>non</strong></span> 
     </span>
    </p>
   </div>
   <div class='ocr_carea' id='block_1_48' title="bbox 284 4717 1873 4784">
    <p class='ocr_par' dir='ltr' id='par_1_48' title="bbox 284 4717 1873 4784">
     <span class='ocr_line' id='line_1_48' title="bbox 284 4717 1873 4784; baseline 0.001 -13"><span class='ocrx_word' id='word_1_423' title='bbox 284 4718 351 4771; x_wconf 91' lang='lat' dir='ltr'><strong>ad</strong></span> <span class='ocrx_word' id='word_1_424' title='bbox 385 4717 590 4772; x_wconf 89' lang='lat' dir='ltr'><strong>alienos</strong></span> <span class='ocrx_word' id='word_1_425' title='bbox 619 4719 846 4784; x_wconf 83' lang='lat' dir='ltr'><strong>venisse,</strong></span> <span class='ocrx_word' id='word_1_426' title='bbox 875 4718 971 4773; x_wconf 90' lang='lat' dir='ltr'><strong>sed</strong></span> <span class='ocrx_word' id='word_1_427' title='bbox 1003 4719 1053 4772; x_wconf 93' lang='lat' dir='ltr'><strong>in</strong></span> <span class='ocrx_word' id='word_1_428' title='bbox 1082 4718 1297 4773; x_wconf 90' lang='lat' dir='ltr'><strong>domum</strong></span> <span class='ocrx_word' id='word_1_429' title='bbox 1332 4717 1542 4772; x_wconf 90' lang='lat' dir='ltr'><strong>Naehor</strong></span> <span class='ocrx_word' id='word_1_430' title='bbox 1566 4718 1745 4773; x_wconf 88' lang='lat' dir='ltr'><strong>fratris</strong></span> <span class='ocrx_word' id='word_1_431' title='bbox 1772 4718 1873 4772; x_wconf 86' lang='lat' dir='ltr'><strong>do-</strong></span> 
     </span>
    </p>
   </div>
   <div class='ocr_carea' id='block_1_49' title="bbox 288 4811 1873 4883">
    <p class='ocr_par' dir='ltr' id='par_1_49' title="bbox 288 4811 1873 4883">
     <span class='ocr_line' id='line_1_49' title="bbox 288 4811 1873 4883; baseline 0.001 -20"><span class='ocrx_word' id='word_1_432' title='bbox 288 4811 418 4863; x_wconf 87' lang='lat' dir='ltr'><strong>ntini</strong></span> <span class='ocrx_word' id='word_1_433' title='bbox 450 4812 577 4879; x_wconf 90' lang='lat' dir='ltr'><strong>mei,</strong></span> <span class='ocrx_word' id='word_1_434' title='bbox 603 4821 812 4880; x_wconf 88' lang='lat' dir='ltr'><strong>sumpta</strong></span> <span class='ocrx_word' id='word_1_435' title='bbox 838 4827 933 4880; x_wconf 88' lang='lat' dir='ltr'><strong>spe</strong></span> <span class='ocrx_word' id='word_1_436' title='bbox 958 4812 1115 4876; x_wconf 89' lang='lat' dir='ltr'><strong>bona,</strong></span> <span class='ocrx_word' id='word_1_437' title='bbox 1148 4813 1238 4866; x_wconf 76' lang='grc'><strong>47.</strong></span> <span class='ocrx_word' id='word_1_438' title='bbox 1268 4811 1503 4883; x_wconf 84' lang='lat' dir='ltr'><strong>Appendi</strong></span> <span class='ocrx_word' id='word_1_439' title='bbox 1531 4812 1577 4864; x_wconf 89' lang='lat' dir='ltr'><strong>ei</strong></span> <span class='ocrx_word' id='word_1_440' title='bbox 1604 4813 1804 4865; x_wconf 85' lang='lat' dir='ltr'><strong>inaures</strong></span> <span class='ocrx_word' id='word_1_441' title='bbox 1826 4822 1873 4865; x_wconf 90' lang='lat' dir='ltr'><strong>et</strong></span> 
     </span>
    </p>
   </div>
   <div class='ocr_carea' id='block_1_50' title="bbox 287 4902 1875 4975">
    <p class='ocr_par' dir='ltr' id='par_1_50' title="bbox 287 4902 1875 4975">
     <span class='ocr_line' id='line_1_50' title="bbox 287 4902 1875 4975; baseline -0.003 -16"><span class='ocrx_word' id='word_1_442' title='bbox 287 4905 535 4969; x_wconf 80' lang='lat' dir='ltr'><strong>armillas,</strong></span> <span class='ocrx_word' id='word_1_443' title='bbox 566 4914 611 4957; x_wconf 85' lang='lat' dir='ltr'><strong>et</strong></span> <span class='ocrx_word' id='word_1_444' title='bbox 633 4921 746 4957; x_wconf 86' lang='lat' dir='ltr'><strong>cum</strong></span> <span class='ocrx_word' id='word_1_445' title='bbox 767 4904 861 4957; x_wconf 92' lang='lat' dir='ltr'><strong>hoc</strong></span> <span class='ocrx_word' id='word_1_446' title='bbox 890 4904 1129 4975; x_wconf 84' lang='lat' dir='ltr'><strong>placeret,</strong></span> <span class='ocrx_word' id='word_1_447' title='bbox 1164 4905 1253 4959; x_wconf 71' lang='grc'><strong>48.</strong></span> <span class='ocrx_word' id='word_1_448' title='bbox 1284 4904 1491 4958; x_wconf 85' lang='lat' dir='ltr'><strong>adoravi</strong></span> <span class='ocrx_word' id='word_1_449' title='bbox 1517 4902 1875 4970; x_wconf 87' lang='lat' dir='ltr'><strong>Dominum,et</strong></span> 
     </span>
    </p>
   </div>
   <div class='ocr_carea' id='block_1_51' title="bbox 285 4995 1875 5066">
    <p class='ocr_par' dir='ltr' id='par_1_51' title="bbox 285 4995 1875 5066">
     <span class='ocr_line' id='line_1_51' title="bbox 285 4995 1875 5066; baseline 0 -17"><span class='ocrx_word' id='word_1_450' title='bbox 285 4996 518 5049; x_wconf 77' lang='lat' dir='ltr'><strong>benedixi</strong></span> <span class='ocrx_word' id='word_1_451' title='bbox 548 4995 711 5050; x_wconf 89' lang='lat' dir='ltr'><strong>Deum</strong></span> <span class='ocrx_word' id='word_1_452' title='bbox 738 4998 929 5050; x_wconf 84' lang='lat' dir='ltr'><strong>domini</strong></span> <span class='ocrx_word' id='word_1_453' title='bbox 974 4997 1073 5050; x_wconf 86' lang='lat' dir='ltr'><strong>mei</strong></span> <span class='ocrx_word' id='word_1_454' title='bbox 1116 4996 1393 5063; x_wconf 80' lang='lat' dir='ltr'><strong>Abraham,</strong></span> <span class='ocrx_word' id='word_1_455' title='bbox 1433 4997 1553 5065; x_wconf 85' lang='lat' dir='ltr'><strong>quia</strong></span> <span class='ocrx_word' id='word_1_456' title='bbox 1583 5012 1875 5066; x_wconf 86' lang='lat' dir='ltr'><strong>prosperum</strong></span> 
     </span>
    </p>
   </div>
   <div class='ocr_carea' id='block_1_52' title="bbox 286 5088 1875 5158">
    <p class='ocr_par' dir='ltr' id='par_1_52' title="bbox 286 5088 1875 5158">
     <span class='ocr_line' id='line_1_52' title="bbox 286 5088 1875 5158; baseline 0.001 -17"><span class='ocrx_word' id='word_1_457' title='bbox 286 5088 413 5141; x_wconf 87' lang='lat' dir='ltr'><strong>mihi</strong></span> <span class='ocrx_word' id='word_1_458' title='bbox 438 5088 531 5140; x_wconf 86' lang='lat' dir='ltr'><strong>iter</strong></span> <span class='ocrx_word' id='word_1_459' title='bbox 546 5090 662 5156; x_wconf 89' lang='lat' dir='ltr'><strong>fecit</strong></span> <span class='ocrx_word' id='word_1_460' title='bbox 684 5089 723 5156; x_wconf 87' lang='grc'><strong>¹,</strong></span> <span class='ocrx_word' id='word_1_461' title='bbox 752 5098 808 5141; x_wconf 90' lang='lat' dir='ltr'><strong>ut</strong></span> <span class='ocrx_word' id='word_1_462' title='bbox 831 5104 1134 5141; x_wconf 86' lang='lat' dir='ltr'><strong>assumerem</strong></span> <span class='ocrx_word' id='word_1_463' title='bbox 1162 5089 1322 5157; x_wconf 82' lang='lat' dir='ltr'><strong>filiam</strong></span> <span class='ocrx_word' id='word_1_464' title='bbox 1350 5090 1525 5158; x_wconf 84' lang='lat' dir='ltr'><strong>fratris</strong></span> <span class='ocrx_word' id='word_1_465' title='bbox 1543 5088 1734 5142; x_wconf 89' lang='lat' dir='ltr'><strong>domini</strong></span> <span class='ocrx_word' id='word_1_466' title='bbox 1757 5089 1875 5143; x_wconf 86' lang='lat' dir='ltr'><strong>mei.</strong></span> 
     </span>
    </p>
   </div>
   <div class='ocr_carea' id='block_1_53' title="bbox 294 5180 1874 5249">
    <p class='ocr_par' dir='ltr' id='par_1_53' title="bbox 294 5180 1874 5249">
     <span class='ocr_line' id='line_1_53' title="bbox 294 5180 1874 5249; baseline 0.002 -19"><span class='ocrx_word' id='word_1_467' title='bbox 294 5180 487 5234; x_wconf 80' lang='lat' dir='ltr'><strong>Verum</strong></span> <span class='ocrx_word' id='word_1_468' title='bbox 519 5180 633 5235; x_wconf 71' lang='lat' dir='ltr'><strong>hzec</strong></span> <span class='ocrx_word' id='word_1_469' title='bbox 659 5182 727 5234; x_wconf 87' lang='lat' dir='ltr'><strong>ita</strong></span> <span class='ocrx_word' id='word_1_470' title='bbox 754 5197 783 5234; x_wconf 92' lang='lat' dir='ltr'><strong>a</strong></span> <span class='ocrx_word' id='word_1_471' title='bbox 816 5181 1041 5234; x_wconf 89' lang='lat' dir='ltr'><strong>Domino</strong></span> <span class='ocrx_word' id='word_1_472' title='bbox 1079 5180 1353 5235; x_wconf 90' lang='lat' dir='ltr'><strong>manifeste</strong></span> <span class='ocrx_word' id='word_1_473' title='bbox 1378 5182 1681 5249; x_wconf 87' lang='lat' dir='ltr'><strong>dispensata</strong></span> <span class='ocrx_word' id='word_1_474' title='bbox 1717 5190 1874 5246; x_wconf 90' lang='lat' dir='ltr'><strong>sunt;</strong></span> 
     </span>
    </p>
   </div>
   <div class='ocr_carea' id='block_1_54' title="bbox 290 5271 1872 5340">
    <p class='ocr_par' dir='ltr' id='par_1_54' title="bbox 290 5271 1872 5340">
     <span class='ocr_line' id='line_1_54' title="bbox 290 5271 1872 5340; baseline 0.001 -17"><span class='ocrx_word' id='word_1_475' title='bbox 290 5283 481 5339; x_wconf 84' lang='lat' dir='ltr'><strong>preces</strong></span> <span class='ocrx_word' id='word_1_476' title='bbox 520 5272 717 5340; x_wconf 88' lang='lat' dir='ltr'><strong>quippe</strong></span> <span class='ocrx_word' id='word_1_477' title='bbox 762 5271 960 5325; x_wconf 90' lang='lat' dir='ltr'><strong>domini</strong></span> <span class='ocrx_word' id='word_1_478' title='bbox 1002 5272 1105 5326; x_wconf 91' lang='lat' dir='ltr'><strong>mei</strong></span> <span class='ocrx_word' id='word_1_479' title='bbox 1151 5281 1285 5338; x_wconf 69' lang='lat' dir='ltr'><strong>tunc</strong></span> <span class='ocrx_word' id='word_1_480' title='bbox 1313 5271 1510 5325; x_wconf 81' lang='lat' dir='ltr'><strong>exitum</strong></span> <span class='ocrx_word' id='word_1_481' title='bbox 1556 5271 1872 5326; x_wconf 86' lang='lat' dir='ltr'><strong>habuerunt.</strong></span> 
     </span>
    </p>
   </div>
   <div class='ocr_carea' id='block_1_55' title="bbox 288 5361 1879 5433">
    <p class='ocr_par' dir='ltr' id='par_1_55' title="bbox 288 5361 1879 5433">
     <span class='ocr_line' id='line_1_55' title="bbox 288 5361 1879 5433; baseline 0.001 -16"><span class='ocrx_word' id='word_1_482' title='bbox 288 5361 555 5417; x_wconf 72' lang='lat' dir='ltr'><strong>Cmterum</strong></span> <span class='ocrx_word' id='word_1_483' title='bbox 580 5380 673 5418; x_wconf 84' lang='lat' dir='ltr'><strong>vos</strong></span> <span class='ocrx_word' id='word_1_484' title='bbox 703 5364 750 5418; x_wconf 92' lang='lat' dir='ltr'><strong>si</strong></span> <span class='ocrx_word' id='word_1_485' title='bbox 779 5374 1014 5418; x_wconf 88' lang='lat' dir='ltr'><strong>vestrum</strong></span> <span class='ocrx_word' id='word_1_486' title='bbox 1041 5364 1275 5418; x_wconf 84' lang='lat' dir='ltr'><strong>officium</strong></span> <span class='ocrx_word' id='word_1_487' title='bbox 1308 5364 1557 5433; x_wconf 89' lang='lat' dir='ltr'><strong>impletis,</strong></span> <span class='ocrx_word' id='word_1_488' title='bbox 1586 5364 1675 5419; x_wconf 74' lang='grc'><strong>49.</strong></span> <span class='ocrx_word' id='word_1_489' title='bbox 1700 5363 1879 5418; x_wconf 85' lang='lat' dir='ltr'><strong>Facite</strong></span> 
     </span>
    </p>
   </div>
   <div class='ocr_carea' id='block_1_56' title="bbox 290 5452 1877 5523">
    <p class='ocr_par' dir='ltr' id='par_1_56' title="bbox 290 5452 1877 5523">
     <span class='ocr_line' id='line_1_56' title="bbox 290 5452 1877 5523; baseline 0.003 -18"><span class='ocrx_word' id='word_1_490' title='bbox 290 5452 687 5507; x_wconf 84' lang='lat' dir='ltr'><strong>misericordiam</strong></span> <span class='ocrx_word' id='word_1_491' title='bbox 710 5465 755 5507; x_wconf 90' lang='lat' dir='ltr'><strong>et</strong></span> <span class='ocrx_word' id='word_1_492' title='bbox 781 5455 1027 5519; x_wconf 83' lang='lat' dir='ltr'><strong>iustitiam</strong></span> <span class='ocrx_word' id='word_1_493' title='bbox 1053 5471 1164 5507; x_wconf 88' lang='lat' dir='ltr'><strong>cum</strong></span> <span class='ocrx_word' id='word_1_494' title='bbox 1194 5455 1396 5508; x_wconf 88' lang='lat' dir='ltr'><strong>domino</strong></span> <span class='ocrx_word' id='word_1_495' title='bbox 1426 5473 1563 5510; x_wconf 88' lang='lat' dir='ltr'><strong>meo:</strong></span> <span class='ocrx_word' id='word_1_496' title='bbox 1583 5458 1661 5509; x_wconf 86' lang='lat' dir='ltr'><strong>sin</strong></span> <span class='ocrx_word' id='word_1_497' title='bbox 1687 5457 1877 5523; x_wconf 87' lang='lat' dir='ltr'><strong>minus,</strong></span> 
     </span>
    </p>
   </div>
   <div class='ocr_carea' id='block_1_57' title="bbox 291 5545 1880 5616">
    <p class='ocr_par' dir='ltr' id='par_1_57' title="bbox 291 5545 1880 5616">
     <span class='ocr_line' id='line_1_57' title="bbox 291 5545 1880 5616; baseline 0.001 -17"><span class='ocrx_word' id='word_1_498' title='bbox 291 5546 589 5599; x_wconf 85' lang='lat' dir='ltr'><strong>annuntiate</strong></span> <span class='ocrx_word' id='word_1_499' title='bbox 610 5546 754 5600; x_wconf 86' lang='lat' dir='ltr'><strong>mihi.</strong></span> <span class='ocrx_word' id='word_1_500' title='bbox 783 5545 899 5600; x_wconf 84' lang='lat' dir='ltr'><strong>Jam</strong></span> <span class='ocrx_word' id='word_1_501' title='bbox 922 5546 1072 5611; x_wconf 89' lang='lat' dir='ltr'><strong>mihi,</strong></span> <span class='ocrx_word' id='word_1_502' title='bbox 1104 5547 1292 5615; x_wconf 89' lang='lat' dir='ltr'><strong>inquit,</strong></span> <span class='ocrx_word' id='word_1_503' title='bbox 1323 5547 1636 5616; x_wconf 89' lang='lat' dir='ltr'><strong>significate,</strong></span> <span class='ocrx_word' id='word_1_504' title='bbox 1660 5556 1717 5602; x_wconf 93' lang='lat' dir='ltr'><strong>ut</strong></span> <span class='ocrx_word' id='word_1_505' title='bbox 1744 5548 1880 5602; x_wconf 79' lang='lat' dir='ltr'><strong>scire</strong></span> 
     </span>
    </p>
   </div>
   <div class='ocr_carea' id='block_1_58' title="bbox 293 5636 1879 5706">
    <p class='ocr_par' dir='ltr' id='par_1_58' title="bbox 293 5636 1879 5706">
     <span class='ocr_line' id='line_1_58' title="bbox 293 5636 1879 5706; baseline 0.001 -17"><span class='ocrx_word' id='word_1_506' title='bbox 293 5637 493 5706; x_wconf 82' lang='lat' dir='ltr'><strong>possim</strong></span> <span class='ocrx_word' id='word_1_507' title='bbox 522 5636 649 5706; x_wconf 86' lang='lat' dir='ltr'><strong>quid</strong></span> <span class='ocrx_word' id='word_1_508' title='bbox 675 5646 917 5705; x_wconf 85' lang='lat' dir='ltr'><strong>oporteat</strong></span> <span class='ocrx_word' id='word_1_509' title='bbox 945 5653 1028 5692; x_wconf 87' lang='lat' dir='ltr'><strong>me</strong></span> <span class='ocrx_word' id='word_1_510' title='bbox 1056 5638 1250 5693; x_wconf 87' lang='lat' dir='ltr'><strong>facere.</strong></span> <span class='ocrx_word' id='word_1_511' title='bbox 1282 5637 1432 5706; x_wconf 87' lang='lat' dir='ltr'><strong>Quod</strong></span> <span class='ocrx_word' id='word_1_512' title='bbox 1474 5638 1522 5692; x_wconf 88' lang='lat' dir='ltr'><strong>si</strong></span> <span class='ocrx_word' id='word_1_513' title='bbox 1560 5638 1735 5692; x_wconf 92' lang='lat' dir='ltr'><strong>minus</strong></span> <span class='ocrx_word' id='word_1_514' title='bbox 1763 5639 1879 5702; x_wconf 86' lang='lat' dir='ltr'><strong>pla-</strong></span> 
     </span>
    </p>
   </div>
   <div class='ocr_carea' id='block_1_59' title="bbox 290 5728 1878 5800">
    <p class='ocr_par' dir='ltr' id='par_1_59' title="bbox 290 5728 1878 5800">
     <span class='ocr_line' id='line_1_59' title="bbox 290 5728 1878 5800; baseline 0.001 -15"><span class='ocrx_word' id='word_1_515' title='bbox 290 5738 400 5795; x_wconf 87' lang='lat' dir='ltr'><strong>cet,</strong></span> <span class='ocrx_word' id='word_1_516' title='bbox 429 5738 483 5783; x_wconf 90' lang='lat' dir='ltr'><strong>et</strong></span> <span class='ocrx_word' id='word_1_517' title='bbox 508 5729 734 5800; x_wconf 87' lang='lat' dir='ltr'><strong>idipsum</strong></span> <span class='ocrx_word' id='word_1_518' title='bbox 757 5728 937 5796; x_wconf 78' lang='lat' dir='ltr'><strong>dicite,</strong></span> <span class='ocrx_word' id='word_1_519' title='bbox 971 5740 1027 5785; x_wconf 92' lang='lat' dir='ltr'><strong>ut</strong></span> <span class='ocrx_word' id='word_1_520' title='bbox 1050 5730 1156 5785; x_wconf 86' lang='lat' dir='ltr'><strong>alio</strong></span> <span class='ocrx_word' id='word_1_521' title='bbox 1184 5731 1282 5786; x_wconf 90' lang='lat' dir='ltr'><strong>iter</strong></span> <span class='ocrx_word' id='word_1_522' title='bbox 1310 5732 1520 5798; x_wconf 88' lang='lat' dir='ltr'><strong>faciam,</strong></span> <span class='ocrx_word' id='word_1_523' title='bbox 1551 5740 1605 5787; x_wconf 90' lang='lat' dir='ltr'><strong>et</strong></span> <span class='ocrx_word' id='word_1_524' title='bbox 1632 5730 1717 5785; x_wconf 76' lang='lat' dir='ltr'><strong>life</strong></span> <span class='ocrx_word' id='word_1_525' title='bbox 1747 5750 1878 5787; x_wconf 82' lang='lat' dir='ltr'><strong>con-</strong></span> 
     </span>
    </p>
   </div>
   <div class='ocr_carea' id='block_1_60' title="bbox 361 5840 1789 5907">
    <p class='ocr_par' dir='ltr' id='par_1_60' title="bbox 361 5840 1789 5907">
     <span class='ocr_line' id='line_1_60' title="bbox 361 5840 1789 5907; baseline 0.004 -18"><span class='ocrx_word' id='word_1_526' title='bbox 361 5843 379 5876; x_wconf 74' lang='grc'><strong><em>³</em></strong></span> <span class='ocrx_word' id='word_1_527' title='bbox 412 5841 496 5890; x_wconf 84' lang='lat' dir='ltr'><strong>uie</strong></span> <span class='ocrx_word' id='word_1_528' title='bbox 517 5842 829 5907; x_wconf 81' lang='lat' dir='ltr'><strong>septuaginta</strong></span> <span class='ocrx_word' id='word_1_529' title='bbox 851 5848 1150 5905; x_wconf 52' lang='lat' dir='ltr'><strong>lutert‘retes</strong></span> <span class='ocrx_word' id='word_1_530' title='bbox 1165 5843 1362 5903; x_wconf 87' lang='lat' dir='ltr'><strong>addunt,</strong></span> <span class='ocrx_word' id='word_1_531' title='bbox 1386 5841 1438 5894; x_wconf 83' lang='lat' dir='ltr'><strong>in</strong></span> <span class='ocrx_word' id='word_1_532' title='bbox 1458 5840 1535 5895; x_wconf 81' lang='lat' dir='ltr'><strong>ria</strong></span> <span class='ocrx_word' id='word_1_533' title='bbox 1555 5841 1789 5896; x_wconf 66' lang='lat' dir='ltr'><strong>veritatis.</strong></span> 
     </span>
    </p>
   </div>
   <div class='ocr_carea' id='block_1_61' title="bbox 1204 394 2518 463">
    <p class='ocr_par' dir='ltr' id='par_1_61' title="bbox 1204 394 2518 463">
     <span class='ocr_line' id='line_1_61' title="bbox 1204 394 2518 463; baseline 0.011 -14"><span class='ocrx_word' id='word_1_534' title='bbox 1204 394 1273 451; x_wconf 83' lang='grc' dir='ltr'><strong>ΙΝ</strong></span> <span class='ocrx_word' id='word_1_535' title='bbox 1306 397 1456 454; x_wconf 85' lang='lat' dir='ltr'><strong>CAP.</strong></span> <span class='ocrx_word' id='word_1_536' title='bbox 1504 396 1691 452; x_wconf 79' lang='lat' dir='ltr'><strong>XXIV.</strong></span> <span class='ocrx_word' id='word_1_537' title='bbox 1731 397 1972 455; x_wconf 72' lang='lat' dir='ltr'><strong>GENES.</strong></span> <span class='ocrx_word' id='word_1_538' title='bbox 2014 402 2243 459; x_wconf 73' lang='lat' dir='ltr'><strong>llOMlL.</strong></span> <span class='ocrx_word' id='word_1_539' title='bbox 2287 406 2518 463; x_wconf 76' lang='lat' dir='ltr'><strong>XLVI&quot;.</strong></span> 
     </span>
    </p>
   </div>
   <div class='ocr_carea' id='block_1_62' title="bbox 3413 412 3517 466">
    <p class='ocr_par' dir='ltr' id='par_1_62' title="bbox 3413 412 3517 466">
     <span class='ocr_line' id='line_1_62' title="bbox 3413 412 3517 466; baseline -0.01 0"><span class='ocrx_word' id='word_1_540' title='bbox 3413 412 3517 466; x_wconf 64' lang='lat'><strong>“2</strong></span> 
     </span>
    </p>
   </div>
   <div class='ocr_carea' id='block_1_63' title="bbox 1935 522 3514 593">
    <p class='ocr_par' dir='ltr' id='par_1_63' title="bbox 1935 522 3514 593">
     <span class='ocr_line' id='line_1_63' title="bbox 1935 522 3514 593; baseline 0.004 -22"><span class='ocrx_word' id='word_1_541' title='bbox 1935 529 2121 572; x_wconf 87' lang='lat' dir='ltr'><strong>vertam</strong></span> <span class='ocrx_word' id='word_1_542' title='bbox 2149 522 2225 575; x_wconf 83' lang='lat' dir='ltr'><strong>vel</strong></span> <span class='ocrx_word' id='word_1_543' title='bbox 2261 522 2330 574; x_wconf 89' lang='lat' dir='ltr'><strong>ad</strong></span> <span class='ocrx_word' id='word_1_544' title='bbox 2356 523 2605 589; x_wconf 90' lang='lat' dir='ltr'><strong>dextram,</strong></span> <span class='ocrx_word' id='word_1_545' title='bbox 2649 524 2727 579; x_wconf 85' lang='lat' dir='ltr'><strong>vel</strong></span> <span class='ocrx_word' id='word_1_546' title='bbox 2749 523 2820 577; x_wconf 89' lang='lat' dir='ltr'><strong>ad</strong></span> <span class='ocrx_word' id='word_1_547' title='bbox 2856 524 3130 577; x_wconf 85' lang='lat' dir='ltr'><strong>sinistram.</strong></span> <span class='ocrx_word' id='word_1_548' title='bbox 3164 524 3351 579; x_wconf 86' lang='lat' dir='ltr'><strong>Postea</strong></span> <span class='ocrx_word' id='word_1_549' title='bbox 3382 542 3514 593; x_wconf 84' lang='lat' dir='ltr'><strong>quo-</strong></span> 
     </span>
    </p>
   </div>
   <div class='ocr_carea' id='block_1_64' title="bbox 1936 613 3517 687">
    <p class='ocr_par' dir='ltr' id='par_1_64' title="bbox 1936 613 3517 687">
     <span class='ocr_line' id='line_1_64' title="bbox 1936 613 3517 687; baseline 0.003 -22"><span class='ocrx_word' id='word_1_550' title='bbox 1936 613 2077 665; x_wconf 86' lang='lat' dir='ltr'><strong>niam</strong></span> <span class='ocrx_word' id='word_1_551' title='bbox 2104 615 2241 668; x_wconf 88' lang='lat' dir='ltr'><strong>Deus</strong></span> <span class='ocrx_word' id='word_1_552' title='bbox 2277 625 2392 669; x_wconf 88' lang='lat' dir='ltr'><strong>erat</strong></span> <span class='ocrx_word' id='word_1_553' title='bbox 2421 617 2509 685; x_wconf 91' lang='lat' dir='ltr'><strong>qui</strong></span> <span class='ocrx_word' id='word_1_554' title='bbox 2543 617 2719 669; x_wconf 89' lang='lat' dir='ltr'><strong>omnia</strong></span> <span class='ocrx_word' id='word_1_555' title='bbox 2752 627 2967 687; x_wconf 88' lang='lat' dir='ltr'><strong>propter</strong></span> <span class='ocrx_word' id='word_1_556' title='bbox 2992 633 3175 687; x_wconf 90' lang='lat' dir='ltr'><strong>preces</strong></span> <span class='ocrx_word' id='word_1_557' title='bbox 3191 617 3517 686; x_wconf 68' lang='lat' dir='ltr'><strong>patriarcha:</strong></span> 
     </span>
    </p>
   </div>
   <div class='ocr_carea' id='block_1_65' title="bbox 1935 703 3517 776">
    <p class='ocr_par' dir='ltr' id='par_1_65' title="bbox 1935 703 3517 776">
     <span class='ocr_line' id='line_1_65' title="bbox 1935 703 3517 776; baseline 0 -19"><span class='ocrx_word' id='word_1_558' title='bbox 1935 703 2281 769; x_wconf 89' lang='lat' dir='ltr'><strong>secundabat,</strong></span> <span class='ocrx_word' id='word_1_559' title='bbox 2314 705 2497 760; x_wconf 89' lang='lat' dir='ltr'><strong>dicunt</strong></span> <span class='ocrx_word' id='word_1_560' title='bbox 2530 706 2578 761; x_wconf 90' lang='lat' dir='ltr'><strong>ei</strong></span> <span class='ocrx_word' id='word_1_561' title='bbox 2609 716 2757 775; x_wconf 87' lang='lat' dir='ltr'><strong>pater</strong></span> <span class='ocrx_word' id='word_1_562' title='bbox 2784 716 2840 761; x_wconf 88' lang='lat' dir='ltr'><strong>et</strong></span> <span class='ocrx_word' id='word_1_563' title='bbox 2875 707 3038 762; x_wconf 87' lang='lat' dir='ltr'><strong>frater</strong></span> <span class='ocrx_word' id='word_1_564' title='bbox 3060 708 3282 776; x_wconf 78' lang='lat' dir='ltr'><strong>virginis</strong></span> <span class='ocrx_word' id='word_1_565' title='bbox 3310 724 3323 759; x_wconf 90' lang='lat'><strong>:</strong></span> <span class='ocrx_word' id='word_1_566' title='bbox 3358 707 3447 762; x_wconf 86' lang='lat'><strong>50.</strong></span> <span class='ocrx_word' id='word_1_567' title='bbox 3475 709 3517 758; x_wconf 79' lang='grc' dir='ltr'><em>Α</em></span> 
     </span>
    </p>
   </div>
   <div class='ocr_carea' id='block_1_66' title="bbox 1936 796 3522 870">
    <p class='ocr_par' dir='ltr' id='par_1_66' title="bbox 1936 796 3522 870">
     <span class='ocr_line' id='line_1_66' title="bbox 1936 796 3522 870; baseline 0.001 -21"><span class='ocrx_word' id='word_1_568' title='bbox 1936 796 2157 851; x_wconf 89' lang='lat' dir='ltr'><strong>Domino</strong></span> <span class='ocrx_word' id='word_1_569' title='bbox 2199 799 2317 852; x_wconf 86' lang='lat' dir='ltr'><strong>exiit</strong></span> <span class='ocrx_word' id='word_1_570' title='bbox 2359 800 2555 853; x_wconf 85' lang='lat' dir='ltr'><strong>verbum</strong></span> <span class='ocrx_word' id='word_1_571' title='bbox 2594 800 2688 853; x_wconf 89' lang='lat' dir='ltr'><strong>hoc</strong></span> <span class='ocrx_word' id='word_1_572' title='bbox 2715 816 2737 854; x_wconf 90' lang='lat'><strong><em>:</em></strong></span> <span class='ocrx_word' id='word_1_573' title='bbox 2763 818 2863 854; x_wconf 90' lang='lat' dir='ltr'><strong>non</strong></span> <span class='ocrx_word' id='word_1_574' title='bbox 2908 801 3179 870; x_wconf 87' lang='lat' dir='ltr'><strong>poterimus</strong></span> <span class='ocrx_word' id='word_1_575' title='bbox 3209 800 3295 853; x_wconf 89' lang='lat' dir='ltr'><strong>tibi</strong></span> <span class='ocrx_word' id='word_1_576' title='bbox 3321 809 3522 853; x_wconf 91' lang='lat' dir='ltr'><strong>contra-</strong></span> 
     </span>
    </p>
   </div>
   <div class='ocr_carea' id='block_1_67' title="bbox 1938 888 3523 944">
    <p class='ocr_par' dir='ltr' id='par_1_67' title="bbox 1938 888 3523 944">
     <span class='ocr_line' id='line_1_67' title="bbox 1938 888 3523 944; baseline 0.001 -4"><span class='ocrx_word' id='word_1_577' title='bbox 1938 888 2103 941; x_wconf 88' lang='lat' dir='ltr'><strong>dicere</strong></span> <span class='ocrx_word' id='word_1_578' title='bbox 2128 890 2205 943; x_wconf 90' lang='lat' dir='ltr'><strong>vel</strong></span> <span class='ocrx_word' id='word_1_579' title='bbox 2231 890 2419 943; x_wconf 90' lang='lat' dir='ltr'><strong>malum</strong></span> <span class='ocrx_word' id='word_1_580' title='bbox 2460 891 2536 944; x_wconf 87' lang='lat' dir='ltr'><strong>vel</strong></span> <span class='ocrx_word' id='word_1_581' title='bbox 2575 890 2779 944; x_wconf 92' lang='lat' dir='ltr'><strong>bonum.</strong></span> <span class='ocrx_word' id='word_1_582' title='bbox 2808 890 2888 944; x_wconf 85' lang='lat' dir='ltr'><strong>Ex</strong></span> <span class='ocrx_word' id='word_1_583' title='bbox 2930 892 3233 944; x_wconf 89' lang='lat' dir='ltr'><strong>narratione</strong></span> <span class='ocrx_word' id='word_1_584' title='bbox 3278 900 3364 943; x_wconf 87' lang='lat' dir='ltr'><strong>tua</strong></span> <span class='ocrx_word' id='word_1_585' title='bbox 3392 890 3523 943; x_wconf 78' lang='lat' dir='ltr'><strong>satis</strong></span> 
     </span>
    </p>
   </div>
   <div class='ocr_carea' id='block_1_68' title="bbox 1940 977 3527 1049">
    <p class='ocr_par' dir='ltr' id='par_1_68' title="bbox 1940 977 3527 1049">
     <span class='ocr_line' id='line_1_68' title="bbox 1940 977 3527 1049; baseline 0 -16"><span class='ocrx_word' id='word_1_586' title='bbox 1940 977 2306 1048; x_wconf 82' lang='lat' dir='ltr'><strong>intelligimus,</strong></span> <span class='ocrx_word' id='word_1_587' title='bbox 2339 988 2506 1033; x_wconf 91' lang='lat' dir='ltr'><strong>totum</strong></span> <span class='ocrx_word' id='word_1_588' title='bbox 2529 979 2629 1035; x_wconf 89' lang='lat' dir='ltr'><strong>hoc</strong></span> <span class='ocrx_word' id='word_1_589' title='bbox 2656 980 2829 1034; x_wconf 88' lang='lat' dir='ltr'><strong>divina</strong></span> <span class='ocrx_word' id='word_1_590' title='bbox 2858 980 3253 1049; x_wconf 88' lang='lat' dir='ltr'><strong>dispensatione</strong></span> <span class='ocrx_word' id='word_1_591' title='bbox 3280 980 3415 1035; x_wconf 84' lang='lat' dir='ltr'><strong>ﬁeri.</strong></span> <span class='ocrx_word' id='word_1_592' title='bbox 3448 978 3527 1033; x_wconf 85' lang='lat' dir='ltr'><strong>Nc</strong></span> 
     </span>
    </p>
   </div>
   <div class='ocr_carea' id='block_1_69' title="bbox 1941 1068 3528 1140">
    <p class='ocr_par' dir='ltr' id='par_1_69' title="bbox 1941 1068 3528 1140">
     <span class='ocr_line' id='line_1_69' title="bbox 1941 1068 3528 1140; baseline -0.001 -16"><span class='ocrx_word' id='word_1_593' title='bbox 1941 1071 2100 1140; x_wconf 86' lang='lat' dir='ltr'><strong>igitur</strong></span> <span class='ocrx_word' id='word_1_594' title='bbox 2130 1080 2281 1139; x_wconf 87' lang='lat' dir='ltr'><strong>putes</strong></span> <span class='ocrx_word' id='word_1_595' title='bbox 2323 1086 2420 1125; x_wconf 93' lang='lat' dir='ltr'><strong>nos</strong></span> <span class='ocrx_word' id='word_1_596' title='bbox 2457 1071 2595 1125; x_wconf 85' lang='lat' dir='ltr'><strong>velle</strong></span> <span class='ocrx_word' id='word_1_597' title='bbox 2617 1070 2888 1126; x_wconf 89' lang='lat' dir='ltr'><strong>adversari</strong></span> <span class='ocrx_word' id='word_1_598' title='bbox 2920 1072 2983 1124; x_wconf 90' lang='lat' dir='ltr'><strong>iis</strong></span> <span class='ocrx_word' id='word_1_599' title='bbox 3009 1086 3128 1140; x_wconf 68' lang='lat' dir='ltr'><strong>quas</strong></span> <span class='ocrx_word' id='word_1_600' title='bbox 3158 1071 3268 1125; x_wconf 90' lang='lat' dir='ltr'><strong>Deo</strong></span> <span class='ocrx_word' id='word_1_601' title='bbox 3291 1068 3528 1138; x_wconf 87' lang='lat' dir='ltr'><strong>proban-</strong></span> 
     </span>
    </p>
   </div>
   <div class='ocr_carea' id='block_1_70' title="bbox 1943 1161 3531 1231">
    <p class='ocr_par' dir='ltr' id='par_1_70' title="bbox 1943 1161 3531 1231">
     <span class='ocr_line' id='line_1_70' title="bbox 1943 1161 3531 1231; baseline -0.002 -15"><span class='ocrx_word' id='word_1_602' title='bbox 1943 1170 2027 1216; x_wconf 90' lang='lat' dir='ltr'><strong>tur</strong></span> <span class='ocrx_word' id='word_1_603' title='bbox 2057 1180 2068 1213; x_wconf 93' lang='lat'>:</span> <span class='ocrx_word' id='word_1_604' title='bbox 2095 1162 2223 1216; x_wconf 91' lang='lat' dir='ltr'><strong>illud</strong></span> <span class='ocrx_word' id='word_1_605' title='bbox 2249 1163 2389 1217; x_wconf 90' lang='lat' dir='ltr'><strong>enim</strong></span> <span class='ocrx_word' id='word_1_606' title='bbox 2420 1161 2715 1218; x_wconf 76' lang='lat' dir='ltr'><strong>facerenon</strong></span> <span class='ocrx_word' id='word_1_607' title='bbox 2743 1177 3044 1231; x_wconf 86' lang='lat' dir='ltr'><strong>possumus.</strong></span> <span class='ocrx_word' id='word_1_608' title='bbox 3066 1162 3205 1216; x_wconf 87' lang='lat' dir='ltr'><strong>Ecce</strong></span> <span class='ocrx_word' id='word_1_609' title='bbox 3233 1161 3393 1215; x_wconf 87' lang='lat' dir='ltr'><strong>babes</strong></span> <span class='ocrx_word' id='word_1_610' title='bbox 3422 1162 3531 1214; x_wconf 90' lang='lat' dir='ltr'><strong>vir-</strong></span> 
     </span>
    </p>
   </div>
   <div class='ocr_carea' id='block_1_71' title="bbox 1941 1254 3531 1326">
    <p class='ocr_par' dir='ltr' id='par_1_71' title="bbox 1941 1254 3531 1326">
     <span class='ocr_line' id='line_1_71' title="bbox 1941 1254 3531 1326; baseline 0.001 -21"><span class='ocrx_word' id='word_1_611' title='bbox 1941 1254 2116 1323; x_wconf 84' lang='lat' dir='ltr'><strong>ginem</strong></span> <span class='ocrx_word' id='word_1_612' title='bbox 2143 1271 2156 1319; x_wconf 90' lang='lat'><strong>;</strong></span> <span class='ocrx_word' id='word_1_613' title='bbox 2187 1255 2276 1308; x_wconf 75' lang='grc'><strong>51.</strong></span> <span class='ocrx_word' id='word_1_614' title='bbox 2304 1255 2451 1309; x_wconf 87' lang='lat' dir='ltr'><strong>Tolle</strong></span> <span class='ocrx_word' id='word_1_615' title='bbox 2488 1271 2617 1320; x_wconf 88' lang='lat' dir='ltr'><strong>eam,</strong></span> <span class='ocrx_word' id='word_1_616' title='bbox 2641 1264 2686 1309; x_wconf 90' lang='lat' dir='ltr'><strong>et</strong></span> <span class='ocrx_word' id='word_1_617' title='bbox 2709 1255 3051 1326; x_wconf 83' lang='lat' dir='ltr'><strong>proﬁciscere,</strong></span> <span class='ocrx_word' id='word_1_618' title='bbox 3078 1268 3123 1308; x_wconf 87' lang='lat' dir='ltr'><strong>et</strong></span> <span class='ocrx_word' id='word_1_619' title='bbox 3145 1256 3238 1309; x_wconf 90' lang='lat' dir='ltr'><strong>erit</strong></span> <span class='ocrx_word' id='word_1_620' title='bbox 3266 1271 3397 1309; x_wconf 84' lang='lat' dir='ltr'><strong>uxor</strong></span> <span class='ocrx_word' id='word_1_621' title='bbox 3420 1256 3531 1324; x_wconf 78' lang='lat' dir='ltr'><strong>ﬁlio</strong></span> 
     </span>
    </p>
   </div>
   <div class='ocr_carea' id='block_1_72' title="bbox 1943 1345 3059 1416">
    <p class='ocr_par' dir='ltr' id='par_1_72' title="bbox 1943 1345 3059 1416">
     <span class='ocr_line' id='line_1_72' title="bbox 1943 1345 3059 1416; baseline 0.001 -18"><span class='ocrx_word' id='word_1_622' title='bbox 1943 1345 2136 1398; x_wconf 90' lang='lat' dir='ltr'><strong>domini</strong></span> <span class='ocrx_word' id='word_1_623' title='bbox 2161 1346 2253 1410; x_wconf 88' lang='lat' dir='ltr'><strong>tui,</strong></span> <span class='ocrx_word' id='word_1_624' title='bbox 2280 1346 2409 1400; x_wconf 88' lang='lat' dir='ltr'><strong>sicut</strong></span> <span class='ocrx_word' id='word_1_625' title='bbox 2434 1347 2667 1416; x_wconf 83' lang='lat' dir='ltr'><strong>loquutus</strong></span> <span class='ocrx_word' id='word_1_626' title='bbox 2686 1355 2759 1401; x_wconf 88' lang='lat' dir='ltr'><strong>est</strong></span> <span class='ocrx_word' id='word_1_627' title='bbox 2790 1346 3059 1400; x_wconf 88' lang='lat' dir='ltr'><strong>Dominus.</strong></span> 
     </span>
    </p>
   </div>
   <div class='ocr_carea' id='block_1_73' title="bbox 2016 1436 3534 1510">
    <p class='ocr_par' dir='ltr' id='par_1_73' title="bbox 2016 1436 3534 1510">
     <span class='ocr_line' id='line_1_73' title="bbox 2016 1436 3534 1510; baseline -0.002 -18"><span class='ocrx_word' id='word_1_628' title='bbox 2016 1437 2067 1492; x_wconf 89' lang='lat'><strong>6.</strong></span> <span class='ocrx_word' id='word_1_629' title='bbox 2091 1436 2376 1492; x_wconf 84' lang='lat' dir='ltr'><strong>Historiam</strong></span> <span class='ocrx_word' id='word_1_630' title='bbox 2392 1436 2630 1492; x_wconf 77' lang='lat' dir='ltr'><strong>Rebecca:</strong></span> <span class='ocrx_word' id='word_1_631' title='bbox 2655 1454 2812 1509; x_wconf 91' lang='lat' dir='ltr'><strong>usque</strong></span> <span class='ocrx_word' id='word_1_632' title='bbox 2838 1439 2906 1492; x_wconf 92' lang='lat' dir='ltr'><strong>ad</strong></span> <span class='ocrx_word' id='word_1_633' title='bbox 2926 1439 3085 1510; x_wconf 90' lang='lat' dir='ltr'><strong>ipsius</strong></span> <span class='ocrx_word' id='word_1_634' title='bbox 3106 1442 3386 1509; x_wconf 83' lang='lat' dir='ltr'><strong>profectum</strong></span> <span class='ocrx_word' id='word_1_635' title='bbox 3413 1453 3534 1506; x_wconf 76' lang='lat' dir='ltr'><strong>pro-</strong></span> 
     </span>
    </p>
   </div>
   <div class='ocr_carea' id='block_1_74' title="bbox 1945 1530 3527 1601">
    <p class='ocr_par' dir='ltr' id='par_1_74' title="bbox 1945 1530 3527 1601">
     <span class='ocr_line' id='line_1_74' title="bbox 1945 1530 3527 1601; baseline -0.001 -18"><span class='ocrx_word' id='word_1_636' title='bbox 1945 1530 2207 1599; x_wconf 88' lang='lat' dir='ltr'><strong>sequitur;</strong></span> <span class='ocrx_word' id='word_1_637' title='bbox 2257 1531 2546 1584; x_wconf 89' lang='lat' dir='ltr'><strong>narratione</strong></span> <span class='ocrx_word' id='word_1_638' title='bbox 2584 1532 2870 1599; x_wconf 75' lang='lat' dir='ltr'><strong>exprimens</strong></span> <span class='ocrx_word' id='word_1_639' title='bbox 2915 1531 3159 1601; x_wconf 83' lang='lat' dir='ltr'><strong>quidquid</strong></span> <span class='ocrx_word' id='word_1_640' title='bbox 3216 1532 3318 1585; x_wconf 84' lang='lat' dir='ltr'><strong>sive</strong></span> <span class='ocrx_word' id='word_1_641' title='bbox 3356 1530 3527 1598; x_wconf 68' lang='lat' dir='ltr'><strong>aediﬁ-</strong></span> 
     </span>
    </p>
   </div>
   <div class='ocr_carea' id='block_1_75' title="bbox 1945 1620 3531 1689">
    <p class='ocr_par' dir='ltr' id='par_1_75' title="bbox 1945 1620 3531 1689">
     <span class='ocr_line' id='line_1_75' title="bbox 1945 1620 3531 1689; baseline -0.003 -15"><span class='ocrx_word' id='word_1_642' title='bbox 1945 1620 2121 1675; x_wconf 89' lang='lat' dir='ltr'><strong>candis</strong></span> <span class='ocrx_word' id='word_1_643' title='bbox 2161 1622 2263 1675; x_wconf 84' lang='lat' dir='ltr'><strong>sive</strong></span> <span class='ocrx_word' id='word_1_644' title='bbox 2290 1621 2577 1676; x_wconf 90' lang='lat' dir='ltr'><strong>erudiendis</strong></span> <span class='ocrx_word' id='word_1_645' title='bbox 2599 1622 2914 1676; x_wconf 87' lang='lat' dir='ltr'><strong>auditoribus</strong></span> <span class='ocrx_word' id='word_1_646' title='bbox 2937 1623 3175 1676; x_wconf 82' lang='lat' dir='ltr'><strong>inservire</strong></span> <span class='ocrx_word' id='word_1_647' title='bbox 3202 1630 3382 1689; x_wconf 82' lang='lat' dir='ltr'><strong>potest.</strong></span> <span class='ocrx_word' id='word_1_648' title='bbox 3423 1620 3531 1675; x_wconf 83' lang='lat' dir='ltr'><strong>Sub</strong></span> 
     </span>
    </p>
   </div>
   <div class='ocr_carea' id='block_1_76' title="bbox 1950 1712 3537 1783">
    <p class='ocr_par' dir='ltr' id='par_1_76' title="bbox 1950 1712 3537 1783">
     <span class='ocr_line' id='line_1_76' title="bbox 1950 1712 3537 1783; baseline -0.001 -18"><span class='ocrx_word' id='word_1_649' title='bbox 1950 1714 2103 1783; x_wconf 81' lang='lat' dir='ltr'><strong>ﬁnem</strong></span> <span class='ocrx_word' id='word_1_650' title='bbox 2131 1714 2392 1778; x_wconf 75' lang='lat' dir='ltr'><strong>homiliaz,</strong></span> <span class='ocrx_word' id='word_1_651' title='bbox 2440 1714 2508 1767; x_wconf 87' lang='lat' dir='ltr'><strong>ad</strong></span> <span class='ocrx_word' id='word_1_652' title='bbox 2553 1712 2790 1768; x_wconf 85' lang='lat' dir='ltr'><strong>Isaacum</strong></span> <span class='ocrx_word' id='word_1_653' title='bbox 2827 1724 2872 1768; x_wconf 91' lang='lat' dir='ltr'><strong>et</strong></span> <span class='ocrx_word' id='word_1_654' title='bbox 2921 1713 3195 1767; x_wconf 87' lang='lat' dir='ltr'><strong>Rebeccam</strong></span> <span class='ocrx_word' id='word_1_655' title='bbox 3222 1712 3537 1769; x_wconf 65' lang='lat' dir='ltr'><strong>aemulandos</strong></span> 
     </span>
    </p>
   </div>
   <div class='ocr_carea' id='block_1_77' title="bbox 1949 1806 3536 1877">
    <p class='ocr_par' dir='ltr' id='par_1_77' title="bbox 1949 1806 3536 1877">
     <span class='ocr_line' id='line_1_77' title="bbox 1949 1806 3536 1877; baseline -0.003 -16"><span class='ocrx_word' id='word_1_656' title='bbox 1949 1808 2178 1861; x_wconf 82' lang='lat' dir='ltr'><strong>hortatur</strong></span> <span class='ocrx_word' id='word_1_657' title='bbox 2206 1847 2223 1871; x_wconf 88' lang='lat'><strong>,</strong></span> <span class='ocrx_word' id='word_1_658' title='bbox 2270 1806 2433 1861; x_wconf 88' lang='lat' dir='ltr'><strong>malos</strong></span> <span class='ocrx_word' id='word_1_659' title='bbox 2491 1808 2571 1861; x_wconf 89' lang='lat' dir='ltr'><strong>sui</strong></span> <span class='ocrx_word' id='word_1_660' title='bbox 2622 1807 2861 1876; x_wconf 85' lang='lat' dir='ltr'><strong>temporis</strong></span> <span class='ocrx_word' id='word_1_661' title='bbox 2920 1806 3214 1877; x_wconf 89' lang='lat' dir='ltr'><strong>nuptiarum</strong></span> <span class='ocrx_word' id='word_1_662' title='bbox 3261 1806 3391 1861; x_wconf 89' lang='lat' dir='ltr'><strong>ritus</strong></span> <span class='ocrx_word' id='word_1_663' title='bbox 3444 1821 3536 1857; x_wconf 89' lang='lat' dir='ltr'><strong>ar-</strong></span> 
     </span>
    </p>
   </div>
   <div class='ocr_carea' id='block_1_78' title="bbox 1949 1897 3541 1970">
    <p class='ocr_par' dir='ltr' id='par_1_78' title="bbox 1949 1897 3541 1970">
     <span class='ocr_line' id='line_1_78' title="bbox 1949 1897 3541 1970; baseline 0 -19"><span class='ocrx_word' id='word_1_664' title='bbox 1949 1915 2127 1970; x_wconf 88' lang='lat' dir='ltr'><strong>guens.</strong></span> <span class='ocrx_word' id='word_1_665' title='bbox 2178 1927 2251 1939; x_wconf 89' lang='lat'><strong><em>—</em></strong></span> <span class='ocrx_word' id='word_1_666' title='bbox 2300 1898 2518 1954; x_wconf 85' lang='lat' dir='ltr'><strong>Vidistis</strong></span> <span class='ocrx_word' id='word_1_667' title='bbox 2586 1898 2856 1968; x_wconf 90' lang='lat' dir='ltr'><strong>quomodo</strong></span> <span class='ocrx_word' id='word_1_668' title='bbox 2900 1899 3185 1954; x_wconf 84' lang='lat' dir='ltr'><strong>studebant</strong></span> <span class='ocrx_word' id='word_1_669' title='bbox 3240 1898 3367 1953; x_wconf 91' lang='lat' dir='ltr'><strong>olim</strong></span> <span class='ocrx_word' id='word_1_670' title='bbox 3415 1897 3541 1952; x_wconf 87' lang='lat' dir='ltr'><strong>ﬁliis</strong></span> 
     </span>
    </p>
   </div>
   <div class='ocr_carea' id='block_1_79' title="bbox 1953 1989 3543 2059">
    <p class='ocr_par' dir='ltr' id='par_1_79' title="bbox 1953 1989 3543 2059">
     <span class='ocr_line' id='line_1_79' title="bbox 1953 1989 3543 2059; baseline -0.003 -14"><span class='ocrx_word' id='word_1_671' title='bbox 1953 1991 2064 2045; x_wconf 90' lang='lat' dir='ltr'><strong>suis</strong></span> <span class='ocrx_word' id='word_1_672' title='bbox 2094 2005 2287 2045; x_wconf 80' lang='lat' dir='ltr'><strong>uxores</strong></span> <span class='ocrx_word' id='word_1_673' title='bbox 2312 1990 2553 2045; x_wconf 81' lang='lat' dir='ltr'><strong>dueere?</strong></span> <span class='ocrx_word' id='word_1_674' title='bbox 2585 1989 2856 2059; x_wconf 91' lang='lat' dir='ltr'><strong>quomodo</strong></span> <span class='ocrx_word' id='word_1_675' title='bbox 2881 1990 3048 2058; x_wconf 88' lang='lat' dir='ltr'><strong>magis</strong></span> <span class='ocrx_word' id='word_1_676' title='bbox 3085 1990 3276 2044; x_wconf 75' lang='lat' dir='ltr'><strong>animae</strong></span> <span class='ocrx_word' id='word_1_677' title='bbox 3316 2003 3543 2059; x_wconf 85' lang='lat' dir='ltr'><strong>genero-</strong></span> 
     </span>
    </p>
   </div>
   <div class='ocr_carea' id='block_1_80' title="bbox 1951 2078 3537 2151">
    <p class='ocr_par' dir='ltr' id='par_1_80' title="bbox 1951 2078 3537 2151">
     <span class='ocr_line' id='line_1_80' title="bbox 1951 2078 3537 2151; baseline -0.003 -14"><span class='ocrx_word' id='word_1_678' title='bbox 1951 2085 2185 2149; x_wconf 88' lang='lat' dir='ltr'><strong>sitatem,</strong></span> <span class='ocrx_word' id='word_1_679' title='bbox 2215 2097 2372 2151; x_wconf 88' lang='lat' dir='ltr'><strong>quam</strong></span> <span class='ocrx_word' id='word_1_680' title='bbox 2395 2097 2553 2150; x_wconf 90' lang='lat' dir='ltr'><strong>opum</strong></span> <span class='ocrx_word' id='word_1_681' title='bbox 2576 2080 2950 2135; x_wconf 89' lang='lat' dir='ltr'><strong>abundantiam</strong></span> <span class='ocrx_word' id='word_1_682' title='bbox 2984 2078 3366 2149; x_wconf 77' lang='lat' dir='ltr'><strong>inquirebant?</strong></span> <span class='ocrx_word' id='word_1_683' title='bbox 3396 2078 3537 2133; x_wconf 83' lang='lat' dir='ltr'><strong>Nus-</strong></span> 
     </span>
    </p>
   </div>
   <div class='ocr_carea' id='block_1_81' title="bbox 1953 2168 3540 2244">
    <p class='ocr_par' dir='ltr' id='par_1_81' title="bbox 1953 2168 3540 2244">
     <span class='ocr_line' id='line_1_81' title="bbox 1953 2168 3540 2244; baseline -0.003 -17"><span class='ocrx_word' id='word_1_684' title='bbox 1953 2190 2109 2244; x_wconf 89' lang='lat' dir='ltr'><strong>quam</strong></span> <span class='ocrx_word' id='word_1_685' title='bbox 2141 2174 2486 2227; x_wconf 89' lang='lat' dir='ltr'><strong>instrumenta</strong></span> <span class='ocrx_word' id='word_1_686' title='bbox 2509 2213 2524 2238; x_wconf 96' lang='lat'><strong>,</strong></span> <span class='ocrx_word' id='word_1_687' title='bbox 2575 2186 2833 2240; x_wconf 86' lang='lat' dir='ltr'><strong>nusquam</strong></span> <span class='ocrx_word' id='word_1_688' title='bbox 2876 2179 3024 2239; x_wconf 86' lang='lat' dir='ltr'><strong>pacta</strong></span> <span class='ocrx_word' id='word_1_689' title='bbox 3048 2211 3064 2236; x_wconf 93' lang='lat'><strong>,</strong></span> <span class='ocrx_word' id='word_1_690' title='bbox 3099 2178 3156 2225; x_wconf 89' lang='lat' dir='ltr'><strong>et</strong></span> <span class='ocrx_word' id='word_1_691' title='bbox 3192 2170 3293 2224; x_wconf 90' lang='lat' dir='ltr'><strong>alia</strong></span> <span class='ocrx_word' id='word_1_692' title='bbox 3319 2168 3540 2224; x_wconf 84' lang='lat' dir='ltr'><strong>ridicula</strong></span> 
     </span>
    </p>
   </div>
   <div class='ocr_carea' id='block_1_82' title="bbox 1954 2262 3544 2335">
    <p class='ocr_par' dir='ltr' id='par_1_82' title="bbox 1954 2262 3544 2335">
     <span class='ocr_line' id='line_1_82' title="bbox 1954 2262 3544 2335; baseline -0.006 -15"><span class='ocrx_word' id='word_1_693' title='bbox 1954 2284 2072 2335; x_wconf 76' lang='lat' dir='ltr'><strong>qua:</strong></span> <span class='ocrx_word' id='word_1_694' title='bbox 2103 2280 2241 2319; x_wconf 91' lang='lat' dir='ltr'><strong>nunc</strong></span> <span class='ocrx_word' id='word_1_695' title='bbox 2267 2264 2405 2332; x_wconf 90' lang='lat' dir='ltr'><strong>apud</strong></span> <span class='ocrx_word' id='word_1_696' title='bbox 2438 2278 2533 2317; x_wconf 88' lang='lat' dir='ltr'><strong>nos</strong></span> <span class='ocrx_word' id='word_1_697' title='bbox 2561 2262 2713 2327; x_wconf 81' lang='lat' dir='ltr'><strong>fiunt,</strong></span> <span class='ocrx_word' id='word_1_698' title='bbox 2745 2271 2800 2317; x_wconf 89' lang='lat' dir='ltr'><strong>et</strong></span> <span class='ocrx_word' id='word_1_699' title='bbox 2827 2262 3161 2317; x_wconf 90' lang='lat' dir='ltr'><strong>conditiones</strong></span> <span class='ocrx_word' id='word_1_700' title='bbox 3189 2262 3294 2316; x_wconf 70' lang='lat' dir='ltr'><strong>illa:</strong></span> <span class='ocrx_word' id='word_1_701' title='bbox 3316 2276 3434 2330; x_wconf 69' lang='lat' dir='ltr'><strong>quae</strong></span> <span class='ocrx_word' id='word_1_702' title='bbox 3464 2270 3544 2312; x_wconf 88' lang='lat' dir='ltr'><strong>ta-</strong></span> 
     </span>
    </p>
   </div>
   <div class='ocr_carea' id='block_1_83' title="bbox 1957 2354 3544 2425">
    <p class='ocr_par' dir='ltr' id='par_1_83' title="bbox 1957 2354 3544 2425">
     <span class='ocr_line' id='line_1_83' title="bbox 1957 2354 3544 2425; baseline -0.004 -12"><span class='ocrx_word' id='word_1_703' title='bbox 1957 2358 2095 2413; x_wconf 87' lang='lat' dir='ltr'><strong>bulis</strong></span> <span class='ocrx_word' id='word_1_704' title='bbox 2126 2358 2433 2411; x_wconf 88' lang='lat' dir='ltr'><strong>inseruntur</strong></span> <span class='ocrx_word' id='word_1_705' title='bbox 2465 2372 2479 2407; x_wconf 90' lang='lat'><strong>:</strong></span> <span class='ocrx_word' id='word_1_706' title='bbox 2531 2355 2587 2410; x_wconf 86' lang='lat' dir='ltr'><strong>Si</strong></span> <span class='ocrx_word' id='word_1_707' title='bbox 2615 2356 2815 2425; x_wconf 88' lang='lat' dir='ltr'><strong>absque</strong></span> <span class='ocrx_word' id='word_1_708' title='bbox 2866 2355 3050 2409; x_wconf 83' lang='lat' dir='ltr'><strong>liberis</strong></span> <span class='ocrx_word' id='word_1_709' title='bbox 3077 2397 3092 2422; x_wconf 89' lang='lat'><strong>,</strong></span> <span class='ocrx_word' id='word_1_710' title='bbox 3124 2355 3317 2425; x_wconf 88' lang='lat' dir='ltr'><strong>inquit,</strong></span> <span class='ocrx_word' id='word_1_711' title='bbox 3348 2354 3544 2408; x_wconf 88' lang='lat' dir='ltr'><strong>moria-</strong></span> 
     </span>
    </p>
   </div>
   <div class='ocr_carea' id='block_1_84' title="bbox 1958 2444 3543 2516">
    <p class='ocr_par' dir='ltr' id='par_1_84' title="bbox 1958 2444 3543 2516">
     <span class='ocr_line' id='line_1_84' title="bbox 1958 2444 3543 2516; baseline -0.004 -12"><span class='ocrx_word' id='word_1_712' title='bbox 1958 2460 2062 2512; x_wconf 91' lang='lat' dir='ltr'><strong>tur,</strong></span> <span class='ocrx_word' id='word_1_713' title='bbox 2092 2448 2138 2503; x_wconf 90' lang='lat' dir='ltr'><strong>si</strong></span> <span class='ocrx_word' id='word_1_714' title='bbox 2167 2448 2268 2503; x_wconf 80' lang='lat' dir='ltr'><strong>lioc</strong></span> <span class='ocrx_word' id='word_1_715' title='bbox 2295 2456 2349 2503; x_wconf 90' lang='lat' dir='ltr'><strong>et</strong></span> <span class='ocrx_word' id='word_1_716' title='bbox 2396 2446 2496 2501; x_wconf 85' lang='lat' dir='ltr'><strong>hoc</strong></span> <span class='ocrx_word' id='word_1_717' title='bbox 2520 2448 2793 2515; x_wconf 81' lang='lat' dir='ltr'><strong>contingat</strong></span> <span class='ocrx_word' id='word_1_718' title='bbox 2822 2463 2838 2501; x_wconf 89' lang='lat'><strong>:</strong></span> <span class='ocrx_word' id='word_1_719' title='bbox 2874 2462 3058 2500; x_wconf 89' lang='lat' dir='ltr'><strong>verum</strong></span> <span class='ocrx_word' id='word_1_720' title='bbox 3097 2445 3234 2516; x_wconf 90' lang='lat' dir='ltr'><strong>apud</strong></span> <span class='ocrx_word' id='word_1_721' title='bbox 3266 2445 3383 2500; x_wconf 93' lang='lat' dir='ltr'><strong>illos</strong></span> <span class='ocrx_word' id='word_1_722' title='bbox 3412 2444 3543 2498; x_wconf 81' lang='lat' dir='ltr'><strong>nihil</strong></span> 
     </span>
    </p>
   </div>
   <div class='ocr_carea' id='block_1_85' title="bbox 1959 2535 3544 2605">
    <p class='ocr_par' dir='ltr' id='par_1_85' title="bbox 1959 2535 3544 2605">
     <span class='ocr_line' id='line_1_85' title="bbox 1959 2535 3544 2605; baseline -0.006 -10"><span class='ocrx_word' id='word_1_723' title='bbox 1959 2541 2083 2605; x_wconf 85' lang='lat' dir='ltr'><strong>tale,</strong></span> <span class='ocrx_word' id='word_1_724' title='bbox 2133 2539 2227 2594; x_wconf 90' lang='lat' dir='ltr'><strong>sed</strong></span> <span class='ocrx_word' id='word_1_725' title='bbox 2257 2539 2501 2593; x_wconf 70' lang='lat' dir='ltr'><strong>maxima:</strong></span> <span class='ocrx_word' id='word_1_726' title='bbox 2522 2547 2574 2591; x_wconf 89' lang='lat' dir='ltr'><strong>et</strong></span> <span class='ocrx_word' id='word_1_727' title='bbox 2610 2538 2961 2592; x_wconf 70' lang='lat' dir='ltr'><strong>securissimte</strong></span> <span class='ocrx_word' id='word_1_728' title='bbox 2990 2537 3179 2591; x_wconf 77' lang='lat' dir='ltr'><strong>tabula:</strong></span> <span class='ocrx_word' id='word_1_729' title='bbox 3208 2545 3359 2590; x_wconf 91' lang='lat' dir='ltr'><strong>erant</strong></span> <span class='ocrx_word' id='word_1_730' title='bbox 3387 2535 3544 2603; x_wconf 84' lang='lat' dir='ltr'><strong>virgi-</strong></span> 
     </span>
    </p>
   </div>
   <div class='ocr_carea' id='block_1_86' title="bbox 1959 2624 3545 2698">
    <p class='ocr_par' dir='ltr' id='par_1_86' title="bbox 1959 2624 3545 2698">
     <span class='ocr_line' id='line_1_86' title="bbox 1959 2624 3545 2698; baseline -0.004 -13"><span class='ocrx_word' id='word_1_731' title='bbox 1959 2633 2041 2685; x_wconf 91' lang='lat' dir='ltr'><strong>nis</strong></span> <span class='ocrx_word' id='word_1_732' title='bbox 2086 2644 2308 2685; x_wconf 89' lang='lat' dir='ltr'><strong>mores:</strong></span> <span class='ocrx_word' id='word_1_733' title='bbox 2351 2644 2611 2697; x_wconf 89' lang='lat' dir='ltr'><strong>nusquam</strong></span> <span class='ocrx_word' id='word_1_734' title='bbox 2659 2628 2901 2698; x_wconf 87' lang='lat' dir='ltr'><strong>cymbala</strong></span> <span class='ocrx_word' id='word_1_735' title='bbox 2943 2637 2998 2682; x_wconf 91' lang='lat' dir='ltr'><strong>et</strong></span> <span class='ocrx_word' id='word_1_736' title='bbox 3044 2627 3277 2681; x_wconf 80' lang='lat' dir='ltr'><strong>cltorete.</strong></span> <span class='ocrx_word' id='word_1_737' title='bbox 3331 2626 3398 2679; x_wconf 87' lang='lat' dir='ltr'><strong>Et</strong></span> <span class='ocrx_word' id='word_1_738' title='bbox 3444 2624 3545 2679; x_wconf 87' lang='lat' dir='ltr'><strong>hoc</strong></span> 
     </span>
    </p>
   </div>
   <div class='ocr_carea' id='block_1_87' title="bbox 1958 2718 3543 2791">
    <p class='ocr_par' dir='ltr' id='par_1_87' title="bbox 1958 2718 3543 2791">
     <span class='ocr_line' id='line_1_87' title="bbox 1958 2718 3543 2791; baseline -0.003 -14"><span class='ocrx_word' id='word_1_739' title='bbox 1958 2724 2116 2786; x_wconf 87' lang='lat' dir='ltr'><strong>scies,</strong></span> <span class='ocrx_word' id='word_1_740' title='bbox 2133 2721 2343 2791; x_wconf 88' lang='lat' dir='ltr'><strong>quando</strong></span> <span class='ocrx_word' id='word_1_741' title='bbox 2374 2720 2439 2773; x_wconf 86' lang='lat' dir='ltr'><strong>ad</strong></span> <span class='ocrx_word' id='word_1_742' title='bbox 2468 2735 2721 2789; x_wconf 89' lang='lat' dir='ltr'><strong>sponsum</strong></span> <span class='ocrx_word' id='word_1_743' title='bbox 2747 2720 3005 2788; x_wconf 86' lang='lat' dir='ltr'><strong>virginem</strong></span> <span class='ocrx_word' id='word_1_744' title='bbox 3034 2719 3229 2773; x_wconf 89' lang='lat' dir='ltr'><strong>videris</strong></span> <span class='ocrx_word' id='word_1_745' title='bbox 3257 2718 3543 2773; x_wconf 86' lang='lat' dir='ltr'><strong>introduci.</strong></span> 
     </span>
    </p>
   </div>
   <div class='ocr_carea' id='block_1_88' title="bbox 1961 2810 3549 2880">
    <p class='ocr_par' dir='ltr' id='par_1_88' title="bbox 1961 2810 3549 2880">
     <span class='ocr_line' id='line_1_88' title="bbox 1961 2810 3549 2880; baseline -0.005 -10"><span class='ocrx_word' id='word_1_746' title='bbox 1961 2814 2050 2870; x_wconf 69' lang='lat'><strong>52.</strong></span> <span class='ocrx_word' id='word_1_747' title='bbox 2086 2812 2152 2868; x_wconf 91' lang='lat' dir='ltr'><strong>Ut</strong></span> <span class='ocrx_word' id='word_1_748' title='bbox 2181 2813 2312 2867; x_wconf 89' lang='lat' dir='ltr'><strong>enim</strong></span> <span class='ocrx_word' id='word_1_749' title='bbox 2340 2812 2531 2865; x_wconf 86' lang='lat' dir='ltr'><strong>audivit</strong></span> <span class='ocrx_word' id='word_1_750' title='bbox 2552 2826 2744 2876; x_wconf 89' lang='lat' dir='ltr'><strong>servus,</strong></span> <span class='ocrx_word' id='word_1_751' title='bbox 2776 2810 2965 2880; x_wconf 88' lang='lat' dir='ltr'><strong>inquit,</strong></span> <span class='ocrx_word' id='word_1_752' title='bbox 3000 2811 3107 2863; x_wconf 80' lang='lat' dir='ltr'><strong>lure</strong></span> <span class='ocrx_word' id='word_1_753' title='bbox 3136 2828 3168 2863; x_wconf 91' lang='lat' dir='ltr'><strong>a</strong></span> <span class='ocrx_word' id='word_1_754' title='bbox 3199 2820 3345 2879; x_wconf 85' lang='lat' dir='ltr'><strong>patre</strong></span> <span class='ocrx_word' id='word_1_755' title='bbox 3371 2819 3417 2864; x_wconf 90' lang='lat' dir='ltr'><strong>et</strong></span> <span class='ocrx_word' id='word_1_756' title='bbox 3434 2815 3549 2880; x_wconf 81' lang='lat' dir='ltr'><strong>fro-</strong></span> 
     </span>
    </p>
   </div>
   <div class='ocr_carea' id='block_1_89' title="bbox 1962 2903 3549 2974">
    <p class='ocr_par' dir='ltr' id='par_1_89' title="bbox 1962 2903 3549 2974">
     <span class='ocr_line' id='line_1_89' title="bbox 1962 2903 3549 2974; baseline -0.003 -13"><span class='ocrx_word' id='word_1_757' title='bbox 1962 2916 2053 2973; x_wconf 89' lang='lat' dir='ltr'><strong>tre,</strong></span> <span class='ocrx_word' id='word_1_758' title='bbox 2082 2906 2311 2961; x_wconf 86' lang='lat' dir='ltr'><strong>adoravit</strong></span> <span class='ocrx_word' id='word_1_759' title='bbox 2344 2905 2503 2958; x_wconf 89' lang='lat' dir='ltr'><strong>Deum</strong></span> <span class='ocrx_word' id='word_1_760' title='bbox 2527 2921 2677 2974; x_wconf 84' lang='lat' dir='ltr'><strong>super</strong></span> <span class='ocrx_word' id='word_1_761' title='bbox 2697 2903 3042 2958; x_wconf 77' lang='lat' dir='ltr'><strong>terram.V&#39;ide</strong></span> <span class='ocrx_word' id='word_1_762' title='bbox 3067 2903 3333 2974; x_wconf 89' lang='lat' dir='ltr'><strong>quomodo</strong></span> <span class='ocrx_word' id='word_1_763' title='bbox 3357 2903 3409 2958; x_wconf 87' lang='lat' dir='ltr'><strong>itt</strong></span> <span class='ocrx_word' id='word_1_764' title='bbox 3440 2905 3549 2957; x_wconf 82' lang='lat' dir='ltr'><strong>sin-</strong></span> 
     </span>
    </p>
   </div>
   <div class='ocr_carea' id='block_1_90' title="bbox 1960 2994 3549 3069">
    <p class='ocr_par' dir='ltr' id='par_1_90' title="bbox 1960 2994 3549 3069">
     <span class='ocr_line' id='line_1_90' title="bbox 1960 2994 3549 3069; baseline -0.003 -17"><span class='ocrx_word' id='word_1_765' title='bbox 1960 2999 2099 3069; x_wconf 84' lang='lat' dir='ltr'><strong>gulis</strong></span> <span class='ocrx_word' id='word_1_766' title='bbox 2123 3014 2242 3068; x_wconf 66' lang='lat' dir='ltr'><strong>quae</strong></span> <span class='ocrx_word' id='word_1_767' title='bbox 2267 2998 2484 3063; x_wconf 86' lang='lat' dir='ltr'><strong>fiebant,</strong></span> <span class='ocrx_word' id='word_1_768' title='bbox 2512 2997 2881 3051; x_wconf 88' lang='lat' dir='ltr'><strong>universorum</strong></span> <span class='ocrx_word' id='word_1_769' title='bbox 2905 2996 3132 3050; x_wconf 90' lang='lat' dir='ltr'><strong>Domino</strong></span> <span class='ocrx_word' id='word_1_770' title='bbox 3154 2996 3348 3065; x_wconf 89' lang='lat' dir='ltr'><strong>gratias</strong></span> <span class='ocrx_word' id='word_1_771' title='bbox 3371 2994 3549 3049; x_wconf 83' lang='lat' dir='ltr'><strong>offert.</strong></span> 
     </span>
    </p>
   </div>
   <div class='ocr_carea' id='block_1_91' title="bbox 1963 3086 3549 3160">
    <p class='ocr_par' dir='ltr' id='par_1_91' title="bbox 1963 3086 3549 3160">
     <span class='ocr_line' id='line_1_91' title="bbox 1963 3086 3549 3160; baseline -0.004 -13"><span class='ocrx_word' id='word_1_772' title='bbox 1963 3092 2081 3160; x_wconf 86' lang='lat' dir='ltr'><strong>Ipse</strong></span> <span class='ocrx_word' id='word_1_773' title='bbox 2106 3090 2247 3145; x_wconf 88' lang='lat' dir='ltr'><strong>enim</strong></span> <span class='ocrx_word' id='word_1_774' title='bbox 2278 3097 2393 3145; x_wconf 90' lang='lat' dir='ltr'><strong>erat</strong></span> <span class='ocrx_word' id='word_1_775' title='bbox 2419 3089 2510 3158; x_wconf 85' lang='lat' dir='ltr'><strong>qui</strong></span> <span class='ocrx_word' id='word_1_776' title='bbox 2558 3095 2715 3142; x_wconf 88' lang='lat' dir='ltr'><strong>antea</strong></span> <span class='ocrx_word' id='word_1_777' title='bbox 2764 3086 3095 3159; x_wconf 78' lang='lat' dir='ltr'><strong>praeparabat</strong></span> <span class='ocrx_word' id='word_1_778' title='bbox 3124 3087 3300 3139; x_wconf 86' lang='lat' dir='ltr'><strong>omnia</strong></span> <span class='ocrx_word' id='word_1_779' title='bbox 3332 3125 3349 3151; x_wconf 95' lang='lat'><strong>,</strong></span> <span class='ocrx_word' id='word_1_780' title='bbox 3379 3094 3435 3141; x_wconf 89' lang='lat' dir='ltr'><strong>et</strong></span> <span class='ocrx_word' id='word_1_781' title='bbox 3459 3101 3549 3140; x_wconf 86' lang='lat' dir='ltr'><strong>se—</strong></span> 
     </span>
    </p>
   </div>
   <div class='ocr_carea' id='block_1_92' title="bbox 1963 3176 3548 3251">
    <p class='ocr_par' dir='ltr' id='par_1_92' title="bbox 1963 3176 3548 3251">
     <span class='ocr_line' id='line_1_92' title="bbox 1963 3176 3548 3251; baseline -0.005 -14"><span class='ocrx_word' id='word_1_782' title='bbox 1963 3183 2193 3237; x_wconf 84' lang='lat' dir='ltr'><strong>ettndunt</strong></span> <span class='ocrx_word' id='word_1_783' title='bbox 2212 3179 2528 3251; x_wconf 66' lang='lat' dir='ltr'><strong>patriarcha:</strong></span> <span class='ocrx_word' id='word_1_784' title='bbox 2549 3179 2771 3232; x_wconf 86' lang='lat' dir='ltr'><strong>verbum</strong></span> <span class='ocrx_word' id='word_1_785' title='bbox 2800 3178 3153 3247; x_wconf 64' lang='lat' dir='ltr'><strong>praeminebat</strong></span> <span class='ocrx_word' id='word_1_786' title='bbox 3169 3176 3410 3246; x_wconf 89' lang='lat' dir='ltr'><strong>angelum</strong></span> <span class='ocrx_word' id='word_1_787' title='bbox 3427 3185 3548 3229; x_wconf 88' lang='lat' dir='ltr'><strong>ante</strong></span> 
     </span>
    </p>
   </div>
   <div class='ocr_carea' id='block_1_93' title="bbox 1964 3270 3549 3345">
    <p class='ocr_par' dir='ltr' id='par_1_93' title="bbox 1964 3270 3549 3345">
     <span class='ocr_line' id='line_1_93' title="bbox 1964 3270 3549 3345; baseline -0.005 -14"><span class='ocrx_word' id='word_1_788' title='bbox 1964 3277 2112 3331; x_wconf 91' lang='lat' dir='ltr'><strong>illum</strong></span> <span class='ocrx_word' id='word_1_789' title='bbox 2140 3315 2157 3341; x_wconf 95' lang='lat'><strong>,</strong></span> <span class='ocrx_word' id='word_1_790' title='bbox 2196 3275 2288 3345; x_wconf 89' lang='lat' dir='ltr'><strong>qui</strong></span> <span class='ocrx_word' id='word_1_791' title='bbox 2334 3274 2510 3328; x_wconf 89' lang='lat' dir='ltr'><strong>omnia</strong></span> <span class='ocrx_word' id='word_1_792' title='bbox 2554 3272 2778 3327; x_wconf 88' lang='lat' dir='ltr'><strong>feliciter</strong></span> <span class='ocrx_word' id='word_1_793' title='bbox 2818 3270 3117 3325; x_wconf 88' lang='lat' dir='ltr'><strong>ordinabat.</strong></span> <span class='ocrx_word' id='word_1_794' title='bbox 3160 3271 3399 3341; x_wconf 89' lang='lat' dir='ltr'><strong>Denique</strong></span> <span class='ocrx_word' id='word_1_795' title='bbox 3430 3271 3549 3340; x_wconf 79' lang='lat' dir='ltr'><strong>quia</strong></span> 
     </span>
    </p>
   </div>
   <div class='ocr_carea' id='block_1_94' title="bbox 1967 3360 3549 3435">
    <p class='ocr_par' dir='ltr' id='par_1_94' title="bbox 1967 3360 3549 3435">
     <span class='ocr_line' id='line_1_94' title="bbox 1967 3360 3549 3435; baseline -0.006 -13"><span class='ocrx_word' id='word_1_796' title='bbox 1967 3366 2163 3422; x_wconf 88' lang='lat' dir='ltr'><strong>certior</strong></span> <span class='ocrx_word' id='word_1_797' title='bbox 2188 3366 2358 3420; x_wconf 90' lang='lat' dir='ltr'><strong>factus</strong></span> <span class='ocrx_word' id='word_1_798' title='bbox 2386 3364 2453 3419; x_wconf 90' lang='lat' dir='ltr'><strong>de</strong></span> <span class='ocrx_word' id='word_1_799' title='bbox 2479 3365 2693 3435; x_wconf 82' lang='lat' dir='ltr'><strong>negotio</strong></span> <span class='ocrx_word' id='word_1_800' title='bbox 2718 3362 2941 3417; x_wconf 90' lang='lat' dir='ltr'><strong>feliciter</strong></span> <span class='ocrx_word' id='word_1_801' title='bbox 2960 3362 3220 3433; x_wconf 86' lang='lat' dir='ltr'><strong>perfecto,</strong></span> <span class='ocrx_word' id='word_1_802' title='bbox 3243 3362 3333 3417; x_wconf 79' lang='grc'><strong>55.</strong></span> <span class='ocrx_word' id='word_1_803' title='bbox 3375 3360 3549 3414; x_wconf 88' lang='lat' dir='ltr'><strong>Prola-</strong></span> 
     </span>
    </p>
   </div>
   <div class='ocr_carea' id='block_1_95' title="bbox 1964 3453 3552 3528">
    <p class='ocr_par' dir='ltr' id='par_1_95' title="bbox 1964 3453 3552 3528">
     <span class='ocr_line' id='line_1_95' title="bbox 1964 3453 3552 3528; baseline -0.004 -15"><span class='ocrx_word' id='word_1_804' title='bbox 1964 3468 2038 3525; x_wconf 91' lang='lat' dir='ltr'><strong>ta,</strong></span> <span class='ocrx_word' id='word_1_805' title='bbox 2067 3458 2256 3528; x_wconf 91' lang='lat' dir='ltr'><strong>inquit,</strong></span> <span class='ocrx_word' id='word_1_806' title='bbox 2286 3473 2406 3512; x_wconf 88' lang='lat' dir='ltr'><strong>vasa</strong></span> <span class='ocrx_word' id='word_1_807' title='bbox 2441 3473 2617 3523; x_wconf 91' lang='lat' dir='ltr'><strong>aurea,</strong></span> <span class='ocrx_word' id='word_1_808' title='bbox 2647 3466 2694 3510; x_wconf 86' lang='lat' dir='ltr'><strong>et</strong></span> <span class='ocrx_word' id='word_1_809' title='bbox 2718 3466 2975 3526; x_wconf 87' lang='lat' dir='ltr'><strong>argentea,</strong></span> <span class='ocrx_word' id='word_1_810' title='bbox 3001 3466 3049 3509; x_wconf 90' lang='lat' dir='ltr'><strong>et</strong></span> <span class='ocrx_word' id='word_1_811' title='bbox 3073 3463 3255 3509; x_wconf 88' lang='lat' dir='ltr'><strong>vestem</strong></span> <span class='ocrx_word' id='word_1_812' title='bbox 3285 3453 3420 3507; x_wconf 88' lang='lat' dir='ltr'><strong>dedit</strong></span> <span class='ocrx_word' id='word_1_813' title='bbox 3450 3454 3552 3508; x_wconf 85' lang='lat' dir='ltr'><strong>Re-</strong></span> 
     </span>
    </p>
   </div>
   <div class='ocr_carea' id='block_1_96' title="bbox 1967 3546 3553 3611">
    <p class='ocr_par' dir='ltr' id='par_1_96' title="bbox 1967 3546 3553 3611">
     <span class='ocr_line' id='line_1_96' title="bbox 1967 3546 3553 3611; baseline -0.005 -6"><span class='ocrx_word' id='word_1_814' title='bbox 1967 3552 2144 3605; x_wconf 79' lang='lat' dir='ltr'><strong>beccte.</strong></span> <span class='ocrx_word' id='word_1_815' title='bbox 2176 3551 2327 3605; x_wconf 88' lang='lat' dir='ltr'><strong>Nunc</strong></span> <span class='ocrx_word' id='word_1_816' title='bbox 2366 3566 2486 3604; x_wconf 93' lang='lat' dir='ltr'><strong>eum</strong></span> <span class='ocrx_word' id='word_1_817' title='bbox 2538 3548 2731 3604; x_wconf 87' lang='lat' dir='ltr'><strong>fiducia</strong></span> <span class='ocrx_word' id='word_1_818' title='bbox 2778 3564 2897 3603; x_wconf 88' lang='lat' dir='ltr'><strong>eam</strong></span> <span class='ocrx_word' id='word_1_819' title='bbox 2942 3548 3040 3602; x_wconf 92' lang='lat' dir='ltr'><strong>sibi</strong></span> <span class='ocrx_word' id='word_1_820' title='bbox 3067 3547 3314 3601; x_wconf 90' lang='lat' dir='ltr'><strong>conciliat</strong></span> <span class='ocrx_word' id='word_1_821' title='bbox 3341 3546 3553 3611; x_wconf 83' lang='lat' dir='ltr'><strong>officiis,</strong></span> 
     </span>
    </p>
   </div>
   <div class='ocr_carea' id='block_1_97' title="bbox 1967 3638 3552 3711">
    <p class='ocr_par' dir='ltr' id='par_1_97' title="bbox 1967 3638 3552 3711">
     <span class='ocr_line' id='line_1_97' title="bbox 1967 3638 3552 3711; baseline -0.004 -15"><span class='ocrx_word' id='word_1_822' title='bbox 1967 3643 2119 3711; x_wconf 87' lang='lat' dir='ltr'><strong>quasi</strong></span> <span class='ocrx_word' id='word_1_823' title='bbox 2149 3643 2259 3710; x_wconf 88' lang='lat' dir='ltr'><strong>jam</strong></span> <span class='ocrx_word' id='word_1_824' title='bbox 2291 3641 2467 3696; x_wconf 87' lang='lat' dir='ltr'><strong>verbis</strong></span> <span class='ocrx_word' id='word_1_825' title='bbox 2492 3640 2865 3710; x_wconf 87' lang='lat' dir='ltr'><strong>desponsatam</strong></span> <span class='ocrx_word' id='word_1_826' title='bbox 2913 3639 3075 3694; x_wconf 88' lang='lat' dir='ltr'><strong>Isaae.</strong></span> <span class='ocrx_word' id='word_1_827' title='bbox 3110 3638 3346 3692; x_wconf 86' lang='lat' dir='ltr'><strong>Honorat</strong></span> <span class='ocrx_word' id='word_1_828' title='bbox 3373 3646 3552 3691; x_wconf 87' lang='lat' dir='ltr'><strong>autem</strong></span> 
     </span>
    </p>
   </div>
   <div class='ocr_carea' id='block_1_98' title="bbox 1969 3728 3553 3797">
    <p class='ocr_par' dir='ltr' id='par_1_98' title="bbox 1969 3728 3553 3797">
     <span class='ocr_line' id='line_1_98' title="bbox 1969 3728 3553 3797; baseline -0.004 -9"><span class='ocrx_word' id='word_1_829' title='bbox 1969 3733 2125 3788; x_wconf 88' lang='lat' dir='ltr'><strong>donis</strong></span> <span class='ocrx_word' id='word_1_830' title='bbox 2155 3743 2210 3788; x_wconf 91' lang='lat' dir='ltr'><strong>et</strong></span> <span class='ocrx_word' id='word_1_831' title='bbox 2239 3732 2454 3788; x_wconf 89' lang='lat' dir='ltr'><strong>fratrem</strong></span> <span class='ocrx_word' id='word_1_832' title='bbox 2481 3773 2497 3797; x_wconf 92' lang='lat'><strong>,</strong></span> <span class='ocrx_word' id='word_1_833' title='bbox 2524 3741 2582 3787; x_wconf 89' lang='lat' dir='ltr'><strong>et</strong></span> <span class='ocrx_word' id='word_1_834' title='bbox 2625 3742 2869 3795; x_wconf 88' lang='lat' dir='ltr'><strong>matrem,</strong></span> <span class='ocrx_word' id='word_1_835' title='bbox 2898 3740 2953 3785; x_wconf 90' lang='lat' dir='ltr'><strong>et</strong></span> <span class='ocrx_word' id='word_1_836' title='bbox 2981 3746 3099 3785; x_wconf 91' lang='lat' dir='ltr'><strong>cum</strong></span> <span class='ocrx_word' id='word_1_837' title='bbox 3129 3729 3258 3783; x_wconf 86' lang='lat' dir='ltr'><strong>vidit</strong></span> <span class='ocrx_word' id='word_1_838' title='bbox 3282 3728 3553 3797; x_wconf 87' lang='lat' dir='ltr'><strong>negotium</strong></span> 
     </span>
    </p>
   </div>
   <div class='ocr_carea' id='block_1_99' title="bbox 1970 3820 3555 3893">
    <p class='ocr_par' dir='ltr' id='par_1_99' title="bbox 1970 3820 3555 3893">
     <span class='ocr_line' id='line_1_99' title="bbox 1970 3820 3555 3893; baseline -0.006 -12"><span class='ocrx_word' id='word_1_839' title='bbox 1970 3837 2025 3881; x_wconf 89' lang='lat' dir='ltr'><strong>et</strong></span> <span class='ocrx_word' id='word_1_840' title='bbox 2054 3825 2362 3879; x_wconf 90' lang='lat' dir='ltr'><strong>mandatum</strong></span> <span class='ocrx_word' id='word_1_841' title='bbox 2386 3825 2684 3893; x_wconf 89' lang='lat' dir='ltr'><strong>impletum,</strong></span> <span class='ocrx_word' id='word_1_842' title='bbox 2717 3832 2843 3877; x_wconf 93' lang='lat' dir='ltr'><strong>tunc</strong></span> <span class='ocrx_word' id='word_1_843' title='bbox 2865 3821 3074 3875; x_wconf 88' lang='lat' dir='ltr'><strong>tandem</strong></span> <span class='ocrx_word' id='word_1_844' title='bbox 3102 3820 3244 3875; x_wconf 85' lang='lat' dir='ltr'><strong>refici</strong></span> <span class='ocrx_word' id='word_1_845' title='bbox 3282 3834 3340 3874; x_wconf 91' lang='lat' dir='ltr'><strong>se</strong></span> <span class='ocrx_word' id='word_1_846' title='bbox 3369 3834 3555 3888; x_wconf 85' lang='lat' dir='ltr'><strong>passus</strong></span> 
     </span>
    </p>
   </div>
   <div class='ocr_carea' id='block_1_100' title="bbox 1970 3912 3557 3983">
    <p class='ocr_par' dir='ltr' id='par_1_100' title="bbox 1970 3912 3557 3983">
     <span class='ocr_line' id='line_1_100' title="bbox 1970 3912 3557 3983; baseline -0.007 -9"><span class='ocrx_word' id='word_1_847' title='bbox 1970 3930 2074 3974; x_wconf 68' lang='grc' dir='ltr'><strong>εει.</strong></span> <span class='ocrx_word' id='word_1_848' title='bbox 2101 3918 2189 3973; x_wconf 74' lang='lat'><strong>54.</strong></span> <span class='ocrx_word' id='word_1_849' title='bbox 2221 3916 2558 3972; x_wconf 83' lang='lat' dir='ltr'><strong>Comederunt</strong></span> <span class='ocrx_word' id='word_1_850' title='bbox 2581 3916 2721 3970; x_wconf 90' lang='lat' dir='ltr'><strong>enim</strong></span> <span class='ocrx_word' id='word_1_851' title='bbox 2749 3956 2763 3979; x_wconf 90' lang='lat'><strong>,</strong></span> <span class='ocrx_word' id='word_1_852' title='bbox 2802 3914 3010 3983; x_wconf 89' lang='lat' dir='ltr'><strong>inquit,</strong></span> <span class='ocrx_word' id='word_1_853' title='bbox 3042 3924 3087 3967; x_wconf 92' lang='lat' dir='ltr'><strong>et</strong></span> <span class='ocrx_word' id='word_1_854' title='bbox 3114 3913 3339 3966; x_wconf 86' lang='lat' dir='ltr'><strong>biberunt</strong></span> <span class='ocrx_word' id='word_1_855' title='bbox 3376 3912 3483 3981; x_wconf 88' lang='lat' dir='ltr'><strong>ipse</strong></span> <span class='ocrx_word' id='word_1_856' title='bbox 3508 3918 3557 3963; x_wconf 83' lang='lat' dir='ltr'><strong>et</strong></span> 
     </span>
    </p>
   </div>
   <div class='ocr_carea' id='block_1_101' title="bbox 1971 4002 3558 4081">
    <p class='ocr_par' dir='ltr' id='par_1_101' title="bbox 1971 4002 3558 4081">
     <span class='ocr_line' id='line_1_101' title="bbox 1971 4002 3558 4081; baseline -0.007 -17"><span class='ocrx_word' id='word_1_857' title='bbox 1971 4012 2064 4065; x_wconf 89' lang='lat' dir='ltr'><strong>viri</strong></span> <span class='ocrx_word' id='word_1_858' title='bbox 2092 4010 2178 4081; x_wconf 90' lang='lat' dir='ltr'><strong>qui</strong></span> <span class='ocrx_word' id='word_1_859' title='bbox 2201 4026 2316 4063; x_wconf 92' lang='lat' dir='ltr'><strong>cum</strong></span> <span class='ocrx_word' id='word_1_860' title='bbox 2356 4024 2413 4061; x_wconf 89' lang='lat' dir='ltr'><strong>eo</strong></span> <span class='ocrx_word' id='word_1_861' title='bbox 2456 4015 2634 4070; x_wconf 88' lang='lat' dir='ltr'><strong>erant,</strong></span> <span class='ocrx_word' id='word_1_862' title='bbox 2682 4016 2729 4059; x_wconf 86' lang='lat' dir='ltr'><strong>et</strong></span> <span class='ocrx_word' id='word_1_863' title='bbox 2776 4005 3133 4058; x_wconf 77' lang='lat' dir='ltr'><strong>dormiverunt.</strong></span> <span class='ocrx_word' id='word_1_864' title='bbox 3166 4002 3385 4071; x_wconf 82' lang='lat' dir='ltr'><strong>Cumque</strong></span> <span class='ocrx_word' id='word_1_865' title='bbox 3413 4016 3558 4053; x_wconf 86' lang='lat' dir='ltr'><strong>mane</strong></span> 
     </span>
    </p>
   </div>
   <div class='ocr_carea' id='block_1_102' title="bbox 1972 4092 3557 4164">
    <p class='ocr_par' dir='ltr' id='par_1_102' title="bbox 1972 4092 3557 4164">
     <span class='ocr_line' id='line_1_102' title="bbox 1972 4092 3557 4164; baseline -0.008 -9"><span class='ocrx_word' id='word_1_866' title='bbox 1972 4099 2423 4164; x_wconf 87' lang='lat' dir='ltr'><strong>surrexisset,dixit</strong></span> <span class='ocrx_word' id='word_1_867' title='bbox 2451 4115 2469 4151; x_wconf 91' lang='lat'><em>:</em></span> <span class='ocrx_word' id='word_1_868' title='bbox 2493 4097 2744 4151; x_wconf 87' lang='lat' dir='ltr'><strong>Dimittite</strong></span> <span class='ocrx_word' id='word_1_869' title='bbox 2772 4113 2871 4159; x_wconf 90' lang='lat' dir='ltr'><strong>me,</strong></span> <span class='ocrx_word' id='word_1_870' title='bbox 2898 4106 2952 4148; x_wconf 91' lang='lat' dir='ltr'><strong>ut</strong></span> <span class='ocrx_word' id='word_1_871' title='bbox 2978 4095 3157 4154; x_wconf 84' lang='lat' dir='ltr'><strong>vadam</strong></span> <span class='ocrx_word' id='word_1_872' title='bbox 3189 4092 3255 4145; x_wconf 88' lang='lat' dir='ltr'><strong>ad</strong></span> <span class='ocrx_word' id='word_1_873' title='bbox 3298 4092 3557 4145; x_wconf 90' lang='lat' dir='ltr'><strong>dominum</strong></span> 
     </span>
    </p>
   </div>
   <div class='ocr_carea' id='block_1_103' title="bbox 1974 4184 3561 4257">
    <p class='ocr_par' dir='ltr' id='par_1_103' title="bbox 1974 4184 3561 4257">
     <span class='ocr_line' id='line_1_103' title="bbox 1974 4184 3561 4257; baseline -0.008 -12"><span class='ocrx_word' id='word_1_874' title='bbox 1974 4209 2161 4246; x_wconf 90' lang='lat' dir='ltr'><strong>meum.</strong></span> <span class='ocrx_word' id='word_1_875' title='bbox 2189 4189 2451 4257; x_wconf 80' lang='lat' dir='ltr'><strong>Quoniam</strong></span> <span class='ocrx_word' id='word_1_876' title='bbox 2482 4187 2660 4242; x_wconf 87' lang='lat' dir='ltr'><strong>omnia</strong></span> <span class='ocrx_word' id='word_1_877' title='bbox 2709 4186 2841 4241; x_wconf 89' lang='lat' dir='ltr'><strong>mihi</strong></span> <span class='ocrx_word' id='word_1_878' title='bbox 2887 4196 2991 4239; x_wconf 90' lang='lat' dir='ltr'><strong>tam</strong></span> <span class='ocrx_word' id='word_1_879' title='bbox 3034 4184 3258 4239; x_wconf 89' lang='lat' dir='ltr'><strong>feliciter</strong></span> <span class='ocrx_word' id='word_1_880' title='bbox 3285 4196 3561 4236; x_wconf 81' lang='lat' dir='ltr'><strong>successe-</strong></span> 
     </span>
    </p>
   </div>
   <div class='ocr_carea' id='block_1_104' title="bbox 1973 4273 3559 4351">
    <p class='ocr_par' dir='ltr' id='par_1_104' title="bbox 1973 4273 3559 4351">
     <span class='ocr_line' id='line_1_104' title="bbox 1973 4273 3559 4351; baseline -0.008 -13"><span class='ocrx_word' id='word_1_881' title='bbox 1973 4293 2118 4350; x_wconf 89' lang='lat' dir='ltr'><strong>runt,</strong></span> <span class='ocrx_word' id='word_1_882' title='bbox 2152 4282 2338 4351; x_wconf 90' lang='lat' dir='ltr'><strong>inquit,</strong></span> <span class='ocrx_word' id='word_1_883' title='bbox 2362 4289 2416 4334; x_wconf 89' lang='lat' dir='ltr'><strong>et</strong></span> <span class='ocrx_word' id='word_1_884' title='bbox 2442 4280 2573 4333; x_wconf 87' lang='lat' dir='ltr'><strong>nihil</strong></span> <span class='ocrx_word' id='word_1_885' title='bbox 2598 4288 2683 4333; x_wconf 91' lang='lat' dir='ltr'><strong>est</strong></span> <span class='ocrx_word' id='word_1_886' title='bbox 2712 4277 2853 4348; x_wconf 91' lang='lat' dir='ltr'><strong>quod</strong></span> <span class='ocrx_word' id='word_1_887' title='bbox 2876 4285 3058 4340; x_wconf 84' lang='lat' dir='ltr'><strong>restet,</strong></span> <span class='ocrx_word' id='word_1_888' title='bbox 3089 4276 3184 4330; x_wconf 88' lang='lat' dir='ltr'><strong>sed</strong></span> <span class='ocrx_word' id='word_1_889' title='bbox 3209 4273 3273 4329; x_wconf 86' lang='lat' dir='ltr'><strong>ad</strong></span> <span class='ocrx_word' id='word_1_890' title='bbox 3309 4274 3559 4343; x_wconf 87' lang='lat' dir='ltr'><strong>placitum</strong></span> 
     </span>
    </p>
   </div>
   <div class='ocr_carea' id='block_1_105' title="bbox 1973 4365 3557 4441">
    <p class='ocr_par' dir='ltr' id='par_1_105' title="bbox 1973 4365 3557 4441">
     <span class='ocr_line' id='line_1_105' title="bbox 1973 4365 3557 4441; baseline -0.008 -13"><span class='ocrx_word' id='word_1_891' title='bbox 1973 4382 2206 4429; x_wconf 83' lang='lat' dir='ltr'><strong>vestrum</strong></span> <span class='ocrx_word' id='word_1_892' title='bbox 2231 4387 2318 4428; x_wconf 85' lang='lat' dir='ltr'><strong>res</strong></span> <span class='ocrx_word' id='word_1_893' title='bbox 2347 4370 2792 4441; x_wconf 83' lang='lat' dir='ltr'><strong>agitur,Dimittite</strong></span> <span class='ocrx_word' id='word_1_894' title='bbox 2816 4385 2913 4432; x_wconf 90' lang='lat' dir='ltr'><strong>me,</strong></span> <span class='ocrx_word' id='word_1_895' title='bbox 2935 4378 2989 4421; x_wconf 90' lang='lat' dir='ltr'><strong>ut</strong></span> <span class='ocrx_word' id='word_1_896' title='bbox 3015 4367 3190 4422; x_wconf 89' lang='lat' dir='ltr'><strong>abeam</strong></span> <span class='ocrx_word' id='word_1_897' title='bbox 3214 4366 3281 4419; x_wconf 87' lang='lat' dir='ltr'><strong>ad</strong></span> <span class='ocrx_word' id='word_1_898' title='bbox 3304 4365 3557 4418; x_wconf 86' lang='lat' dir='ltr'><strong>dominum</strong></span> 
     </span>
    </p>
   </div>
   <div class='ocr_carea' id='block_1_106' title="bbox 1973 4461 3562 4531">
    <p class='ocr_par' dir='ltr' id='par_1_106' title="bbox 1973 4461 3562 4531">
     <span class='ocr_line' id='line_1_106' title="bbox 1973 4461 3562 4531; baseline -0.007 -11"><span class='ocrx_word' id='word_1_899' title='bbox 1973 4483 2162 4520; x_wconf 90' lang='lat' dir='ltr'><strong>meum.</strong></span> <span class='ocrx_word' id='word_1_900' title='bbox 2190 4465 2278 4519; x_wconf 87' lang='grc'><strong>55.</strong></span> <span class='ocrx_word' id='word_1_901' title='bbox 2318 4462 2564 4517; x_wconf 77' lang='lat' dir='ltr'><strong>Dixerunt</strong></span> <span class='ocrx_word' id='word_1_902' title='bbox 2589 4470 2776 4527; x_wconf 87' lang='lat' dir='ltr'><strong>autent,</strong></span> <span class='ocrx_word' id='word_1_903' title='bbox 2807 4461 3017 4531; x_wconf 90' lang='lat' dir='ltr'><strong>inquit,</strong></span> <span class='ocrx_word' id='word_1_904' title='bbox 3051 4464 3233 4530; x_wconf 82' lang='lat' dir='ltr'><strong>fratres</strong></span> <span class='ocrx_word' id='word_1_905' title='bbox 3262 4467 3308 4512; x_wconf 87' lang='lat' dir='ltr'><strong>et</strong></span> <span class='ocrx_word' id='word_1_906' title='bbox 3357 4466 3517 4510; x_wconf 89' lang='lat' dir='ltr'><strong>mater</strong></span> <span class='ocrx_word' id='word_1_907' title='bbox 3546 4474 3562 4509; x_wconf 91' lang='lat'><strong><em>:</em></strong></span> 
     </span>
    </p>
   </div>
   <div class='ocr_carea' id='block_1_107' title="bbox 1975 4547 3565 4623">
    <p class='ocr_par' dir='ltr' id='par_1_107' title="bbox 1975 4547 3565 4623">
     <span class='ocr_line' id='line_1_107' title="bbox 1975 4547 3565 4623; baseline -0.009 -12"><span class='ocrx_word' id='word_1_908' title='bbox 1975 4556 2184 4612; x_wconf 77' lang='lat' dir='ltr'><strong>Maneat</strong></span> <span class='ocrx_word' id='word_1_909' title='bbox 2210 4554 2465 4608; x_wconf 86' lang='lat' dir='ltr'><strong>nobiscum</strong></span> <span class='ocrx_word' id='word_1_910' title='bbox 2490 4554 2628 4623; x_wconf 89' lang='lat' dir='ltr'><strong>virgo</strong></span> <span class='ocrx_word' id='word_1_911' title='bbox 2659 4552 2830 4604; x_wconf 87' lang='lat' dir='ltr'><strong>diebus</strong></span> <span class='ocrx_word' id='word_1_912' title='bbox 2851 4552 2995 4621; x_wconf 88' lang='lat' dir='ltr'><strong>quasi</strong></span> <span class='ocrx_word' id='word_1_913' title='bbox 3022 4550 3211 4611; x_wconf 80' lang='lat' dir='ltr'><strong>decem,</strong></span> <span class='ocrx_word' id='word_1_914' title='bbox 3243 4558 3289 4603; x_wconf 89' lang='lat' dir='ltr'><strong>et</strong></span> <span class='ocrx_word' id='word_1_915' title='bbox 3316 4556 3427 4617; x_wconf 88' lang='lat' dir='ltr'><strong>post</strong></span> <span class='ocrx_word' id='word_1_916' title='bbox 3454 4547 3565 4599; x_wconf 70' lang='lat' dir='ltr'><strong>lucc</strong></span> 
     </span>
    </p>
   </div>
   <div class='ocr_carea' id='block_1_108' title="bbox 1975 4638 3561 4705">
    <p class='ocr_par' dir='ltr' id='par_1_108' title="bbox 1975 4638 3561 4705">
     <span class='ocr_line' id='line_1_108' title="bbox 1975 4638 3561 4705; baseline -0.007 -1"><span class='ocrx_word' id='word_1_917' title='bbox 1975 4650 2194 4705; x_wconf 88' lang='lat' dir='ltr'><strong>abibitis.</strong></span> <span class='ocrx_word' id='word_1_918' title='bbox 2222 4649 2311 4703; x_wconf 88' lang='grc'><strong>56.</strong></span> <span class='ocrx_word' id='word_1_919' title='bbox 2334 4647 2436 4701; x_wconf 84' lang='lat' dir='ltr'><strong>Ille</strong></span> <span class='ocrx_word' id='word_1_920' title='bbox 2456 4656 2620 4700; x_wconf 89' lang='lat' dir='ltr'><strong>autem</strong></span> <span class='ocrx_word' id='word_1_921' title='bbox 2642 4645 2767 4699; x_wconf 87' lang='lat' dir='ltr'><strong>dixit</strong></span> <span class='ocrx_word' id='word_1_922' title='bbox 2794 4646 2859 4697; x_wconf 89' lang='lat' dir='ltr'><strong>ad</strong></span> <span class='ocrx_word' id='word_1_923' title='bbox 2882 4660 2964 4697; x_wconf 88' lang='lat' dir='ltr'><strong>eos</strong></span> <span class='ocrx_word' id='word_1_924' title='bbox 2992 4659 3010 4696; x_wconf 93' lang='lat'><em>:</em></span> <span class='ocrx_word' id='word_1_925' title='bbox 3042 4642 3125 4697; x_wconf 82' lang='lat' dir='ltr'><strong>Ne</strong></span> <span class='ocrx_word' id='word_1_926' title='bbox 3151 4658 3228 4695; x_wconf 88' lang='lat' dir='ltr'><strong>me</strong></span> <span class='ocrx_word' id='word_1_927' title='bbox 3257 4638 3520 4695; x_wconf 79' lang='lat' dir='ltr'><strong>detinentis</strong></span> <span class='ocrx_word' id='word_1_928' title='bbox 3546 4658 3561 4699; x_wconf 88' lang='lat'><strong><em>:</em></strong></span> 
     </span>
    </p>
   </div>
   <div class='ocr_carea' id='block_1_109' title="bbox 1976 4731 3563 4807">
    <p class='ocr_par' dir='ltr' id='par_1_109' title="bbox 1976 4731 3563 4807">
     <span class='ocr_line' id='line_1_109' title="bbox 1976 4731 3563 4807; baseline -0.01 -11"><span class='ocrx_word' id='word_1_929' title='bbox 1976 4744 2159 4797; x_wconf 90' lang='lat' dir='ltr'><strong>etenim</strong></span> <span class='ocrx_word' id='word_1_930' title='bbox 2210 4741 2454 4794; x_wconf 84' lang='lat' dir='ltr'><strong>Dominus</strong></span> <span class='ocrx_word' id='word_1_931' title='bbox 2484 4754 2782 4807; x_wconf 86' lang='lat' dir='ltr'><strong>prosperum</strong></span> <span class='ocrx_word' id='word_1_932' title='bbox 2813 4736 2928 4803; x_wconf 87' lang='lat' dir='ltr'><strong>fecit</strong></span> <span class='ocrx_word' id='word_1_933' title='bbox 2975 4735 3069 4788; x_wconf 85' lang='lat' dir='ltr'><strong>iter</strong></span> <span class='ocrx_word' id='word_1_934' title='bbox 3097 4749 3262 4787; x_wconf 90' lang='lat' dir='ltr'><strong>meum</strong></span> <span class='ocrx_word' id='word_1_935' title='bbox 3288 4749 3306 4786; x_wconf 89' lang='lat'><strong><em>:</em></strong></span> <span class='ocrx_word' id='word_1_936' title='bbox 3332 4731 3563 4784; x_wconf 65' lang='lat' dir='ltr'><strong>dimittit!</strong></span> 
     </span>
    </p>
   </div>
   <div class='ocr_carea' id='block_1_110' title="bbox 1977 4819 3567 4890">
    <p class='ocr_par' dir='ltr' id='par_1_110' title="bbox 1977 4819 3567 4890">
     <span class='ocr_line' id='line_1_110' title="bbox 1977 4819 3567 4890; baseline -0.008 -4"><span class='ocrx_word' id='word_1_937' title='bbox 1977 4850 2055 4886; x_wconf 89' lang='lat' dir='ltr'><strong>nte</strong></span> <span class='ocrx_word' id='word_1_938' title='bbox 2070 4840 2125 4885; x_wconf 86' lang='lat' dir='ltr'><strong>ut</strong></span> <span class='ocrx_word' id='word_1_939' title='bbox 2146 4830 2321 4884; x_wconf 88' lang='lat' dir='ltr'><strong>abeam</strong></span> <span class='ocrx_word' id='word_1_940' title='bbox 2350 4829 2417 4881; x_wconf 91' lang='lat' dir='ltr'><strong>ad</strong></span> <span class='ocrx_word' id='word_1_941' title='bbox 2444 4828 2703 4880; x_wconf 88' lang='lat' dir='ltr'><strong>dominum</strong></span> <span class='ocrx_word' id='word_1_942' title='bbox 2729 4842 2916 4879; x_wconf 88' lang='lat' dir='ltr'><strong>meum.</strong></span> <span class='ocrx_word' id='word_1_943' title='bbox 2945 4825 3139 4890; x_wconf 85' lang='lat' dir='ltr'><strong>Quare,</strong></span> <span class='ocrx_word' id='word_1_944' title='bbox 3170 4823 3357 4890; x_wconf 87' lang='lat' dir='ltr'><strong>inquit,</strong></span> <span class='ocrx_word' id='word_1_945' title='bbox 3383 4819 3567 4875; x_wconf 75' lang='lat' dir='ltr'><strong>differ-</strong></span> 
     </span>
    </p>
   </div>
   <div class='ocr_carea' id='block_1_111' title="bbox 1980 4907 3563 4994">
    <p class='ocr_par' dir='ltr' id='par_1_111' title="bbox 1980 4907 3563 4994">
     <span class='ocr_line' id='line_1_111' title="bbox 1980 4907 3563 4994; baseline -0.011 -15"><span class='ocrx_word' id='word_1_946' title='bbox 1980 4926 2046 4979; x_wconf 89' lang='lat' dir='ltr'><strong>tis</strong></span> <span class='ocrx_word' id='word_1_947' title='bbox 2064 4934 2118 4979; x_wconf 91' lang='lat' dir='ltr'><strong>et</strong></span> <span class='ocrx_word' id='word_1_948' title='bbox 2143 4921 2563 4994; x_wconf 88' lang='lat' dir='ltr'><strong>procrastinatis,</strong></span> <span class='ocrx_word' id='word_1_949' title='bbox 2587 4934 2708 4972; x_wconf 90' lang='lat' dir='ltr'><strong>cum</strong></span> <span class='ocrx_word' id='word_1_950' title='bbox 2730 4919 2869 4971; x_wconf 85' lang='lat' dir='ltr'><strong>Deus</strong></span> <span class='ocrx_word' id='word_1_951' title='bbox 2886 4926 3083 4970; x_wconf 89' lang='lat' dir='ltr'><strong>tantam</strong></span> <span class='ocrx_word' id='word_1_952' title='bbox 3106 4914 3407 4968; x_wconf 83' lang='lat' dir='ltr'><strong>facilitatem</strong></span> <span class='ocrx_word' id='word_1_953' title='bbox 3432 4907 3563 4964; x_wconf 88' lang='lat' dir='ltr'><strong>mihi</strong></span> 
     </span>
    </p>
   </div>
   <div class='ocr_carea' id='block_1_112' title="bbox 1979 5003 3549 5073">
    <p class='ocr_par' dir='ltr' id='par_1_112' title="bbox 1979 5003 3549 5073">
     <span class='ocr_line' id='line_1_112' title="bbox 1979 5003 3549 5073; baseline -0.01 -3"><span class='ocrx_word' id='word_1_954' title='bbox 1979 5017 2032 5071; x_wconf 89' lang='lat' dir='ltr'><strong>in</strong></span> <span class='ocrx_word' id='word_1_955' title='bbox 2062 5013 2309 5070; x_wconf 86' lang='lat' dir='ltr'><strong>omnibus</strong></span> <span class='ocrx_word' id='word_1_956' title='bbox 2330 5011 2573 5067; x_wconf 85' lang='lat' dir='ltr'><strong>dederit?</strong></span> <span class='ocrx_word' id='word_1_957' title='bbox 2604 5009 2853 5062; x_wconf 84' lang='lat' dir='ltr'><strong>Dimittite</strong></span> <span class='ocrx_word' id='word_1_958' title='bbox 2874 5024 2955 5061; x_wconf 91' lang='lat' dir='ltr'><strong>me</strong></span> <span class='ocrx_word' id='word_1_959' title='bbox 2978 5050 2992 5073; x_wconf 95' lang='lat'><strong>,</strong></span> <span class='ocrx_word' id='word_1_960' title='bbox 3022 5016 3074 5059; x_wconf 91' lang='lat' dir='ltr'><strong>ut</strong></span> <span class='ocrx_word' id='word_1_961' title='bbox 3103 5008 3274 5059; x_wconf 88' lang='lat' dir='ltr'><strong>abeam</strong></span> <span class='ocrx_word' id='word_1_962' title='bbox 3304 5005 3371 5056; x_wconf 91' lang='lat' dir='ltr'><strong>ad</strong></span> <span class='ocrx_word' id='word_1_963' title='bbox 3395 5003 3549 5056; x_wconf 89' lang='lat' dir='ltr'><strong>donti-</strong></span> 
     </span>
    </p>
   </div>
   <div class='ocr_carea' id='block_1_113' title="bbox 1980 5092 3556 5164">
    <p class='ocr_par' dir='ltr' id='par_1_113' title="bbox 1980 5092 3556 5164">
     <span class='ocr_line' id='line_1_113' title="bbox 1980 5092 3556 5164; baseline -0.01 -2"><span class='ocrx_word' id='word_1_964' title='bbox 1980 5125 2103 5162; x_wconf 90' lang='lat' dir='ltr'><strong>num</strong></span> <span class='ocrx_word' id='word_1_965' title='bbox 2135 5122 2321 5160; x_wconf 91' lang='lat' dir='ltr'><strong>meum.</strong></span> <span class='ocrx_word' id='word_1_966' title='bbox 2349 5105 2441 5159; x_wconf 86' lang='lat'><strong>57.</strong></span> <span class='ocrx_word' id='word_1_967' title='bbox 2484 5102 2576 5156; x_wconf 80' lang='lat' dir='ltr'><strong>Illi</strong></span> <span class='ocrx_word' id='word_1_968' title='bbox 2616 5110 2784 5154; x_wconf 89' lang='lat' dir='ltr'><strong>autent</strong></span> <span class='ocrx_word' id='word_1_969' title='bbox 2825 5099 3060 5153; x_wconf 84' lang='lat' dir='ltr'><strong>dixerunt</strong></span> <span class='ocrx_word' id='word_1_970' title='bbox 3086 5113 3105 5151; x_wconf 88' lang='lat'><strong><em>:</em></strong></span> <span class='ocrx_word' id='word_1_971' title='bbox 3147 5095 3391 5150; x_wconf 83' lang='lat' dir='ltr'><strong>Vocemus</strong></span> <span class='ocrx_word' id='word_1_972' title='bbox 3420 5092 3556 5164; x_wconf 85' lang='lat' dir='ltr'><strong>puel-</strong></span> 
     </span>
    </p>
   </div>
   <div class='ocr_carea' id='block_1_114' title="bbox 1981 5186 3562 5266">
    <p class='ocr_par' dir='ltr' id='par_1_114' title="bbox 1981 5186 3562 5266">
     <span class='ocr_line' id='line_1_114' title="bbox 1981 5186 3562 5266; baseline -0.011 -13"><span class='ocrx_word' id='word_1_973' title='bbox 1981 5201 2107 5265; x_wconf 91' lang='lat' dir='ltr'><strong>lam,</strong></span> <span class='ocrx_word' id='word_1_974' title='bbox 2135 5209 2180 5253; x_wconf 93' lang='lat' dir='ltr'><strong>et</strong></span> <span class='ocrx_word' id='word_1_975' title='bbox 2209 5200 2573 5266; x_wconf 87' lang='lat' dir='ltr'><strong>interrogemus</strong></span> <span class='ocrx_word' id='word_1_976' title='bbox 2598 5194 2753 5249; x_wconf 72' lang='lat' dir='ltr'><strong>eam‘.</strong></span> <span class='ocrx_word' id='word_1_977' title='bbox 2786 5193 2879 5249; x_wconf 83' lang='lat'><strong>58.</strong></span> <span class='ocrx_word' id='word_1_978' title='bbox 2910 5190 2981 5245; x_wconf 91' lang='lat' dir='ltr'><strong>Et</strong></span> <span class='ocrx_word' id='word_1_979' title='bbox 3001 5199 3296 5243; x_wconf 87' lang='lat' dir='ltr'><strong>vocaverunt</strong></span> <span class='ocrx_word' id='word_1_980' title='bbox 3322 5203 3454 5251; x_wconf 87' lang='lat' dir='ltr'><strong>eum,</strong></span> <span class='ocrx_word' id='word_1_981' title='bbox 3481 5186 3562 5237; x_wconf 84' lang='lat' dir='ltr'><strong>di-</strong></span> 
     </span>
    </p>
   </div>
   <div class='ocr_carea' id='block_1_115' title="bbox 1979 5278 3560 5355">
    <p class='ocr_par' dir='ltr' id='par_1_115' title="bbox 1979 5278 3560 5355">
     <span class='ocr_line' id='line_1_115' title="bbox 1979 5278 3560 5355; baseline -0.007 -9"><span class='ocrx_word' id='word_1_982' title='bbox 1979 5300 2263 5355; x_wconf 84' lang='lat' dir='ltr'><strong>xeruntque</strong></span> <span class='ocrx_word' id='word_1_983' title='bbox 2289 5289 2334 5343; x_wconf 88' lang='lat' dir='ltr'><strong>ei</strong></span> <span class='ocrx_word' id='word_1_984' title='bbox 2358 5305 2375 5343; x_wconf 90' lang='lat'><em>:</em></span> <span class='ocrx_word' id='word_1_985' title='bbox 2406 5287 2431 5341; x_wconf 85' lang='grc'><em>1</em></span> <span class='ocrx_word' id='word_1_986' title='bbox 2440 5289 2511 5342; x_wconf 90' lang='lat' dir='ltr'><strong>bis</strong></span> <span class='ocrx_word' id='word_1_987' title='bbox 2539 5304 2654 5339; x_wconf 90' lang='lat' dir='ltr'><strong>cum</strong></span> <span class='ocrx_word' id='word_1_988' title='bbox 2679 5287 2880 5340; x_wconf 88' lang='lat' dir='ltr'><strong>homine</strong></span> <span class='ocrx_word' id='word_1_989' title='bbox 2898 5286 2924 5338; x_wconf 75' lang='grc' dir='ltr'><em>Ζ)</em></span> <span class='ocrx_word' id='word_1_990' title='bbox 2950 5284 2976 5338; x_wconf 84' lang='grc' dir='ltr'><em>Ι</em></span> <span class='ocrx_word' id='word_1_991' title='bbox 2985 5284 3055 5338; x_wconf 87' lang='lat' dir='ltr'><strong>lla</strong></span> <span class='ocrx_word' id='word_1_992' title='bbox 3080 5292 3246 5335; x_wconf 91' lang='lat' dir='ltr'><strong>autent</strong></span> <span class='ocrx_word' id='word_1_993' title='bbox 3275 5282 3421 5343; x_wconf 90' lang='lat' dir='ltr'><strong>dixit,</strong></span> <span class='ocrx_word' id='word_1_994' title='bbox 3451 5278 3560 5335; x_wconf 89' lang='lat' dir='ltr'><strong>Ibo.</strong></span> 
     </span>
    </p>
   </div>
   <div class='ocr_carea' id='block_1_116' title="bbox 1983 5373 3561 5441">
    <p class='ocr_par' dir='ltr' id='par_1_116' title="bbox 1983 5373 3561 5441">
     <span class='ocr_line' id='line_1_116' title="bbox 1983 5373 3561 5441; baseline -0.011 0"><span class='ocrx_word' id='word_1_995' title='bbox 1983 5386 2072 5441; x_wconf 87' lang='lat'><strong>59.</strong></span> <span class='ocrx_word' id='word_1_996' title='bbox 2099 5382 2164 5439; x_wconf 84' lang='lat' dir='ltr'><strong>Et</strong></span> <span class='ocrx_word' id='word_1_997' title='bbox 2193 5384 2493 5437; x_wconf 87' lang='lat' dir='ltr'><strong>dimiserunt</strong></span> <span class='ocrx_word' id='word_1_998' title='bbox 2515 5381 2790 5435; x_wconf 83' lang='lat' dir='ltr'><strong>Rebeccam</strong></span> <span class='ocrx_word' id='word_1_999' title='bbox 2825 5394 3047 5432; x_wconf 86' lang='lat' dir='ltr'><strong>sororem</strong></span> <span class='ocrx_word' id='word_1_1000' title='bbox 3070 5391 3236 5437; x_wconf 90' lang='lat' dir='ltr'><strong>suam,</strong></span> <span class='ocrx_word' id='word_1_1001' title='bbox 3265 5382 3309 5426; x_wconf 90' lang='lat' dir='ltr'><strong>et</strong></span> <span class='ocrx_word' id='word_1_1002' title='bbox 3332 5373 3561 5426; x_wconf 81' lang='lat' dir='ltr'><strong>substan-</strong></span> 
     </span>
    </p>
   </div>
   <div class='ocr_carea' id='block_1_117' title="bbox 1985 5467 3559 5545">
    <p class='ocr_par' dir='ltr' id='par_1_117' title="bbox 1985 5467 3559 5545">
     <span class='ocr_line' id='line_1_117' title="bbox 1985 5467 3559 5545; baseline -0.009 -15"><span class='ocrx_word' id='word_1_1003' title='bbox 1985 5478 2083 5531; x_wconf 87' lang='lat' dir='ltr'><strong>tias</strong></span> <span class='ocrx_word' id='word_1_1004' title='bbox 2110 5477 2239 5545; x_wconf 87' lang='lat' dir='ltr'><strong>ejus,</strong></span> <span class='ocrx_word' id='word_1_1005' title='bbox 2260 5484 2305 5527; x_wconf 89' lang='lat' dir='ltr'><strong>et</strong></span> <span class='ocrx_word' id='word_1_1006' title='bbox 2334 5490 2529 5528; x_wconf 88' lang='lat' dir='ltr'><strong>servum</strong></span> <span class='ocrx_word' id='word_1_1007' title='bbox 2554 5472 2839 5533; x_wconf 86' lang='lat' dir='ltr'><strong>Abraham,</strong></span> <span class='ocrx_word' id='word_1_1008' title='bbox 2865 5478 2914 5522; x_wconf 91' lang='lat' dir='ltr'><strong>et</strong></span> <span class='ocrx_word' id='word_1_1009' title='bbox 2942 5484 3045 5532; x_wconf 86' lang='lat' dir='ltr'><strong>eos,</strong></span> <span class='ocrx_word' id='word_1_1010' title='bbox 3072 5467 3156 5535; x_wconf 90' lang='lat' dir='ltr'><strong>qui</strong></span> <span class='ocrx_word' id='word_1_1011' title='bbox 3178 5481 3293 5518; x_wconf 88' lang='lat' dir='ltr'><strong>cum</strong></span> <span class='ocrx_word' id='word_1_1012' title='bbox 3320 5481 3376 5518; x_wconf 91' lang='lat' dir='ltr'><strong>eo</strong></span> <span class='ocrx_word' id='word_1_1013' title='bbox 3397 5472 3559 5516; x_wconf 86' lang='lat' dir='ltr'><strong>erant.</strong></span> 
     </span>
    </p>
   </div>
   <div class='ocr_carea' id='block_1_118' title="bbox 1984 5553 3562 5623">
    <p class='ocr_par' dir='ltr' id='par_1_118' title="bbox 1984 5553 3562 5623">
     <span class='ocr_line' id='line_1_118' title="bbox 1984 5553 3562 5623; baseline -0.011 -1"><span class='ocrx_word' id='word_1_1014' title='bbox 1984 5567 2073 5623; x_wconf 84' lang='lat'><strong>60.</strong></span> <span class='ocrx_word' id='word_1_1015' title='bbox 2095 5565 2163 5619; x_wconf 85' lang='lat' dir='ltr'><strong>Et</strong></span> <span class='ocrx_word' id='word_1_1016' title='bbox 2191 5564 2548 5619; x_wconf 83' lang='lat' dir='ltr'><strong>benedixerunt</strong></span> <span class='ocrx_word' id='word_1_1017' title='bbox 2590 5561 2863 5615; x_wconf 85' lang='lat' dir='ltr'><strong>Rebeccam</strong></span> <span class='ocrx_word' id='word_1_1018' title='bbox 2887 5599 2902 5623; x_wconf 93' lang='lat'><strong>,</strong></span> <span class='ocrx_word' id='word_1_1019' title='bbox 2931 5568 2975 5612; x_wconf 92' lang='lat' dir='ltr'><strong>et</strong></span> <span class='ocrx_word' id='word_1_1020' title='bbox 3006 5559 3245 5611; x_wconf 84' lang='lat' dir='ltr'><strong>dixerunt</strong></span> <span class='ocrx_word' id='word_1_1021' title='bbox 3277 5555 3322 5608; x_wconf 85' lang='lat' dir='ltr'><strong>ei</strong></span> <span class='ocrx_word' id='word_1_1022' title='bbox 3358 5569 3377 5605; x_wconf 88' lang='lat'><strong><em>:</em></strong></span> <span class='ocrx_word' id='word_1_1023' title='bbox 3399 5553 3562 5607; x_wconf 83' lang='lat' dir='ltr'><strong>Soror</strong></span> 
     </span>
    </p>
   </div>
   <div class='ocr_carea' id='block_1_119' title="bbox 1986 5646 3564 5725">
    <p class='ocr_par' dir='ltr' id='par_1_119' title="bbox 1986 5646 3564 5725">
     <span class='ocr_line' id='line_1_119' title="bbox 1986 5646 3564 5725; baseline -0.011 -12"><span class='ocrx_word' id='word_1_1024' title='bbox 1986 5672 2161 5713; x_wconf 75' lang='lat' dir='ltr'><strong>nostra</strong></span> <span class='ocrx_word' id='word_1_1025' title='bbox 2208 5675 2283 5722; x_wconf 87' lang='lat' dir='ltr'><strong>es,</strong></span> <span class='ocrx_word' id='word_1_1026' title='bbox 2315 5657 2408 5725; x_wconf 73' lang='lat' dir='ltr'><strong>ﬁas</strong></span> <span class='ocrx_word' id='word_1_1027' title='bbox 2449 5656 2504 5709; x_wconf 90' lang='lat' dir='ltr'><strong>in</strong></span> <span class='ocrx_word' id='word_1_1028' title='bbox 2540 5653 2704 5707; x_wconf 90' lang='lat' dir='ltr'><strong>millia</strong></span> <span class='ocrx_word' id='word_1_1029' title='bbox 2742 5651 2911 5706; x_wconf 85' lang='lat' dir='ltr'><strong>decem</strong></span> <span class='ocrx_word' id='word_1_1030' title='bbox 2946 5649 3184 5710; x_wconf 89' lang='lat' dir='ltr'><strong>millium,</strong></span> <span class='ocrx_word' id='word_1_1031' title='bbox 3215 5655 3262 5701; x_wconf 92' lang='lat' dir='ltr'><strong>et</strong></span> <span class='ocrx_word' id='word_1_1032' title='bbox 3279 5646 3564 5700; x_wconf 72' lang='lat' dir='ltr'><strong>hered&#39;tatc</strong></span> 
     </span>
    </p>
   </div>
   <div class='ocr_carea' id='block_1_120' title="bbox 1987 5735 3564 5821">
    <p class='ocr_par' dir='ltr' id='par_1_120' title="bbox 1987 5735 3564 5821">
     <span class='ocr_line' id='line_1_120' title="bbox 1987 5735 3564 5821; baseline -0.013 -14"><span class='ocrx_word' id='word_1_1033' title='bbox 1987 5748 2239 5821; x_wconf 82' lang='lat' dir='ltr'><strong>possideat</strong></span> <span class='ocrx_word' id='word_1_1034' title='bbox 2278 5764 2445 5801; x_wconf 89' lang='lat' dir='ltr'><strong>semen</strong></span> <span class='ocrx_word' id='word_1_1035' title='bbox 2474 5756 2617 5801; x_wconf 88' lang='lat' dir='ltr'><strong>tuum</strong></span> <span class='ocrx_word' id='word_1_1036' title='bbox 2637 5745 2860 5797; x_wconf 88' lang='lat' dir='ltr'><strong>civitates</strong></span> <span class='ocrx_word' id='word_1_1037' title='bbox 2887 5740 3226 5794; x_wconf 88' lang='lat' dir='ltr'><strong>inimicorum.</strong></span> <span class='ocrx_word' id='word_1_1038' title='bbox 3269 5735 3397 5790; x_wconf 82' lang='lat' dir='ltr'><strong>Vide</strong></span> <span class='ocrx_word' id='word_1_1039' title='bbox 3425 5748 3564 5805; x_wconf 80' lang='lat' dir='ltr'><strong>quo-</strong></span> 
     </span>
    </p>
   </div>
   <div class='ocr_carea' id='block_1_121' title="bbox 2060 5829 3325 5905">
    <p class='ocr_par' dir='ltr' id='par_1_121' title="bbox 2060 5829 3325 5905">
     <span class='ocr_line' id='line_1_121' title="bbox 2060 5829 3325 5905; baseline -0.013 -12"><span class='ocrx_word' id='word_1_1040' title='bbox 2060 5840 2075 5873; x_wconf 82' lang='grc'>¹</span> <span class='ocrx_word' id='word_1_1041' title='bbox 2111 5840 2428 5905; x_wconf 81' lang='lat' dir='ltr'><strong>septuaginta</strong></span> <span class='ocrx_word' id='word_1_1042' title='bbox 2447 5839 2516 5889; x_wconf 83' lang='lat' dir='ltr'><strong>sic</strong></span> <span class='ocrx_word' id='word_1_1043' title='bbox 2536 5836 2736 5895; x_wconf 83' lang='lat' dir='ltr'><strong>habent,</strong></span> <span class='ocrx_word' id='word_1_1044' title='bbox 2760 5832 3103 5895; x_wconf 84' lang='lat' dir='ltr'><strong>interrogemus</strong></span> <span class='ocrx_word' id='word_1_1045' title='bbox 3125 5840 3178 5879; x_wconf 86' lang='lat' dir='ltr'><strong>os</strong></span> <span class='ocrx_word' id='word_1_1046' title='bbox 3204 5829 3325 5888; x_wconf 86' lang='lat' dir='ltr'><strong>ejus.</strong></span> 
     </span>
    </p>
   </div>
  </div>
