4084 6356
565 392 670 450 ΗΞ

574 513 735 568 modo
763 521 817 565 et
846 510 919 565 illi
943 510 1250 579 ignorantes
1278 503 1469 574 virgini
1493 516 1612 572 qua:
1652 502 1824 554 futura
1854 505 1978 551 sunt
2012 509 2152 566 pra:—

569 606 889 676 signilicant,
920 603 1032 656 Deo
1074 607 1307 654 mentem
1351 610 1537 650 eorum
1572 591 1637 647 ad
1681 591 1783 645 hoc
1811 590 2072 659 dirigente
2100 595 2154 640 et

570 698 840 751 incitante.
872 692 1109 762 Utraque
1138 689 1281 744 enim
1310 688 1358 742 ei
1396 685 1650 757 praedicta
1677 691 1835 748 sunt,
1869 691 1978 734 tum
2008 678 2151 748 quod

562 791 615 845 in
637 789 799 845 millia
817 785 1114 858 myriadum
1144 785 1317 837 futura
1339 790 1501 844 esset,
1524 788 1632 833 tum
1655 775 1796 847 quod
1825 788 2008 828 semen
2036 772 2152 841 ejus

562 880 853 935 hereditate
897 889 1265 948 possessurum
1308 881 1452 929 esset
1488 871 1730 935 civitates
1784 867 2146 922 inimicorum.

564 973 752 1028 Vidisti
785 986 879 1041 per
906 970 1084 1025 omnia
1114 967 1418 1023 evidentem
1449 966 1541 1020 Dei
1580 963 1967 1034 providentiam
2011 960 2154 1014 relu-

556 1082 709 1133 cere,
736 1064 1008 1136 quomodo
1038 1078 1134 1133 per
1180 1061 1423 1116 inﬁdeles
1453 1061 1628 1113 futura
1668 1065 1731 1111 ut
1769 1054 2145 1125 praedicantur,

554 1158 831 1227 dispensat
856 1155 1093 1211 omnium
1126 1152 1415 1207 Dominus?
1442 1151 1528 1206 61.
1549 1149 1675 1204 Cum
1698 1148 2027 1202 surrexissent
2046 1162 2147 1199 au-

555 1262 656 1304 tem
686 1248 971 1305 Rebeccaet
991 1248 1198 1302 ancilla:
1221 1248 1351 1316 ejus,
1376 1245 1709 1299 ascenderunt
1730 1258 1882 1312 super
1906 1239 2143 1297 camelos.

560 1347 750 1403 Vidisti
795 1347 1005 1418 qualem
1043 1361 1291 1416 sponsam
1330 1344 1492 1398 ducat
1535 1338 1883 1411 patriarcha?
1929 1339 2147 1406 Aquan-

557 1449 688 1505 tem,
721 1450 776 1495 et
805 1439 1047 1512 hydriam
1090 1453 1251 1507 super
1296 1435 1548 1489 humeros
1578 1434 1840 1487 ferentem
1866 1471 1881 1495 ,
1913 1436 1966 1483 et
2006 1442 2148 1482 nunc

558 1535 751 1588 iterum
779 1532 1155 1586 ascendentem
1191 1545 1355 1600 super
1386 1527 1642 1582 camelos.
1685 1525 1955 1595 Nusquam
1990 1521 2149 1575 mulae

552 1635 777 1696 argento
800 1624 1117 1695 fulgentibus
1142 1622 1462 1686 cervicibus,
1490 1634 1661 1689 neque
1687 1616 2003 1672 famulorum
2030 1624 2150 1669 tur-

554 1717 641 1781 ha,
666 1731 837 1786 neque
864 1730 1050 1786 magna
1083 1714 1355 1779 mollities,
1384 1728 1502 1783 quae
1525 1725 1667 1764 nunc
1695 1707 1939 1763 adhiberi
1964 1705 2101 1761 solet
2125 1720 2142 1759 :

550 1810 646 1863 sed
668 1818 869 1863 tantum
898 1817 1017 1863 erat
1053 1808 1346 1878 priscarum
1388 1804 1673 1860 mulierum
1700 1802 1891 1865 robur,
1926 1808 2062 1854 utet
2092 1800 2145 1852 in

552 1899 790 1955 camelos
818 1901 947 1969 ipsae
995 1898 1373 1965 ascenderent,
1422 1905 1476 1952 et
1502 1896 1581 1951 sic
1622 1896 1724 1950 iter
1770 1893 2030 1948 iacerent.
2075 1889 2145 1943 Et

556 1995 797 2063 profecta:
821 2003 972 2059 sunt,
1002 1992 1202 2062 inquit,
1233 2008 1349 2045 cum
1399 1990 1619 2044 homine.
1651 1990 1743 2043 65.
1773 1986 1924 2041 Isaac
1969 1996 2139 2039 autem

548 2101 780 2155 egressus
810 2094 919 2137 erat
942 2126 957 2149 ,
988 2092 1046 2137 ut
1070 2100 1124 2137 se
1142 2092 1389 2137 exerceret
1410 2082 1463 2135 in
1493 2097 1619 2152 agro
1647 2081 1715 2133 ad
1742 2078 2092 2150 crepusculum
2120 2093 2139 2131 :

549 2187 601 2231 et
623 2178 692 2230 ibi
720 2176 923 2230 elevatis
948 2177 1107 2230 oculis
1136 2218 1150 2241 ,
1185 2176 1308 2229 vidit
1355 2173 1574 2228 camelos
1618 2174 1889 2227 venientes.
1930 2172 2060 2225 Dum
2087 2171 2138 2225 in

546 2283 745 2338 campo
764 2277 1106 2333 versaretur,
1146 2268 1345 2337 inquit,
1377 2267 1553 2333 lsaae,
1595 2266 1728 2319 vidit
1767 2264 2021 2320 camelos.
2048 2263 2137 2319 64.

550 2359 777 2415 Rebecca
806 2369 975 2414 autem
1007 2400 1023 2425 ,
1065 2371 1119 2414 ut
1146 2361 1272 2415 vidit
1293 2359 1445 2415 Isaac
1467 2402 1482 2426 ,
1526 2360 1715 2413 desiliit
1741 2376 1773 2413 a
1802 2360 2014 2424 camelo,
2047 2359 2137 2413 65.

545 2464 595 2507 et
619 2453 749 2507 dixit
792 2471 935 2508 servo
985 2470 1005 2508 :
1053 2455 1179 2521 Quis
1206 2464 1280 2508 est
1309 2454 1459 2508 homo
1483 2452 1571 2508 ille
1595 2455 1686 2523 qui
1713 2454 1852 2507 vadit
1879 2456 1933 2506 in
1959 2470 2139 2523 campo

547 2545 693 2600 nobis
723 2545 955 2599 obviam?
984 2545 1116 2600 Vide
1142 2547 1335 2616 puella:
1359 2547 1771 2617 generositatem
1798 2562 1812 2611 ;
1858 2558 2136 2615 postquam

548 2637 680 2691 vidit
715 2637 881 2703 Isaac,
913 2639 1186 2707 quaerebat
1223 2639 1342 2706 quis
1385 2647 1548 2693 esset.
1580 2639 1645 2693 Et
1673 2638 1759 2693 ubi
1788 2637 1971 2692 didicit
1997 2637 2137 2708 quod

547 2731 664 2801 ipse
689 2741 835 2786 esset
884 2746 1133 2799 sponsus,
1166 2731 1358 2786 velavit
1389 2745 1449 2786 se
1481 2730 1733 2785 theristro
1761 2747 1775 2795 ;
1818 2738 1873 2783 et
1918 2732 2138 2784 veniens

547 2836 734 2877 servus
761 2822 937 2876 omnia
961 2823 1107 2877 clare
1135 2822 1399 2876 nuntiavit
1429 2820 1577 2876 Isaac
1608 2821 1627 2893 (
1658 2838 1704 2875 υ.
1737 2820 1852 2884 66).
1882 2820 1979 2875 Hic
2005 2835 2137 2873 eon-

545 2915 745 2983 sidera,
774 2929 888 2978 oro,
918 2915 1185 2984 quomodo
1214 2930 1471 2983 nusquam
1498 2916 1765 2983 superﬂua
1794 2916 1879 2969 illa
1904 2924 1957 2969 et
1979 2913 2139 2968 inuti-

546 3008 637 3072 lia,
682 3023 945 3078 nusquam
974 3008 1231 3062 diabolica
1264 3023 1477 3078 pompa,
1510 3022 1768 3077 nusquam
1797 3007 2060 3078 cymbala,
2082 3014 2137 3061 et

547 3099 711 3165 tibize,
740 3109 793 3154 et
818 3099 1051 3165 choreae,
1073 3110 1125 3154 et
1173 3100 1406 3154 satanica
1454 3100 1538 3154 illa
1566 3100 1833 3164 convivia,
1864 3109 1919 3153 et
1960 3112 2137 3152 scom-

550 3202 692 3245 mata
722 3192 866 3245 omni
899 3192 1249 3247 ohscmnitate
1277 3192 1464 3261 plena;
1499 3191 1591 3246 sed
1634 3192 1809 3247 omnis
1839 3191 2090 3246 honestas
2116 3232 2131 3257 ,

546 3285 725 3337 omnis
753 3285 1034 3353 sapientia,
1061 3284 1235 3339 omnis
1259 3284 1540 3339 modestia.
1571 3285 1659 3339 67.
1708 3283 1927 3338 Intravit
1970 3293 2136 3337 autem

548 3373 721 3438 Isaac,
752 3376 938 3445 inquit,
966 3376 1018 3429 in
1049 3377 1255 3429 domum
1296 3379 1473 3430 matris
1497 3394 1630 3440 sum,
1660 3387 1707 3430 et
1731 3378 1920 3445 accepit
1948 3376 2135 3430 Rebec-

546 3484 658 3519 cam
687 3508 704 3532 ,
756 3476 802 3521 et
852 3468 950 3538 fuit
980 3468 1028 3521 ei
1059 3484 1189 3522 uxor
1210 3509 1223 3532 ,
1255 3478 1303 3522 et
1344 3468 1520 3522 dilexit
1565 3484 1675 3522 eam
1700 3510 1714 3533 ,
1746 3478 1793 3521 et
1832 3468 2138 3521 consolatio-

553 3575 666 3611 nem
717 3560 909 3627 accepit
966 3558 1121 3612 Isaac
1181 3575 1333 3629 super
1381 3561 1544 3616 Sarra
1603 3569 1761 3614 matre
1808 3576 1924 3614 sua.
1986 3558 2134 3614 lianc

548 3647 823 3704 imitentur
889 3648 1184 3715 mulieres,
1251 3650 1392 3706 hunc
1453 3650 1771 3705 aemulentur
1835 3651 1933 3705 viri
1984 3666 1999 3704 :
2054 3650 2132 3705 sic

546 3755 772 3808 sponsas
806 3739 1000 3796 ducere
1028 3749 1234 3796 curent.
1265 3742 1442 3809 Quare
1470 3743 1636 3807 enim,
1669 3742 1777 3803 die,
1796 3757 1913 3807 oro,
1951 3742 2131 3796 statim

545 3829 614 3883 ab
641 3831 791 3885 initio
820 3831 1066 3885 sordibus
1096 3831 1302 3901 impleri
1331 3832 1460 3886 sinis
1489 3833 1678 3902 puellm.
1705 3846 1861 3887 aures
1883 3840 1987 3885 tam
2021 3840 2134 3885 tur~

546 3920 705 3991 pibus
733 3923 1038 3988 cantilenis,
1071 3933 1175 3977 tam
1229 3923 1617 3989 imtempcstiva
1649 3923 1734 3977 illa
1767 3922 1993 3993 pompa?
2033 3921 2132 3976 Nec

545 4014 655 4067 scis
678 4015 947 4083 quomodo
975 4015 1330 4087 adolescentia
1358 4031 1451 4082 per
1480 4030 1538 4069 se
1575 4015 1644 4068 sit
1679 4015 1731 4068 in
1778 4015 1973 4068 malum
2002 4029 2132 4085 pro-

547 4107 755 4175 pensa?
782 4121 877 4159 cur
905 4106 1127 4161 honesta
1158 4109 1462 4176 nuptiarum
1509 4108 1759 4178 mysteria
1789 4107 1997 4176 publice
2035 4106 2133 4161 de-

548 4196 846 4252 honestas?
873 4214 996 4252 cum
1025 4210 1297 4267 Oportcret
1349 4200 1465 4255 haec
1507 4201 1686 4254 omnia
1737 4200 2009 4270 depellere
2031 4241 2047 4265 ,
2079 4210 2134 4255 et

548 4289 922 4343 verecundiam
952 4292 1213 4360 principio
1242 4291 1437 4347 dooere
1467 4292 1716 4361 puellam,
1746 4302 1800 4347 et
1824 4293 2134 4348 sacerdotes

548 4394 759 4447 vocare,
805 4392 859 4437 et
903 4384 1151 4451 precibus
1191 4395 1246 4439 et
1291 4384 1750 4439 benedictionibus
1793 4384 2134 4439 concordiam

547 4471 778 4540 conjugii
807 4473 1176 4542 constringere
1210 4492 1221 4525 :
1256 4482 1316 4527 ut
1359 4488 1511 4527 amor
1546 4475 1728 4542 sponsi
1753 4485 2009 4544 augeatur
2034 4515 2048 4537 ,
2082 4484 2135 4528 et

550 4565 741 4633 puellae
786 4566 1114 4621 continentia
1148 4550 1474 4632 crescat,bet
1499 4567 1677 4622 omnia
1724 4583 1843 4636 qum
1887 4566 2019 4620 liunt
2068 4582 2135 4620 eo

548 4665 793 4725 spectent
813 4667 870 4711 ut
897 4658 1105 4712 virtutis
1132 4674 1293 4725 opera
1321 4658 1685 4728 ingrediantur
1721 4658 1774 4713 in
1819 4659 2037 4715 domum
2068 4659 2133 4712 il-

548 4742 677 4806 lam.
710 4749 1065 4819 tollanturque
1093 4766 1123 4804 e
1152 4751 1331 4805 medio
1356 4765 1542 4805 omnes
1569 4751 1764 4805 diaboli
1802 4751 2006 4805 insidiae
2030 4792 2044 4815 ,
2081 4760 2136 4805 et

549 4840 650 4908 ipsi
682 4840 774 4895 Dei
802 4841 999 4895 auxilio
1029 4843 1160 4896 uniti
1200 4841 1434 4911 jucunde
1472 4844 1635 4897 vitam
1683 4842 1961 4913 perficiant
1990 4863 2003 4898 :
2028 4860 2134 4914 quo

551 4931 706 4986 nobis
736 4933 985 4987 omnibus
1013 4933 1112 4987 frui
1144 4934 1332 5000 detur,
1365 4937 1530 5005 gratia
1561 4945 1617 4989 et
1664 4936 1985 5005 benignitate
2025 4936 2133 4989 Do-

548 5026 678 5079 mini
722 5027 889 5080 nostri
921 5026 1049 5081 Jesu
1093 5026 1322 5093 Christi,
1352 5029 1435 5082 cui
1462 5044 1583 5081 cum
1617 5027 1773 5083 Patre
1838 5038 1890 5083 et
1933 5028 2132 5097 Spiritu

547 5124 733 5170 sancto
761 5116 830 5171 sit
870 5116 1057 5185 gloria,
1090 5127 1323 5185 potestas
1348 5128 1403 5173 et
1436 5117 1628 5183 honor,
1656 5134 1800 5174 nunc
1818 5129 1871 5174 et
1898 5135 2131 5190 semper,

548 5218 603 5262 et
630 5209 684 5263 in
705 5210 903 5265 saecula
927 5211 1268 5265 smculorum.
1302 5211 1493 5265 Amen.

1080 5301 1358 5357 liOMlLlA
1412 5302 1600 5358 XLIX.

657 5390 757 5447 Hae
780 5402 945 5447 autem
972 5404 1087 5449 sunt
1113 5396 1473 5463 generationes,
1501 5393 1691 5462 inquit,
1720 5393 1874 5448 Isaac
1895 5393 1992 5463 ﬁlii

996 5466 1253 5519 Abraham
1278 5464 1429 5535 (Gen.
1452 5464 1543 5519 (ὶό.
1572 5466 1683 5535 19).

624 5555 677 5610 i.
716 5552 911 5610 lterum
938 5571 1034 5610 vos
1060 5555 1124 5611 ad
1154 5568 1468 5612 consuetam
1496 5571 1734 5611 mensam
1756 5556 1951 5612 ducere
1986 5556 2130 5622 volo,

554 5656 610 5702 et
636 5661 703 5701 ex
723 5648 901 5702 verbis
927 5648 1087 5703 Musis
1112 5650 1412 5704 convivium
1441 5664 1763 5720 proponere,
1794 5650 1903 5703 imo
1924 5666 1988 5704 ex
2015 5666 2135 5705 ver-

551 5739 634 5792 bis
657 5741 822 5794 sancti
850 5740 1094 5808 Spiritus.
1128 5741 1307 5810 Neque
1355 5744 1497 5797 enim
1538 5757 1567 5796 a
1594 5742 1771 5811 seipse
1815 5742 1988 5798 Moses
2018 5743 2132 5798 haec

555 5831 713 5888 nobis
726 5833 987 5904 exposuit,
1013 5832 1106 5890 sed
1136 5833 1337 5905 Spiritu
1364 5844 1548 5892 sancto
1583 5834 1811 5901 afﬂatus.
1846 5835 2130 5892 Videamus

1243 387 1298 443 S.
1338 381 1617 441 JOANNIS
1649 373 2120 436 CHRYSOSTOMI
2162 370 2473 432 ARClllEP.
2514 377 3043 440 CONSTANTINOP.

3757 402 3850 458 ιη

2261 491 2424 562 igitur
2443 498 2568 566 quid
2593 510 2645 555 et
2674 500 2831 557 hodie
2860 519 2958 559 nos
2976 504 3170 564 dooere
3196 512 3342 568 velit.
3365 512 3547 589 Neque
3565 519 3708 575 enim
3736 540 3855 577 sine

2257 599 2439 682 causa,
2472 604 2643 682 neque
2686 593 2737 647 in
2766 611 2961 651 vanum
2992 600 3126 653 vitas
3163 615 3468 663 sanctorum
3504 612 3657 666 nobis
3685 630 3855 682 expo-

2257 676 2372 730 nit:
2405 679 2500 735 sed
2542 691 2600 736 ut
2627 683 2896 741 imitemur
2923 705 3110 745 eorum
3149 695 3430 768 virtutem,
3464 676 3849 764 etimitatores

2255 772 2423 827 simus
2447 774 2705 832 bonorum
2736 795 2956 848 Operum
2987 801 3105 854 qua:
3137 788 3210 843 illi
3250 788 3508 849 fecerunt.
3538 796 3667 851 Nam
3702 818 3841 867 pose

2255 878 2412 931 quam
2443 867 2598 923 nobis
2622 870 2904 941 diligenter
2924 879 3158 933 narravit
3177 897 3238 936 ea
3266 899 3384 947 quae
3405 886 3468 938 ad
3487 892 3848 955 patriarcham

2254 954 2527 1014 Abraham
2561 963 2819 1031 attinent,
2846 975 2900 1019 et
2927 967 3106 1023 docuit
3144 982 3467 1039 postremum
3488 954 3637 1033 illius
3666 996 3849 1036 certa-

2252 1060 2376 1100 men
2415 1049 2469 1102 in
2495 1049 2859 1109 immolatione
2900 1055 3017 1122 ﬁlii,
3050 1062 3387 1133 narravitque
3420 1068 3520 1122 hoc
3561 1072 3846 1139 pulchrum

2251 1138 2570 1195 sacriﬁcium
2594 1144 2693 1198 etsi
2722 1161 2827 1200 non
2849 1161 3035 1215 opere,
3060 1152 3331 1209 voluntate
3350 1165 3524 1213 tamen
3548 1138 3846 1229 perlectum

2251 1245 2395 1297 esse,
2426 1231 2688 1304 ﬁnemque
2713 1237 2964 1309 imposuit
2984 1244 3380 1301 narrationibus
3408 1249 3510 1305 illis
3541 1268 3554 1303 :
3585 1267 3730 1307 nunc
3751 1270 3849 1309 ex-

2252 1324 2400 1391 ponit
2428 1325 2580 1378 nobis
2600 1342 2719 1396 qua:
2743 1329 2807 1383 ad
2832 1329 2976 1387 Isaac
2997 1335 3229 1389 occisum
3251 1346 3305 1391 et
3329 1353 3433 1393 non
3462 1342 3693 1397 occisum
3721 1360 3844 1414 per-

2253 1414 2458 1482 tinent;
2490 1417 2688 1474 factum
2710 1424 2851 1477 enim
2897 1426 3165 1496 :enigmati
3191 1430 3365 1486 simile
3394 1443 3493 1487 est.
3526 1437 3659 1491 Audi
3694 1440 3841 1493 enim

2253 1504 2477 1561 Paulum
2504 1510 2768 1567 dicentem
2803 1530 2818 1567 :
2853 1514 2986 1572 Fide
3013 1520 3190 1574 obtulit
3222 1520 3373 1576 Isaac
3400 1527 3675 1594 Abraham,
3723 1548 3842 1585 cum

2250 1606 2524 1653 tentaretur
2542 1618 2561 1655 :
2584 1613 2633 1656 et
2654 1606 2968 1674 unigenitum
2987 1610 3187 1677 obtulit,
3207 1614 3293 1680 qui
3318 1618 3670 1684 promissiones
3696 1638 3846 1677 acce—

2250 1701 2393 1760 perat
2422 1692 2608 1763 (Hebr.
2643 1696 2732 1752 ii.
2762 1699 2875 1769 i7).
2923 1701 3123 1758 Deinde
3174 1715 3230 1758 ut
3275 1706 3539 1765 discamus
3566 1717 3843 1782 quomodo

2250 1784 2355 1839 ﬁde
2384 1784 2498 1842 haec
2525 1790 2700 1844 omnia
2744 1789 2945 1848 iaceret
2969 1837 2983 1860 ,
3014 1806 3069 1850 et
3096 1800 3360 1854 contraria
3394 1802 3576 1858 videns
3603 1810 3845 1874 promis-

2234 1875 2384 1930 sioni
2411 1891 2471 1931 ea
2498 1891 2618 1948 quae
2653 1880 2943 1951 jubebatur
2967 1885 3143 1941 facere
3163 1929 3178 1953 ,
3207 1904 3311 1944 non
3342 1902 3517 1947 tamen
3546 1898 3840 1964 perturba-

2245 1976 2413 2033 retur,
2444 1970 2655 2039 subjicit
2685 1989 2698 2024 :
2730 1974 2880 2030 Unde
2920 1976 3066 2031 illum
3121 1990 3168 2033 et
3211 1982 3263 2033 in
3304 1985 3595 2051 parabolam
3642 1993 3841 2059 accepit

2245 2059 2408 2130 (Ibid.
2436 2078 2483 2116 υ.
2520 2065 2633 2134 19).
2661 2064 2799 2132 Quid
2828 2078 2928 2134 est,
2954 2068 3023 2123 Et
3045 2071 3097 2123 in
3121 2075 3415 2141 parabolam
3441 2080 3673 2147 accepit?
3697 2079 3835 2136 Nam

2244 2164 2521 2225 postquam
2544 2174 2663 2213 eum
2698 2159 2749 2213 in
2780 2163 3096 2218 sacriﬁcium
3133 2166 3343 2233 obtulit,
3372 2178 3427 2224 et
3454 2183 3682 2225 mentem
3709 2189 3838 2244 per-

2244 2246 2432 2301 fectam
2460 2249 2765 2319 declaravit,
2798 2253 2911 2323 ipse
2939 2269 3133 2309 corona
3167 2259 3443 2315 redimitus
3465 2270 3567 2327 est,
3597 2273 3652 2317 et
3679 2280 3834 2320 acce-

2242 2348 2336 2408 pto
2370 2354 2536 2408 puero
2564 2343 2738 2408 rediit,
2769 2359 2834 2399 ac
2871 2346 3187 2401 sacriﬁcium
3216 2364 3313 2418 per
3354 2366 3507 2407 ovem
3552 2354 3831 2423 impletqu

2241 2438 2361 2486 est:
2391 2434 2727 2505 ostenditque
2749 2452 2844 2506 per
2864 2439 3040 2493 omnia
3067 2442 3298 2497 universi
3321 2442 3574 2499 Conditor
3596 2462 3709 2501 sua:
3733 2449 3830 2503 be-

2242 2524 2511 2593 nignitatis
2538 2529 2909 2584 excellentiam
2938 2540 3031 2586 :et
3054 2548 3112 2588 se
3140 2533 3240 2589 hoc
3263 2535 3573 2605 imperando
3599 2554 3705 2594 non
3735 2557 3829 2595 oc-

2240 2615 2341 2668 cidi
2379 2616 2556 2685 lsaae,
2588 2619 2680 2673 sed
2715 2621 2842 2688 justi
2881 2637 3133 2678 exercere
3164 2624 3517 2681 obedientiam
3566 2630 3827 2687 voluisse.

2241 2707 2504 2763 Cteternm
2531 2712 2668 2765 sicut
2695 2712 2920 2768 vidimus
2951 2715 3267 2784 patriarcha:
3297 2719 3541 2774 virtutem
3579 2721 3632 2775 iu
3653 2724 3831 2777 omni-

2241 2797 2337 2853 bus
2362 2800 2685 2855 relucentcm
2716 2818 2866 2872 :age,
2896 2815 2949 2859 et
2975 2822 3094 2876 qua:
3123 2806 3192 2861 de
3231 2806 3377 2863 Isaac
3401 2809 3537 2864 dicta
3564 2821 3691 2867 sunt
3723 2812 3827 2865 ho-

2238 2891 2324 2945 die
2354 2891 2404 2945 in
2428 2892 2658 2946 medium
2688 2893 2969 2950 aﬂ'erentes
2988 2937 3003 2962 ,
3032 2897 3308 2953 videamus
3340 2901 3607 2969 quomodo
3628 2912 3683 2955 et
3712 2903 3828 2969 ipse

2240 2983 2381 3051 piam
2413 2992 2466 3037 et
2510 2984 2811 3054 religiosam
2844 2996 3075 3042 mentem
3121 2989 3172 3042 in
3218 2991 3464 3045 omnibus
3512 2993 3825 3062 praetulerit.

2236 3071 2425 3141 Opera:
2447 3081 2622 3127 autem
2644 3076 2866 3142 pretium
2887 3086 2987 3140 est,
3013 3088 3070 3132 ut
3093 3080 3203 3150 ipsa
3228 3082 3515 3152 Scriptum
3543 3084 3701 3138 verba
3723 3101 3827 3138 au-

2237 3165 2465 3222 diamus.
2492 3167 2581 3222 19.
2608 3167 2708 3223 Ha:
2732 3181 2898 3224 autem
2922 3181 3055 3234 sunt,
3089 3172 3277 3242 inquit,
3301 3178 3643 3245 generationes
3672 3177 3828 3231 Isaac

2235 3258 2333 3326 ﬁlii
2355 3258 2585 3314 Abrahae.
2614 3260 2869 3315 Abraham
2888 3265 3059 3332 genuit
3078 3262 3231 3319 Isaac
3248 3265 3398 3336 (Cap.
3422 3267 3535 3338 25).
3560 3267 3648 3323 20.
3673 3268 3827 3323 Isaac

2235 3360 2402 3403 autem
2423 3363 2529 3403 erat
2548 3368 2797 3406 annorum
2820 3354 3173 3425 quadraginta,
3195 3358 3395 3426 quando
3414 3360 3605 3429 accepit
3629 3360 3825 3414 Rebec-

2233 3454 2347 3492 cam
2367 3441 2527 3508 ﬁliam
2543 3440 2803 3498 Bal/melis
2829 3445 2951 3515 Syri
2977 3462 3039 3500 ex
3061 3445 3446 3516 Mesopotamia,
3474 3466 3697 3504 sororem
3715 3450 3823 3505 La-

2236 3531 2332 3585 ban
2356 3530 2479 3601 Syri
2497 3575 2511 3598 ,
2544 3534 2639 3587 sibi
2666 3535 2718 3587 in
2740 3551 2968 3589 uxorem.

2307 3623 2553 3692 Exemplo
2583 3623 2752 3679 Isaaci
2778 3637 2913 3696 patet
2956 3644 3065 3682 esse
3111 3630 3421 3697 precandum
3443 3648 3558 3684 cum
3589 3648 3823 3701 persevc-

2232 3716 2421 3769 rantia.
2451 3714 2573 3771 Non
2600 3728 2718 3771 sunt
2741 3720 2936 3773 curiose
2962 3720 3260 3789 inquirenda
3286 3721 3379 3776 Dei
3400 3739 3571 3793 opera.
3592 3724 3824 3779 —Con-

2234 3806 2428 3870 sidera,
2452 3807 2695 3873 obsecro,
2713 3808 2924 3876 dilecte,
2947 3810 3138 3864 divinae
3160 3811 3446 3881 Scriptnrre
3467 3813 3819 3884 diligentiam,

2235 3897 2503 3967 quomodo
2545 3898 2675 3952 nihil
2722 3914 3050 3968 supervacue
3096 3909 3278 3971 ponat.
3323 3900 3433 3957 Cur
3472 3904 3613 3957 enim
3666 3905 3823 3957 nobis

2235 3996 2446 4042 :ctatem
2478 3987 2625 4044 lsaac
2667 3990 2960 4059 signiﬁcat,
3007 4000 3061 4045 et
3089 3991 3252 4057 dicit,
3303 3990 3430 4047 Erat
3462 4006 3628 4048 autem
3671 3993 3823 4048 Isaac

2233 4079 2572 4150 quadraginta
2596 4097 2845 4134 annorum
2883 4082 3087 4151 quando
3123 4087 3315 4153 accepit
3352 4084 3666 4139 Rebeccam.’
3706 4085 3820 4139 Non

2235 4175 2434 4245 absque
2461 4190 2622 4230 causa
2642 4216 2657 4240 ,
2688 4192 2861 4247 neque
2889 4185 3088 4231 temere
3122 4196 3135 4232 :
3166 4178 3259 4232 sed
3296 4178 3415 4248 quia
3457 4178 3609 4233 nobis
3635 4188 3821 4248 postea

2236 4267 2493 4323 Rebecca:
2522 4269 2855 4324 sterilitatem
2888 4280 3194 4323 narraturus
3222 4279 3355 4331 crat,
3384 4280 3437 4324 et
3460 4286 3525 4325 ex
3557 4274 3824 4339 precatio-

2237 4374 2305 4414 ne
2342 4359 2471 4429 justi
2511 4361 2934 4429 procreationcm
2967 4362 3129 4431 prolis
3161 4362 3237 4416 illi
3267 4377 3574 4417 concessam
3614 4362 3778 4419 fuisse
3803 4406 3818 4430 ,

2236 4452 2431 4506 docere
2461 4452 2560 4505 nos
2601 4451 2745 4519 cupit
2792 4451 3210 4521 magnitudinem
3253 4452 3520 4521 patientia:
3551 4453 3698 4507 Isaac
3720 4495 3736 4517 ,
3767 4465 3826 4509 et

2236 4543 2380 4596 clare
2407 4542 2640 4597 indicare
2664 4552 2860 4611 quanto
2889 4552 3127 4613 tempore
3166 4544 3353 4598 liberis
3377 4546 3609 4598 caruerit
3636 4561 3650 4597 :
3686 4554 3743 4599 ut
3769 4556 3828 4600 et

2236 4651 2336 4691 nos
2361 4636 2672 4690 :emulantes
2692 4634 2914 4704 justum,
2938 4635 3135 4689 assidui
3162 4635 3328 4690 simus
3355 4636 3407 4689 in
3429 4635 3619 4689 divinis
3645 4637 3827 4704 preci-

2236 4727 2356 4791 bus,
2385 4726 2430 4781 si
2458 4726 2671 4795 quando
2691 4725 2888 4795 aliquid
2915 4740 2944 4779 a
2972 4726 3080 4779 Deo
3103 4726 3432 4795 petierimus.
3463 4727 3519 4782 Si
3563 4730 3707 4781 enim
3729 4729 3823 4796 ju-

2235 4828 2349 4874 stus
2376 4820 2481 4883 ille,
2514 4819 2583 4872 ita
2612 4818 2802 4873 virtute
2828 4818 3100 4887 praeditus,
3126 4830 3181 4874 et
3201 4829 3344 4874 tanta
3374 4820 3467 4875 Dei
3495 4820 3825 4875 benevolen-

2236 4913 2308 4966 tia
2336 4911 2536 4976 fruens,
2567 4921 2763 4966 tantam
2786 4927 2895 4980 prae
2920 4926 2978 4966 se
3005 4913 3122 4966 tulit
3148 4915 3501 4967 constantiam
3530 4924 3583 4967 et
3612 4923 3821 4968 tantum

2235 5004 2490 5069 studium,
2537 5003 2789 5058 continuo
2825 5003 2989 5065 Deum
3030 5003 3266 5070 orando,
3311 5005 3379 5057 ita
3425 5014 3482 5058 ut
3524 5006 3829 5067 solveretur

2237 5094 2495 5148 Rebeccae
2519 5092 2773 5150 sterilitas
2806 5110 2820 5145 :
2843 5093 2969 5162 quid
2996 5092 3231 5147 dicemus
3251 5108 3369 5159 nos,
3398 5095 3486 5163 qui
3510 5093 3668 5148 tantis
3694 5109 3825 5163 pec-
3852 5118 3861 5135 ι

2236 5196 2472 5241 calorum
2504 5185 2754 5245 oneribus
2781 5186 3093 5257 premimur,
3121 5194 3176 5240 et
3203 5200 3374 5254 neque
3404 5185 3675 5239 minimam
3708 5187 3824 5238 vir-

2236 5278 2362 5333 tutis
2398 5278 2524 5347 jnsti
2563 5287 2766 5346 partem
2797 5277 3126 5342 ostendimus
3159 5295 3171 5329 :
3202 5276 3294 5330 sed
3333 5286 3387 5330 et
3412 5279 3453 5329 si
3484 5292 3645 5344 parvo
3677 5286 3823 5330 tem-

2239 5387 2366 5442 pore
2396 5371 2628 5425 studium
2673 5369 2885 5438 aliquod
2922 5380 2976 5432 et
3018 5368 3343 5439 diligentiam
3382 5368 3821 5432 exhibuerimus,

2238 5462 2587 5530 torpescimus
2629 5468 2686 5523 et
2732 5460 3026 5525 resilimus,
3067 5459 3167 5520 nisi
3212 5459 3389 5513 statim
3433 5459 3825 5513 exaudiamur?

2238 5556 2524 5624 Propterea
2550 5568 2665 5619 oro,
2699 5562 2756 5609 ut
2783 5568 2853 5608 ex
2880 5552 2945 5607 iis
2972 5566 3089 5622 qum
3114 5551 3257 5619 justo
3278 5551 3352 5606 illi
3374 5559 3678 5605 evenerunt
3702 5566 3818 5604 eru-

2235 5646 2352 5714 diti,
2377 5661 2662 5716 numquam
2693 5658 2963 5697 cessemus
2988 5657 3144 5703 orare
3174 5643 3361 5705 Deum,
3381 5653 3437 5694 ut
3464 5643 3700 5710 ignoscat
3722 5658 3813 5694 nn-

2238 5741 2321 5795 his
2346 5750 2585 5810 peccata,
2608 5737 2700 5792 sed
2731 5736 2938 5791 fervens
2954 5743 3010 5789 et
3037 5745 3269 5789 :rstuans
3295 5733 3617 5787 desiderium
3635 5745 3818 5786 osten-

2237 5832 2425 5889 damus
2449 5848 2461 5885 :
2486 5842 2539 5886 ct
2567 5846 2673 5887 non
2695 5842 2834 5899 aegre
2864 5826 3116 5894 feramus,
3144 5840 3314 5897 neque
3332 5825 3605 5897 segniores
3623 5826 3816 5890 simus,
