4084 6356
176 377 294 431 445

174 511 275 555 τες
307 492 627 561 σημαίνουσι
648 491 714 560 τῇ
746 489 881 559 κόρῃ
918 486 990 540 τὰ
1024 486 1282 559 μέλλοντα
1311 485 1531 540 ἔσεσθαι
1554 526 1570 552 ,
1602 483 1698 538 τοῦ
1719 480 1855 537 Θεοῦ

174 581 284 650 τὴν
314 581 555 633 διάνοιαν
585 578 763 631 αὐτῶν
791 579 927 647 πρὸς
970 576 1130 629 τοῦτο
1158 573 1644 636 κατευοδώσαντος.
1663 570 1865 642 ’Δμφό-

176 684 326 737 τερα
358 667 467 737 γάρ
494 668 632 736 αὐτῇ
670 664 1097 736 προμηνύουσιν,
1120 664 1201 716 ὅτι
1245 663 1340 715 καὶ
1374 664 1453 724 εἰς
1475 661 1717 732 χιλιάδας
1762 675 1864 729 μυ-

185 756 391 825 ριάδων
417 754 603 816 ἔσται,
637 754 730 805 καὶ
763 754 846 806 ὅτι
897 752 1293 822 κληρονομήσει
1334 750 1394 802 τὸ
1442 748 1662 819 σπέρμα
1695 746 1865 817 αὐτῆς

177 842 290 904 τάς
326 841 505 903 πόλεις
536 840 646 893 τῶν
678 838 1032 891 ὑπεναντίων.
1081 834 1235 900 Εἶδες
1269 836 1357 890 διὰ
1407 836 1622 889 πάντων
1654 835 1865 888 δεικνυ-

185 928 365 998 μένην
403 926 609 997 ἐναργῆ
642 926 737 978 τοῦ
767 924 901 977 Θεοῦ
935 924 1033 996 τὴν
1062 924 1337 994 πρόνοιαν,
1381 922 1499 985 πῶς
1525 922 1619 973 καὶ
1650 919 1737 973 διά
1759 919 1866 972 τῶν

181 1015 438 1068 ἀπίστων
470 1012 887 1084 προμηνύεσθαι
922 1012 991 1064 τά
1049 1011 1312 1082 μέλλοντα
1365 1011 1639 1079 οἰκονομεῖ
1684 1008 1712 1060 6
1757 1007 1865 1060 τῶν

182 1101 449 1157 ἁπάντων
496 1100 808 1169 Δεσπότης;
850 1099 957 1156 Καὶ
1007 1099 1347 1159 ἀναστᾶσα.
1394 1097 1549 1169 φησὶ,
1587 1095 1868 1149 Ῥεϐέκκα

186 1191 292 1245 καὶ
326 1192 385 1242 al
430 1188 600 1256 ἅϐραι
648 1187 871 1255 αὐτῆς,
920 1187 1227 1254 ἐπέϐησαν
1251 1185 1350 1239 ἐπί
1380 1185 1487 1251 τὰς
1533 1184 1862 1253 καμήλους.

184 1274 347 1340 Εἶδες
378 1277 496 1329 οἵαν
518 1276 707 1344 ἄγεται
734 1275 951 1345 νύμφην
980 1278 1007 1328 6
1032 1275 1412 1347 πατριάρχης;
1447 1272 1864 1343 ’Υδρευομένην,

182 1366 287 1418 καὶ
315 1364 411 1435 τὴν
441 1363 629 1434 ὑδρίαν
661 1363 753 1415 ἐπὶ
780 1362 888 1415 τῶν
919 1361 1083 1432 ῶμων
1118 1362 1405 1432 φέρουσαν,
1439 1362 1533 1415 καὶ
1578 1358 1673 1412 νῦν
1706 1358 1866 1412 πάλιν

185 1452 462 1505 ἐπιϐᾶσαν
494 1452 584 1503 ἐπὶ
616 1450 713 1514 τὰς
758 1449 1050 1520 καμήλους.
1104 1448 1355 1519 Οὑδαμοῦ
1398 1449 1610 1519 ἡμίονοι
1640 1447 1868 1519 ἀργύρῳ

189 1538 672 1609 περιλαμπόμεναι
704 1538 831 1600 τοὺς
862 1536 1191 1607 τραχήλους,
1225 1537 1345 1589 οὐδὲ
1393 1536 1621 1588 οἰκετῶν
1678 1536 1864 1606 ἐσμὸς,

185 1626 317 1679 οὐδὲ
339 1628 372 1696 ἡ
411 1626 577 1696 πολλὴ
600 1625 824 1695 βλακεία
849 1626 882 1695 ή
913 1623 1007 1676 νῦν
1040 1624 1327 1695 γινομένη·
1360 1624 1498 1677 ἀλλά
1537 1623 1769 1694 τοσαύτη
1800 1619 1868 1694 ῆν

184 1714 302 1767 τῶν
328 1713 574 1766 παλαιῶν
598 1712 873 1781 γυναικῶν
899 1714 932 1782 ή
966 1711 1204 1783 ἀνδρεία,
1227 1712 1303 1774 ὼς
1330 1713 1424 1764 καὶ
1442 1711 1537 1764 ἐπὶ
1564 1712 1659 1775 τὰς
1689 1712 1869 1782 καμή-

185 1802 319 1866 λους
345 1803 514 1864 αὐτάς
543 1802 866 1864 ἐπιϐαίνειν,
903 1802 997 1855 καὶ
1035 1800 1209 1866 οὕτως
1241 1802 1563 1873 ὁδοιπορεῖν.
1602 1801 1711 1854 Καὶ
1739 1801 1868 1854 ἐπο-

180 1890 513 1959 ρεύθησαν,
546 1890 700 1960 φησὶ,
756 1888 906 1958 μετὰ
951 1889 1059 1942 τοῦ
1093 1887 1426 1955 ἀνθρώπου.
1465 1888 1527 1940 Ὀ
1553 1887 1621 1940 δὲ
1665 1889 1869 1943 Ἰσαὰκ

185 1978 357 2045 ἐξῄει
389 1975 809 2045 ἀδολεσχῆσαι
858 1978 946 2041 είς
994 1975 1061 2029 τὸ
1092 1976 1303 2029 πεδίον
1351 1975 1415 2029 τὸ
1448 1976 1601 2044 πρὸς
1638 1974 1865 2043 δείλης,

186 2063 294 2117 καὶ
340 2061 687 2129 ἀναϐλέψας
728 2061 851 2128 τοῖς
900 2062 1231 2131 ὀφθαλμοῖς
1255 2061 1377 2115 εἶδε
1422 2062 1531 2127 τὰς
1558 2064 1869 2131 καμήλους

186 2149 542 2219 ἀρχομένας.
594 2149 689 2211 Είς
740 2149 803 2201 τὸ
839 2148 1042 2211 πεδίον,
1074 2149 1261 2220 φησὶν,
1287 2150 1316 2203 6
1367 2148 1551 2202 ’Ῐσαάκ
1579 2149 1872 2221 διατρίϐων

191 2237 457 2290 ἐθεάσατο
515 2234 614 2298 τὰς
662 2236 959 2306 καμήλους.
985 2236 1055 2290 Ἣ
1101 2235 1171 2289 δέ
1213 2234 1487 2290 Ῥεϐέκκα
1517 2237 1729 2291 ιδοῦσα
1767 2238 1873 2290 τὸν

204 2324 435 2386 Ἰσαὰκ,
460 2321 884 2390 κατεπήδησεν
904 2322 1023 2377 ἀπὸ
1052 2321 1161 2391 τῆς
1186 2324 1484 2393 καμήλου,
1515 2325 1613 2378 καὶ
1636 2321 1766 2379 εἷπε
1792 2324 1872 2390 τῷ

190 2410 392 2464 παιδί·
433 2410 527 2474 Τίς
557 2410 729 2464 ἐστιν
760 2413 793 2464 ό
817 2409 1127 2478 ἅνθρωπος
1152 2411 1383 2477 ἐκεῖνος
1408 2415 1441 2465 ό
1473 2414 1873 2483 πορευόμενος

187 2499 262 2552 ἐν
295 2498 376 2563 τῷ
404 2497 586 2562 πεδίῳ
610 2499 696 2562 εἰς
723 2495 1105 2565 συνάντησιν
1135 2496 1303 2567 ἡμῶν
1320 2510 1378 2562 ις
1406 2499 1552 2570 Ἦρα
1579 2501 1678 2570 τῆς
1705 2501 1871 2571 κόρης

190 2586 294 2657 τὴν
314 2586 613 2653 εὐγένειαν·
632 2582 820 2654 ἐπειδὴ
849 2579 956 2637 εἶδε
983 2585 1072 2637 τὸν
1090 2585 1295 2649 Ἰσαάκ,
1312 2587 1638 2641 ἐπυνθάνετο
1657 2588 1741 2651 τίς
1762 2590 1867 2660 εἴη.

191 2669 308 2721 Καὶ
340 2666 586 2738 μαθοῦσα
617 2668 698 2719 ὃτι
723 2668 885 2730 αὐτός
935 2668 1081 2721 ἐστιν
1123 2669 1151 2720 6
1184 2669 1391 2738 μέλλων
1425 2670 1593 2741 αὐτὴν
1618 2671 1868 2740 ἄγεσθαι,

191 2755 601 2826 περιεϐάλλετο,
633 2754 790 2823 φησὶ,
823 2753 881 2807 τὸ
916 2754 1218 2826 θέριστρον,
1255 2757 1349 2809 καὶ
1378 2758 1815 2827 παραγενόμενος
1843 2758 1872 2810 6

191 2847 327 2906 παῖς
348 2844 646 2914 διηγήσατο
686 2843 863 2896 πάντα
892 2844 1031 2913 μετὰ
1062 2844 1349 2914 ἀκριϐείας
1394 2845 1472 2916 τῷ
1512 2846 1715 2899 Ἰσαάκ.
1766 2847 1874 2900 Ἐν-

189 2931 371 2985 ταῦθα
395 2931 586 2983 σκόπει
639 2946 755 2999 μοι,
807 2929 1078 3000 ἀγαπητὲ,
1110 2930 1227 2993 πῶς
1260 2928 1493 3000 οὐδαμοῦ
1526 2932 1594 2984 τά
1646 2932 1873 3002 περιττά

192 3018 370 3071 ταῦτα
396 3018 489 3069 καί
513 3017 767 3088 ἀνόνητα,
798 3017 1035 3088 οὐδαμοῦ
1065 3018 1259 3088 πομπὴ
1303 3018 1604 3090 διαϐολικὴ,
1639 3019 1872 3090 οὐδαμοῦ

192 3106 453 3176 κύμϐαλα
479 3106 573 3158 καὶ
611 3106 763 3159 αὐλοὶ¹
789 3105 883 3158 καὶ
911 3108 1142 3177 χορεῖαι,
1170 3106 1263 3159 καὶ
1288 3106 1355 3159 τά
1400 3109 1659 3163 σατανικά
1694 3110 1876 3165 ἐκεῖνα

195 3193 497 3263 συμπόσια,
538 3194 632 3246 καὶ
659 3194 715 3245 αἱ
748 3192 1008 3265 λοιδορίαι
1058 3195 1113 3246 αί
1160 3193 1341 3264 πάσης
1373 3196 1759 3267 ἀσχημοσύνης
1784 3196 1876 3265 γέ-

194 3300 418 3351 μουσαι,
446 3281 581 3335 ἀλλά
610 3283 760 3333 πᾶσα
793 3281 1079 3351 σεμνότης,
1125 3284 1277 3335 πᾶσα
1314 3282 1493 3351 σοφία,
1523 3285 1670 3336 πᾶσα
1699 3284 1873 3336 ἐπιεί-

195 3387 342 3424 κεια.
370 3367 633 3436 Είσῆλθε
679 3366 767 3430 δὲ,
811 3367 996 3437 φησὶν,
1040 3368 1245 3422 Ἰσαὰκ
1297 3371 1385 3434 εἰς
1411 3368 1520 3422 τὸν
1551 3366 1718 3423 οἷκον
1762 3370 1875 3439 τῆς

190 3456 421 3527 μητρὸς
442 3456 651 3519 αὑτοῦ,
679 3455 775 3508 καὶ
799 3454 977 3508 ἔλαϐε
1003 3456 1121 3523 τὴν
1161 3456 1490 3521 Ῥεϐέκκαν,
1517 3457 1613 3511 καὶ
1638 3458 1875 3527 ἐγένετο

193 3542 359 3607 αὐτῷ
397 3542 574 3613 γυνὴ,
616 3542 714 3595 καὶ
760 3541 1079 3611 ἠγάπησεν
1128 3544 1341 3613 αὐτὴν,
1400 3545 1498 3599 καὶ
1526 3547 1875 3615 παρεκλήθη

209 3630 421 3685 Ἰσαὰκ
456 3630 589 3698 περὶ
618 3629 853 3698 Σάρῤας
881 3629 990 3699 τῆς
1028 3631 1256 3699 μητρὸς
1297 3633 1504 3688 αὑτοῦ.
1544 3632 1762 3702 Ταύτην
1797 3650 1877 3703 μι-

200 3718 515 3789 μείσθωσαν
547 3719 604 3770 αἱ
631 3719 920 3786 γυναῖκες’
954 3717 1147 3771 τοῦτον
1176 3718 1521 3788 ζηλούτωσαν
1553 3720 1605 3772 οἱ
1651 3721 1876 3792 ἄνδρεςο

197 3805 345 3859 οὕτω
377 3806 479 3870 τὰς
506 3805 724 3877 νύμφας
747 3805 1049 3875 ἀγαγέσθαι
1084 3806 1552 3871 σπουδαζέτωσαν.
1579 3808 1736 3870 Τίνος
1768 3808 1876 3880 γάρ

197 3894 409 3958 ἕνεκεν,
444 3894 566 3945 εἰπέ
598 3911 708 3963 μοι,
740 3892 799 3957 ἐξ
828 3894 1002 3964 ἀρχῆς
1033 3894 1125 3946 καὶ
1165 3896 1231 3947 ἐκ
1289 3895 1590 3965 προοιμίων
1642 3895 1877 3965 κηλίδων

198 3980 490 4052 πληρῶσαι
549 3982 851 4051 συγχωρεῖς
899 3980 997 4051 τῆς
1045 3979 1213 4051 κόρης
1252 3980 1351 4044 τὰς
1397 3980 1566 4043 ἀκοάς
1619 3980 1708 4033 διὰ
1772 3980 1876 4033 τῶν

196 4068 446 4140 αξσχρῶν
498 4068 761 4138 ᾀσμάτων
787 4106 804 4132 ,
834 4067 921 4121 διὰ
965 4067 1065 4136 τῆς
1097 4067 1324 4138 ἀκαίρου
1359 4068 1586 4138 πομπῆς
1628 4066 1874 4137 ἐκείνης;

199 4155 317 4206 Οὐκ
341 4148 498 4205 οἶσθα
532 4153 678 4214 ὅπως
717 4153 750 4222 ἡ
783 4150 971 4221 νεότης
999 4150 1220 4215 εὑκολος
1268 4151 1404 4222 πρὸς
1446 4151 1690 4217 ὃλισθον;
1728 4152 1781 4204 τί
1810 4152 1877 4204 τά

202 4237 383 4307 σεμνά
406 4235 501 4288 τοῦ
530 4236 710 4306 γάμου
761 4235 1131 4304 ἐκπομπεύεις
1170 4238 1447 4307 μυστήρια
1472 4252 1485 4300 ;
1512 4234 1630 4288 δέον
1663 4236 1879 4289 ἅπαντα

198 4321 377 4376 ταῦτα
404 4318 751 4382 ἀπελαύνειν,
800 4323 897 4371 καὶ
926 4318 1022 4390 τὴν
1056 4318 1189 4372 αἰδῶ
1220 4320 1285 4371 ἐκ
1339 4320 1640 4391 προοιμίων
1685 4320 1880 4373 ἐκπαι-

200 4408 380 4460 δεύειν
416 4406 514 4476 τὴν
539 4406 728 4474 κόρην,
754 4405 848 4458 καὶ
884 4406 1066 4475 ἱερέας
1098 4404 1246 4477 [491]
1274 4405 1459 4459 καλεῖν
1495 4406 1589 4458 καὶ
1613 4404 1679 4458 δι’
1705 4406 1880 4475 εὐχῶν

201 4492 298 4545 καὶ
324 4487 587 4556 εὐλογιῶν
620 4488 719 4559 τὴν
745 4488 997 4558 ὁμόνοιαν
1039 4489 1135 4542 τοῦ
1169 4488 1507 4543 συνοικεσίου
1537 4488 1878 4558 συσφίγγειν,

202 4576 293 4628 ἵνα
321 4575 416 4627 καὶ
444 4576 473 4627 6
494 4573 657 4636 πόθος
691 4571 786 4625 τοῦ
816 4572 1048 4643 νυμφίου
1087 4571 1335 4642 αὔξηται,
1374 4571 1470 4625 καὶ
1507 4572 1605 4641 τῆς
1648 4572 1816 4642 κόρης
1847 4573 1880 4642 ή

205 4657 531 4728 σωφροσύνη
562 4656 896 4725 ἐπιτείνηται
916 4672 931 4688 ο
967 4656 1059 4709 καὶ
1084 4655 1171 4708 διὰ
1203 4657 1421 4708 πάντων
1457 4654 1526 4707 τὰ
1552 4654 1649 4724 τῆς
1680 4654 1881 4726 ἀρετῆς

204 4742 347 4811 ἔργα
379 4740 743 4792 εἰσελεύσεται
772 4741 851 4802 εἰς
875 4740 973 4810 τὴν
1000 4738 1177 4791 οἰκίαν
1204 4738 1437 4809 ἐκείνην,
1467 4738 1561 4791 καὶ
1594 4740 1763 4793 πᾶσαι
1788 4740 1881 4792 τοῦ

201 4823 454 4878 διαϐόλου
482 4826 539 4879 αἱ
573 4824 809 4893 μηχαναὶ
848 4821 1092 4877 ἐκποδὼν
1134 4822 1346 4875 ἔσονται
1374 4863 1389 4889 ,
1434 4823 1529 4875 καὶ
1559 4823 1711 4876 αὐτοὶ
1763 4821 1881 4893 μεθ’

202 4905 404 4975 ἡδονῆς
442 4906 534 4957 τὸν
566 4904 679 4975 βίον
703 4904 973 4969 διάξουσιν
1003 4905 1032 4944 δ
1054 4946 1070 4970 ,
1128 4904 1235 4957 ὑπὸ
1265 4905 1364 4975 τῆς
1407 4904 1503 4957 τοῦ
1536 4904 1672 4957 Θεοῦ
1709 4906 1883 4975 ῥοπῆς

204 4987 669 5058 συγκροτοὺμενοι
685 5004 699 5017 ⁸
726 4982 793 5060 ἧς
817 4988 1025 5056 γένοιτο
1048 4986 1255 5051 πάντας
1279 4988 1424 5057 ἡμᾶς
1448 4989 1746 5057 ἐπιτυχεῖν,
1782 4988 1884 5057 χά-

207 5086 318 5137 ριτι
348 5070 443 5122 καὶ
467 5070 844 5141 φιλανθρωπία
870 5069 965 5122 τοῦ
991 5069 1195 5140 Κυρίου
1221 5069 1379 5139 ήμῶν
1418 5070 1593 5141 Ἰησοῦ
1622 5070 1881 5141 Χριστοῦ,

206 5151 327 5219 μεθ’
355 5144 417 5204 οῦ
443 5152 521 5221 τῷ
548 5152 723 5223 Πατρὶ
756 5152 871 5221 ἃμα
890 5151 970 5222 τῷ
1000 5151 1140 5222 ἀγίῳ
1169 5151 1445 5221 Πνεύματι
1472 5152 1598 5217 δόξα
1616 5194 1631 5217 ,
1662 5153 1882 5223 κράτος,

201 5233 362 5305 τιμὴ,
388 5232 484 5288 νῦν
507 5235 602 5288 καὶ
616 5235 725 5301 ἀεὶ,
752 5236 847 5288 καὶ
865 5236 945 5298 είς
960 5236 1087 5298 τοὺς
1107 5233 1308 5298 αἰῶνας
1326 5236 1433 5288 τῶν
1444 5235 1879 5307 αἰώνων.Ἀμήν.

825 5355 1073 5411 OMIAIA
1117 5355 1247 5409 ΜΘ.

270 5456 458 5516 Αὗται
492 5460 563 5516 δὲ
603 5466 663 5517 αι
713 5462 1014 5532 γενέσεις,
1055 5462 1251 5532 φησὶν,
1294 5460 1493 5515 Ἰσαὰκ
1531 5460 1640 5515 τοῦ
1677 5461 1813 5516 υἱοῦ

908 5530 1185 5601 Ἀϐραάμ.

280 5640 351 5688 α’.
391 5636 560 5692 Πάλιν
589 5638 736 5708 ὑμᾶς
760 5638 854 5691 ἐπὶ
883 5638 984 5706 τὴν
1013 5635 1219 5708 συνήθη
1250 5634 1532 5708 τράπεζαν
1586 5636 1885 5705 ἀναγαγεῖν

207 5716 472 5789 βούλομαι
496 5761 512 5785 ,
559 5722 653 5774 καὶ
702 5723 768 5774 ἐκ
815 5718 923 5773 τῶν
966 5720 1119 5791 παρά
1154 5719 1248 5773 τοῦ
1295 5719 1573 5781 Μωῦσέως
1625 5719 1886 5789 ῥημάτων

206 5800 309 5867 τὴν
342 5799 583 5854 ἑστίασιν
610 5802 739 5872 ὑμῖν
769 5801 1112 5871 παραθεῖναι,
1144 5801 1343 5873 μᾶλλον
1370 5801 1427 5854 δὲ
1460 5800 1566 5853 τῶν
1590 5801 1682 5853 τοῦ
1716 5800 1883 5855 "vad-

278 5890 300 5915 ί¹
322 5885 446 5935 LXX
466 5888 597 5950 ἡμῖν,
624 5896 677 5937 el.
694 5888 815 5937 infra
838 5888 1159 5952 περιεϐάλετο.

273 5954 303 5993 ιι
328 5947 595 6015 Διάίξονοιν.
638 5951 720 6015 Sig
765 5947 1119 6015 necle'Savil.‘
1138 5950 1285 6002 Coisl.
1328 5951 1566 6007 διάξωσιν.
1606 5947 1778 5999 Morel.
1829 5955 1882 5998 et

212 6014 383 6065 Houlf.
414 6013 654 6075 διάγωσιν.
682 6012 813 6062 Enrr.

1292 368 1358 426 IN
1392 369 1547 426 CAP.
1593 366 1735 423 XXV
1794 363 2040 421 GENES.
2080 362 2313 420 HOMIL.
2356 364 2538 419 XLIX.

3439 361 3547 418 ιιι

1969 497 2155 550 ματος.
2209 480 2345 533 Οὐδὲ
2371 482 2480 549 γάρ
2511 480 2603 549 ἀφ’
2658 478 2852 535 ἐαυτοῦ
2904 480 3145 552 Μωῦσῆς
3197 470 3371 535 ταῦτα
3414 479 3546 549 ήμΐν

1965 561 2194 627 ἐξέθετο,
2228 564 2342 616 ἀλλ’
2373 565 2477 617 ὑπὸ
2506 564 2601 617 τοῦ
2634 566 2789 633 ἁγίου
2820 565 3138 636 Πνεύματος
3162 563 3543 636 ἐνηχοὺμενος.

1969 648 2196 718 Ἰδωμεν
2219 645 2313 701 οὗν
2347 648 2397 701 τί
2431 650 2527 701 καὶ
2566 649 2805 719 σήμερον
2839 650 2987 719 ἡμᾶς
3014 648 3223 713 διδάξαι
3275 648 3543 718 βούλεται.

1966 732 2100 785 Οὐδὲ
2124 732 2232 801 γάρ
2262 732 2450 795 ἁπλῶς
2487 732 2607 785 οὐδὲ
2662 734 2785 802 εἰκῆ
2808 734 2935 796 τοὺς
2987 732 3134 802 βίους
3184 734 3314 801 ήμῖν
3336 731 3446 783 τῶν
3468 731 3547 783 δι-

1967 816 2135 868 καίων
2163 816 2453 878 ἐκτίθεται,
2479 816 2696 868 ἀλλ’ἵνα
2722 814 3054 886 ζηλώσωμεν
3073 814 3278 868 τούτων
3303 814 3401 883 τὴν
3416 816 3543 885 ἀρε·

1965 903 2085 973 τὴν,
2114 905 2207 957 καὶ
2240 906 2474 974 μιμηταὶ
2528 904 2817 975 γενώμεθα
2846 905 2956 957 τῶν
3003 904 3227 966 ἐκείνοις
3252 904 3546 974 κατωρθω-

1972 988 2166 1058 μένων.
2204 989 2420 1060 Ἐπειδὴ
2469 990 2579 1060 γάρ
2609 992 2741 1060 ἡμῖν
2791 991 2859 1044 τά
2892 991 3032 1044 κατά
3076 992 3166 1043 τὸν
3204 992 3549 1060 πατριάρχην

1967 1076 2213 1145 ἀκριϐῶς
2270 1077 2691 1148 διηγησάμενος,
2753 1078 2971 1130 καὶτὸν
3028 1078 3337 1131 τελευταῖον
3382 1077 3549 1130 αὐτοῦ

1970 1153 2131 1211 ἆθλον
2158 1159 2251 1211 τὸν
2286 1161 2377 1212 ἐπὶ
2422 1162 2488 1230 τῇ
2537 1159 2632 1212 τοῦ
2683 1159 3010 1229 μονογενοῦς
3061 1163 3281 1231 σφαγῇ,
3331 1160 3550 1227 διδάξας

1966 1243 2120 1311 ἡμᾶς
2181 1242 2299 1305 πῶς
2341 1241 2408 1295 ἀν
2434 1242 2514 1312 τῷ
2546 1242 2666 1312 Θεῷ
2691 1244 2853 1295 αὐτὸν
2884 1243 3246 1313 καλλιέρημα,
3283 1245 3330 1296 εί
3354 1244 3447 1297 καὶ
3475 1246 3551 1315 μὴ

1968 1323 2116 1395 αὐτῷ
2149 1324 2315 1395 ἔργῳ,
2344 1325 2480 1379 ἀλλά
2510 1328 2577 1396 τῇ
2611 1326 2893 1397 προθυμία
2925 1327 3239 1400 εἰργάσατο,
3273 1326 3427 1389 τέλος
3454 1329 3552 1379 ἐπ-

1969 1406 2165 1477 έθηκεν
2193 1407 2422 1471 ἐκείνοις
2451 1410 2567 1471 τοῖς
2587 1408 2909 1480 διηγήμασι·
2933 1408 3027 1461 νῦν
3044 1412 3176 1479 ἡμῖν
3196 1409 3553 1462 ἐκτίθεταιτά

1968 1489 2109 1543 κατά
2129 1490 2221 1542 τὸν
2263 1489 2446 1544 Ἰσαὰκ
2482 1491 2574 1543 τὸν
2605 1491 2879 1560 σφαγέντα
2912 1492 3007 1545 καὶ
3037 1493 3110 1563 μὴ
3141 1492 3433 1560 σφαγέντα·
3466 1492 3555 1543 αἰ-

1967 1572 2193 1641 νίγματι
2227 1574 2335 1645 γάρ
2367 1574 2511 1626 ἔοικε
2551 1575 2611 1627 τὸ
2645 1574 2887 1643 γεγονός.
2918 1577 3183 1627 ’Ἄκουσον
3207 1574 3315 1646 γὰρ
3340 1570 3553 1629 Παύλου

1967 1653 2456 1723 λέγοντος-Πίστει
2482 1656 2901 1726 προσενήνοχε
2928 1658 3037 1710 τὸν
3069 1658 3266 1711 Ἰσαὰκ
3300 1657 3554 1727 Ἀϐραὰμ

1969 1738 2403 1805 πειραζόμενος⁸
2436 1739 2535 1791 καὶ
2560 1740 2667 1791 τὸν
2675 1739 2974 1809 μονογενῆ
3006 1739 3381 1807 προσέφερεν
3399 1743 3429 1793 ὀ
3447 1741 3554 1805 τὰς

1968 1822 2327 1891 ἐπαγγελίας
2358 1821 2819 1891 ἀναδεξάμενος.
2842 1819 2976 1876 Εἶτα
2997 1822 3084 1874 ἵνα
3115 1822 3375 1894 μάθωμεν
3396 1824 3556 1894 ἀκρι-

1966 1903 2099 1968 ϐῶς,
2128 1904 2244 1967 πῶς
2275 1904 2456 1957 πίστει
2488 1905 2663 1958 ταῦτα
2684 1904 2862 1958 πάντα
2882 1905 3254 1975 διεπράττετο,
3278 1906 3371 1959 καὶ
3399 1908 3556 1959 ἐναν-

1970 1987 2141 2058 τίατῇ
2174 1987 2464 2055 ὑποσχέσει
2489 1988 2631 2058 ὁρῶν
2648 1988 2717 2040 τὰ
2748 1988 2838 2040 ὑπ’
2869 1987 3031 2040 αὐτοῦ
3056 1987 3304 2056 γίνεσθαι
3336 1988 3555 2042 κελευὸ-
3660 1989 3669 1999 ’

1975 2087 2131 2141 μενα,
2165 2071 2265 2123 οὐκ
2295 2071 2639 2141 ἐταράττετο,
2674 2070 2858 2141 φησιν’
2895 2072 3074 2124 ’Ὀθεν
3104 2070 3295 2125 αὐτὸν
3332 2070 3431 2124 καὶ
3484 2071 3557 2125 ἐν

1972 2153 2281 2222 παραϐολῇ
2304 2153 2645 2223 ἐκομίσατο.
2673 2155 2736 2206 Τί
2764 2156 2932 2216 ἐστιν,
2975 2154 3076 2207 Ἐν
3095 2153 3410 2224 παραϐολῇ
3424 2155 3556 2208 ἐκοο

1967 2239 2188 2307 μίσατο
2204 2255 2223 2303 ;
2242 2238 2460 2309 Ἐπειδὴ
2492 2238 2600 2310 γὰρ
2634 2239 2794 2291 αὐτὸν
2814 2240 2893 2302 είς
2926 2237 3116 2291 θυσίαν
3142 2239 3432 2308 ἀνήνεγκε,
3459 2240 3556 2292 καὶ

1972 2320 2387 2391 ἀπηρτισμένην
2415 2322 2514 2391 τὴν
2556 2320 2783 2391 γνώμην
2816 2320 3148 2384 ἐπεδείξατο,
3193 2320 3351 2383 αὐτός
3372 2336 3437 2389 γε
3461 2313 3556 2374 τὸν

1974 2403 2234 2471 στέφανον
2283 2403 2601 2473 ἀνεδήσατο,
2644 2405 2738 2456 καί
2762 2403 2852 2455 τὸν
2887 2403 3051 2456 παῖδα
3091 2401 3271 2455 λαϐὼν
3303 2403 3552 2475 ἐπανῄει.

1974 2488 2068 2539 καὶ
2098 2490 2131 2557 ή
2158 2486 2320 2539 θυσία
2353 2486 2440 2539 διὰ
2460 2487 2734 2557 προϐάτου
2766 2485 3090 2557 ἐπληροῦτο,
3120 2487 3211 2540 καὶ
3234 2486 3444 2540 ἐδείκνυ
3468 2487 3557 2542 διά

1974 2571 2191 2623 πάντων
2224 2570 2251 2621 6
2282 2569 2390 2621 τῶν
2423 2569 2559 2621 ὅλων
2587 2568 2719 2632 Θεὸς
2748 2569 2849 2638 τῆς
2907 2569 3113 2633 οἰκείας
3146 2569 3557 2641 φιλανθρωπίας

1972 2652 2071 2723 τὴν
2095 2650 2420 2723 ὑπερϐολήν,
2448 2654 2539 2705 καὶ
2566 2653 2648 2705 ὅτι
2696 2653 2757 2704 οὐ
2791 2652 3063 2722 σφαγῆναι
3088 2652 3180 2705 τὸν
3220 2652 3405 2706 Ἰσαὰκ
3433 2652 3557 2723 βου⁸

1973 2736 2198 2805 λόμενος
2234 2735 2394 2788 τοῦτο
2421 2736 2733 2801 ἐπέταττεν,
2750 2736 2887 2789 ἀλλά
2909 2738 3001 2790 τοῦ
3027 2738 3236 2790 δικαίου
3265 2737 3558 2808 γυμνάζων

1972 2820 2072 2891 τὴν
2107 2821 2374 2889 ὑπακοήν.
2446 2820 2586 2872 Ἀλλ’
2618 2820 2808 2891 ὥσπερ
2841 2820 3052 2889 εἴδομεν
3088 2821 3179 2874 τοῦ
3216 2821 3557 2892 πατριάρχου

1974 2906 2069 2974 τὴν
2096 2905 2297 2976 ἀρετὴν
2322 2903 2410 2957 διὰ
2438 2904 2656 2957 πάντων
2685 2904 3029 2972 λάμπουσαν,
3049 2904 3181 2975 φέρε
3209 2905 3305 2958 καὶ
3322 2904 3391 2957 τά
3416 2906 3559 2959 κατά

1974 2988 2063 3040 τὸν
2079 2988 2263 3040 Ἰσαὰκ
2281 2988 2519 3057 σήμερον
2550 2987 2629 3049 είς
2662 2987 2825 3055 μέσον
2858 2986 3169 3055 προθέντες,
3196 2987 3394 3057 ἴδωμεν
3410 2987 3558 3051 ὅπως

1975 3070 2069 3122 καὶ
2097 3070 2259 3131 αὐτὸς
2282 3056 2343 3120 τὸ
2360 3056 2603 3137 φιλόθεον
2630 3068 2793 3121 αὐτοῦ
2835 3071 2935 3139 τῆς
2960 3068 3185 3139 γνώμης
3218 3056 3310 3122 διά
3340 3070 3559 3122 πάντων

1975 3152 2361 3207 ἐπιδείκνυται.
2398 3151 2581 3216 Ἀξιον
2600 3152 2657 3204 δὲ
2688 3153 2781 3205 καὶ
2810 3154 2986 3205 αὐτῶν
3009 3153 3314 3206 ἐπακοῦσαι
3343 3152 3448 3206 τῶν
3460 3153 3559 3223 τῆς

1976 3236 2198 3308 Γραφῆς
2212 3239 2277 3307 ρη
2287 3239 2490 3305 μάτων.
2506 3233 2691 3291 Αὗται
2703 3236 2770 3288 δὲ
2786 3240 2843 3289 al
2854 3236 3140 3304 γενέσεις,
3154 3237 3337 3307 φησὶν,
3355 3236 3562 3289 Ἰσαὰκ

1978 3320 2083 3374 τοῦ
2114 3320 2249 3373 υἱοῦ
2290 3319 2565 3389 Ἀϐραάμ.
2586 3322 2830 3388 Ἀϐραὰμ
2860 3319 3154 3389 ἐγέννησε
3181 3318 3288 3372 τὸν
3338 3317 3557 3373 Ἰσαάκ.

1976 3398 2089 3457 Ἦν
2109 3402 2177 3455 δὲ
2217 3404 2421 3457 Ἰσαὰκ
2440 3403 2591 3456 ἑτῶν
2612 3402 3078 3470 τεσσαράκοντα,
3095 3402 3194 3456 ὅτε
3215 3404 3394 3456 έλαϐε
3424 3403 3553 3457 Ῥε-

1978 3485 2202 3539 ϐέκκαν
2232 3486 2524 3555 θυγατέρα
2565 3485 2847 3553 Βαθουὴλ
2872 3486 2976 3539 τοῦ
3002 3486 3197 3552 Σύρου
3222 3486 3291 3539 ἐκ
3316 3485 3426 3553 τῆς
3447 3489 3562 3540 Με-

1975 3571 2369 3639 σοποταμίας,
2389 3569 2541 3641 [492]
2588 3570 2866 3640 ἀδελφὴν
2889 3569 2958 3621 δὲ
2980 3570 3183 3623 Λάϐαν
3205 3570 3314 3624 τοῦ
3339 3572 3559 3639 Σύρου,

1976 3654 2167 3720 ἐαυτῷ
2191 3658 2277 3719 εις
2306 3654 2579 3723 γυναῖκα.

2048 3737 2249 3791 Σκόπει
2304 3752 2417 3807 μοι,
2472 3736 2758 3806 ἀγαπητὲ,
2814 3729 2914 3805 τῆς
2972 3734 3122 3799 θείας
3179 3735 3401 3806 Γραφῆς
3457 3735 3562 3806 τὴν

1977 3820 2305 3893 ἀκρίϐειαν,
2367 3821 2514 3883 ὅπως
2568 3820 2720 3873 οὐδὲν
2792 3821 3086 3891 παρέργως
3138 3820 3339 3890 τίθησι.
3400 3820 3560 3882 Τίνος

1978 3904 2089 3974 γάρ
2144 3903 2328 3955 ἕνεκεν
2386 3905 2519 3973 ήμῖν
2576 3903 2667 3955 τὸν
2718 3903 2908 3973 χρόνον
2969 3903 3064 3955 τοῦ
3124 3903 3311 3956 Ἰσαάκ
3368 3903 3562 3970 ἐπιση-

1983 3989 2255 4059 μαίνεται,
2278 3987 2369 4039 καί
2405 3983 2703 4057 φησιν,Ἦν
2738 3987 2806 4038 δέ
2838 3987 3032 4040 Ἰσαὰκ
3069 3984 3219 4039 ἐτῶν
3263 3984 3559 4055 τεσσαρά-

1979 4087 2182 4132 κοντα,
2210 4070 2308 4123 ὅτε
2335 4072 2511 4123 ἔλαϐε
2533 4069 2644 4135 τὴν
2682 4068 3040 4133 Ῥεϐέκκαν;
3076 4069 3187 4138 Οὐχ
3218 4068 3419 4133 ἁπλῶς,
3437 4068 3560 4121 οὐδὲ

1980 4155 2124 4224 είκῆο
2158 4153 2272 4206 ἀλλ’
2307 4153 2492 4223 ἐπειδὴ
2543 4152 2724 4223 μέλλει
2760 4153 2897 4223 μετὰ
2921 4152 3094 4207 ταῦτα
3124 4153 3223 4223 τῆς
3265 4153 3560 4217 Ῥεϐέκκας

1979 4241 2111 4309 ἡμῖν
2132 4237 2437 4309 διηγεῖσθαι
2468 4237 2566 4309 τὴν
2607 4238 2911 4308 στείρωσιν,
2953 4239 3047 4290 καὶ
3092 4239 3172 4291 ὅτι
3197 4237 3256 4301 ἐξ
3277 4238 3440 4307 εὐχῆς
3464 4237 3561 4290 τοῦ

1980 4322 2190 4376 δικαίου
2218 4321 2286 4374 τὰ
2312 4321 2411 4391 τῆς
2443 4320 2783 4383 παιδοποιίας
2809 4321 2941 4390 αὐτῇ
2968 4321 3178 4389 γέγονε,
3210 4320 3456 4392 βούλεται
3481 4320 3562 4373 δι·-

1980 4401 2138 4468 δάξαι
2158 4405 2305 4474 ήμᾶς
2336 4403 2396 4456 τὸ
2430 4403 2661 4473 μέγεθος
2685 4404 2786 4474 τῆς
2807 4405 3083 4474 ὑπομονῆς
3105 4403 3198 4457 τοῦ
3232 4405 3436 4467 Ἰσαὰκ,
3466 4406 3562 4457 καὶ

1983 4489 2222 4559 σημᾶναι
2250 4489 2341 4540 τὸν
2372 4489 2561 4559 χρόνον
2608 4488 2872 4558 ἀκριϐῶς,
2901 4489 3024 4541 ὅσον
3054 4489 3113 4540 ἐν
3145 4489 3373 4560 ἀπαιδίᾳ
3403 4489 3564 4557 γέγο-

1983 4588 2091 4625 νεν·
2113 4572 2198 4625 ἵνα
2223 4570 2320 4623 καὶ
2344 4572 2501 4641 ήμεῖς
2535 4569 2821 4642 ζηλοῦντες
2851 4572 2944 4625 τὸν
2965 4571 3192 4635 δίκαιον,
3219 4572 3364 4625 οὕτω
3391 4588 3565 4643 προσ-

1982 4653 2289 4725 εδρεύωμεν
2333 4657 2451 4716 ταῖς
2486 4654 2622 4723 πρὸς
2649 4654 2739 4707 τὸν
2768 4654 2899 4707 Θεὸν
2926 4654 3177 4719 ἱκεσίαις,
3211 4655 3432 4708 ἐπειδὰν
3476 4655 3565 4707 αἰ-

1980 4737 2164 4807 τῶμέν
2193 4753 2245 4788 τι
2275 4738 2405 4807 παρ’
2434 4736 2620 4789 αὐτοῦ.
2650 4739 2713 4789 Εἰ
2746 4738 2856 4807 γὰρ
2894 4739 2923 4790 6
2959 4737 3167 4801 δίκαιος
3194 4732 3349 4800 οὗτος
3375 4738 3565 4808 ἐνάρε-

1982 4837 2073 4884 τος
2101 4818 2177 4873 ὢν
2196 4860 2209 4881 ,
2240 4820 2335 4873 καὶ
2384 4819 2655 4889 τοσαύτης
2687 4820 2899 4884 εὐνοίας
2949 4820 3241 4874 ἀπολαύων
3284 4820 3435 4892 παρά
3465 4821 3564 4874 τοῦ

1983 4904 2141 4970 Θεοῦ,
2170 4903 2438 4975 τοσαύτην
2462 4906 2804 4959 ἐπεδείκνυτο
2818 4906 3053 4976 σπουδήν
3074 4905 3168 4958 καὶ
3190 4904 3451 4969 εὐτονίαν,
3468 4905 3563 4960 τὸν

1984 4987 2115 5040 Θεὸν
2139 4986 2401 5057 διηνεκῶς
2430 4988 2780 5059 παρακαλῶν,
2807 4987 2947 5041 ὥστε
2967 4988 3123 5040 λῦσαι
3146 4989 3243 5057 τῆς
3270 4987 3563 5049 Ῥεϐέκκας

1985 5069 2083 5140 τὴν
2110 5070 2414 5140 στείρωσιν,
2454 5070 2508 5122 τί
2546 5069 2611 5124 ἂν
2644 5071 2894 5141 εἴποιμεν
2933 5074 3093 5142 ἡμεῖς
3110 5072 3159 5123 οἱ
3178 5069 3411 5123 τοσαῦτα
3434 5087 3567 5149 φορ-

1984 5156 2076 5207 τία
2124 5154 2537 5224 ἁμαρτημάτων
2569 5154 2782 5225 ἔχοντες
2823 5154 3162 5225 ἐπικείμενα,
3197 5154 3292 5206 καὶ
3338 5153 3473 5223 μηδὲ
3502 5154 3566 5205 τὸ

1988 5237 2278 5290 πολλοστὸν
2310 5237 2406 5289 τοῦ
2433 5236 2642 5290 δικαίου
2671 5239 2863 5290 τούτου
2897 5237 3063 5308 μέρος
3111 5237 3567 5307 ἐπιδεικνύμενοι,

1985 5320 2121 5373 ἀλλά
2140 5319 2240 5374 κᾶν
2267 5320 2401 5391 πρὸς
2416 5318 2593 5389 ὀλίγον
2616 5320 2851 5391 σπουδήν
2871 5337 2990 5373 τινα
3012 5317 3421 5389 ἐπιδειξιίηιεθα,
3437 5338 3570 5390 ναρ-

1987 5401 2191 5465 κῶντες
2217 5403 2312 5457 καὶ
2337 5403 2740 5473 ἀποπηδῶντες,
2772 5406 2821 5456 εί
2850 5404 2924 5473 μὴ
2951 5403 3142 5456 θᾶττον
3167 5401 3568 5472 εἰσακουσθείη-

1989 5502 2115 5556 μεν;
2137 5484 2236 5539 Διά
2272 5484 2452 5549 τοῦτο,
2486 5487 2788 5558 παρακαλῶ
2806 5526 2821 5553 ,
2846 5488 2911 5539 ἐκ
2945 5486 3051 5540 τῶν
3076 5484 3157 5555 τῷ
3180 5484 3372 5555 δικαίῳ
3392 5485 3570 5556 τούτῳ

1989 5567 2314 5639 συμϐάντων
2356 5569 2734 5641 παιδευόμενοι
2757 5609 2773 5634 ,
2813 5569 3083 5640 μηδέποτε
3120 5567 3423 5638 παυώμεθα
3472 5568 3568 5623 τὸν

1987 5650 2119 5705 Θεὸν
2147 5652 2589 5723 παρακαλοῦντες
2616 5652 2756 5723 ὑπὲρ
2782 5653 2880 5722 τῆς
2917 5652 3313 5721 συγχωρήσεως
3351 5649 3462 5703 τῶν
3489 5654 3566 5703 οἱ·

1988 5733 2149 5787 κείων
2171 5734 2678 5806 πλημμελημάτων,
2700 5735 2837 5789 ἀλλά
2856 5735 3063 5806 θερμήν
3082 5735 3177 5789 καὶ
3200 5732 3425 5798 ζέουσαν
3440 5750 3569 5806 προ-

1993 5817 2195 5888 θυμίαν
2242 5818 2723 5889 ἐπιδεικνυώμεθαἱ
2762 5820 2853 5872 καὶ
2898 5819 2971 5889 μὴ
3002 5817 3377 5887 ἀσχάλλωμεν,
3431 5813 3567 5887 μηδὲ

1990 5899 2335 5972 ὀκνηρότεροι
2364 5900 2725 5972 γινώμεθα,εί
2746 5903 2821 5973 μὴ
2842 5903 3033 5955 θᾶττον
3060 5898 3564 5969 εἰσακουσθείημεν.

1994 5985 2154 6048 Ἴσως
2170 5985 2297 6057 γὰρ,
2330 5984 2458 6049 ίσως
2488 5984 2839 6056 σοφιζόμενος
2854 5984 3011 6058 ήμῶν
3026 5984 3122 6056 τὴν
3142 5983 3363 6055 διηνεκῆ
3392 6000 3557 6055 προσ·
