4084 6356
592 362 706 418 4έῦ

589 478 772 550 εδρίαν
829 475 860 529 6
906 474 1199 544 Δεσπότης,
1234 475 1669 544 διαναϐἀλλεται,
1728 478 2047 548 βουλόμενος
2075 477 2171 528 καὶ

541 618 546 621 ,
588 563 684 632 τῆς
707 557 978 627 ὑπομονῆς
1007 557 1153 627 ἡμᾶς
1200 557 1526 628 κομίσασθαι
1555 565 1649 616 τὸν
1705 561 1918 632 μισθὸν,
1950 561 2045 614 καὶ
2081 559 2172 612 τὸν

588 641 778 712 καιρὸν
811 639 985 703 εἰδὼς,
1013 639 1202 692 καθ’ὃν
1226 639 1500 706 λυσιτελές
1529 645 1678 696 ἐστιν
1713 645 1845 714 ήμῖν
1876 642 1983 695 τῶν
2008 658 2173 694 σπου-

585 723 893 794 δαζομένων
915 724 1209 791 ἐπιτυχεῖν.
1243 724 1376 776 Οὐδὲ
1397 727 1507 796 γὰρ
1537 726 1709 788 οὓτως
1735 728 1896 796 ήμεῖς
1929 724 2085 795 ἴσμεν
2111 723 2173 775 τὸ

587 806 862 875 συμφέρον
895 805 1126 868 ἑαυτοῖς,
1160 806 1234 868 ὡς
1258 807 1419 870 αὐτὸς
1442 808 1684 878 ἀκριϐῶς
1709 809 2013 869 ἐπίσταται,
2047 809 2076 858 6
2103 805 2174 858 τὰ

586 889 871 959 ἀπόρρητα
905 886 1004 955 τῆς
1057 885 1295 951 διανοίας
1343 889 1574 944 ἑκάστου
1627 891 2011 960 ἐπιστάμενος.
2039 889 2114 940 Δι’
2145 886 2172 940 ὃ

587 976 852 1045 προσήκει
881 975 1044 1044 μηδὲν
1083 977 1540 1048 περιεργάζεσθαι
1571 979 1666 1032 καὶ
1697 977 2174 1046 πολυπραγμονεῖν

587 1059 694 1111 τῶν
723 1057 874 1130 παρά
898 1057 989 1111 τοῦ
1020 1059 1154 1111 Θεοῦ
1187 1061 1510 1130 γινομένων,
1559 1061 1696 1115 ἀλλά
1725 1061 1924 1132 πολλὴν
1955 1062 2053 1130 τὴν
2084 1059 2175 1111 εὑ-

587 1141 942 1212 γνωμοσύνην
973 1141 1400 1206 ἐπιδείκνυσθαι,
1461 1146 1558 1197 καὶ
1611 1144 1913 1214 θαυμάζειν
1958 1143 2066 1195 τῶν
2095 1143 2174 1195 δι-

588 1225 760 1278 καίων
784 1225 881 1287 τάς
902 1224 1122 1293 ἀρετάς.
1183 1226 1399 1294 Ἐπειδὴ
1449 1225 1556 1297 γὰρ
1614 1222 1766 1279 εἶπεν
1814 1228 2010 1296 ήμῖνή
2055 1225 2174 1278 θεία

588 1307 798 1378 Γραφή,
830 1308 969 1360 ὅσων
992 1306 1128 1360 ἐτῶν
1154 1303 1222 1378 ἦν
1258 1308 1462 1371 Ίσαάκ,
1500 1309 1762 1377 λέγεικαί
1793 1309 1921 1379 περὶ
1953 1307 2174 1360 Ῥεϐέκ-

588 1407 691 1453 κας
713 1392 810 1460 τῆς
838 1391 1090 1459 γυναικὸς
1122 1391 1286 1443 αὑτοῦ
1315 1432 1328 1450 ,
1359 1392 1439 1444 ὃτι
1474 1394 1660 1462 στεῖρα
1691 1389 1779 1459 ἦν.
1809 1391 1917 1444 Θέα
1947 1408 2035 1461 μοι
2079 1390 2172 1443 τοῦ

588 1474 796 1527 δικαίου
842 1475 902 1526 τὸ
951 1475 1216 1541 φιλόθεον.
1257 1474 1472 1545 Ἐπειδὴ
1522 1475 1631 1545 γάρ
1671 1471 1777 1528 εἶδε
1830 1474 2174 1545 χωλεύουσαν

588 1556 686 1628 τὴν
711 1556 890 1625 φύσιν,
937 1557 1026 1610 ἐπὶ
1065 1557 1154 1610 τὸν
1210 1557 1308 1626 τῆς
1346 1557 1559 1626 φύσεως
1589 1557 1917 1628 δημιουργὸν
1950 1557 2170 1626 έδραμε,

589 1641 684 1692 καὶ
719 1640 788 1693 τὰ
810 1640 979 1711 δεσμά
1011 1640 1110 1710 τῆς
1141 1641 1354 1709 φύσεως
1381 1641 1468 1693 διὰ
1501 1641 1598 1709 τῆς
1625 1641 1790 1712 εὐχης
1834 1640 1980 1693 λύειν
2015 1641 2170 1708 ἠπείο

589 1739 734 1791 γετο.
777 1723 998 1777 Ἐδέετο
1023 1725 1154 1792 γὰρ,
1211 1724 1403 1791 φησὶν,
1446 1724 1650 1777 Ἰσαὰκ
1688 1723 1822 1791 περὶ
1867 1722 2176 1788 Ῥεϐέκκας

589 1805 699 1873 τῆς
730 1807 1012 1875 γυναικὸς
1033 1807 1218 1860 αὑτοῦ
1245 1807 1333 1860 ὅτι
1353 1806 1558 1874 στεῖρα
1584 1803 1683 1876 ἦν.
1719 1808 1818 1860 Ἕν
1848 1806 2004 1859 τοῦτο
2034 1805 2177 1877 πρῶ-

588 1906 681 1942 τον
707 1890 856 1953 ἀξιον
889 1889 1142 1960 ζητῆσαι,
1159 1889 1304 1952 τίνος
1328 1889 1664 1960 ένεκεν,βίου
1699 1885 1834 1942 οὖσα
1856 1889 2172 1959 θαυμαστοῦ

589 1971 686 2024 καὶ
721 1970 878 2042 αὑτὴ,
915 1973 1007 2024 καὶ
1029 1974 1057 2024 6
1083 1973 1221 2043 ἀνὴρ
1244 1973 1432 2042 αὐτῆς,
1467 1973 1560 2024 καὶ
1587 1970 1789 2040 πολλῆς
1821 1972 1918 2041 τῆς
1963 1989 2175 2042 σωφρο-

589 2055 756 2126 σύνης
783 2055 1081 2126 ἀμφότεροι
1111 2055 1558 2125 ἐπιμελούμενοι,
1591 2050 1864 2125 στεῖραῆν
1888 2072 1903 2121 ;
1932 2055 2175 2124 Οὑκέχο-

589 2155 692 2208 μεν
717 2138 1068 2191 ἐπιλαϐέσθαι
1097 2137 1276 2190 αὑτῶν
1302 2138 1402 2208 τῆς
1435 2138 1603 2208 ζωῆς,
1635 2138 1729 2191 καὶ
1754 2139 1949 2203 εἰπεῖν,
1966 2138 2049 2190 ὅτι
2067 2137 2176 2190 τῶν

589 2220 871 2291 ἁμαρτιῶν
892 2216 959 2291 ἦν
981 2221 1150 2292 ,ἔργον
1183 2221 1216 2290 ἡ
1251 2221 1536 2290 στείρωσις
1567 2234 1615 2275 α.
1644 2222 1754 2274 Καὶ
1790 2222 1876 2275 ἵνα
1911 2220 2089 2291 μάθῃς
2115 2220 2177 2272 τὸ

588 2303 915 2372 θαυμαστὸν,
944 2303 1026 2355 ὅτι
1058 2304 1159 2355 οὑκ
1184 2302 1320 2374 αὐτή
1344 2303 1503 2372 μόνον
1535 2306 1721 2374 στεῖρα
1749 2299 1837 2374 ἦν,
1871 2303 2007 2356 ἀλλά
2029 2305 2119 2356 καὶ
2140 2303 2174 2373 ή

592 2387 779 2456 μήτηρ
812 2384 905 2438 τοῦ
933 2385 1141 2439 δικαίου
1176 2386 1209 2455 ή
1237 2385 1442 2456 Σάρρα’
1472 2387 1565 2439 καὶ
1592 2387 1690 2455 οὐχ
1725 2387 1758 2456 ή
1795 2386 1980 2456 μήτηρ
2006 2385 2064 2439 δέ
2088 2386 2177 2439 αὐ-

589 2469 683 2522 τοῦ
709 2469 890 2538 μόνον,
932 2468 1065 2522 ἀλλά
1098 2470 1191 2522 καὶ
1223 2471 1255 2537 ἡ
1295 2469 1502 2540 νύμφη,
1531 2469 1626 2524 τοῦ
1677 2470 1924 2541 Ίακὼὸή
1955 2469 2110 2540 γυνὴ,
2140 2472 2173 2540 ή

599 2552 802 2624 Ῥαχὴλ
827 2552 985 2621 λέγω.
1039 2553 1102 2604 Τί
1139 2553 1388 2623 βούλεται
1412 2553 1520 2606 τῶν
1550 2554 1776 2626 στειρῶν
1808 2553 2013 2607 τούτων
2039 2555 2067 2606 ὁ
2089 2570 2173 2622 χοο

591 2642 716 2708 ρός;
744 2637 950 2698 Πάντες
979 2635 1212 2701 δίκαιοι,
1267 2635 1467 2699 πάντες
1523 2637 1784 2708 ἐνάρετοι.
1843 2638 2043 2700 πάντες
2073 2637 2178 2689 ὑπὸ

589 2719 725 2772 Θεοῦ
755 2719 1208 2790 μαρτυρούμενοι.
1253 2721 1391 2791 Περὶ
1421 2720 1528 2792 γὰρ
1557 2721 1734 2774 αὐτῶν
1783 2721 1936 2793 [495]
1968 2722 2173 2790 ἐλεγενο

601 2803 742 2871 Ἐγώ
767 2805 880 2871 εὶμι
905 2806 936 2856 ό
965 2802 1109 2867 Θεὸς
1151 2803 1417 2872 Ἀϐραὰμ,
1450 2805 1548 2856 καὶ
1581 2808 1613 2858 ὀ
1644 2805 1787 2870 Θεὸς
1821 2805 2047 2868 Ἰσαὰκ,
2077 2804 2176 2858 καὶ

588 2887 623 2939 ὀ
649 2884 792 2950 Θεὸς
821 2883 1033 2938 Ἰακώϐ.
1064 2885 1174 2938 Καὶ
1205 2887 1232 2938 6
1256 2887 1520 2956 μακάριος
1544 2887 1598 2938 δέ
1625 2886 1835 2949 Παῦλός
1855 2905 2007 2957 φησι·
2035 2891 2115 2941 Δι’
2144 2888 2176 2942 ὃ

587 2971 699 3022 οὐκ
719 2969 1150 3036 ἐπαισχύνεται
1183 2971 1214 3022 ό
1247 2969 1410 3035 Θεὸς,
1448 2969 1592 3035 Θεὸς
1628 2970 2042 3025 ἐπικαλεῖσθαι
2073 2975 2178 3026 αὑ-

588 3051 725 3105 τῶν.
782 3052 958 3104 Πολλὰ
993 3051 1171 3106 αὐτῶν
1192 3052 1259 3105 τὰ
1291 3051 1543 3122 ἐγκώμια
1575 3055 1632 3105 ἐν
1665 3057 1732 3125 τῇ
1762 3057 1958 3126 Καινῇ,
1994 3055 2177 3108 πολλοὶ

587 3137 638 3187 οἰ
682 3135 892 3187 ἔπαινοι
917 3136 975 3186 ἐν
1025 3136 1091 3203 τῇ
1139 3134 1369 3204 Παλαιᾷ.
1411 3136 1752 3206 Πανταχόθεν
1801 3137 2043 3210 λαμπροὶ
2083 3139 2178 3192 καὶ

589 3217 869 3287 ἐπίσημοι,
891 3217 985 3268 καὶ
1016 3216 1218 3280 πάντες
1254 3218 1472 3289 στείρας
1496 3218 1655 3288 έσχον
1677 3223 1964 3286 γυναῖκας,
2001 3222 2093 3274 καὶ
2119 3223 2176 3275 ἐν

590 3300 819 3370 ἀπαιδίᾳ
843 3295 984 3370 ἦσαν
1017 3299 1177 3370 μέχρι
1205 3301 1401 3353 πολλοῦ
1424 3301 1516 3354 τοῦ
1549 3303 1764 3373 χρόνου.

665 3402 728 3472 β’.
767 3401 935 3456 ’Όταν
953 3397 1044 3454 οὖν
1063 3402 1177 3474 ίδῃς
1207 3401 1374 3473 ἄνδρα
1390 3405 1484 3456 καὶ
1503 3409 1734 3472 γυναῖκα
1764 3408 1823 3460 ἐν
1845 3408 2012 3478 ἀρετῇ
2037 3406 2175 3471 ζῶν-

589 3503 710 3550 τας,
732 3485 828 3538 καὶ
856 3487 914 3537 ἐν
943 3485 1168 3556 ἀπαιδίᾳ
1195 3487 1585 3556 τυγχάνονταςο
1615 3489 1741 3542 ὅταν
1763 3489 1877 3561 ἴδῃς
1906 3489 2175 3554 θεοσεϐεῖς

589 3570 751 3632 ὄντας
773 3609 788 3634 ,
824 3569 919 3621 καὶ
972 3569 1258 3646 εὐλαϐείας
1286 3571 1747 3642 ἐπιμελομένους,
1797 3573 2063 3636 ἄπαιδας,
2101 3574 2176 3646 μὴ

590 3648 820 3721 νομίσῃς
851 3647 1132 3719 ἁμαρτιῶν
1164 3645 1304 3702 εἶναι
1352 3649 1509 3720 ἔργα.
1556 3651 1746 3704 Πολλοὶ
1777 3651 1887 3723 γάρ
1917 3653 2010 3706 τοῦ
2039 3645 2173 3706 Θεοῦ

589 3732 690 3802 τῆς
717 3731 1029 3801 οἰκονομίας
1047 3731 1254 3800 οίλόγοι
1285 3731 1380 3784 καὶ
1410 3733 1540 3804 ἡμῖν
1571 3735 1888 3805 ἀπόρρητοι,
1924 3737 2019 3789 καί¹
2035 3736 2175 3808 ὑπὲρ

590 3815 809 3867 πάντων
837 3813 1176 3884 εὐχαριστεῖν
1200 3814 1300 3880 δεῖ,
1335 3817 1432 3869 καὶ
1463 3816 1657 3886 μόνους
1692 3817 1933 3882 ἐκείνους
1958 3818 2177 3872 ταλανίο

590 3897 704 3960 ζειν
725 3898 848 3959 τοὺς
867 3899 924 3949 ἐν
945 3897 1112 3966 κακία
1141 3896 1370 3961 ζῶντας,
1406 3899 1468 3951 οὐ
1506 3901 1634 3963 τοὺς
1667 3900 1852 3954 παιδία
1883 3901 1956 3971 μὴ
1984 3917 2176 3971 κεκτη-

594 3981 806 4052 μένους.
857 3979 1034 4033 Πολλά
1077 3979 1186 4051 γάρ
1221 3981 1479 4045 πολλάκις
1509 3986 1538 4036 ὁ
1592 3983 1725 4047 Θεὸς
1787 3985 2174 4054 συμφερόντως

589 4066 884 4133 οἰκονομεῖ,
912 4064 1072 4133 ἡμεῖς
1102 4063 1160 4116 δέ
1186 4064 1285 4134 τὴν
1315 4064 1493 4118 αἰτίαν
1519 4065 1627 4118 τῶν
1660 4066 2042 4136 γεγενημένων
2073 4067 2174 4120 οὐκ

594 4145 771 4216 ἴσμεν.
802 4144 902 4197 Διά
928 4142 1088 4198 τοῦτο
1126 4146 1402 4216 πανταχοῦ
1436 4148 1732 4218 θαυμάζειν
1761 4149 1926 4202 αὑτοῦ
1955 4150 2054 4221 τὴν
2080 4167 2172 4203 σο-

591 4229 721 4297 φίαν
751 4227 876 4298 χρὴ,
911 4227 1007 4280 καὶ
1035 4227 1278 4294 δοξάζειν
1309 4229 1474 4282 αὑτοῦ
1497 4232 1599 4302 τήν
1633 4232 2045 4303 φιλανθρωπίαν
2072 4235 2173 4306 τὴν

590 4313 816 4380 ἄφατον.
855 4311 1014 4364 Ἀλλά
1031 4311 1203 4366 ταῦτα
1230 4313 1330 4383 μὲν
1362 4315 1499 4384 πρὸς
1517 4314 1784 4383 ὠφέλειαν
1809 4318 1940 4386 ἡμῖν
1960 4318 2171 4388 εἴρηται

589 4396 688 4465 τὴν
727 4395 1019 4466 ὑμετέραν,
1052 4396 1194 4449 ῶστε
1227 4397 1425 4468 πολλὴν
1461 4400 1561 4470 τὴν
1587 4399 2004 4472 εὐγνωμοσύνην
2054 4403 2174 4454 ἐπι-

589 4477 920 4544 δείκνυσθαι,
955 4479 1049 4530 καῖ
1075 4481 1151 4551 μὴ
1175 4480 1640 4551 περιεργάζεσθαι
1675 4481 1771 4535 τοῦ
1802 4483 1937 4537 Θεοῦ
1967 4485 2064 4548 τάς
2093 4488 2173 4539 οἰ-

591 4563 868 4632 κονομίας
909 4562 988 4615 δεῖ
1029 4563 1085 4615 δὲ
1133 4564 1228 4617 καὶ
1270 4565 1368 4629 τὴν
1411 4564 1590 4618 αἰτίαν
1619 4568 1814 4630 εἰπεῖν,
1843 4567 1908 4619 δι’
1939 4569 2004 4639 ἢν
2030 4565 2172 4640 ἦσαν

591 4647 796 4698 ἐκεῖναι
831 4649 1040 4716 στεῖραι
1079 4647 1134 4699 αἰ
1168 4650 1442 4714 γυναῖκες.
1491 4648 1587 4713 Τίς
1611 4646 1703 4702 οὖν
1727 4651 1874 4703 ἐστιν
1903 4653 1936 4722 ή
1979 4654 2168 4718 αἰτία;

593 4727 734 4792 Ἵνα,
761 4728 888 4781 ὅταν
921 4729 1033 4799 ἴδῃς
1075 4728 1194 4798 τὴν.
1226 4731 1496 4801 Παρθένον
1553 4731 1842 4786 τίκτουσαν
1874 4735 1966 4787 τὸν
1993 4737 2170 4790 κοινὸν

590 4810 748 4882 ήμῶν
779 4811 1076 4882 Δεσπότήν,
1112 4811 1186 4882 μὴ
1237 4813 1566 4887 ἀπιστήσῃς.
1613 4815 1891 4886 Γύμνασόν
1943 4835 2036 4870 σου
2085 4821 2172 4873 ἐν-

589 4892 766 4947 ταῦθα
785 4892 884 4964 τήν
910 4893 1167 4959 διάνοιαν,
1195 4896 1380 4966 φησὶν,
1398 4897 1456 4949 ἐν
1481 4900 1546 4968 τῇ
1579 4899 1761 4968 μήτρᾳ
1783 4898 1890 4951 τῶν
1919 4901 2168 4972 στειρῶν,

593 4976 658 5029 ἵν’
680 4977 807 5029 ὅταν
835 4977 948 5048 ἴδῃς
971 4978 1377 5048 πεπηρωμένην
1394 4981 1486 5032 καὶ
1501 4981 1785 5051 δεδεμένην
1805 4983 2016 5052 μήτραν
2034 4985 2168 5056 πρὸς

591 5059 928 5113 παιδοποιίαν
961 5059 1316 5131 ἀνοιγομένην
1340 5063 1405 5114 ἐκ
1431 5063 1528 5132 τῆς
1562 5062 1654 5115 τοῦ
1677 5063 1811 5116 Θεοῦ
1832 5065 2072 5136 χάριτος,
2093 5067 2170 5140 μή

591 5140 877 5214 θαυμάσῃς
903 5141 1117 5196 ἀκούων
1137 5143 1218 5196 ὃτι
1239 5144 1505 5216 παρθένος
1529 5145 1704 5202 ἔτεκε.
1732 5151 1948 5204 Μᾶλλον
1969 5150 2026 5203 δέ
2051 5150 2172 5203 θαύ-

594 5242 766 5295 μασον
808 5228 901 5278 καὶ
936 5226 1279 5296 ἐκπλάγηθι,
1329 5227 1467 5281 ἀλλά
1494 5229 1569 5298 μὴ
1607 5231 1915 5305 ἀπιστήσῃς
1939 5233 2016 5302 τῷ
2041 5233 2171 5286 θαύ-

593 5325 745 5377 ματι.
772 5310 941 5362 Ὅταν
971 5305 1064 5365 οῦν
1097 5310 1231 5382 λέγῃ
1261 5310 1396 5382 πρὸς
1424 5312 1483 5364 σὲ
1516 5316 1544 5366 ὁ
1586 5313 1853 5377 Ἰουδαῖος,
1885 5315 2009 5378 Πῶς
2054 5316 2170 5369 ἔτε-

591 5409 686 5444 κεν
701 5395 734 5462 ή
759 5393 1054 5464 παρθένος;
1081 5395 1203 5447 εἰπέ
1224 5395 1359 5465 πρὸς
1375 5395 1556 5459 αὑτὸν,
1576 5396 1700 5459 Πῶς
1723 5397 1908 5450 ἔτεκεν
1935 5400 1966 5468 ή
1987 5402 2170 5470 στεῖρα

593 5485 686 5536 καὶ
713 5489 1080 5556 γεγηρακυῖα;
1133 5487 1240 5540 Δύο
1266 5488 1374 5558 γὰρ
1407 5486 1704 5558 κωλύματα
1730 5489 1848 5541 τότε
1898 5485 1988 5560 ἦν,
2022 5492 2081 5544 τό
2107 5510 2166 5545 τε

596 5786 618 5802 ν
657 5726 862 5802 ξλεανίἰι
899 5735 1109 5802 et_unps
1129 5734 1597 5802 codgx,_&p_<p6tepot_
1619 5734 1947 5802 ἐπεμελοῦντο,
1969 5740 2053 5802 καὶ
2079 5743 2168 5792 οὐκ

592 5790 821 5850 ἔχομεν...
841 5790 908 5840 έτι
929 5793 1023 5840 τῶν
1045 5790 1529 5860 ἁμαρτιῶνὴνέργον·
1555 5790 1833 5861 εἷχετάύτην
1847 5801 1876 5856 ἡ
1899 5790 2164 5865 στείρωσις.

1311 361 1367 414 S.
1408 361 1698 420 JOA‘NNIS
1737 359 2232 419 CIIRYSOSTOMI
2267 360 2593 420 AliClllEP.
2625 360 3180 418 CONSTANTINOP.

3755 362 3873 417 ιιδ

2280 475 2456 548 ἀωρον
2481 479 2578 548 τῆς
2601 479 2834 549 ἡλικίας,
2861 480 2957 532 καὶ
2987 479 3048 532 τὺ
3069 479 3340 549 ἄχρηστον
3371 476 3469 547 τῆς
3506 475 3744 546 φύσεωςο
3767 479 3878 531 ἐπὶ

2277 567 2333 619 δὲ
2354 567 2450 636 τῆς
2476 567 2747 637 παρθένου
2777 568 2836 620 ἓν
2858 568 3088 638 κώλυμα
3111 565 3200 637 ἦν,
3251 567 3312 620 τὸ
3341 566 3416 638 μὴ
3447 569 3738 636 μετασχεῖν
3773 568 3881 619 αὐ·-

2278 657 2376 726 τὴν
2404 658 2604 728 γάμου.
2627 659 2974 731 Προοδοποιεῖ
2988 658 3165 712 τοίνυν
3188 661 3254 729 τῇ
3287 658 3543 730 παρθένῳ
3567 660 3602 726 ἡ
3652 661 3877 728 στεῖρα.

2279 748 2390 801 Καὶ
2416 749 2503 802 ἵνα
2533 750 2710 822 μάθῃς
2734 751 2818 803 ὃτι
2865 749 2955 803 διά
2979 751 3138 802 τοῦτο
3167 751 3377 820 στεῖραι
3421 747 3744 819 προέλαϐον,
3777 748 3878 798 ἵνα

2278 839 2540 910 πιστευθῇ
2567 842 2666 910 τῆς
2691 841 2960 911 παρθένου
2977 840 3198 904 ὁτόκος,
3225 839 3458 894 ἄκουσον
3500 839 3609 892 ἀπὸ
3629 839 3742 890 τῶν
3771 829 3878 909 91]-

2282 933 2465 1003 μάτων
2486 933 2578 986 τοῦ
2609 933 2846 1006 Γαϐριὴλ
2885 934 2996 986 τῶν
3029 933 3164 1004 πρὸς
3192 933 3289 1003 τὴν
3317 931 3586 1003 παρθένον
3633 931 3880 1000 εἰρημέ-

2279 1043 2402 1078 νων.
2441 1024 2656 1096 Ἐπειδὴ
2686 1027 2796 1096 7&9
2821 1021 2954 1096 ἦλθε
2979 1025 3074 1077 καὶ
3100 1021 3250 1076 εἶπεν
3275 1024 3433 1094 αὐτῇ,
3465 1022 3769 1090 Συλλήψῃ
3799 1021 3884 1074 ἐν

2279 1116 2511 1184 γαστρί,
2543 1116 2639 1170 καὶ
2665 1117 2806 1184 τέξῃ
2824 1115 2986 1181 υἱὸν,
3020 1115 3120 1168 καί
3142 1116 3426 1182 καλέσεις
3447 1114 3515 1168 τὸ
3555 1115 3744 1183 ὄνομα
3757 1115 3877 1167 αὑ·-

2279 1210 2385 1261 τοῦ
2429 1207 2695 1276 Ἰησοῦν,
2729 1207 3030 1277 ἐξεπλάγη
3080 1207 3178 1261 καὶ
3208 1207 3529 1275 ἐθαύμασε,
3573 1206 3675 1258 καί
3711 1205 3875 1258 εἰπεο

2279 1299 2412 1366 Πῶς
2440 1300 2607 1354 ἔσται
2626 1317 2726 1369 μοι
2748 1300 2945 1364 τοῦτο,
2975 1299 3106 1352 ἐπεὶ
3143 1299 3332 1367 ἄνδρα
3353 1300 3424 1352 οὺ
3452 1297 3763 1367 γινὼσκωξ
3801 1298 3879 1350 Τί

2279 1388 2371 1446 οὖν
2394 1393 2422 1445 6
2452 1392 2712 1461 άγγελος;
2740 1392 2982 1462 Πνεῦμα
3017 1392 3188 1462 ἅγιον
3213 1392 3601 1445 ἐπελεύσεται
3630 1391 3730 1443 ἑπί
3767 1390 3872 1451 σὲ,

2281 1481 2380 1535 καὶ
2407 1482 2661 1551 δύναμις
2700 1483 2992 1552 Ὑψίστου
3029 1482 3370 1535 ἐπισκιάσει
3407 1497 3527 1535 σοι.
3558 1482 3651 1552 Μή
3686 1482 3871 1549 ζήτει,

2282 1574 2436 1644 φησὶ,
2467 1575 2680 1645 φύσεως
2705 1574 3046 1641 ἀκολουθίαν,
3077 1577 3204 1628 ὅταν
3231 1575 3371 1645 ὑπὲρ
3395 1573 3554 1642 φύσιν
3640 1573 3710 1625 τὰ
3727 1572 3875 1641 γινό-

2284 1684 2438 1737 μενα·
2472 1666 2547 1737 μὴ
2571 1666 2899 1738 περιϐλέπου
2929 1667 3121 1737 γάμων
3150 1666 3360 1730 ὠδῖνας,
3394 1666 3522 1718 ὅταν
3547 1663 3751 1735 μείζων
3774 1663 3877 1730 γά-

2285 1777 2386 1830 μου
2409 1759 2508 1827 τῆς
2524 1763 2829 1831 γεννήσεως
2857 1762 2884 1813 6
2911 1754 3179 1833 τρόπος
3206 1759 3314 1812 Καὶ
3335 1757 3459 1824 πῶς
3475 1759 3647 1813 ἐσται
3662 1757 3871 1821 τοῦτο,

2282 1853 2465 1921 φησὶν,
2497 1852 2625 1905 ἐπεὶ
2658 1852 2847 1919 ἄνδρα
2876 1854 2946 1905 οὺ
2982 1851 3286 1922 γινώσκω;
3335 1849 3446 1904 Καὶ
3475 1850 3581 1920 μὴν
3602 1849 3690 1902 διὰ
3706 1848 3875 1902 τοῦτο

2281 1942 2455 2007 ἔσται,
2487 1942 2671 2013 ἐπειδὴ
2703 1943 2869 2014 ἀνδρα
2897 1943 2958 1996 οὐ
2983 1943 3294 2010 γινώσκεις.
3340 1943 3403 1995 Εἰ
3437 1944 3545 2012 7&9
3565 1940 3871 2009 ἐγίνωσκες

2283 2034 2469 2104 ἄνδρα,
2501 2035 2600 2088 οὐκ
2630 2035 2695 2088 ἂν
2720 2034 3060 2106 κατηξιώθης
3089 2033 3537 2106 ὑπηρετήσασθαι
3571 2035 3640 2103 τῇ
3678 2031 3864 2083 διακο-

2283 2125 2371 2197 νίᾳ
2389 2127 2582 2198 ταύτῃ.
2614 2127 2776 2180 Ὥστε
2793 2127 2858 2180 δι’
2885 2127 2914 2180 ὃ
2939 2128 3206 2191 ἀπιστεῖς,
3235 2127 3301 2180 δι’
3329 2126 3459 2181 αὐτὸ
3488 2125 3732 2180 πίστευε.
3751 2123 3876 2177 Οὐκ

2283 2218 2471 2290 ἐπειδὴ
2503 2220 2672 2273 κακὸν
2728 2222 2754 2272 6
2780 2220 2983 2290 γάμος,
3016 2219 3132 2272 ἀλλ’
3155 2217 3342 2288 ἐπειδὴ
3372 2217 3634 2288 κρείττων
3658 2217 3694 2284 ή
3727 2231 3875 2284 παρ-

2285 2309 2454 2366 θενία·
2483 2311 2582 2382 τὴν
2609 2312 2666 2366 δὲ
2691 2312 2785 2365 τοῦ
2817 2312 2996 2366 κοινοῦ
3025 2312 3242 2365 πάντων
3271 2309 3544 2362 Δεσπότου
3571 2306 3724 2378 [494]
3754 2306 3876 2358 εἶσ-

2282 2403 2402 2456 οδον
2459 2405 2790 2473 σεμνοτέραν
2819 2405 2985 2474 ἐχρῆν
3006 2398 3145 2456 εἶναι
3164 2402 3264 2473 τῆς
3284 2401 3574 2472 ἡμετέρας·
3612 2397 3873 2468 βασιλικὴ

2283 2495 2391 2566 γὰρ
2411 2491 2479 2566 ἦν
2497 2499 2530 2566 ή
2561 2497 2780 2559 εἴσοδος.
2799 2497 2944 2549 Ἔδει
2971 2496 3394 2564 κοινωνεῖνιήμῖν
3419 2493 3517 2563 τῆς
3536 2491 3871 2561 γεννήσεως.

2283 2585 2380 2637 καὶ
2419 2585 2741 2655 ἐξηλλάχθαι
2793 2588 2892 2654 τῆς
2916 2584 3214 2655 ἡμετέρας.
3243 2585 3352 2636 Kal
3385 2581 3672 2652 ἀμφότερα
3691 2580 3876 2633 ταῦτα

2283 2676 2494 2744 γέγονε,
2522 2677 2616 2728 καὶ
2637 2677 2784 2739 ὅπως
2809 2675 3073 2728 ἀκουε.Τὸ
3092 2675 3190 2746 μὲν
3219 2672 3328 2727 ἀπὺ
3351 2673 3564 2742 μήτρας
3589 2670 3871 2739 γενέσθαι,

2286 2768 2460 2822 κοινὸν
2494 2768 2628 2840 πρὸς
2655 2769 2824 2838 ἡμᾶς’
2855 2767 2916 2819 τὸ
2945 2767 3001 2820 δὲ
3034 2766 3200 2839 χωρὶς
3229 2765 3424 2835 γάμων
3448 2763 3725 2832 γενέσθαι,
3754 2765 3874 2832 μεῖ-

2285 2859 2429 2930 ζονῆ
2464 2859 2585 2912 καθ’
2619 2860 2786 2930 ἡμᾶς.
2824 2859 2930 2912 Καὶ
2957 2858 3017 2911 τὸ
3043 2858 3141 2928 μὲν
3175 2859 3233 2910 ἐν
3254 2857 3453 2927 γαστρὶ
3486 2856 3634 2926 σχεῖν
3663 2871 3744 2912 σε,
3769 2854 3874 2923 τῆς

2285 2953 2501 3021 φύσεως
2529 2953 2628 3021 τῆς
2687 2951 3052 3023 ἀνθρωπείας·
3095 2950 3155 3002 τὸ
3191 2950 3247 3002 δὲ
3275 2949 3444 3020 χωρὶς
3497 2948 3696 3018 μίξεως
3719 2947 3873 3015 γενέ-

2287 3042 2408 3096 σθαι
2427 3043 2523 3112 τὴν
2554 3041 2769 3110 κύησιν,
2787 3040 3110 3112 σεμνότερον
3131 3039 3230 3109 τῆς
3251 3039 3598 3110 ἀνθρωπίνης
3629 3038 3868 3107 φύσεως·

2286 3133 2369 3184 ἵνα
2390 3134 2482 3186 καὶ
2521 3131 2616 3202 τήν
2636 3131 2910 3202 ὑπεροχὴν
2948 3133 3040 3184 καὶ
3065 3130 3164 3202 τήν
3192 3130 3476 3184 κοινωνίαν
3519 3131 3620 3199 τὴν
3644 3129 3782 3199 πρὸς
3806 3126 3874 3181 σι

2287 3222 2485 3294 μάθῃς.
2510 3222 2619 3276 Καὶ
2651 3223 2840 3275 σκόπει
2867 3223 2965 3294 τὴν
3000 3224 3194 3293 σοφίαν
3240 3223 3350 3275 τῶν
3378 3222 3697 3292 γινομένων.
3731 3219 3870 3272 Οῦτε

2285 3314 2577 3386 ήὺπεροχή
2605 3313 2702 3386 τήν
2743 3315 3004 3386 ὁμοίωσιν
3053 3315 3147 3368 καὶ
3172 3314 3488 3382 συγγένειαν
3538 3313 3868 3382 ἐλυμήνατο,

2283 3409 2404 3462 οῦτε
2445 3411 2476 3477 ἡ
2509 3409 2645 3479 πρὸς
2675 3410 2820 3479 ἡμᾶς
2851 3409 3141 3478 συγγένεια
3176 3408 3273 3480 τὴν
3300 3405 3869 3480 ὑπεροχὴν-ἠμαύρω-

2286 3517 2397 3562 σεν,
2428 3499 2539 3552 ἀλλ’
2569 3501 2803 3570 ἑκάτερα
2836 3500 3111 3554 ἐδείκνυτο
3131 3500 3219 3552 διὰ
3245 3500 3353 3552 τῶν
3382 3497 3746 3570 πραγμάτων·
3775 3497 3870 3549 καὶ

2283 3593 2352 3645 τὰ
2384 3593 2482 3663 μὲν
2516 3591 2785 3662 ὁλόκληρα
2815 3589 2960 3663 εἶχεν
2995 3593 3259 3664 ήμέτερα,
3307 3591 3376 3644 τὰ
3407 3592 3462 3644 δέ
3491 3589 3872 3660 ἐνηλλαγμένα

2284 3684 2419 3755 πρὸς
2457 3685 2624 3754 ἡμᾶς.
2659 3683 2821 3748 Ἀλλ’,
2851 3685 2988 3756 ὅπερ
3033 3684 3238 3753 ἔλεγον,
3266 3684 3355 3738 διὰ
3382 3683 3538 3737 τοῦτο
3571 3685 3627 3736 αἰ
3658 3684 3870 3752 στεῖραι

2281 3771 2462 3840 αὗται,
2484 3777 2572 3828 ἵνα
2594 3775 2857 3848 πιστευθῇ
2906 3778 3006 3847 τῆς
3031 3775 3307 3847 Παρθένου
3337 3778 3364 3830 6
3392 3775 3570 3841 τόκος,
3604 3775 3690 3827 ἵνα
3725 3775 3866 3845 αῦτη

2281 3866 2665 3938 χειραγωγηθῇ
2694 3867 2832 3938 πρὸς
2862 3868 2963 3938 τὴν
2982 3868 3165 3921 πίστιν
3176 3867 3275 3938 τῆς
3297 3866 3627 3934 ἐπαγγελίας
3657 3865 3869 3934 καὶτῆς

2281 3955 2642 4025 ὑποσχέσεως.
2681 3957 2946 4009 ’Ἄκουσον
2976 3956 3086 4027 γάρ
3113 3957 3166 4009 τί
3198 3973 3360 4026 φησιν
3407 3959 3436 4009 6
3458 3954 3690 4023 ἄγγελος
3729 3955 3868 4023 πρὸς

2279 4043 2468 4112 αὑτήν.
2501 4041 2740 4112 Πνεῦμα
2765 4042 2937 4111 ἅγιον
2972 4044 3362 4098 ἐπελεύσεται
3398 4043 3496 4097 ἐπὶ
3526 4041 3621 4106 σὲ,
3644 4043 3743 4097 καὶ
3765 4041 3869 4095 δύ-

2279 4134 2763 4204 ναμιςὙψίστου
2791 4135 3137 4190 ἐπισκιάσει
3164 4151 3283 4190 σοι.
3313 4134 3493 4194 Οὕτω.
3517 4135 3702 4205 φησὶν,
3722 4135 3868 4204 ἔχεις

2277 4225 2477 4287 τεκεῖν,
2505 4223 2599 4276 καὶ
2614 4222 2713 4292 τῆς
2727 4222 3008 4292 ἐνεργείας
3031 4223 3124 4276 τοῦ
3146 4220 3284 4275 Πνεῦ
3294 4239 3460 4291 ματος
3475 4222 3536 4274 τὸ
3553 4224 3662 4275 πᾶν
3689 4221 3862 4275 ἔσται.

2277 4311 2370 4383 Μὴ
2401 4311 2578 4366 τοίνυν
2610 4312 2774 4382 βλέπε
2819 4311 2954 4383 πρὸς
2987 4311 3084 4382 τήν
3111 4313 3231 4383 γῆν’
3271 4312 3380 4365 ἀπὸ
3410 4312 3518 4365 τῶν
3551 4311 3800 4383 οὐρανῶν
3827 4313 3863 4381 ή

2277 4405 2526 4474 ἐνέργεια
2542 4402 2779 4474 ἔρχεται.
2822 4400 2927 4454 Τοῦ
2951 4401 3267 4472 Πνεύματός
3294 4402 3410 4454 ἐστι
3448 4402 3608 4472 χάρις
3631 4401 3692 4453 τὸ
3717 4401 3864 4470 γινό-

2282 4509 2459 4566 μενον·
2483 4491 2558 4564 μὴ
2577 4493 2725 4563 ζήτει
2755 4489 2971 4559 φύσεως
2997 4491 3336 4554 ἀκολουθίαν,
3378 4492 3450 4562 μή
3475 4491 3616 4544 κατά
3663 4493 3860 4562 νόμους

2279 4585 2372 4638 καὶ
2393 4585 2589 4655 γάμον.
2616 4583 2754 4636 Ἀλλ’
2783 4582 2969 4653 ἐπειδὴ
2991 4582 3212 4652 μείζονα
3235 4583 3408 4636 ταῦτα
3445 4578 3513 4653 ἦν
3549 4584 3766 4654 ἐκείνης
3791 4585 3858 4636 τὰ

2281 4673 2516 4742 ῥήματα,
2538 4669 2784 4740 βούλεται
2803 4668 2896 4720 καὶ
2915 4670 3106 4740 έτέραν
3120 4670 3147 4709 b
3169 4671 3308 4742 αὑτῇ
3327 4673 3628 4742 παρασχεῖν
3641 4673 3830 4726 ἀπόδει
3843 4703 3863 4713 -

2278 4759 2388 4825 ξιν.

2349 4883 2404 4934 7.
2436 4867 2506 4919 Σὺ
2527 4865 2584 4918 δέ
2617 4882 2706 4935 μοι
2727 4863 2938 4929 σκόπει,
2965 4864 3239 4934 ἀγαπητέ,
3271 4864 3387 4928 πῶς
3416 4867 3447 4935 ή
3483 4868 3668 4936 στεῖρα
3694 4868 3863 4937 αὑτήν

2277 4958 2609 5029 χειραγωγεῖ
2641 4955 2775 5025 πρὸς
2801 4954 2898 5025 τὴν
2923 4955 3104 5008 πίστιν
3147 4955 3239 5008 τοῦ
3273 4955 3454 5010 τόκου.
3492 4957 3713 5030 Ἐπειδὴ
3755 4961 3864 5029 γάρ

2277 5054 2308 5120 ή
2343 5049 2584 5120 προτέρα
2603 5046 2872 5110 ἀπόδειξις
2895 5047 3095 5116 μείζων
3118 5043 3184 5117 ἦν
3214 5047 3312 5113 τῆς
3341 5047 3581 5111 διανοίας
3606 5050 3707 5120 τῆς
3721 5069 3861 5122 παρ-

2278 5137 2452 5199 θένου,
2483 5136 2714 5188 ἄκουσον
2741 5133 2857 5196 πῶς
2873 5135 2966 5186 καὶ
2994 5135 3086 5186 ἐπὶ
3100 5133 3167 5187 τά
3190 5136 3550 5207 ταπεινότερα
3575 5140 3861 5207 κατήγαγε

2275 5225 2367 5278 τὸν
2383 5225 2560 5291 λόγον,
2595 5221 2684 5275 διά
2715 5221 2822 5275 τῶν
2852 5221 3124 5292 αἰσθητῶν
3141 5221 3314 5293 αὐτὴν
3345 5226 3724 5294 χειραγωγῶν.
3747 5229 3859 5281 Καὶ

2277 5316 2425 5380 ἰδοὺ,
2459 5313 2966 5384 φησ“ιν,Ἐλισάϐετ
3005 5315 3042 5379 ἡ
3073 5315 3377 5384 συγγενής
3400 5332 3538 5381 σου,
3565 5317 3664 5370 καί
3703 5322 3858 5390 αὑτὴ

2276 5405 2681 5473 συνειληφυῖα
2707 5403 2839 5458 υἱὸν
2866 5403 2937 5456 ἐν
2963 5401 3125 5472 γήρει
3151 5404 3340 5472 αὐτῆς
3359 5421 3371 5436 ·
3407 5408 3505 5460 καί
3534 5404 3717 5475 οὗτος
3731 5410 3862 5478 μὴν

2275 5497 2452 5566 ἕκτος
2490 5499 2660 5554 ἐστὶν
2696 5497 2852 5567 αὐτῇ
2887 5497 2961 5567 τῇ
2991 5499 3336 5569 καλουμένῃ
3371 5503 3598 5573 στείρᾳ.
3627 5507 3730 5560 Διά
3762 5507 3858 5578 τήν

2334 5744 2366 5816 ξ
2393 5747 2648 5816 ἰτῐ-οι-ει.“ει
2693 5748 2861 5800 Monlf.
2887 5750 2971 5808 τήν
3009 5752 3187 5816 ἑτέραν,
3210 5757 3369 5806 minus
3393 5763 3544 5809 recte.
3571 5757 3860 5812 Cor-rectum

2278 5820 2310 5858 ε
2334 5809 2535 5861 Savilio.
2560 5811 2693 5862 Enrr.
