4084 6356
316 386 426 443 ιιδ

318 502 362 557 si
391 517 502 555 non
526 499 705 556 statim
728 498 1022 554 audiamur.
1042 494 1306 551 Fortassis
1327 495 1471 549 enim
1498 494 1752 547 Dominus
1776 507 1906 547 con-

314 600 519 647 tinuam
564 602 803 646 nostram
852 589 1191 644 sedulitatem
1240 588 1511 656 sapienter
1538 600 1796 641 exercens
1836 587 1907 639 ita

317 683 696 752 procrastinat,
732 691 790 736 ut
819 680 1123 735 mercedem
1146 692 1357 749 quoque
1386 677 1655 746 patientia:
1682 676 1908 745 recipia-

316 790 436 829 mus
465 792 479 829 :
510 785 565 830 et
593 776 717 844 quia
746 774 859 843 ipse
892 784 1102 841 tempus
1130 773 1231 826 scit
1258 770 1469 840 quando
1490 770 1642 824 nobis
1673 770 1802 825 utile
1828 778 1911 825 est

311 871 528 940 assequi
580 871 721 940 quod
759 870 1066 939 quaerimus.
1105 868 1288 937 Neque
1316 868 1457 921 enim
1488 882 1585 921 nos
1608 868 1678 921 ita
1713 868 1909 922 scimus

312 964 443 1033 quid
484 963 637 1017 nobis
662 963 792 1018 utile
813 1004 826 1026 ,
860 971 917 1015 ut
948 963 1059 1031 ipse
1098 961 1376 1016 evidenter
1422 961 1586 1022 novit,
1618 960 1708 1030 qui
1746 960 1907 1014 etiam

312 1056 627 1111 abscondita
660 1056 853 1109 mentis
879 1065 1077 1108 nostrae
1106 1052 1397 1121 cognoscit.
1425 1051 1656 1105 Proinde
1680 1067 1775 1121 par
1802 1060 1904 1117 est,

318 1159 380 1201 ut
409 1148 540 1202 nihil
569 1147 831 1201 curiosius
851 1159 1170 1215 quazramus,
1199 1158 1370 1211 neque
1390 1152 1689 1197 scrutemur
1708 1157 1769 1196 ea
1791 1158 1909 1211 quae

312 1255 343 1291 a
381 1240 489 1293 Deo
517 1238 862 1308 providentur
890 1255 904 1290 :
932 1234 1027 1290 sed
1056 1233 1193 1303 grati
1218 1232 1502 1287 admodum
1532 1233 1720 1295 simus,
1749 1240 1803 1286 et
1823 1232 1912 1285 ad-

324 1330 858 1398 miremurjustorum
877 1328 1120 1381 virtutes.
1144 1325 1275 1379 Nam
1304 1333 1581 1393 postquam
1604 1323 1734 1377 dixit
1755 1321 1911 1377 nobis

309 1422 493 1475 divina
520 1420 793 1488 Scriptura
812 1459 826 1480 ,
856 1430 986 1487 quot
1019 1430 1283 1470 annorum
1314 1414 1473 1468 fuerit
1499 1413 1643 1468 lsaae
1662 1454 1678 1480 ,
1701 1413 1829 1468 dicit
1857 1422 1912 1469 et

308 1515 384 1567 de
414 1513 653 1568 Rebecca
683 1526 850 1565 uxore
878 1510 1026 1580 ejus,
1062 1508 1206 1579 quod
1232 1507 1429 1562 sterilis
1456 1515 1590 1561 erat.
1622 1505 1776 1572 Vide,
1809 1506 1910 1560 ob-

316 1618 495 1667 secro,
521 1603 652 1671 justi
692 1601 996 1670 religiosam
1033 1608 1289 1653 mentem.
1321 1596 1581 1663 Quoniam
1610 1596 1753 1650 enim
1780 1595 1911 1650 vidit

316 1703 563 1748 naturam
583 1691 999 1757 claudicantem,
1028 1689 1094 1744 ad
1123 1698 1325 1743 natura:
1348 1687 1693 1743 Conditorem
1721 1687 1909 1742 confu-

317 1787 413 1855 git,
432 1792 498 1846 et
518 1784 727 1839 vincula
753 1792 960 1838 natura:
990 1781 1234 1851 precibus
1257 1781 1466 1835 solvere
1493 1778 1781 1834 festinavit.
1813 1778 1909 1833 2i.

317 1876 633 1945 Deprecatus
660 1875 791 1928 enim
821 1883 913 1938 est,
944 1873 1133 1941 inquit,
1162 1869 1315 1925 Isaac
1334 1887 1486 1940 super
1506 1868 1730 1923 Rebecca
1755 1885 1913 1923 uxore

317 1984 433 2031 sua,
455 1967 575 2037 quia
595 1964 778 2018 sterilis
803 1973 929 2017 erat.
963 1962 1138 2018 Unum
1167 1962 1269 2015 hoc
1296 1962 1347 2015 in
1378 1960 1562 2031 primis
1588 1974 1765 2029 Operae
1791 1974 1913 2030 pre-

318 2062 449 2115 tium
482 2070 541 2113 ut
578 2072 912 2127 quaeramus,
946 2070 1113 2125 quare
1135 2094 1150 2119 ,
1194 2069 1317 2109 cum
1366 2061 1421 2108 et
1444 2053 1579 2123 ipsa,
1610 2063 1663 2107 et
1688 2053 1771 2106 vir
1796 2053 1912 2120 ejus

317 2152 443 2204 vitae
475 2148 931 2211 fuerinteximite,
976 2155 1032 2201 et
1057 2145 1216 2201 ambo
1263 2145 1605 2199 continentize
1650 2144 1907 2209 studiosi,

317 2240 521 2295 sterilis
546 2239 688 2293 fuit?
712 2237 826 2293 Non
858 2250 1142 2306 possumus
1180 2249 1403 2304 carpere
1431 2250 1616 2289 eorum
1646 2235 1831 2298 vitam,
1859 2241 1915 2287 et

310 2330 498 2385 dicere
513 2329 845 2383 sterilitatem
863 2327 1007 2382 illam
1026 2336 1367 2396 peccatorum
1391 2339 1550 2379 causa
1572 2324 1911 2378 immissam‘.

318 2420 391 2474 Et
415 2427 472 2473 ut
495 2420 670 2474 discas
694 2433 809 2473 rem
838 2420 1052 2484 miram,
1080 2430 1187 2471 non
1215 2416 1387 2470 solum
1424 2415 1539 2484 ipsa
1566 2415 1764 2470 sterilis
1791 2414 1910 2481 fuit,

314 2510 419 2565 sed
441 2517 497 2564 et
524 2518 696 2563 mater
721 2508 846 2577 justi
871 2508 1032 2563 Sarra
1056 2522 1075 2560 τ
1100 2521 1274 2576 neque
1300 2516 1472 2560 mater
1510 2505 1624 2575 ejus
1654 2506 1787 2571 sola,
1815 2504 1913 2560 sed

310 2610 374 2657 et
402 2618 568 2656 nurus
590 2644 604 2665 ,
632 2600 834 2656 Rachel
871 2615 1004 2655 uxor
1038 2598 1242 2653 Jacobi.
1274 2597 1409 2665 Quid
1434 2597 1534 2652 sibi
1562 2596 1673 2651 vult
1699 2596 1787 2651 ille
1815 2604 1915 2652 ste-

321 2694 502 2748 rilium
542 2693 779 2748 chorus?
808 2692 1007 2747 Omnes
1032 2690 1193 2762 justi,
1222 2706 1410 2745 omnes
1436 2690 1636 2745 virtute
1667 2689 1873 2759 prmditi
1894 2729 1911 2755 ,

313 2802 563 2842 omnesa
607 2787 716 2841 Deo
744 2785 1110 2841 testimonium
1158 2783 1437 2838 habentes.
1490 2782 1625 2838 Nam
1670 2782 1738 2837 de
1784 2781 1916 2852 ipsis

311 2880 566 2935 dicebat:
601 2878 713 2950 Ego
752 2896 862 2933 sum
889 2877 1027 2933 Deus
1053 2877 1311 2931 Abraham
1333 2918 1349 2943 ,
1386 2875 1525 2930 Deus
1568 2874 1742 2942 Isaac,
1776 2874 1916 2929 Deus

323 2971 487 3024 Jacob
531 2970 725 3041 (Exod.
754 2971 809 3025 5.
852 2968 933 3040 6).
962 2969 1155 3023 Beatus
1194 2978 1371 3022 autem
1404 2967 1599 3022 Paulus
1628 2967 1704 3020 ait
1741 2982 1756 3020 :
1790 2964 1916 3019 Ideo

315 3080 423 3117 non
456 3064 787 3133 confunditur
811 3060 982 3125 Deus,
1019 3070 1075 3113 ut
1103 3071 1304 3113 vocetur
1338 3075 1513 3114 eorum
1552 3057 1691 3111 Deus
1730 3055 1912 3128 (Hebr.

318 3154 559 3225 11.16).
608 3155 784 3209 Multa:
828 3156 1063 3223 ipsorum
1108 3153 1291 3207 laudes
1330 3153 1382 3206 in
1417 3147 1589 3215 Novo,
1633 3150 1815 3204 multa:
1860 3151 1915 3202 in

321 3247 527 3301 Veteri.
564 3246 807 3316 Undique
847 3246 976 3300 clari
1011 3254 1065 3299 et
1104 3244 1349 3311 nobiles,
1381 3252 1435 3298 et
1477 3256 1667 3296 omnes
1706 3240 1916 3296 steriles

315 3339 623 3394 habuerunt
636 3337 1131 3408 uxores,multoque
1145 3345 1385 3405 tempore
1403 3342 1690 3389 caruerunt
1706 3332 1913 3387 liberis.

394 3435 455 3486 2.
500 3430 721 3501 I’rOpter
753 3447 932 3485 causas
960 3446 1176 3484 arcanas
1203 3428 1562 3500 fecunditatem
1591 3427 1742 3480 etiam
1752 3425 1912 3496 justis

323 3535 480 3597 negat
506 3526 686 3593 Deus;
726 3525 1009 3597 fecunditas
1037 3523 1283 3579 sterilium
1322 3530 1523 3592 partum
1561 3520 1772 3591 uirginis
1798 3535 1916 3589 pro-

316 3617 758 3685 bat.-—-Quandu
785 3618 946 3687 igitur
980 3615 1175 3671 videris
1216 3614 1388 3669 virum
1418 3621 1469 3667 et
1499 3611 1779 3667 mulierem
1804 3610 1917 3664 vir-

324 3709 423 3762 tuti
469 3709 702 3776 deditos,
746 3724 932 3764 carere
977 3707 1150 3778 prole,
1198 3704 1413 3776 quando
1458 3704 1655 3758 videris
1701 3702 1817 3771 pios
1862 3710 1917 3756 et

318 3799 600 3870 religionis
624 3800 889 3855 Studiosos
911 3814 1016 3853 non
1044 3798 1241 3853 habere
1264 3797 1479 3859 liberos,
1502 3811 1571 3850 ne
1589 3794 1790 3849 tribuas
1815 3792 1919 3849 hoc

324 3892 581 3960 peccatis.
631 3892 809 3946 Multae
837 3892 979 3946 enim
1026 3890 1221 3945 divinae
1247 3887 1658 3958 dispensationis
1684 3886 1919 3941 rationes

319 3982 481 4038 nobis
518 3990 645 4038 sunt
699 3996 929 4047 arcanae,
984 3989 1040 4036 et
1090 3995 1188 4051 pro
1234 3978 1481 4033 omnibus
1518 3978 1717 4048 gratias
1758 3991 1918 4047 agere

316 4082 556 4143 oportet,
586 4089 649 4128 ac
674 4074 820 4129 solos
850 4074 968 4127 illos
997 4073 1225 4126 miseros
1250 4070 1449 4134 dicere,
1482 4068 1571 4139 qui
1617 4069 1671 4122 in
1695 4080 1918 4139 peccato

320 4168 527 4229 vivunt,
556 4180 660 4220 non
682 4180 787 4220 eo.
819 4165 1010 4235 quibus
1036 4163 1126 4218 iilii
1175 4162 1387 4217 desunt.
1435 4160 1641 4230 Quippe
1666 4173 1916 4229 saepenu-

321 4272 481 4312 mero
504 4257 667 4312 multa
698 4257 837 4312 Deus
866 4256 1066 4311 utiliter
1110 4255 1403 4323 dispensat,
1423 4268 1647 4323 quorutn
1676 4267 1773 4307 nos
1792 4266 1921 4307 cau-

321 4364 439 4403 sam
470 4349 760 4403 neseimus.
794 4348 1091 4417 Eapropter
1112 4347 1164 4400 in
1193 4345 1438 4399 omnibus
1459 4344 1770 4413 sapientiam
1801 4343 1919 4411 ejus

320 4439 579 4494 admirari
608 4448 839 4508 oportet,
879 4453 941 4492 ac
984 4438 1285 4508 gloriﬁcare
1330 4434 1650 4490 ineffabilem
1701 4434 1917 4488 miseri-

321 4532 587 4588 cordiam.
615 4531 722 4587 Sed
743 4536 856 4585 haec
884 4530 1097 4599 quidem
1124 4529 1191 4582 ad
1211 4529 1489 4583 utilitatem
1517 4536 1749 4581 vestram
1775 4526 1916 4581 dicta

322 4634 473 4688 sunt,
498 4624 619 4678 ideo
646 4634 702 4677 ut
726 4622 1012 4677 admodum
1030 4628 1235 4692 gratam
1251 4619 1580 4674 voluntatem
1597 4617 1913 4683 exhibeatis,

324 4729 503 4784 neque
531 4714 600 4768 de
638 4712 1038 4783 dispensatione
1077 4711 1255 4765 divina
1286 4709 1499 4764 curiose
1527 4707 1869 4763 sciscitemini
1900 4723 1915 4761 :

323 4820 543 4860 causam
590 4814 772 4859 tamen
821 4804 1064 4859 dicamus
1096 4814 1314 4873 propter
1354 4817 1513 4871 quam
1542 4800 1791 4855 mulieres
1816 4800 1921 4854 illa:

322 4898 541 4952 steriles
585 4896 756 4951 fuere.
797 4897 1053 4964 Quzenam
1101 4896 1262 4965 igitur
1311 4903 1395 4950 est
1440 4893 1639 4949 causa?
1679 4892 1750 4949 Ut
1798 4908 1919 4947 cum

325 4989 528 5043 \ideris
571 4990 830 5058 virginem
878 4996 1118 5042 nostrum
1148 5001 1486 5041 communem
1518 4985 1800 5040 Dominum
1829 5001 1923 5055 pa-

324 5083 579 5148 rientem,
619 5098 688 5136 ne
735 5082 810 5136 sis
850 5081 1177 5136 incredulus.
1218 5081 1421 5136 Exerce
1466 5082 1610 5135 enim
1660 5079 1748 5133 hic
1802 5088 1923 5135 tuos

323 5191 539 5241 sensus,
566 5175 754 5245 inquit,
771 5155 837 5229 .in
868 5175 1024 5228 vulva
1050 5173 1335 5238 sterilium,
1382 5180 1461 5237 ut,
1508 5187 1630 5227 cum
1662 5171 1917 5227 didiceris

326 5270 546 5338 ligatam
572 5278 627 5323 et
659 5280 956 5323 emortuam
989 5267 1198 5321 vulvam
1220 5266 1400 5321 divina
1444 5267 1642 5320 virtute
1678 5264 1745 5319 ad
1797 5279 1922 5335 pro-

324 5360 656 5415 creationem
679 5358 895 5428 aperiri,
920 5357 1042 5414 inde
1061 5358 1293 5428 copiosis
1320 5356 1649 5427 argumentis
1664 5355 1918 5426 acceptis,
1945 5350 1958 5363 ’

393 5478 410 5507 ¹
446 5474 585 5525 savii.
613 5482 667 5525 et
688 5486 817 5522 unus
839 5474 996 5524 codex
1020 5474 1092 5523 sic
1128 5472 1341 5522 efferunt
1373 5471 1507 5520 hunc
1522 5468 1683 5519 locum
1709 5483 1721 5518 :
1768 5476 1923 5518 Unum

524 5550 695 5607 quare,
720 5549 831 5607 eum
846 5536 1019 5647 et
1037 5542 1083 5586 et
1102 5535 1174 5585 vir
1196 5536 1301 5595 ejus
1317 5533 1427 5584 vitm
1449 5533 1628 5604 fuerint
1646 5530 1857 5588 eximite,
1875 5537 1922 5580 et

330 5599 475 5647 ambo
496 5604 799 5647 continentia:
818 5604 893 5647 stu
931 5611 1037 5647 ιοδι.
1054 5604 1100 5647 et
1123 5610 1234 5647 cum
1255 5609 1348 5645 non
1369 5607 1602 5647 possimus
1624 5605 1825 5647 carpere
1841 5605 1921 5641 eo-

330 5599 475 5648 ambo
496 5599 799 5648 centinentite
818 5599 1037 5657 studiosi,
1054 5604 1100 5648 et
1123 5610 1234 5647 cum
1255 5609 1348 5645 non
1369 5599 1602 5658 possimus
1624 5605 1825 5656 carpere
1841 5605 1921 5641 eo-

327 5674 443 5710 rum
465 5660 938 5731 vitamtnecheorunt.
948 5654 1159 5731 peccatis
1194 5654 1497 5731 sterilitatem
1519 5654 1746 5731 tribuere,
1772 5666 1923 5731 quare
1982 5698 1991 5709 ,

328 5731 492 5773 tamen
512 5720 597 5771 illa
616 5716 767 5781 fuerit
803 5716 982 5772 sterilis
1000 5719 1025 5771 ?
1044 5728 1177 5770 Hunc
1199 5733 1320 5769 vero
1342 5719 1598 5781 locum,‘ut
1620 5716 1829 5781 videtur,
1857 5727 1920 5763 ex

328 5784 422 5835 hac
440 5777 662 5845 rhomilia
672 5790 959 5845 excerptum
980 5784 1136 5834 habes
1153 5791 1301 5833 Temo
1336 5788 1408 5842 Ill,
1450 5782 1501 5830 in
1522 5777 1712 5829 homan
1736 5784 1803 5829 De
1828 5790 1923 5828 non

331 5844 622 5910 evulgandis
642 5843 844 5896 fratrum
867 5846 1094 5908 peccatis.

1350 376 1423 431 1N
1460 374 1614 431 CAP.
1656 373 1820 428 XXV.
1853 373 2098 429 CENES.
2144 372 2368 430 HOMIL.
2412 373 2598 430 XLIX.

3488 379 3595 437 446

2020 510 2126 548 non
2192 494 2469 549 admireris
2511 494 2731 550 audiens
2793 495 3047 566 virginem
3099 499 3365 569 peperisse
3414 517 3428 554 :
3487 502 3595 557 imo

2012 586 2279 641 admirare
2300 596 2355 641 et
2392 586 2728 657 obstupesce,
2769 588 2862 643 sed
2889 604 2956 643 ne
2990 590 3065 644 sis
3106 591 3409 646 incredulus
3434 593 3596 647 mira-

2013 679 2155 736 culo.
2186 676 2408 744 Quando
2436 680 2591 748 igitur
2617 681 2709 734 tibi
2741 680 2866 735 dicit
2902 681 3139 749 Judwus,
3166 683 3449 749 Quomodo
3503 702 3591 755 pe-

2012 773 2150 840 perit
2196 773 2379 841 virgo?
2431 774 2517 828 dic
2565 774 2614 829 ei
2666 792 2679 829 :
2726 775 3004 841 Quomodo
3057 779 3259 845 peperit
3295 778 3490 832 sterilis
3540 788 3595 833 et

2012 864 2234 918 vetula?
2265 866 2376 919 Duo
2398 865 2775 935 impedimenta
2813 876 2935 921 tunc
2967 878 3139 933 erant,
3167 878 3221 923 et
3248 879 3375 923 tetas
3407 871 3595 923 intem.

2014 955 2239 1022 pestiva,
2278 964 2333 1009 et
2379 964 2565 1009 natura
2613 957 2836 1011 vitiata:
2872 958 2924 1011 in
2970 959 3170 1023 virgine
3205 968 3379 1013 autem
3432 976 3594 1015 unum

2014 1042 2448 1112 impedimentum
2481 1045 2593 1112 fuit,
2623 1047 2764 1116 quod
2808 1063 2911 1103 non
2941 1060 3084 1104 esset
3110 1052 3370 1121 particeps
3400 1068 3597 1107 concu-

2014 1138 2178 1193 bitus.
2210 1140 2416 1195 Sterilis
2443 1140 2603 1209 igitur
2629 1141 2737 1211 jam
2781 1142 2917 1197 viam
2972 1153 3122 1212 parat
3169 1146 3377 1215 virgini.
3430 1148 3496 1200 Et
3540 1159 3598 1202 nt

2015 1231 2152 1284 scias
2211 1241 2427 1300 propter
2473 1231 2575 1287 hoc
2615 1235 2827 1289 steriles
2866 1236 3010 1303 prius
3051 1235 3235 1302 fuisse,
3267 1250 3322 1292 ut
3348 1240 3598 1294 credatur

2012 1321 2330 1390 virginitatis
2375 1332 2555 1390 partus
2582 1339 2596 1377 :
2628 1323 2751 1377 audi
2779 1326 2936 1378 verba
2958 1323 3221 1378 Gabrielis
3241 1327 3308 1380 ad
3326 1324 3594 1395 Virginem

2015 1414 2176 1469 dicta.
2218 1414 2502 1485 Postquam
2554 1416 2695 1470 enim
2751 1418 2896 1470 venit
2944 1425 2998 1470 et
3052 1416 3202 1481 dixit,
3254 1415 3516 1488 Concipies
3547 1420 3601 1472 in

2014 1516 2156 1558 utero
2179 1548 2194 1572 ,
2239 1514 2286 1558 et
2337 1508 2503 1574 paries
2536 1506 2702 1571 ﬁlium
2721 1549 2734 1571 ,
2765 1517 2811 1561 et
2848 1506 3048 1562 vocabis
3074 1526 3254 1562 nomen
3282 1510 3390 1578 ejus
3417 1509 3600 1562 Iesum

2016 1596 2164 1666 (Luc.
2197 1597 2248 1650 1.
2276 1597 2367 1668 51)
2401 1614 2414 1650 :
2444 1596 2803 1667 obstupefacta
2834 1607 2985 1652 estet
3015 1598 3291 1665 admirata,
3323 1599 3593 1669 dixitque:

2018 1689 2281 1758 Quomodo
2300 1690 2393 1743 erit
2414 1690 2535 1742 mihi
2556 1688 2693 1744 istud
2709 1731 2721 1753 ,
2755 1692 2873 1758 quia
2892 1691 3057 1744 virum
3088 1708 3185 1745 non
3219 1707 3464 1762 cognosco
3488 1689 3537 1764 (Ι
3547 1693 3597 1744 b.

2015 1797 2064 1834 υ.
2092 1780 2181 1850 54)
2206 1781 2229 1834 ?
2254 1780 2391 1849 Quid
2425 1781 2584 1851 igitur
2611 1783 2870 1851 angelus?
2895 1782 3119 1852 Spiritus
3143 1794 3346 1836 sanctus
3370 1798 3599 1848 superae.

2015 1871 2116 1925 niet
2136 1888 2288 1942 super
2308 1883 2375 1938 te,
2398 1868 3216 1927 etvirtusAltissimiobumbrabit
3242 1872 3330 1925 tibi
3362 1871 3523 1943 (Ibid.
3550 1888 3599 1925 υ.

2014 1962 2129 2031 55).
2158 1962 2233 2016 Ne
2265 1978 2494 2033 quaeras,
2527 1963 2728 2033 inquit,
2762 1972 2965 2017 natura:
2999 1962 3212 2016 modum
3240 1972 3294 2019 et
3323 1962 3597 2027 ordinem,

2015 2053 2229 2123 quando
2275 2069 2436 2123 super
2481 2068 2721 2108 naturam
2766 2063 2889 2108 sunt
2928 2069 3048 2122 qua:
3078 2054 3245 2117 fiunt;
3280 2068 3347 2108 ne
3391 2064 3600 2124 spectes

2015 2145 2133 2213 conj
2143 2145 2242 2214 ugii
2255 2144 2483 2205 dolores,
2499 2144 2710 2214 quando
2725 2144 2895 2212 major
2906 2160 3061 2214 quam
3076 2145 3125 2198 in
3140 2144 3336 2213 nuptiis
3349 2145 3600 2199 natalium

2016 2237 2207 2293 modus
2234 2238 2355 2293 erit.
2380 2237 2444 2290 Et
2466 2238 2715 2306 quomodo
2745 2237 2829 2306 ﬁet
2855 2238 3010 2302 istud,
3042 2237 3229 2307 inquit,
3260 2238 3498 2309 quoniam
3525 2238 3601 2289 vi-

2014 2343 2131 2379 rum
2159 2343 2259 2380 non
2291 2344 2535 2397 cognosco
2556 2328 2582 2381 ?
2603 2327 2742 2382 Sane
2775 2338 2990 2396 propter
3036 2327 3137 2382 hoc
3165 2328 3265 2381 erit
3285 2369 3298 2391 ,
3350 2327 3600 2397 quoniam

2017 2418 2188 2472 virum
2218 2433 2322 2472 non
2344 2419 2640 2489 cognoscis.
2672 2418 2803 2472 Nam
2831 2419 2875 2472 si
2905 2432 3254 2488 cognosceres
3280 2419 3471 2482 virum,
3495 2435 3602 2472 non

2018 2510 2209 2565 fuisses
2236 2510 2411 2565 habita
2453 2511 2608 2580 digna
2648 2521 2704 2565 ut
2744 2510 2867 2565 huic
2892 2510 3188 2565 ministerio
3213 2511 3462 2565 servires.
3495 2510 3602 2565 lla-

2017 2616 2122 2670 que
2144 2617 2204 2655 ea
2234 2602 2302 2657 de
2329 2618 2509 2667 causa,
2538 2618 2640 2672 qua
2667 2602 2899 2669 dubitas,
2925 2618 2984 2657 ea
3010 2602 3118 2671 ipsa
3144 2602 3212 2657 de
3237 2618 3395 2658 causa
3421 2602 3603 2660 crede.

2017 2692 2133 2747 Non
2160 2693 2279 2762 quia
2307 2694 2504 2748 malum
2540 2694 2771 2763 nuptiat,
2797 2694 2892 2749 sed
2921 2694 3043 2764 quia
3073 2694 3263 2749 melior
3296 2694 3601 2764 virginitas;

2017 2784 2159 2839 hunc
2177 2794 2354 2839 autem
2383 2785 2679 2854 ingressum
2706 2785 2876 2839 nostri
2898 2785 3134 2839 omnium
3164 2786 3375 2840 Domini
3398 2786 3605 2854 dignio-

2018 2894 2132 2934 rem
2162 2894 2282 2933 esse
2324 2887 2551 2947 oportet,
2583 2893 2739 2948 quam
2782 2891 3022 2933 nostrunt
3051 2896 3065 2931 :
3100 2878 3293 2948 Regius
3320 2880 3462 2933 enim
3509 2879 3605 2933 fuit

2020 2970 2287 3025 introitus.
2317 2969 2607 3041 Oportebat
2647 2978 2702 3023 et
2738 2984 3075 3023 communem
3115 2984 3235 3023 eum
3271 2978 3455 3023 nostro
3491 2969 3607 3037 ejus

2019 3078 2141 3117 esse
2169 3072 2345 3116 ortum
2367 3102 2382 3127 ,
2412 3072 2466 3116 et
2507 3061 2773 3115 diversum
2800 3076 2831 3114 a
2861 3072 3064 3125 nostro,
3097 3071 3152 3115 et
3177 3070 3458 3131 utrumque
3484 3076 3607 3115 eve-

2019 3156 2114 3210 nit.
2150 3155 2217 3209 Et
2263 3154 2530 3224 quomodo
2578 3154 2723 3208 audi.
2766 3153 2899 3207 Nam
2929 3153 2996 3208 de
3025 3164 3177 3207 utero
3216 3153 3463 3222 prodire,
3504 3151 3608 3208 hoc

2019 3264 2301 3305 commune
2345 3249 2617 3303 nobiseum
2647 3256 2728 3302 est
2752 3265 2765 3301 :
2794 3247 2994 3317 absque
3023 3246 3242 3316 unptiali
3271 3256 3445 3300 autem
3478 3260 3609 3300 con-

2018 3356 2204 3412 gressu
2227 3341 2394 3407 nasci,
2418 3356 2579 3410 supra
2604 3350 2840 3394 nostram
2866 3348 2949 3395 est
2971 3340 3251 3410 originem.
3274 3339 3495 3394 Uterum
3517 3353 3610 3409 ge-

2020 3441 2167 3488 stare
2197 3443 2267 3498 te,
2300 3433 2352 3488 id
2381 3444 2585 3487 natura}
2610 3443 2691 3487 est
2713 3433 2991 3497 humanae;
3032 3432 3147 3487 sine
3172 3447 3461 3502 congressu
3494 3440 3610 3486 nte-

2020 3542 2137 3582 rum
2166 3537 2395 3596 gestare,
2419 3525 2470 3580 id
2502 3534 2684 3579 natura
2716 3525 2941 3578 humana
2967 3524 3242 3579 sublimius
3273 3541 3285 3575 :
3318 3532 3445 3579 utet
3473 3539 3611 3593 prae—

2021 3618 2270 3673 stantiam
2291 3626 2346 3673 et
2360 3616 2789 3671 communionem
2812 3629 2969 3685 quam
2998 3622 3170 3669 tecum
3194 3614 3355 3668 habet
3379 3613 3607 3668 ediscas.

2019 3709 2313 3764 Considera
2341 3717 2521 3762 autem
2550 3717 2746 3776 quanta
2776 3706 3033 3775 sapientia
3057 3705 3171 3760 haec
3202 3706 3336 3759 facta
3365 3706 3491 3769 sint,
3524 3721 3610 3759 ne-

2020 3816 2124 3872 que
2152 3800 2438 3855 eminentia
2465 3798 2634 3854 obfuit
2659 3796 2990 3853 similitudini
3027 3805 3082 3851 et
3102 3795 3343 3849 afiitiitati
3365 3796 3481 3866 ejus
3508 3811 3611 3850 no-

2022 3893 2249 3959 biseum,
2273 3907 2446 3961 neque
2477 3900 2655 3945 nostra
2684 3889 2913 3945 affinitas
2942 3897 2997 3944 et
3034 3888 3327 3944 similitudo
3365 3889 3481 3959 ejus
3509 3887 3609 3942 ob-

2022 3987 2249 4041 seuravit
2272 3985 2642 4041 excellentiam
2667 4000 2681 4048 ;
2710 3982 2801 4037 sed
2832 3982 3084 4052 operibus
3112 3989 3397 4050 utrumque
3424 3989 3607 4035 osten-

2020 4096 2139 4137 sum
2169 4087 2288 4134 est:
2321 4079 2532 4148 aliaque
2561 4076 2795 4146 perfecte
2822 4074 2975 4131 nobis
2996 4075 3186 4128 similia
3219 4074 3424 4140 habuit,
3451 4074 3552 4128 alia
3579 4088 3610 4127 a

2022 4163 2177 4218 nobis
2216 4164 2447 4217 diversa.
2482 4161 2710 4227 Verum,
2750 4168 2806 4213 ut
2831 4159 2976 4223 dixi,
3021 4164 3237 4228 propter
3279 4158 3381 4213 hoc
3404 4157 3613 4213 steriles

2022 4254 2235 4309 fuerunt
2263 4254 2398 4319 istic,
2424 4261 2479 4307 ut
2506 4251 2818 4307 crederetur
2843 4250 3160 4319 virginitatis
3185 4260 3389 4319 partus,
3415 4258 3472 4302 ut
3498 4248 3611 4318 ipsa

2023 4348 2365 4402 induceretur
2392 4346 2457 4400 ad
2502 4345 2660 4399 iidem
2704 4343 3094 4414 promissionis.
3127 4342 3263 4396 Audi
3313 4340 3453 4397 enim
3484 4341 3611 4411 quid

2024 4442 2152 4497 dicit
2180 4442 2399 4511 angelus
2429 4439 2522 4494 Dei
2565 4455 2579 4491 :
2615 4438 2840 4508 Spiritus
2876 4448 3079 4490 sanctus
3103 4436 3261 4489 veniet
3289 4452 3438 4504 super
3467 4443 3531 4499 te,
3563 4442 3615 4487 et

2022 4535 2179 4589 virtus
2206 4534 2453 4589 Altissimi
2488 4530 2798 4587 obumbrabit
2823 4529 2910 4582 tibi
2931 4530 2950 4597 (
2972 4526 3225 4597 Ibidem).
3256 4525 3345 4581 Sic
3364 4567 3378 4589 ,
3408 4524 3612 4594 inquit,

2022 4629 2223 4698 poteris
2244 4640 2449 4695 parere.
2472 4624 2663 4679 Totum
2684 4622 2991 4692 Operatione
3014 4620 3242 4690 Spiritus
3263 4617 3387 4673 erit.
3409 4617 3486 4671 Ne
3515 4616 3615 4685 igi-

2026 4732 2112 4775 tur
2137 4726 2347 4789 spectes
2372 4719 2423 4772 in
2456 4727 2674 4781 terram,
2701 4731 2733 4770 e
2758 4714 2908 4769 caelis
2931 4713 3171 4782 Operatio
3197 4711 3359 4765 venit.
3386 4710 3618 4780 Spiritus

2023 4813 2208 4883 gratia:
2250 4819 2334 4866 est
2379 4808 2521 4879 quod
2566 4808 2651 4870 ﬁt,
2684 4822 2751 4860 ne
2779 4819 2989 4875 quaaras
3012 4812 3217 4857 naturae
3262 4800 3515 4863 modum,
3552 4815 3619 4853 ne

2026 4905 2318 4961 secundum
2343 4904 2643 4973 nuptiarum
2666 4900 2813 4968 leges
2831 4898 3114 4967 intelligas.
3140 4895 3335 4950 Verum
3363 4892 3615 4963 quoniam

2027 4998 2229 5066 majora
2257 5005 2380 5051 sunt
2418 4995 2579 5050 verba
2611 4994 2744 5060 haec,
2769 5007 2927 5063 quam
2960 5001 3014 5045 ut
3042 4990 3130 5043 illa
3158 4995 3391 5058 caperet,
3422 4984 3533 5039 vult
3561 4993 3613 5037 et

2025 5091 2183 5145 aliam
2213 5089 2259 5144 ei
2286 5089 2522 5159 pratbere
2546 5084 3077 5140 demonstrationem.

2097 5183 2148 5237 5.
2191 5180 2272 5236 Tu
2304 5189 2519 5245 autem,
2568 5177 2794 5243 dilecte,
2843 5172 3058 5228 attende
3107 5169 3373 5241 quomodo
3418 5166 3616 5221 sterilis

2028 5275 2183 5330 istam
2207 5271 2525 5326 manuducat
2553 5268 2619 5324 ad
2649 5267 2808 5323 fidem
2837 5274 3040 5335 partus.
3068 5261 3328 5330 Quoniam
3359 5260 3504 5328 prior
3523 5258 3616 5312 de-

2028 5364 2344 5419 monstratio
2383 5360 2550 5430 major
2575 5367 2690 5414 erat
2714 5357 3032 5426 cogitatione
3061 5351 3298 5420 virginis,
3326 5350 3445 5403 audi
3478 5364 3612 5417 qno-

2031 5454 2188 5509 modo
2212 5462 2266 5509 et
2288 5435 2624 5520 humilitirem
2651 5461 2953 5503 sermonem
2981 5442 3189 5507 alierat,
3222 5457 3317 5510 per
3344 5440 3615 5495 sensibilia

2029 5547 2197 5617 ipsam
2222 5543 2608 5600 manuducens.
2637 5538 2705 5593 Et
2732 5555 2860 5602 ecce,
2891 5535 3081 5605 inquit,
3111 5531 3374 5587 Etisabeth
3400 5541 3615 5602 cognata

2029 5650 2117 5693 tua
2142 5646 2189 5692 et
2208 5638 2319 5709 ipsa
2339 5635 2561 5705 concepit
2581 5633 2745 5702 ﬁlium
2767 5631 2820 5684 in
2845 5636 3092 5683 senectute
3114 5642 3208 5679 sua
3238 5639 3258 5678 :
3291 5633 3337 5677 et
3361 5624 3442 5677 hic
3467 5639 3611 5676 men-

2027 5731 2098 5785 sis
2117 5740 2289 5787 sextus
2316 5737 2391 5783 est
2416 5728 2461 5782 ei
2480 5742 2592 5797 qua:
2613 5731 2819 5778 vocatur
2843 5719 3027 5775 sterilis
3053 5717 3203 5786 (Luc.
3231 5718 3282 5772 i.
3309 5715 3424 5784 36).
3455 5715 3614 5769 Vides

2031 5835 2091 5882 ut
2112 5825 2310 5882 sterilis
2337 5831 2556 5895 propter
2585 5817 2840 5890 virginem
2885 5815 2937 5870 in
2977 5812 3213 5869 medium
3251 5811 3319 5866 sit
3345 5804 3612 5859 adducta?
